  <div class='ocr_page' id='page_1' title='image "/cluster/home/n/w/nwhite01/storage/ocr_20150623/102:no.2/coo.31924054870062/174.png"; bbox 0 0 3886 6430; ppageno 0'>
   <div class='ocr_carea' id='block_1_1' title="bbox 303 404 417 473">
    <p class='ocr_par' dir='ltr' id='par_1_1' title="bbox 303 404 417 473">
     <span class='ocr_line' id='line_1_1' title="bbox 303 404 417 473; baseline -0.035 0"><span class='ocrx_word' id='word_1_1' title='bbox 303 404 417 473; x_wconf 71' lang='lat'>321</span> 
     </span>
    </p>
   </div>
   <div class='ocr_carea' id='block_1_2' title="bbox 1375 392 2518 464">
    <p class='ocr_par' dir='ltr' id='par_1_2' title="bbox 1375 392 2518 464">
     <span class='ocr_line' id='line_1_2' title="bbox 1375 392 2518 464; baseline -0.003 0"><span class='ocrx_word' id='word_1_2' title='bbox 1375 402 1476 464; x_wconf 90' lang='lat' dir='ltr'><strong>DE</strong></span> <span class='ocrx_word' id='word_1_3' title='bbox 1515 400 1578 461; x_wconf 92' lang='lat' dir='ltr'><strong>S.</strong></span> <span class='ocrx_word' id='word_1_4' title='bbox 1615 393 1976 460; x_wconf 81' lang='lat' dir='ltr'>SPIRITUS</span> <span class='ocrx_word' id='word_1_5' title='bbox 2014 392 2518 461; x_wconf 83' lang='lat' dir='ltr'>MYSTAGOGIA.</span> 
     </span>
    </p>
   </div>
   <div class='ocr_carea' id='block_1_3' title="bbox 3478 398 3583 461">
    <p class='ocr_par' dir='ltr' id='par_1_3' title="bbox 3478 398 3583 461">
     <span class='ocr_line' id='line_1_3' title="bbox 3478 398 3583 461; baseline -0.019 0"><span class='ocrx_word' id='word_1_6' title='bbox 3478 398 3583 461; x_wconf 69' lang='lat'>32?.</span> 
     </span>
    </p>
   </div>
   <div class='ocr_carea' id='block_1_4' title="bbox 309 506 1920 589">
    <p class='ocr_par' dir='ltr' id='par_1_4' title="bbox 309 508 1901 589">
     <span class='ocr_line' id='line_1_4' title="bbox 309 508 1901 589; baseline -0.002 -18"><span class='ocrx_word' id='word_1_7' title='bbox 309 518 494 572; x_wconf 70' lang='grc' dir='ltr'>αἴτιον</span> <span class='ocrx_word' id='word_1_8' title='bbox 526 516 585 569; x_wconf 79' lang='grc' dir='ltr'>ὲν</span> <span class='ocrx_word' id='word_1_9' title='bbox 614 517 680 587; x_wconf 79' lang='grc' dir='ltr'>τῇ</span> <span class='ocrx_word' id='word_1_10' title='bbox 716 515 1039 589; x_wconf 81' lang='grc' dir='ltr'>ὑπεραρχίῳ</span> <span class='ocrx_word' id='word_1_11' title='bbox 1068 514 1165 571; x_wconf 75' lang='grc' dir='ltr'>καὶ</span> <span class='ocrx_word' id='word_1_12' title='bbox 1200 515 1473 587; x_wconf 80' lang='grc' dir='ltr'>ὑπερφυεῖ</span> <span class='ocrx_word' id='word_1_13' title='bbox 1518 514 1618 585; x_wconf 83' lang='grc' dir='ltr'>τῆς</span> <span class='ocrx_word' id='word_1_14' title='bbox 1670 508 1901 581; x_wconf 74' lang='grc' dir='ltr'>Τριάδος</span> 
     </span>
    </p>
   </div>
   <div class='ocr_carea' id='block_1_5' title="bbox 2036 506 3588 589">
    <p class='ocr_par' dir='ltr' id='par_1_5' title="bbox 2036 510 3588 585">
     <span class='ocr_line' id='line_1_5' title="bbox 2036 510 3588 585; baseline 0.006 -26"><span class='ocrx_word' id='word_1_15' title='bbox 2036 510 2347 581; x_wconf 56' lang='grc' dir='ltr'>ιιιιυιτιιὶιιιιο</span> <span class='ocrx_word' id='word_1_16' title='bbox 2377 512 2664 568; x_wconf 75' lang='lat' dir='ltr'><strong>Trinitatis</strong></span> <span class='ocrx_word' id='word_1_17' title='bbox 2720 512 3007 585; x_wconf 90' lang='lat' dir='ltr'><strong>principio,</strong></span> <span class='ocrx_word' id='word_1_18' title='bbox 3034 528 3205 583; x_wconf 89' lang='lat' dir='ltr'><strong>eaque</strong></span> <span class='ocrx_word' id='word_1_19' title='bbox 3256 522 3496 577; x_wconf 87' lang='lat' dir='ltr'><strong>causata,</strong></span> <span class='ocrx_word' id='word_1_20' title='bbox 3531 524 3588 568; x_wconf 87' lang='lat' dir='ltr'>et</span> 
     </span>
    </p>
   </div>
   <div class='ocr_carea' id='block_1_6' title="bbox 310 602 1903 684">
    <p class='ocr_par' dir='ltr' id='par_1_6' title="bbox 310 602 1903 684">
     <span class='ocr_line' id='line_1_6' title="bbox 310 602 1903 684; baseline 0.001 -20"><span class='ocrx_word' id='word_1_21' title='bbox 310 613 495 681; x_wconf 77' lang='grc' dir='ltr'>ἀρχῇς</span> <span class='ocrx_word' id='word_1_22' title='bbox 530 612 625 667; x_wconf 68' lang='grc' dir='ltr'>καὶ</span> <span class='ocrx_word' id='word_1_23' title='bbox 653 611 714 664; x_wconf 81' lang='grc' dir='ltr'>τό</span> <span class='ocrx_word' id='word_1_24' title='bbox 743 628 801 663; x_wconf 90' lang='grc' dir='ltr'>τε</span> <span class='ocrx_word' id='word_1_25' title='bbox 830 612 1075 663; x_wconf 74' lang='grc' dir='ltr'>αἰτιατὺν</span> <span class='ocrx_word' id='word_1_26' title='bbox 1102 611 1197 663; x_wconf 70' lang='grc' dir='ltr'>καὶ</span> <span class='ocrx_word' id='word_1_27' title='bbox 1232 611 1365 680; x_wconf 80' lang='grc' dir='ltr'>μηδὲ</span> <span class='ocrx_word' id='word_1_28' title='bbox 1406 611 1543 679; x_wconf 76' lang='grc' dir='ltr'>πρὸς</span> <span class='ocrx_word' id='word_1_29' title='bbox 1596 610 1757 684; x_wconf 77' lang='grc' dir='ltr'>ὓϐριν</span> <span class='ocrx_word' id='word_1_30' title='bbox 1801 602 1903 671; x_wconf 76' lang='grc' dir='ltr'>τῆς</span> 
     </span>
    </p>
   </div>
   <div class='ocr_carea' id='block_1_7' title="bbox 308 705 1902 775">
    <p class='ocr_par' dir='ltr' id='par_1_7' title="bbox 308 705 1902 775">
     <span class='ocr_line' id='line_1_7' title="bbox 308 705 1902 775; baseline -0.001 -16"><span class='ocrx_word' id='word_1_31' title='bbox 308 706 547 775; x_wconf 80' lang='grc' dir='ltr'>πρώτης</span> <span class='ocrx_word' id='word_1_32' title='bbox 596 705 772 774; x_wconf 79' lang='grc' dir='ltr'>ἀρχῆς</span> <span class='ocrx_word' id='word_1_33' title='bbox 803 705 1259 774; x_wconf 80' lang='grc' dir='ltr'>μεμηχανημένον</span> <span class='ocrx_word' id='word_1_34' title='bbox 1293 706 1474 774; x_wconf 74' lang='grc' dir='ltr'>μόνον,</span> <span class='ocrx_word' id='word_1_35' title='bbox 1504 705 1640 758; x_wconf 86' lang='grc' dir='ltr'>ἀλλὰ</span> <span class='ocrx_word' id='word_1_36' title='bbox 1667 706 1761 757; x_wconf 73' lang='grc' dir='ltr'>καὶ</span> <span class='ocrx_word' id='word_1_37' title='bbox 1788 705 1902 775; x_wconf 72' lang='grc'>(47)</span> 
     </span>
    </p>
   </div>
   <div class='ocr_carea' id='block_1_8' title="bbox 312 787 1904 865">
    <p class='ocr_par' dir='ltr' id='par_1_8' title="bbox 312 787 1904 865">
     <span class='ocr_line' id='line_1_8' title="bbox 312 787 1904 865; baseline -0.002 -16"><span class='ocrx_word' id='word_1_38' title='bbox 312 796 487 849; x_wconf 74' lang='grc' dir='ltr'>αὐτοῦ</span> <span class='ocrx_word' id='word_1_39' title='bbox 539 796 773 859; x_wconf 82' lang='grc' dir='ltr'>ἐκείνου,</span> <span class='ocrx_word' id='word_1_40' title='bbox 809 795 941 865; x_wconf 76' lang='grc' dir='ltr'>περ).</span> <span class='ocrx_word' id='word_1_41' title='bbox 998 787 1060 846; x_wconf 77' lang='grc' dir='ltr'>οὗ</span> <span class='ocrx_word' id='word_1_42' title='bbox 1126 793 1810 865; x_wconf 74' lang='grc' dir='ltr'>κατασχηματίζεται(48)</span> <span class='ocrx_word' id='word_1_43' title='bbox 1870 795 1904 864; x_wconf 85' lang='grc' dir='ltr'>ή</span> 
     </span>
    </p>
   </div>
   <div class='ocr_carea' id='block_1_9' title="bbox 308 885 1903 958">
    <p class='ocr_par' dir='ltr' id='par_1_9' title="bbox 308 885 1903 958">
     <span class='ocr_line' id='line_1_9' title="bbox 308 885 1903 958; baseline -0.001 -19"><span class='ocrx_word' id='word_1_44' title='bbox 308 890 453 958; x_wconf 84' lang='grc' dir='ltr'>τιμή</span> <span class='ocrx_word' id='word_1_45' title='bbox 490 905 505 951; x_wconf 91' lang='lat'><strong>;</strong></span> <span class='ocrx_word' id='word_1_46' title='bbox 547 886 608 938; x_wconf 70' lang='grc' dir='ltr'>τὸ</span> <span class='ocrx_word' id='word_1_47' title='bbox 633 888 742 957; x_wconf 84' lang='grc' dir='ltr'>γὰρ</span> <span class='ocrx_word' id='word_1_48' title='bbox 772 886 903 956; x_wconf 85' lang='grc' dir='ltr'>μηδέ</span> <span class='ocrx_word' id='word_1_49' title='bbox 932 903 1052 939; x_wconf 87' lang='grc' dir='ltr'>τινα</span> <span class='ocrx_word' id='word_1_50' title='bbox 1087 887 1275 955; x_wconf 83' lang='grc' dir='ltr'>χρείαν</span> <span class='ocrx_word' id='word_1_51' title='bbox 1308 887 1429 956; x_wconf 86' lang='grc' dir='ltr'>μηδ’</span> <span class='ocrx_word' id='word_1_52' title='bbox 1455 885 1606 956; x_wconf 71' lang='grc' dir='ltr'>αὐτῷ</span> <span class='ocrx_word' id='word_1_53' title='bbox 1632 887 1767 956; x_wconf 79' lang='grc' dir='ltr'>μηδὲ</span> <span class='ocrx_word' id='word_1_54' title='bbox 1798 904 1903 957; x_wconf 86' lang='grc' dir='ltr'>μη-</span> 
     </span>
    </p>
   </div>
   <div class='ocr_carea' id='block_1_10' title="bbox 304 976 1906 1050">
    <p class='ocr_par' dir='ltr' id='par_1_10' title="bbox 304 976 1906 1050">
     <span class='ocr_line' id='line_1_10' title="bbox 304 976 1906 1050; baseline -0.001 -19"><span class='ocrx_word' id='word_1_55' title='bbox 304 979 428 1032; x_wconf 79' lang='grc' dir='ltr'>δενὶ</span> <span class='ocrx_word' id='word_1_56' title='bbox 461 979 573 1048; x_wconf 75' lang='grc'>(49)</span> <span class='ocrx_word' id='word_1_57' title='bbox 610 976 896 1047; x_wconf 80' lang='grc' dir='ltr'>παρέχειν,</span> <span class='ocrx_word' id='word_1_58' title='bbox 942 978 1079 1029; x_wconf 79' lang='grc' dir='ltr'>ἀλλὰ</span> <span class='ocrx_word' id='word_1_59' title='bbox 1121 978 1243 1047; x_wconf 84' lang='grc' dir='ltr'>μηδ’</span> <span class='ocrx_word' id='word_1_60' title='bbox 1277 978 1533 1050; x_wconf 63' lang='grc' dir='ltr'>ἀφορμὴν</span> <span class='ocrx_word' id='word_1_61' title='bbox 1590 979 1906 1048; x_wconf 77' lang='grc' dir='ltr'>μηδαμόθεν</span> 
     </span>
    </p>
   </div>
   <div class='ocr_carea' id='block_1_11' title="bbox 308 1069 1908 1142">
    <p class='ocr_par' dir='ltr' id='par_1_11' title="bbox 308 1069 1908 1142">
     <span class='ocr_line' id='line_1_11' title="bbox 308 1069 1908 1142; baseline -0.001 -17"><span class='ocrx_word' id='word_1_62' title='bbox 308 1073 601 1141; x_wconf 75' lang='grc' dir='ltr'>εὑρίσκειν</span> <span class='ocrx_word' id='word_1_63' title='bbox 626 1069 767 1122; x_wconf 81' lang='grc' dir='ltr'>ὥστε</span> <span class='ocrx_word' id='word_1_64' title='bbox 792 1073 1103 1139; x_wconf 79' lang='grc' dir='ltr'>παρασχεῖν</span> <span class='ocrx_word' id='word_1_65' title='bbox 1135 1072 1268 1139; x_wconf 86' lang='grc'>(50),</span> <span class='ocrx_word' id='word_1_66' title='bbox 1302 1072 1419 1135; x_wconf 80' lang='grc' dir='ltr'>πῶς</span> <span class='ocrx_word' id='word_1_67' title='bbox 1446 1073 1507 1124; x_wconf 83' lang='grc' dir='ltr'>οὐ</span> <span class='ocrx_word' id='word_1_68' title='bbox 1540 1071 1743 1142; x_wconf 78' lang='grc' dir='ltr'>μᾶλλον</span> <span class='ocrx_word' id='word_1_69' title='bbox 1768 1073 1908 1125; x_wconf 85' lang='grc' dir='ltr'>ἀπο-</span> 
     </span>
    </p>
   </div>
   <div class='ocr_carea' id='block_1_12' title="bbox 312 1162 1908 1235">
    <p class='ocr_par' dir='ltr' id='par_1_12' title="bbox 312 1162 1908 1235">
     <span class='ocr_line' id='line_1_12' title="bbox 312 1162 1908 1235; baseline -0.001 -20"><span class='ocrx_word' id='word_1_70' title='bbox 312 1168 575 1234; x_wconf 73' lang='grc' dir='ltr'>φανεῖται</span> <span class='ocrx_word' id='word_1_71' title='bbox 604 1165 696 1217; x_wconf 77' lang='grc' dir='ltr'>τὸν</span> <span class='ocrx_word' id='word_1_72' title='bbox 728 1164 858 1215; x_wconf 78' lang='grc' dir='ltr'>Υίὸν</span> <span class='ocrx_word' id='word_1_73' title='bbox 912 1163 1022 1233; x_wconf 83' lang='grc'>(51)</span> <span class='ocrx_word' id='word_1_74' title='bbox 1084 1162 1551 1235; x_wconf 75' lang='grc' dir='ltr'>περιυϐρισμένον</span> <span class='ocrx_word' id='word_1_75' title='bbox 1606 1167 1703 1217; x_wconf 79' lang='grc' dir='ltr'>καὶ</span> <span class='ocrx_word' id='word_1_76' title='bbox 1740 1166 1908 1235; x_wconf 77' lang='grc' dir='ltr'>τιμῆς</span> 
     </span>
    </p>
   </div>
   <div class='ocr_carea' id='block_1_13' title="bbox 310 1255 1907 1326">
    <p class='ocr_par' dir='ltr' id='par_1_13' title="bbox 310 1255 1907 1326">
     <span class='ocr_line' id='line_1_13' title="bbox 310 1255 1907 1326; baseline -0.001 -17"><span class='ocrx_word' id='word_1_77' title='bbox 310 1258 546 1326; x_wconf 78' lang='grc' dir='ltr'>ὀνόματι</span> <span class='ocrx_word' id='word_1_78' title='bbox 580 1257 1028 1326; x_wconf 77' lang='grc' dir='ltr'>κακουργοτέραν</span> <span class='ocrx_word' id='word_1_79' title='bbox 1056 1255 1154 1325; x_wconf 84' lang='grc' dir='ltr'>τὴν</span> <span class='ocrx_word' id='word_1_80' title='bbox 1177 1255 1333 1325; x_wconf 75' lang='grc' dir='ltr'>ὓϐριν</span> <span class='ocrx_word' id='word_1_81' title='bbox 1362 1258 1534 1320; x_wconf 73' lang='grc' dir='ltr'>ποιεῖς</span> <span class='ocrx_word' id='word_1_82' title='bbox 1555 1256 1647 1308; x_wconf 79' lang='grc' dir='ltr'>κα).</span> <span class='ocrx_word' id='word_1_83' title='bbox 1678 1255 1787 1324; x_wconf 81' lang='grc' dir='ltr'>γὰρ</span> <span class='ocrx_word' id='word_1_84' title='bbox 1813 1255 1907 1308; x_wconf 82' lang='grc' dir='ltr'>τοῦ</span> 
     </span>
    </p>
   </div>
   <div class='ocr_carea' id='block_1_14' title="bbox 312 1346 1909 1419">
    <p class='ocr_par' dir='ltr' id='par_1_14' title="bbox 312 1346 1909 1419">
     <span class='ocr_line' id='line_1_14' title="bbox 312 1346 1909 1419; baseline -0.003 -16"><span class='ocrx_word' id='word_1_85' title='bbox 312 1350 644 1419; x_wconf 84' lang='grc' dir='ltr'>Πνεύματος</span> <span class='ocrx_word' id='word_1_86' title='bbox 673 1348 945 1418; x_wconf 81' lang='grc' dir='ltr'>πατρόθεν</span> <span class='ocrx_word' id='word_1_87' title='bbox 969 1347 1027 1411; x_wconf 77' lang='grc' dir='ltr'>ἐξ</span> <span class='ocrx_word' id='word_1_88' title='bbox 1063 1348 1236 1400; x_wconf 82' lang='grc' dir='ltr'>ἀϊδίου</span> <span class='ocrx_word' id='word_1_89' title='bbox 1290 1347 1399 1417; x_wconf 78' lang='lat'><strong>(5‘2)</strong></span> <span class='ocrx_word' id='word_1_90' title='bbox 1432 1346 1530 1417; x_wconf 80' lang='grc' dir='ltr'>τὴν</span> <span class='ocrx_word' id='word_1_91' title='bbox 1581 1347 1909 1418; x_wconf 79' lang='grc' dir='ltr'>ἐκπόρευσιν</span> 
     </span>
    </p>
   </div>
   <div class='ocr_carea' id='block_1_15' title="bbox 311 1437 1911 1511">
    <p class='ocr_par' dir='ltr' id='par_1_15' title="bbox 311 1437 1911 1511">
     <span class='ocr_line' id='line_1_15' title="bbox 311 1437 1911 1511; baseline -0.001 -17"><span class='ocrx_word' id='word_1_92' title='bbox 311 1441 550 1510; x_wconf 62' lang='grc' dir='ltr'>ἀνεπιδεῆ</span> <span class='ocrx_word' id='word_1_93' title='bbox 585 1440 950 1509; x_wconf 78' lang='grc' dir='ltr'>κεκτημένου,</span> <span class='ocrx_word' id='word_1_94' title='bbox 985 1440 1148 1503; x_wconf 69' lang='grc' dir='ltr'>ποίας</span> <span class='ocrx_word' id='word_1_95' title='bbox 1184 1440 1250 1493; x_wconf 86' lang='grc' dir='ltr'>ἂν</span> <span class='ocrx_word' id='word_1_96' title='bbox 1282 1440 1450 1508; x_wconf 73' lang='grc' dir='ltr'>ἄλλης</span> <span class='ocrx_word' id='word_1_97' title='bbox 1482 1437 1597 1511; x_wconf 67' lang='grc'>[44]</span> <span class='ocrx_word' id='word_1_98' title='bbox 1651 1457 1911 1509; x_wconf 77' lang='grc' dir='ltr'>προαγω-</span> 
     </span>
    </p>
   </div>
   <div class='ocr_carea' id='block_1_16' title="bbox 312 1530 1913 1604">
    <p class='ocr_par' dir='ltr' id='par_1_16' title="bbox 312 1530 1913 1604">
     <span class='ocr_line' id='line_1_16' title="bbox 312 1530 1913 1604; baseline 0.001 -18"><span class='ocrx_word' id='word_1_99' title='bbox 312 1534 429 1603; x_wconf 76' lang='grc' dir='ltr'>γῆς</span> <span class='ocrx_word' id='word_1_100' title='bbox 455 1533 624 1603; x_wconf 74' lang='grc' dir='ltr'>(55)ἢ</span> <span class='ocrx_word' id='word_1_101' title='bbox 651 1530 963 1596; x_wconf 79' lang='grc' dir='ltr'>οὐσιὼσεως</span> <span class='ocrx_word' id='word_1_102' title='bbox 1002 1535 1065 1587; x_wconf 84' lang='grc' dir='ltr'>τὸ</span> <span class='ocrx_word' id='word_1_103' title='bbox 1107 1531 1466 1604; x_wconf 85' lang='grc' dir='ltr'>συμπλασθὲν</span> <span class='ocrx_word' id='word_1_104' title='bbox 1501 1537 1682 1598; x_wconf 82' lang='grc' dir='ltr'>αὐτοῖς</span> <span class='ocrx_word' id='word_1_105' title='bbox 1740 1534 1913 1587; x_wconf 81' lang='grc' dir='ltr'>αἴτιον</span> 
     </span>
    </p>
   </div>
   <div class='ocr_carea' id='block_1_17' title="bbox 315 1626 1377 1699">
    <p class='ocr_par' dir='ltr' id='par_1_17' title="bbox 315 1626 1377 1699">
     <span class='ocr_line' id='line_1_17' title="bbox 315 1626 1377 1699; baseline 0.027 -21"><span class='ocrx_word' id='word_1_106' title='bbox 315 1626 802 1696; x_wconf 73' lang='grc' dir='ltr'>ἐπιγνωσθήσεται</span> <span class='ocrx_word' id='word_1_107' title='bbox 832 1626 944 1696; x_wconf 47' lang='grc' dir='ltr'>(δέ)</span> <span class='ocrx_word' id='word_1_108' title='bbox 972 1628 1212 1698; x_wconf 77' lang='grc' dir='ltr'>χορηγόν</span> <span class='ocrx_word' id='word_1_109' title='bbox 1238 1629 1377 1699; x_wconf 67' lang='lat'>(55);</span> 
     </span>
    </p>
   </div>
   <div class='ocr_carea' id='block_1_18' title="bbox 399 1718 1914 1789">
    <p class='ocr_par' dir='ltr' id='par_1_18' title="bbox 399 1718 1914 1789">
     <span class='ocr_line' id='line_1_18' title="bbox 399 1718 1914 1789; baseline -0.001 -18"><span class='ocrx_word' id='word_1_110' title='bbox 399 1726 514 1787; x_wconf 60' lang='lat' dir='ltr'><strong>py’.</strong></span> <span class='ocrx_word' id='word_1_111' title='bbox 541 1718 663 1780; x_wconf 79' lang='grc' dir='ltr'>Πῶς</span> <span class='ocrx_word' id='word_1_112' title='bbox 687 1719 732 1771; x_wconf 81' lang='grc' dir='ltr'>δ’</span> <span class='ocrx_word' id='word_1_113' title='bbox 761 1718 862 1771; x_wconf 81' lang='grc' dir='ltr'>οὐκ</span> <span class='ocrx_word' id='word_1_114' title='bbox 892 1721 971 1781; x_wconf 85' lang='grc' dir='ltr'>εἰς</span> <span class='ocrx_word' id='word_1_115' title='bbox 993 1718 1088 1772; x_wconf 84' lang='grc' dir='ltr'>δύο</span> <span class='ocrx_word' id='word_1_116' title='bbox 1130 1719 1316 1781; x_wconf 85' lang='grc' dir='ltr'>αὐτοῖς</span> <span class='ocrx_word' id='word_1_117' title='bbox 1342 1719 1452 1789; x_wconf 88' lang='grc'>(56)</span> <span class='ocrx_word' id='word_1_118' title='bbox 1486 1719 1914 1789; x_wconf 85' lang='grc' dir='ltr'>διαμερισθήσε-</span> 
     </span>
    </p>
   </div>
   <div class='ocr_carea' id='block_1_19' title="bbox 314 1809 1911 1881">
    <p class='ocr_par' dir='ltr' id='par_1_19' title="bbox 314 1809 1911 1881">
     <span class='ocr_line' id='line_1_19' title="bbox 314 1809 1911 1881; baseline -0.001 -18"><span class='ocrx_word' id='word_1_119' title='bbox 314 1827 418 1863; x_wconf 84' lang='grc' dir='ltr'>ται</span> <span class='ocrx_word' id='word_1_120' title='bbox 439 1810 501 1862; x_wconf 84' lang='grc' dir='ltr'>τὸ</span> <span class='ocrx_word' id='word_1_121' title='bbox 539 1809 794 1877; x_wconf 84' lang='grc' dir='ltr'>Πνεῦμα;</span> <span class='ocrx_word' id='word_1_122' title='bbox 838 1810 900 1861; x_wconf 89' lang='grc' dir='ltr'>τὸ</span> <span class='ocrx_word' id='word_1_123' title='bbox 948 1810 1047 1879; x_wconf 85' lang='grc' dir='ltr'>μὲν</span> <span class='ocrx_word' id='word_1_124' title='bbox 1086 1812 1150 1862; x_wconf 80' lang='grc' dir='ltr'>ἐκ</span> <span class='ocrx_word' id='word_1_125' title='bbox 1180 1811 1275 1863; x_wconf 87' lang='grc' dir='ltr'>τοῦ</span> <span class='ocrx_word' id='word_1_126' title='bbox 1311 1811 1522 1880; x_wconf 78' lang='grc' dir='ltr'>Πατρὺς</span> <span class='ocrx_word' id='word_1_127' title='bbox 1561 1813 1653 1863; x_wconf 79' lang='grc' dir='ltr'>κα).</span> <span class='ocrx_word' id='word_1_128' title='bbox 1687 1812 1799 1881; x_wconf 88' lang='grc'>(57)</span> <span class='ocrx_word' id='word_1_129' title='bbox 1836 1811 1911 1874; x_wconf 84' lang='grc' dir='ltr'>ὡς</span> 
     </span>
    </p>
   </div>
   <div class='ocr_carea' id='block_1_20' title="bbox 2004 606 3588 677">
    <p class='ocr_par' dir='ltr' id='par_1_20' title="bbox 2004 606 3588 677">
     <span class='ocr_line' id='line_1_20' title="bbox 2004 606 3588 677; baseline 0.001 -20"><span class='ocrx_word' id='word_1_130' title='bbox 2004 619 2115 657; x_wconf 88' lang='lat' dir='ltr'>non</span> <span class='ocrx_word' id='word_1_131' title='bbox 2140 606 2191 658; x_wconf 89' lang='lat' dir='ltr'>in</span> <span class='ocrx_word' id='word_1_132' title='bbox 2206 606 2590 660; x_wconf 81' lang='lat' dir='ltr'>contumeliam</span> <span class='ocrx_word' id='word_1_133' title='bbox 2612 606 2770 677; x_wconf 81' lang='lat' dir='ltr'><strong>primi</strong></span> <span class='ocrx_word' id='word_1_134' title='bbox 2793 607 3045 677; x_wconf 88' lang='lat' dir='ltr'><strong>principii</strong></span> <span class='ocrx_word' id='word_1_135' title='bbox 3070 609 3243 661; x_wconf 88' lang='lat' dir='ltr'><strong>solum</strong></span> <span class='ocrx_word' id='word_1_136' title='bbox 3264 607 3588 675; x_wconf 79' lang='lat' dir='ltr'><strong>excogitata,</strong></span> 
     </span>
    </p>
   </div>
   <div class='ocr_carea' id='block_1_21' title="bbox 2005 697 3591 767">
    <p class='ocr_par' dir='ltr' id='par_1_21' title="bbox 2005 697 3591 767">
     <span class='ocr_line' id='line_1_21' title="bbox 2005 697 3591 767; baseline -0.001 -16"><span class='ocrx_word' id='word_1_137' title='bbox 2005 698 2099 751; x_wconf 90' lang='lat' dir='ltr'>sed</span> <span class='ocrx_word' id='word_1_138' title='bbox 2129 706 2183 751; x_wconf 93' lang='lat' dir='ltr'>et</span> <span class='ocrx_word' id='word_1_139' title='bbox 2221 698 2502 763; x_wconf 85' lang='lat' dir='ltr'><strong>illiusmet,</strong></span> <span class='ocrx_word' id='word_1_140' title='bbox 2538 699 2592 751; x_wconf 89' lang='lat' dir='ltr'>in</span> <span class='ocrx_word' id='word_1_141' title='bbox 2622 701 2778 767; x_wconf 86' lang='lat' dir='ltr'><strong>cujus</strong></span> <span class='ocrx_word' id='word_1_142' title='bbox 2820 698 3061 753; x_wconf 81' lang='lat' dir='ltr'><strong>favorem</strong></span> <span class='ocrx_word' id='word_1_143' title='bbox 3100 700 3277 753; x_wconf 86' lang='lat' dir='ltr'><strong>honor</strong></span> <span class='ocrx_word' id='word_1_144' title='bbox 3331 697 3423 752; x_wconf 87' lang='lat' dir='ltr'><strong>ille</strong></span> <span class='ocrx_word' id='word_1_145' title='bbox 3452 712 3591 751; x_wconf 78' lang='lat' dir='ltr'><strong>con-</strong></span> 
     </span>
    </p>
   </div>
   <div class='ocr_carea' id='block_1_22' title="bbox 2006 788 3592 859">
    <p class='ocr_par' dir='ltr' id='par_1_22' title="bbox 2006 788 3592 859">
     <span class='ocr_line' id='line_1_22' title="bbox 2006 788 3592 859; baseline 0.001 -18"><span class='ocrx_word' id='word_1_146' title='bbox 2006 790 2267 859; x_wconf 75' lang='lat' dir='ltr'><strong>tingitur?</strong></span> <span class='ocrx_word' id='word_1_147' title='bbox 2293 788 2427 844; x_wconf 91' lang='lat' dir='ltr'><strong>Cum</strong></span> <span class='ocrx_word' id='word_1_148' title='bbox 2455 791 2600 845; x_wconf 89' lang='lat' dir='ltr'><strong>enim</strong></span> <span class='ocrx_word' id='word_1_149' title='bbox 2654 790 2944 846; x_wconf 89' lang='lat' dir='ltr'><strong>causalitas</strong></span> <span class='ocrx_word' id='word_1_150' title='bbox 2992 791 3092 845; x_wconf 91' lang='lat' dir='ltr'><strong>ista</strong></span> <span class='ocrx_word' id='word_1_151' title='bbox 3123 791 3333 845; x_wconf 89' lang='lat' dir='ltr'><strong>nullum</strong></span> <span class='ocrx_word' id='word_1_152' title='bbox 3364 790 3592 847; x_wconf 83' lang='lat' dir='ltr'><strong>omnino</strong></span> 
     </span>
    </p>
   </div>
   <div class='ocr_carea' id='block_1_23' title="bbox 2007 881 3590 951">
    <p class='ocr_par' dir='ltr' id='par_1_23' title="bbox 2007 881 3590 951">
     <span class='ocr_line' id='line_1_23' title="bbox 2007 881 3590 951; baseline 0 -16"><span class='ocrx_word' id='word_1_153' title='bbox 2007 899 2165 935; x_wconf 88' lang='lat' dir='ltr'><strong>usum</strong></span> <span class='ocrx_word' id='word_1_154' title='bbox 2199 891 2437 950; x_wconf 61' lang='lat' dir='ltr'><strong>praestet,</strong></span> <span class='ocrx_word' id='word_1_155' title='bbox 2462 882 2571 935; x_wconf 90' lang='lat' dir='ltr'>imo</span> <span class='ocrx_word' id='word_1_156' title='bbox 2626 898 2758 937; x_wconf 85' lang='lat' dir='ltr'><strong>vero</strong></span> <span class='ocrx_word' id='word_1_157' title='bbox 2801 897 2871 936; x_wconf 82' lang='lat' dir='ltr'>ne</span> <span class='ocrx_word' id='word_1_158' title='bbox 2923 898 3110 936; x_wconf 82' lang='lat' dir='ltr'><strong>ansam</strong></span> <span class='ocrx_word' id='word_1_159' title='bbox 3155 883 3374 951; x_wconf 83' lang='lat' dir='ltr'><strong>quidem</strong></span> <span class='ocrx_word' id='word_1_160' title='bbox 3425 881 3590 936; x_wconf 84' lang='lat' dir='ltr'><strong>ullam</strong></span> 
     </span>
    </p>
   </div>
   <div class='ocr_carea' id='block_1_24' title="bbox 2006 972 3594 1045">
    <p class='ocr_par' dir='ltr' id='par_1_24' title="bbox 2006 972 3594 1045">
     <span class='ocr_line' id='line_1_24' title="bbox 2006 972 3594 1045; baseline -0.001 -18"><span class='ocrx_word' id='word_1_161' title='bbox 2006 975 2298 1044; x_wconf 76' lang='lat' dir='ltr'><strong>praestandi</strong></span> <span class='ocrx_word' id='word_1_162' title='bbox 2334 975 2573 1045; x_wconf 88' lang='lat' dir='ltr'><strong>reperire</strong></span> <span class='ocrx_word' id='word_1_163' title='bbox 2625 975 2817 1044; x_wconf 86' lang='lat' dir='ltr'><strong>possit.</strong></span> <span class='ocrx_word' id='word_1_164' title='bbox 2848 975 3124 1043; x_wconf 90' lang='lat' dir='ltr'><strong>quomodo</strong></span> <span class='ocrx_word' id='word_1_165' title='bbox 3158 990 3267 1027; x_wconf 90' lang='lat' dir='ltr'>non</span> <span class='ocrx_word' id='word_1_166' title='bbox 3307 973 3491 1043; x_wconf 90' lang='lat' dir='ltr'><strong>potius</strong></span> <span class='ocrx_word' id='word_1_167' title='bbox 3512 972 3594 1026; x_wconf 80' lang='lat' dir='ltr'>af-</span> 
     </span>
    </p>
   </div>
   <div class='ocr_carea' id='block_1_25' title="bbox 2009 1064 3593 1135">
    <p class='ocr_par' dir='ltr' id='par_1_25' title="bbox 2009 1064 3593 1135">
     <span class='ocr_line' id='line_1_25' title="bbox 2009 1064 3593 1135; baseline -0.001 -14"><span class='ocrx_word' id='word_1_168' title='bbox 2009 1068 2213 1121; x_wconf 85' lang='lat' dir='ltr'><strong>fectum</strong></span> <span class='ocrx_word' id='word_1_169' title='bbox 2231 1066 2560 1121; x_wconf 87' lang='lat' dir='ltr'><strong>contumelia</strong></span> <span class='ocrx_word' id='word_1_170' title='bbox 2577 1065 2771 1121; x_wconf 90' lang='lat' dir='ltr'><strong>Filium</strong></span> <span class='ocrx_word' id='word_1_171' title='bbox 2792 1064 3031 1120; x_wconf 84' lang='lat' dir='ltr'><strong>declarat</strong></span> <span class='ocrx_word' id='word_1_172' title='bbox 3052 1068 3213 1135; x_wconf 85' lang='lat' dir='ltr'><strong>eique</strong></span> <span class='ocrx_word' id='word_1_173' title='bbox 3232 1067 3335 1119; x_wconf 87' lang='lat' dir='ltr'>sub</span> <span class='ocrx_word' id='word_1_174' title='bbox 3366 1065 3593 1123; x_wconf 89' lang='lat' dir='ltr'><strong>honoris</strong></span> 
     </span>
    </p>
   </div>
   <div class='ocr_carea' id='block_1_26' title="bbox 2012 1157 3595 1247">
    <p class='ocr_par' dir='ltr' id='par_1_26' title="bbox 2012 1157 3595 1247">
     <span class='ocr_line' id='line_1_26' title="bbox 2012 1157 3595 1247; baseline -0.002 -34"><span class='ocrx_word' id='word_1_175' title='bbox 2012 1159 2169 1213; x_wconf 90' lang='lat' dir='ltr'><strong>titulo</strong></span> <span class='ocrx_word' id='word_1_176' title='bbox 2192 1159 2446 1229; x_wconf 87' lang='lat' dir='ltr'><strong>injuriam</strong></span> <span class='ocrx_word' id='word_1_177' title='bbox 2494 1160 2817 1213; x_wconf 83' lang='lat' dir='ltr'><strong>atrociorem</strong></span> <span class='ocrx_word' id='word_1_178' title='bbox 2850 1158 3023 1247; x_wconf 63' lang='lat' dir='ltr'><strong>facit‘.&quot;</strong></span> <span class='ocrx_word' id='word_1_179' title='bbox 3046 1158 3179 1211; x_wconf 91' lang='lat' dir='ltr'><strong>Cum</strong></span> <span class='ocrx_word' id='word_1_180' title='bbox 3240 1157 3384 1210; x_wconf 88' lang='lat' dir='ltr'><strong>enim</strong></span> <span class='ocrx_word' id='word_1_181' title='bbox 3415 1157 3595 1227; x_wconf 86' lang='lat' dir='ltr'><strong>Spiri-</strong></span> 
     </span>
    </p>
   </div>
   <div class='ocr_carea' id='block_1_27' title="bbox 2012 1248 3595 1319">
    <p class='ocr_par' dir='ltr' id='par_1_27' title="bbox 2012 1248 3595 1319">
     <span class='ocr_line' id='line_1_27' title="bbox 2012 1248 3595 1319; baseline 0 -16"><span class='ocrx_word' id='word_1_182' title='bbox 2012 1261 2101 1303; x_wconf 89' lang='lat' dir='ltr'>tus</span> <span class='ocrx_word' id='word_1_183' title='bbox 2128 1251 2533 1319; x_wconf 92' lang='lat' dir='ltr'><strong>processionem</strong></span> <span class='ocrx_word' id='word_1_184' title='bbox 2582 1266 2735 1304; x_wconf 89' lang='lat' dir='ltr'><strong>suam</strong></span> <span class='ocrx_word' id='word_1_185' title='bbox 2776 1265 2807 1304; x_wconf 91' lang='lat' dir='ltr'>a</span> <span class='ocrx_word' id='word_1_186' title='bbox 2867 1248 3025 1303; x_wconf 81' lang='lat' dir='ltr'><strong>Patre</strong></span> <span class='ocrx_word' id='word_1_187' title='bbox 3080 1258 3241 1318; x_wconf 88' lang='lat' dir='ltr'><strong>atque</strong></span> <span class='ocrx_word' id='word_1_188' title='bbox 3269 1249 3339 1313; x_wconf 83' lang='lat' dir='ltr'>ab</span> <span class='ocrx_word' id='word_1_189' title='bbox 3388 1258 3595 1303; x_wconf 64' lang='lat' dir='ltr'><strong>aeterno</strong></span> 
     </span>
    </p>
   </div>
   <div class='ocr_carea' id='block_1_28' title="bbox 2012 1341 3596 1412">
    <p class='ocr_par' dir='ltr' id='par_1_28' title="bbox 2012 1341 3596 1412">
     <span class='ocr_line' id='line_1_28' title="bbox 2012 1341 3596 1412; baseline 0 -19"><span class='ocrx_word' id='word_1_190' title='bbox 2012 1341 2229 1410; x_wconf 87' lang='lat' dir='ltr'><strong>plenam</strong></span> <span class='ocrx_word' id='word_1_191' title='bbox 2250 1342 2507 1411; x_wconf 90' lang='lat' dir='ltr'><strong>nullaque</strong></span> <span class='ocrx_word' id='word_1_192' title='bbox 2527 1358 2595 1396; x_wconf 85' lang='lat' dir='ltr'><strong>ex</strong></span> <span class='ocrx_word' id='word_1_193' title='bbox 2619 1350 2773 1412; x_wconf 90' lang='lat' dir='ltr'><strong>parte</strong></span> <span class='ocrx_word' id='word_1_194' title='bbox 2797 1341 3144 1396; x_wconf 78' lang='lat' dir='ltr'><strong>deiicientem</strong></span> <span class='ocrx_word' id='word_1_195' title='bbox 3164 1342 3379 1407; x_wconf 84' lang='lat' dir='ltr'><strong>habeat,</strong></span> <span class='ocrx_word' id='word_1_196' title='bbox 3404 1356 3596 1410; x_wconf 90' lang='lat' dir='ltr'><strong>quam-</strong></span> 
     </span>
    </p>
   </div>
   <div class='ocr_carea' id='block_1_29' title="bbox 2016 1432 3597 1502">
    <p class='ocr_par' dir='ltr' id='par_1_29' title="bbox 2016 1432 3597 1502">
     <span class='ocr_line' id='line_1_29' title="bbox 2016 1432 3597 1502; baseline 0.001 -18"><span class='ocrx_word' id='word_1_197' title='bbox 2016 1446 2141 1485; x_wconf 88' lang='lat' dir='ltr'>nam</span> <span class='ocrx_word' id='word_1_198' title='bbox 2174 1432 2334 1486; x_wconf 90' lang='lat' dir='ltr'><strong>aliam</strong></span> <span class='ocrx_word' id='word_1_199' title='bbox 2370 1434 2785 1502; x_wconf 88' lang='lat' dir='ltr'><strong>productionem</strong></span> <span class='ocrx_word' id='word_1_200' title='bbox 2818 1440 2913 1487; x_wconf 90' lang='lat' dir='ltr'>aut</span> <span class='ocrx_word' id='word_1_201' title='bbox 2957 1433 3282 1487; x_wconf 74' lang='lat' dir='ltr'><strong>substantiae</strong></span> <span class='ocrx_word' id='word_1_202' title='bbox 3310 1432 3597 1487; x_wconf 81' lang='lat' dir='ltr'><strong>formatio-</strong></span> 
     </span>
    </p>
   </div>
   <div class='ocr_carea' id='block_1_30' title="bbox 2015 1525 3317 1596">
    <p class='ocr_par' dir='ltr' id='par_1_30' title="bbox 2015 1525 3317 1596">
     <span class='ocr_line' id='line_1_30' title="bbox 2015 1525 3317 1596; baseline -0.002 -16"><span class='ocrx_word' id='word_1_203' title='bbox 2015 1540 2139 1580; x_wconf 89' lang='lat' dir='ltr'>nem</span> <span class='ocrx_word' id='word_1_204' title='bbox 2173 1525 2404 1581; x_wconf 85' lang='lat' dir='ltr'><strong>conﬁcta</strong></span> <span class='ocrx_word' id='word_1_205' title='bbox 2426 1528 2496 1581; x_wconf 89' lang='lat' dir='ltr'>ab</span> <span class='ocrx_word' id='word_1_206' title='bbox 2527 1526 2658 1596; x_wconf 89' lang='lat' dir='ltr'><strong>ipsis</strong></span> <span class='ocrx_word' id='word_1_207' title='bbox 2684 1540 2847 1581; x_wconf 86' lang='lat' dir='ltr'><strong>causa</strong></span> <span class='ocrx_word' id='word_1_208' title='bbox 2878 1525 3079 1596; x_wconf 84' lang='lat' dir='ltr'><strong>poterit</strong></span> <span class='ocrx_word' id='word_1_209' title='bbox 3100 1525 3317 1594; x_wconf 85' lang='lat' dir='ltr'><strong>largiri?</strong></span> 
     </span>
    </p>
   </div>
   <div class='ocr_carea' id='block_1_31' title="bbox 2086 1700 3602 1773">
    <p class='ocr_par' dir='ltr' id='par_1_31' title="bbox 2086 1700 3602 1773">
     <span class='ocr_line' id='line_1_31' title="bbox 2086 1700 3602 1773; baseline -0.005 -12"><span class='ocrx_word' id='word_1_210' title='bbox 2086 1707 2177 1763; x_wconf 75' lang='grc'>45.</span> <span class='ocrx_word' id='word_1_211' title='bbox 2234 1706 2518 1773; x_wconf 85' lang='lat' dir='ltr'><strong>Quomodo</strong></span> <span class='ocrx_word' id='word_1_212' title='bbox 2580 1720 2713 1759; x_wconf 87' lang='lat' dir='ltr'><strong>vero</strong></span> <span class='ocrx_word' id='word_1_213' title='bbox 2753 1720 2867 1757; x_wconf 88' lang='lat' dir='ltr'>non</span> <span class='ocrx_word' id='word_1_214' title='bbox 2919 1703 3052 1772; x_wconf 90' lang='lat' dir='ltr'><strong>ipsis</strong></span> <span class='ocrx_word' id='word_1_215' title='bbox 3076 1702 3314 1773; x_wconf 90' lang='lat' dir='ltr'><strong>Spiritus</strong></span> <span class='ocrx_word' id='word_1_216' title='bbox 3346 1700 3401 1755; x_wconf 91' lang='lat' dir='ltr'>in</span> <span class='ocrx_word' id='word_1_217' title='bbox 3461 1700 3602 1754; x_wconf 90' lang='lat' dir='ltr'><strong>duos</strong></span> 
     </span>
    </p>
   </div>
   <div class='ocr_carea' id='block_1_32' title="bbox 2022 1793 3602 1870">
    <p class='ocr_par' dir='ltr' id='par_1_32' title="bbox 2022 1793 3602 1870">
     <span class='ocr_line' id='line_1_32' title="bbox 2022 1793 3602 1870; baseline -0.006 -15"><span class='ocrx_word' id='word_1_218' title='bbox 2022 1800 2316 1863; x_wconf 87' lang='lat' dir='ltr'><strong>dividetur,</strong></span> <span class='ocrx_word' id='word_1_219' title='bbox 2365 1814 2599 1870; x_wconf 89' lang='lat' dir='ltr'><strong>quorum</strong></span> <span class='ocrx_word' id='word_1_220' title='bbox 2635 1799 2773 1851; x_wconf 87' lang='lat' dir='ltr'><strong>alter</strong></span> <span class='ocrx_word' id='word_1_221' title='bbox 2818 1812 2849 1850; x_wconf 91' lang='lat' dir='ltr'>a</span> <span class='ocrx_word' id='word_1_222' title='bbox 2897 1796 3075 1859; x_wconf 89' lang='lat' dir='ltr'><strong>Patre,</strong></span> <span class='ocrx_word' id='word_1_223' title='bbox 3101 1810 3227 1849; x_wconf 89' lang='lat' dir='ltr'><strong>vera</strong></span> <span class='ocrx_word' id='word_1_224' title='bbox 3253 1810 3315 1848; x_wconf 91' lang='lat' dir='ltr'>ac</span> <span class='ocrx_word' id='word_1_225' title='bbox 3342 1793 3602 1863; x_wconf 87' lang='lat' dir='ltr'><strong>primaria</strong></span> 
     </span>
    </p>
   </div>
   <div class='ocr_carea' id='block_1_33' title="bbox 318 1873 1920 1973">
    <p class='ocr_par' dir='ltr' id='par_1_33' title="bbox 318 1873 1914 1973">
     <span class='ocr_line' id='line_1_33' title="bbox 318 1873 1914 1973; baseline 0 -17"><span class='ocrx_word' id='word_1_226' title='bbox 318 1900 549 1969; x_wconf 82' lang='grc' dir='ltr'>ἀληθῶς</span> <span class='ocrx_word' id='word_1_227' title='bbox 577 1873 1143 1971; x_wconf 23' lang='grc' dir='ltr'>καὶ-πρώτωςναξτίου</span> <span class='ocrx_word' id='word_1_228' title='bbox 1190 1906 1378 1972; x_wconf 63' lang='grc' dir='ltr'>προϊὸν</span> <span class='ocrx_word' id='word_1_229' title='bbox 1428 1873 1704 1970; x_wconf 24' lang='grc' dir='ltr'>(ἀναίτιος.</span> <span class='ocrx_word' id='word_1_230' title='bbox 1742 1873 1914 1973; x_wconf 66' lang='grc' dir='ltr'>γαρ)-</span> 
     </span>
    </p>
   </div>
   <div class='ocr_carea' id='block_1_34' title="bbox 2036 1873 3602 1973">
    <p class='ocr_par' dir='ltr' id='par_1_34' title="bbox 2036 1886 3602 1963">
     <span class='ocr_line' id='line_1_34' title="bbox 2036 1886 3602 1963; baseline -0.006 -16"><span class='ocrx_word' id='word_1_231' title='bbox 2036 1909 2212 1959; x_wconf 78' lang='lat' dir='ltr'><strong>causa,</strong></span> <span class='ocrx_word' id='word_1_232' title='bbox 2243 1892 2506 1963; x_wconf 81' lang='lat' dir='ltr'><strong>procedat</strong></span> <span class='ocrx_word' id='word_1_233' title='bbox 2533 1889 2718 1961; x_wconf 81' lang='lat' dir='ltr'><strong>(Pater</strong></span> <span class='ocrx_word' id='word_1_234' title='bbox 2742 1888 2941 1959; x_wconf 88' lang='lat' dir='ltr'><strong>quippe</strong></span> <span class='ocrx_word' id='word_1_235' title='bbox 2969 1888 3172 1941; x_wconf 88' lang='lat' dir='ltr'><strong>nullam</strong></span> <span class='ocrx_word' id='word_1_236' title='bbox 3199 1886 3359 1939; x_wconf 89' lang='lat' dir='ltr'><strong>aliam</strong></span> <span class='ocrx_word' id='word_1_237' title='bbox 3383 1899 3602 1939; x_wconf 90' lang='lat' dir='ltr'><strong>causam</strong></span> 
     </span>
    </p>
   </div>
   <div class='ocr_carea' id='block_1_35' title="bbox 311 1992 1920 2064">
    <p class='ocr_par' dir='ltr' id='par_1_35' title="bbox 311 1992 1920 2064">
     <span class='ocr_line' id='line_1_35' title="bbox 311 1992 1920 2064; baseline 0.001 -18"><span class='ocrx_word' id='word_1_238' title='bbox 311 1994 385 2046; x_wconf 78' lang='grc' dir='ltr'>τὸ</span> <span class='ocrx_word' id='word_1_239' title='bbox 420 1993 476 2046; x_wconf 79' lang='grc' dir='ltr'>δὲ</span> <span class='ocrx_word' id='word_1_240' title='bbox 503 1994 568 2045; x_wconf 79' lang='grc' dir='ltr'>ἐκ</span> <span class='ocrx_word' id='word_1_241' title='bbox 592 1992 684 2045; x_wconf 89' lang='grc' dir='ltr'>τοῦ</span> <span class='ocrx_word' id='word_1_242' title='bbox 718 1993 971 2060; x_wconf 78' lang='grc' dir='ltr'>δευτέρου</span> <span class='ocrx_word' id='word_1_243' title='bbox 1019 1994 1114 2045; x_wconf 73' lang='grc' dir='ltr'>καὶ</span> <span class='ocrx_word' id='word_1_244' title='bbox 1151 1994 1260 2063; x_wconf 89' lang='grc'>(58)</span> <span class='ocrx_word' id='word_1_245' title='bbox 1311 1994 1559 2048; x_wconf 76' lang='grc' dir='ltr'>αἰτιατοῦ</span> <span class='ocrx_word' id='word_1_246' title='bbox 1613 1996 1734 2064; x_wconf 78' lang='grc' dir='ltr'>(οὐκ</span> <span class='ocrx_word' id='word_1_247' title='bbox 1766 1995 1920 2048; x_wconf 86' lang='grc' dir='ltr'>ἀναί-</span> 
     </span>
    </p>
   </div>
   <div class='ocr_carea' id='block_1_36' title="bbox 314 2084 1920 2159">
    <p class='ocr_par' dir='ltr' id='par_1_36' title="bbox 314 2084 1920 2159">
     <span class='ocr_line' id='line_1_36' title="bbox 314 2084 1920 2159; baseline 0 -20"><span class='ocrx_word' id='word_1_248' title='bbox 314 2104 443 2139; x_wconf 79' lang='grc' dir='ltr'>τιον</span> <span class='ocrx_word' id='word_1_249' title='bbox 483 2084 615 2154; x_wconf 74' lang='grc' dir='ltr'>γάρ)</span> <span class='ocrx_word' id='word_1_250' title='bbox 647 2101 659 2115; x_wconf 87' lang='grc'>·</span> <span class='ocrx_word' id='word_1_251' title='bbox 703 2085 801 2137; x_wconf 75' lang='grc' dir='ltr'>καὶ</span> <span class='ocrx_word' id='word_1_252' title='bbox 851 2084 1026 2148; x_wconf 78' lang='grc' dir='ltr'>οὕτως</span> <span class='ocrx_word' id='word_1_253' title='bbox 1073 2086 1118 2138; x_wconf 89' lang='grc' dir='ltr'>δ’</span> <span class='ocrx_word' id='word_1_254' title='bbox 1174 2087 1235 2139; x_wconf 81' lang='grc' dir='ltr'>οὐ</span> <span class='ocrx_word' id='word_1_255' title='bbox 1294 2086 1408 2156; x_wconf 84' lang='grc'>(59)</span> <span class='ocrx_word' id='word_1_256' title='bbox 1464 2088 1614 2152; x_wconf 74' lang='grc' dir='ltr'>τάξει</span> <span class='ocrx_word' id='word_1_257' title='bbox 1656 2089 1793 2159; x_wconf 79' lang='grc' dir='ltr'>μόνῃ</span> <span class='ocrx_word' id='word_1_258' title='bbox 1827 2088 1920 2139; x_wconf 73' lang='grc' dir='ltr'>καὶ</span> 
     </span>
    </p>
   </div>
   <div class='ocr_carea' id='block_1_37' title="bbox 318 2177 1921 2249">
    <p class='ocr_par' dir='ltr' id='par_1_37' title="bbox 318 2177 1921 2249">
     <span class='ocr_line' id='line_1_37' title="bbox 318 2177 1921 2249; baseline 0.001 -20"><span class='ocrx_word' id='word_1_259' title='bbox 318 2178 522 2247; x_wconf 77' lang='grc' dir='ltr'>σχέσει</span> <span class='ocrx_word' id='word_1_260' title='bbox 541 2178 635 2229; x_wconf 76' lang='grc' dir='ltr'>καὶ</span> <span class='ocrx_word' id='word_1_261' title='bbox 666 2177 817 2248; x_wconf 79' lang='grc' dir='ltr'>αἰτίᾳ</span> <span class='ocrx_word' id='word_1_262' title='bbox 846 2178 946 2247; x_wconf 78' lang='grc' dir='ltr'>τὴν</span> <span class='ocrx_word' id='word_1_263' title='bbox 980 2178 1072 2230; x_wconf 90' lang='grc' dir='ltr'>τοῦ</span> <span class='ocrx_word' id='word_1_264' title='bbox 1125 2178 1443 2248; x_wconf 83' lang='grc' dir='ltr'>Πνεύματος</span> <span class='ocrx_word' id='word_1_265' title='bbox 1498 2179 1792 2249; x_wconf 79' lang='grc' dir='ltr'>ἑτερότητα</span> <span class='ocrx_word' id='word_1_266' title='bbox 1826 2178 1921 2232; x_wconf 76' lang='grc' dir='ltr'>καὶ</span> 
     </span>
    </p>
   </div>
   <div class='ocr_carea' id='block_1_38' title="bbox 328 2269 1922 2340">
    <p class='ocr_par' dir='ltr' id='par_1_38' title="bbox 328 2269 1922 2340">
     <span class='ocr_line' id='line_1_38' title="bbox 328 2269 1922 2340; baseline 0 -19"><span class='ocrx_word' id='word_1_267' title='bbox 328 2269 707 2339; x_wconf 74' lang='grc' dir='ltr'>παραλλαγὴν</span> <span class='ocrx_word' id='word_1_268' title='bbox 745 2271 777 2338; x_wconf 84' lang='grc' dir='ltr'>ἡ</span> <span class='ocrx_word' id='word_1_269' title='bbox 806 2270 1017 2339; x_wconf 77' lang='grc' dir='ltr'>αἵρεσις</span> <span class='ocrx_word' id='word_1_270' title='bbox 1045 2270 1473 2340; x_wconf 82' lang='grc' dir='ltr'>δραματουργεῖ,</span> <span class='ocrx_word' id='word_1_271' title='bbox 1528 2270 1663 2324; x_wconf 81' lang='grc' dir='ltr'>ἀλλὰ</span> <span class='ocrx_word' id='word_1_272' title='bbox 1717 2271 1809 2323; x_wconf 70' lang='grc' dir='ltr'>καὶ</span> <span class='ocrx_word' id='word_1_273' title='bbox 1841 2273 1922 2333; x_wconf 85' lang='grc' dir='ltr'>είς</span> 
     </span>
    </p>
   </div>
   <div class='ocr_carea' id='block_1_39' title="bbox 318 2360 1921 2431">
    <p class='ocr_par' dir='ltr' id='par_1_39' title="bbox 318 2360 1921 2431">
     <span class='ocr_line' id='line_1_39' title="bbox 318 2360 1921 2431; baseline -0.001 -19"><span class='ocrx_word' id='word_1_274' title='bbox 318 2361 567 2430; x_wconf 74' lang='grc' dir='ltr'>τετράδα</span> <span class='ocrx_word' id='word_1_275' title='bbox 599 2362 721 2413; x_wconf 77' lang='grc' dir='ltr'>ἀντὶ</span> <span class='ocrx_word' id='word_1_276' title='bbox 756 2362 986 2429; x_wconf 78' lang='grc' dir='ltr'>Τριάδος</span> <span class='ocrx_word' id='word_1_277' title='bbox 1036 2361 1098 2413; x_wconf 84' lang='grc' dir='ltr'>τδ</span> <span class='ocrx_word' id='word_1_278' title='bbox 1141 2362 1304 2424; x_wconf 69' lang='grc' dir='ltr'>σίδας</span> <span class='ocrx_word' id='word_1_279' title='bbox 1336 2361 1493 2431; x_wconf 85' lang='grc' dir='ltr'>ἡμῶν</span> <span class='ocrx_word' id='word_1_280' title='bbox 1529 2360 1641 2431; x_wconf 88' lang='grc'>(60)</span> <span class='ocrx_word' id='word_1_281' title='bbox 1680 2361 1921 2414; x_wconf 85' lang='grc' dir='ltr'>ἀπωθεῖ-</span> 
     </span>
    </p>
   </div>
   <div class='ocr_carea' id='block_1_40' title="bbox 336 2452 1923 2523">
    <p class='ocr_par' dir='ltr' id='par_1_40' title="bbox 336 2452 1923 2523">
     <span class='ocr_line' id='line_1_40' title="bbox 336 2452 1923 2523; baseline 0.001 -20"><span class='ocrx_word' id='word_1_282' title='bbox 336 2456 475 2503; x_wconf 74' lang='grc' dir='ltr'>σθαι</span> <span class='ocrx_word' id='word_1_283' title='bbox 509 2453 698 2522; x_wconf 81' lang='grc' dir='ltr'>τολμᾷ,</span> <span class='ocrx_word' id='word_1_284' title='bbox 730 2454 931 2522; x_wconf 81' lang='grc' dir='ltr'>μᾶλλον</span> <span class='ocrx_word' id='word_1_285' title='bbox 962 2453 1007 2505; x_wconf 87' lang='grc' dir='ltr'>δ’</span> <span class='ocrx_word' id='word_1_286' title='bbox 1052 2453 1201 2505; x_wconf 77' lang='grc' dir='ltr'>οὐδὲν</span> <span class='ocrx_word' id='word_1_287' title='bbox 1224 2452 1547 2523; x_wconf 75' lang='grc' dir='ltr'>ἀνύϐριστον</span> <span class='ocrx_word' id='word_1_288' title='bbox 1604 2454 1923 2506; x_wconf 81' lang='grc' dir='ltr'>καταλιπεῖν</span> 
     </span>
    </p>
   </div>
   <div class='ocr_carea' id='block_1_41' title="bbox 328 2544 1924 2616">
    <p class='ocr_par' dir='ltr' id='par_1_41' title="bbox 328 2544 1924 2616">
     <span class='ocr_line' id='line_1_41' title="bbox 328 2544 1924 2616; baseline 0.001 -21"><span class='ocrx_word' id='word_1_289' title='bbox 328 2544 580 2612; x_wconf 66' lang='grc' dir='ltr'>τῶνζϐί)</span> <span class='ocrx_word' id='word_1_290' title='bbox 604 2549 662 2599; x_wconf 83' lang='grc' dir='ltr'>ὲν</span> <span class='ocrx_word' id='word_1_291' title='bbox 683 2548 751 2615; x_wconf 81' lang='grc' dir='ltr'>τῇ</span> <span class='ocrx_word' id='word_1_292' title='bbox 790 2546 1127 2615; x_wconf 81' lang='grc' dir='ltr'>ὑπεραγάθῳ</span> <span class='ocrx_word' id='word_1_293' title='bbox 1153 2546 1265 2615; x_wconf 68' lang='grc'>(62)</span> <span class='ocrx_word' id='word_1_294' title='bbox 1297 2544 1490 2616; x_wconf 85' lang='grc' dir='ltr'>Τριάδι</span> <span class='ocrx_word' id='word_1_295' title='bbox 1526 2547 1622 2599; x_wconf 74' lang='grc' dir='ltr'>καὶ</span> <span class='ocrx_word' id='word_1_296' title='bbox 1647 2549 1924 2616; x_wconf 86' lang='grc' dir='ltr'>Δημιουρ-</span> 
     </span>
    </p>
   </div>
   <div class='ocr_carea' id='block_1_42' title="bbox 324 2635 1851 2710">
    <p class='ocr_par' dir='ltr' id='par_1_42' title="bbox 324 2635 1851 2710">
     <span class='ocr_line' id='line_1_42' title="bbox 324 2635 1851 2710; baseline 0.003 -22"><span class='ocrx_word' id='word_1_297' title='bbox 324 2635 423 2706; x_wconf 85' lang='grc' dir='ltr'>γῷ</span> <span class='ocrx_word' id='word_1_298' title='bbox 443 2636 537 2688; x_wconf 84' lang='grc' dir='ltr'>τοῦ</span> <span class='ocrx_word' id='word_1_299' title='bbox 558 2638 757 2700; x_wconf 80' lang='grc' dir='ltr'>παντὸς</span> <span class='ocrx_word' id='word_1_300' title='bbox 784 2638 1044 2708; x_wconf 72' lang='grc' dir='ltr'>οὐδεμίαν</span> <span class='ocrx_word' id='word_1_301' title='bbox 1078 2638 1417 2709; x_wconf 78' lang='grc' dir='ltr'>παραλείπει</span> <span class='ocrx_word' id='word_1_302' title='bbox 1444 2640 1684 2709; x_wconf 86' lang='grc' dir='ltr'>σπουδήν</span> <span class='ocrx_word' id='word_1_303' title='bbox 1718 2640 1851 2710; x_wconf 81' lang='grc'>(65).</span> 
     </span>
    </p>
   </div>
   <div class='ocr_carea' id='block_1_43' title="bbox 412 2812 1927 2886">
    <p class='ocr_par' dir='ltr' id='par_1_43' title="bbox 412 2812 1927 2886">
     <span class='ocr_line' id='line_1_43' title="bbox 412 2812 1927 2886; baseline 0.001 -19"><span class='ocrx_word' id='word_1_304' title='bbox 412 2814 520 2884; x_wconf 82' lang='grc' dir='ltr'>μδ’.</span> <span class='ocrx_word' id='word_1_305' title='bbox 549 2812 695 2886; x_wconf 68' lang='grc' dir='ltr'>[λδ</span> <span class='ocrx_word' id='word_1_306' title='bbox 726 2812 837 2883; x_wconf 72' lang='grc'>(64)</span> <span class='ocrx_word' id='word_1_307' title='bbox 882 2815 991 2867; x_wconf 73' lang='grc' dir='ltr'>Καὶ</span> <span class='ocrx_word' id='word_1_308' title='bbox 1013 2814 1120 2884; x_wconf 82' lang='grc' dir='ltr'>μὴν</span> <span class='ocrx_word' id='word_1_309' title='bbox 1149 2816 1196 2867; x_wconf 89' lang='grc' dir='ltr'>εί</span> <span class='ocrx_word' id='word_1_310' title='bbox 1220 2816 1392 2879; x_wconf 83' lang='grc' dir='ltr'>αίτιος</span> <span class='ocrx_word' id='word_1_311' title='bbox 1430 2815 1529 2885; x_wconf 82' lang='grc' dir='ltr'>μὲν</span> <span class='ocrx_word' id='word_1_312' title='bbox 1556 2815 1650 2868; x_wconf 88' lang='grc' dir='ltr'>τοῦ</span> <span class='ocrx_word' id='word_1_313' title='bbox 1675 2815 1927 2885; x_wconf 71' lang='grc' dir='ltr'>Πνεῦμα-</span> 
     </span>
    </p>
   </div>
   <div class='ocr_carea' id='block_1_44' title="bbox 323 2903 1926 2978">
    <p class='ocr_par' dir='ltr' id='par_1_44' title="bbox 323 2903 1926 2978">
     <span class='ocr_line' id='line_1_44' title="bbox 323 2903 1926 2978; baseline 0.001 -21"><span class='ocrx_word' id='word_1_314' title='bbox 323 2921 429 2966; x_wconf 80' lang='grc' dir='ltr'>τος</span> <span class='ocrx_word' id='word_1_315' title='bbox 462 2907 491 2956; x_wconf 87' lang='grc' dir='ltr'><strong>ὁ</strong></span> <span class='ocrx_word' id='word_1_316' title='bbox 528 2903 679 2967; x_wconf 78' lang='grc' dir='ltr'>Υἱὸς,</span> <span class='ocrx_word' id='word_1_317' title='bbox 704 2905 911 2973; x_wconf 77' lang='grc' dir='ltr'>ἀμφοῖν</span> <span class='ocrx_word' id='word_1_318' title='bbox 934 2905 979 2956; x_wconf 88' lang='grc' dir='ltr'>δ’</span> <span class='ocrx_word' id='word_1_319' title='bbox 1016 2905 1127 2970; x_wconf 81' lang='grc'>(65)</span> <span class='ocrx_word' id='word_1_320' title='bbox 1158 2907 1331 2968; x_wconf 82' lang='grc' dir='ltr'>αἴτιος</span> <span class='ocrx_word' id='word_1_321' title='bbox 1363 2907 1391 2957; x_wconf 82' lang='grc' dir='ltr'><strong>ὁ</strong></span> <span class='ocrx_word' id='word_1_322' title='bbox 1423 2906 1634 2976; x_wconf 76' lang='grc' dir='ltr'>Πατὴρ,</span> <span class='ocrx_word' id='word_1_323' title='bbox 1693 2908 1926 2978; x_wconf 80' lang='grc' dir='ltr'>εὑρεθή-</span> 
     </span>
    </p>
   </div>
   <div class='ocr_carea' id='block_1_45' title="bbox 331 2997 1929 3069">
    <p class='ocr_par' dir='ltr' id='par_1_45' title="bbox 331 2997 1929 3069">
     <span class='ocr_line' id='line_1_45' title="bbox 331 2997 1929 3069; baseline 0.002 -21"><span class='ocrx_word' id='word_1_324' title='bbox 331 2997 497 3049; x_wconf 81' lang='grc' dir='ltr'>σεται</span> <span class='ocrx_word' id='word_1_325' title='bbox 542 3014 597 3050; x_wconf 89' lang='grc' dir='ltr'>τι</span> <span class='ocrx_word' id='word_1_326' title='bbox 650 2998 826 3049; x_wconf 74' lang='grc' dir='ltr'>αἴτιον</span> <span class='ocrx_word' id='word_1_327' title='bbox 872 3000 929 3051; x_wconf 83' lang='grc' dir='ltr'>ὲν</span> <span class='ocrx_word' id='word_1_328' title='bbox 979 3000 1046 3067; x_wconf 81' lang='grc' dir='ltr'>τῇ</span> <span class='ocrx_word' id='word_1_329' title='bbox 1077 2997 1193 3069; x_wconf 66' lang='lat'>[15]</span> <span class='ocrx_word' id='word_1_330' title='bbox 1226 2999 1409 3069; x_wconf 66' lang='grc' dir='ltr'>τελείᾳ</span> <span class='ocrx_word' id='word_1_331' title='bbox 1467 3002 1561 3051; x_wconf 74' lang='grc' dir='ltr'>καὶ</span> <span class='ocrx_word' id='word_1_332' title='bbox 1612 2999 1929 3069; x_wconf 79' lang='grc' dir='ltr'>τελειοποιῷ</span> 
     </span>
    </p>
   </div>
   <div class='ocr_carea' id='block_1_46' title="bbox 328 3086 1930 3158">
    <p class='ocr_par' dir='ltr' id='par_1_46' title="bbox 328 3086 1930 3158">
     <span class='ocr_line' id='line_1_46' title="bbox 328 3086 1930 3158; baseline 0.001 -20"><span class='ocrx_word' id='word_1_333' title='bbox 328 3086 535 3153; x_wconf 81' lang='grc' dir='ltr'>Τριὰδι</span> <span class='ocrx_word' id='word_1_334' title='bbox 571 3086 667 3138; x_wconf 89' lang='grc' dir='ltr'>τοῦ</span> <span class='ocrx_word' id='word_1_335' title='bbox 707 3088 805 3155; x_wconf 80' lang='grc' dir='ltr'>μὲν</span> <span class='ocrx_word' id='word_1_336' title='bbox 844 3086 1049 3153; x_wconf 81' lang='grc' dir='ltr'>κυρίως</span> <span class='ocrx_word' id='word_1_337' title='bbox 1084 3088 1194 3157; x_wconf 90' lang='grc'>(66)</span> <span class='ocrx_word' id='word_1_338' title='bbox 1222 3089 1316 3139; x_wconf 73' lang='grc' dir='ltr'>καὶ</span> <span class='ocrx_word' id='word_1_339' title='bbox 1358 3086 1578 3158; x_wconf 81' lang='grc' dir='ltr'>πρώτου</span> <span class='ocrx_word' id='word_1_340' title='bbox 1607 3088 1782 3140; x_wconf 83' lang='grc' dir='ltr'>αἰτίου</span> <span class='ocrx_word' id='word_1_341' title='bbox 1831 3088 1930 3158; x_wconf 84' lang='grc' dir='ltr'>τῆς</span> 
     </span>
    </p>
   </div>
   <div class='ocr_carea' id='block_1_47' title="bbox 2023 1980 3604 2054">
    <p class='ocr_par' dir='ltr' id='par_1_47' title="bbox 2023 1980 3604 2054">
     <span class='ocr_line' id='line_1_47' title="bbox 2023 1980 3604 2054; baseline -0.008 -15"><span class='ocrx_word' id='word_1_342' title='bbox 2023 1985 2314 2054; x_wconf 80' lang='lat' dir='ltr'><strong>agnoscit),</strong></span> <span class='ocrx_word' id='word_1_343' title='bbox 2344 1983 2481 2038; x_wconf 89' lang='lat' dir='ltr'><strong>alter</strong></span> <span class='ocrx_word' id='word_1_344' title='bbox 2512 1997 2649 2036; x_wconf 88' lang='lat' dir='ltr'><strong>vero</strong></span> <span class='ocrx_word' id='word_1_345' title='bbox 2678 1997 2708 2035; x_wconf 91' lang='lat' dir='ltr'>e</span> <span class='ocrx_word' id='word_1_346' title='bbox 2757 1980 2997 2035; x_wconf 86' lang='lat' dir='ltr'><strong>secunda</strong></span> <span class='ocrx_word' id='word_1_347' title='bbox 3055 1986 3385 2045; x_wconf 90' lang='lat' dir='ltr'><strong>causataque</strong></span> <span class='ocrx_word' id='word_1_348' title='bbox 3439 1990 3604 2030; x_wconf 87' lang='lat' dir='ltr'><strong>causa</strong></span> 
     </span>
    </p>
   </div>
   <div class='ocr_carea' id='block_1_48' title="bbox 2024 2068 3607 2147">
    <p class='ocr_par' dir='ltr' id='par_1_48' title="bbox 2024 2068 3607 2147">
     <span class='ocr_line' id='line_1_48' title="bbox 2024 2068 3607 2147; baseline -0.006 -17"><span class='ocrx_word' id='word_1_349' title='bbox 2024 2075 2217 2147; x_wconf 88' lang='lat' dir='ltr'><strong>(Filius</strong></span> <span class='ocrx_word' id='word_1_350' title='bbox 2248 2076 2449 2145; x_wconf 82' lang='lat' dir='ltr'><strong>quippe</strong></span> <span class='ocrx_word' id='word_1_351' title='bbox 2481 2089 2699 2128; x_wconf 85' lang='lat' dir='ltr'><strong>causam</strong></span> <span class='ocrx_word' id='word_1_352' title='bbox 2740 2073 2823 2127; x_wconf 89' lang='lat' dir='ltr'>sui</span> <span class='ocrx_word' id='word_1_353' title='bbox 2855 2071 3097 2142; x_wconf 82' lang='lat' dir='ltr'><strong>agnoscit</strong></span> <span class='ocrx_word' id='word_1_354' title='bbox 3133 2069 3393 2137; x_wconf 81' lang='lat' dir='ltr'><strong>Patrem),</strong></span> <span class='ocrx_word' id='word_1_355' title='bbox 3418 2068 3607 2137; x_wconf 78' lang='lat' dir='ltr'><strong>sicque</strong></span> 
     </span>
    </p>
   </div>
   <div class='ocr_carea' id='block_1_49' title="bbox 2024 2159 3607 2236">
    <p class='ocr_par' dir='ltr' id='par_1_49' title="bbox 2024 2159 3607 2236">
     <span class='ocr_line' id='line_1_49' title="bbox 2024 2159 3607 2236; baseline -0.006 -16"><span class='ocrx_word' id='word_1_356' title='bbox 2024 2183 2133 2220; x_wconf 91' lang='lat' dir='ltr'>non</span> <span class='ocrx_word' id='word_1_357' title='bbox 2168 2167 2361 2221; x_wconf 90' lang='lat' dir='ltr'><strong>ordine</strong></span> <span class='ocrx_word' id='word_1_358' title='bbox 2396 2167 2659 2218; x_wconf 80' lang='lat' dir='ltr'><strong>duntaxat</strong></span> <span class='ocrx_word' id='word_1_359' title='bbox 2694 2172 2749 2217; x_wconf 86' lang='lat' dir='ltr'>et</span> <span class='ocrx_word' id='word_1_360' title='bbox 2800 2163 3062 2216; x_wconf 85' lang='lat' dir='ltr'><strong>relatione</strong></span> <span class='ocrx_word' id='word_1_361' title='bbox 3091 2170 3253 2230; x_wconf 88' lang='lat' dir='ltr'><strong>atque</strong></span> <span class='ocrx_word' id='word_1_362' title='bbox 3288 2159 3607 2236; x_wconf 79' lang='lat' dir='ltr'><strong>causalitate</strong></span> 
     </span>
    </p>
   </div>
   <div class='ocr_carea' id='block_1_50' title="bbox 2024 2252 3610 2325">
    <p class='ocr_par' dir='ltr' id='par_1_50' title="bbox 2024 2252 3610 2325">
     <span class='ocr_line' id='line_1_50' title="bbox 2024 2252 3610 2325; baseline -0.007 -11"><span class='ocrx_word' id='word_1_363' title='bbox 2024 2259 2432 2314; x_wconf 86' lang='lat' dir='ltr'><strong>distinctionem</strong></span> <span class='ocrx_word' id='word_1_364' title='bbox 2465 2256 2701 2325; x_wconf 84' lang='lat' dir='ltr'><strong>Spiritus</strong></span> <span class='ocrx_word' id='word_1_365' title='bbox 2727 2270 2791 2308; x_wconf 90' lang='lat' dir='ltr'>ac</span> <span class='ocrx_word' id='word_1_366' title='bbox 2821 2254 3193 2307; x_wconf 86' lang='lat' dir='ltr'><strong>diversitatem</strong></span> <span class='ocrx_word' id='word_1_367' title='bbox 3252 2252 3476 2307; x_wconf 78' lang='lat' dir='ltr'><strong>lueresis</strong></span> <span class='ocrx_word' id='word_1_368' title='bbox 3505 2265 3610 2304; x_wconf 59' lang='lat' dir='ltr'><strong>no-</strong></span> 
     </span>
    </p>
   </div>
   <div class='ocr_carea' id='block_1_51' title="bbox 2026 2343 3609 2415">
    <p class='ocr_par' dir='ltr' id='par_1_51' title="bbox 2026 2343 3609 2415">
     <span class='ocr_line' id='line_1_51' title="bbox 2026 2343 3609 2415; baseline -0.006 -9"><span class='ocrx_word' id='word_1_369' title='bbox 2026 2353 2111 2406; x_wconf 86' lang='lat' dir='ltr'>bis</span> <span class='ocrx_word' id='word_1_370' title='bbox 2136 2351 2361 2405; x_wconf 79' lang='lat' dir='ltr'><strong>exhibet</strong></span> <span class='ocrx_word' id='word_1_371' title='bbox 2389 2358 2442 2403; x_wconf 92' lang='lat' dir='ltr'>et</span> <span class='ocrx_word' id='word_1_372' title='bbox 2502 2350 2555 2401; x_wconf 92' lang='lat' dir='ltr'>in</span> <span class='ocrx_word' id='word_1_373' title='bbox 2622 2347 2860 2400; x_wconf 89' lang='lat' dir='ltr'><strong>medium</strong></span> <span class='ocrx_word' id='word_1_374' title='bbox 2910 2345 3182 2415; x_wconf 84' lang='lat' dir='ltr'><strong>producit,</strong></span> <span class='ocrx_word' id='word_1_375' title='bbox 3212 2359 3401 2398; x_wconf 85' lang='lat' dir='ltr'><strong>verum</strong></span> <span class='ocrx_word' id='word_1_376' title='bbox 3452 2353 3506 2397; x_wconf 90' lang='lat' dir='ltr'>et</span> <span class='ocrx_word' id='word_1_377' title='bbox 3551 2343 3609 2397; x_wconf 91' lang='lat' dir='ltr'>in</span> 
     </span>
    </p>
   </div>
   <div class='ocr_carea' id='block_1_52' title="bbox 2026 2436 3611 2513">
    <p class='ocr_par' dir='ltr' id='par_1_52' title="bbox 2026 2436 3611 2513">
     <span class='ocr_line' id='line_1_52' title="bbox 2026 2436 3611 2513; baseline -0.004 -17"><span class='ocrx_word' id='word_1_378' title='bbox 2026 2443 2444 2513; x_wconf 86' lang='lat' dir='ltr'><strong>quaternitatem</strong></span> <span class='ocrx_word' id='word_1_379' title='bbox 2472 2441 2592 2493; x_wconf 91' lang='lat' dir='ltr'><strong>loco</strong></span> <span class='ocrx_word' id='word_1_380' title='bbox 2629 2438 2913 2491; x_wconf 85' lang='lat' dir='ltr'><strong>Trinitatis</strong></span> <span class='ocrx_word' id='word_1_381' title='bbox 2957 2452 3162 2489; x_wconf 87' lang='lat' dir='ltr'><strong>numen</strong></span> <span class='ocrx_word' id='word_1_382' title='bbox 3212 2452 3241 2489; x_wconf 90' lang='lat' dir='ltr'>a</span> <span class='ocrx_word' id='word_1_383' title='bbox 3267 2436 3425 2490; x_wconf 88' lang='lat' dir='ltr'><strong>nobis</strong></span> <span class='ocrx_word' id='word_1_384' title='bbox 3478 2436 3611 2490; x_wconf 82' lang='lat' dir='ltr'><strong>ado-</strong></span> 
     </span>
    </p>
   </div>
   <div class='ocr_carea' id='block_1_53' title="bbox 2027 2529 3609 2602">
    <p class='ocr_par' dir='ltr' id='par_1_53' title="bbox 2027 2529 3609 2602">
     <span class='ocr_line' id='line_1_53' title="bbox 2027 2529 3609 2602; baseline -0.005 -13"><span class='ocrx_word' id='word_1_385' title='bbox 2027 2546 2202 2589; x_wconf 86' lang='lat' dir='ltr'><strong>ratum</strong></span> <span class='ocrx_word' id='word_1_386' title='bbox 2222 2534 2524 2602; x_wconf 84' lang='lat' dir='ltr'><strong>propellere</strong></span> <span class='ocrx_word' id='word_1_387' title='bbox 2546 2531 2733 2595; x_wconf 90' lang='lat' dir='ltr'><strong>audet,</strong></span> <span class='ocrx_word' id='word_1_388' title='bbox 2753 2531 2862 2584; x_wconf 90' lang='lat' dir='ltr'>imo</span> <span class='ocrx_word' id='word_1_389' title='bbox 2877 2531 3081 2583; x_wconf 91' lang='lat' dir='ltr'><strong>omittit</strong></span> <span class='ocrx_word' id='word_1_390' title='bbox 3109 2530 3316 2583; x_wconf 90' lang='lat' dir='ltr'><strong>nullum</strong></span> <span class='ocrx_word' id='word_1_391' title='bbox 3346 2529 3609 2593; x_wconf 89' lang='lat' dir='ltr'><strong>studium,</strong></span> 
     </span>
    </p>
   </div>
   <div class='ocr_carea' id='block_1_54' title="bbox 2030 2620 3615 2692">
    <p class='ocr_par' dir='ltr' id='par_1_54' title="bbox 2030 2620 3615 2692">
     <span class='ocr_line' id='line_1_54' title="bbox 2030 2620 3615 2692; baseline -0.004 -12"><span class='ocrx_word' id='word_1_392' title='bbox 2030 2636 2087 2681; x_wconf 91' lang='lat' dir='ltr'>ut</span> <span class='ocrx_word' id='word_1_393' title='bbox 2114 2627 2244 2680; x_wconf 87' lang='lat' dir='ltr'><strong>nihil</strong></span> <span class='ocrx_word' id='word_1_394' title='bbox 2287 2627 2341 2679; x_wconf 92' lang='lat' dir='ltr'>in</span> <span class='ocrx_word' id='word_1_395' title='bbox 2384 2625 2723 2679; x_wconf 82' lang='lat' dir='ltr'><strong>sanctissima</strong></span> <span class='ocrx_word' id='word_1_396' title='bbox 2771 2638 3066 2692; x_wconf 88' lang='lat' dir='ltr'><strong>rerumque</strong></span> <span class='ocrx_word' id='word_1_397' title='bbox 3108 2622 3353 2676; x_wconf 90' lang='lat' dir='ltr'><strong>omnium</strong></span> <span class='ocrx_word' id='word_1_398' title='bbox 3405 2620 3615 2676; x_wconf 85' lang='lat' dir='ltr'><strong>Condi-</strong></span> 
     </span>
    </p>
   </div>
   <div class='ocr_carea' id='block_1_55' title="bbox 2030 2715 3347 2785">
    <p class='ocr_par' dir='ltr' id='par_1_55' title="bbox 2030 2715 3347 2785">
     <span class='ocr_line' id='line_1_55' title="bbox 2030 2715 3347 2785; baseline -0.005 -11"><span class='ocrx_word' id='word_1_399' title='bbox 2030 2721 2162 2775; x_wconf 89' lang='lat' dir='ltr'><strong>trice</strong></span> <span class='ocrx_word' id='word_1_400' title='bbox 2191 2719 2460 2772; x_wconf 83' lang='lat' dir='ltr'><strong>Trinitate</strong></span> <span class='ocrx_word' id='word_1_401' title='bbox 2486 2718 2553 2770; x_wconf 88' lang='lat' dir='ltr'>ab</span> <span class='ocrx_word' id='word_1_402' title='bbox 2594 2717 2813 2785; x_wconf 83' lang='lat' dir='ltr'><strong>injuriis</strong></span> <span class='ocrx_word' id='word_1_403' title='bbox 2838 2724 3056 2769; x_wconf 78' lang='lat' dir='ltr'><strong>maneat</strong></span> <span class='ocrx_word' id='word_1_404' title='bbox 3083 2715 3347 2768; x_wconf 87' lang='lat' dir='ltr'><strong>immune.</strong></span> 
     </span>
    </p>
   </div>
   <div class='ocr_carea' id='block_1_56' title="bbox 2105 2805 3616 2877">
    <p class='ocr_par' dir='ltr' id='par_1_56' title="bbox 2105 2805 3616 2877">
     <span class='ocr_line' id='line_1_56' title="bbox 2105 2805 3616 2877; baseline -0.005 -11"><span class='ocrx_word' id='word_1_405' title='bbox 2105 2810 2415 2866; x_wconf 44' lang='lat' dir='ltr'><strong>“Ah-rum</strong></span> <span class='ocrx_word' id='word_1_406' title='bbox 2449 2810 2729 2863; x_wconf 88' lang='lat' dir='ltr'><strong>enimvero</strong></span> <span class='ocrx_word' id='word_1_407' title='bbox 2766 2809 2808 2861; x_wconf 90' lang='lat' dir='ltr'>si</span> <span class='ocrx_word' id='word_1_408' title='bbox 2869 2823 3032 2862; x_wconf 88' lang='lat' dir='ltr'><strong>causa</strong></span> <span class='ocrx_word' id='word_1_409' title='bbox 3063 2806 3298 2877; x_wconf 80' lang='lat' dir='ltr'><strong>Spiritus</strong></span> <span class='ocrx_word' id='word_1_410' title='bbox 3329 2806 3400 2860; x_wconf 90' lang='lat' dir='ltr'>sit</span> <span class='ocrx_word' id='word_1_411' title='bbox 3426 2805 3616 2869; x_wconf 85' lang='lat' dir='ltr'><strong>Filius,</strong></span> 
     </span>
    </p>
   </div>
   <div class='ocr_carea' id='block_1_57' title="bbox 2031 2898 3616 2972">
    <p class='ocr_par' dir='ltr' id='par_1_57' title="bbox 2031 2898 3616 2972">
     <span class='ocr_line' id='line_1_57' title="bbox 2031 2898 3616 2972; baseline -0.006 -13"><span class='ocrx_word' id='word_1_412' title='bbox 2031 2904 2316 2972; x_wconf 87' lang='lat' dir='ltr'><strong>utriusque</strong></span> <span class='ocrx_word' id='word_1_413' title='bbox 2336 2912 2515 2955; x_wconf 89' lang='lat' dir='ltr'><strong>autem</strong></span> <span class='ocrx_word' id='word_1_414' title='bbox 2544 2917 2707 2955; x_wconf 88' lang='lat' dir='ltr'><strong>causa</strong></span> <span class='ocrx_word' id='word_1_415' title='bbox 2729 2901 2799 2954; x_wconf 90' lang='lat' dir='ltr'>sit</span> <span class='ocrx_word' id='word_1_416' title='bbox 2822 2899 3005 2963; x_wconf 87' lang='lat' dir='ltr'><strong>Pater,</strong></span> <span class='ocrx_word' id='word_1_417' title='bbox 3040 2899 3350 2969; x_wconf 87' lang='lat' dir='ltr'><strong>reperietur</strong></span> <span class='ocrx_word' id='word_1_418' title='bbox 3379 2898 3433 2951; x_wconf 91' lang='lat' dir='ltr'>in</span> <span class='ocrx_word' id='word_1_419' title='bbox 3486 2914 3616 2967; x_wconf 87' lang='lat' dir='ltr'><strong>per-</strong></span> 
     </span>
    </p>
   </div>
   <div class='ocr_carea' id='block_1_58' title="bbox 2033 2993 3623 3065">
    <p class='ocr_par' dir='ltr' id='par_1_58' title="bbox 2033 2993 3623 3065">
     <span class='ocr_line' id='line_1_58' title="bbox 2033 2993 3623 3065; baseline -0.004 -14"><span class='ocrx_word' id='word_1_420' title='bbox 2033 2997 2171 3051; x_wconf 79' lang='lat' dir='ltr'><strong>fecta</strong></span> <span class='ocrx_word' id='word_1_421' title='bbox 2204 3004 2260 3049; x_wconf 91' lang='lat' dir='ltr'>et</span> <span class='ocrx_word' id='word_1_422' title='bbox 2291 2994 2610 3065; x_wconf 81' lang='lat' dir='ltr'><strong>perfectrice</strong></span> <span class='ocrx_word' id='word_1_423' title='bbox 2634 2993 2901 3047; x_wconf 87' lang='lat' dir='ltr'><strong>Trinitale</strong></span> <span class='ocrx_word' id='word_1_424' title='bbox 2930 3009 3087 3046; x_wconf 80' lang='lat' dir='ltr'><strong>causa</strong></span> <span class='ocrx_word' id='word_1_425' title='bbox 3131 2993 3377 3061; x_wconf 62' lang='lat' dir='ltr'><strong>quaedam</strong></span> <span class='ocrx_word' id='word_1_426' title='bbox 3408 3008 3437 3045; x_wconf 87' lang='lat' dir='ltr'>a</span> <span class='ocrx_word' id='word_1_427' title='bbox 3494 3008 3623 3060; x_wconf 84' lang='lat' dir='ltr'><strong>per-</strong></span> 
     </span>
    </p>
   </div>
   <div class='ocr_carea' id='block_1_59' title="bbox 2032 3086 3622 3157">
    <p class='ocr_par' dir='ltr' id='par_1_59' title="bbox 2032 3086 3622 3157">
     <span class='ocr_line' id='line_1_59' title="bbox 2032 3086 3622 3157; baseline -0.004 -13"><span class='ocrx_word' id='word_1_428' title='bbox 2032 3088 2271 3144; x_wconf 82' lang='lat' dir='ltr'><strong>fectione</strong></span> <span class='ocrx_word' id='word_1_429' title='bbox 2304 3088 2539 3157; x_wconf 62' lang='lat' dir='ltr'><strong>propriae</strong></span> <span class='ocrx_word' id='word_1_430' title='bbox 2568 3088 2868 3156; x_wconf 72' lang='lat' dir='ltr'><strong>primmque</strong></span> <span class='ocrx_word' id='word_1_431' title='bbox 2897 3100 3074 3139; x_wconf 83' lang='lat' dir='ltr'><strong>causae</strong></span> <span class='ocrx_word' id='word_1_432' title='bbox 3100 3095 3305 3139; x_wconf 88' lang='lat' dir='ltr'><strong>remota</strong></span> <span class='ocrx_word' id='word_1_433' title='bbox 3338 3094 3391 3139; x_wconf 91' lang='lat' dir='ltr'>et</span> <span class='ocrx_word' id='word_1_434' title='bbox 3415 3086 3622 3154; x_wconf 89' lang='lat' dir='ltr'><strong>imper-</strong></span> 
     </span>
    </p>
   </div>
   <div class='ocr_carea' id='block_1_60' title="bbox 330 3176 1920 3271">
    <p class='ocr_par' dir='ltr' id='par_1_60' title="bbox 330 3178 1920 3251">
     <span class='ocr_line' id='line_1_60' title="bbox 330 3178 1920 3251; baseline -0.001 -18"><span class='ocrx_word' id='word_1_435' title='bbox 330 3179 682 3247; x_wconf 81' lang='grc' dir='ltr'>τελειότητος</span> <span class='ocrx_word' id='word_1_436' title='bbox 713 3178 1127 3247; x_wconf 82' lang='grc' dir='ltr'>ἀπεληλαμένον</span> <span class='ocrx_word' id='word_1_437' title='bbox 1152 3179 1284 3251; x_wconf 82' lang='grc'>(67),</span> <span class='ocrx_word' id='word_1_438' title='bbox 1315 3179 1503 3239; x_wconf 79' lang='grc' dir='ltr'>ἀτελὲς</span> <span class='ocrx_word' id='word_1_439' title='bbox 1539 3180 1595 3231; x_wconf 80' lang='grc' dir='ltr'>δὲ</span> <span class='ocrx_word' id='word_1_440' title='bbox 1652 3180 1750 3233; x_wconf 82' lang='grc' dir='ltr'>καὶ</span> <span class='ocrx_word' id='word_1_441' title='bbox 1799 3180 1920 3249; x_wconf 83' lang='grc' dir='ltr'>ἡμί-</span> 
     </span>
    </p>
   </div>
   <div class='ocr_carea' id='block_1_61' title="bbox 2036 3176 3621 3271">
    <p class='ocr_par' dir='ltr' id='par_1_61' title="bbox 2040 3176 3621 3249">
     <span class='ocr_line' id='line_1_61' title="bbox 2040 3176 3621 3249; baseline -0.003 -14"><span class='ocrx_word' id='word_1_442' title='bbox 2040 3180 2177 3235; x_wconf 86' lang='lat' dir='ltr'><strong>l&#39;ecta</strong></span> <span class='ocrx_word' id='word_1_443' title='bbox 2204 3180 2385 3249; x_wconf 88' lang='lat' dir='ltr'><strong>potius</strong></span> <span class='ocrx_word' id='word_1_444' title='bbox 2412 3193 2473 3231; x_wconf 86' lang='lat' dir='ltr'>ac</span> <span class='ocrx_word' id='word_1_445' title='bbox 2494 3178 2796 3232; x_wconf 88' lang='lat' dir='ltr'><strong>scmicausa</strong></span> <span class='ocrx_word' id='word_1_446' title='bbox 2828 3177 2911 3229; x_wconf 86' lang='lat' dir='ltr'>vel</span> <span class='ocrx_word' id='word_1_447' title='bbox 2942 3176 3267 3245; x_wconf 86' lang='lat' dir='ltr'><strong>composita,</strong></span> <span class='ocrx_word' id='word_1_448' title='bbox 3298 3192 3361 3229; x_wconf 80' lang='lat' dir='ltr'><strong>ex</strong></span> <span class='ocrx_word' id='word_1_449' title='bbox 3413 3176 3621 3245; x_wconf 83' lang='lat' dir='ltr'><strong>imper-</strong></span> 
     </span>
    </p>
   </div>
   <div class='ocr_carea' id='block_1_62' title="bbox 332 3269 1920 3342">
    <p class='ocr_par' dir='ltr' id='par_1_62' title="bbox 332 3270 1920 3342">
     <span class='ocr_line' id='line_1_62' title="bbox 332 3270 1920 3342; baseline 0.001 -20"><span class='ocrx_word' id='word_1_450' title='bbox 332 3288 514 3340; x_wconf 84' lang='grc' dir='ltr'>τομον</span> <span class='ocrx_word' id='word_1_451' title='bbox 553 3271 586 3340; x_wconf 85' lang='grc' dir='ltr'>ἢ</span> <span class='ocrx_word' id='word_1_452' title='bbox 623 3270 899 3333; x_wconf 77' lang='grc' dir='ltr'>σύνθετον,</span> <span class='ocrx_word' id='word_1_453' title='bbox 956 3271 1016 3334; x_wconf 77' lang='grc' dir='ltr'><strong>ἐξ</strong></span> <span class='ocrx_word' id='word_1_454' title='bbox 1038 3271 1259 3331; x_wconf 82' lang='grc' dir='ltr'>ἀτελοῦς</span> <span class='ocrx_word' id='word_1_455' title='bbox 1294 3274 1387 3323; x_wconf 68' lang='grc' dir='ltr'>καὶ</span> <span class='ocrx_word' id='word_1_456' title='bbox 1432 3271 1636 3323; x_wconf 83' lang='grc' dir='ltr'>τελείου</span> <span class='ocrx_word' id='word_1_457' title='bbox 1676 3272 1774 3342; x_wconf 80' lang='grc' dir='ltr'>τὴν</span> <span class='ocrx_word' id='word_1_458' title='bbox 1810 3272 1920 3323; x_wconf 86' lang='grc' dir='ltr'>σύν-</span> 
     </span>
    </p>
   </div>
   <div class='ocr_carea' id='block_1_63' title="bbox 2036 3269 3619 3342">
    <p class='ocr_par' dir='ltr' id='par_1_63' title="bbox 2036 3269 3619 3339">
     <span class='ocr_line' id='line_1_63' title="bbox 2036 3269 3619 3339; baseline -0.003 -11"><span class='ocrx_word' id='word_1_459' title='bbox 2036 3274 2175 3327; x_wconf 81' lang='lat' dir='ltr'><strong>fecta</strong></span> <span class='ocrx_word' id='word_1_460' title='bbox 2238 3278 2401 3339; x_wconf 86' lang='lat' dir='ltr'><strong>atque</strong></span> <span class='ocrx_word' id='word_1_461' title='bbox 2473 3269 2711 3338; x_wconf 79' lang='lat' dir='ltr'><strong>perfecta</strong></span> <span class='ocrx_word' id='word_1_462' title='bbox 2769 3269 3221 3337; x_wconf 83' lang='lat' dir='ltr'><strong>compositionem</strong></span> <span class='ocrx_word' id='word_1_463' title='bbox 3291 3269 3619 3337; x_wconf 78' lang='lat' dir='ltr'><strong>suscipiens.</strong></span> 
     </span>
    </p>
   </div>
   <div class='ocr_carea' id='block_1_64' title="bbox 336 3360 1920 3434">
    <p class='ocr_par' dir='ltr' id='par_1_64' title="bbox 336 3360 1920 3430">
     <span class='ocr_line' id='line_1_64' title="bbox 336 3360 1920 3430; baseline 0.003 -18"><span class='ocrx_word' id='word_1_464' title='bbox 336 3360 500 3413; x_wconf 76' lang='grc' dir='ltr'>θεσιν</span> <span class='ocrx_word' id='word_1_465' title='bbox 528 3361 958 3429; x_wconf 65' lang='grc' dir='ltr'>ἀναδεδεγμένον</span> <span class='ocrx_word' id='word_1_466' title='bbox 983 3360 1119 3430; x_wconf 87' lang='grc'>(68).</span> <span class='ocrx_word' id='word_1_467' title='bbox 1142 3362 1252 3414; x_wconf 69' lang='grc' dir='ltr'>Καὶ</span> <span class='ocrx_word' id='word_1_468' title='bbox 1282 3365 1507 3415; x_wconf 85' lang='grc' dir='ltr'>σκοπεῖν</span> <span class='ocrx_word' id='word_1_469' title='bbox 1531 3362 1763 3427; x_wconf 79' lang='grc' dir='ltr'>ἔξεστιν,</span> <span class='ocrx_word' id='word_1_470' title='bbox 1786 3365 1920 3427; x_wconf 77' lang='grc' dir='ltr'>ὅπως</span> 
     </span>
    </p>
   </div>
   <div class='ocr_carea' id='block_1_65' title="bbox 2036 3360 3621 3434">
    <p class='ocr_par' dir='ltr' id='par_1_65' title="bbox 2036 3360 3621 3434">
     <span class='ocr_line' id='line_1_65' title="bbox 2036 3360 3621 3434; baseline -0.004 -15"><span class='ocrx_word' id='word_1_471' title='bbox 2036 3366 2235 3434; x_wconf 87' lang='lat' dir='ltr'><strong>Estque</strong></span> <span class='ocrx_word' id='word_1_472' title='bbox 2261 3366 2363 3418; x_wconf 85' lang='lat' dir='ltr'><strong>hoc</strong></span> <span class='ocrx_word' id='word_1_473' title='bbox 2393 3364 2513 3416; x_wconf 90' lang='lat' dir='ltr'><strong>loco</strong></span> <span class='ocrx_word' id='word_1_474' title='bbox 2528 3361 2953 3421; x_wconf 88' lang='lat' dir='ltr'><strong>observandum,</strong></span> <span class='ocrx_word' id='word_1_475' title='bbox 2971 3361 3114 3429; x_wconf 91' lang='lat' dir='ltr'><strong>quod</strong></span> <span class='ocrx_word' id='word_1_476' title='bbox 3138 3370 3378 3413; x_wconf 84' lang='lat' dir='ltr'><strong>veterum</strong></span> <span class='ocrx_word' id='word_1_477' title='bbox 3403 3360 3621 3430; x_wconf 81' lang='lat' dir='ltr'><strong>mytho-</strong></span> 
     </span>
    </p>
   </div>
   <div class='ocr_carea' id='block_1_66' title="bbox 335 3452 1920 3525">
    <p class='ocr_par' dir='ltr' id='par_1_66' title="bbox 335 3453 1920 3525">
     <span class='ocr_line' id='line_1_66' title="bbox 335 3453 1920 3525; baseline 0.003 -22"><span class='ocrx_word' id='word_1_478' title='bbox 335 3456 374 3523; x_wconf 77' lang='grc' dir='ltr'><strong>ἡ</strong></span> <span class='ocrx_word' id='word_1_479' title='bbox 415 3453 519 3521; x_wconf 83' lang='grc' dir='ltr'>μὲν</span> <span class='ocrx_word' id='word_1_480' title='bbox 553 3453 851 3520; x_wconf 76' lang='grc' dir='ltr'>μυθολογία</span> <span class='ocrx_word' id='word_1_481' title='bbox 882 3455 939 3505; x_wconf 83' lang='grc' dir='ltr'>ἐν</span> <span class='ocrx_word' id='word_1_482' title='bbox 970 3454 1082 3514; x_wconf 84' lang='grc' dir='ltr'>τοῖς</span> <span class='ocrx_word' id='word_1_483' title='bbox 1113 3454 1169 3504; x_wconf 83' lang='grc' dir='ltr'>ὲν</span> <span class='ocrx_word' id='word_1_484' title='bbox 1209 3458 1422 3519; x_wconf 78' lang='grc' dir='ltr'>γενέσει</span> <span class='ocrx_word' id='word_1_485' title='bbox 1459 3455 1553 3507; x_wconf 75' lang='grc' dir='ltr'>καὶ</span> <span class='ocrx_word' id='word_1_486' title='bbox 1588 3456 1769 3525; x_wconf 80' lang='grc' dir='ltr'>φθορᾷ</span> <span class='ocrx_word' id='word_1_487' title='bbox 1806 3457 1920 3519; x_wconf 76' lang='grc' dir='ltr'>τοὺς</span> 
     </span>
    </p>
   </div>
   <div class='ocr_carea' id='block_1_67' title="bbox 2036 3452 3625 3525">
    <p class='ocr_par' dir='ltr' id='par_1_67' title="bbox 2036 3452 3625 3524">
     <span class='ocr_line' id='line_1_67' title="bbox 2036 3452 3625 3524; baseline -0.003 -14"><span class='ocrx_word' id='word_1_488' title='bbox 2036 3456 2174 3524; x_wconf 85' lang='lat' dir='ltr'><strong>logia</strong></span> <span class='ocrx_word' id='word_1_489' title='bbox 2207 3456 2260 3508; x_wconf 92' lang='lat' dir='ltr'>in</span> <span class='ocrx_word' id='word_1_490' title='bbox 2288 3454 2454 3507; x_wconf 85' lang='lat' dir='ltr'><strong>rebus</strong></span> <span class='ocrx_word' id='word_1_491' title='bbox 2489 3452 2828 3522; x_wconf 82' lang='lat' dir='ltr'><strong>generationi</strong></span> <span class='ocrx_word' id='word_1_492' title='bbox 2876 3452 3322 3520; x_wconf 87' lang='lat' dir='ltr'><strong>corruptionique</strong></span> <span class='ocrx_word' id='word_1_493' title='bbox 3366 3452 3625 3505; x_wconf 81' lang='lat' dir='ltr'><strong>obnoxiis</strong></span> 
     </span>
    </p>
   </div>
   <div class='ocr_carea' id='block_1_68' title="bbox 337 3544 1920 3619">
    <p class='ocr_par' dir='ltr' id='par_1_68' title="bbox 337 3544 1920 3618">
     <span class='ocr_line' id='line_1_68' title="bbox 337 3544 1920 3618; baseline 0.001 -20"><span class='ocrx_word' id='word_1_494' title='bbox 337 3544 825 3615; x_wconf 69' lang='grc' dir='ltr'>ἱπποκενταύρους</span> <span class='ocrx_word' id='word_1_495' title='bbox 873 3546 1042 3597; x_wconf 83' lang='grc' dir='ltr'>πάλαι</span> <span class='ocrx_word' id='word_1_496' title='bbox 1096 3545 1367 3606; x_wconf 77' lang='grc' dir='ltr'>παίζουσα</span> <span class='ocrx_word' id='word_1_497' title='bbox 1404 3546 1827 3618; x_wconf 78' lang='grc' dir='ltr'>ἀναπλάττει,ή</span> <span class='ocrx_word' id='word_1_498' title='bbox 1876 3548 1920 3600; x_wconf 77' lang='grc' dir='ltr'>δὲ</span> 
     </span>
    </p>
   </div>
   <div class='ocr_carea' id='block_1_69' title="bbox 2036 3544 3625 3619">
    <p class='ocr_par' dir='ltr' id='par_1_69' title="bbox 2037 3545 3625 3619">
     <span class='ocr_line' id='line_1_69' title="bbox 2037 3545 3625 3619; baseline -0.003 -16"><span class='ocrx_word' id='word_1_499' title='bbox 2037 3550 2503 3619; x_wconf 86' lang='lat' dir='ltr'><strong>hippocentauros</strong></span> <span class='ocrx_word' id='word_1_500' title='bbox 2536 3546 2663 3600; x_wconf 92' lang='lat' dir='ltr'><strong>olim</strong></span> <span class='ocrx_word' id='word_1_501' title='bbox 2724 3561 2824 3614; x_wconf 84' lang='lat' dir='ltr'>per</span> <span class='ocrx_word' id='word_1_502' title='bbox 2855 3549 3039 3613; x_wconf 80' lang='lat' dir='ltr'><strong>jocum</strong></span> <span class='ocrx_word' id='word_1_503' title='bbox 3072 3545 3355 3609; x_wconf 79' lang='lat' dir='ltr'><strong>conﬁnxit,</strong></span> <span class='ocrx_word' id='word_1_504' title='bbox 3401 3555 3455 3599; x_wconf 90' lang='lat' dir='ltr'>at</span> <span class='ocrx_word' id='word_1_505' title='bbox 3488 3546 3625 3599; x_wconf 86' lang='lat' dir='ltr'><strong>isto-</strong></span> 
     </span>
    </p>
   </div>
   <div class='ocr_carea' id='block_1_70' title="bbox 335 3634 1920 3709">
    <p class='ocr_par' dir='ltr' id='par_1_70' title="bbox 335 3634 1920 3707">
     <span class='ocr_line' id='line_1_70' title="bbox 335 3634 1920 3707; baseline 0.002 -20"><span class='ocrx_word' id='word_1_506' title='bbox 335 3634 622 3703; x_wconf 81' lang='grc' dir='ltr'>Θεομαχία</span> <span class='ocrx_word' id='word_1_507' title='bbox 644 3636 700 3685; x_wconf 83' lang='grc' dir='ltr'>ἐν</span> <span class='ocrx_word' id='word_1_508' title='bbox 730 3637 841 3696; x_wconf 79' lang='grc' dir='ltr'>τοῖς</span> <span class='ocrx_word' id='word_1_509' title='bbox 881 3634 1075 3696; x_wconf 86' lang='grc' dir='ltr'>ἁῖδίοις</span> <span class='ocrx_word' id='word_1_510' title='bbox 1108 3635 1203 3685; x_wconf 73' lang='grc' dir='ltr'>καὶ</span> <span class='ocrx_word' id='word_1_511' title='bbox 1224 3634 1616 3698; x_wconf 82' lang='grc' dir='ltr'>ἀναλλαιώτοις</span> <span class='ocrx_word' id='word_1_512' title='bbox 1642 3638 1753 3707; x_wconf 86' lang='grc'>(69)</span> <span class='ocrx_word' id='word_1_513' title='bbox 1794 3637 1826 3707; x_wconf 84' lang='grc' dir='ltr'><strong>ἢ</strong></span> <span class='ocrx_word' id='word_1_514' title='bbox 1870 3636 1920 3689; x_wconf 72' lang='grc' dir='ltr'>τί</span> 
     </span>
    </p>
   </div>
   <div class='ocr_carea' id='block_1_71' title="bbox 2036 3634 3624 3709">
    <p class='ocr_par' dir='ltr' id='par_1_71' title="bbox 2041 3635 3624 3709">
     <span class='ocr_line' id='line_1_71' title="bbox 2041 3635 3624 3709; baseline -0.003 -14"><span class='ocrx_word' id='word_1_515' title='bbox 2041 3656 2161 3695; x_wconf 89' lang='lat' dir='ltr'>rum</span> <span class='ocrx_word' id='word_1_516' title='bbox 2195 3639 2449 3709; x_wconf 87' lang='lat' dir='ltr'><strong>impietas</strong></span> <span class='ocrx_word' id='word_1_517' title='bbox 2481 3640 2535 3691; x_wconf 87' lang='lat' dir='ltr'>in</span> <span class='ocrx_word' id='word_1_518' title='bbox 2568 3637 2735 3691; x_wconf 86' lang='lat' dir='ltr'><strong>rebus</strong></span> <span class='ocrx_word' id='word_1_519' title='bbox 2765 3635 3117 3705; x_wconf 87' lang='lat' dir='ltr'><strong>sempiternis</strong></span> <span class='ocrx_word' id='word_1_520' title='bbox 3145 3645 3307 3704; x_wconf 87' lang='lat' dir='ltr'><strong>atque</strong></span> <span class='ocrx_word' id='word_1_521' title='bbox 3365 3636 3624 3691; x_wconf 89' lang='lat' dir='ltr'><strong>immuta-</strong></span> 
     </span>
    </p>
   </div>
   <div class='ocr_carea' id='block_1_72' title="bbox 337 3726 1920 3797">
    <p class='ocr_par' dir='ltr' id='par_1_72' title="bbox 337 3726 1920 3797">
     <span class='ocr_line' id='line_1_72' title="bbox 337 3726 1920 3797; baseline 0.002 -19"><span class='ocrx_word' id='word_1_522' title='bbox 337 3729 625 3796; x_wconf 69' lang='grc' dir='ltr'>ἡμίτομον</span> <span class='ocrx_word' id='word_1_523' title='bbox 649 3727 682 3795; x_wconf 77' lang='grc' dir='ltr'>ἢ</span> <span class='ocrx_word' id='word_1_524' title='bbox 701 3727 761 3779; x_wconf 86' lang='grc' dir='ltr'>τὸ</span> <span class='ocrx_word' id='word_1_525' title='bbox 786 3726 847 3790; x_wconf 78' lang='grc' dir='ltr'>ἐξ</span> <span class='ocrx_word' id='word_1_526' title='bbox 874 3727 1052 3779; x_wconf 86' lang='grc' dir='ltr'>αἰτίου</span> <span class='ocrx_word' id='word_1_527' title='bbox 1090 3743 1151 3777; x_wconf 83' lang='grc' dir='ltr'>τε</span> <span class='ocrx_word' id='word_1_528' title='bbox 1185 3729 1277 3779; x_wconf 75' lang='grc' dir='ltr'>καὶ</span> <span class='ocrx_word' id='word_1_529' title='bbox 1308 3727 1554 3780; x_wconf 76' lang='grc' dir='ltr'>αἰτιατοῦ</span> <span class='ocrx_word' id='word_1_530' title='bbox 1612 3730 1920 3797; x_wconf 74' lang='grc' dir='ltr'>συμπεπλα·</span> 
     </span>
    </p>
   </div>
   <div class='ocr_carea' id='block_1_73' title="bbox 2036 3726 3627 3797">
    <p class='ocr_par' dir='ltr' id='par_1_73' title="bbox 2045 3730 3627 3790">
     <span class='ocr_line' id='line_1_73' title="bbox 2045 3730 3627 3790; baseline -0.005 0"><span class='ocrx_word' id='word_1_531' title='bbox 2045 3734 2249 3790; x_wconf 83' lang='lat' dir='ltr'><strong>bilibus</strong></span> <span class='ocrx_word' id='word_1_532' title='bbox 2278 3733 2363 3786; x_wconf 88' lang='lat' dir='ltr'>vel</span> <span class='ocrx_word' id='word_1_533' title='bbox 2395 3731 2759 3786; x_wconf 83' lang='lat' dir='ltr'><strong>semicausam</strong></span> <span class='ocrx_word' id='word_1_534' title='bbox 2794 3730 2875 3782; x_wconf 88' lang='lat' dir='ltr'>vel</span> <span class='ocrx_word' id='word_1_535' title='bbox 2905 3744 3121 3782; x_wconf 88' lang='lat' dir='ltr'><strong>causam</strong></span> <span class='ocrx_word' id='word_1_536' title='bbox 3141 3744 3207 3781; x_wconf 78' lang='lat' dir='ltr'><strong>ex</strong></span> <span class='ocrx_word' id='word_1_537' title='bbox 3236 3744 3400 3783; x_wconf 89' lang='lat' dir='ltr'><strong>causa</strong></span> <span class='ocrx_word' id='word_1_538' title='bbox 3420 3738 3475 3784; x_wconf 88' lang='lat' dir='ltr'>et</span> <span class='ocrx_word' id='word_1_539' title='bbox 3498 3744 3627 3783; x_wconf 87' lang='lat' dir='ltr'><strong>cau-</strong></span> 
     </span>
    </p>
   </div>
   <div class='ocr_carea' id='block_1_74' title="bbox 338 3818 1920 3891">
    <p class='ocr_par' dir='ltr' id='par_1_74' title="bbox 338 3819 1920 3891">
     <span class='ocr_line' id='line_1_74' title="bbox 338 3819 1920 3891; baseline 0.002 -19"><span class='ocrx_word' id='word_1_540' title='bbox 338 3820 553 3888; x_wconf 76' lang='grc' dir='ltr'>σμένον</span> <span class='ocrx_word' id='word_1_541' title='bbox 605 3819 775 3871; x_wconf 84' lang='grc' dir='ltr'>αἰτιον</span> <span class='ocrx_word' id='word_1_542' title='bbox 827 3820 887 3871; x_wconf 82' lang='grc' dir='ltr'>οὺ</span> <span class='ocrx_word' id='word_1_543' title='bbox 932 3819 1146 3889; x_wconf 84' lang='grc' dir='ltr'>φρίττει</span> <span class='ocrx_word' id='word_1_544' title='bbox 1188 3820 1328 3888; x_wconf 86' lang='grc' dir='ltr'>μετά</span> <span class='ocrx_word' id='word_1_545' title='bbox 1376 3820 1615 3887; x_wconf 82' lang='grc' dir='ltr'>σπουδῆς</span> <span class='ocrx_word' id='word_1_546' title='bbox 1650 3822 1920 3891; x_wconf 81' lang='grc' dir='ltr'>τερατολο-</span> 
     </span>
    </p>
   </div>
   <div class='ocr_carea' id='block_1_75' title="bbox 2036 3818 3627 3891">
    <p class='ocr_par' dir='ltr' id='par_1_75' title="bbox 2048 3818 3627 3889">
     <span class='ocr_line' id='line_1_75' title="bbox 2048 3818 3627 3889; baseline -0.007 -7"><span class='ocrx_word' id='word_1_547' title='bbox 2048 3834 2167 3882; x_wconf 82' lang='lat' dir='ltr'><strong>sato</strong></span> <span class='ocrx_word' id='word_1_548' title='bbox 2200 3821 2484 3877; x_wconf 83' lang='lat' dir='ltr'><strong>conﬁctam</strong></span> <span class='ocrx_word' id='word_1_549' title='bbox 2542 3822 2685 3875; x_wconf 89' lang='lat' dir='ltr'><strong>serio</strong></span> <span class='ocrx_word' id='word_1_550' title='bbox 2722 3819 3023 3889; x_wconf 61' lang='lat' dir='ltr'><strong>pradicare</strong></span> <span class='ocrx_word' id='word_1_551' title='bbox 3082 3834 3190 3872; x_wconf 88' lang='lat' dir='ltr'>non</span> <span class='ocrx_word' id='word_1_552' title='bbox 3248 3818 3627 3883; x_wconf 76' lang='lat' dir='ltr'><strong>exliorrescit;</strong></span> 
     </span>
    </p>
   </div>
   <div class='ocr_carea' id='block_1_76' title="bbox 343 3911 1920 3991">
    <p class='ocr_par' dir='ltr' id='par_1_76' title="bbox 343 3912 1920 3987">
     <span class='ocr_line' id='line_1_76' title="bbox 343 3912 1920 3987; baseline 0.004 -22"><span class='ocrx_word' id='word_1_553' title='bbox 343 3912 535 3979; x_wconf 77' lang='grc' dir='ltr'>γοῦσα</span> <span class='ocrx_word' id='word_1_554' title='bbox 564 3930 577 3943; x_wconf 88' lang='grc'>·</span> <span class='ocrx_word' id='word_1_555' title='bbox 611 3915 707 3966; x_wconf 81' lang='grc' dir='ltr'>καὶ</span> <span class='ocrx_word' id='word_1_556' title='bbox 737 3913 1018 3983; x_wconf 81' lang='grc' dir='ltr'>οὐδέτερον</span> <span class='ocrx_word' id='word_1_557' title='bbox 1049 3912 1228 3965; x_wconf 82' lang='grc' dir='ltr'>αὐτῶν</span> <span class='ocrx_word' id='word_1_558' title='bbox 1254 3913 1363 3982; x_wconf 85' lang='grc'>(70)</span> <span class='ocrx_word' id='word_1_559' title='bbox 1418 3913 1478 3967; x_wconf 80' lang='grc' dir='ltr'>τὸ</span> <span class='ocrx_word' id='word_1_560' title='bbox 1518 3914 1704 3978; x_wconf 86' lang='grc' dir='ltr'>ἀτελὲς</span> <span class='ocrx_word' id='word_1_561' title='bbox 1758 3934 1920 3987; x_wconf 82' lang='grc' dir='ltr'>παρα·</span> 
     </span>
    </p>
   </div>
   <div class='ocr_carea' id='block_1_77' title="bbox 2036 3911 3631 3991">
    <p class='ocr_par' dir='ltr' id='par_1_77' title="bbox 2053 3911 3631 3991">
     <span class='ocr_line' id='line_1_77' title="bbox 2053 3911 3631 3991; baseline -0.006 -17"><span class='ocrx_word' id='word_1_562' title='bbox 2053 3931 2284 3991; x_wconf 86' lang='lat' dir='ltr'><strong>quorum</strong></span> <span class='ocrx_word' id='word_1_563' title='bbox 2331 3924 2589 3969; x_wconf 86' lang='lat' dir='ltr'><strong>neutrum</strong></span> <span class='ocrx_word' id='word_1_564' title='bbox 2654 3914 2725 3969; x_wconf 88' lang='lat' dir='ltr'>ab</span> <span class='ocrx_word' id='word_1_565' title='bbox 2793 3912 3208 3983; x_wconf 79' lang='lat' dir='ltr'><strong>imperfectione</strong></span> <span class='ocrx_word' id='word_1_566' title='bbox 3273 3928 3333 3968; x_wconf 89' lang='lat' dir='ltr'>se</span> <span class='ocrx_word' id='word_1_567' title='bbox 3400 3911 3631 3966; x_wconf 72' lang='lat' dir='ltr'><strong>eximit:</strong></span> 
     </span>
    </p>
   </div>
   <div class='ocr_carea' id='block_1_78' title="bbox 1456 4117 2521 4179">
    <p class='ocr_par' dir='ltr' id='par_1_78' title="bbox 1456 4117 2521 4179">
     <span class='ocr_line' id='line_1_78' title="bbox 1456 4117 2521 4179; baseline 0.005 -8"><span class='ocrx_word' id='word_1_568' title='bbox 1456 4117 1690 4174; x_wconf 65' lang='lat' dir='ltr'><strong>VARIE</strong></span> <span class='ocrx_word' id='word_1_569' title='bbox 1730 4118 2119 4179; x_wconf 81' lang='lat' dir='ltr'>LECTIONES</span> <span class='ocrx_word' id='word_1_570' title='bbox 2159 4121 2249 4177; x_wconf 82' lang='lat' dir='ltr'>ET</span> <span class='ocrx_word' id='word_1_571' title='bbox 2287 4120 2521 4178; x_wconf 61' lang='lat' dir='ltr'>NOTAE.</span> 
     </span>
    </p>
   </div>
   <div class='ocr_carea' id='block_1_79' title="bbox 420 4294 1107 4361">
    <p class='ocr_par' dir='ltr' id='par_1_79' title="bbox 420 4294 1107 4361">
     <span class='ocr_line' id='line_1_79' title="bbox 420 4294 1107 4361; baseline -0.003 -12"><span class='ocrx_word' id='word_1_572' title='bbox 420 4294 541 4361; x_wconf 67' lang='grc'>(47)</span> <span class='ocrx_word' id='word_1_573' title='bbox 566 4296 661 4349; x_wconf 78' lang='grc' dir='ltr'>καί</span> <span class='ocrx_word' id='word_1_574' title='bbox 691 4294 850 4350; x_wconf 85' lang='lat' dir='ltr'><strong>deest</strong></span> <span class='ocrx_word' id='word_1_575' title='bbox 879 4295 931 4349; x_wconf 93' lang='lat' dir='ltr'>in</span> <span class='ocrx_word' id='word_1_576' title='bbox 962 4296 1107 4349; x_wconf 84' lang='lat' dir='ltr'><strong>Mon.</strong></span> 
     </span>
    </p>
   </div>
   <div class='ocr_carea' id='block_1_80' title="bbox 422 4280 3633 4436">
    <p class='ocr_par' dir='ltr' id='par_1_80' title="bbox 422 4280 3633 4436">
     <span class='ocr_line' id='line_1_80' title="bbox 422 4280 3633 4370; baseline 0 -18"><span class='ocrx_word' id='word_1_577' title='bbox 422 4294 541 4361; x_wconf 66' lang='grc'>(47)</span> <span class='ocrx_word' id='word_1_578' title='bbox 566 4296 661 4349; x_wconf 71' lang='grc' dir='ltr'>καί</span> <span class='ocrx_word' id='word_1_579' title='bbox 691 4294 850 4350; x_wconf 82' lang='lat' dir='ltr'><strong>deest</strong></span> <span class='ocrx_word' id='word_1_580' title='bbox 879 4295 931 4349; x_wconf 85' lang='lat' dir='ltr'>in</span> <span class='ocrx_word' id='word_1_581' title='bbox 962 4296 1107 4349; x_wconf 74' lang='lat' dir='ltr'><strong>Mon-</strong></span> <span class='ocrx_word' id='word_1_582' title='bbox 2047 4303 2133 4354; x_wconf 89' lang='grc' dir='ltr'>λιν</span> <span class='ocrx_word' id='word_1_583' title='bbox 2163 4301 2311 4363; x_wconf 78' lang='grc' dir='ltr'>ὄντα,</span> <span class='ocrx_word' id='word_1_584' title='bbox 2344 4300 2509 4369; x_wconf 74' lang='grc' dir='ltr'>ἕτερά</span> <span class='ocrx_word' id='word_1_585' title='bbox 2556 4300 2706 4351; x_wconf 71' lang='grc' dir='ltr'>ἐστιν</span> <span class='ocrx_word' id='word_1_586' title='bbox 2748 4298 2995 4370; x_wconf 56' lang='grc' dir='ltr'>ἀλλήλω(ς</span> <span class='ocrx_word' id='word_1_587' title='bbox 3026 4298 3123 4351; x_wconf 74' lang='grc' dir='ltr'>καὶ</span> <span class='ocrx_word' id='word_1_588' title='bbox 3154 4280 3447 4370; x_wconf 51' lang='grc' dir='ltr'>τῷιῖπατρί</span> <span class='ocrx_word' id='word_1_589' title='bbox 3488 4298 3633 4353; x_wconf 67' lang='grc' dir='ltr'>κατὰ</span> 
     </span>
     <span class='ocr_line' id='line_1_81' title="bbox 422 4367 3633 4436; baseline 0.001 -19"><span class='ocrx_word' id='word_1_590' title='bbox 422 4367 545 4435; x_wconf 63' lang='grc'>(48)</span> <span class='ocrx_word' id='word_1_591' title='bbox 572 4370 719 4420; x_wconf 83' lang='grc' dir='ltr'>Μοιι.</span> <span class='ocrx_word' id='word_1_592' title='bbox 755 4367 1173 4436; x_wconf 75' lang='grc' dir='ltr'>σχηματίζει-αι.</span> <span class='ocrx_word' id='word_1_593' title='bbox 2049 4373 2146 4434; x_wconf 84' lang='grc' dir='ltr'>τὰς</span> <span class='ocrx_word' id='word_1_594' title='bbox 2183 4373 2533 4433; x_wconf 80' lang='grc' dir='ltr'>ὑποστάσεις,</span> <span class='ocrx_word' id='word_1_595' title='bbox 2578 4370 2696 4422; x_wconf 83' lang='grc' dir='ltr'>ἀλλ’</span> <span class='ocrx_word' id='word_1_596' title='bbox 2749 4370 2809 4421; x_wconf 81' lang='grc' dir='ltr'>οὐ</span> <span class='ocrx_word' id='word_1_597' title='bbox 2863 4370 2961 4436; x_wconf 83' lang='grc' dir='ltr'>τὴν</span> <span class='ocrx_word' id='word_1_598' title='bbox 2997 4370 3160 4436; x_wconf 77' lang='grc' dir='ltr'>φύσιν</span> <span class='ocrx_word' id='word_1_599' title='bbox 3194 4386 3207 4399; x_wconf 91' lang='grc'><strong>·</strong></span> <span class='ocrx_word' id='word_1_600' title='bbox 3242 4371 3303 4422; x_wconf 85' lang='grc' dir='ltr'>οὐ</span> <span class='ocrx_word' id='word_1_601' title='bbox 3344 4372 3450 4436; x_wconf 79' lang='grc' dir='ltr'>γὰρ</span> <span class='ocrx_word' id='word_1_602' title='bbox 3503 4372 3633 4436; x_wconf 78' lang='grc' dir='ltr'>ἐνῆν</span> 
     </span>
    </p>
   </div>
   <div class='ocr_carea' id='block_1_81' title="bbox 2049 4370 3633 4439">
    <p class='ocr_par' dir='ltr' id='par_1_81' title="bbox 2049 4370 3633 4439">
     <span class='ocr_line' id='line_1_82' title="bbox 2049 4370 3633 4439; baseline -0.003 -14"><span class='ocrx_word' id='word_1_603' title='bbox 2049 4373 2146 4434; x_wconf 85' lang='grc' dir='ltr'>τὰς</span> <span class='ocrx_word' id='word_1_604' title='bbox 2183 4373 2533 4433; x_wconf 80' lang='grc' dir='ltr'>ὑποστάσεις,</span> <span class='ocrx_word' id='word_1_605' title='bbox 2578 4370 2696 4422; x_wconf 83' lang='grc' dir='ltr'>ἀλλ’</span> <span class='ocrx_word' id='word_1_606' title='bbox 2749 4370 2809 4421; x_wconf 84' lang='grc' dir='ltr'>οὑ</span> <span class='ocrx_word' id='word_1_607' title='bbox 2863 4370 2961 4439; x_wconf 83' lang='grc' dir='ltr'>τὴν</span> <span class='ocrx_word' id='word_1_608' title='bbox 2997 4370 3160 4439; x_wconf 74' lang='grc' dir='ltr'>φύσιν</span> <span class='ocrx_word' id='word_1_609' title='bbox 3194 4386 3207 4399; x_wconf 91' lang='grc'><strong>·</strong></span> <span class='ocrx_word' id='word_1_610' title='bbox 3242 4371 3303 4422; x_wconf 84' lang='grc' dir='ltr'>οὐ</span> <span class='ocrx_word' id='word_1_611' title='bbox 3344 4372 3450 4437; x_wconf 79' lang='grc' dir='ltr'>γὰρ</span> <span class='ocrx_word' id='word_1_612' title='bbox 3503 4372 3633 4439; x_wconf 79' lang='grc' dir='ltr'>ἐνῆν</span> 
     </span>
    </p>
   </div>
   <div class='ocr_carea' id='block_1_82' title="bbox 425 4437 1317 4506">
    <p class='ocr_par' dir='ltr' id='par_1_82' title="bbox 425 4437 1317 4506">
     <span class='ocr_line' id='line_1_83' title="bbox 425 4437 1317 4506; baseline -0.001 -16"><span class='ocrx_word' id='word_1_613' title='bbox 425 4438 547 4505; x_wconf 71' lang='grc'>(49)</span> <span class='ocrx_word' id='word_1_614' title='bbox 579 4437 723 4506; x_wconf 75' lang='lat' dir='ltr'><strong>Mon.</strong></span> <span class='ocrx_word' id='word_1_615' title='bbox 759 4454 814 4489; x_wconf 90' lang='grc' dir='ltr'>α.</span> <span class='ocrx_word' id='word_1_616' title='bbox 862 4437 1026 4506; x_wconf 83' lang='grc' dir='ltr'>μηδὲν</span> <span class='ocrx_word' id='word_1_617' title='bbox 1060 4437 1317 4505; x_wconf 78' lang='grc' dir='ltr'>παρέχον.</span> 
     </span>
    </p>
   </div>
   <div class='ocr_carea' id='block_1_83' title="bbox 428 4505 1733 4582">
    <p class='ocr_par' dir='ltr' id='par_1_83' title="bbox 428 4505 1733 4582">
     <span class='ocr_line' id='line_1_84' title="bbox 428 4505 1733 4582; baseline 0.003 -19"><span class='ocrx_word' id='word_1_618' title='bbox 428 4508 551 4582; x_wconf 54' lang='lat' dir='ltr'><strong>(iit?)</strong></span> <span class='ocrx_word' id='word_1_619' title='bbox 581 4508 671 4582; x_wconf 86' lang='lat' dir='ltr'><strong>_S_ic</strong></span> <span class='ocrx_word' id='word_1_620' title='bbox 705 4505 877 4582; x_wconf 78' lang='lat' dir='ltr'><strong>Palat.</strong></span> <span class='ocrx_word' id='word_1_621' title='bbox 904 4517 959 4560; x_wconf 89' lang='lat' dir='ltr'>et</span> <span class='ocrx_word' id='word_1_622' title='bbox 985 4506 1220 4582; x_wconf 83' lang='lat' dir='ltr'><strong>Mo_nac.;</strong></span> <span class='ocrx_word' id='word_1_623' title='bbox 1247 4506 1424 4564; x_wconf 78' lang='lat' dir='ltr'><strong>Vatic.</strong></span> <span class='ocrx_word' id='word_1_624' title='bbox 1452 4512 1733 4582; x_wconf 82' lang='grc' dir='ltr'>παρέχειν.</span> 
     </span>
    </p>
   </div>
   <div class='ocr_carea' id='block_1_84' title="bbox 426 4575 1137 4645">
    <p class='ocr_par' dir='ltr' id='par_1_84' title="bbox 426 4575 1137 4645">
     <span class='ocr_line' id='line_1_85' title="bbox 426 4575 1137 4645; baseline -0.003 -14"><span class='ocrx_word' id='word_1_625' title='bbox 426 4575 551 4645; x_wconf 42' lang='grc'>(⁷51)</span> <span class='ocrx_word' id='word_1_626' title='bbox 584 4576 728 4631; x_wconf 83' lang='lat' dir='ltr'><strong>Mon.</strong></span> <span class='ocrx_word' id='word_1_627' title='bbox 760 4576 851 4629; x_wconf 78' lang='grc' dir='ltr'>τὸν</span> <span class='ocrx_word' id='word_1_628' title='bbox 880 4578 1137 4645; x_wconf 80' lang='grc' dir='ltr'>περιυὸρ.</span> 
     </span>
    </p>
   </div>
   <div class='ocr_carea' id='block_1_85' title="bbox 424 4595 1218 4713">
    <p class='ocr_par' dir='ltr' id='par_1_85' title="bbox 424 4595 1218 4713">
     <span class='ocr_line' id='line_1_86' title="bbox 426 4595 1137 4645; baseline -0.003 -14"><span class='ocrx_word' id='word_1_629' title='bbox 426 4595 551 4645; x_wconf 73' lang='grc' dir='ltr'>(δι)</span> <span class='ocrx_word' id='word_1_630' title='bbox 584 4595 728 4631; x_wconf 79' lang='lat' dir='ltr'><strong>mon.</strong></span> <span class='ocrx_word' id='word_1_631' title='bbox 760 4595 851 4629; x_wconf 86' lang='grc' dir='ltr'>τον</span> <span class='ocrx_word' id='word_1_632' title='bbox 880 4595 1079 4645; x_wconf 84' lang='grc' dir='ltr'>περιυο</span> <span class='ocrx_word' id='word_1_633' title='bbox 1125 4617 1137 4629; x_wconf 94' lang='grc'>.</span> 
     </span>
     <span class='ocr_line' id='line_1_87' title="bbox 424 4595 1218 4713; baseline 0.003 -12"><span class='ocrx_word' id='word_1_634' title='bbox 424 4648 548 4713; x_wconf 73' lang='lat'><strong>(5&#39;2)</strong></span> <span class='ocrx_word' id='word_1_635' title='bbox 572 4647 687 4701; x_wconf 89' lang='lat' dir='ltr'><strong>Col.</strong></span> <span class='ocrx_word' id='word_1_636' title='bbox 715 4664 776 4701; x_wconf 89' lang='grc' dir='ltr'>π.</span> <span class='ocrx_word' id='word_1_637' title='bbox 811 4648 906 4699; x_wconf 71' lang='grc' dir='ltr'>καὶ</span> <span class='ocrx_word' id='word_1_638' title='bbox 938 4649 996 4712; x_wconf 76' lang='grc' dir='ltr'>ἐξ</span> <span class='ocrx_word' id='word_1_639' title='bbox 1024 4595 1218 4703; x_wconf 63' lang='grc' dir='ltr'>αίὲίου.</span> 
     </span>
    </p>
   </div>
   <div class='ocr_carea' id='block_1_86' title="bbox 455 4717 1017 4788">
    <p class='ocr_par' dir='ltr' id='par_1_86' title="bbox 455 4717 1017 4788">
     <span class='ocr_line' id='line_1_88' title="bbox 455 4717 1017 4788; baseline -0.002 -17"><span class='ocrx_word' id='word_1_640' title='bbox 455 4717 552 4788; x_wconf 69' lang='grc'>55)</span> <span class='ocrx_word' id='word_1_641' title='bbox 581 4717 700 4788; x_wconf 85' lang='lat' dir='ltr'><strong>Col.</strong></span> <span class='ocrx_word' id='word_1_642' title='bbox 727 4718 1017 4788; x_wconf 82' lang='grc' dir='ltr'>παράγων.</span> 
     </span>
    </p>
   </div>
   <div class='ocr_carea' id='block_1_87' title="bbox 453 4787 1267 4856">
    <p class='ocr_par' dir='ltr' id='par_1_87' title="bbox 453 4787 1267 4856">
     <span class='ocr_line' id='line_1_89' title="bbox 453 4787 1267 4856; baseline 0.005 -15"><span class='ocrx_word' id='word_1_643' title='bbox 453 4787 553 4853; x_wconf 75' lang='grc'>54)</span> <span class='ocrx_word' id='word_1_644' title='bbox 582 4787 727 4841; x_wconf 83' lang='lat' dir='ltr'><strong>Mon.</strong></span> <span class='ocrx_word' id='word_1_645' title='bbox 760 4787 1267 4856; x_wconf 81' lang='grc' dir='ltr'>συγγνωσθήσεται.</span> 
     </span>
    </p>
   </div>
   <div class='ocr_carea' id='block_1_88' title="bbox 354 4858 1608 4933">
    <p class='ocr_par' dir='ltr' id='par_1_88' title="bbox 354 4858 1608 4933">
     <span class='ocr_line' id='line_1_90' title="bbox 354 4858 1608 4933; baseline 0.004 -23"><span class='ocrx_word' id='word_1_646' title='bbox 354 4892 377 4911; x_wconf 64' lang='grc' dir='ltr'><strong><em>ι</em></strong></span> <span class='ocrx_word' id='word_1_647' title='bbox 572 4858 707 4933; x_wconf 61' lang='lat' dir='ltr'><strong>gum</strong></span> <span class='ocrx_word' id='word_1_648' title='bbox 744 4858 829 4933; x_wconf 79' lang='lat' dir='ltr'>bis</span> <span class='ocrx_word' id='word_1_649' title='bbox 853 4858 1199 4933; x_wconf 22' lang='lat' dir='ltr'><strong>conl&#39;ervcap.</strong></span> <span class='ocrx_word' id='word_1_650' title='bbox 1223 4861 1251 4913; x_wconf 88' lang='lat'><strong>7</strong></span> <span class='ocrx_word' id='word_1_651' title='bbox 1276 4870 1332 4916; x_wconf 86' lang='lat' dir='ltr'>et</span> <span class='ocrx_word' id='word_1_652' title='bbox 1359 4878 1483 4933; x_wconf 89' lang='lat' dir='ltr'><strong>cap.</strong></span> <span class='ocrx_word' id='word_1_653' title='bbox 1517 4864 1608 4916; x_wconf 74' lang='lat'>3|.</span> 
     </span>
    </p>
   </div>
   <div class='ocr_carea' id='block_1_89' title="bbox 430 4928 1121 4993">
    <p class='ocr_par' dir='ltr' id='par_1_89' title="bbox 430 4928 1121 4993">
     <span class='ocr_line' id='line_1_91' title="bbox 430 4928 1121 4993; baseline 0.003 -12"><span class='ocrx_word' id='word_1_654' title='bbox 430 4928 555 4993; x_wconf 86' lang='grc'>(56)</span> <span class='ocrx_word' id='word_1_655' title='bbox 579 4928 696 4981; x_wconf 85' lang='lat' dir='ltr'><strong>Col.</strong></span> <span class='ocrx_word' id='word_1_656' title='bbox 735 4929 889 4982; x_wconf 86' lang='lat' dir='ltr'><strong>deest</strong></span> <span class='ocrx_word' id='word_1_657' title='bbox 918 4929 1121 4991; x_wconf 78' lang='grc' dir='ltr'>αὐτοῖς.</span> 
     </span>
    </p>
   </div>
   <div class='ocr_carea' id='block_1_90' title="bbox 428 4997 1059 5068">
    <p class='ocr_par' dir='ltr' id='par_1_90' title="bbox 428 4997 1059 5068">
     <span class='ocr_line' id='line_1_92' title="bbox 428 4997 1059 5068; baseline 0 -16"><span class='ocrx_word' id='word_1_658' title='bbox 428 4998 551 5068; x_wconf 86' lang='grc'>(57)</span> <span class='ocrx_word' id='word_1_659' title='bbox 580 4997 723 5051; x_wconf 81' lang='lat' dir='ltr'><strong>Mon.</strong></span> <span class='ocrx_word' id='word_1_660' title='bbox 760 4998 853 5050; x_wconf 86' lang='grc' dir='ltr'>καί</span> <span class='ocrx_word' id='word_1_661' title='bbox 884 4999 1059 5052; x_wconf 87' lang='lat' dir='ltr'><strong>deest.</strong></span> 
     </span>
    </p>
   </div>
   <div class='ocr_carea' id='block_1_91' title="bbox 428 5068 1283 5137">
    <p class='ocr_par' dir='ltr' id='par_1_91' title="bbox 428 5068 1283 5137">
     <span class='ocr_line' id='line_1_93' title="bbox 428 5068 1283 5137; baseline 0.002 -14"><span class='ocrx_word' id='word_1_662' title='bbox 428 5070 551 5137; x_wconf 83' lang='lat'><strong>(58)</strong></span> <span class='ocrx_word' id='word_1_663' title='bbox 578 5068 707 5121; x_wconf 90' lang='lat' dir='ltr'><strong>Item</strong></span> <span class='ocrx_word' id='word_1_664' title='bbox 742 5068 835 5120; x_wconf 85' lang='grc' dir='ltr'>καί</span> <span class='ocrx_word' id='word_1_665' title='bbox 868 5069 1021 5122; x_wconf 84' lang='lat' dir='ltr'><strong>deest</strong></span> <span class='ocrx_word' id='word_1_666' title='bbox 1052 5071 1105 5123; x_wconf 91' lang='lat' dir='ltr'>in</span> <span class='ocrx_word' id='word_1_667' title='bbox 1139 5068 1283 5125; x_wconf 77' lang='lat' dir='ltr'><strong>Mon.</strong></span> 
     </span>
    </p>
   </div>
   <div class='ocr_carea' id='block_1_92' title="bbox 431 5138 1062 5210">
    <p class='ocr_par' dir='ltr' id='par_1_92' title="bbox 431 5138 1062 5210">
     <span class='ocr_line' id='line_1_94' title="bbox 431 5138 1062 5210; baseline -0.005 -16"><span class='ocrx_word' id='word_1_668' title='bbox 431 5139 554 5210; x_wconf 84' lang='lat'><strong>(59)</strong></span> <span class='ocrx_word' id='word_1_669' title='bbox 579 5139 800 5210; x_wconf 80' lang='lat' dir='ltr'><strong>6_&#39;_deest</strong></span> <span class='ocrx_word' id='word_1_670' title='bbox 826 5138 879 5190; x_wconf 92' lang='lat' dir='ltr'>in</span> <span class='ocrx_word' id='word_1_671' title='bbox 917 5138 1062 5210; x_wconf 79' lang='lat' dir='ltr'><strong>Mon.</strong></span> 
     </span>
    </p>
   </div>
   <div class='ocr_carea' id='block_1_93' title="bbox 437 5207 1200 5279">
    <p class='ocr_par' dir='ltr' id='par_1_93' title="bbox 437 5207 1200 5279">
     <span class='ocr_line' id='line_1_95' title="bbox 437 5207 1200 5279; baseline 0.001 -17"><span class='ocrx_word' id='word_1_672' title='bbox 437 5207 559 5279; x_wconf 83' lang='lat'><strong>(60)</strong></span> <span class='ocrx_word' id='word_1_673' title='bbox 599 5207 904 5277; x_wconf 81' lang='grc' dir='ltr'>Μοιι..ήμῖν</span> <span class='ocrx_word' id='word_1_674' title='bbox 928 5208 989 5261; x_wconf 78' lang='grc' dir='ltr'>τὸ</span> <span class='ocrx_word' id='word_1_675' title='bbox 1017 5209 1200 5273; x_wconf 78' lang='grc' dir='ltr'>σέϐας.</span> 
     </span>
    </p>
   </div>
   <div class='ocr_carea' id='block_1_94' title="bbox 439 5279 1166 5344">
    <p class='ocr_par' dir='ltr' id='par_1_94' title="bbox 439 5279 1166 5344">
     <span class='ocr_line' id='line_1_96' title="bbox 439 5279 1166 5344; baseline 0.001 -12"><span class='ocrx_word' id='word_1_676' title='bbox 439 5280 558 5344; x_wconf 86' lang='lat'><strong>(6|)</strong></span> <span class='ocrx_word' id='word_1_677' title='bbox 600 5279 708 5331; x_wconf 86' lang='grc' dir='ltr'>τῶν</span> <span class='ocrx_word' id='word_1_678' title='bbox 744 5280 898 5332; x_wconf 82' lang='lat' dir='ltr'><strong>deest</strong></span> <span class='ocrx_word' id='word_1_679' title='bbox 932 5282 984 5331; x_wconf 89' lang='lat' dir='ltr'>in</span> <span class='ocrx_word' id='word_1_680' title='bbox 1021 5281 1166 5335; x_wconf 81' lang='lat' dir='ltr'><strong>Mou.</strong></span> 
     </span>
    </p>
   </div>
   <div class='ocr_carea' id='block_1_95' title="bbox 442 5348 1026 5420">
    <p class='ocr_par' dir='ltr' id='par_1_95' title="bbox 442 5348 1026 5420">
     <span class='ocr_line' id='line_1_97' title="bbox 442 5348 1026 5420; baseline 0.01 -21"><span class='ocrx_word' id='word_1_681' title='bbox 442 5348 857 5420; x_wconf 56' lang='lat' dir='ltr'><strong>(63)_bnspuyiq.</strong></span> <span class='ocrx_word' id='word_1_682' title='bbox 884 5348 1026 5405; x_wconf 80' lang='lat' dir='ltr'><strong>Mon.</strong></span> 
     </span>
    </p>
   </div>
   <div class='ocr_carea' id='block_1_96' title="bbox 444 5416 1944 5484">
    <p class='ocr_par' dir='ltr' id='par_1_96' title="bbox 444 5416 1944 5484">
     <span class='ocr_line' id='line_1_98' title="bbox 444 5416 1944 5484; baseline 0.005 -16"><span class='ocrx_word' id='word_1_683' title='bbox 444 5416 540 5484; x_wconf 79' lang='grc'>(65</span> <span class='ocrx_word' id='word_1_684' title='bbox 569 5416 704 5471; x_wconf 68' lang='grc' dir='ltr'>ΙΙςιεο</span> <span class='ocrx_word' id='word_1_685' title='bbox 735 5416 965 5472; x_wconf 79' lang='lat' dir='ltr'><strong>exornat</strong></span> <span class='ocrx_word' id='word_1_686' title='bbox 1004 5422 1077 5474; x_wconf 90' lang='lat' dir='ltr'>ita</span> <span class='ocrx_word' id='word_1_687' title='bbox 1131 5420 1397 5476; x_wconf 79' lang='lat' dir='ltr'><strong>Maximus</strong></span> <span class='ocrx_word' id='word_1_688' title='bbox 1452 5424 1725 5479; x_wconf 83' lang='lat' dir='ltr'><strong>Plauudes</strong></span> <span class='ocrx_word' id='word_1_689' title='bbox 1778 5425 1944 5483; x_wconf 80' lang='lat' dir='ltr'><strong>svllo-</strong></span> 
     </span>
    </p>
   </div>
   <div class='ocr_carea' id='block_1_97' title="bbox 358 5486 1945 5618">
    <p class='ocr_par' dir='ltr' id='par_1_97' title="bbox 358 5486 1945 5618">
     <span class='ocr_line' id='line_1_99' title="bbox 358 5486 1945 5618; baseline 0.004 -75"><span class='ocrx_word' id='word_1_690' title='bbox 358 5491 549 5618; x_wconf 59' lang='lat' dir='ltr'><strong>gSIIIO</strong></span> <span class='ocrx_word' id='word_1_691' title='bbox 576 5488 794 5558; x_wconf 70' lang='lat' dir='ltr'><strong>2(apud</strong></span> <span class='ocrx_word' id='word_1_692' title='bbox 819 5489 1014 5561; x_wconf 82' lang='lat' dir='ltr'><strong>Georg.</strong></span> <span class='ocrx_word' id='word_1_693' title='bbox 1050 5491 1282 5546; x_wconf 81' lang='lat' dir='ltr'><strong>Metoeb.</strong></span> <span class='ocrx_word' id='word_1_694' title='bbox 1313 5494 1374 5549; x_wconf 85' lang='lat' dir='ltr'><strong>G.</strong></span> <span class='ocrx_word' id='word_1_695' title='bbox 1397 5493 1458 5549; x_wconf 90' lang='lat'><strong>0.</strong></span> <span class='ocrx_word' id='word_1_696' title='bbox 1496 5496 1559 5548; x_wconf 89' lang='lat' dir='ltr'><strong>Il.</strong></span> <span class='ocrx_word' id='word_1_697' title='bbox 1597 5486 1945 5581; x_wconf 45' lang='lat' dir='ltr'><strong>944:5r&#39;cud.</strong></span> 
     </span>
     <span class='ocr_line' id='line_1_100' title="bbox 422 5559 1945 5618; baseline 0.003 -5"><span class='ocrx_word' id='word_1_698' title='bbox 422 5575 577 5618; x_wconf 78' lang='lat' dir='ltr'><strong>nusc.</strong></span> <span class='ocrx_word' id='word_1_699' title='bbox 621 5559 794 5612; x_wconf 80' lang='lat' dir='ltr'><strong>tlieol.</strong></span> <span class='ocrx_word' id='word_1_700' title='bbox 848 5577 1009 5615; x_wconf 86' lang='lat' dir='ltr'><strong>aurea</strong></span> <span class='ocrx_word' id='word_1_701' title='bbox 1053 5571 1107 5615; x_wconf 86' lang='lat' dir='ltr'>et</span> <span class='ocrx_word' id='word_1_702' title='bbox 1150 5564 1274 5616; x_wconf 80' lang='lat' dir='ltr'><strong>cod.</strong></span> <span class='ocrx_word' id='word_1_703' title='bbox 1304 5564 1449 5617; x_wconf 81' lang='lat' dir='ltr'><strong>Mon.</strong></span> <span class='ocrx_word' id='word_1_704' title='bbox 1482 5566 1573 5618; x_wconf 68' lang='lat'>27.</span> <span class='ocrx_word' id='word_1_705' title='bbox 1611 5568 1647 5618; x_wconf 77' lang='grc' dir='ltr'>Γ.</span> <span class='ocrx_word' id='word_1_706' title='bbox 1715 5583 1770 5618; x_wconf 70' lang='grc' dir='ltr'>Α.)</span> <span class='ocrx_word' id='word_1_707' title='bbox 1797 5584 1847 5618; x_wconf 84' lang='lat' dir='ltr'>a.</span> <span class='ocrx_word' id='word_1_708' title='bbox 1896 5576 1945 5618; x_wconf 85' lang='lat' dir='ltr'>et</span> 
     </span>
    </p>
   </div>
   <div class='ocr_carea' id='block_1_98' title="bbox 422 5559 1952 5629">
    <p class='ocr_par' dir='ltr' id='par_1_98' title="bbox 422 5559 1952 5629">
     <span class='ocr_line' id='line_1_101' title="bbox 422 5559 1952 5629; baseline 0.005 -16"><span class='ocrx_word' id='word_1_709' title='bbox 422 5575 577 5629; x_wconf 77' lang='lat' dir='ltr'><strong>pusc.</strong></span> <span class='ocrx_word' id='word_1_710' title='bbox 621 5559 794 5629; x_wconf 80' lang='lat' dir='ltr'><strong>tlieol.</strong></span> <span class='ocrx_word' id='word_1_711' title='bbox 848 5559 1009 5615; x_wconf 77' lang='lat' dir='ltr'><strong>aurea</strong></span> <span class='ocrx_word' id='word_1_712' title='bbox 1053 5571 1107 5615; x_wconf 86' lang='lat' dir='ltr'>et</span> <span class='ocrx_word' id='word_1_713' title='bbox 1150 5564 1274 5616; x_wconf 80' lang='lat' dir='ltr'><strong>cod.</strong></span> <span class='ocrx_word' id='word_1_714' title='bbox 1304 5564 1449 5617; x_wconf 82' lang='lat' dir='ltr'><strong>Mon.</strong></span> <span class='ocrx_word' id='word_1_715' title='bbox 1482 5566 1573 5629; x_wconf 65' lang='grc' dir='ltr'>Ἦ,</span> <span class='ocrx_word' id='word_1_716' title='bbox 1611 5568 1647 5618; x_wconf 77' lang='grc' dir='ltr'>Γ.</span> <span class='ocrx_word' id='word_1_717' title='bbox 1705 5568 1770 5619; x_wconf 81' lang='grc'>75</span> <span class='ocrx_word' id='word_1_718' title='bbox 1797 5584 1847 5619; x_wconf 85' lang='lat' dir='ltr'>a.</span> <span class='ocrx_word' id='word_1_719' title='bbox 1896 5576 1952 5620; x_wconf 85' lang='lat' dir='ltr'>et</span> 
     </span>
    </p>
   </div>
   <div class='ocr_carea' id='block_1_99' title="bbox 362 5628 1952 5705">
    <p class='ocr_par' dir='ltr' id='par_1_99' title="bbox 362 5628 1952 5705">
     <span class='ocr_line' id='line_1_102' title="bbox 362 5628 1952 5705; baseline 0.003 -22"><span class='ocrx_word' id='word_1_720' title='bbox 362 5628 592 5705; x_wconf 55' lang='lat' dir='ltr'>_8‘.ib.)_:</span> <span class='ocrx_word' id='word_1_721' title='bbox 644 5628 705 5705; x_wconf 76' lang='grc' dir='ltr'>’ῌ</span> <span class='ocrx_word' id='word_1_722' title='bbox 741 5630 838 5698; x_wconf 83' lang='grc' dir='ltr'>μὲν</span> <span class='ocrx_word' id='word_1_723' title='bbox 874 5633 1040 5705; x_wconf 69' lang='grc' dir='ltr'>μονὰς</span> <span class='ocrx_word' id='word_1_724' title='bbox 1066 5634 1390 5705; x_wconf 79' lang='grc' dir='ltr'>ταυτότητός</span> <span class='ocrx_word' id='word_1_725' title='bbox 1414 5628 1567 5689; x_wconf 82' lang='grc' dir='ltr'>ἐστιν</span> <span class='ocrx_word' id='word_1_726' title='bbox 1606 5636 1775 5696; x_wconf 86' lang='grc' dir='ltr'>αἰτία,</span> <span class='ocrx_word' id='word_1_727' title='bbox 1808 5638 1839 5705; x_wconf 79' lang='grc' dir='ltr'>ἠ</span> <span class='ocrx_word' id='word_1_728' title='bbox 1894 5636 1952 5689; x_wconf 80' lang='grc' dir='ltr'>δὲ</span> 
     </span>
    </p>
   </div>
   <div class='ocr_carea' id='block_1_100' title="bbox 362 5698 1953 5776">
    <p class='ocr_par' dir='ltr' id='par_1_100' title="bbox 362 5698 1953 5776">
     <span class='ocr_line' id='line_1_103' title="bbox 362 5698 1953 5776; baseline 0.003 -24"><span class='ocrx_word' id='word_1_729' title='bbox 362 5701 505 5776; x_wconf 57' lang='grc' dir='ltr'>δυὰς</span> <span class='ocrx_word' id='word_1_730' title='bbox 536 5698 857 5776; x_wconf 20' lang='grc' dir='ltr'>ᾐέτε-ρίιτητος</span> <span class='ocrx_word' id='word_1_731' title='bbox 876 5698 899 5729; x_wconf 49' lang='grc' dir='ltr'>λ</span> <span class='ocrx_word' id='word_1_732' title='bbox 921 5700 1045 5776; x_wconf 65' lang='grc' dir='ltr'>ῥθεν</span> <span class='ocrx_word' id='word_1_733' title='bbox 1079 5704 1173 5776; x_wconf 79' lang='grc' dir='ltr'>καὶ</span> <span class='ocrx_word' id='word_1_734' title='bbox 1202 5698 1313 5776; x_wconf 75' lang='grc' dir='ltr'>υίὸς</span> <span class='ocrx_word' id='word_1_735' title='bbox 1334 5707 1427 5776; x_wconf 51' lang='grc' dir='ltr'>καί</span> <span class='ocrx_word' id='word_1_736' title='bbox 1466 5705 1684 5776; x_wconf 85' lang='grc' dir='ltr'>πνεῦμα</span> <span class='ocrx_word' id='word_1_737' title='bbox 1703 5707 1764 5757; x_wconf 87' lang='grc' dir='ltr'>τὸ</span> <span class='ocrx_word' id='word_1_738' title='bbox 1798 5698 1953 5773; x_wconf 66' lang='grc' dir='ltr'>ἅγιον</span> 
     </span>
    </p>
   </div>
   <div class='ocr_carea' id='block_1_101' title="bbox 362 5768 1949 5845">
    <p class='ocr_par' dir='ltr' id='par_1_101' title="bbox 362 5768 1949 5845">
     <span class='ocr_line' id='line_1_104' title="bbox 362 5768 1949 5845; baseline 0.006 -26"><span class='ocrx_word' id='word_1_739' title='bbox 362 5772 449 5833; x_wconf 81' lang='grc' dir='ltr'>ὡς</span> <span class='ocrx_word' id='word_1_740' title='bbox 492 5768 825 5845; x_wconf 35' lang='grc' dir='ltr'>μὲν-έξ-ένὸς</span> <span class='ocrx_word' id='word_1_741' title='bbox 856 5771 949 5845; x_wconf 84' lang='grc' dir='ltr'>τοῦ</span> <span class='ocrx_word' id='word_1_742' title='bbox 982 5772 1189 5845; x_wconf 68' lang='grc' dir='ltr'>πατρὸς</span> <span class='ocrx_word' id='word_1_743' title='bbox 1220 5772 1347 5825; x_wconf 82' lang='grc' dir='ltr'>ὅντα</span> <span class='ocrx_word' id='word_1_744' title='bbox 1372 5774 1433 5826; x_wconf 86' lang='grc' dir='ltr'>τὸ</span> <span class='ocrx_word' id='word_1_745' title='bbox 1467 5768 1666 5829; x_wconf 71' lang='grc' dir='ltr'>ταὺτὸν</span> <span class='ocrx_word' id='word_1_746' title='bbox 1700 5777 1800 5843; x_wconf 72' lang='grc' dir='ltr'>τῆς</span> <span class='ocrx_word' id='word_1_747' title='bbox 1844 5768 1949 5845; x_wconf 67' lang='grc' dir='ltr'>ἐρύ-</span> 
     </span>
    </p>
   </div>
   <div class='ocr_carea' id='block_1_102' title="bbox 365 5839 1951 5915">
    <p class='ocr_par' dir='ltr' id='par_1_102' title="bbox 365 5839 1951 5915">
     <span class='ocr_line' id='line_1_105' title="bbox 365 5839 1951 5915; baseline 0.005 -20"><span class='ocrx_word' id='word_1_748' title='bbox 365 5855 516 5905; x_wconf 74' lang='grc' dir='ltr'>σεως</span> <span class='ocrx_word' id='word_1_749' title='bbox 552 5839 805 5911; x_wconf 77' lang='grc' dir='ltr'>ἀλλήλοις</span> <span class='ocrx_word' id='word_1_750' title='bbox 838 5842 931 5897; x_wconf 77' lang='grc' dir='ltr'>καὶ</span> <span class='ocrx_word' id='word_1_751' title='bbox 963 5842 1041 5915; x_wconf 80' lang='grc' dir='ltr'>τῷ</span> <span class='ocrx_word' id='word_1_752' title='bbox 1064 5845 1232 5915; x_wconf 82' lang='grc' dir='ltr'>πατρὶ</span> <span class='ocrx_word' id='word_1_753' title='bbox 1259 5844 1475 5915; x_wconf 75' lang='grc' dir='ltr'>ἔχουσιν</span> <span class='ocrx_word' id='word_1_754' title='bbox 1497 5860 1511 5876; x_wconf 82' lang='grc'><strong><em>⁸</em></strong></span> <span class='ocrx_word' id='word_1_755' title='bbox 1550 5845 1626 5911; x_wconf 86' lang='grc' dir='ltr'>ὡς</span> <span class='ocrx_word' id='word_1_756' title='bbox 1646 5846 1704 5900; x_wconf 79' lang='grc' dir='ltr'>δὲ</span> <span class='ocrx_word' id='word_1_757' title='bbox 1730 5839 1823 5901; x_wconf 75' lang='grc' dir='ltr'>δύο</span> <span class='ocrx_word' id='word_1_758' title='bbox 1842 5839 1951 5903; x_wconf 76' lang='grc' dir='ltr'>πά-</span> 
     </span>
    </p>
   </div>
   <div class='ocr_carea' id='block_1_103' title="bbox 2047 4438 3633 4511">
    <p class='ocr_par' dir='ltr' id='par_1_103' title="bbox 2047 4438 3633 4511">
     <span class='ocr_line' id='line_1_106' title="bbox 2047 4438 3633 4511; baseline -0.003 -16"><span class='ocrx_word' id='word_1_759' title='bbox 2047 4443 2219 4511; x_wconf 75' lang='grc' dir='ltr'>ταῦτα</span> <span class='ocrx_word' id='word_1_760' title='bbox 2244 4442 2344 4511; x_wconf 86' lang='grc' dir='ltr'>τὴν</span> <span class='ocrx_word' id='word_1_761' title='bbox 2379 4441 2543 4509; x_wconf 80' lang='grc' dir='ltr'>φύσιν</span> <span class='ocrx_word' id='word_1_762' title='bbox 2573 4441 2702 4511; x_wconf 69' lang='grc' dir='ltr'>δντα</span> <span class='ocrx_word' id='word_1_763' title='bbox 2735 4440 2827 4511; x_wconf 79' lang='grc' dir='ltr'>καὶ</span> <span class='ocrx_word' id='word_1_764' title='bbox 2852 4438 3208 4511; x_wconf 14' lang='grc' dir='ltr'>ἔτεραῗπὰλιν</span> <span class='ocrx_word' id='word_1_765' title='bbox 3228 4440 3369 4493; x_wconf 86' lang='grc' dir='ltr'>κατά</span> <span class='ocrx_word' id='word_1_766' title='bbox 3399 4441 3499 4509; x_wconf 80' lang='grc' dir='ltr'>τὴν</span> <span class='ocrx_word' id='word_1_767' title='bbox 3522 4440 3633 4511; x_wconf 14' lang='grc' dir='ltr'>,φύ-</span> 
     </span>
    </p>
   </div>
   <div class='ocr_carea' id='block_1_104' title="bbox 2053 4506 3627 4578">
    <p class='ocr_par' dir='ltr' id='par_1_104' title="bbox 2053 4506 3627 4578">
     <span class='ocr_line' id='line_1_107' title="bbox 2053 4506 3627 4578; baseline -0.003 -13"><span class='ocrx_word' id='word_1_768' title='bbox 2053 4529 2138 4565; x_wconf 85' lang='grc' dir='ltr'>σιν</span> <span class='ocrx_word' id='word_1_769' title='bbox 2164 4506 2342 4565; x_wconf 68' lang='grc' dir='ltr'>εἶναι’</span> <span class='ocrx_word' id='word_1_770' title='bbox 2383 4506 2430 4564; x_wconf 78' lang='grc' dir='ltr'>εἰ</span> <span class='ocrx_word' id='word_1_771' title='bbox 2475 4511 2573 4577; x_wconf 79' lang='grc' dir='ltr'>μὲν</span> <span class='ocrx_word' id='word_1_772' title='bbox 2607 4506 2698 4562; x_wconf 79' lang='grc' dir='ltr'>οὖν</span> <span class='ocrx_word' id='word_1_773' title='bbox 2728 4510 2837 4578; x_wconf 83' lang='grc' dir='ltr'>ἄρα</span> <span class='ocrx_word' id='word_1_774' title='bbox 2870 4506 3110 4573; x_wconf 59' lang='grc' dir='ltr'>ἐξὲνὸς,</span> <span class='ocrx_word' id='word_1_775' title='bbox 3162 4512 3410 4562; x_wconf 82' lang='grc' dir='ltr'>τουτέστι</span> <span class='ocrx_word' id='word_1_776' title='bbox 3457 4506 3627 4578; x_wconf 72' lang='grc' dir='ltr'>’μόνου</span> 
     </span>
    </p>
   </div>
   <div class='ocr_carea' id='block_1_105' title="bbox 1982 4578 3633 4650">
    <p class='ocr_par' dir='ltr' id='par_1_105' title="bbox 1982 4578 3633 4650">
     <span class='ocr_line' id='line_1_108' title="bbox 1982 4578 3633 4650; baseline -0.002 -16"><span class='ocrx_word' id='word_1_777' title='bbox 1982 4591 2027 4650; x_wconf 80' lang='grc' dir='ltr'>Ι)</span> <span class='ocrx_word' id='word_1_778' title='bbox 2057 4582 2150 4634; x_wconf 88' lang='grc' dir='ltr'>τοῦ</span> <span class='ocrx_word' id='word_1_779' title='bbox 2191 4583 2416 4650; x_wconf 70' lang='grc' dir='ltr'>πατρὸς,</span> <span class='ocrx_word' id='word_1_780' title='bbox 2450 4582 2544 4633; x_wconf 80' lang='grc' dir='ltr'>καὶ</span> <span class='ocrx_word' id='word_1_781' title='bbox 2568 4579 2629 4631; x_wconf 83' lang='grc' dir='ltr'>τὺ</span> <span class='ocrx_word' id='word_1_782' title='bbox 2653 4580 2874 4647; x_wconf 83' lang='grc' dir='ltr'>πνεῦμα</span> <span class='ocrx_word' id='word_1_783' title='bbox 2897 4579 3245 4650; x_wconf 75' lang='grc' dir='ltr'>προέρχεται,</span> <span class='ocrx_word' id='word_1_784' title='bbox 3276 4578 3333 4631; x_wconf 82' lang='grc' dir='ltr'>ἓν</span> <span class='ocrx_word' id='word_1_785' title='bbox 3360 4579 3511 4632; x_wconf 82' lang='grc' dir='ltr'>ἕσται</span> <span class='ocrx_word' id='word_1_786' title='bbox 3538 4580 3633 4632; x_wconf 77' lang='grc' dir='ltr'>κα).</span> 
     </span>
    </p>
   </div>
   <div class='ocr_carea' id='block_1_106' title="bbox 2056 4649 3634 4719">
    <p class='ocr_par' dir='ltr' id='par_1_106' title="bbox 2056 4649 3634 4719">
     <span class='ocr_line' id='line_1_109' title="bbox 2056 4649 3634 4719; baseline -0.003 -15"><span class='ocrx_word' id='word_1_787' title='bbox 2056 4653 2251 4704; x_wconf 82' lang='grc' dir='ltr'>ταύτὸν</span> <span class='ocrx_word' id='word_1_788' title='bbox 2270 4649 2400 4704; x_wconf 71' lang='grc' dir='ltr'>αὐτὸ</span> <span class='ocrx_word' id='word_1_789' title='bbox 2430 4650 2607 4719; x_wconf 83' lang='grc' dir='ltr'>ἑαυτῴ</span> <span class='ocrx_word' id='word_1_790' title='bbox 2641 4666 2653 4678; x_wconf 89' lang='grc'><strong>·</strong></span> <span class='ocrx_word' id='word_1_791' title='bbox 2692 4651 2742 4701; x_wconf 77' lang='grc' dir='ltr'>εἰ</span> <span class='ocrx_word' id='word_1_792' title='bbox 2772 4650 2828 4702; x_wconf 81' lang='grc' dir='ltr'>δὲ</span> <span class='ocrx_word' id='word_1_793' title='bbox 2859 4649 2948 4702; x_wconf 80' lang='grc' dir='ltr'>ἐκ</span> <span class='ocrx_word' id='word_1_794' title='bbox 2974 4649 3087 4719; x_wconf 85' lang='grc' dir='ltr'>δύο,</span> <span class='ocrx_word' id='word_1_795' title='bbox 3134 4652 3378 4702; x_wconf 81' lang='grc' dir='ltr'>τουτέστι</span> <span class='ocrx_word' id='word_1_796' title='bbox 3426 4652 3634 4717; x_wconf 63' lang='grc' dir='ltr'>πατρδς</span> 
     </span>
    </p>
   </div>
   <div class='ocr_carea' id='block_1_107' title="bbox 2053 4718 3633 4789">
    <p class='ocr_par' dir='ltr' id='par_1_107' title="bbox 2053 4718 3633 4789">
     <span class='ocr_line' id='line_1_110' title="bbox 2053 4718 3633 4789; baseline -0.003 -14"><span class='ocrx_word' id='word_1_797' title='bbox 2053 4724 2149 4775; x_wconf 74' lang='grc' dir='ltr'>καὶ</span> <span class='ocrx_word' id='word_1_798' title='bbox 2172 4722 2309 4782; x_wconf 67' lang='grc' dir='ltr'>υἱοῦ,</span> <span class='ocrx_word' id='word_1_799' title='bbox 2332 4722 2518 4789; x_wconf 71' lang='grc' dir='ltr'>ἕτερον</span> <span class='ocrx_word' id='word_1_800' title='bbox 2552 4720 2705 4773; x_wconf 76' lang='grc' dir='ltr'>ἔσται</span> <span class='ocrx_word' id='word_1_801' title='bbox 2737 4720 2870 4771; x_wconf 72' lang='grc' dir='ltr'>αὐτὸ</span> <span class='ocrx_word' id='word_1_802' title='bbox 2896 4718 3093 4788; x_wconf 75' lang='grc' dir='ltr'>ἑαυτῷ,</span> <span class='ocrx_word' id='word_1_803' title='bbox 3120 4719 3194 4781; x_wconf 85' lang='grc' dir='ltr'>ὼς</span> <span class='ocrx_word' id='word_1_804' title='bbox 3226 4720 3293 4772; x_wconf 84' lang='grc' dir='ltr'>ἂν</span> <span class='ocrx_word' id='word_1_805' title='bbox 3310 4719 3438 4772; x_wconf 83' lang='grc' dir='ltr'>ἄλλο</span> <span class='ocrx_word' id='word_1_806' title='bbox 3458 4719 3633 4786; x_wconf 80' lang='grc' dir='ltr'>μὲνόν</span> 
     </span>
    </p>
   </div>
   <div class='ocr_carea' id='block_1_108' title="bbox 2049 4789 3632 4860">
    <p class='ocr_par' dir='ltr' id='par_1_108' title="bbox 2049 4789 3632 4860">
     <span class='ocr_line' id='line_1_111' title="bbox 2049 4789 3632 4860; baseline -0.001 -15"><span class='ocrx_word' id='word_1_807' title='bbox 2049 4793 2111 4845; x_wconf 81' lang='grc' dir='ltr'>τὸ</span> <span class='ocrx_word' id='word_1_808' title='bbox 2134 4794 2197 4844; x_wconf 80' lang='grc' dir='ltr'>ἐκ</span> <span class='ocrx_word' id='word_1_809' title='bbox 2231 4792 2323 4844; x_wconf 79' lang='grc' dir='ltr'>τοῦ</span> <span class='ocrx_word' id='word_1_810' title='bbox 2347 4791 2555 4860; x_wconf 77' lang='grc' dir='ltr'>πατρὸς</span> <span class='ocrx_word' id='word_1_811' title='bbox 2584 4790 2712 4843; x_wconf 64' lang='grc' dir='ltr'>ἄλλο</span> <span class='ocrx_word' id='word_1_812' title='bbox 2733 4790 2791 4860; x_wconf 81' lang='grc' dir='ltr'>δὲ</span> <span class='ocrx_word' id='word_1_813' title='bbox 2820 4791 2879 4842; x_wconf 80' lang='grc' dir='ltr'>τὸ</span> <span class='ocrx_word' id='word_1_814' title='bbox 2909 4792 2973 4843; x_wconf 84' lang='grc' dir='ltr'>ἐκ</span> <span class='ocrx_word' id='word_1_815' title='bbox 3006 4790 3097 4841; x_wconf 79' lang='grc' dir='ltr'>τοῦ</span> <span class='ocrx_word' id='word_1_816' title='bbox 3126 4789 3245 4841; x_wconf 71' lang='grc' dir='ltr'>υἱοῦ</span> <span class='ocrx_word' id='word_1_817' title='bbox 3271 4805 3284 4817; x_wconf 94' lang='grc'><strong>·</strong></span> <span class='ocrx_word' id='word_1_818' title='bbox 3344 4791 3466 4841; x_wconf 72' lang='grc' dir='ltr'>ἐπεὶ</span> <span class='ocrx_word' id='word_1_819' title='bbox 3526 4793 3632 4858; x_wconf 83' lang='grc' dir='ltr'>γὰρ</span> 
     </span>
    </p>
   </div>
   <div class='ocr_carea' id='block_1_109' title="bbox 2050 4858 3635 4930">
    <p class='ocr_par' dir='ltr' id='par_1_109' title="bbox 2050 4858 3635 4930">
     <span class='ocr_line' id='line_1_112' title="bbox 2050 4858 3635 4930; baseline -0.001 -15"><span class='ocrx_word' id='word_1_820' title='bbox 2050 4861 2210 4923; x_wconf 80' lang='grc' dir='ltr'>ἄλλος</span> <span class='ocrx_word' id='word_1_821' title='bbox 2249 4865 2345 4930; x_wconf 78' lang='grc' dir='ltr'>μὲν</span> <span class='ocrx_word' id='word_1_822' title='bbox 2374 4864 2401 4914; x_wconf 88' lang='grc' dir='ltr'>ὁ</span> <span class='ocrx_word' id='word_1_823' title='bbox 2426 4858 2631 4929; x_wconf 80' lang='grc' dir='ltr'>πατὴρ,</span> <span class='ocrx_word' id='word_1_824' title='bbox 2664 4858 2819 4919; x_wconf 83' lang='grc' dir='ltr'>ἀλλος</span> <span class='ocrx_word' id='word_1_825' title='bbox 2856 4860 2912 4911; x_wconf 87' lang='grc' dir='ltr'>δὲ</span> <span class='ocrx_word' id='word_1_826' title='bbox 2942 4860 3135 4930; x_wconf 18' lang='grc' dir='ltr'>ὁννίὸς,</span> <span class='ocrx_word' id='word_1_827' title='bbox 3172 4860 3385 4928; x_wconf 73' lang='grc' dir='ltr'>ἀνάγκη</span> <span class='ocrx_word' id='word_1_828' title='bbox 3442 4862 3537 4912; x_wconf 69' lang='grc' dir='ltr'>καὶ</span> <span class='ocrx_word' id='word_1_829' title='bbox 3572 4863 3635 4913; x_wconf 79' lang='grc' dir='ltr'>τὸ</span> 
     </span>
    </p>
   </div>
   <div class='ocr_carea' id='block_1_110' title="bbox 2051 4929 3632 5000">
    <p class='ocr_par' dir='ltr' id='par_1_110' title="bbox 2051 4929 3632 5000">
     <span class='ocr_line' id='line_1_113' title="bbox 2051 4929 3632 5000; baseline 0 -17"><span class='ocrx_word' id='word_1_830' title='bbox 2051 4934 2117 4983; x_wconf 84' lang='grc' dir='ltr'>ἐκ</span> <span class='ocrx_word' id='word_1_831' title='bbox 2154 4929 2359 5000; x_wconf 79' lang='grc' dir='ltr'>πατρὸς</span> <span class='ocrx_word' id='word_1_832' title='bbox 2407 4932 2501 4982; x_wconf 74' lang='grc' dir='ltr'>καὶ</span> <span class='ocrx_word' id='word_1_833' title='bbox 2539 4931 2657 4982; x_wconf 85' lang='grc' dir='ltr'>υίοῦ</span> <span class='ocrx_word' id='word_1_834' title='bbox 2705 4930 2925 5000; x_wconf 80' lang='grc' dir='ltr'>πνεῦμα</span> <span class='ocrx_word' id='word_1_835' title='bbox 2964 4929 3093 4983; x_wconf 78' lang='grc' dir='ltr'>ἄλλο</span> <span class='ocrx_word' id='word_1_836' title='bbox 3150 4931 3245 4984; x_wconf 73' lang='grc' dir='ltr'>καὶ</span> <span class='ocrx_word' id='word_1_837' title='bbox 3278 4930 3406 4984; x_wconf 76' lang='grc' dir='ltr'>ἄλλο</span> <span class='ocrx_word' id='word_1_838' title='bbox 3450 4930 3589 4985; x_wconf 81' lang='grc' dir='ltr'>εἶναι</span> <span class='ocrx_word' id='word_1_839' title='bbox 3614 4948 3632 4966; x_wconf 81' lang='grc' dir='ltr'><strong><em>ο</em></strong></span> 
     </span>
    </p>
   </div>
   <div class='ocr_carea' id='block_1_111' title="bbox 2050 5000 2535 5055">
    <p class='ocr_par' dir='ltr' id='par_1_111' title="bbox 2050 5000 2535 5055">
     <span class='ocr_line' id='line_1_114' title="bbox 2050 5000 2535 5055; baseline -0.002 -1"><span class='ocrx_word' id='word_1_840' title='bbox 2050 5000 2209 5054; x_wconf 86' lang='grc' dir='ltr'>τοῦτο</span> <span class='ocrx_word' id='word_1_841' title='bbox 2232 5003 2287 5054; x_wconf 86' lang='grc' dir='ltr'>δὲ</span> <span class='ocrx_word' id='word_1_842' title='bbox 2317 5004 2535 5055; x_wconf 78' lang='grc' dir='ltr'>ἄτοπον.</span> 
     </span>
    </p>
   </div>
   <div class='ocr_carea' id='block_1_112' title="bbox 2123 5069 2964 5140">
    <p class='ocr_par' dir='ltr' id='par_1_112' title="bbox 2123 5069 2964 5140">
     <span class='ocr_line' id='line_1_115' title="bbox 2123 5069 2964 5140; baseline 0 -16"><span class='ocrx_word' id='word_1_843' title='bbox 2123 5074 2236 5133; x_wconf 68' lang='lat' dir='ltr'><strong>(6i)</strong></span> <span class='ocrx_word' id='word_1_844' title='bbox 2270 5073 2323 5124; x_wconf 94' lang='lat' dir='ltr'><strong>In</strong></span> <span class='ocrx_word' id='word_1_845' title='bbox 2352 5072 2473 5125; x_wconf 86' lang='lat' dir='ltr'><strong>cod.</strong></span> <span class='ocrx_word' id='word_1_846' title='bbox 2517 5069 2659 5124; x_wconf 81' lang='lat' dir='ltr'><strong>Mon.</strong></span> <span class='ocrx_word' id='word_1_847' title='bbox 2698 5084 2820 5139; x_wconf 90' lang='lat' dir='ltr'><strong>cap.</strong></span> <span class='ocrx_word' id='word_1_848' title='bbox 2855 5075 2964 5140; x_wconf 86' lang='grc' dir='ltr'>κη’.</span> 
     </span>
    </p>
   </div>
   <div class='ocr_carea' id='block_1_113' title="bbox 2127 5140 2745 5211">
    <p class='ocr_par' dir='ltr' id='par_1_113' title="bbox 2127 5140 2745 5211">
     <span class='ocr_line' id='line_1_116' title="bbox 2127 5140 2745 5211; baseline -0.003 -16"><span class='ocrx_word' id='word_1_849' title='bbox 2127 5142 2239 5211; x_wconf 84' lang='grc'>(65)</span> <span class='ocrx_word' id='word_1_850' title='bbox 2264 5142 2320 5193; x_wconf 86' lang='grc' dir='ltr'>δέ</span> <span class='ocrx_word' id='word_1_851' title='bbox 2345 5143 2497 5195; x_wconf 86' lang='lat' dir='ltr'><strong>deest</strong></span> <span class='ocrx_word' id='word_1_852' title='bbox 2529 5145 2579 5193; x_wconf 89' lang='lat' dir='ltr'>in</span> <span class='ocrx_word' id='word_1_853' title='bbox 2602 5140 2745 5194; x_wconf 84' lang='grc' dir='ltr'>Μοιι.</span> 
     </span>
    </p>
   </div>
   <div class='ocr_carea' id='block_1_114' title="bbox 2126 5211 2665 5281">
    <p class='ocr_par' dir='ltr' id='par_1_114' title="bbox 2126 5211 2665 5281">
     <span class='ocr_line' id='line_1_117' title="bbox 2126 5211 2665 5281; baseline 0 -16"><span class='ocrx_word' id='word_1_854' title='bbox 2126 5212 2238 5280; x_wconf 88' lang='grc'>(66)</span> <span class='ocrx_word' id='word_1_855' title='bbox 2273 5212 2416 5265; x_wconf 83' lang='grc' dir='ltr'>Μοη.</span> <span class='ocrx_word' id='word_1_856' title='bbox 2453 5211 2665 5281; x_wconf 87' lang='grc' dir='ltr'>κυρίου.</span> 
     </span>
    </p>
   </div>
   <div class='ocr_carea' id='block_1_115' title="bbox 2124 5281 3337 5351">
    <p class='ocr_par' dir='ltr' id='par_1_115' title="bbox 2124 5281 3337 5351">
     <span class='ocr_line' id='line_1_118' title="bbox 2124 5281 3337 5351; baseline 0.001 -17"><span class='ocrx_word' id='word_1_857' title='bbox 2124 5283 2234 5349; x_wconf 88' lang='grc'>(67)</span> <span class='ocrx_word' id='word_1_858' title='bbox 2261 5281 2403 5333; x_wconf 88' lang='lat' dir='ltr'><strong>Mon.</strong></span> <span class='ocrx_word' id='word_1_859' title='bbox 2443 5281 2925 5351; x_wconf 80' lang='grc' dir='ltr'>παρηλλαγμένον,</span> <span class='ocrx_word' id='word_1_860' title='bbox 2959 5281 3169 5346; x_wconf 75' lang='grc' dir='ltr'>ἐντελὲς</span> <span class='ocrx_word' id='word_1_861' title='bbox 3197 5282 3253 5337; x_wconf 76' lang='grc' dir='ltr'>δὲ</span> <span class='ocrx_word' id='word_1_862' title='bbox 3283 5299 3337 5335; x_wconf 90' lang='grc' dir='ltr'>κ.</span> 
     </span>
    </p>
   </div>
   <div class='ocr_carea' id='block_1_116' title="bbox 2078 5351 3638 5423">
    <p class='ocr_par' dir='ltr' id='par_1_116' title="bbox 2078 5351 3638 5423">
     <span class='ocr_line' id='line_1_119' title="bbox 2078 5351 3638 5423; baseline 0.003 -19"><span class='ocrx_word' id='word_1_863' title='bbox 2078 5384 2081 5389; x_wconf 55' lang='grc' dir='ltr'>ν</span> <span class='ocrx_word' id='word_1_864' title='bbox 2127 5353 2239 5421; x_wconf 87' lang='grc'>(68)</span> <span class='ocrx_word' id='word_1_865' title='bbox 2270 5351 2528 5423; x_wconf 85' lang='lat' dir='ltr'><strong>Nicolaus</strong></span> <span class='ocrx_word' id='word_1_866' title='bbox 2556 5352 2903 5405; x_wconf 83' lang='lat' dir='ltr'><strong>Methonens.</strong></span> <span class='ocrx_word' id='word_1_867' title='bbox 2952 5367 3073 5421; x_wconf 88' lang='lat' dir='ltr'><strong>cap.</strong></span> <span class='ocrx_word' id='word_1_868' title='bbox 3096 5356 3167 5407; x_wconf 74' lang='lat'>20</span> <span class='ocrx_word' id='word_1_869' title='bbox 3198 5371 3209 5404; x_wconf 90' lang='lat'><strong>:</strong></span> <span class='ocrx_word' id='word_1_870' title='bbox 3244 5353 3561 5423; x_wconf 82' lang='grc' dir='ltr'>Τερατῶδες</span> <span class='ocrx_word' id='word_1_871' title='bbox 3592 5354 3638 5408; x_wconf 78' lang='grc' dir='ltr'>δ’</span> 
     </span>
    </p>
   </div>
   <div class='ocr_carea' id='block_1_117' title="bbox 2055 5422 3639 5494">
    <p class='ocr_par' dir='ltr' id='par_1_117' title="bbox 2055 5422 3639 5494">
     <span class='ocr_line' id='line_1_120' title="bbox 2055 5422 3639 5494; baseline 0.001 -19"><span class='ocrx_word' id='word_1_872' title='bbox 2055 5422 2125 5476; x_wconf 87' lang='grc' dir='ltr'>ἂν</span> <span class='ocrx_word' id='word_1_873' title='bbox 2167 5424 2263 5494; x_wconf 80' lang='grc' dir='ltr'>εἰη</span> <span class='ocrx_word' id='word_1_874' title='bbox 2318 5424 2411 5473; x_wconf 79' lang='grc' dir='ltr'>κα).</span> <span class='ocrx_word' id='word_1_875' title='bbox 2451 5422 2511 5472; x_wconf 79' lang='grc' dir='ltr'>τὸ</span> <span class='ocrx_word' id='word_1_876' title='bbox 2556 5424 2696 5475; x_wconf 80' lang='grc' dir='ltr'>κατὰ</span> <span class='ocrx_word' id='word_1_877' title='bbox 2735 5424 2830 5474; x_wconf 77' lang='grc' dir='ltr'>τὸν</span> <span class='ocrx_word' id='word_1_878' title='bbox 2870 5424 2996 5494; x_wconf 32' lang='grc' dir='ltr'>-υἱὸν</span> <span class='ocrx_word' id='word_1_879' title='bbox 3031 5422 3362 5494; x_wconf 75' lang='grc' dir='ltr'>πρόσωπον⁸</span> <span class='ocrx_word' id='word_1_880' title='bbox 3407 5426 3543 5494; x_wconf 82' lang='grc' dir='ltr'>ὅπερ</span> <span class='ocrx_word' id='word_1_881' title='bbox 3578 5426 3639 5477; x_wconf 73' lang='grc' dir='ltr'>τὸ</span> 
     </span>
    </p>
   </div>
   <div class='ocr_carea' id='block_1_118' title="bbox 2055 5492 3639 5565">
    <p class='ocr_par' dir='ltr' id='par_1_118' title="bbox 2055 5492 3639 5565">
     <span class='ocr_line' id='line_1_121' title="bbox 2055 5492 3639 5565; baseline 0.001 -20"><span class='ocrx_word' id='word_1_882' title='bbox 2055 5493 2189 5545; x_wconf 77' lang='grc' dir='ltr'>αὐτὸ</span> <span class='ocrx_word' id='word_1_883' title='bbox 2223 5494 2317 5544; x_wconf 80' lang='grc' dir='ltr'>καὶ</span> <span class='ocrx_word' id='word_1_884' title='bbox 2344 5494 2517 5565; x_wconf 66' lang='grc' dir='ltr'>αίτιον</span> <span class='ocrx_word' id='word_1_885' title='bbox 2549 5497 2643 5545; x_wconf 73' lang='grc' dir='ltr'>καὶ</span> <span class='ocrx_word' id='word_1_886' title='bbox 2676 5492 2925 5565; x_wconf 60' lang='grc' dir='ltr'>αἰτιατρν</span> <span class='ocrx_word' id='word_1_887' title='bbox 2961 5492 3322 5565; x_wconf 65' lang='grc' dir='ltr'>ἀναφέρεται,</span> <span class='ocrx_word' id='word_1_888' title='bbox 3360 5494 3489 5565; x_wconf 78' lang='grc' dir='ltr'>μήθ’</span> <span class='ocrx_word' id='word_1_889' title='bbox 3513 5492 3639 5548; x_wconf 75' lang='grc' dir='ltr'>ὅλον</span> 
     </span>
    </p>
   </div>
   <div class='ocr_carea' id='block_1_119' title="bbox 2055 5561 3637 5631">
    <p class='ocr_par' dir='ltr' id='par_1_119' title="bbox 2055 5561 3637 5631">
     <span class='ocr_line' id='line_1_122' title="bbox 2055 5561 3637 5631; baseline 0.001 -16"><span class='ocrx_word' id='word_1_890' title='bbox 2055 5565 2250 5625; x_wconf 87' lang='grc' dir='ltr'>αῖτιον,</span> <span class='ocrx_word' id='word_1_891' title='bbox 2292 5562 2419 5631; x_wconf 84' lang='grc' dir='ltr'>μήθ’</span> <span class='ocrx_word' id='word_1_892' title='bbox 2446 5563 2565 5615; x_wconf 80' lang='grc' dir='ltr'>ὅλον</span> <span class='ocrx_word' id='word_1_893' title='bbox 2597 5566 2839 5615; x_wconf 71' lang='grc' dir='ltr'>αἱτιατὸν</span> <span class='ocrx_word' id='word_1_894' title='bbox 2868 5561 2948 5630; x_wconf 82' lang='grc' dir='ltr'>ὃν,</span> <span class='ocrx_word' id='word_1_895' title='bbox 2973 5564 3089 5617; x_wconf 84' lang='grc' dir='ltr'>ἀλλ’</span> <span class='ocrx_word' id='word_1_896' title='bbox 3116 5561 3176 5629; x_wconf 80' lang='grc' dir='ltr'>ἐξ</span> <span class='ocrx_word' id='word_1_897' title='bbox 3204 5561 3637 5618; x_wconf 60' lang='grc' dir='ltr'>ἀτελῶνὲκατέ-</span> 
     </span>
    </p>
   </div>
   <div class='ocr_carea' id='block_1_120' title="bbox 2061 5634 2622 5702">
    <p class='ocr_par' dir='ltr' id='par_1_120' title="bbox 2061 5634 2622 5702">
     <span class='ocr_line' id='line_1_123' title="bbox 2061 5634 2622 5702; baseline 0.005 -17"><span class='ocrx_word' id='word_1_898' title='bbox 2061 5649 2167 5702; x_wconf 88' lang='grc' dir='ltr'>ρων</span> <span class='ocrx_word' id='word_1_899' title='bbox 2188 5634 2622 5700; x_wconf 80' lang='grc' dir='ltr'>συντεθειμένον.</span> 
     </span>
    </p>
   </div>
   <div class='ocr_carea' id='block_1_121' title="bbox 2098 5702 3640 5784">
    <p class='ocr_par' dir='ltr' id='par_1_121' title="bbox 2098 5702 3640 5784">
     <span class='ocr_line' id='line_1_124' title="bbox 2098 5702 3640 5784; baseline -0.009 -11"><span class='ocrx_word' id='word_1_900' title='bbox 2098 5702 2241 5784; x_wconf 63' lang='grc'>,(69)</span> <span class='ocrx_word' id='word_1_901' title='bbox 2276 5702 2391 5757; x_wconf 82' lang='lat' dir='ltr'><strong>Col.</strong></span> <span class='ocrx_word' id='word_1_902' title='bbox 2434 5719 2489 5772; x_wconf 90' lang='lat' dir='ltr'>p.</span> <span class='ocrx_word' id='word_1_903' title='bbox 2520 5704 2649 5759; x_wconf 76' lang='lat'>287.</span> <span class='ocrx_word' id='word_1_904' title='bbox 2692 5706 3093 5771; x_wconf 79' lang='grc' dir='ltr'>ἀναλλοιὼτοις,</span> <span class='ocrx_word' id='word_1_905' title='bbox 3126 5713 3185 5760; x_wconf 84' lang='lat' dir='ltr'>ut</span> <span class='ocrx_word' id='word_1_906' title='bbox 3209 5704 3343 5760; x_wconf 86' lang='lat' dir='ltr'><strong>alias</strong></span> <span class='ocrx_word' id='word_1_907' title='bbox 3389 5720 3640 5760; x_wconf 87' lang='lat' dir='ltr'><strong>commu-</strong></span> 
     </span>
    </p>
   </div>
   <div class='ocr_carea' id='block_1_122' title="bbox 2056 5781 2219 5827">
    <p class='ocr_par' dir='ltr' id='par_1_122' title="bbox 2056 5781 2219 5827">
     <span class='ocr_line' id='line_1_125' title="bbox 2056 5781 2219 5827; baseline -0.012 0"><span class='ocrx_word' id='word_1_908' title='bbox 2056 5781 2219 5827; x_wconf 88' lang='lat' dir='ltr'><strong>niter.</strong></span> 
     </span>
    </p>
   </div>
   <div class='ocr_carea' id='block_1_123' title="bbox 2132 5841 2647 5916">
    <p class='ocr_par' dir='ltr' id='par_1_123' title="bbox 2132 5841 2647 5916">
     <span class='ocr_line' id='line_1_126' title="bbox 2132 5841 2647 5916; baseline 0.01 -20"><span class='ocrx_word' id='word_1_909' title='bbox 2132 5844 2247 5916; x_wconf 88' lang='grc'>(70)</span> <span class='ocrx_word' id='word_1_910' title='bbox 2280 5841 2425 5898; x_wconf 83' lang='grc' dir='ltr'>Μοη.</span> <span class='ocrx_word' id='word_1_911' title='bbox 2459 5844 2647 5901; x_wconf 77' lang='grc' dir='ltr'>αὑτοῦ.</span> 
     </span>
    </p>
   </div>
  </div>
