3886 6504
490 397 611 463 333

1580 406 1679 466 DE
1717 407 1778 467 S.
1813 406 2169 471 SPIBITUS
2205 409 2703 471 MYSTAGOGIA.

3666 410 3773 473 κη

498 511 627 565 ἔστι
655 512 714 567 δὲ
734 512 798 566 τδ
824 513 942 583 φῶς
974 514 1070 568 ⁶τοῦ
1107 514 1285 584 φωτὸς
1301 514 1413 587 (65)
1436 517 1730 587 ὁμοούσιον
1750 520 1780 574 6
1817 521 1946 584 Υἱὸς
1987 524 2059 574 τοί

2186 521 2447 577 nimirum
2478 523 2623 580 Patri
2658 525 2738 598 (a)
2768 535 3083 584 contextum
3114 543 3215 598 per
3240 536 3295 583 te
3324 540 3389 582 ex
3418 536 3509 582 tua
3550 527 3772 582 vafritie
3808 563 3815 572 ι

493 603 721 675 Πατρὸς
750 605 887 676 (66),
915 604 1031 678 [55]
1063 605 1156 658 τὸν
1187 608 1252 659 ὲκ
1304 608 1404 677 τῆς
1432 608 1533 678 σῆς
1590 611 1784 679 σοφίας
1815 613 1911 664 καὶ
1935 610 2075 680 γνώ-

496 714 613 767 μης
647 698 740 751 καὶ
778 698 1025 769 γλώττης
1060 699 1455 769 συμπλακέντα
1503 718 1588 754 σοι
1632 701 1829 773 βρόχον
1851 704 1955 757 κᾶν
1983 703 2081 773 ὀψὲ

491 791 653 857 γοῦν,
670 791 755 842 ἵνα
790 790 866 861 μὴ
891 791 1035 858 λέγω
1060 792 1244 863 σαυτῷ
1273 792 1599 864 περιθεῖναι,
1627 794 1743 849 ἀλλ’
1760 791 1851 849 οὗν
1872 796 2081 858 δίκαιος

490 878 642 950 ἦσηα
672 881 783 951 (67)
816 883 1201 952 παραιτεῖσθαι
1226 883 1367 957 [καὶ]
1402 886 1586 954 ζητεῖν
1604 885 1717 954 (68)
1742 887 1832 939 τὸν
1863 887 1951 940 διὰ
1980 887 2080 958 τῆς

497 973 739 1044 ἀγχόνης
770 973 989 1043 ὄλεθρον
1018 976 1167 1040 ὅπως
1201 976 1416 1044 γένοιτό
1445 994 1528 1030 σοι
1555 977 1861 1045 διαφυγεῖν.

566 1068 677 1127 νς¹.
710 1060 815 1133 [t'.]
851 1058 1019 1115 Εἶπεν
1046 1064 1075 1115 6
1122 1065 1264 1126 θεῖος
1305 1065 1515 1129 Παῦλος
1542 1067 1570 1118 ὁ
1606 1066 1685 1136 τῷ
1743 1066 1936 1120 πλάτει
1981 1065 2077 1120 τοῦ

486 1155 854 1223 εὐαγγελικοῦ
881 1155 1235 1227 κηρύγματος
1256 1158 1376 1228 (69)
1406 1159 1497 1211 τὸν
1522 1158 1689 1230 γύρον
1703 1158 1803 1229 τῆς
1826 1160 2077 1229 οἰκουμέ-

482 1264 592 1317 νης
672 1249 1087 1320 στενοχωρήσας
1114 1264 1129 1278 ⁸
1194 1248 1663 1314 Ἐξαπέστειλεν
1714 1252 1747 1303 ό
1821 1248 1965 1316 Θεὸς
2008 1251 2075 1304 τὸ

484 1340 737 1409 Πνεῦμα
764 1340 872 1394 τοῦ
930 1341 1068 1395 Υἱοῦ
1108 1340 1298 1395 αὐτοῦ
1319 1360 1332 1371 ⁸
1367 1341 1395 1395 ὃ
1423 1342 1521 1412 μὲν
1547 1341 1656 1412 (70)
1697 1339 1818 1396 εἶπε
1848 1343 2074 1411 λέγοντα

484 1434 749 1504 οὐδεμίαν
805 1451 867 1487 σε
909 1434 1065 1504 δίκην
1110 1436 1483 1506 ἀπαιτοῦμεν·
1508 1436 1537 1489 6
1570 1436 1626 1489 δὲ
1658 1437 1732 1508 μὴ
1783 1433 1960 1504 εἶπεν,
1997 1438 2073 1501 ὡς

482 1526 701 1579 ἐκείνου
731 1524 1103 1595 κηρύσσοντος
1138 1527 1535 1597 δογματίζοντα
1580 1531 1638 1581 ὲν
1664 1530 1787 1600 δίκῃ
1824 1547 1883 1583 σε
1926 1547 2068 1601 γρα-

482 1616 702 1687 φόμεθα
719 1617 833 1686 (71)
852 1617 1046 1687 ποινῆς
1061 1617 1246 1687 ἔνοχον
1263 1618 1376 1689 (72)
1391 1614 1532 1671 εἶναι
1546 1619 1640 1672 καὶ
1653 1619 1913 1683 ἀσεϐείας
1929 1620 2071 1691 (75).

478 1705 656 1761 Εἶπεν
693 1708 806 1774 (74)
832 1709 1039 1771 ἐκεῖνος
1067 1711 1095 1762 6
1123 1710 1377 1780 οὐράνιος
1410 1710 1697 1781 ἄνθρωπος
1720 1727 1734 1740 ’
1775 1712 1845 1766 Τὸ
1872 1713 2068 1767 Πνεῦ-

469 1816 565 1869 μα
608 1801 715 1855 τοῦ
756 1800 895 1854 Υἱοῦ
934 1800 1124 1856 αὑτοῦ
1149 1819 1164 1834 ·
1198 1803 1264 1856 σὺ
1316 1802 1374 1855 δὲ
1408 1801 1598 1876 ὥσπερ
1632 1803 1730 1856 καὶ
1763 1804 1855 1856 τὸν
1884 1804 2068 1875 τρίτον

2186 618 2242 663 et
2273 611 2536 680 opinione
2582 622 2638 667 et
2684 614 2866 685 lingua
2916 617 3169 687 laqueum
3209 617 3428 671 tandem
3478 617 3773 685 aliquando

2184 715 2255 754 ne
2293 702 2468 756 dicam
2493 703 2791 773 ipsummet
2806 704 2902 759 tibi
2932 706 3253 776 imponere;
3287 715 3344 760 at
3359 706 3553 760 saltem
3572 706 3772 775 depre-

2181 793 2296 846 cari
2331 795 2603 864 tejustum
2623 794 2790 851 fuerit
2806 805 2970 866 atque
2992 813 3258 866 quaerere,
3286 796 3565 868 quomodo
3586 806 3770 851 stran-
3794 840 3795 847 η

2181 886 2477 956 gulationis
2509 898 2748 943 mortem
2774 905 2945 960 queas
2977 892 3231 946 evadere.

2250 1062 2342 1119 56.
2384 1062 2530 1119 Dixit
2560 1064 2721 1119 divus
2744 1065 2969 1130 Paulus,
3004 1066 3096 1136 qui
3120 1066 3409 1121 latitudine
3439 1067 3767 1138 evangelica:

2192 1154 2599 1222 praedicationis
2620 1157 2829 1211 telluris
2849 1158 3120 1213 universa:
3135 1159 3397 1213 ambitum
3424 1159 3724 1214 coarctavit
3744 1176 3762 1214 :

2178 1242 2318 1297 Misit
2362 1244 2502 1307 Deus
2536 1244 2795 1314 Spiritum
2843 1244 2973 1299 Filii
3017 1246 3123 1299 sui.
3170 1245 3307 1299 Dum
3361 1246 3415 1301 id
3446 1246 3589 1315 quod
3623 1244 3766 1299 dixit

2177 1335 2457 1401 enuntias,
2489 1336 2695 1391 nullam
2731 1352 2763 1391 a
2804 1346 2857 1392 te
2898 1352 3117 1407 pinnam
3149 1338 3437 1409 exigimus,
3470 1338 3600 1393 dum
3633 1355 3765 1394 vero

2175 1426 2321 1495 quod
2351 1442 2460 1481 non
2486 1427 2626 1482 dixit
2661 1437 2920 1499 tanquam
2964 1429 3034 1484 ab
3080 1428 3173 1483 illo
3210 1429 3565 1498 praedicatum
3627 1446 3764 1485 con-

2174 1520 2538 1584 stituis,reum
2556 1530 2609 1575 te
2640 1521 2893 1591 supplicii
2918 1530 3081 1591 atque
3115 1521 3762 1590 impietatisjudicamus.

2175 1612 2319 1668 Dixit
2368 1613 2458 1669 illc
2490 1616 2733 1670 caelestis
2784 1615 2990 1669 homo:
3044 1614 3305 1682 Spiritum
3344 1613 3479 1669 Filii
3518 1616 3645 1677 sui;
3702 1623 3763 1671 tu

2172 1722 2302 1759 vero
2332 1706 2485 1775 quasi
2522 1707 2742 1762 tertium
2770 1708 2967 1763 coalum
3001 1723 3397 1777 supergressus
3428 1708 3761 1763 verborum-

2172 1813 2279 1867 que
2302 1797 2471 1867 magis
2488 1813 2813 1852 arcanorum
2839 1799 3057 1852 auditor
3085 1798 3286 1860 lactus,
3320 1814 3508 1853 vocem
3535 1798 3759 1869 quidem

476 1892 714 1959 οὐρανὸν
750 1891 1105 1960 ὑπεραναϐὰς
1151 1894 1247 1947 καὶ
1307 1894 1768 1965 ἀπορῤητοτέρων
1803 1896 2059 1965 ῥημάτων

2174 1887 2315 1943 illius
2345 1897 2603 1959 tanquam
2650 1889 3023 1960 imperfectam
3076 1890 3333 1959 repudias
3377 1899 3432 1944 et
3472 1906 3502 1945 a
3533 1891 3637 1946 ﬁde
3663 1900 3759 1947 tua

474 1983 750 2053 αὐτήκοος
773 1982 885 2055 (75)
908 1983 1149 2052 γεγονὼς
1170 1984 1380 2038 ἐκείνου
1402 1986 1502 2054 μὲν
1520 1987 1622 2056 τὴν
1648 1988 1832 2059 φωνὴν
1849 1989 1923 2052 ὡς
1950 1988 2062 2059 (76)

476 2075 651 2145 ἀτελῆ
695 2075 1037 2147 παραγράφῃ
1056 2075 1169 2146 (77)
1223 2077 1319 2129 καὶ
1376 2079 1477 2147 τῆς
1523 2079 1622 2147 σῆς
1666 2077 1903 2142 πίστεως
1952 2081 2064 2133 ἀπ-

481 2170 757 2232 ελαύνεις,
789 2169 1139 2223 τελειοποιῶν
1160 2170 1217 2223 δὲ
1247 2169 1358 2241 (78)
1389 2171 1450 2223 τὸ
1479 2170 1687 2224 ἐκείνου
1711 2172 1901 2235 ἀτελὲς
1941 2174 2065 2226 ἀντὶ

476 2260 574 2314 τοῦ
608 2262 787 2328 λέγειν
809 2301 824 2325 ,
865 2261 936 2315 Τὸ
962 2262 1207 2331 Πνεῦμα
1227 2262 1332 2317 τοῦ
1359 2261 1493 2315 Υἱοῦ
1516 2263 1725 2327 αὐτοῦ,
1749 2264 1810 2317 τὸ
1842 2264 2065 2332 Πνεῦμα

476 2354 833 2422 δογματίζεις
863 2354 989 2424 (φεῦ
1023 2358 1121 2425 τῆς
1151 2356 1566 2426 ἀνυπερϐλήτου
1594 2357 1800 2428 τόλμης
1829 2359 1867 2427 !)
1895 2360 2065 2412 ὲκπο-

491 2445 738 2516 ρεύεσθαι
768 2446 863 2499 τοῦ
898 2448 1029 2500 Υἱοῦ
1064 2464 1079 2478 ο
1112 2448 1206 2501 καὶ
1252 2449 1425 2501 ταῦτα
1456 2447 1572 2520 [56]
1627 2449 2063 2521 δραματουργῶν

484 2542 583 2594 καὶ
614 2541 954 2611 βλασφημῶν
981 2540 1074 2594 τὸν
1123 2540 1616 2613 βλασφημούμενον
1638 2542 1751 2613 (79)
1803 2543 2063 2613 οὐδεμίαν

478 2631 783 2699 λαμϐάνεις
852 2629 987 2683 αίδὼ
1037 2629 1359 2684 διδάσκαλον
1413 2632 1507 2685 καὶ
1572 2633 1873 2703 συνήγορον
1939 2635 2063 2685 επι-

472 2720 811 2790 γράφεσθαι.
861 2721 1069 2783 Ὄντως
1126 2720 1355 2786 ἔδειξας,
1411 2723 1476 2774 ὲκ
1526 2723 1683 2776 ποίου
1750 2722 2063 2793 πνεύματος

469 2813 870 2884 ἑνεργούμενος
908 2816 1001 2867 καὶ
1047 2813 1426 2885 πληρούμενος
1472 2816 1567 2869 τὸν
1618 2814 1936 2887 τηλικοῦτον
1967 2819 2064 2871 καὶ

465 2904 735 2958 τοσοῦτον
772 2906 848 2957 ἰὸν
877 2907 978 2974 τῆς
1009 2907 1262 2969 ἁσεὸείας
1287 2905 1502 2977 (80-81)
1530 2906 1827 2977 ἐξήμεσας.

540 2997 645 3062 νζ.
680 2997 821 3070 [ια’.]
856 2999 1048 3052 Βούλει
1084 3018 1169 3054 σοι
1203 3000 1300 3054 καὶ
1349 3001 1542 3071 ἑτέρας
1577 3000 1728 3072 ἱερὰς
1759 2999 2063 3072 παραθείην

467 3089 686 3156 φωνὰς,
710 3088 779 3140 δι’
821 3081 897 3142 ὧν
928 3107 1013 3142 σοι
1048 3089 1145 3143 καὶ
1167 3089 1228 3144 τὸ
1254 3089 1356 3160 τῆς
1386 3090 1500 3162 (82)
1531 3092 1791 3155 ἀπονοίας
1822 3092 1918 3144 καὶ
1957 3108 2063 3144 πα-

471 3178 703 3249 ρανοίας
745 3180 1559 3253 στηλιτεύεταικακομήχανον;
1600 3183 2061 3254 Ἰερολογεῖταιτὺ

467 3272 741 3340 πανὰγιον
781 3273 1028 3343 Πνεῦμα,
1085 3274 1310 3345 Πνεῦμα
1357 3275 1571 3345 σοφίας,
1640 3275 1867 3347 Πνεῦμα
1934 3292 2062 3328 συν-

470 3365 669 3429 έσεως,
714 3364 940 3436 Πνεῦμα
994 3365 1273 3435 γνώσεως,
1298 3367 1525 3436 Πνεῦμα
1552 3368 1797 3438 ἀγάπης,
1836 3366 2060 3437 Πνεῦμα

470 3457 885 3528 σωφρονισμοῦ,
934 3457 1158 3530 Πνεῦμα
1190 3457 1482 3523 υἱοθεσίας.
1524 3461 1606 3514 Οὐ
1650 3460 1760 3529 γὰρ
1790 3458 2057 3525 ἐλάϐετε,

468 3550 635 3619 φησὶ,
673 3551 909 3620 πνεῦμα
935 3550 1220 3618 δουλείας
1263 3554 1350 3618 είς
1378 3554 1590 3620 φόϐον,
1620 3552 1650 3604 6
1672 3551 1734 3605 τὸ
1758 3552 2058 3624 ἀνέσπερον

463 3642 572 3712 τῆς
602 3642 862 3711 ἀληθείας
905 3644 1022 3713 φῶς
1060 3643 1140 3714 τῷ
1191 3643 1286 3697 τοῦ
1316 3644 1467 3714 ἡλίου
1495 3643 1611 3715 (85)
1644 3644 1829 3714 δρόμῳ
1870 3644 2058 3710 συνεξ-

471 3734 742 3797 απλώσας
803 3735 899 3789 καὶ
943 3737 1126 3789 πᾶσαν
1180 3735 1280 3806 τὴν
1324 3736 1431 3805 γῆν
1479 3738 1597 3798 ταῖς
1630 3735 1843 3788 ἐκεῖθεν
1873 3735 2052 3789 ἀκτῖσι

465 3826 924 3898 περιλαϐὼν(84),
940 3828 1103 3882 ἀλλὰ
1116 3828 1360 3897 Πνεῦμα
1384 3828 1692 3893 Υίοθεσίας
1709 3842 1723 3858 ο
1748 3829 1843 3880 καὶ
1866 3827 2051 3894 πάλιν,

469 3925 559 3977 Οὐ
579 3923 690 3991 γὰρ
711 3923 933 3975 ἔδωκεν
954 3922 1099 3992 ὑμῖν
1121 3922 1359 3991 πνεῦμα
1376 3921 1679 3987 δουλείας,
1701 3920 1861 3975 ἀλλὰ
1873 3920 2052 3974 Πνεῦσ

454 4034 544 4084 ρα
562 4018 783 4085 σοφίας
806 4016 908 4070 καὶ
927 4015 1164 4086 ἀγάπης
1186 4015 1285 4070 καὶ
1303 4013 1734 4085 σωφρονισμοῦ
1766 4013 1900 4084 (85).
1940 4012 2052 4068 Καὶ

459 4110 531 4179 δὴ
564 4110 659 4163 καὶ
682 4109 790 4181 (86)
822 4109 1045 4179 Πνεῦμα
1067 4108 1304 4173 πίστεως
1336 4107 1556 4176 λέγεται
1584 4106 1680 4159 καὶ
1718 4104 2052 4174 ἐπαγγελίας

543 4265 593 4299 ⁸³
634 4266 737 4322 lsa.
784 4283 858 4320 ιι.
893 4267 929 4319 ‘2
958 4285 970 4297 ·
1022 4267 1069 4322 ll
1115 4265 1259 4320 Tim.
1306 4283 1345 4331 ι,
1386 4266 1439 4318 7.
1518 4264 1565 4296 “
1597 4261 1754 4317 Rom.
1789 4278 1909 4324 vm,
1958 4262 2045 4315 15.

2171 1978 2445 2044 eliminas,
2498 1980 2793 2051 perﬁciens
2843 1995 2974 2035 vero
3010 1981 3156 2050 quod
3200 1981 3289 2036 illc
3325 1981 3621 2051 reliquerat
3652 1983 3755 2038 im-

2168 2072 2494 2141 perlectum,
2524 2073 2645 2129 loco
2682 2073 2944 2133 dicendi.:
2980 2072 3240 2145 Spiritum
3267 2072 3400 2128 Filii
3423 2076 3526 2138 sui,
3555 2075 3756 2130 asseris

2167 2171 2224 2235 (o
2256 2180 2527 2219 summam
2557 2173 2722 2235 atque
2752 2167 3149 2221 intolerandam
3171 2166 3453 2222 audaciam
3479 2168 3517 2237 ε)
3558 2183 3588 2221 a
3618 2168 3755 2222 Filio

2167 2258 2429 2327 Spiritum
2453 2260 3004 2331 procedere;ha:cque
3024 2261 3243 2315 scenico
3262 2260 3580 2332 conﬁngens
3601 2277 3753 2315 more

2165 2359 2221 2405 ct
2243 2365 2337 2405 ore
2354 2351 2619 2421 sacrilego
2650 2351 3227 2421 recitansApostolum
3262 2354 3441 2422 ipsum
3464 2351 3751 2423 sacrilegio

2167 2454 2263 2498 tuo
2285 2444 2471 2498 laesum
2497 2445 2778 2499 doctorem
2795 2459 2860 2500 ac
2880 2455 3169 2515 patronum
3205 2446 3301 2500 tibi
3330 2446 3610 2502 vindicare
3637 2463 3747 2502 non

2171 2536 2473 2591 erubescis.
2521 2534 2691 2590 Plane
2720 2537 3032 2602 ostendisti,
3073 2546 3183 2607 quo
3225 2537 3422 2608 spiritu
3449 2548 3751 2609 occupatus

2165 2643 2229 2682 ac
2246 2627 2507 2697 impletus
2534 2636 2747 2682 tantum
2766 2641 2832 2683 ac
2860 2625 2969 2682 tale
2993 2627 3289 2697 impietatis
3318 2643 3592 2682 venenum
3619 2643 3750 2682 evo-

2164 2728 2388 2774 mueris.
3260 2728 3271 2741 ‘

2235 3000 2323 3054 57.
2368 2997 2536 3054 Visne
2561 3001 2694 3054 alias
2713 3000 2896 3056 adhuc
2918 3001 3017 3055 tibi
3048 3016 3234 3056 sacras
3260 3017 3531 3072 apponam
3562 3018 3748 3067 voces,

2163 3092 2363 3161 quibus
2404 3092 2642 3147 vesaniae
2665 3092 3069 3163 dementiaeque
3099 3102 3205 3149 tute
3231 3095 3406 3149 malus
3435 3094 3750 3152 conlutetur

2165 3182 2372 3236 dolus?
2418 3182 2752 3237 Praedicatur
2805 3184 3190 3240 sanctissimus
3218 3186 3476 3255 Spiritus,
3511 3185 3751 3256 Spiritus

2164 3273 2469 3343 sapientiae,
2524 3273 2762 3345 Spiritus
2805 3276 3139 3345 prudentius,
3209 3276 3445 3347 Spiritus
3482 3279 3747 3342 scicntitc,

2163 3365 2401 3435 Spiritus
2453 3365 2785 3432 dilectionis,
2824 3367 3062 3438 Spiritus
3094 3368 3465 3433 continentia,
3513 3368 3747 3440 Spiritus

2159 3457 2469 3528 adoptionis
2511 3459 2745 3513 ﬁliorum
2778 3460 2847 3513 3’.
2880 3459 3003 3513 Non
3024 3460 3164 3514 enim
3190 3461 3466 3531 accepistis
3496 3463 3745 3532 spiritum

2159 3551 2424 3604 servitutis
2461 3551 2517 3603 in
2571 3552 2832 3615 timorem,
2883 3553 2961 3606 ait
2992 3553 3215 3618 Paulus,
3244 3553 3337 3622 qui
3368 3553 3547 3608 lucem
3597 3554 3743 3609 veri-

2161 3641 2289 3696 tatis
2334 3657 2614 3711 nunquam
2684 3653 3165 3712 vesperascentem
3219 3660 3545 3716 quacunque
3614 3646 3742 3700 solis

2159 3748 2354 3788 cursus
2384 3734 2678 3805 porrigitur
2703 3734 3025 3805 propagavit
3074 3744 3389 3807 terramque
3427 3737 3741 3793 universam

2158 3828 2306 3883 illius
2337 3828 2505 3882 radiis
2531 3837 2614 3881 est
2640 3829 2981 3898 complexus,
3019 3830 3111 3883 sed
3141 3828 3401 3898 Spiritum
3445 3831 3738 3899 adoptioni:

2159 3920 2390 3989 filiorum
2423 3920 2489 3975 ⁸³.
2524 3921 2589 3975 Ει
2616 3936 2833 3976 rursum
2862 3938 2875 3974 :
2918 3921 3037 3975 Non
3071 3923 3211 3976 enim
3233 3924 3375 3977 dedit
3417 3924 3557 3978 vobis
3581 3925 3747 3991 spiri-

2160 4020 2273 4066 tum
2294 4012 2579 4072 servitutis,
2621 4013 2712 4066 sed
2750 4011 3009 4082 Spiritum
3038 4015 3319 4083 sapientia:
3346 4025 3396 4070 et
3450 4016 3742 4070 dilectionis

2159 4114 2208 4158 et
2254 4102 2558 4161 sobrietatis
2579 4104 2645 4158 “.
2671 4107 2785 4160 lmo
2815 4113 2872 4160 et
2888 4104 3126 4176 Spiritus
3152 4106 3278 4164 ﬁdei
3301 4108 3503 4164 dicitur
3530 4118 3587 4164 et
3613 4124 3741 4179 pro-

2120 4260 2166 4293 “
2199 4260 2246 4315 Il
2272 4259 2416 4314 Tim.
2453 4276 2492 4324 ι,
2539 4259 2598 4311 7.

1572 4397 1808 4453 VARIIE
1843 4393 2232 4451 LECTIONES
2271 4396 2360 4452 ET
2400 4393 2632 4451 ΝΟΤᾹΞ.

538 4521 656 4590 (6’5)
692 4520 869 4575 Verba
900 4521 1014 4573 ἐστι
1046 4517 1302 4590 66166.
1348 4515 1446 4569 τοῦ
1481 4532 1541 4585 φ.
1581 4514 1636 4567 in
1666 4521 1815 4568 textu
1844 4511 2046 4567 omissa

2191 4514 2205 4520 -
2227 4511 2342 4581 (πί)
2404 4510 2576 4590 ﬁlo-ﬂ.
2621 4508 3219 4590 ἀπρρῥητρτέραςυρη,
3255 4550 3269 4567 ,
3397 4553 3423 4590 ,⁸
3470 4510 3725 4583 (spatium

456 4594 530 4649 ad
550 4586 731 4659 “marg.
758 4592 1082 4661 supplentur
1103 4588 1157 4642 in
1184 4586 1397 4661 Moan

538 4663 654 4731 (66)
684 4653 841 4714 Non:
864 4653 1322 4731 :Ouooﬁotov_coﬁ
1354 4654 1572 4731 Πατρδς
1605 4655 1633 4707 6
1662 4653 1813 4716 Υἱός.

538 4727 652 4800 (67)
684 4731 833 4785 Mon.
861 4727 1026 4801 ἦσθα-ι
1058 4728 1279 4790 habuit;
1309 4727 1403 4781 sed
1425 4734 1613 4797 postea
1642 4732 1972 4779 correctum.

548 4804 651 4857 [68)
689 4808 707 4825 ⁶
734 4802 825 4856 Sic
847 4802 963 4857 Col.

537 4810 651 4872 (68)
689 4810 707 4825 ο
734 4810 825 4856 Sic
847 4810 963 4857 um.
1893 4863 1905 4875 .

544 4873 658 4940 (69)
690 4873 863 4926 Vatic.
901 4872 941 4926 ι.
968 4871 1077 4927 20%
1124 4885 1177 4924 a.
1208 4868 1302 4922 καὶ
1344 4865 1436 4919 τὸν
1463 4872 1536 4936 γ’.
1577 4865 1635 4921 ln
1659 4864 1833 4919 Palat.
1863 4879 2045 4936 signa-

455 4954 559 5000 tur
592 4959 640 4997 c.
677 4941 741 4996 θ’.

536 5013 823 5079 (71))Mon.
859 5014 887 5065 6
921 5030 981 5080 μ.

538 5075 652 5152 (71)
690 5075 959 5137 Diﬁerunt
982 5079 1200 5135 codices
1233 5097 1246 5133 :
1276 5077 1456 5152 Yatic.
1482 5076 1588 5152 _'Ev
1629 5075 1861 5152 mune:
1893 5092 2041 5152 γρα-

456 5146 702 5222 φόμεθα.
732 5152 905 5207 Palat.
936 5152 974 5206 Γ.
1003 5152 1108 5205 229
1132 5152 1187 5205 b.
1218 5150 1436 5218 ὲνδίκης
1477 5146 1859 5220 ἐγραφόμεθα.
1891 5146 2036 5201 Man.

454 5227 501 5281 f.
527 5224 634 5278 460
657 5241 707 5277 a.
740 5222 970 5285 ἐνδίκως
996 5239 1056 5274 σε
1082 5237 1256 5292 γραφ.

536 5294 649 5363 (79)
691 5294 834 5347 Mon.
860 5293 1056 5361 ἔνοχοι.

541 5355 654 5433 (75)
678 5365 776 5433 Ep.
804 5364 871 5417 ad
898 5355 1133 5433 Aquilel.
1151 5378 1163 5413 :
1184 5361 1260 5415 Οὐ
1281 5359 1391 5433 γᾴρ
1416 5359 1615 5433 mimi-lc
1637 5359 1697 5410 ὲν
1720 5355 1805 5433 οἷς
1827 5356 2036 5433 κηρύσ-

460 5423 559 5489 σεί
590 5423 798 5496 Παῦλος
858 5423 1208 5504 μεμφόμεθα,
1264 5423 1400 5484 ἀλλά
1431 5431 1524 5504 δι’
1555 5423 1629 5483 ὧν
1676 5429 1782 5504 τὲιςΔ
1824 5423 2035 5504 ἐκείνου

458 5497 869 5565 θεοπνεύστους
916 5497 1101 5571 (finivit;
1119 5502 1686 5572 _1:apaxapa'r'couotv,
1730 5497 2035 5572 αἰτιώμεθα

455 5576 563 5629 καὶ
604 5574 790 5644 διόπερ
826 5573 863 5626 ἃ
910 5566 1048 5644 μήτε
1091 5566 1444 5644 εἶπενῂαύτὸς
1492 5573 1627 5640 μήτε
1649 5568 1783 5644 ποτὲ
1822 5566 2036 5644 ἐνενόη-

456 5662 561 5697 σεν
589 5647 669 5707 εἰς
714 5638 1055 5713 κατηγορίαν
1105 5641 1271 5695 αὐτοῦ
1315 5638 1736 5732 ἀναισχυντοῦσι
1768 5638 2034 5760 2307.09!-

456 5714 610 5760 ζειψ
634 5714 720 5760 διὰ
750 5713 909 5760 τοῦτο
941 5713 1157 5760 δικαίαν
1184 5713 1339 5760 αὐτοὶ
1387 5712 1492 5760 καθ
1542 5707 1751 5760 ἑαυτῶν
1852 5707 2031 5760 ίσκον·

454 5714 610 5778 ζειν⁶
634 5714 721 5767 διὰ
750 5707 909 5766 τοῦτο
935 5707 1157 5766 δικαίαν
1184 5713 1339 5765 αὐτοὶ
1387 5707 1513 5764 καθ’
1542 5707 1751 5763 ἑαυτῶν
1780 5707 2031 5763 ἁλίσκον-

451 5802 552 5839 ται
575 5784 669 5853 τὴν
694 5786 1039 5849 κατάγνωσιν
1077 5783 1455 5852 ἐπιφέροντες.

532 5857 644 5927 (74)
680 5858 743 5914 lu
771 5857 946 5912 Palat.
972 5864 1025 5911 c'
1069 5855 1186 5909 Vat.
1219 5871 1269 5909 c.
1302 5859 1354 5908 ι’.

2152 4597 2387 4653 vacuum
2404 4584 2424 4649 )
2464 4580 2837 4653 rﬁuooglort.
2870 4581 3038 4651 ἀπορ.
3070 4580 3261 4651 ῥήσεις
3294 4580 3494 4653 αὑτηκ.

2222 4652 2332 4722 (76)
2359 4651 2436 4722 ᾡς
2464 4651 2671 4706 omittit
2693 4650 2833 4704 Mon.

2221 4720 2333 4794 (η)
2365 4720 2483 4794 sol.
2512 4722 2854 4794 περιγράφει.

2220 4792 2332 4861 (78)
2360 4792 2417 4844 δέ
2452 4791 2631 4845 omitt.
2660 4791 2802 4845 Mon.

2226 4863 2339 4933 (79)
2371 4861 2517 4933 Cf._l_
2536 4862 2664 4916 Cor.
2706 4878 2781 4924 Iv,
2813 4861 2901 4927 42,
2936 4862 3025 4917 15.

2219 4931 2618 5011 (βράβυμοῐι.
2652 4932 2910 5011 τοσοῦτον
2943 4934 3037 4987 τὸν
3067 4934 3145 4988 ίὸν
3173 4935 3274 5004 τῆς
3309 4934 3687 5011 βλασφημίας.

2364 5002 2486 5107 Sol.
2521 5003 2604 5107 agi.
2627 5002 2688 5107 τὸ
2709 5003 2829 5087 τῆς.

2364 5072 2511 5149 Rion.
2547 5075 2576 5126 6
2603 5073 2697 5125 τὸν
2721 5073 2985 5149 uva-tom...
3007 5074 3117 5149 τοῦ
3151 5073 3335 5149 Ἰἰλίου
3378 5076 3467 5149 δρ.

2216 5143 2327 5215 (84)
2367 5144 2701 5215 δθςυιθηιθηι
2746 5143 2947 5215 lineam
2996 5146 3134 5199 ἀλλὰ
3184 5143 3721 5215 Πνεῦμαύίοοεσίας

2142 5213 2233 5288 ____‘
2267 5215 2398 5284 ὑμῖν
2448 5213 2676 5288 Πνεῦμα
2740 5214 3001 5288 δουλείας
3040 5217 3229 5288 omisit
3297 5213 3532 5288 scriptor
3588 5213 3718 5277 .cod.

2140 5285 2378 5358 Monam,
2399 5284 2493 5354 qui
2525 5285 2692 5358 habet
2708 5284 3078 5358 ιπεριλαὸὼν,
3108 5286 3247 5339 ἀλλὰ
3280 5288 3379 5342 Πν.
3408 5284 3632 5358 σοφίας,
3662 5308 3718 5345 κ.

2138 5373 2191 5409 τ.
2228 5357 2304 5418 λ.,
2330 5353 2565 5425 fortasse
2593 5353 2671 5424 τῷ
2686 5353 2977 5425 κομοιάρχῳ
3005 5375 3025 5407 ‹
3056 5358 3194 5410 ἀλλὰ
3231 5377 3250 5409 ι
3280 5353 3559 5415 inductus.

2360 5424 2576 5498 IlATim.
2611 5439 2649 5479 I.
2788 5424 2879 5498 Δυἰέ
2902 5424 3037 5498 γὰρ
3086 5428 3289 5481 ἔδωκεν
3355 5431 3491 5497 ἡμῖν
3521 5433 3547 5483 6
3584 5430 3720 5492 Θεὸς

2138 5490 2355 5563 πνεῦμα
2401 5494 2626 5570 δειλίας,
2674 5490 2815 5548 ἀλλά
2856 5490 3145 5568 δυνάμεως
3204 5498 3301 5551 καὶ
3353 5490 3579 5570 ἀγάπης
3624 5490 3719 5553 καὶ

2138 5564 2544 5635 σωφρονισμοῦ.

2205 5634 2317 5706 (86)
2351 5635 2470 5689 Col.
2497 5635 2586 5687 ναὶ
2616 5634 2680 5705 δὴ
2712 5638 2828 5693 καί.

2206 5708 2297 5781 (a)_
2321 5706 2424 5761 Per
2440 5708 2786 5781 aposiopesin
2808 5708 3010 5763 omittit
3042 5722 3388 5779 consequens
3418 5724 3433 5761 :
3467 5709 3609 5781 Ergo
3644 5725 3711 5765 ex

2132 5777 2337 5831 mundo
2368 5777 2610 5847 procedit
2633 5778 2903 5843 Christus,
2923 5793 3028 5836 etc.
