3886 6512
177 398 283 462 335
1310 401 1576 463 ΡΗΟΤΙῙ
1614 397 1768 460 ΡΑΤῙ

1875 397 2125 458 lRCHlE
2163 399 2271 462 CP.
3344 401 3446 463 336

179 509 458 565 missionis
495 520 550 565 et
581 510 801 566 virtutis
837 519 892 564 et
924 511 1294 578 revelationis,
1331 513 1550 567 consilii
1595 513 1758 568 etiam

1875 511 1960 563 καὶ
1985 511 2274 579 δυνάμεως
2299 511 2393 566 καὶ
2421 511 2841 583 ἀποκαλύψεως,
2863 512 3060 584 βουλῆς
3076 528 3134 565 τε
3151 513 3244 565 καὶ
3264 511 3446 582 ἰσχύος

177 614 235 657 et
262 602 607 660 fortitudinis
653 613 710 658 et
746 604 964 673 pietatis
1003 611 1059 658 et
1101 604 1542 659 mansuetudinis
1569 604 1653 658 “z
1695 601 1762 656 Et

1875 605 1962 657 καὶ
2007 605 2294 669 εὐσεϐείας
2340 606 2437 659 καὶ
2482 605 2791 676 πραότητος
2817 621 2832 634 ⁸
2877 606 3013 658 Ἐὰν
3042 604 3272 674 καὶ(87)
3301 619 3450 672 προ-

175 697 223 750 si
254 708 654 766 prwoccupatu
684 699 842 770 fuerit
880 699 1054 764 homo,
1093 697 1291 768 inquit,
1333 699 1389 751 in
1439 698 1622 769 aliqua
1667 698 1762 750 de-

181 788 324 849 licto.
347 805 434 844 vos
459 791 546 860 qui
583 789 884 858 spirituum
914 790 1060 854 estis,
1080 790 1325 842 instruite
1341 805 1458 842 eum
1480 791 1534 842 in
1557 787 1764 858 Spiritu

183 883 602 936 mansuetudinis
650 881 928 951 (lenitatis)
956 883 1021 936 ⁸⁸.
1072 883 1150 936 lla
1182 881 1404 943 Paulus,
1441 881 1609 951 ignita
1638 880 1764 950 Spi-

181 978 319 1031 ritus
368 979 572 1047 lingua.
628 976 835 1030 Dicitur
891 977 1056 1031 etiam
1099 977 1339 1046 Spiritus
1389 977 1759 1038 sensationis;

176 1071 257 1123 ait
279 1070 424 1123 enim
452 1069 733 1139 Scriptura
759 1087 774 1123 τ
806 1068 936 1123 Ecce
961 1069 1140 1123 vocavi
1161 1086 1225 1123 ea:
1247 1070 1456 1122 nomine
1495 1067 1724 1122 Beseleel
1741 1085 1759 1132 ,-

180 1162 372 1231 ταρίρυὶ
422 1179 542 1215 eum
581 1161 789 1231 Spiritu
827 1163 1107 1231 sapientia?
1141 1171 1189 1216 et
1233 1163 1469 1217 scientiw
1495 1172 1542 1214 et
1580 1179 1762 1215 sensa-

177 1253 338 1306 tionis
356 1253 422 1305 ⁸⁷.
455 1252 576 1305 Non
613 1253 786 1306 solum
820 1251 944 1314 hoc,
979 1268 1168 1306 verum
1203 1261 1259 1305 et
1287 1252 1523 1322 Spiritus
1549 1251 1766 1305 humili-

182 1345 331 1402 tatis.
376 1353 439 1398 ut
467 1353 672 1398 canunt
717 1346 874 1414 pueri
920 1345 974 1398 in
1028 1345 1152 1415 igne
1203 1343 1547 1414 refrigerium
1576 1343 1761 1396 nacti:

184 1436 288 1491 Sed
321 1438 377 1490 in
406 1438 586 1490 animo
616 1438 842 1490 contrito
877 1447 926 1490 et
961 1437 1013 1490 in
1052 1435 1256 1507 Spiritu
1283 1435 1622 1499 humilitatis,
1652 1451 1767 1487 sus-

183 1531 448 1600 cipiamnr
475 1529 541 1581 ⁸⁸.
595 1529 703 1583 Sed
732 1537 787 1582 et
817 1526 1055 1597 Spiritus
1077 1526 1270 1597 judicii
1301 1535 1358 1580 et
1386 1525 1618 1585 ardoris,
1647 1521 1770 1592 qui-

181 1622 286 1676 bus
317 1620 498 1675 verbis
531 1621 693 1676 ultrix
721 1629 778 1674 et
815 1621 1094 1691 purgatrix
1128 1618 1364 1690 Spiritus
1393 1618 1568 1672 virtus
1588 1618 1769 1672 mani-

180 1715 436 1771 festatur.
469 1714 689 1768 Etenim
721 1713 890 1769 Isaias
913 1713 1144 1768 clamat:
1176 1711 1437 1782 Purgabit
1471 1727 1557 1764 eos
1583 1709 1769 1764 Domi-

183 1825 280 1862 nus
331 1807 542 1878 Spiritu
586 1807 778 1877 jndicii
838 1815 886 1860 et
944 1807 1152 1886 ardoris
1177 1806 1264 1872 '9;
1301 1805 1396 1859 sed
1430 1812 1486 1858 et
1535 1802 1770 1873 Spiritus

179 1899 562 1970 plenitudinis,
597 1914 722 1953 nam
767 1914 876 1968 quo
931 1897 1325 1968 prophetarum
1373 1888 1557 1949 nullus
1597 1894 1767 1963 magis

180 1993 524 2062 compatiens
583 1991 801 2046 caeteris
849 1999 934 2045 est
983 1988 1270 2054 Jeremias,
1315 1988 1408 2042 Via
1446 1988 1570 2057 ﬁlia:
1616 1985 1763 2048 Sion,

185 2085 382 2153 inquit,
415 2085 597 2137 nonin
627 2091 891 2146 sanctum,
928 2098 1022 2135 nec
1055 2083 1111 2134 in
1133 2097 1326 2148 parum
1357 2079 1619 2148 Spiritum
1655 2077 1766 2141 ple-

182 2176 439 2230 nitudinis
481 2175 545 2240 το,
598 2189 700 2243 pro
736 2189 803 2228 eo
852 2181 912 2227 ut
960 2171 1213 2226 diceret:
1265 2171 1384 2225 Non
1428 2169 1635 2240 repleta
1683 2174 1769 2222 est

181 2283 324 2339 puro
365 2275 422 2321 et
450 2275 643 2321 sancto
679 2265 911 2336 Spiritu.
956 2265 1099 2330 Quid
1130 2264 1303 2335 ergo?
1343 2261 1542 2318 ldeone
1573 2271 1630 2317 tu
1670 2277 1766 2316 su-

180 2361 410 2432 percilio
465 2368 748 2413 contracto
799 2373 863 2413 ex
919 2358 1101 2422 donis,
1151 2372 1271 2426 quae
1309 2356 1398 2410 ille
1447 2355 1674 2426 largitur
1703 2368 1768 2408 ac

180 2454 384 2516 donat,
446 2451 746 2522 procedere
803 2449 1210 2504 sanctissimum
1271 2446 1536 2516 Spiritum
1599 2444 1766 2514 impia

181 2545 600 2600 ratiocinatione
635 2542 930 2598 aﬂirmabis
977 2556 1042 2596 ac
1084 2539 1498 2596 subsistentiam
1550 2553 1614 2591 ac
1639 2553 1768 2606 pro-

183 2638 490 2693 cessionem
509 2651 663 2691 suam
695 2635 823 2690 inde
855 2634 1114 2690 trahere?
1145 2630 1223 2687 Ne.
1245 2632 1409 2703 igitur
1439 2643 1490 2685 te
1515 2631 1770 2700 impietas

186 2731 574 2787 blandimentis
604 2729 719 2783 suis
758 2727 1000 2798 pelliciat
1027 2727 1095 2781 ad
1127 2725 1369 2780 fallacias
1397 2734 1588 2779 contra
1617 2732 1766 2778 tuam

186 2823 359 2894 ipsius
397 2822 629 2875 salutem
676 2818 1042 2872 consuendas.
1092 2815 1250 2882 Quod
1301 2813 1449 2868 enim
1484 2813 1654 2868 Filius
1712 2821 1771 2866 et

186 2915 425 2969 Verbum
468 2912 561 2966 Dei
601 2921 657 2966 et
715 2909 996 2981 Sapientia
1042 2918 1099 2964 et
1138 2908 1324 2964 Virtus
1367 2917 1421 2963 et
1459 2905 1679 2962 Veritas
1712 2906 1766 2960 in

185 3007 356 3063 sacris
391 3005 594 3060 nostris
622 3003 904 3058 codicibus
933 3011 1282 3071 nuncupetnr
1310 3000 1380 3066 ⁷⁸,
1418 2999 1627 3054 nemini
1659 3013 1768 3052 non

183 3111 268 3156 eat
299 3098 680 3162 notissimum;
716 3097 860 3166 quod
904 3103 1087 3149 autem
1134 3103 1190 3149 et
1215 3093 1596 3149 sanctissimus
1644 3089 1771 3162 Spi—

1865 693 2074 764 ληςθθῇ
2120 694 2432 764 ἄνθρωπος
2477 695 2548 749 ἐν
2581 713 2696 749 τινι
2748 694 3202 764 παραπτώματι,
3259 695 3450 765 ὑμεῖς,

1867 789 2052 859 φησὶν,
2103 791 2159 842 ol
2181 787 2593 857 πνευματικοὶ,
2627 786 2997 856 καταρτίζετε
3016 787 3207 840 αὐτὸν
3232 787 3346 856 (88)
3385 789 3453 841 ἐν

1867 882 2170 950 Πνεύματι
2220 883 2578 949 πραότητος,
2611 879 2728 952 [5η
2764 880 2976 943 Παῦλος
3019 882 3052 950 ἡ
3101 880 3306 950 πυρίνη
3337 881 3450 950 (89)

1867 975 2090 1043 γλῶσσα
2117 973 2212 1027 τοῦ
2253 974 2592 1043 Πνεύματος,
2619 973 2728 1025 Καὶ
2762 973 2826 1044 δὴ
2863 973 2959 1024 καὶ
2994 971 3223 1039 Πνεῦμα
3259 971 3453 1041 αἰσοήο

1869 1085 2008 1131 σεως
2026 1068 2158 1138 (90)·
2192 1067 2340 1136 λέγει
2385 1067 2494 1137 γὰρ
2528 1065 2594 1119 τὰ
2635 1064 2807 1132 Λὸγια
2837 1064 2984 1134 (91)·
3041 1063 3187 1118 Ἰδοὺ
3229 1061 3454 1129 κέκλη-

1867 1177 1946 1213 κα
1969 1159 2039 1224 ἐξ
2086 1159 2382 1228 ὀνόματος
2421 1159 2528 1211 τὸν
2576 1155 2930 1221 Βεσελεήλ’
2984 1153 3453 1224 ἐπλήρωσαωξὶ)

1866 1258 2054 1309 αὑτὸν
2089 1255 2331 1323 Πνεῦμα
2360 1255 2583 1323 σοφίας
2614 1255 2711 1306 καί
2743 1251 3084 1319 ἐπιστήμης
3109 1249 3209 1302 καὶ
3239 1247 3455 1314 αἰσθή-

1867 1365 2045 1415 σεως.
2081 1350 2155 1402 Οὐ
2177 1351 2305 1418 μὴν,
2330 1347 2466 1402 ἀλλά
2495 1348 2587 1400 καὶ
2613 1344 2996 1406 ταπεινώσεως
3026 1343 3247 1411 λέγεται
3279 1340 3454 1394 Πνεῦ-

1873 1459 1970 1512 μα,
2001 1441 2077 1505 ὥς
2118 1459 2220 1495 που
2250 1440 2546 1509 ψάλλουσιν
2576 1440 2625 1492 οἱ
2675 1439 2868 1500 παῖδες
2931 1437 3010 1506 τῷ
3044 1437 3178 1507 πυρὶ
3209 1434 3455 1506 δροσιζό-

1873 1550 2023 1602 μενοι
2049 1549 2062 1562 ·
2108 1534 2271 1587 Ἀλλ’
2295 1531 2560 1600 ἐνψυχῇ
2611 1528 3090 1598 συντετριμμένῃ
3125 1528 3224 1581 καὶ
3263 1528 3452 1580 Πνεύ-

1864 1635 2010 1694 ματι
2056 1625 2472 1691 ταπεινώσεως
2521 1622 3060 1692 προσδεχθείημεν.
3143 1618 3306 1673 Ἀλλὰ
3359 1619 3458 1673 καὶ

1872 1717 2110 1788 κρίσεως
2171 1718 2397 1789 Πνεῦμα
2457 1718 2552 1771 καὶ
2602 1716 2854 1779 καύσεως
2905 1714 3149 1784 λέγεται,
3209 1712 3278 1766 δι’
3306 1706 3383 1766 ὧν
3422 1714 3457 1784 ἡ

1871 1811 2220 1880 τιμωρητική
2268 1827 2330 1862 τε
2371 1809 2468 1863 καὶ
2519 1808 2830 1878 καθαρτικὴ
2861 1805 2974 1878 (95)
3003 1805 3098 1858 τοῦ
3136 1803 3459 1875 ΙΙνεύματος

1874 1905 2231 1974 ἐμφανίζεται
2257 1904 2370 1977 (94)
2419 1905 2668 1975 δύναμις.
2706 1906 2817 1958 Καὶ
2873 1904 2980 1974 γὰρ
3041 1903 3273 1963 Ἡσαΐας
3319 1900 3456 1972 βοᾷ·

1873 1995 2276 2067 Καθαριεῒ(95)
2336 1996 2561 2062 αὐτοὺς
2611 1997 2829 2065 Κύριος
2873 1995 3175 2064 Πνεύματι
3205 1994 3461 2062 ’κρίσεως

1875 2087 1974 2140 καὶ
2016 2088 2318 2157 Πνεύματι
2360 2090 2654 2152 καύσεως.
2722 2087 2883 2141 Ἀλλά
2935 2089 3043 2158 μὴν
3106 2088 3201 2140 καὶ
3233 2085 3465 2155 Πνεῦμα

1875 2177 2214 2248 πληρώσεως
2233 2221 2247 2244 ,
2277 2183 2304 2233 6
2325 2181 2434 2232 τῶν
2465 2180 2761 2251 προφητῶν
2798 2178 3250 2250 συμπαθέστατυς
3295 2177 3463 2248 Ἰερε-

1879 2269 2010 2340 μίας
2035 2269 2333 2339 λέγει(96)⁶
2379 2269 2441 2325 Ἠ
2470 2269 2612 2334 ὁδὸς
2654 2266 2766 2337 τῆς
2813 2270 3106 2339 θυγατρὸς
3152 2268 3259 2322 τοῦ
3300 2268 3460 2322 λαοῦ

1869 2378 1990 2431 μου
2018 2363 2129 2414 οὐκ
2158 2364 2246 2427 εὶς
2277 2359 2448 2431 ἅγιον
2473 2361 2612 2416 οὔτε
2636 2363 2722 2426 είς
2751 2361 3015 2429 καθαρὸν
3042 2360 3287 2430 Πνεῦμα
3307 2363 3466 2426 πληα

1865 2452 2150 2520 ρώσεως·
2197 2453 2320 2506 ἀντὶ
2371 2451 2499 2505 τοῦ*
2549 2452 2625 2505 Οὐ
2679 2453 3038 2522 πεπλήρωται
3073 2451 3316 2523 καθαροῦ
3365 2450 3465 2504 καὶ

1875 2546 2033 2615 ἁγίου
2102 2547 2442 2613 Πνεύματος.
2481 2546 2548 2599 Τί
2601 2543 2696 2600 οῦν
2729 2547 2840 2618 (97)
2899 2546 2988 2602 διὰ
3039 2547 3197 2600 τοῦτο
3241 2549 3306 2599 σὺ
3360 2547 3464 2616 τὴν

1875 2641 2047 2706 ὀφρὺν
2104 2638 2542 2710 ἅνασπᾷς(98);
2597 2639 2662 2692 ὲκ
2716 2637 2824 2692 τῶν
2879 2639 3260 2710 χαρισμάτων,
3316 2637 3466 2708 ἅπερ

1875 2732 2012 2786 αὐτὸ
2041 2735 2274 2803 χορηγεῖ
2301 2733 2397 2786 καὶ
2424 2731 2735 2803 χαρίζεται,
2767 2731 2828 2784 τὸ
2867 2733 3135 2800 πανάγιον
3180 2730 3458 2801 θεομαχή-

1878 2841 1992 2888 σεις
2021 2823 2421 2898 ἐκπορεύεσθαι
2453 2823 2676 2894 Πνεῦμα
2707 2825 2800 2878 καὶ
2829 2825 2930 2894 τὴν
2963 2823 3202 2895 ὓπαρξιν
3225 2826 3322 2878 καὶ
3361 2823 3464 2896 τὴν

1877 2917 2208 2986 ὲκπόρευσιν
2252 2916 2463 2970 ἐκεῖθεν
2513 2917 2775 2982 ἑλκύσαι,
2816 2919 2913 2970 καὶ
2943 2917 3018 2988 μή
3071 2935 3132 2970 σε
3185 2918 3284 2986 τῆς
3333 2899 3473 2970 ἀσεἈ

1879 3009 2035 3073 ὄείας
2074 3011 2109 3077 ἠ
2162 3009 2503 3082 πρόσκλησις
2539 3012 2603 3064 ὲκ
2659 3011 2768 3063 τῶν
2819 3009 3012 3075 δεξιῶν
3064 3009 3463 3080 ὑποδραμοῦσα

1877 3105 1977 3175 τὴν
2038 3103 2137 3175 σὴν
2193 3104 2470 3176 ἀναπείσῃ
2505 3103 2973 3173 κατασοφίζεσθαι
2999 3102 3112 3174 (99)
3161 3102 3458 3172 σωτηρίαν.

185 3193 324 3247 ritus
354 3206 465 3246 non
503 3191 679 3244 solum
733 3189 943 3243 dicatur
991 3187 1224 3258 Spiritus
1269 3185 1411 3254 Filii,
1459 3187 1554 3242 sed
1605 3188 1768 3242 etiam

1877 3201 1957 3254 ὅτι
1991 3199 2089 3270 μὲν
2126 3197 2235 3269 γὰρ
2271 3200 2298 3250 6
2328 3195 2456 3260 Υἱὸς
2510 3195 2604 3248 καὶ
2655 3196 2828 3264 Λόγος
2875 3195 2969 3248 τοῦ
3005 3193 3139 3248 Θεοῦ
3171 3196 3263 3248 καὶ
3292 3195 3462 3262 Σοφία

185 3283 424 3355 Spiritus
450 3283 746 3347 donorum,
785 3295 1016 3351 quorum
1048 3279 1556 3334 distribuendorum
1612 3286 1794 3349 ροισι-³

187 3383 380 3430 statem
431 3373 616 3436 habet,
655 3385 809 3441 teque
849 3379 935 3425 est
977 3369 1044 3424 iis
1085 3369 1428 3441 exploratum
1480 3369 1572 3440 qui
1610 3369 1771 3425 intel-

186 3471 389 3526 lectum
415 3481 478 3522 ac
503 3480 730 3522 sensum
761 3463 968 3518 habent
995 3463 1223 3518 Christi.

259 3837 346 3893 58.
388 3838 794 3910 Lexigiturtua
821 3839 918 3894 tibi
942 3839 1245 3910 praecipiet,
1267 3840 1378 3895 imo
1409 3841 1594 3912 potius
1616 3852 1774 3916 coget

185 3945 451 3995 asserere,
510 3947 620 3985 non
687 3931 863 3985 solum
904 3931 1165 4002 Spiritum
1208 3947 1237 3986 a
1270 3933 1408 3988 Filio
1450 3936 1772 4005 procedere,

185 4024 309 4093 quia
348 4021 588 4092 Spiritus
623 4021 742 4076 Filii
775 4022 999 4082 dicitur.
1030 4025 1124 4079 sed
1163 4025 1328 4080 etiam
1359 4026 1428 4081 ab
1463 4027 1769 4098 intelligen-

186 4116 260 4170 tia
286 4126 344 4171 et
372 4115 604 4170 aliorum
633 4115 903 4170 donorum
932 4117 1322 4173 distributione
1356 4128 1412 4173 et
1434 4135 1466 4174 a
1499 4121 1776 4177 sexcentis
1813 4117 1817 4122 ’

186 4209 308 4261 aliis
349 4207 550 4262 divinis
597 4209 1011 4277 operationibus
1047 4225 1112 4264 ac
1159 4211 1479 4278 virtutibus,
1539 4228 1773 4283 quarum

187 4301 568 4355 sanctissimus
612 4300 847 4370 Spiritus
886 4301 1010 4355 fons
1067 4310 1123 4357 et
1177 4302 1402 4373 largitor
1443 4306 1773 4375 przedicatur

186 4402 352 4462 atque
384 4389 714 4462 agnosCitur,
734 4393 1010 4463 praecipue
1040 4409 1171 4449 vero
1195 4411 1226 4449 a
1257 4395 1387 4463 fide,
1411 4397 1768 4464 revelatione,

187 4485 572 4557 promissione,
605 4485 810 4558 judicio
835 4494 892 4542 et
929 4485 1303 4559 intelligentia,
1355 4491 1615 4560 quoniam
1670 4509 1768 4550 ne-

1874 3291 1968 3347 καὶ
1998 3291 2238 3360 Δύναμις
2267 3291 2364 3343 καὶ
2412 3286 2668 3359 Ἀλήθεια
2706 3289 2818 3351 τοῖς
2848 3287 3013 3358 ἱεροῖς
3039 3285 3196 3356 ἡμῶν
3246 3287 3456 3357 ἀνακη-

1877 3384 2132 3455 ρύττεται
2157 3379 2274 3456 [58]
2305 3381 2500 3450 Λόγοις
2533 3379 2633 3452 (Ι),
2671 3381 2838 3434 πᾶσιν
2892 3380 2926 3451 ἡ
2985 3379 3188 3448 γνῶσις
3222 3378 3463 3448 ὲξήπλω·

1871 3495 1965 3531 ται
1985 3493 2000 3508 ο
2031 3478 2115 3531 ὃτι
2144 3475 2201 3529 δὲ
2224 3476 2320 3529 καὶ
2351 3475 2412 3529 τὸ
2436 3475 2708 3543 πανάγιον
2755 3471 2983 3542 Πνεῦμα
3013 3471 3073 3524 οὐ
3110 3472 3272 3542 μόνον
3301 3471 3458 3538 λέγε-

1871 3584 1967 3621 ται
1996 3567 2090 3620 τοῦ
2137 3566 2294 3633 Υίοῦ,
2324 3567 2460 3620 ἀλλὰ
2503 3566 2599 3619 καὶ
2647 3564 2759 3618 τῶν
2819 3563 3198 3636 χαρισμάτων,
3242 3555 3319 3617 ὧν
3360 3563 3458 3633 τῆς

1873 3660 2140 3732 διανομῆς
2163 3659 2224 3713 τὸ
2256 3657 2424 3727 κῦρος
2451 3657 2587 3731 ἔχει,
2621 3659 2817 3730 ἐπίσης
2838 3659 2868 3712 6
2893 3655 3020 3712 νοῦν
3041 3655 3190 3727 ἔχειν
3217 3655 3455 3726 ἠξιωμέο

1875 3769 1966 3816 νος
1996 3751 2236 3823 Χριστοῦ
2266 3751 2676 3805 συνεπίσταται.

1950 3852 2054 3916 νη’.
2091 3843 2232 3919 [ιβ’.]
2293 3841 2600 3916 Τοιγαροῦν
2626 3844 2654 3895 6
2693 3857 2785 3904 σος
2837 3839 3007 3911 νόμος
3044 3839 3295 3906 επιτάξει
3355 3855 3458 3901 σοι,

1886 3941 2087 4013 μᾶλλον
2115 3939 2172 3992 δὲ
2200 3938 2628 4005 συναναγκάσει,
2657 3933 2733 4005 μὴ
2760 3933 2922 4004 μόνον
2969 3931 3035 3984 ὲκ
3067 3928 3162 3983 τοῦ
3191 3927 3324 3982 Υἱοῦ
3367 3929 3459 3981 λέ-

1879 4051 1998 4103 γειν
2026 4032 2086 4085 τὸ
2132 4030 2360 4102 Πνεῦμα
2389 4026 2808 4099 ἐκπορεύεσθαι,
2859 4023 2995 4078 διότι
3028 4020 3125 4077 τοῦ
3153 4021 3286 4076 Υίοῦ
3308 4021 3463 4090 λέγε·

1878 4146 1992 4194 ται,
2021 4126 2158 4180 ἀλλὰ
2187 4125 2282 4178 καὶ
2323 4125 2389 4177 ὲκ
2428 4121 2529 4192 τῆς
2591 4119 2860 4182 συνέσεως
2896 4117 2991 4170 καὶ
3027 4117 3091 4193 tu
3114 4114 3190 4184 (2)
3231 4115 3331 4185 τῆς
3352 4113 3464 4168 τῶν

1879 4221 2238 4292 χαρισμάτων
2259 4215 2521 4285 διανομῆς
2548 4212 2644 4267 καὶ
2673 4211 2782 4264 ἀπὸ
2808 4209 2919 4262 τῶν
2936 4209 3014 4278 ('5)
3047 4207 3259 4277 μυρίων
3283 4205 3461 4259 ἄλλων

1885 4312 2206 4383 θεοπρεπῶν
2256 4307 2550 4380 ὲνεργειῶν
2577 4322 2638 4358 τε
2669 4304 2762 4357 καὶ
2790 4303 3095 4372 δυνάμεων,
3128 4293 3204 4353 ὧν
3229 4298 3292 4351 τὸ
3327 4315 3464 4350 παν-

1881 4407 2039 4475 ἅγιον
2083 4401 2311 4472 Πνεῦμα
2359 4399 2510 4471 πηγὴ
2544 4399 2640 4452 καὶ
2691 4395 2929 4467 χορηγὸς
2978 4391 3339 4461 δοξολογεῖται
3370 4390 3466 4445 καὶ

1879 4495 2335 4567 ἔπιγινώσκεται,
2391 4491 2626 4562 μάλιστα
2669 4488 2726 4541 δὲ
2748 4490 2814 4541 ὲκ
2859 4484 2959 4555 τῆς
2989 4484 3226 4548 πίστεως
3259 4485 3354 4537 καὶ
3382 4482 3460 4553 (4)

260 4640 306 4711 9⁵
339 4640 442 4694 lsa.
465 4655 540 4705 ιιι,
575 4638 646 4711 2;
681 4639 960 4711 ΕρΙιεε.-ι,
986 4641 1074 4704 1'5,
1106 4641 1195 4695 l7.
1272 4643 1318 4675 °°
1357 4641 1534 4699 Galat.
1594 4663 1668 4710 τι,
1723 4649 1768 4704 1.

1879 4650 1898 4680 ⁷
1927 4645 2097 4702 Exod.
2130 4660 2280 4711 xxxi,
2313 4642 2371 4708 2,
2404 4642 2460 4697 3.
2536 4641 2583 4674 ⁸³
2635 4640 2773 4695 Dan.
2818 4655 2900 4705 ιιι,
2919 4637 3009 4694 59.
3086 4636 3130 4668 "
3162 4633 3266 4691 lsa.
3313 4652 3386 4700 tv,
3409 4635 3465 4688 ἕ.

189 4709 762 4776 ’"Jerem.lv,H,12.
837 4711 1056 4766 "Joau.
1095 4727 1134 4778 ι,
1167 4713 1190 4766 l
1228 4727 1377 4784 seqq.
1411 4731 1522 4780 xw,
1561 4717 1628 4783 6;
1657 4709 1692 4771 ίι
1741 4718 1768 4775 (

1895 4733 1936 4787 ι,
1967 4716 2159 4772 24-50.

1292 4885 1532 4944 VARIA‘I
1573 4887 1965 4946 LECTIONES
1998 4887 2087 4942 ET
2127 4884 2363 4942 NUTZE.

262 5043 376 5127 ςὲἒ)
401 5044 548 5127 M0.“-
577 5045 682 5127 ἐὰν
709 5047 838 5127 γάρ·

263 5116 373 5184 (88)
404 5116 520 5169 Col.
544 5115 635 5168 τὸν
664 5115 926 5170 τοιοῦτον.

265 5187 377 5251 (89)
407 5185 552 5239 Μοη.
588 5185 836 5251 πύρινος.

267 5257 379 5325 (90)
405 5255 521 5328 Qpl.
558 5271 624 5328 _x.
656 5254 722 5325 δὴ
753 5254 982 5328 Πνεῦμα
1002 5257 1332 5328 αἰσθήσεως.

193 5400 222 5451 λ
269 5325 596 5451 (nyﬁxod.
626 5341 774 5390 xxxx,
817 5326 871 5393 2,
907 5327 942 5382 5
975 5343 990 5381 :
1035 5325 1580 5402 ιδουὰνακέκλημαι,
1630 5349 1685 5385 κ.
1720 5349 1774 5385 τ.

269 5467 378 5541 (92)
421 5465 568 5541 Mon.
591 5465 932 5541 ἐπλήρωσεν.
965 5465 1086 5521 Col.
1117 5469 1212 5541 atat
1235 5470 1553 5541 ἐπλήρωσα.
1592 5469 1733 5525 LXX
1760 5487 1774 5525 :

198 5535 471 5607 ἐνέπλησα
513 5536 675 5589 αὑτὸν
709 5535 809 5590 Πν.
836 5535 983 5590 Θείον
1014 5538 1205 5606 σοφίας
1247 5542 1343 5593 καὶ
1363 5535 1647 5606 ’συνέσεως
1683 5543 1778 5595 καὶ

197 5625 528 5676 επιστημης.

269 5609 589 5746 (δὲῗμὲιῖη.
635 5676 985 5750 καθαρατική
1037 5677 1259 5734 habuit:
1307 5680 1404 5736 sed
1460 5682 1683 5738 tertium
1743 5699 1780 5737 α

196 5759 386 5818 postea
414 5749 676 5802 deletum.

271 5821 382 5880 (94)
417 5819 562 5872 Μοιι.
591 5818 940 5886 ἐμφαίνεται,

275 5890 383 5958 (95)
413 5888 528 5942 Col.
567 5890 706 5942 καθα
716 5893 841 5959 ιρεῑ.

1803 5057 1850 5116 ι)
1882 5120 1925 5130 __
1949 5048 2308 5130 (96).Jerem._
2347 5063 2422 5130 ιν,
2477 5041 2857 5130 ῃηηῌξῖθά
2886 5043 3046 5130 longe
3074 5043 3257 5130 differt
3281 5051 3463 5130 tostus

1882 5112 2188 5176 Ilebraicus
2211 5130 2266 5174 et
2289 5112 2468 5174 Latin.
2488 5117 2648 5186 Vulg.
2667 5112 2819 5186 LXXV
2842 5132 2855 5186 ς
2893 5112 3045 5177 Ὁδὸς
3070 5114 3168 5182 τῆς
3191 5114 3462 5186 θυγατρὸς

1882 5191 1979 5244 τοῦ
2004 5191 2135 5243 λαοῦ
2159 5208 2260 5259 μου
2279 5191 2380 5242 οὐκ
2400 5189 2480 5252 εἰς
2501 5181 2982 5259 καθαρὸν-οὐδείς
3008 5181 3166 5259 arma
3188 5200 3204 5215 ·
3233 5181 3463 5259 Πνεῦμα

1885 5253 2249 5332 πληρώσεως
2274 5259 2396 5332 ἥξει
2457 5277 2548 5330 μοι
2577 5273 2590 5288 ·
2621 5257 2716 5313 νῦν
2753 5255 2809 5309 δὲ
2858 5254 2970 5326 ἐγὼ
3027 5254 3178 5309 λαλῶ
3215 5253 3464 5325 κρίματὰ

1889 5348 1992 5403 μου
2022 5331 2162 5403 πρὸς
2191 5330 2412 5403 pio-:96;

1959 5397 2080 5471 (97)
2108 5401 2225 5455 Col.
2259 5401 2313 5453 τι
2340 5397 2462 5467 οῦν;

1959 5474 2071 5540 (98)
2112 5471 2466 5534 Ἀνασπάσας
2499 5471 2586 5523 ὲκ.
2612 5487 2664 5523 τ.
2688 5487 2746 5540 χ.

1962 5487 2071 5540 tua)
2117 5487 2466 5534 Ἀνασπασας
2499 5487 2586 5523 εκ.
2612 5487 2664 5523 τ.
2731 5507 2746 5522 .

1962 5541 2260 5614 (99))lot1.
2291 5487 2791 5614 κατασοφίσασέαι.

1959 5611 2038 5681 (1)
2067 5611 2184 5666 Col.
2209 5612 2430 5680 λογίοις,
2465 5613 2654 5664 πᾶσιν.

1960 5681 2038 5758 (ᾖ)
2063 5681 2208 5758 Πυη.
2446 5681 2479 5736 b
2524 5681 2704 5758 omitt.
2733 5681 2818 5758 ἐξ.

1959 5748 2035 5820 (5)
2070 5750 2216 5804 Μοη.
2243 5752 2277 5805 f.
2315 5753 2463 5806 4613
2522 5753 2698 5806 omilt.
2730 5751 2858 5805 τῶν.
2895 5748 2987 5806 Sic
3013 5749 3127 5806 Col.

1963 5823 2041 5893 (4)
2073 5821 2215 5876 Mon.
2254 5823 2348 5876 καὶ
2377 5825 2440 5875 ὲκ
2469 5825 2568 5888 τῆς
2607 5823 2774 5878 ἀποκ.
2805 5821 2921 5877 Col.
2954 5823 3049 5874 xui
3079 5820 3320 5875 ἁποκαλ.
