3886 6452
464 388 578 451 3‘37

1514 391 1611 450 DE
1648 393 1709 453 S.
1750 392 2105 453 SPIRITUS
2142 393 2642 453 MYSTAGOGIA.

3637 390 3746 452 333

464 509 569 576 τῆς
605 505 1031 574 ἀποκαλύψεως,
1064 506 1164 575 τῆς
1206 505 1537 576 ἐπαγγελίας
1564 524 1623 560 τε
1672 508 1767 561 καὶ
1799 507 1902 576 τῆς
1937 507 2059 578 κρί-

2179 523 2435 577 pmquam
2493 505 2827 561 contendere
2886 514 3075 575 potes,
3148 504 3280 561 licet
3338 507 3393 561 id
3448 507 3741 563 admodum

468 618 617 662 σεως
651 600 745 651 καὶ
775 598 852 666 (5)
906 598 1218 663 συνέσεως·
1263 600 1346 653 ὅτι
1405 600 1541 669 μηδὲ
1596 602 1928 669 κακουργεῖν
1975 616 2059 653 σοι

468 698 746 761 πάρεστιν
780 690 913 761 μηδὲ
937 689 1060 743 λίαν
1105 690 1416 762 βουλομένῳ
1436 690 1649 755 τούτοις
1687 691 2059 761 ὀνομάζεσθαι

467 783 566 835 τὸν
599 782 726 835 Υίόν
755 780 852 849 (6).

546 874 648 928 νϐ’.
714 876 777 928 Et
831 874 888 927 δέ
935 891 1021 938 τις
1067 875 1126 927 ἐν
1182 873 1396 937 τούτοις
1450 874 1695 944 Πνεῦμα
1750 872 2060 945 νομίσοι(7)

474 963 1008 1035 παραλαμϐάνεσθαι
1044 964 1145 1017 οὐκ
1180 964 1311 1018 αὐτὸ
1343 965 1406 1016 τὸ
1440 964 1706 1032 πανάγιον
1731 965 1828 1019 καὶ
1865 962 2063 1032 ὁμοού-

474 1073 596 1109 σιον
640 1056 734 1109 τσῦ
789 1056 1004 1127 Πατρδς
1035 1055 1250 1110 καὶτοῦ
1307 1056 1438 1109 Υίοῦ
1505 1055 1753 1126 Πνεῦμα,
1808 1056 1946 1110 ἀλλὰ
1990 1056 2062 1111 τὰ

475 1149 694 1202 ἐκεῖθεν
749 1148 984 1219 βρύοντα
1036 1148 1352 1219 χαρίσματα
1380 1148 1481 1220 (8),
1532 1149 1667 1202 διότι
1699 1148 1837 1219 πρὸς
1879 1150 2063 1202 ἐκεῖνο

474 1241 582 1311 τὴν
617 1241 897 1311 ἀναφορὰν
952 1240 1064 1310 ἔχει
1122 1241 1220 1293 καὶ
1263 1241 1395 1293 αὐτὸ
1439 1241 1614 1295 ταῦτα
1662 1241 1931 1310 διανέμει,
1963 1240 2064 1310 τὴν

477 1332 577 1384 τοῦ
614 1331 937 1398 Πνεύματος
959 1330 1277 1402 ἐπωνυμίαν
1326 1331 1734 1397 οἰκειώσασθαι,
1770 1332 1949 1384 καίτοι
1984 1330 2061 1400 (9)

479 1422 657 1475 πολλᾶ
690 1422 870 1490 λέγειν
899 1421 1041 1492 ἔχων
1070 1424 1223 1492 ὅμως
1253 1421 1351 1477 νῦν
1393 1423 1493 1476 οῦκ
1529 1423 1641 1493 (10)
1674 1421 1806 1493 ἐρῶ.
1846 1421 1946 1474 Διὰ
1972 1421 2061 1486 τίς

480 1515 603 1586 (59)
633 1516 777 1567 Διότι
808 1517 857 1567 εί
886 1515 981 1568 καὶ
1007 1513 1167 1568 τοῦτο
1197 1514 1603 1585 συγχωρηθείη,
1637 1514 1791 1567 οὐδὲν
1837 1513 2063 1566 ἔλαττον

479 1609 667 1662 αὐτῶν
714 1608 827 1678 (11)
882 1607 1251 1676 ἀπελέγχεται
1295 1608 1395 1675 τῆς
1453 1606 1804 1677 παρανομίας
1841 1606 1954 1676 (12)
2002 1606 2065 1659 τὺ

477 1700 859 1771 ἐπιχείρημα’
912 1699 1038 1751 ἐπεὶ
1078 1701 1186 1769 γὰρ
1225 1698 1319 1752 τοῦ
1352 1697 1672 1767 Πνεύματος
1722 1697 1944 1766 λέγεται
1994 1697 2065 1751 τὰ

476 1794 821 1864 χαρίσματα,
852 1794 881 1844 6
912 1791 970 1844 δὲ
999 1792 1184 1855 καινὸς
1212 1792 1396 1853 αὐτοῖς
1427 1790 1712 1844 ἐπιτάσσει
1737 1788 1851 1860 (15)
1874 1790 2060 1857 νόμος,

476 1882 699 1934 ἐκεῖθεν
732 1881 985 1950 προϊέναι
1010 1879 1310 1950 κηρύσσειν
1342 1879 1453 1949 (14)
1485 1881 1545 1932 τὸ
1586 1878 1835 1949 Πνεῦμα,
1877 1871 1939 1931 06
1969 1880 2063 1933 καὶ

478 1969 629 2026 εἶναι
665 1971 905 2037 λέγεται,
956 1971 1140 2025 οὐκέτι
1168 1972 1231 2025 τὸ
1276 1970 1501 2042 Πνεῦμα
1527 1964 1602 2026 ὦν
1623 1972 1865 2039 λέγεται,
1889 1970 2067 2024 ταῦτα

478 2066 757 2134 προάγειν
828 2060 1049 2133 ἐροῦσιν
1079 2062 1214 2134 (15),
1270 2062 1387 2116 ἀλλ’
1450 2062 1909 2133 ἅντιστρέψαντες
1954 2062 2066 2133 (16)

479 2158 726 2226 φήσουσι
753 2155 855 2222 τῆς
882 2153 1151 2217 συνέσεως
1173 2152 1571 2225 ἐκπορεύεσθαι
1599 2156 1692 2206 καὶ
1723 2154 1973 2224 προϊέναι
2006 2153 2066 2206 τὸ

479 2248 736 2318 χάρισμα
788 2245 1013 2313 καὶτῆς
1048 2245 1242 2313 σοφίας
1292 2245 1531 2298 καὶτῶν
1583 2244 1759 2299 ἄλλων
1808 2245 2066 2298 ἁπάντων

480 2340 596 2391 τῶν
618 2335 1219 2408 προειρημνωνοῶστε
1247 2336 1309 2389 06
1343 2336 1403 2389 τὸ
1435 2337 1682 2408 χάρισμα
1708 2336 1826 2407 ἦτοι
1854 2336 1942 2389 διὰ
1969 2334 2064 2389 τοῦ

490 2430 864 2501 πνευματικοῦ
914 2430 1253 2500 χαρίσματος
1278 2430 1389 2499 (17)
1421 2429 1480 2482 τὸ
1522 2428 1745 2496 Πνεῦμα
1802 2428 1925 2480 ούδέ
1953 2428 2065 2497 (18)

491 2522 591 2592 τὴν
642 2522 861 2575 σύνεσιν
912 2524 1145 2592 χορηγεῖ
1191 2521 1313 2574 ούδέ
1350 2520 1448 2591 τὴν
1491 2520 1685 2589 σοφίαν
1729 2520 1762 2589 ἢ
1800 2518 1911 2589 (19)
1969 2518 2067 2589 τὴν

485 2614 740 2685 δύναμιν,
778 2613 899 2667 ούδέ
945 2614 1046 2684 τὴν
1082 2612 1352 2665 υἱοθεσίαν
1387 2612 1509 2665 οὐδὲ
1545 2612 1642 2682 τὴν
1699 2609 2067 2679 ἀποκάλυψιν,

480 2710 613 2762 οὐδὲ
644 2710 744 2778 τὴν
767 2709 975 2768 πίστιν,
1012 2705 1133 2759 οῦδέ
1165 2706 1264 2775 τὴν
1308 2704 1591 2757 εὐσέϐειαν
1615 2718 1630 2733 ο
1690 2703 1827 2756 ἀλλὰ
1869 2700 2070 2773 μᾶλλον

482 2800 803 2856 τούναντίον
823 2802 858 2869 η
888 2798 1104 2860 σύνεσις
1135 2798 1228 2851 καὶ
1257 2798 1291 2867 ὴ
1321 2793 1671 2863 ἀποκάλυψις
1704 2794 1796 2847 καὶ
1829 2794 1863 2865 ἡ
1910 2792 2070 2846 εὐσέ-

484 2894 622 2947 ϐεια
642 2894 734 2946 καὶ
768 2894 801 2963 ἡ
827 2891 1010 2954 πίστις
1038 2894 1132 2944 καὶ
1179 2892 1207 2942 ὀ
1244 2887 1622 2959 σωφρονισμὸς
1664 2885 1969 2958 προάγουσι
1999 2886 2071 2939 τὰ

482 2985 835 3057 χαρίσματα,
873 2984 1017 3053 άπερ
1052 2999 1137 3035 σοι
1196 2979 1352 3049 φίλον
1391 2978 1579 3032 καλεῖν
1630 2976 1946 3047 Πνεύματα,
1975 2976 2072 3030 καὶ

481 3078 603 3129 τῶν
662 3076 836 3138 ἄλλως
866 3074 1129 3137 ὡσαύτως
1172 3072 1407 3125 ἕκαστον
1430 3069 1569 3142 (20),
1597 3069 1798 3140 μᾶλλον
1828 3068 1886 3122 δὲ
1913 3067 2072 3137 εἴπερ

474 3170 724 3222 ἕκαστον
779 3167 889 3220 τῶν
950 3166 1307 3237 χαρισμάτων
1368 3162 1592 3232 πνεῦμά
1649 3177 1732 3213 σοι
1787 3158 2073 3213 καλεῖσθαι

484 3261 778 3329 νομίζεται
809 3260 904 3311 καὶ
928 3258 1004 3329 τῷ
1033 3255 1253 3328 ἀριθμῷ
1275 3256 1384 3309 τῶν
1403 3253 1623 3322 δωρεῶν
1645 3253 1710 3306 τὸ
1729 3250 1935 3321 πλῆθος
1961 3250 2073 3303 τῶν

468 3353 835 3422 πνευμάτων
908 3350 1253 3416 συναύξεται,
1304 3349 1398 3401 καὶ
1457 3347 1610 3400 οὐδὲν
1686 3343 1930 3398 ἐνταῦθά
1988 3360 2072 3397 σοι

488 3439 722 3510 Πνεῦμα
746 3441 922 3492 είπεῖν
952 3438 984 3509 ἢ
1015 3439 1261 3509 χάρισμα
1303 3437 1552 3506 διαφέρει
1580 3453 1593 3467 ·
1648 3428 1711 3489 06
1759 3436 1816 3488 δὲ
1851 3436 2072 3502 λέγεται

486 3528 639 3584 εἶναι
667 3532 726 3585 τὸ
746 3531 1210 3601 Πνεῦμα,ἐκεῐθεν
1236 3533 1269 3600 ἡ
1299 3530 1365 3600 σὴ
1384 3528 1678 3600 νομοθεσία
1707 3527 2074 3599 προέρχεσθαί

485 3640 556 3676 τε
585 3625 679 3677 καὶ
711 3624 1047 3695 προάγεσθαι
1094 3623 1305 3676 κελεύει
1358 3621 1469 3692 (21)
1491 3639 1506 3652 ·
1537 3620 1650 3693 [60]
1702 3621 1937 3674 ἕκαστον
1966 3621 2074 3691 ἄρα

476 3716 569 3773 ,σὺ
597 3715 705 3770 τῶν
733 3716 1093 3788 χαρισμάτων
1115 3716 1149 3787 ἢ
1169 3716 1278 3769 τῶν
1310 3716 1641 3784 πνευμάτων
1670 3717 1750 3779 είς
1770 3714 1862 3767 δύο
1890 3713 2071 3784 τεμὼν

488 3808 615 3860 ἀνθ’
653 3810 768 3872 ἐνὸς
803 3810 977 3865 πλείω
1030 3810 1318 3879 ποιήσεις;
1365 3809 1432 3861 ἶν’
1520 3807 1583 3860 τὸ
1638 3809 1736 3877 μὲν
1775 3807 2070 3879 χορηγοῦν,

486 3902 562 3953 τδ
607 3901 662 3954 δὲ
717 3901 1141 3973 χορηγούμενον,
1188 3902 1286 3955 καὶ
1332 3902 1394 3955 τὸ
1448 3902 1548 3972 μὲν
1599 3901 1863 3971 προάγον,
1903 3900 1965 3953 τὸ
2017 3900 2074 3953 δὲ

486 3993 895 4060 προαγόμενον,
927 3994 961 4063 ἡ
983 3993 1165 4056 πίστις
1196 3992 1376 4046 πίστιν
1402 3993 1497 4047 καὶ
1537 3993 1570 4064 ἡ
1610 3991 1827 4053 σύνεσις
1860 3991 2077 4044 σύνεσιν

487 4085 599 4136 καὶ
627 4085 660 4152 ἡ
689 4083 941 4154 αἱσθησις
970 4086 1244 4154 αίσθησιν,
1283 4084 1379 4138 καὶ
1432 4084 1599 4137 πόσον
1634 4084 1699 4136 ἄν
1722 4100 1805 4145 τις
1839 4099 2073 4136 καταναο

486 4173 651 4246 λὼσῃ
670 4175 859 4246 χρόνον
880 4176 973 4229 τὸν
999 4176 1091 4228 σὺν
1116 4174 1462 4245 διερχόμενος
1485 4175 1651 4244 λῆρον
1672 4175 1683 4226 !

2174 616 2283 669 prze
2335 599 2673 670 malignitate
2704 597 2857 663 velis,
2894 597 3089 653 Filium
3141 598 3226 654 his
3267 599 3580 654 nominibus
3608 599 3745 654 insi-

2164 705 2328 761 gmrI.

2236 879 2327 934 59.
2366 877 2523 944 Quod
2563 877 2609 933 si
2640 878 2763 948 quis
2800 877 2855 932 in
2906 877 2990 932 his
3030 894 3128 947 per
3180 879 3440 946 Spiritum
3468 876 3743 932 existimet

2165 971 2337 1039 accipi
2359 986 2469 1024 non
2495 971 2670 1039 ipsum
2697 969 3101 1024 sanctissimum
3128 980 3184 1023 et
3215 969 3742 1025 consubstantialem

2164 1061 2312 1116 Patri
2349 1079 2412 1117 ac
2446 1062 2583 1117 Filio
2616 1062 2899 1132 Spiritum,
2930 1062 3026 1117 sed
3059 1062 3371 1116 emanantia
3420 1062 3547 1117 inde
3601 1062 3745 1117 dona

2166 1172 2262 1211 seu
2288 1156 2643 1221 charismata,
2679 1170 2800 1224 quae
2855 1169 2922 1209 eo
2968 1155 3113 1223 quod
3152 1154 3218 1209 ad
3251 1154 3403 1208 illum
3433 1154 3745 1208 referuntur

2165 1256 2221 1304 et
2242 1249 2311 1303 ab
2336 1249 2427 1303 illo
2469 1248 2891 1308 distribuuntur,
2918 1245 3154 1316 Spiritus
3181 1260 3380 1300 nomen
3413 1245 3606 1299 sortita
3636 1246 3747 1299 sint

2166 1340 2293 1405 (sibi
2326 1339 2642 1406 asciverint)
2678 1355 2691 1391 :
2740 1353 3049 1406 quanquam
3089 1337 3256 1390 multa
3290 1350 3506 1405 possem
3530 1336 3746 1402 (contra

2167 1432 2292 1503 hoc)
2334 1431 2556 1496 aﬂerre,
2594 1446 2659 1484 ea
2688 1439 2870 1484 tamen
2918 1430 2971 1483 in
3025 1428 3312 1499 praesentia
3345 1444 3454 1481 non
3488 1426 3744 1482 referam.

2164 1524 2315 1579 Cur?
2346 1522 2503 1589 Quia,
2529 1522 2655 1576 licet
2687 1522 2790 1575 hoc
2820 1521 3177 1582 concedatur,
3206 1518 3380 1573 nihilo
3425 1527 3605 1572 tamen
3639 1517 3746 1571 mi-

2166 1628 2272 1667 nus
2306 1612 2527 1681 iniquus
2569 1610 2813 1681 ipsorum
2864 1619 3092 1663 conatus
3129 1608 3428 1683 refellitur;
3483 1605 3744 1677 quoniam

2166 1700 2315 1754 enim
2348 1699 2494 1754 dona
2540 1700 2626 1752 illa
2678 1699 2935 1753 dicuntur
2964 1713 3087 1751 esse
3134 1697 3279 1750 dona
3313 1696 3573 1765 Spiritus,
3605 1711 3747 1753 nova

2170 1801 2355 1847 autem
2384 1792 2613 1845 istorum
2649 1790 2737 1845 lex
2766 1790 3032 1860 praecipit,
3064 1798 3125 1844 ut
3160 1788 3287 1849 inde
3328 1788 3590 1858 Spiritum
3618 1802 3749 1857 pro-

2168 1884 2367 1938 cedere
2428 1882 2812 1953 praedicemus,
2873 1883 3035 1950 cujus
3082 1890 3138 1936 et
3200 1896 3321 1935 esse
3362 1881 3585 1943 dicitur,
3634 1894 3749 1933 non

2167 1975 2402 2046 amplius
2422 1974 2788 2037 alIirmabunt,
2836 1990 2866 2029 a
2916 1973 3124 2037 Spiritu
3168 1972 3255 2026 illa
3315 1971 3543 2043 produci
3580 1971 3746 2035 dona,

2167 2083 2399 2137 quorum
2432 2067 2547 2137 ipse
2598 2067 2799 2122 dicitur
2831 2066 3087 2136 Spiritus,
3113 2065 3205 2119 sed
3240 2065 3358 2120 vice
3391 2080 3549 2120 versa
3599 2078 3749 2117 asse-

2169 2169 2311 2223 rent,
2340 2160 2410 2214 ab
2444 2159 2801 2230 intelligentia
2842 2158 3135 2228 procedere
3167 2171 3231 2210 ac
3279 2155 3494 2224 prodire
3518 2154 3746 2219 donum,

2168 2266 2271 2305 nec
2297 2265 2407 2304 non
2437 2266 2470 2304 a
2500 2250 2768 2318 sapientia
2798 2247 3115 2315 ueterisque
3156 2245 3412 2300 omnibus
3439 2260 3601 2314 supra
3632 2259 3750 2298 me-

2168 2337 2426 2401 moratis;
2467 2352 2638 2406 quare
2688 2351 2798 2390 non
2853 2336 3078 2398 donum,
3135 2349 3332 2402 nempe
3386 2349 3484 2404 per
3543 2333 3748 2388 donum

2167 2427 2451 2496 spirituale
2490 2427 2606 2497 ipse
2647 2425 2903 2495 Spiritus,
2959 2425 3371 2495 intelligentiam
3410 2424 3635 2495 largitur
3664 2424 3750 2478 vel

2169 2518 2497 2588 sapientiam
2519 2518 2608 2572 vel
2638 2518 2921 2581 virtutem,
2954 2517 3036 2571 vel
3074 2516 3394 2570 ﬁliationem
3429 2515 3515 2570 vel
3538 2516 3749 2570 revela-

2170 2611 2374 2663 tionem
2414 2608 2501 2661 vel
2540 2608 2699 2662 fidem
2754 2608 2839 2662 vel
2876 2608 3157 2677 pietatem,
3191 2607 3287 2662 sed
3342 2616 3533 2662 contra
3568 2607 3752 2676 potius

2171 2701 2529 2771 intelligentia
2560 2710 2615 2755 et
2644 2701 2902 2754 revelatio
2930 2709 2986 2754 et
3023 2700 3197 2769 pietas
3220 2709 3275 2753 et
3301 2700 3434 2754 ﬁdes
3466 2710 3520 2755 et
3544 2699 3752 2755 sobrie-

2174 2800 2258 2847 tas
2285 2793 2597 2863 producunt
2622 2795 2787 2856 dona,
2811 2810 2933 2863 qua:
2962 2794 3059 2848 tibi
3098 2794 3277 2864 placet
3305 2795 3536 2864 spiritus
3565 2794 3753 2864 appel-

2172 2884 2288 2940 lare
2318 2894 2375 2940 et
2403 2885 2633 2940 aliorum
2678 2885 2959 2955 quodlibet
2995 2885 3187 2939 eodem
3238 2886 3429 2951 modo;
3464 2885 3575 2939 imo
3622 2900 3753 2939 vero

2174 2978 2219 3032 si
2269 2978 2553 3048 quodlibet
2590 2978 2797 3035 donum
2825 2978 3130 3047 nuncupari
3157 2976 3420 3047 Spiritum
3447 2976 3751 3042 arbitraris,

2176 3071 2366 3139 utique
2397 3087 2521 3125 cum
2550 3070 2817 3125 donorum
2848 3085 3078 3125 numero
3104 3072 3313 3141 ccipiam
3340 3084 3558 3140 quoque
3587 3084 3753 3139 auges

2101 3184 2144 3241 ο
2178 3164 2469 3233 spirituum
2503 3163 2751 3232 nihilque
2781 3162 3013 3232 proinde
3054 3177 3151 3231 per
3186 3172 3237 3217 te
3275 3162 3457 3217 diﬂ‘ert
3501 3161 3753 3231 spiritum

2179 3256 2362 3310 dicere
2390 3256 2474 3310 vel
2506 3255 2743 3321 donum;
2782 3256 2938 3326 cujus
2969 3263 3150 3309 autem
3184 3255 3385 3309 dicitur
3426 3270 3550 3309 esse
3584 3254 3751 3323 spiri-

2178 3355 2289 3411 tus,
2322 3348 2449 3402 inde
2483 3363 2583 3416 per
2630 3349 2779 3419 leges
2803 3358 2925 3402 tuas
2967 3347 3224 3402 statuitur
3259 3345 3556 3415 procedere
3589 3352 3755 3413 atque

2178 3439 2430 3509 produci.
2469 3437 2694 3510 Singula
2736 3440 2899 3510 igitur
2943 3439 3084 3493 dona
3111 3455 3209 3493 seu
3249 3438 3489 3503 singulos
3530 3436 3756 3505 spiritus

2178 3528 2424 3584 bifariam
2458 3545 2651 3583 secans
2696 3545 2797 3599 pro
2845 3545 2954 3584 uno
3005 3530 3195 3599 plures
3242 3527 3448 3583 efﬁcies
3504 3527 3753 3597 spiritus,

2178 3636 2412 3691 quorum
2447 3622 2581 3675 alter
2605 3621 2677 3675 sit
2710 3622 2867 3685 dans,
2900 3622 3038 3675 alter
3066 3621 3139 3675 sit
3163 3620 3342 3681 datus,
3375 3630 3430 3675 et
3458 3620 3595 3674 alter
3624 3636 3753 3689 pro-

2181 3715 2408 3780 ducens,
2460 3715 2597 3769 alter
2627 3714 2942 3783 productus,
2975 3713 3110 3769 ﬁdes
3155 3714 3410 3767 nimirum
3450 3712 3755 3782 producens

2184 3806 2367 3872 ﬁdem,
2405 3814 2463 3861 et
2518 3807 2652 3876 quid
2681 3822 2818 3877 opus
2871 3816 3088 3877 tempus
3119 3815 3293 3861 terere
3339 3814 3463 3859 tuas
3520 3802 3756 3874 ineptias

2184 3899 2520 3955 recensendo
2540 3900 2564 3953 ?

1587 4347 1826 4405 VARl/E
1869 4348 2249 4407 LECTIONES
2288 4348 2377 4405 ET
2415 4348 2647 4405 ΝΟΤᾸΞ.

580 4512 656 4580 (5)
679 4511 822 4568 Μοη.
846 4515 940 4566 καὶ
970 4512 1089 4581 τῆς.

577 4583 650 4651 (6)
687 4583 913 4636 Brevius
942 4585 995 4637 in
1028 4600 1116 4653 ep.
1153 4583 1219 4637 ad
1274 4580 1534 4653 Aquileia
1562 4581 1676 4653 haec
1714 4581 2019 4653 eﬂ‘eruntur
2050 4602 2065 4653 7:

491 4654 737 4719 Λέγεται
768 4654 878 4721 γὰρ
918 4651 1074 4707 οὐδὲν
1107 4651 1453 4706 ἐλαττονίκα).
1491 4651 1715 4721 Πνεῦμα
1753 4651 1942 4719 σοφίας
1979 4652 2072 4721 καὶ.
2162 4690 2165 4693 ‹

493 4724 754 4787 γνὼσεω.³
784 4720 909 4793 καὶ
957 4724 1242 4793 δυνάμεως
1294 4725 1385 4775 καὶ
1410 4720 1696 4793 κτοιούτων
1750 4720 2071 4793 θεοπρεπῷν

493 4793 683 4846 ἄλλων
712 4810 727 4823 ’
769 4796 815 4846 εί
850 4790 944 4846 οὖν
977 4790 1111 4846 διότι
1136 4795 1338 4845 τούτων
1374 4792 1436 4845 τὸ
1460 4791 1685 4860 Πνεῦμα
1712 4792 1958 4856 λέγεται,
1986 4791 2075 4844 διὰ

491 4863 664 4916 τοῦτο
694 4866 789 4915 καὶ
812 4864 869 4930 ἐξ
898 4864 1077 4918 αὐτῶν
1107 4863 1433 4917 ἀπαιτοῦσιν
1474 4862 1898 4933 ἐκπορεύεσθαι,
1943 4862 2075 4933 ορᾷν

492 4934 653 4985 ἐστιν
670 4927 928 4986 αὐτῶνήτδ
961 4936 1124 5002 σοφὸν
1153 4934 1253 5001 τῆς
1277 4934 1544 4997 ἐπινοίας,
1563 4927 1643 4993 είς
1663 4927 1776 4985 οἷον
1803 4927 2076 5002 βάραθρον

495 5002 713 5072 πλάνης
746 5005 939 5067 αὐτοὺς
970 5004 1408 5073 κατακρημνίζει
1448 5004 1540 5055 καὶ
1572 5003 1878 5073 ὶποπλανᾷ.

584 5074 659 5143 ('7)
690 5074 809 5126 Col.
853 5075 1089 5142 νομίσει.

580 5142 656 5212 (8)
693 5144 776 5197 Cf.
813 5145 960 5198 hom.
1007 5146 1076 5200 de
1118 5144 1215 5214 Sp.
1240 5143 1320 5214 S._
1354 5142 1742 5214 Chrysostomo
1787 5142 2078 5214 ascriptam

497 5208 645 5267 cum
664 5214 841 5278 initio,
881 5215 1023 5278 Χθές
1096 5208 1250 5283 ἡμῖν,
1286 5208 1331 5266 ὧ
1377 5208 1730 5283 φνιλὸχριστοι.
1764 5253 1780 5266 .
1811 5251 1826 5265 .
1857 5253 1870 5266 .
1902 5282 1907 5283 ν
1935 5208 2080 5283 apud

497 5285 844 5345 Beccum.De
864 5282 1172 5355 proc.Sp.S.
1202 5301 1251 5355 ο.
1284 5286 1370 5349 11;
1396 5282 1491 5336 Gr.
1523 5283 1671 5338 Orth.
1696 5299 1731 5347 ι,
1758 5282 2080 5353 ρωο-δει.

582 5354 659 5422 (9)
691 5357 885 5407 Καίτοι
914 5354 1069 5410 deest
1105 5356 1158 5408 in
1190 5354 1336 5408 Mon.

582 5427 694 5488 (10)
723 5427 838 5477 Οὐκ
871 5425 1025 5480 deest
1051 5427 1104 5478 in
1128 5424 1275 5479 Mon.

581 5492 694 5562 (11)
719 5497 870 5550 Μοη.
910 5495 1077 5565 αὐτῷ.

583 5566 695 5635 (12)
731 5564 878 5618 Mori.
910 5562 1220 5635 παροινίας.
1251 5562 1370 5618 Col.
1406 5579 1728 5631 παρανοιας.

579 5637 693 5703 (15)
731 5636 873 5689 Mon.
909 5637 1283 5688 ἐπιτάσουσιν.

582 5706 695 5774 (14)
722 5705 837 5759 Col.
874 5708 979 5773 πρὸ
1012 5708 1106 5758 καὶ
1130 5721 1259 5774 κηρ.

581 5776 697 5842 (15)
738 5776 886 5829 Μοη.
915 5777 1086 5829 ἐοῦσι.

580 5845 700 5917 (16)
736 5845 1370 5918 Μοιι.ὰντιστρέφαντες
1413 5843 1635 5913 habuit;
1681 5843 1825 5913 quod
1900 5857 2089 5899 corrc-

2100 4509 2151 4568 D
2178 4516 2327 4563 ctum
2359 4516 2444 4561 est
2480 4524 2531 4561 in
2564 4507 3035 4575 ἀντιστρέφοντες.

2252 4579 2362 4645 (17)
2402 4577 2546 4629 Μοη.
2569 4577 2940 4647 χαρακτῆρος.

2252 4595 2297 4645 (1
2319 4595 2362 4644 ι)
2402 4595 2546 4629 mon.
2569 4595 2940 4698 xapaxmfog.

2250 4650 2362 4717 (18)
2394 4648 2531 4700 Οὐδὲ
2561 4649 2713 4717 deest
2742 4647 2793 4699 in
2848 4647 2964 4699 Ion.
2989 4653 3040 4700 et
3070 4645 3125 4699 in
3160 4644 3275 4699 Col.

2254 4716 2363 4787 (19)
2396 4717 2514 4771 Col.
2545 4716 2665 4769 ούδέ
2700 4719 2800 4785 τὴν
2829 4717 2944 4769 δύν.

2252 4788 2365 4857 (20)
2402 4787 2547 4839 Mon.
2581 4787 2809 4854 ἑκάστη.

2252 4852 2364 4928 (21)
2392 4857 2656 4911 Eumdem
2689 4852 2957 4928 canonem
3006 4871 3022 4908 :
3066 4854 3251 4928 cujus_
3281 4852 3484 4928 dicitur
3520 4852 3759 4928 Spiritus

2180 4923 2324 4989 esse,
2348 4923 2424 4981 ab
2447 4928 2638 4981 eodem
2670 4927 2939 4994 procedit,
2971 4934 3025 4979 et
3074 4924 3254 4979 caeteri
3293 4923 3629 4979 schismatici
3656 4930 3759 4980 La-

2186 5001 2315 5055 tinis
2343 4998 2622 5068 aﬂingunt,
2652 4997 2798 5068 inter
2839 5010 2997 5068 quos_
3027 4994 3112 5068 Jg.
3146 4996 3413 5068 _Plu_irnes
3451 4996 3608 5068 apud
3623 4995 3761 5068 Bec-

2185 5086 2331 5133 cum,
2357 5070 2435 5123 De
2456 5063 2547 5121 ιῖη.
2577 5066 2722 5121 Eccl.
2754 5082 2804 5120 c.
2940 5064 3024 5134 (G.
3055 5063 3119 5118 Ο.
3145 5063 3184 5117 1.
3216 5063 3339 5134 189)
3366 5066 3475 5120 ait:
3509 5065 3571 5117 Εἰ
3591 5065 3648 5118 δέ
3672 5066 3760 5121 διὰ

2184 5141 2342 5193 τοῦτο
2393 5142 2457 5193 ἐκ
2479 5138 2573 5191 τοῦ
2598 5136 2727 5190 Υίοῦ
2775 5133 2956 5205 λέγεις
3005 5135 3064 5187 τὸ
3114 5133 3359 5205 Πνεῦμα,
3395 5136 3477 5189 ὅτι
3533 5135 3758 5203 Πνεῦμα

2188 5210 2318 5263 Υίοῦ
2358 5209 2599 5274 λέγεται,
2635 5207 2686 5259 τί
2718 5203 2968 5272 περὶτοῦ
3003 5203 3201 5275 Ἰωσὴφ
3237 5204 3475 5274 ἐροῦμεν
3514 5205 3760 5265 εἰπόντος

2188 5284 2300 5341 τοῖς
2346 5280 2593 5346 ἀδελφοῖς
2620 5292 2633 5305 °
2679 5278 2769 5342 Μὴ
2804 5275 3088 5346 φοϐεῖσθεο
3150 5274 3241 5346 τοῦ

2191 5350 2300 5417 ἐγώ
2333 5343 2558 5413 (ϐεηζι,
2612 5348 2683 5402 20
2723 5343 2834 5400 secl
2891 5344 3057 5417 LXX)
3096 5361 3110 5409 ;
3147 5344 3220 5414 μὴ
3271 5343 3610 5417 τὺνἾΙωσὴφ
3661 5343 3760 5414 τὴν

2190 5415 2425 5485 ὕπαρξιν
2457 5422 2522 5471 ἐκ
2552 5418 2652 5483 τῆς
2678 5417 2827 5478 θείας
2845 5415 3060 5484 φύσεως
3097 5416 3390 5483 ἐσχηκέναι
3428 5415 3757 5485 νομίζομενς

2193 5484 2394 5543 καὶτοῦ
2414 5488 2575 5540 Δαυῖδ
2596 5489 2840 5549 εἰπόντος
2866 5488 2928 5538 ’Τ
2933 5486 2993 5538 οῦ
3020 5487 3225 5555 Κυρίου
3248 5486 3285 5555 ῄ
3316 5486 3389 5554 γῆ
3425 5484 3757 5555 (Ρσδιηιᾷιιν,

2196 5558 2442 5625 LLXX),
2465 5560 2541 5628 μὴ
2575 5561 2637 5609 ὲκ
2662 5559 2763 5625 τῆς
2792 5557 2942 5619 θείας
2980 5551 3194 5623 φύσεως
3220 5551 3358 5608 εἶναι
3381 5551 3560 5624 ἀὐτὴν
3590 5552 3760 5605 δώσο-

2200 5647 2297 5663 neu
2318 5648 2328 5657 -
2514 5630 2620 5663 εφῆυ
2645 5629 2782 5663 ἔπι-η
2812 5628 2957 5663 anu}..-
2989 5622 3121 5663 εἶναι
3158 5624 3369 5663 laverat
3427 5626 3524 5663 m'm
3558 5626 3635 5663 ἔτι
3664 5624 3760 5663 νηὶ

2199 5647 2297 5699 μεν
2317 5624 2482 5693 ;.....ξ
2514 5624 2620 5680 πᾶν
2645 5624 2782 5696 ὅπερ
2812 5628 2957 5684 τινος
2988 5624 3127 5677 εἶναι
3158 5624 3397 5691 λέγεται.
3427 5626 3527 5678 οὐκ
3557 5626 3636 5675 ἐτι
3664 5624 3761 5676 καὶ

2196 5700 2257 5763 ἐξ
2290 5699 2454 5753 αὑτοῦ
2474 5695 2613 5751 εἶναι
2637 5698 2874 5765 ἀνάγκη.
2904 5697 3108 5751 Eodem
3159 5704 3318 5763 pacto
3360 5694 3616 5749 Nicolaus
3652 5693 3762 5747 Me-

2200 5773 2353 5823 thou.
2388 5785 2475 5838 ap.
2509 5768 2692 5821 eumd.
2720 5768 2754 5820 l.
2780 5783 2854 5838 c.,
2881 5782 2931 5838 ε.
2974 5767 3040 5820 58
3066 5772 3142 5834 (p.
3177 5765 3301 5838 ltiti)
3339 5765 3453 5819 :06
3485 5766 3762 5838 migdnsp

2200 5841 2363 5905 τινὸς,
2396 5833 2496 5909 ἤδη
2530 5840 2623 5893 καὶ
2654 5838 2713 5905 ἐξ
2747 5835 2933 5902 αὐτοῦ,
2970 5846 3025 5892 et
3051 5836 3195 5906 apud
3235 5833 3517 5907 Hugonem
3570 5837 3759 5892 Ethcr.

2804 5275 3088 5345 φοϐεῖσθεο
3150 5275 3245 5345 τοῦ
3286 5276 3415 5345 γὰρ
3468 5275 3604 5345 Θεοῦ
3640 5275 3759 5345 είμι
