3886 6430
268 320 402 432 2339

1425 368 1688 430 ΡΗΟΤΙΙ
1724 363 2230 428 PATRIARCILE
2267 364 2379 423 (ΞΡ.

3440 361 3546 425 340

363 482 454 538 60.
485 479 592 537 Sed
624 481 776 537 enim
824 490 883 538 et
932 483 1039 539 hoc
1092 491 1286 539 contra
1347 484 1584 554 seipsam
1641 483 1864 540 haeresis

2044 479 2107 546 ξ’.
2148 477 2312 532 Ἀλλὰ
2339 477 2449 548 7&9
2481 477 2574 530 καὶ
2622 475 2782 530 τοῦτο
2841 477 2966 532 καθ’
3017 477 3220 548 ἑαυτῆς
3257 477 3293 550 ἡ
3337 478 3551 549 αἵρεσις

291 574 520 645 colligit.
564 573 951 630 Sanctissimus
979 575 1219 646 Spiritus
1245 575 1435 631 tribuit
1478 576 1620 630 dona
1646 575 1862 647 dignis;

295 666 518 721 haeresis
564 677 771 732 autem,
794 683 904 722 non
943 678 1238 733 contenta,
1296 674 1357 721 ut
1403 677 1649 738 apparet,
1705 666 1870 736 hujus

294 754 702 823 distributione,
723 755 924 811 scindit
961 755 1080 811 haec
1117 763 1171 810 et
1203 756 1526 811 comminuit
1572 765 1628 811 et
1673 754 1870 812 dividit

295 845 351 900 in
394 847 579 916 plures
611 855 813 916 partes,
859 856 920 901 ut
967 847 1163 903 habeat
1211 846 1358 902 unde
1409 856 1704 902 sectatores
1735 861 1867 902 suos

296 935 546 1004 pluribus
573 935 754 990 adhuc
768 945 932 1006 atque
958 936 1306 992 uberioribus
1325 945 1649 1007 compenset
1670 936 1865 1003 donis;

293 1027 478 1097 sicque
511 1029 714 1084 mentis
763 1030 978 1084 illorum
1023 1030 1262 1085 turbatio
1306 1039 1363 1084 et
1407 1029 1658 1085 confusio
1685 1044 1868 1083 rerum

296 1129 548 1174 naturam
587 1131 644 1176 et
665 1122 916 1178 ordinem
944 1123 1206 1194 pervertit
1234 1131 1290 1178 et
1316 1122 1624 1188 confundit,
1665 1120 1869 1191 prima-

292 1225 400 1280 que
438 1211 735 1282 impietatis
765 1215 905 1269 satio
932 1215 1249 1270 innumeras
1270 1213 1444 1284 gignit
1469 1214 1726 1268 haereses.
1758 1209 1870 1267 Ve-

293 1315 413 1354 rum
447 1303 664 1357 tametsi
695 1304 828 1359 satis
862 1305 979 1360 haec
1026 1314 1158 1361 sunt
1200 1304 1484 1361 ﬂectendis
1522 1305 1610 1370 iis,
1638 1304 1730 1374 qui
1756 1319 1871 1358 non

291 1392 512 1460 penitus
537 1409 660 1449 sese
687 1395 951 1465 impietati
981 1397 1318 1464 devoverint,
1345 1397 1520 1467 iisque
1574 1394 1872 1452 confutan-

292 1481 398 1544 dis,
430 1482 524 1551 qui
561 1483 902 1554 impudentia
927 1487 1005 1540 uti
1043 1487 1249 1552 velint;
1294 1496 1350 1542 et
1383 1488 1452 1543 iis
1482 1487 1576 1558 qui
1604 1487 1872 1557 supersti-

295 1570 504 1625 tionem
550 1584 754 1639 amant,
784 1575 853 1630 ab
887 1590 1077 1632 errore
1113 1577 1458 1640 revocandis,
1491 1586 1732 1630 attamen
1768 1591 1873 1632 nec

291 1662 504 1733 reliqua
556 1668 995 1735 praetermittam.
1050 1667 1458 1738 IEgrotantium
1531 1667 1680 1722 enim
1730 1666 1871 1722 alius

296 1750 421 1819 hac,
461 1752 602 1810 alius
630 1756 720 1811 illa
751 1771 881 1812 cura
913 1758 998 1812 vel
1026 1760 1220 1813 morbo
1252 1758 1464 1813 levatur
1492 1757 1578 1812 vel
1599 1756 1870 1812 evincitur

305 1853 524 1911 Sponte.
550 1846 656 1900 etsi
692 1862 790 1902 sua
815 1849 1116 1905 voluntatis
1149 1848 1391 1919 nequitia
1420 1848 1760 1904 insanabilis.

1971 569 2212 638 συνάγει·
2228 568 2288 622 τὸ
2315 569 2415 638 μὲν
2432 567 2697 636 πανάγιον
2718 565 2944 638 Πνεῦμα
2958 567 3204 638 διανεμεῖ
3219 567 3332 638 (22)
3383 570 3546 641 χαρίο

1970 673 2152 728 σματα
2171 658 2285 720 τοῖς
2309 655 2480 721 ἀξίοις
2501 671 2516 687 ·
2534 654 2674 728 αῦτη
2690 655 2747 709 δέ
2761 654 2936 709 οὐδενὶ
2958 656 3093 725 (25),
3111 655 3186 718 ὡς
3207 653 3401 721 ἔοικεν,
3415 655 3549 726 ἀρε-

1969 747 2233 818 οκομένη,
2245 745 2369 800 ούδέ
2387 749 2457 818 τῇ
2473 745 2661 800 τούτου
2682 745 2931 818 διανομῇ,
2949 746 3009 799 τέ
3018 745 3322 816 μνειταῦτα
3335 746 3547 817 καὶ(24)

1970 839 2226 893 λεπτύνει
2251 839 2348 894 καὶ
2387 839 2470 902 εἱς
2511 837 2732 901 πλείους
2752 837 2866 909 (25)
2919 837 3116 908 μοίρας
3165 837 3546 909 καταμερίζει,

1969 931 2037 986 ἶν’
2054 931 2168 1002 έχοι
2191 932 2318 994 τοὺς
2333 931 2473 1001 αὐτῇ
2493 928 2852 998 πειθομένους
2869 927 2980 999 (26)
3005 929 3408 998 φιλοτιμεῖσθαι
3426 933 3549 992 ταῖς

1968 1023 2208 1096 δωρεαῖς
2229 1023 2324 1076 ἐπὶ
2356 1021 2558 1093 μᾶλλόν
2599 1038 2661 1074 τε
2696 1021 2811 1092 (27)
2851 1021 2944 1074 καὶ
2983 1021 3369 1091 δαψιλέστερον
3400 1036 3416 1050 ο
3454 1021 3553 1074 καὶ

1967 1117 2192 1185 γέγονεν
2210 1117 2393 1178 αὐτοῖς
2416 1116 2451 1186 ἡ
2471 1115 2568 1185 τῆς
2579 1113 2818 1178 διανοίας
2835 1115 3048 1184 ταραχὴ
3057 1114 3150 1168 καὶ
3165 1113 3426 1184 σύγχυσις
3448 1114 3552 1182 τὴν

1967 1208 2080 1263 τῶν
2104 1205 2454 1279 πραγμάτων
2483 1205 2649 1275 φύσιν
2677 1209 2772 1260 καὶ
2798 1205 2956 1270 τάξιν
2985 1207 3066 1268 εἱς
3092 1206 3405 1277 ἀνατροπὴν
3455 1204 3552 1258 καὶ

1970 1299 2186 1372 φυρμὸν
2219 1297 2644 1369 περιτρέπουσα,
2673 1297 2770 1351 καὶ
2812 1298 2846 1369 ἡ
2883 1297 3074 1368 πρώτη
3126 1296 3401 1366 καταϐολὴ
3451 1294 3551 1351 τοῦ

1969 1391 2383 1462 δυσσεϐήματος
2415 1390 2618 1463 μυρίας
2664 1389 2906 1458 αἱρέσεις
2941 1388 3333 1444 ἀποτίκτουσα.
3387 1388 3551 1442 Ἀλλά

1969 1481 2080 1551 7&9
2131 1481 2182 1533 εἱ
2218 1478 2330 1551 (28)
2388 1479 2486 1532 καὶ
2541 1477 2908 1548 ἀποχρώντως
2951 1477 3066 1548 ἔχει
3116 1477 3292 1531 ταῦτα
3335 1477 3552 1530 πείθειν

1969 1588 2032 1624 τε
2051 1570 2176 1635 τοὺς
2210 1571 2286 1642 μὴ
2313 1569 2592 1633 παντελῶς
2621 1571 2699 1632 εἱς
2715 1568 2972 1623 ἀσέϐειαν
2995 1568 3408 1639 ἀποϐεϐηκότας
3436 1568 3549 1640 (29)

1972 1662 2068 1718 καὶ
2103 1662 2230 1725 τοὺς
2253 1663 2632 1731 ἀναισχυντεῖν
2658 1661 2946 1731 ἑλομένους
2971 1660 3268 1730 διελέγχειν
3299 1661 3412 1730 (50)
3453 1660 3551 1714 καὶ

1971 1754 2099 1816 τοὺς
2170 1752 2591 1823 δεισιδαιμονεῖν
2639 1751 3016 1816 ἐπικλιθέντας
3090 1749 3548 1822 ἐπανορθοῦσθαι,

1983 1843 2099 1918 [61]
2149 1845 2263 1900 ἀλλ’
2287 1842 2380 1899 οὖν
2419 1844 2541 1898 οὐδὲ
2569 1845 2638 1898 τὰ
2695 1844 2950 1899 λείποντα
2975 1844 3386 1916 παραλείψομεν
3415 1843 3548 1914 (51).

296 1934 492 2000 Ἄλλος
510 1939 610 2009 μὲν
631 1939 740 2012 7&9
767 1941 1196 1996 τῶν-νοσούντων
1228 1943 1394 2013 ἐτέρᾳ
1416 1941 1702 2013 θεραπείᾳ,
1736 1940 1922 2009 ἕτερος
1947 1937 2005 1991 δὲ
2039 1937 2108 1990 δι’
2129 1937 2321 2008 ἐτέρας
2349 1937 2382 2009 ἢ
2424 1937 2828 1991 ἀπαλλάσσεται
2863 1936 2958 1991 τοῦ
2981 1937 3306 2008 νοσήματος,
3340 1935 3374 2006 ἢ
3407 1933 3550 1991 ἐκὼν

288 2025 627 2099 διελέγχεται
661 2032 756 2086 καὶ
788 2031 877 2085 διὰ
909 2033 1215 2105 μοχθηρίαν
1269 2032 1498 2103 γνώμης
1539 2031 1603 2084 τὸ
1648 2029 1870 2084 ἀνίατον
1903 2027 2271 2097 ὑφιστάμενος
2310 2027 2422 2098 (52)

363 2119 455 2174 61.
485 2121 851 2186 Quamobrem
884 2139 956 2178 ne
989 2125 1089 2179 ista
1113 2124 1338 2194 quidem
1361 2123 1763 2195 praetereunda.
1808 2121 1868 2177 Si

288 2222 585 2283 generatus
615 2215 835 2284 quidem
869 2224 953 2270 est
995 2216 1168 2272 Filius
1189 2231 1222 2271 a
1249 2215 1430 2282 Patre,
1459 2215 1707 2287 procedit
1736 2228 1867 2269 vero

288 2303 533 2376 Spiritus
565 2323 598 2362 a
623 2307 784 2375 Filio,
815 2310 1094 2380 quomodo
1123 2324 1234 2365 non
1262 2323 1331 2366 ex
1352 2309 1455 2364 hac
1480 2323 1579 2364 sua
1607 2306 1867 2378 Opinione

287 2395 539 2468 impietas
567 2400 623 2455 in
657 2403 858 2473 nepotis
885 2402 1255 2458 conditionem
1311 2401 1574 2472 Spiritum
1603 2397 1866 2453 amanda-

286 2488 370 2544 bit
413 2499 471 2545 et
503 2493 847 2548 tremendum
896 2493 1185 2566 theologia:
1216 2502 1418 2549 nostra:
1463 2491 1783 2563 mysuerium
1809 2490 1867 2545 in

287 2579 459 2636 risum
491 2591 548 2637 et
579 2598 754 2654 nugas
781 2583 1090 2654 ablegabit?

357 2757 450 2813 62.
494 2757 692 2815 Videas
734 2770 919 2816 autem
964 2761 1094 2817 hinc
1121 2776 1338 2832 quoque
1363 2777 1649 2818 excessum
1676 2762 1871 2832 impie-

288 2849 440 2904 tatis.
464 2849 522 2905 Si
556 2852 804 2921 proxima
826 2867 990 2908 causa
1021 2853 1259 2924 Spiritus
1280 2862 1365 2908 est
1389 2853 1573 2920 Pater,
1602 2854 1870 2924 quemad-

287 2941 513 2997 modum
547 2952 604 2998 et
651 2942 772 2999 Filii
821 2945 972 3012 (nam
1038 2946 1354 3002 immediate
1406 2955 1520 3003 tam
1587 2948 1868 3018 generatio

2048 2117 2146 2184 ξα’.
2177 2116 2326 2190 [λθ’.]
2350 2120 2548 2189 Διόπερ
2569 2117 2684 2188 (55)
2701 2118 2826 2172 ούδέ
2849 2117 3028 2172 ταῦτα
3042 2119 3291 2189 παριδεῖν
3318 2118 3545 2172 δίκαιον.

1975 2213 2041 2266 Εἱ
2080 2210 2192 2282 (54)
2219 2211 2545 2282 γεγέννηται
2577 2210 2678 2282 μὲν
2705 2213 2734 2264 ὁ
2765 2211 2894 2275 Υἱὸς
2931 2213 2996 2264 ἐκ
3047 2210 3144 2264 τοῦ
3193 2209 3407 2282 Πατρδς
3433 2209 3549 2281 (55)

1975 2303 2332 2374 ἐκπορεύεται
2363 2303 2421 2357 δέ
2444 2303 2506 2357 τὸ
2531 2303 2754 2374 Πνεῦμα
2794 2304 2859 2357 ἐκ
2910 2302 3006 2357 τοῦ
3032 2302 3188 2368 Υίοῦ,
3216 2303 3335 2367 πῶς
3360 2303 3482 2372 οὐχὶ
3511 2304 3544 2374 ἡ

1972 2398 2262 2454 δυσσέϐεια
2289 2396 2434 2452 κατά
2471 2397 2569 2467 τὴν
2606 2397 2812 2452 οἰκείαν
2853 2396 3011 2462 δόξαν
3057 2397 3156 2450 οὐκ
3203 2397 3285 2459 εἱς
3329 2395 3549 2450 υἱωνὸν

1973 2488 2038 2542 τὸ
2087 2487 2312 2559 Πνεῦμα
2354 2487 2715 2559 παραπέμψει
2762 2487 2873 2557 (56)
2928 2488 3025 2542 καὶ
3062 2487 3124 2541 τὸ
3179 2487 3406 2558 φρικτὸν
3448 2486 3548 2556 τῆς

1967 2579 2251 2648 θεολογίας
2282 2577 2444 2650 ήμῶν
2475 2578 2576 2631 οὐκ
2604 2580 2685 2642 εἱς
2723 2581 2970 2650 μακροὺς
2995 2579 3259 2634 ἀπελάσει
3294 2579 3405 2650 (57)
3447 2578 3548 2650 λή-

1966 2686 2097 2742 ρους
2138 2669 2299 2741 (58)-;

2037 2761 2178 2835 [62.]
2197 2761 2294 2832 ξβν.
2321 2760 2440 2834 [oh]
2466 2761 2625 2825 Ἰδοις
2648 2761 2694 2816 δ’
2709 2760 2775 2816 ἂν
2800 2761 3098 2816 κάντεῦθεν
3117 2761 3216 2834 τὴν
3239 2761 3546 2834 ὑπερϐολὴν

1963 2855 2060 2910 τοῦ
2081 2854 2523 2926 δυσσεϐήματσς.
2550 2855 2614 2907 Ei
2648 2855 2913 2924 προσεχὲς
2946 2854 3049 2925 μέν
3079 2857 3227 2910 ἐστιν
3249 2855 3423 2908 αἴτιον
3449 2853 3544 2907 τοῦ

1964 2946 2283 3018 Πνεύματος
2327 2949 2356 3000 6
2399 2947 2590 3017 Πατὴρ
2635 2947 2770 3017 (59),
2815 2946 3008 3017 ὥσπερ
3057 2948 3152 3000 καὶ
3225 2946 3321 3000 τοῦ
3375 2946 3544 3000 Υἱοῦ·

287 3049 452 3103 quam
484 3037 766 3106 processio
796 3037 1045 3104 exsistit;
1091 3053 1272 3108 neque
1302 3039 1451 3093 enim
1485 3039 1666 3094 medio
1687 3039 1864 3108 aliquo

1976 3039 2193 3109 ἀμέσως
2215 3039 2323 3110 γὰρ
2351 3038 2555 3109 ὁμοίως
2580 3039 2616 3110 ἦ
2644 3057 2701 3092 τε
2723 3038 2980 3109 γέννησις
2999 3040 3092 3094 καὶ
3111 3041 3145 3110 ἡ
3180 3039 3510 3110 ἐκπόρευσις
3528 3054 3546 3070 ο

286 3122 459 3180 Filius
503 3137 831 3197 generatur,
885 3129 1199 3199 pariterque
1249 3128 1565 3184 immediate
1621 3127 1861 3199 Spiritus

1976 3131 2088 3186 οὐδὲ
2115 3132 2225 3203 γὰρ
2253 3132 2340 3186 διὰ
2355 3132 2521 3203 μέσου
2537 3132 2682 3195 τινὸς
2708 3133 2737 3185 6
2761 3128 2891 3194 Υἱὸς
2921 3131 3176 3198 γεννᾶται
3208 3130 3320 3200 (40)
3356 3147 3370 3160 ·
3406 3129 3552 3199 ἀμέο

285 3215 580 3286 procedit),
597 3233 722 3272 cum
737 3219 1030 3290 impiorum
1046 3219 1301 3276 delirium
1314 3227 1524 3274 asserat
1563 3219 1861 3291 procedere

283 3309 450 3362 etiam
479 3323 510 3362 a
530 3309 668 3366 Filio
695 3309 960 3382 Spiritum
1011 3311 1202 3368 eadem
1241 3310 1358 3366 ipsa
1385 3325 1573 3377 causa,
1607 3309 1862 3366 videlicet

1967 3241 2076 3288 σως
2102 3225 2146 3278 δ’
2177 3224 2379 3295 ὁμοίως
2409 3223 2504 3278 καὶ
2528 3224 2590 3278 τὸ
2619 3222 2844 3293 Πνεῦμα
2867 3220 3229 3292 ἐκπορεύεται
3258 3238 3272 3254 ο
3301 3220 3452 3289 λέγει
3489 3220 3551 3273 δέ

1965 3315 2077 3371 τῶν
2102 3314 2314 3371 ἀσεϐῶν
2340 3314 2369 3367 6
2401 3314 2563 3386 λῆρος
2596 3312 2992 3385 ἐκπορεύεσθαι
3014 3311 3076 3366 τὸ
3108 3311 3336 3381 Πνεῦμα
3358 3311 3456 3365 καὶ⁸
3483 3310 3553 3364 ἐκ

1426 3474 1666 3533 VARUS
1701 3476 2086 3534 LECTIONES
2124 3482 2198 3536 En
2247 3475 2484 3534 NOTAE.

281 3634 324 3696 l.
352 3651 480 3699 n,c.
507 3637 595 3704 12,
633 3653 686 3706 p.
714 3638 853 3692 1227
883 3656 896 3691 :
929 3657 949 3689 ι
981 3637 1424 3708 lnvcstigandum
1443 3647 1546 3700 est,
1577 3637 1855 3708 quomodo

283 3707 542 3770 sentiant,
580 3708 670 3777 qui
695 3709 936 3762 fatentur
959 3707 1222 3777 Spiritum
1257 3724 1322 3763 ex
1350 3709 1485 3763 Filio
1515 3707 1850 3778 prccedere;

286 3781 404 3836 sive
444 3779 567 3833 ideo
592 3779 716 3848 quia
757 3779 876 3832 Filii
909 3778 1139 3842 dicatur,
1165 3778 1280 3833 sive
1309 3779 1434 3848 quia
1475 3778 1861 3832 nniversaliter

283 3863 448 3906 omne
475 3847 619 3917 quod
668 3849 900 3918 alicujus
953 3847 1154 3918 dicitur
1201 3847 1343 3914 esse,
1392 3864 1461 3902 ex
1510 3848 1701 3902 eodem
1744 3847 1862 3916 ipso

325 3919 587 3976 rocedere
611 3917 892 3980 videatur;
920 3917 1025 3973 hoc
1057 3919 1100 3972 si
1137 3917 1211 3989 ita
1239 3928 1345 3983 est,
1371 3918 1497 3989 quia
1521 3919 1664 3973 Deus
1681 3918 1862 3989 Abra-

329 4006 417 4045 am
449 4004 570 4112 esss
592 3989 789 4044 dicitur
813 3997 868 4044 et
895 3989 1049 4044 Isaac
1087 3996 1144 4044 et
1168 3986 1358 4056 Jacob,
1389 3986 1484 4044 ἐκ
1534 3989 1621 4043 bis
1676 3988 1866 4057 utique

329 4069 533 4112 tnroce
575 4069 652 4112 at.
689 4077 706 4109 1

287 4069 348 4116 et
369 4069 652 4116 procedat.
689 4077 706 4109 ι

369 4075 652 4130 procedat.
689 4077 706 4109 ι

361 4130 475 4199 (22)
508 4129 722 4199 ζιὶοῐιηΐ.
752 4128 849 4182 461
880 4128 935 4191 b,
967 4128 1265 4199 διαγγέλει.
1293 4127 1410 4199 Col.
1452 4127 1723 4198 διανεμεῖ.

359 4197 472 4270 (25)
508 4197 633 4270 Fat.
657 4197 696 4270 f.
737 4199 843 4254 205
880 4215 933 4266 a,
959 4197 1132 4252 οὐδέν.
1163 4198 1253 4254 Sic
1288 4198 1407 4254 Col.

358 4268 473 4340 (24)
507 4268 650 4340 Mon.
679 4269 758 4322 δέ.

360 4338 474 4408 (25)
498 4338 614 4392 Col.
657 4339 935 4403 πλείονας.

362 4410 474 4483 (26)
506 4409 660 4483 uou-
690 4411 1012 4483 πειθομένη»

287 4497 300 4513 ο
359 4481 474 4545 ι27)
504 4480 576 4532 Τε
601 4480 756 4534 deest
785 4481 836 4534 in
870 4480 1016 4537 Moii.

380 4551 472 4618 28)
505 4549 625 4604 Col.
649 4550 825 4604 omitt.
866 4552 935 4605 εἱ.

324 4619 472 4747 ό(29)
516 4620 663 4676 Mon.
692 4623 1148 4693 περιτρέποντας.
1172 4620 1291 4678 Col.
1325 4637 1383 4692 p.
1437 4619 1568 4686 294,
1612 4620 1866 4691 ἀπεσϐη-

354 4709 473 4747 τας.

285 4709 473 4754 κοτας.

359 4763 470 4830 (51))
499 4759 643 4833 Mori.
661 4759 950 4833 διελέγχει.

361 4833 474 4903 (5i)
500 4831 640 4903 (ξω.-
653 4831 1083 4903 παραλείψομαι.

363 4900 480 4973 (52)
500 4899 595 4954 His
613 4899 776 4973 ﬁnem
813 4899 1046 4973 imponit
1069 4903 1296 4973 Phptius
1314 4901 1488 4973 longae
1507 4899 1862 4973 disputationi

289 4970 358 5026 de
387 4969 506 5024 Gal.
540 4985 616 5034 Iv,
649 4970 704 5024 6.
732 4969 907 5036 Quem
935 4975 1104 5028 verba
1141 4971 1294 5027 Pauli
1334 4969 1548 5040 aliaque
1596 4969 1651 5026 id
1691 4985 1863 5041 genus

293 5041 742 5112 interpretantem
772 5058 913 5111 pone
938 5052 1248 5112 sequuntur
1277 5041 1592 5098 schismatis
1620 5049 1861 5112 asserto-

289 5126 401 5175 res,
444 5124 538 5184 ex_
565 5109 788 5184 quibus;
819 5109 1281 5184 Theophylactus,
1307 5112 1572 5184 Bulgaria}
1598 5110 1863 5184 archiepi-

287 5195 487 5249 scopus
522 5179 688 5248 (apud
742 5179 992 5237 Beccum'
1022 5179 1115 5240 Gr.
1179 5184 1315 5238 orth.
1349 5199 1388 5244 ι.
1413 5179 1561 5240 ⁷215.
1606 5197 1666 5236 n.
1709 5179 1801 5247 65)
1843 5199 1858 5236 :

288 5252 626 5308 Γέγραπται.
651 5249 807 5308 ἔφης.
835 5253 1061 5308 Πνεῦμα
1105 5254 1237 5308 Υἱοῦ
1305 5254 1400 5307 καὶ
1439 5248 1669 5308 Πνεῦμα
1719 5252 1858 5308 Χοι-

291 5266 807 5374 Ιέγραπται,εφτός,
837 5266 1061 5322 ιινευμα
1114 5266 1237 5308 ficu
1305 5266 1400 5307 και
1441 5266 1669 5320 ιινευμα
1719 5266 1765 5304 λ
1811 5269 1860 5304 ι-

291 5322 419 5393 στοῦ
450 5339 464 5393 ξ
497 5320 732 5393 κὰγὼτί
767 5339 920 5393 εμαι.
953 5323 1070 5377 ἀλλ’
1095 5325 1193 5393 οὐχ
1219 5325 1295 5387 ὡς
1321 5324 1381 5387 ἐξ
1410 5321 1621 5393 ἐκείνου
1646 5269 1860 5392 προῖΞν,

283 5391 402 5448 ἀλλ’
435 5391 511 5456 ὡς
541 5391 742 5462 οίκεῖον
771 5392 936 5445 αὑτοῦ
954 5409 968 5424 ·
1000 5391 1261 5462 συγγενὲς
1300 5395 1409 5462 7&9
1439 5392 1536 5444 καὶ
1571 5391 1671 5445 ούκ
1695 5391 1859 5445 κάλλό-

283 5479 436 5533 τριον
465 5478 482 5494 '
517 5461 710 5534 καὶώς
735 5464 866 5534 παρ’
901 5461 1087 5534 αὑτοῦ
1123 5467 1236 5534 τοῖς
1286 5461 1475 5534 ἀξίοις
1505 5462 1861 5534 πεμπόμενον

287 5531 382 5604 καὶ
405 5531 934 5604 χορηγούμενονκαὶ
955 5533 1386 5604 μεταδιδόμενον.
1421 5531 1644 5604 Photius
1676 5531 1858 5604 tamen

285 5600 436 5658 infra
465 5600 681 5657 rursum
716 5604 780 5657 ad
799 5600 1048 5659 eamdem
1090 5600 1372 5658 materiam
1404 5601 1732 5671 regreditur,
1764 5603 1857 5656 ubi

284 5687 449 5744 voces
485 5672 711 5744 Πνεῦμα
745 5673 874 5727 Υἱοῦ
902 5684 957 5730 et
987 5673 1209 5740 Πνεῦμα
1241 5671 1480 5744 Χριστοῦ
1539 5686 1651 5727 non
1712 5672 1855 5730 idem

283 5741 470 5796 dicere
499 5741 714 5798 asserit.

359 5812 474 5883 (55)
506 5811 562 5867 In
585 5812 716 5869 Cod.
741 5814 886 5872 M011.
919 5815 958 5871 ἱ.
990 5816 1090 5871 itii
1127 5814 1181 5880 b,
1206 5829 1328 5884 cap.
1361 5811 1463 5882 λβ’.

1889 4514 1943 4574 Ῑ)
1968 4514 2741 4615 ξῖυ’σῗ“ὀὲιῖἷιε“ὂῦἒςῖῖ“ἷιι“ξᾶρ’ὄ
2775 4514 2885 4615 LE;

2027 3637 2140 3720 (56‘)
2169 3635 2424 3720 Yerbaei
2454 3653 2578 3720 γεγ.
2610 3667 2683 3720 -τ
2706 3633 3163 3720 παραπέμψειῖει
3195 3633 3398 3720 Photio
3411 3633 3538 3720 ,εἱς-

1957 3703 2163 3777 scripta
2190 3709 2448 3777 leguntur
2468 3703 2544 3761 'in'
2581 3703 2831 3777 cod._Gr.
2872 3703 3046 3777 theOI.
3069 3703 3382 3777 Vindobon.
3411 3705 3533 3760 524-

1961 3774 2174 3833 Nessel.
2208 3774 2552 3846 (Eambeccio
2583 3786 2666 3831 est
2691 3775 2826 3830 Cod.
2869 3775 2993 3839 157)
3025 3774 3120 3830 fol.
3146 3775 3251 3830 247
3279 3776 3337 3832 b.

2031 3847 2143 3917 (55)
2174 3847 2319 3902 Mon.
2339 3850 2419 3917 ἐκ
2451 3847 2546 3900 τοῦ
2577 3846 2792 3915 Πατρὸς
2827 3847 2854 3898 6
2880 3846 3031 3917 Υἱός.

2033 3913 2144 4040 (56)
2173 3917 2309 3972 Cod.
2339 3915 2575 3972 Vindob.
2599 3913 2799 3970 citatus
2825 3923 2880 3970 et
2907 3915 3024 3970 Col.
3055 3917 3075 3938 ‘
3103 3915 3224 3979 πῶς
3249 3916 3373 3987 οὐχὶ
3403 3913 3543 3970 κατὰ

2033 4005 2062 4039 ν
2089 4005 2118 4040 ο
2143 4005 2197 4040 κ.
2229 3987 2278 4040 δ.
2313 3988 2346 4040 ἡ
2372 3987 2660 4039 δυσσέϐεια
2695 3988 2797 4039 οὐκ
2853 3987 2933 4040 είς
2987 3986 3184 4038 υἱωνὸν
3232 3986 3295 4039 τὸ
3335 3988 3432 4040 liv.
3482 4004 3542 4038 π.

1961 3986 2062 4058 τὴν
2089 3986 2197 4042 οἱκ.
2229 3987 2278 4042 δ.
2313 3988 2348 4058 ή
2372 3987 2660 4039 δυσσέϐεια
2695 3988 2797 4039 οὐκ
2853 3987 2933 4048 είς
2987 3986 3184 4038 υἱωνὸν
3232 3986 3295 4039 τὸ
3317 3986 3432 4040 Πν.
3482 4004 3542 4038 π.

1963 4057 2177 4113 Monac.
2213 4056 2332 4121 πῶς
2355 4057 2416 4110 οὐ
2437 4056 2586 4127 κατά
2629 4055 2728 4127 τὴν
2764 4057 2972 4110 οἱκείαν
3007 4055 3165 4121 δόξαν
3199 4058 3232 4127 ἠ
3285 4056 3546 4110 εὐσέϐεια

1963 4127 2226 4201 (sic)_96_x_
2244 4130 2326 4191 εἱς
2357 4126 2492 4201 Υἱὸν
2521 4127 2579 4201 τὸ
2610 4126 2710 4179 Πν.
2739 4144 2802 4180 π.

2057 4198 2150 4265 57)
2177 4197 2323 4252 Mon.
2351 4196 2641 4264 συνελάση.

2057 4264 2148 4355 δβ)
2179 4266 2408 4355 Ρέιριίιιε
2429 4282 2522 4355 ευρ
2555 4265 2939 4355 adequitat;
2961 4264 3307 4355 οξδξτφὲτη
3335 4266 3546 4355 δὲδνετ

1961 4335 2148 4409 φημίᾲ
2175 4339 2396 4407 κάτοχοι
2426 4335 2522 4390 καὶ
2570 4335 2765 4388 υἱωνὸν
2793 4338 2968 4390 εἰπεῖν
2995 4335 3056 4389 τὸ
3092 4335 3317 4405 Πνεῦμα
3351 4337 3451 4390 οὐκ
3475 4337 3548 4390 ἂν

1963 4409 2367 4477 ἀποκνήσαιεν,
2405 4407 2456 4477 εἱ
2504 4406 2724 4477 δέῌτὴν-
2760 4405 2943 4477 φωνὴν
2985 4405 3342 4477 φυλάττονται
3391 4406 3549 4476 φόϐῳ

1966 4478 2078 4531 τῶν
2106 4469 2372 4542 εὐσεϐῶν,
2403 4475 2519 4530 ἀλλ’
2545 4475 2639 4546 οὖν
2665 4469 2742 4546 ’τὸ
2773 4469 3029 4546 φρόνημα
3060 4474 3128 4528 δι’
3176 4469 3252 4530 ὧν
3274 4469 3550 4546 δογματίζ

2975 4546 3052 4608 ib;
3100 4547 3166 4598 ἐκ
3198 4545 3294 4600 τοῦ
3334 4545 3550 4613 [ἰατρὸς

1965 4618 2055 4671 διά
2097 4618 2406 4687 γεννήσεως
2445 4615 2686 4687 πρόεισι,
2701 4615 2776 4687 τὸ
2826 4615 3054 4687 Πνεῦμα
3081 4616 3141 4669 δὲ
3189 4617 3256 4670 ἐκ
3284 4617 3378 4669 τοῦ
3409 4615 3549 4670 Υἱοῦ

1964 4687 2035 4742 δι’
2079 4684 2622 4756 ἐκπορεύσεωςζίεὶς
2659 4684 2856 4738 υἱωνοῦ
2904 4684 3060 4750 τάξιν
3110 4688 3545 4756 περιστήσεταιο

1965 4758 2063 4827 καὶ⁹
2090 4756 2210 4819 πῶς
2225 4755 2301 4810 ίᾶν
2331 4756 2416 4827 εῐη
2453 4755 2614 4827 τοῦτο
2638 4755 2875 4827 φορητὸν
2911 4759 3026 4819 τοῖς
3077 4755 3324 4827 εὐσεϐεῖν
3369 4773 3551 4810 σπου-

1963 4826 2061 4896 δὴν
2119 4825 2468 4896 ποιουμένοις
2508 4826 2618 4896 καὶ
2676 4825 2755 4894 τῷ
2790 4825 2919 4896 (τῶν
2960 4825 3310 4896 Χριστιανῶν
3359 4843 3541 4896 κατα-

1963 4894 2111 4968 λόγῳ
2138 4894 2620 4968 συνεξετάζεσθαις
2654 4895 2688 4966 ἢ
2719 4894 2851 4968 -πῶς
2899 4896 2994 4948 ἐπὶ
3018 4894 3160 4968 πολὺ
3208 4895 3548 4968 παρορώμε-

1964 4984 2055 5020 νον
2083 4965 2470 5033 ἀνεξέλεγκτον
2496 4967 2557 5018 ού
2590 4965 2926 5030 συνελκύσει,
2957 4967 3083 5028 τοὺς
3105 4965 3374 5033 σιγῶντας
3416 4965 3543 5032 μὲν,

1962 5037 2057 5092 νοῦ
2101 5036 2160 5090 δὲ
2222 5037 2289 5088 ἐκ
2344 5035 2478 5089 Θεοῦ
2532 5037 2628 5106 καὶ
2682 5037 2922 5106 χαρίτων
2954 5035 3252 5104 διελέγχειν
3298 5035 3548 5106 ἀπολαύ-

1965 5123 2185 5170 σαντας,
2244 5107 2326 5177 είς
2372 5106 2474 5177 τὴν
2531 5105 2642 5177 τῶν
2686 5104 3541 5177 βλασφημησάντωνἀπώλειανς

1962 5177 2139 5232 Nicol.
2171 5174 2495 5232 Methon.'c.
2524 5175 2586 5230 2i
2639 5195 2653 5230 :
2685 5174 2807 5228 Ἔτι
2859 5174 2908 5228 εἱ
2956 5175 2985 5226 ὁ
3020 5176 3118 5244 μὲν
3147 5175 3277 5238 Υἱὸς
3323 5177 3389 5228 ἐκ
3447 5176 3540 5229 τοῦ

1962 5247 2178 5318 Πατρός
2212 5289 2230 5313 ,
2259 5247 2319 5318 rb
2356 5245 2668 5318 δέγΠνεῦμα
2704 5245 2902 5318 ἐκγτοῦ
2952 5244 3408 5318 Υἱοῦλτάχα-καὶ
3457 5245 3549 5310 εἱς

1962 5315 2160 5371 υἱωνοῦ
2207 5315 2360 5380 τάξιν
2395 5317 2456 5370 τὸ
2487 5315 2713 5385 Πνεῦμα
2743 5316 2976 5369 τίθεται.
3016 5315 3216 5369 Eadem
3275 5315 3392 5370 fere
3427 5330 3541 5385 ioc-

1962 5396 2192 5442 currunt
2241 5387 2296 5440 in
2356 5386 2519 5440 Marci
2573 5383 2795 5457 Ephesii
2860 5385 3361 5457 syllogismisﬁod.
3419 5383 3546 5438 Mo-

1963 5473 2087 5512 nac.
2115 5458 2208 5520 27,
2247 5457 2285 5510 f.
2318 5457 2424 5513 258
2453 5472 2482 5510 a
2523 5457 2562 5510 f.
2582 5457 2687 5511 255
2723 5457 2776 5512 b.

2034 5528 2145 5596 (59)
2176 5525 2320 5581 Mon.
2357 5530 2407 5581 εἱ
2443 5527 2715 5598 προσεχὴς
2761 5526 2862 5598 μέν
2915 5529 3034 5580 ἐστι
3067 5524 3162 5581 τοῦ
3219 5527 3545 5594 Πνευματος

1961 5597 2134 5669 αἴτιος
2163 5599 2193 5650 6
2209 5599 2438 5669 Πατήρ.

1962 5667 2146 5791 Υτὲἓο)
2176 5667 2322 5744 Mon.
2367 5662 2502 5722 ὀὔτε
2537 5667 2646 5739 γὰρ
2690 5667 2740 5722 δ.
2793 5685 2852 5736 μ.
2905 5683 2959 5722 τ.
3016 5667 3296 5736 γεννᾶται.
3323 5662 3483 5720 Deest
3507 5662 3545 5716 6

2013 5756 2112 5801 ιος.
