3956 6438
437 307 542 369 347

1561 303 1826 367 PHOTII
1859 303 2368 366 PATRIARCHA’.
2403 303 2515 364 (ΣΡ.

3591 305 3700 370 348

434 417 768 474 condemno.
791 415 883 482 At,
924 415 1127 486 inquis,
1180 415 1254 471 illi
1316 415 1432 472 hac
1482 417 1846 487 scripserunt,
1878 428 1936 472 et
1961 417 2003 472 ir

2120 417 2522 488 ταψηφίζομαι.
2587 411 2768 478 Ἀλλά,
2820 416 2957 486 φησὶ
2986 413 3124 484 (95),
3177 414 3490 486 γεγράφασι
3523 418 3699 472 ταῦτα

435 509 651 563 illorum
669 509 824 564 libris
849 509 1184 574 continetur,
1203 508 1472 580 Spiritum
1489 525 1518 562 a
1541 509 1679 564 Filio
1696 509 2018 580 procedere.

435 596 638 653 Verum
677 600 808 669 quid
873 600 1014 654 hoc?
1041 599 1096 654 Si
1119 600 1262 655 enim
1301 601 1497 657 melius
1559 601 1742 656 edocti
1793 610 2018 656 senten-

437 692 566 745 tiam
593 707 700 744 non
733 700 1032 754 mutarunt,
1063 693 1106 746 si
1154 693 1317 762 justis
1352 692 1515 748 evicti
1565 693 1900 760 argumentis
1948 693 2019 749 ab

433 797 621 836 errore
665 797 773 835 non
820 793 1187 848 recesserunt,
1229 793 1385 838 tuum
1431 798 1573 853 opus
1597 783 1732 838 dicis
1754 793 2018 853 tuumque

433 874 891 930 inemendabilem
936 875 1179 932 animum
1242 876 1365 945 (alia
1401 891 1593 932 rursus
1633 877 1749 931 haec
1779 886 1864 932 est
1918 878 2018 932 ad-

433 982 624 1022 versus
657 967 843 1021 Patres
877 975 998 1021 tuos
1027 967 1327 1037 calumnia)
1361 968 1578 1023 illorum
1611 969 1881 1024 doctrinae
1918 985 2015 1026 ac-

432 1066 648 1127 ceptum
681 1057 873 1112 refers.
895 1056 952 1112 Si
983 1073 1133 1125 vero,
1165 1074 1288 1128 quae
1323 1068 1409 1114 est
1433 1075 1619 1114 rerum
1652 1060 2014 1116 humanarum

431 1149 695 1213 conditio,
730 1150 858 1204 licet
891 1152 1224 1220 caeteroquin
1252 1153 1478 1222 optimis
1497 1155 1810 1225 quibusque
1842 1154 2016 1208 virtu-

434 1240 582 1295 tibus
609 1242 810 1304 ornati,
830 1243 915 1296 vel
944 1257 1012 1296 ex
1038 1242 1345 1313 ignorantia
1375 1246 1604 1314 quadam
1640 1246 1776 1316 lapsi
1811 1245 1895 1301 vel
1924 1263 2016 1302 ne-

431 1331 685 1402 gligentia
715 1333 925 1403 abrepti
953 1344 1105 1396 sunt,
1139 1350 1249 1389 non
1283 1345 1463 1390 tamen
1487 1336 1752 1390 admoniti
1796 1338 2015 1392 restite-

432 1429 563 1474 runt
593 1431 687 1476 aut
730 1422 797 1476 ad
829 1422 1200 1478 correctiones
1238 1425 1482 1479 animum
1527 1426 1886 1496 pertinaciter
1911 1427 2011 1482 oh-

431 1511 722 1576 durabant,
758 1513 886 1582 quid
908 1514 1012 1568 hoc
1035 1515 1102 1569 ad
1137 1516 1231 1570 te?
1257 1514 1543 1581 Quomodo
1567 1533 1698 1573 vero
1725 1519 1780 1572 in
1799 1519 1886 1586 iis,
1919 1519 2036 1590 qui

432 1602 760 1658 nibilsimile
775 1604 881 1658 tuis
906 1606 1150 1662 moribus
1170 1606 1500 1674 habuerunt,
1525 1609 1834 1680 perfugium
1861 1611 2013 1667 inve-

433 1695 553 1748 nies
585 1710 765 1764 paena:
801 1698 1140 1754 inevitabilis
1187 1700 1492 1755 evitanda?
1525 1701 1581 1755 Si
1618 1703 1766 1757 enim
1794 1718 2008 1772 eorum,

429 1786 633 1854 quibus
663 1796 720 1840 tu
751 1788 1021 1852 abundas,
1058 1790 1133 1844 illi
1166 1806 1238 1845 ne
1259 1792 1453 1846 leviter
1467 1792 1687 1861 quidem
1715 1794 2013 1864 participes

433 1877 560 1931 facti
589 1889 737 1944 sunt,
773 1880 867 1934 sed
899 1882 1082 1950 potius
1119 1882 1367 1951 plurimis
1392 1883 1514 1938 aliis
1544 1883 1881 1939 admiranda)
1903 1887 2015 1941 vir-

431 1968 566 2022 tutis
595 1970 924 2040 pietatisque
945 1973 1341 2042 speciminibus
1365 1977 1545 2031 ornati
1587 1978 1819 2048 impium
1855 1987 2012 2036 tuum

428 2059 625 2132 dogma
655 2076 721 2115 ex
750 2061 1055 2132 ignorantia
1079 2071 1175 2118 aut
1201 2066 1531 2137 negligentia
1560 2071 2009 2138 pronuntiarunt,

426 2151 560 2221 quid
584 2161 640 2206 tu
672 2153 968 2208 humanum
992 2155 1210 2210 illorum
1251 2157 1526 2212 defectum
1550 2169 1804 2231 tanquam
1834 2163 2009 2235 legem

425 2241 596 2313 impie
626 2245 886 2300 credendi
917 2245 1015 2299 tibi
1062 2248 1354 2302 constituis
1388 2264 1566 2320 exque
1609 2251 1712 2307 hac
1760 2260 1850 2308 tua
1888 2254 2011 2326 lege

426 2333 573 2398 illos,
615 2337 708 2404 qui
737 2336 812 2390 nil
840 2337 1113 2405 ejusmodi
1166 2339 1418 2395 sanxisse
1467 2342 1801 2413 deprehensi
1856 2355 2008 2412 sunt,

424 2424 644 2494 iniquos
697 2427 940 2498 legisque
996 2429 1287 2485 violatores
1336 2431 1585 2487 declaras
1642 2444 2010 2506 extremaeque

424 2513 728 2584 impietatis
755 2519 862 2572 sub
910 2517 1114 2572 amoris
1152 2517 1659 2590 benevolentiaque
1707 2521 1856 2577 larva
1887 2538 2010 2579 reos

420 2605 676 2676 iudicas?
704 2607 825 2662 Non
872 2609 1018 2663 bona
1078 2619 1296 2665 tuorum
1327 2620 1457 2666 sunt
1495 2615 1802 2669 studiorum
1843 2631 2012 2671 cona-

424 2707 691 2768 tuumque
711 2699 955 2770 prtemia.
987 2700 1095 2756 Sed
1120 2701 1244 2756 vide
1272 2702 1568 2771 impietatis
1589 2719 1875 2759 excessum
1901 2705 2010 2760 im-

423 2791 694 2862 probique
724 2792 1098 2862 insipientiam
1128 2793 1320 2847 animi.
1354 2793 1414 2848 In
1447 2810 1606 2849 suum
1641 2795 2010 2865 patrocinium

2120 509 2216 561 καὶ
2242 510 2358 571 τοῖς
2382 506 2606 560 ἐκείνων
2621 505 2804 576 λόγοις
2829 504 3241 577 ἐμπεριέχεται,
3271 507 3334 560 τὸ
3357 508 3583 578 Πνεῦμα
3599 510 3699 564 τοῦ

2119 599 2252 654 Υίοῦ
2277 598 2694 670 ἐκπορεύεσθαι.
2871 597 2982 652 Καὶ
3009 597 3064 651 τί
3089 597 3279 664 τοῦτο;
3321 599 3382 650 Εἰ
3427 601 3524 667 μὲν
3550 599 3700 653 διδα-

2117 691 2337 762 χθέντες
2366 691 2429 744 οὐ
2462 689 2773 761 μετέθεντο,
2827 691 2876 742 εί
2927 691 3040 752 τοῖς
3068 690 3304 753 δικαίοις
3343 689 3590 760 ἐλέγχοις
3633 692 3697 746 οὐ

2121 780 2482 852 μετεϐάλοντο
2507 778 2644 850 (96),
2681 777 2744 830 τὸ
2779 777 2870 831 σὺν
2901 776 3063 850 ἔργον
3118 778 3301 846 λέγεις
3342 779 3438 830 καὶ
3467 779 3568 849 τὴν
3598 781 3702 850 σὴν

2115 871 2474 942 ἀνουθέτητον
2504 870 2730 941 γνώμην
2755 869 2916 941 (ἀλλη
2939 868 3104 924 πάλιν
3122 867 3264 939 αὕτη
3293 870 3435 923 κατά
3456 869 3563 924 τῶν
3591 871 3702 925 σῶν

2117 962 2385 1034 Πατέρων
2415 961 2770 1031 συκοφαντία)
2811 961 2890 1024 είς
2924 960 3022 1032 τὴν
3055 960 3283 1015 ἐκείνων
3306 961 3600 1033 ἀναφέρεις
3620 962 3704 1016 δι-

2115 1055 2432 1110 δασκαλίαν.
2461 1055 2526 1108 El
2554 1054 2613 1108 δέ
2643 1050 2730 1107 οἷα
2768 1054 2837 1108 τά
2881 1053 3203 1125 ἀνθρώπινα
3230 1053 3412 1128 καίτοι
3451 1055 3521 1110 τὰ
3560 1055 3703 1110 ἀλλα

2113 1148 2228 1210 τοῖς
2252 1147 2495 1217 ἀρίστοις
2516 1146 2945 1217 ἐνευθυμοῦντες
2971 1147 3085 1217 (97)
3110 1147 3145 1218 ἢ
3167 1147 3364 1219 ἀγνοίᾳ
3403 1148 3513 1201 τινὶ
3538 1165 3704 1220 περι-

2115 1241 2312 1293 έπεσον
2347 1240 2381 1311 ἢ
2414 1242 2773 1312 παροράματι
2815 1240 3202 1312 ὑπηνέχθησαν
3226 1281 3242 1304 ,
3294 1243 3397 1295 οὐκ
3440 1242 3702 1295 ἀντεῖπον

2113 1330 2170 1382 δὲ
2191 1330 2574 1403 διδασκόμενοι
2600 1331 2720 1385 οὐδὲ
2747 1331 2883 1402 πρὸς
2915 1331 2976 1384 τὸ
3010 1330 3295 1385 νουθετοῦν
3321 1332 3701 1400 ἀπηυθαδειά-

2117 1439 2278 1477 σαντο
2308 1423 2443 1494 (98),
2469 1425 2524 1478 τί
2549 1423 2708 1478 τοῦτο
2735 1424 2874 1494 πρὸς
2916 1425 3012 1490 σέ;
3040 1423 3163 1486 Πῶς
3191 1424 3249 1477 δέ
3270 1423 3523 1495 εὑρήσεις
3549 1424 3702 1478 ἐκεί-

2114 1531 2242 1578 νους
2273 1515 2596 1586 καταφυγὴν
2645 1507 2721 1570 ὧν
2754 1513 2907 1567 οὐδὲν
2924 1515 3112 1584 ὅμοιον
3157 1514 3296 1587 πρὸς
3337 1515 3409 1566 τὰ
3453 1513 3546 1578 σά,
3599 1514 3702 1586 τὴν

2112 1609 2353 1678 ἄφυκτον
2396 1607 2554 1677 δίκην
2579 1606 2883 1675 ἀποφυγεῖν
2911 1604 3068 1676 (99);
3113 1603 3190 1658 Et.
3212 1604 3322 1676 γάρ
3357 1597 3435 1659 ὧν
3476 1605 3542 1656 σὺ
3594 1605 3700 1675 μέν

2113 1697 2414 1762 ἀπολαύεις
2439 1696 2667 1761 ἐκείνοις
2695 1697 2818 1751 οὐδὲ
2845 1697 3039 1767 γέγονε
3070 1699 3388 1767 μετασχεῖν,
3412 1697 3632 1750 πολλῶν
3651 1699 3698 1751 δ’

2114 1792 2290 1848 ἄλλων
2337 1789 2653 1861 προσόντων
2701 1789 2886 1853 αὐτοῖς
2947 1788 3228 1859 θαύματος
3273 1787 3463 1853 ἀξίων,
3506 1789 3579 1842 δι’
3621 1782 3700 1844 ὧν

2113 1883 2284 1956 ἀρετὴ
2310 1882 2608 1955 διαλάμπει
2635 1882 2732 1935 καὶ
2771 1880 3048 1948 εὐσέϐεια,
3089 1881 3152 1934 τὸ
3181 1881 3275 1935 σὺν
3315 1880 3375 1947 ἐξ
3405 1882 3636 1949 ἀγνοίας
3664 1883 3698 1953 ἢ

2114 1975 2256 2030 κατά
2286 1973 2589 2046 παρόρασιν
2629 1973 2838 2046 ἐρρήθη
2887 1972 3233 2044 δυσσέϐημα,
3271 1971 3324 2026 τί
3348 1973 3408 2026 τὸ
3466 1974 3700 2026 ἐκείνων

2110 2068 2453 2139 ἀνθρώπινον
2491 2065 2604 2139 [69]
2633 2067 2857 2138 ἥττημα
2889 2065 2967 2136 (1)
2997 2065 3161 2136 νόμον
3188 2067 3288 2135 μὲν
3325 2065 3466 2118 ὥστε
3500 2066 3701 2119 δυσσεο

2111 2160 2230 2214 ϐεῖν
2268 2157 2447 2230 ἐαυτῷ
2475 2157 2874 2229 συνεισφέρεις,
2904 2159 2970 2210 ἐκ
3007 2156 3065 2211 δέ
3093 2157 3188 2211 τοῦ
3229 2156 3324 2210 σοῦ
3362 2157 3531 2227 νόμου
3565 2159 3700 2222 τοὺς

2115 2252 2282 2324 μηδὲν
2290 2251 2502 2306 τοιοῦτο
2512 2250 2820 2319 νομοθετεῖν
2833 2247 3186 2320 φωραθέντας
3196 2248 3548 2319 παρανόμους
3562 2249 3700 2300 ἀπο-

2111 2345 2342 2417 φαίνεις,
2365 2344 2459 2397 καὶ
2473 2341 2728 2404 ἀσεϐείας
2747 2340 2984 2411 ἐσχάτης
3013 2341 3070 2394 ἐν
3097 2338 3429 2411 προσωπείῳ
3454 2338 3699 2409 στοργῆς

2110 2439 2206 2494 καὶ
2229 2436 2443 2499 εὐνοίας
2469 2435 2628 2505 δίκην
2654 2435 2908 2494 ἀπαιτεῖς
2931 2449 2947 2498 ;
2971 2432 3031 2485 οὐ
3062 2433 3172 2503 γὰρ
3194 2431 3336 2486 καλά
3366 2447 3450 2484 σοι
3482 2429 3558 2501 (‘2)
3582 2429 3697 2483 τῶν

2111 2530 2506 2600 ἀγωνισμάτων
2530 2527 2600 2581 τά
2637 2527 2912 2596 ἐπίχειρα.
2977 2523 3118 2577 Ἀλλ’
3146 2525 3249 2594 ὅρα
3291 2525 3394 2592 τῆς
3436 2521 3698 2584 ἀσεϐείας

2109 2622 2208 2692 τὴν
2237 2619 2545 2692 ὑπερϐολὴν
2581 2618 2678 2672 καὶ
2705 2619 2804 2689 τῆς
2830 2615 3162 2687 κακοσχόλου
3184 2615 3412 2685 γνώμης
3434 2614 3497 2666 τδ
3529 2614 3690 2667 ἑσύν·

2109 2731 2255 2770 ετον.
2301 2714 2397 2777 Είς
2425 2710 2758 2782 συνηγορίαν
2799 2710 2994 2780 ἀγουσι
3041 2708 3136 2762 τὸν
3173 2708 3474 2774 Δεσπότην,
3503 2703 3693 2774 πεφὼ-

2111 2824 2304 2880 ρανται
2351 2805 2429 2877 (ὅ)
2483 2804 2987 2873 συκοφαντοῦντες·
3039 2802 3306 2856 ἐκάλεσαν
3353 2799 3694 2870 συνηγόρους

423 2891 624 2937 vocant
659 2883 948 2938 Dominum
980 2901 995 2938 :
1022 2885 1350 2954 deprehensi
1377 2885 1602 2941 fuerunt
1625 2887 1918 2944 mendaces
1953 2899 2003 2946 et

2110 2899 2238 2963 τοὺς
2267 2897 2543 2969 μαθητὰς,
2573 2897 2824 2951 ἑάλωσαν
2864 2895 3155 2958 κάκείνους
3172 2893 3266 2946 τὸν
3290 2891 3454 2946 αὐτὸν
3485 2890 3692 2962 τρόπον

421 2973 880 3042 calumniatores;
941 2975 1279 3032 advocarunt
1340 2986 1602 3048 patronos
1693 2981 2005 3050 apostolos;

2109 2990 2533 3062 περιϐάλλοντες
2589 2987 2980 3057 συκοφαντίαις
3003 3003 3021 3018 ο
3050 2986 3360 3055 κατέφυγον
3415 2982 3581 3036 πάλιν
3611 2982 3692 3042 είς

421 3064 661 3120 convicti
683 3074 815 3120 sunt
844 3065 978 3120 istos
1001 3080 1223 3136 quoque
1261 3068 1458 3122 eodem
1512 3069 1674 3124 modo
1717 3070 2003 3126 calumniis

2113 3082 2390 3151 Πατέρας,
2412 3082 2509 3134 καὶ
2531 3081 2659 3136 ἀντὶ
2686 3080 2859 3152 τιμῆς
2879 3078 3126 3152 μεγάλην
3151 3075 3340 3131 αὐτῶν
3361 3073 3691 3145 καταχέουσι

418 3155 756 3224 allicientes;
779 3157 1144 3230 confugerunt
1177 3174 1372 3213 rursus
1397 3159 1466 3214 ad
1507 3160 1738 3221 Patres:
1776 3171 1833 3216 et
1883 3161 2003 3218 loco

2110 3171 2484 3245 βλασφημίαν.

421 3250 646 3306 honoris
667 3252 945 3322 ingentem
973 3251 1110 3320 ipsis
1140 3252 1539 3322 blasphemiam
1570 3253 1885 3309 olIundunt.

489 3343 578 3400 (i9.
612 3343 682 3398 Et
715 3342 901 3399 Patres
920 3345 1144 3414 quidem
1174 3355 1392 3412 vocant,
1425 3346 1499 3400 ita
1529 3356 1634 3413 est,
1674 3347 1772 3405 sed
1803 3363 1912 3404 non
1947 3357 2008 3404 ut

417 3431 642 3489 Patrum
674 3436 779 3490 illis
800 3437 1065 3491 honorem
1094 3438 1355 3502 tribuant,
1377 3455 1568 3494 verum
1593 3448 1655 3496 ut
1719 3442 2006 3498 inveniant

416 3541 526 3598 qua
575 3529 791 3598 possint
834 3528 1047 3584 ratione
1109 3528 1228 3584 ﬁeri
1276 3531 1586 3601 parricida}.
1641 3531 1832 3604 Neque
1890 3535 2002 3591 divi

417 3617 572 3674 Pauli
597 3621 1029 3689 perhorrescunt
1067 3636 1256 3674 vocem
1285 3662 1300 3686 ,
1331 3637 1495 3692 quam
1553 3625 1735 3678 tamen
1784 3634 1841 3680 et
1895 3626 2000 3697 ipsi

416 3718 610 3766 contra
652 3708 839 3766 Patres
872 3725 1001 3766 suos
1051 3727 1159 3766 non
1200 3713 1312 3768 sine
1356 3714 1560 3785 ingenti
1618 3717 1826 3771 malitia
1866 3733 2002 3773 con-

417 3810 693 3872 torquent.
727 3803 825 3858 llic
862 3803 1146 3873 enim,qui
1174 3814 1499 3874 potestatem
1546 3809 1759 3878 accepit
1799 3810 2000 3883 ligandi

415 3908 482 3948 ac
504 3893 773 3959 solvendi,
815 3902 872 3948 et
894 3910 1026 3949 sane
1053 3895 1274 3951 vinculo
1304 3899 1591 3955 tremendo
1619 3901 1784 3955 simul
1811 3913 1869 3958 et
1904 3919 2000 3959 va-

413 3985 526 4040 lido
549 3987 831 4058 (pertingit
855 3988 998 4042 enim
1017 3989 1084 4043 ad
1105 3988 1280 4059 ipsum
1303 4005 1528 4061 regnum
1546 3993 1852 4064 cmlorum);
1883 3993 1995 4062 hic,

413 4075 661 4145 inquam,
691 4079 898 4149 ingenti
923 4080 1178 4148 claraque
1217 4082 1484 4136 exclamat
1513 4099 1646 4138 voce
1675 4100 1692 4140 :
1722 4083 1867 4140 Licet
1903 4104 1997 4143 nos

367 4215 374 4222 .
413 4175 508 4218 aut
527 4168 745 4236 angelus
779 4169 842 4222 de
884 4169 1010 4222 caelo
1061 4171 1381 4238 evangelizet
1437 4172 1580 4226 vobis
1639 4185 1996 4247 pra’terquam

412 4257 553 4328 quod
573 4260 1046 4329 wangelizavimus
1067 4260 1232 4327 vobis,
1261 4263 1548 4316 anathema
1594 4266 1662 4319 sit
1689 4267 1758 4324 ".
1792 4266 1997 4324 Paulus

412 4362 609 4403 sonora
629 4361 686 4404 et
716 4366 998 4418 nunquam
1033 4359 1226 4409 tacens
1254 4351 1513 4410 Ecclesiae
1549 4359 1698 4425 tuba,
1726 4360 1812 4415 vir
1872 4369 1996 4417 tan-

481 4500 526 4533 "
547 4497 723 4556 Galat.
760 4516 800 4565 ι,
826 4499 880 4556 8.

2178 3353 2274 3419 ξθ¹.
2305 3351 2413 3425 [δη]
2442 3351 2554 3405 Καὶ
2577 3349 2833 3421 Πατέρας
2870 3348 2968 3420 μὲν
2990 3346 3218 3401 καλοῦσι
3243 3344 3506 3416 (καλοῦσι
3533 3343 3682 3416 γάρ),

2106 3443 2337 3514 ἀλλὀὐχ
2371 3442 2460 3496 ῐνα
2485 3441 2548 3494 τὸ
2567 3439 2676 3493 τῶν
2703 3437 2964 3509 Πατέρων
2991 3435 3331 3506 ἀπονείμωσι
3353 3433 3542 3506 γέρας,
3570 3434 3683 3488 ἀλλ’

2105 3536 2172 3590 ἵν’
2208 3535 2286 3604 (4)
2323 3534 2600 3604 εὖρήσωσι
2631 3531 2709 3603 (5)
2749 3529 2816 3583 δι’
2853 3523 2929 3583 ὧν
2968 3529 3034 3582 ἂν
3064 3527 3309 3596 γένοιντο
3333 3525 3676 3597 πατραλοῖαι.

2103 3627 2215 3684 Καὶ
2237 3627 2360 3681 οὐδὲ
2382 3627 2481 3698 τὴν
2498 3623 2594 3678 τοῦ
2619 3623 2910 3677 θεσπεσίου
2928 3620 3142 3674 Παύλου
3167 3619 3453 3691 φρίττουσι
3473 3617 3672 3689 φωνὴν,

2103 3721 2170 3792 ἥν
2196 3719 2350 3772 αὐτοὶ
2395 3717 2538 3771 κατά
2567 3715 2676 3770 τῶν
2723 3714 2987 3783 Πατέρων
3044 3712 3226 3766 αὐτῶν
3289 3714 3429 3783 μετά
3480 3709 3672 3778 πολλῆς

2102 3809 2500 3882 ἀπορρίπτουσι
2529 3807 2631 3877 τῆς
2659 3804 3017 3874 κακουργίας.
3054 3803 3168 3857 Καὶ
3199 3802 3311 3873 γάρ
3340 3795 3492 3864 οὗτος
3516 3803 3545 3855 ὁ
3576 3800 3674 3872 τὴν

2100 3902 2353 3969 ἐξουσίαν
2397 3898 2578 3954 λαϐὼν
2621 3899 2846 3969 δεσμεῖν
2899 3897 2995 3951 καὶ
3023 3895 3196 3960 λύειν,
3231 3898 3326 3949 καὶ
3362 3893 3427 3948 τδ
3465 3894 3559 3948 τοῦ
3587 3893 3676 3947 δε-

2102 3995 2242 4066 σμοῦ
2275 3993 2505 4064 φοϐερὸν
2537 3991 2657 4062 ἀμα
2691 3991 2787 4044 καὶ
2820 3988 3083 4062 κραταιὸν
3120 3986 3309 4058 (μέχρι
3360 3986 3473 4058 γὰρ
3509 3985 3676 4053 αὐτῆς

2099 4085 2431 4160 ἀναφέρεται
2471 4083 2572 4154 τῆς
2613 4081 2892 4154 βασιλείας
2929 4081 3039 4135 τῶν
3080 4079 3372 4151 οὐρανῶν),
3413 4074 3569 4142 οὗτος
3614 4078 3680 4149 δὴ

2101 4178 2313 4250 μεγάλῃ
2339 4175 2437 4230 καὶ
2457 4175 2766 4246 διαπρυσίῳ
2783 4173 3020 4244 κέκραγε
3045 4175 3112 4244 τῇ
3139 4173 3292 4243 φωνῇ
3315 4187 3331 4202 ‘
3361 4171 3492 4225 Κᾶν
3508 4170 3680 4240 ἡμεῖς

2095 4271 2136 4340 ἢ
2168 4271 2424 4341 ἄγγελος
2475 4267 2545 4331 ἐξ
2596 4266 2861 4332 οὐρανοῦ
2919 4264 3369 4336 εὐαπηπελίζηται
3415 4264 3492 4336 (6)
3536 4263 3682 4332 ὑμῖν

2093 4366 2230 4435 παρ’
2250 4365 2283 4418 ὃ
2308 4363 2384 4435 (Ἰ)
2401 4360 2893 4432 εὐαγγελιζόμεθα
2911 4358 3074 4428 ὑμῖν,
3102 4357 3375 4429 ἀνάθεμα
3390 4358 3546 4412 ἔστω
3569 4357 3673 4428 (8).

1513 4652 1750 4712 νΑιιιΑς
1790 4657 2181 4718 LECTIONES
2202 4658 2292 4714 ET
2317 4656 2550 4714 ΝΟΤΕ.

479 4781 592 4848 (95)
620 4781 737 4837 001.
773 4780 926 4852 φασί.

478 4851 592 4926 (9ίξ)
625 4851 804 4926 Palat.
834 4852 889 4926 ἰ.
909 4854 1088 4926 255³,
1116 4855 1528 4926 μετεϐάλλοντο.

503 4920 593 5002 97)
625 4920 805 5002 νειίε.
876 4920 1281 5002 ἐνευθυνοῦτες.
1317 4929 1338 4950 ⁹
1375 4927 1492 5002 001.
1549 4931 1984 5002 ἐνευθηνοῦντες.

407 4993 469 5049 In
494 4993 686 5060 Palat.,
720 4993 877 5062 cujus
901 4995 1190 5052 lectionem
1216 4999 1615 5068 adoptavimus,
1644 5001 1700 5056 in
1794 4993 1984 5058 rasura

407 5074 592 5206 ea“('98)
629 5132 798 5206 Palat.
873 5134 1366 5206 ἀπηυθαδιάσαντο.
1423 5139 1516 5195 Slc
1583 5139 1701 5195 Col.
1765 5141 1976 5198 Formae

405 5203 746 5279 αὐθαδειέιςω
771 5215 835 5279 et_
855 5203 1165 5279 αὐθαδιάζω
1193 5211 1506 5279 promiscue
1531 5221 1847 5267 occurrunt.

479 5275 589 5352 (99)
621 5273 719 5343 Ep.
761 5277 836 5352 _ad
872 5275 1122 5352 _Aquilei.
1160 5273 1400 5352 archiep.
1435 5299 1449 5334 :
1483 5281 1544 5352 Et
1585 5283 1684 5350 μὲν
1725 5284 1975 5352 ὑπομνη-

407 5345 782 5423 σθέντες-περὶ
805 5347 899 5399 τοῦ
929 5345 1318 5423 προκειμένου
1347 5345 1645 5418 κεφαλαίου
1670 5353 1779 5423 τῶν
1826 5345 1978 5423 εἰρή-

408 5420 588 5491 μένων
619 5415 879 5491 Πατέρων
917 5415 1147 5491 ἀντεῖπε
1173 5418 1234 5472 τὸ
1259 5415 1544 5491 σύνταγμα
1593 5422 1690 5473 καὶ
1725 5423 1862 5491 πρὸς
1881 5415 1977 5475 ’ἔν-

405 5484 598 5560 στασίν
620 5503 743 5560 τινα
772 5484 876 5539 καὶ
926 5484 1209 5560 άπείθειαιν
1249 5484 1676 5560 ἀπεθρασύνετο,
1711 5484 1975 5546 διέτειναν

401 5572 464 5609 τε
495 5559 562 5627 τῇ
596 5557 733 5642 αὐτῇ
770 5559 1095 5642 παρατροπῇ
1133 5557 1231 5626 τῆς
1263 5557 1440 5628 δόξης,
1469 5561 1564 5612 καὶ
1593 5563 1850 5648 ἐπ”αὐτῇ
1883 5561 1974 5646 τον

405 5623 521 5693 βίον
554 5643 690 5695 μετα
728 5643 854 5690 τους
892 5627 1146 5697 ἐλέγχους
1174 5629 1569 5697 κατέστρεψαν,
1603 5647 1814 5697 αναγκη
1855 5649 1977 5685 του-

405 5623 521 5693 βίον
536 5623 690 5695 ’μετὰ
709 5623 862 5690 τοὺς
892 5623 1146 5750 ἐλέἔχους
1174 5623 1569 5698 κατέστρεψαν,
1603 5623 1976 5704 ἀνάγκη”τού-

404 5710 540 5773 τους.
570 5697 1072 5773 σκυναποϐάλλεσᾷαι
1100 5697 1177 5767 τῷ
1223 5703 1548 5773 ρρονῄματι.
1604 5702 1668 5773 Et
1706 5701 1762 5754 δέ
1834 5719 1976 5773 παρ-

403 5765 744 5835 εφθέγξαντο
788 5767 887 5837 μὲν
915 5768 948 5839 ἢ
981 5768 1069 5823 διά
1101 5765 1435 5825 τιναίαίτίαν
1467 5769 1564 5826 νῦν
1601 5765 1974 5845 ἀγνοουμένην

2016 4796 2070 4856 D
2095 4797 2229 4866 ἡμῖν
2254 4794 2353 4866 τῆς
2388 4793 2682 4865 εὐθύτητος
2709 4792 3109 4866 ἐξετράπησαν,
3148 4793 3377 4866 οὐδεμία
3421 4793 3478 4848 δὲ
3509 4794 3686 4865 ζήτη-

2097 4863 2183 4937 σις
2214 4863 2399 4937 αὐτοῖς
2429 4863 2878 4937 προσενήνεκται,
2911 4863 3017 4937 οὐδ’
3039 4865 3120 4928 είς
3153 4863 3392 4937 μάθησιν
3422 4865 3521 4937 τῆς
3545 4863 3680 4937 ἀλή.

2093 4934 2244 5006 θείας
2276 4934 2453 5006 οὐδεὶς
2474 4932 2687 5006 αὐτούς
2718 4932 3082 5006 παρεκάλεσε.
3121 4932 3370 5006 Πατέρας
3399 4932 3496 5002 μὲν
3520 4932 3680 4989 οὐδὲν

2090 5003 2316 5077 ἔλαττον
2351 5005 2568 5069 αὐτοὺς,
2609 5004 2657 5056 εί
2691 5001 2894 5075 καὶμὴ
2925 5003 3086 5057 τοῦτο
3137 5001 3313 5070 εἷπον,
3369 5001 3681 5077 ἐπιγραψά-

2091 5073 2249 5216 μεῗῧ
2267 5142 2436 5216 Palat.
2463 5141 2760 5216 τρε-κεῖνον
2779 5142 3120 5216 ἀνθρωπίνου
3155 5145 3277 5216 ἥττ.

2175 5212 2230 5282 2)
2260 5212 2377 5267 001.
2405 5229 2459 5282 p.
2486 5212 2598 5282 298
2630 5230 2644 5266 :
2670 5213 2812 5266 καλά
2840 5212 2956 5268 σου.

2175 5216 2209 5266 2
2260 5216 2377 5267 001.
2405 5229 2459 5282 p.
2492 5216 2598 5268 298
2630 5230 2644 5266 :
2670 5216 2812 5266 καλά
2840 5229 2956 5268 σου.

2154 5216 2231 5354 (ὃ)
2268 5282 2445 5354 yatic.
2477 5281 2515 5354 l_‘.
2545 5283 2650 5354 20s
2673 5299 2722 5347 a,
2758 5283 3127 5350 πεφὼνανται.

2153 5351 2230 5426 (4)
2261 5352 2434 5426 Palat.
2458 5351 2512 5426 _f.
2535 5352 2648 5426 235
2677 5354 2732 5419 b,
2759 5355 2793 5424 ἢ
2823 5354 2943 5424 εὐρ.

2261 5420 2478 5496 Υηειχεύ
2488 5413 2732 5496 ρησουσι.

2152 5492 2228 5565 (6)
2261 5493 2352 5565 Sic
2374 5493 2492 5565 _Col.
2530 5492 2698 5547 Palat.
2732 5495 3176 5565 εὐαγγελίζεται.

2155 5562 2231 5633 (7)
2269 5562 2441 5619 Vatic.
2473 5579 2550 5616 πα
2559 5566 2636 5633 ρό.

2154 5633 2229 5704 (8)
2264 5633 2463 5709 Gal._t_.
2513 5633 2566 5687 8.
2609 5633 2690 5688 Ad
2728 5637 2830 5690 hoc
2887 5636 3133 5706 Apostoli
3189 5636 3410 5709 e_ll'atum
3455 5638 3667 5709 pariter

2081 5713 2342 5828 provoicat
2391 5703 2550 5759 Pbot.
2594 5721 2784 5774 opusc.
2819 5703 3010 5764 contra
3055 5718 3164 5765 vet.
3207 5707 3393 5764 Romae
3429 5703 3669 5765 asseclas

2083 5790 2204 5828 can.
2275 5794 2326 5828 υ.

2083 5790 2204 5846 cap.
2241 5790 2326 5839 to.
