3956 6458
482 332 584 400 351

1597 365 1600 368 ν
1621 334 1887 396 ΡΗΟΤΙΙ
1925 331 2436 396 PATRIARCH/E
2470 331 2560 390 CP

3639 329 3748 392 352

484 457 587 509 set,
616 445 736 501 illos
765 445 871 501 tale
891 444 1170 516 quidpiam
1198 444 1400 500 dixisse
1421 445 1700 516 (homines
1733 445 1881 499 enim
1913 453 2057 498 erant

2175 442 2289 494 ἀλλ’
2319 442 2368 492 εἰ
2401 443 2494 494 καὶ
2525 438 2772 493 τοιοῦτόν
2798 457 2852 494 τι
2882 435 3178 492 συνέπεσεν
3208 435 3406 500 αὐτοὺς
3433 436 3605 490 εἰπεῖν
3630 439 3746 507 (άν-

484 553 589 593 nec
611 545 793 608 potest
843 552 903 592 se
947 537 1248 601 immunem
1302 537 1372 591 ab
1402 536 1548 590 omni
1605 537 1850 591 humano
1909 535 2068 606 lapsu

483 639 752 702 perpetuo
775 644 1100 684 conservare
1125 629 1218 699 qui
1276 644 1340 683 ex
1398 629 1512 683 luto
1569 628 1827 697 ﬂuxaque
1873 637 2072 683 natura

487 729 739 787 constat;
779 722 886 776 imo
943 736 1054 775 non
1094 737 1374 790 nunquam
1441 721 1602 775 etiam
1659 721 1793 776 viris
1851 720 2074 790 optimis

486 813 858 868 adnascuntur
893 814 1078 883 aliqua
1105 814 1328 883 vestigia
1363 813 1757 882 macularum);
1787 829 1977 869 verum
2006 813 2073 868 li-

488 912 594 966 cet,
634 906 878 974 inquam,
908 907 1049 961 forte
1100 907 1167 960 ad
1219 906 1438 975 aliquod
1471 906 1788 960 indecorum
1821 922 1883 960 ac
1909 915 2072 978 turpe

487 998 715 1054 fuissent
748 1000 904 1070 lapsi,
935 1016 1034 1072 ego
1069 1017 1202 1056 sane
1228 1003 1432 1071 probos
1483 1000 1676 1056 Noemi
1705 1000 1848 1056 filios
1888 1000 2070 1055 imita-

486 1107 575 1146 rer
605 1103 658 1148 et
693 1110 788 1162 pro
819 1095 1160 1150 vestimentis
1183 1097 1404 1150 silentio
1429 1096 1613 1166 potius
1644 1104 1812 1165 atque
1837 1095 2068 1166 gratitu-

485 1180 612 1236 dine
659 1193 938 1252 paternam
998 1185 1390 1254 turpitudinem
1431 1187 1770 1256 obtegerem,
1804 1200 1917 1240 non
1965 1201 2066 1239 au-

486 1281 618 1337 tem,
649 1276 727 1329 uti
754 1284 810 1330 tu
854 1276 1005 1342 facis,
1038 1277 1232 1332 Chami
1269 1293 1527 1348 sequerer
1573 1279 1920 1349 exemplum;
1957 1281 2068 1335 imo

483 1383 615 1422 vero
643 1377 697 1422 tu
726 1369 895 1424 multo
926 1372 1178 1426 acerbius
1210 1372 1302 1426 illo
1332 1381 1498 1442 atque
1533 1371 1907 1442 impudentius
1935 1380 2067 1427 tuo-

2175 533 2382 605 θρωποι
2412 534 2521 603 γάρ
2567 529 2710 604 ἦσαν
2753 534 2848 586 καὶ
2887 529 3233 600 ἀνθρωπίνου
3277 527 3750 600 παρολισθήματος

2173 626 2274 679 οὐκ
2308 625 2422 680 ἐστι
2459 625 2754 689 διαπαντὸς
2793 624 2908 694 (19)
2955 621 3214 688 ὑπεράνω
3255 619 3518 692 φέρεσθαι
3551 621 3642 674 τὸν
3687 625 3750 676 ὲκ

2174 717 2348 788 πηλοῦ
2379 721 2475 772 καὶ
2519 718 2748 790 ῥεούσης
2783 717 2914 788 ὕλης
2946 714 3306 783 συγκείμενον
3327 729 3339 742 '
3377 713 3487 765 ἐσθ’
3521 714 3610 766 ὅτε
3639 714 3750 784 (20)

2171 810 2229 864 δὲ
2259 812 2495 874 καὶτοῖς
2523 811 2767 882 ἀρίστοις
2809 808 3099 878 ἐπιφύεται
3140 825 3263 860 τινα
3303 807 3518 877 κηλῖδος
3564 806 3686 876 ἴχνη
3709 809 3747 876 )’

2173 903 2288 957 ἀλλ’
2333 898 2428 958 οὖν
2474 904 2526 957 εί
2557 921 2610 956 τι
2654 902 3079 974 παρηνέχθησαν
3117 900 3597 970 ἐνασχημονῆσαι,
3629 899 3751 964 τοὺς

2173 998 2524 1070 εὐγνώμονας
2553 997 2621 1052 ἂν
2652 997 2761 1050 τῶν
2787 996 2882 1049 τοῦ
2926 996 3051 1049 Νῶε
3094 995 3302 1049 παίδων
3332 993 3445 1063 (2|)
3479 994 3752 1063 ἐμιμησά-

2175 1108 2319 1164 μην,
2366 1091 2460 1146 καὶ
2500 1090 2624 1145 ἀντὶ
2670 1088 3036 1161 περιὸολαίων
3082 1090 3151 1158 τῇ
3193 1087 3370 1156 σιωπῇ
3429 1083 3632 1155 μᾶλλον
3667 1085 3754 1138 καὶ

2171 1185 2562 1254 εὐγνωμοσύνῃ
2581 1183 2678 1254 τὴν
2698 1181 2972 1254 πατρικὴν
3000 1179 3320 1249 ὲπεκάλυψα
3342 1178 3751 1250 ἀσχημοσύνην,

2171 1277 2294 1347 οὐχ)⁹
2322 1275 2367 1328 δ’
2395 1275 2584 1346 ὥσπερ
2615 1275 2679 1328 σὺ
2711 1274 2853 1328 κατά
2885 1273 2978 1326 τὸν
3006 1273 3138 1338 Χάμ
3165 1268 3550 1341 διεπραξάμην
3570 1284 3583 1297 ’
3621 1270 3753 1339 μᾶλ-

2170 1368 2261 1423 λον
2289 1368 2346 1422 δὲ
2376 1369 2441 1421 σὺ
2473 1367 2606 1422 πολὺ
2640 1365 2965 1436 πικρότερον
3005 1365 3212 1418 ἐκείνου
3243 1363 3340 1416 καὶ
3364 1362 3753 1431 ἀναιδέστερον

483 1473 604 1512 rum
638 1475 775 1530 quos
807 1477 990 1529 vocas,
1030 1463 1252 1519 Patrum
1294 1464 1694 1533 turpitudinem
1741 1464 1964 1533 evulgas
1999 1465 2057 1523 ⁷³.

2168 1466 2294 1529 τοὺς
2327 1463 2580 1535 Πατέρας
2620 1462 2714 1527 οὓς
2745 1461 2858 1534 (22)
2888 1461 3069 1527 λέγεις
3100 1459 3182 1522 εἰς
3218 1455 3610 1528 ἀσχημοσύνην
3641 1453 3752 1528 [72]

483 1549 578 1604 llle
613 1552 783 1615 enim,
837 1570 946 1608 non
967 1556 1095 1624 quia
1119 1556 1402 1619 revelavit,
1427 1556 1525 1611 sed
1554 1556 1682 1625 quia
1713 1571 1822 1609 non
1843 1556 2057 1622 velavit,

2171 1555 2506 1626 στηλιτεύεις
2523 1568 2541 1585 ⁶
2562 1554 2590 1606 ό
2615 1553 2716 1624 μὲν
2747 1552 2858 1623 γὰρ
2885 1552 2984 1620 οὐχ
3008 1550 3089 1603 ὅτι
3117 1547 3490 1618 ἀπεκάλυψεν,
3529 1547 3647 1601 ἀλλ’
3675 1548 3753 1602 ὅτι

480 1639 921 1697 tnaledictionem
952 1645 1253 1712 sustinuit;
1288 1656 1348 1700 tu
1381 1660 1513 1700 vero
1541 1654 1598 1699 et
1649 1644 1862 1699 revelas
1899 1653 1956 1700 et
2005 1645 2057 1699 in

2172 1647 2248 1720 μὴ
2276 1646 2621 1717 ὲπεκάλυψε,
2652 1645 2754 1716 τὴν
2787 1644 2928 1714 ἀράν
2959 1643 3185 1713 ὑπέχει’
3217 1641 3282 1695 σὺ
3309 1642 3368 1696 δὲ
3403 1641 3498 1695 καὶ
3537 1641 3752 1696 ἀποκα-

483 1732 586 1786 hac
617 1733 841 1788 audacia
876 1736 1145 1805 gloriaris,
1172 1749 1228 1794 et
1261 1739 1351 1794 ille
1379 1738 1599 1808 quidem
1652 1734 1918 1791 fratribus
1970 1752 2057 1792 ar-

2169 1740 2412 1804 λύπτεις,
2449 1741 2544 1792 καὶ
2574 1737 2814 1809 σεμνύνῃ
2850 1736 2964 1808 (2'5)
2989 1739 3056 1807 τῇ
3082 1735 3287 1808 τόλμῃ·
3323 1734 3420 1787 καὶ
3447 1736 3475 1788 ὁ
3508 1733 3611 1804 μὲν
3645 1736 3751 1797 τοῖς

480 1839 676 1879 (anum
734 1826 924 1892 effert;
965 1837 1024 1883 tu
1077 1845 1206 1886 vero
1228 1847 1338 1886 non
1365 1832 1644 1900 fratribus,
1675 1850 1777 1890 nec
1829 1834 1921 1889 uni
1973 1843 2057 1888 aut

2169 1834 2419 1904 ἀδελφοῖς
2447 1831 2512 1886 τὸ
2548 1833 2864 1902 ἀπόρρητον
2893 1829 3137 1901 ἐκφέρει,
3173 1830 3238 1881 σὺ
3267 1827 3324 1880 δὲ
3347 1827 3449 1880 οὐκ
3477 1825 3750 1894 ἀδελφοῖς,

479 1915 636 1970 alteri
659 1920 783 1980 ;sed
813 1929 1075 1989 quantum
1101 1931 1183 1977 est
1207 1939 1272 1978 ex
1296 1933 1388 1979 tuo
1408 1935 1604 1981 conatu
1624 1936 1679 1981 et
1708 1926 2057 1997 impudentia,

2165 1926 2287 1980 οὐδὲ
2313 1926 2450 1999 πρὸς
2485 1925 2583 1979 ἕνα
2611 1924 2644 1995 ἢ
2671 1925 2800 1987 δύο,
2831 1921 2950 1976 ἀλλ’
2983 1921 3085 1974 ὅσα
3119 1936 3183 1989 γε
3214 1919 3281 1990 τῇ
3319 1920 3384 1988 σῇ
3421 1915 3632 1986 σπουδῇ
3663 1915 3753 1969 καὶ

479 2008 796 2064 universum
856 2013 1012 2081 quasi
1045 2023 1314 2071 terrarum
1381 2019 1571 2074 orbem
1613 2019 1888 2074 theatrum
1931 2034 2057 2074 con-

2163 2016 2524 2089 ἀναισχυντίᾳ
2553 2017 2654 2086 τὴν
2686 2013 3016 2084 οἰκουμένην
3063 2011 3292 2081 θέατρον
3339 2007 3582 2072 καθίζων
3618 2007 3752 2078 μέγα

478 2100 711 2155 stituens
739 2103 942 2173 ingenti
961 2108 1272 2178 promulgas
1296 2109 1553 2177 clamore,
1591 2121 1714 2167 tuos
1731 2111 1920 2168 Patres
1943 2128 2057 2167 sor-

2169 2110 2270 2182 μὲν
2302 2109 2586 2175 σαλπίζεις
2605 2151 2619 2175 ,
2670 2109 2746 2172 ὡς
2777 2109 2824 2161 οἱ
2870 2109 2953 2160 σοὶ
2992 2104 3238 2175 Πατέρες
3268 2099 3748 2173 ’ἐνασχημονοῦσυ

474 2192 637 2248 dibus
666 2194 840 2250 foedos
868 2213 1010 2263 esse,
1040 2208 1097 2254 et
1129 2201 1184 2254 in
1239 2201 1483 2271 ipsorum
1525 2205 1862 2274 turpitudine
1903 2207 2064 2260 luxu—

473 2286 631 2341 riaris
678 2288 1074 2363 (debaccharis)
1105 2303 1160 2349 et
1207 2294 1500 2366 ignominia
1528 2298 1743 2352 illorum
1769 2299 1972 2370 gaudes
2009 2309 2063 2355 et

472 2380 652 2434 socius
675 2383 900 2450 qumris,
925 2399 1023 2453 per
1051 2401 1191 2454 quos
1219 2387 1437 2442 illorum
1463 2389 1704 2445 dedecus
1731 2407 1794 2445 ac
1807 2391 2063 2446 deformi-

473 2480 637 2526 tatem
662 2473 719 2526 in
770 2475 1044 2545 publicam
1067 2477 1264 2534 efferas
1286 2480 1465 2535 lucem
1505 2491 1563 2536 et
1588 2483 1908 2538 solentniter
1965 2499 2059 2539 ce-

471 2563 670 2622 chres.

543 2659 631 2713 Ἡ.
673 2659 818 2715 Dixit
839 2661 1176 2734 Augustinus
1204 2676 1262 2722 et
1317 2666 1686 2739 Hieronymus
1733 2667 1998 2739 Spiritum
2028 2685 2060 2726 ι

470 2749 612 2805 Filio
649 2756 976 2823 procedere.
1033 2757 1102 2812 Et
1136 2761 1281 2815 unde
1326 2771 1509 2830 potest
1563 2763 1751 2818 haberi
1801 2773 1896 2818 aut
1941 2763 2058 2818 dari

470 2841 626 2905 fides,
684 2853 805 2910 post
862 2855 943 2902 tot
992 2864 1165 2904 annos
1227 2851 1465 2921 elapsos,
1501 2869 1614 2908 non
1667 2870 1788 2911 esse
1842 2855 2058 2910 illorum

472 2935 674 3004 scripta
706 2953 803 3006 per
833 2939 1095 2996 malitiam
1126 2941 1464 3012 depravata?
1494 2942 1681 3015 Neque
1721 2946 1869 3002 enim
1909 2947 2057 3003 arbi-

472 3026 604 3080 trari
639 3028 828 3092 debes,
856 3041 909 3086 te
942 3033 1118 3087 solum
1148 3049 1270 3089 esse
1307 3036 1374 3090 ad
1413 3036 1750 3106 impietatem
1785 3037 2056 3092 fervidqu

2162 2202 2569 2271 ἑνασελγαίνεις
2599 2201 2644 2256 δ’
2669 2200 2851 2255 αὐτῶν
2874 2201 2996 2262 ταῖς
3023 2195 3456 2268 ἀσχημοσύναις,
3487 2193 3588 2246 κα)⁸
3623 2210 3749 2262 τρυ-

2165 2297 2273 2366 φᾷς
2311 2295 2411 2366 τὴν
2440 2297 2564 2350 κατ’
2593 2294 2818 2348 ἐκείνων
2847 2293 3095 2362 ἀτιμίαν·
3128 2291 3222 2344 καὶ
3250 2288 3633 2358 συγχορευτὰς
3647 2285 3753 2356 ζη-

2161 2390 2274 2452 τεῖς
2300 2388 2368 2441 δι’
2409 2381 2486 2440 ὧν
2515 2386 2614 2457 τὴν
2659 2385 2882 2438 ἐκείνων
2915 2382 3072 2454 ὓϐριν
3115 2382 3211 2436 καὶ
3245 2378 3644 2451 ἀσχημοσύνην
3678 2376 3753 2440 εις

2161 2479 2222 2533 τὸ
2249 2478 2635 2550 λαμπρότατον
2661 2477 3064 2548 πανηγυρίσεις
3090 2473 3227 2544 (ει).

2231 2685 2330 2733 οαθ.
2365 2675 2491 2750 [ς’.]
2542 2672 2711 2731 Εἶπεν
2755 2677 3121 2744 Αὐγουστῐνος
3166 2674 3266 2730 καὶ
3316 2671 3645 2744 Ἱερώνυμος
3687 2669 3745 2723 τὸ

2162 2769 2392 2840 Πνεῦμα
2432 2772 2499 2823 ἐκ
2529 2769 2626 2822 τοῦ
2661 2768 2796 2822 Υίοῦ
2830 2766 3252 2836 ἐκπορεύεσθαι.
3299 2767 3410 2819 Καὶ
3437 2765 3607 2818 πόθεν
3638 2763 3743 2816 ἐστι

2159 2862 2347 2915 λαϐεῖν
2384 2862 2418 2934 ἢ
2463 2860 2649 2915 δοῦναι
2688 2861 2893 2924 πίστιν,
2925 2859 3180 2914 τοσούτου
3211 2859 3507 2930 ῥεύσαντος
3535 2858 3742 2928 χρόνου,

2158 2952 2241 3006 ὅτι
2286 2951 2361 3023 μὴ
2409 2950 2590 3005 αὐτῶν
2635 2952 3084 3022 κεκακούργηται
3121 2951 3191 3004 τά
3224 2951 3620 3020 συντάγματας
3657 2947 3744 3017 Μὴ

2159 3044 2268 3112 γὰρ
2307 3043 2553 3112 νομίσεις
2590 3043 2701 3115 (25)
2758 3045 2919 3113 μόνον
2951 3043 3145 3097 σαυτὸν
3184 3037 3326 3096 εἶναι
3369 3040 3575 3112 θερμὸν
3616 3039 3746 3111 πρὸς

471 3127 527 3173 et
557 3127 611 3174 te
661 3122 839 3177 solum
889 3125 1093 3179 audere
1134 3142 1246 3180 non
1291 3128 1574 3195 audenda;
1626 3131 1721 3185 sed
1774 3131 1954 3201 potius
1985 3147 2051 3186 ex

2161 3135 2417 3190 ἀσέϐειαν
2464 3137 2562 3191 καὶ
2611 3137 2888 3208 τολμηρὸν
2941 3137 3013 3189 τά
3063 3135 3364 3206 ἀτόλμητα,
3404 3133 3522 3188 ἀλλ’
3556 3135 3625 3186 ὲκ
3654 3131 3746 3200 τῆς

473 3209 578 3263 hac
635 3210 752 3280 ipsa
805 3213 975 3268 animi
1025 3213 1318 3272 affectione
1361 3227 1589 3288 reputa,
1644 3229 1775 3283 tunc
1837 3237 2056 3291 quoque

473 3299 634 3356 facile
668 3302 840 3359 fuisse
871 3306 1253 3362 versutissimo
1278 3309 1498 3380 generis
1544 3311 1771 3367 humani
1809 3312 1952 3368 hosti
1981 3322 2060 3368 ta-

469 3392 615 3447 libus
650 3395 795 3450 vasis
828 3397 1134 3455 abundare.

543 3487 626 3541 72.
670 3489 958 3555 Dixerunt,
993 3509 1133 3563 quos
1160 3503 1217 3549 tu
1248 3495 1512 3562 adducis,
1545 3497 1672 3553 ista.
1716 3497 1873 3563 Quod
1912 3498 1959 3554 si
1987 3499 2058 3554 ob

469 3580 710 3650 aliquam
739 3587 1133 3642 necessitatem
1157 3590 1244 3644 vel
1267 3605 1607 3662 paganorum
1654 3590 1923 3646 insaniam
1957 3606 2059 3660 op-

468 3687 778 3745 pugnantes
806 3680 892 3733 vel
931 3680 1093 3736 aliam
1147 3680 1462 3738 imreticam
1522 3683 1839 3754 opinionem
1894 3683 2057 3741 refel-

468 3764 664 3831 lentes,
697 3769 780 3822 vel
812 3771 1122 3827 auditorum
1149 3774 1494 3845 indulgentes
1531 3775 1836 3830 infirmitati
1865 3778 1948 3831 vel
1983 3777 2055 3831 ob

466 3858 671 3927 aliquid
703 3862 848 3917 aliud
873 3864 958 3919 his
979 3865 1178 3930 simile,
1201 3869 1379 3936 qualia
1400 3868 1580 3922 solent
1605 3869 1788 3924 invita
1813 3870 2054 3926 humana

466 3953 712 4019 quotidie
737 3956 977 4021 evenire,
1000 3958 1068 4021 si,
1101 3958 1346 4028 inquam,
1377 3961 1447 4014 ob
1478 3961 1714 4031 aliquam
1741 3962 1862 4032 ejus
1903 3963 2051 4018 modi

467 4057 685 4098 causam
713 4047 828 4102 sive
863 4050 1026 4105 etiam
1056 4052 1127 4106 ob
1145 4052 1351 4122 plures,
1393 4055 1458 4108 iis
1490 4054 1630 4110 forte
1660 4055 1783 4110 talis
1813 4072 1919 4111 vox
1953 4071 2052 4110 ex-

465 4135 618 4201 cidit,
648 4141 922 4208 quomodo
969 4153 1028 4198 tu
1061 4144 1208 4215 quod
1261 4146 1334 4200 illi
1387 4164 1496 4202 non
1528 4163 1698 4204 sensu
1739 4149 2052 4220 dogmatico

541 4286 587 4318 ⁷³
614 4285 751 4344 Gen.
787 4305 864 4356 ιχ,
890 4290 1078 4347 21-27.

2157 3228 2262 3297 σῆς
2291 3227 2616 3296 ἀναλογίζου
2667 3227 2869 3299 μᾶλλον
2902 3226 3162 3298 γνώμης,
3195 3227 3280 3280 ὅτι
3320 3225 3416 3278 καὶ
3443 3222 3739 3294 τηνικαῦτα

2155 3321 2310 3373 οὐδὲν
2347 3321 2409 3374 τὸ
2439 3321 2650 3375 κωλύον
2675 3317 2743 3394 ἦν
2776 3320 3033 3374 τοιούτων
3077 3321 3292 3373 σκευῶν
3321 3317 3634 3389 εὐπορῆσαι
3658 3317 3738 3369 τὸν

2154 3414 2542 3485 πολυμήχανον
2566 3414 2662 3468 τοῦ
2695 3414 2888 3483 γένους
2918 3413 3113 3485 ἐχθρόν
3146 3411 3278 3484 (26).

2152 3534 2158 3538 -
2229 3505 2346 3579 [75]
2371 3509 2469 3578 οβ’.
2505 3506 2623 3579 [Ch]
2649 3503 2817 3565 Εἶπον
2845 3505 2940 3568 οὓς
2974 3507 3040 3560 σὺ
3068 3507 3249 3575 λέγεις
3268 3504 3465 3560 ταῦτα.
3492 3504 3555 3558 Et
3581 3503 3640 3557 δὲ
3658 3501 3744 3556 διά

2161 3615 2286 3652 τινα
2327 3599 2656 3670 περίστασιν
2681 3599 2715 3668 ἢ
2749 3602 2886 3670 πρὸς
2923 3597 3287 3669 Ἑλληνιστῶν
3331 3596 3744 3666 ἀντιφερόμενοι

2162 3689 2369 3745 λύσσαν
2400 3691 2432 3762 ἢ
2457 3691 2594 3762 πρὸς
2618 3692 2787 3763 ἀλλην
2813 3691 3100 3763 αἱρετικὴν
3119 3691 3506 3761 διαμαχόμενοι
3527 3685 3735 3757 δόξανῆ

2158 3787 2226 3854 τῇ
2281 3782 2391 3837 τῶν
2448 3784 2734 3854 ἀκροατῶν
2789 3784 3324 3852 συγκαταϐαίνοντες
3373 3780 3655 3849 ἀσθενείᾳ,
3701 3777 3738 3848 ἢ

2159 3873 2306 3927 πόσα
2363 3874 2592 3929 τοιαῦτα
2651 3874 3002 3947 καθεκάστην
3064 3878 3094 3928 ό
3147 3874 3487 3946 ἀνθρώπινος
3539 3869 3746 3924 ἐπιδεί-

2159 3985 2320 4022 κνυσι
2348 3967 2461 4038 (27)
2492 3967 2627 4038 βίος·
2657 3969 2708 4022 εἰ
2742 3964 2836 4022 οὖν
2869 3970 3098 4033 ἐκείνοις
3135 3969 3226 4021 διά
3253 3985 3306 4020 τι
3338 3966 3544 4020 τούτων
3570 3963 3688 4036 (28)
3708 3962 3743 4033 ἢ

2159 4058 2256 4112 καὶ
2279 4057 2368 4112 διὰ
2387 4057 2558 4110 πλείω
2581 4059 2841 4130 τοιαύτην
2857 4059 3085 4123 ἐκείνοις
3113 4058 3224 4128 (29)
3245 4059 3468 4126 ἀφεῖναι
3486 4055 3744 4110 συνέπεσε

2147 4148 2367 4220 φωνὴν,
2399 4149 2520 4214 πῶς
2549 4150 2616 4205 σὺ
2648 4151 2712 4206 τὸ
2743 4155 2820 4223 μὴ
2850 4153 2992 4206 κατά
3021 4149 3362 4221 δογματικὴν
3389 4148 3623 4212 ὲκείνοις
3658 4146 3743 4200 ἐν·

1568 4455 1802 4516 νΑΐὶΙίΕ
1837 4459 2238 4518 LECTIONES
2280 4462 2368 4517 ET
2407 4461 2639 4519 NOTAE.

533 4613 647 4684 (19)
675 4613 793 4669 Col.
820 4615 906 4668 διὰ
927 4617 1152 4680 παντός.

532 4686 642 4749 (‘20)
678 4684 851 4741 Vatic.
886 4686 999 4740 ἔσθ’
1027 4689 1138 4740 ὅτε.

533 4757 643 4823 (21)
679 4756 817 4812 Gen.
852 4774 927 4822 Ix,
955 4758 1149 4812 εει-27.

531 4826 644 4893 (22)
673 4827 844 4883 Vatic.
874 4829 970 4891 ὠς.
1000 4829 1118 4883 Col.
1151 4842 1206 4897 p.
1235 4828 1340 4883 500
1371 4847 1383 4882 :
1417 4827 1511 4892 ὡς.

532 4898 643 4973 (:23)
682 4897 849 4973 Palat.
883 4899 923 4953 f.
952 4901 1058 4973 2.77
1088 4916 1141 4962 a,
1167 4901 1492 4972 ἐνσεμνύνῃ.
1527 4899 1646 4955 Col.
1679 4901 1936 4973 ὲνσέμνῃ.
1967 4903 2050 4958 Ad

461 4968 763 5040 margian
791 4972 912 5021 ἐνσε
923 4971 1122 5040 μνύσῃ.

536 5037 647 5105 (2t)
678 5037 867 5114 Ep.__ad
896 5037 1454 5114 equileijmmediate
1479 5049 1605 5114 post
1635 5041 1802 5114 verba
1830 5044 1897 5098 ad
1927 5060 2047 5114 cap.

461 5107 550 5169 66,
597 5116 722 5161 nota
769 5109 802 5162 5
845 5107 1076 5166 adducta
1121 5132 1134 5167 :
1175 5107 1496 5175 Δεικνύντεξ
1537 5112 1737 5175 αὐτοὺς
1771 5107 2052 5169 κάνταῦθα

461 5177 721 5257 γνησίους
740 5179 834 5257 τοῦ
860 5181 990 5250 Χὰμ
1009 5184 1282 5257 μαθητὰς,
1305 5184 1365 5257 ὃς
1385 5181 1605 5257 τῂνῌτοῦ
1637 5184 1848 5257 πατρδς
1876 5186 2048 5257 ἀσχη-

464 5247 704 5325 μοσύνην
738 5251 796 5301 οὗ
817 5247 1222 5325 Δσυνεκξῑιλυῷεν
1248 5247 1504 5325 ,ἀναιδεῖ
1543 5253 1619 5325 δὲ.
1646 5247 1928 5325 προσώπῳ
1950 5247 2048 5310 ’δί-

462 5317 780 5393 εχλεύασενί
807 5320 920 5393 ἀλλ’
959 5324 1008 5374 οί
1041 5317 1146 5392 τῆξ
1170 5324 1498 5391 Ἐκκλησίας
1529 5317 1787 5393 τρόφιμοι
1815 5317 1910 5378 καῖ
1938 5327 2048 5380 τῶν

464 5389 1020 5464 ἱερῶῃνῇμαθημάτων
1065 5389 1166 5449 οὖκ
1216 5389 1581 5463 ἐπιλήσμονεᾲ
1616 5389 1767 5464 ,κατά
1798 5397 1888 5449 τὸν
1927 5398 2050 5464 Σὴμ

460 5461 558 5512 καὶ
591 5459 768 5534 uagae
795 5464 887 5514 καὶ
909 5462 1006 5530 τὴν
1026 5466 1298 5534 πατρικὴν
1336 5459 1730 5534 ἀσχημοσύνην
1788 5459 2050 5521 ἐπικαλύ-

459 5546 621 5606 πτειν
654 5530 1001 5606 ἐπίστανται,
1033 5530 1281 5597 καιτοὺὲς
1322 5530 1564 5604 μιμητὰς
1587 5530 1694 5588 τοῦ
1712 5534 1842 5606 Χάμ
1883 5554 2054 5591 κατα-

459 5600 824 5674 γινιρσέκορθτες
857 5605 1312 5674 ἀποστρέφονται.

538 5670 649 5806 $25)
679 5671 794 5726 Col.
826 5670 1076 5746 νομίσῃξ.

559 5741 650 5804 26)
691 5741 770 5794 En
814 5742 1044 5798 Photius

559 5741 650 5821 2ο)
691 5741 770 5820 En
814 5741 1044 5798 Ph'otiu's
1086 5746 1208 5800 sine
1250 5747 1448 5802 tabulis
1477 5751 1792 5821 ct_testibus
1824 5750 2044 5805 Latinos

463 5824 590 5866 reos
615 5819 856 5868 insinuat
873 5826 1255 5888 corruptorum
1285 5834 1504 5875 suorutn
1530 5819 1749 5878 Patrum
1771 5830 2016 5878 textuutn

2079 4626 2123 4680 Ι)
2153 4623 2218 4678 Ει
2243 4639 2374 4678 sane
2405 4625 2593 4691 plures
2624 4624 2960 4693 posteriores
2981 4621 3152 4678 Graeci
3178 4622 3753 4693 contendebanttﬁu-

2150 4695 2353 4764 gustini
2384 4691 2698 4749 testimonia
2728 4695 2797 4749 de
2821 4694 3173 4763 processione
3200 4693 3437 4760 Spiritus
3464 4693 3520 4746 S.
3549 4709 3581 4746 a
3615 4691 3754 4746 Filio

2148 4763 2218 4817 ab
2245 4765 2602 4819 additamenti
2626 4765 2933 4820 fautoribus
2955 4765 3126 4818 ellicta
3151 4771 3205 4818 et
3234 4763 3612 4818 fraudulenter
3632 4763 3754 4829 ejus

2147 4835 2303 4890 libris
2329 4836 2534 4890 inserta
2564 4835 2753 4896 fuisse,
2780 4836 2908 4890 dum
2933 4835 3018 4888 alii
3051 4834 3186 4888 alias
3212 4834 3329 4888 vias
3354 4834 3614 4888 inierunt.
3633 4835 3752 4899 Qua

2148 4906 2216 4958 de
2247 4921 2305 4959 re
2332 4905 2585 4960 conferas
2629 4906 2886 4959 Allatium
2923 4913 3112 4959 contra
3159 4905 3464 4973 Hottinger.
3513 4920 3567 4972 p.
3612 4907 3752 4959 299—

2149 4976 2274 5030 509.
2306 4976 2418 5031 Nos
2451 4977 2541 5031 hic
2575 4978 2740 5030 unius
2769 4975 2933 5029 Marci
2971 4976 3192 5043 Ephesii
3234 4975 3398 5029 verba
3435 4975 3751 5036 referimus,

2148 5047 2241 5116 qui
2269 5049 2321 5100 in
2352 5047 2715 5100 Confessione
2744 5047 2922 5116 (apud
2949 5047 3178 5116 Griegor.
3205 5045 3325 5114 Cpl.
3357 5045 3577 5116 Apolog.
3609 5061 3750 5116 cgn-

2149 5125 2232 5172 tra
2265 5119 2444 5172 eamd.
2474 5117 2607 5172 (30d.
2643 5115 2852 5170 Monac.
2882 5117 2974 5180 27.
3012 5115 3053 5171 f.
3075 5115 3179 5171 ⁷151
3218 5117 3273 5184 1))
3330 5115 3591 5184 scripsit:
3637 5115 3752 5175 Τάς

2149 5187 2208 5240 δὲ
2238 5187 2346 5240 τῶν
2375 5186 2610 5258 δυτικῶν
2646 5188 2910 5258 Πατέρων
2941 5188 3032 5239 καὶ
3065 5186 3620 5258 διδασκάλωνφωνάς
3642 5186 3751 5258 ta!

2151 5259 2250 5327 τὴν
2299 5259 2478 5312 αἰτίαν
2523 5257 2619 5310 τοῦ
2664 5255 2983 5326 Πνεῦματος
3025 5257 3116 5328 τῷ
3154 5257 3270 5328 Υίῷ
3313 5256 3569 5322 διδόασιν,
3619 5255 3750 5328 οὔτε

2151 5326 2405 5399 γνωρίζω
2449 5328 2586 5392 (καὶ
2624 5329 2734 5397 γάρ
2785 5328 2908 5380 οὐδὲ
2958 5326 3375 5399 μετεϐλήθησάν
3420 5344 3550 5378 ποτε
3604 5326 3750 5399 πρδς

2152 5399 2251 5468 τὴν
2273 5396 2573 5468 ’ἡμετέραν
2609 5396 2892 5466 γλῶτταν,
2923 5396 3030 5468 οὐδ’
3061 5399 3169 5450 ὑπὸ
3200 5398 3310 5450 τῶν
3347 5396 3750 5465 οίκουμενικῶν

2156 5466 2389 5522 συνόδων
2417 5466 2904 5540 ἐδοκιμάσθησαν),
2938 5466 3063 5521 οὒτε
3095 5468 3480 5540 ,παραδέχομαι
3509 5484 3746 5534 τεκμαι-

2157 5487 2389 5522 συνοοων
2417 5487 2582 5522 εοοκιι
2613 5487 2856 5538 ασυησαν
2890 5509 2904 5532 ,
2938 5487 3063 5521 ουτε
3101 5487 3480 5540 παραοεχομαι
3509 5487 3746 5534 τεκμαι-

2157 5541 2418 5611 ρόμενος,
2454 5541 2537 5592 ὂτι
2567 5487 2963 5611 διεφθαρμέναι
3005 5539 3117 5592 εἰσὶ
3157 5541 3250 5595 καὶ
3294 5539 3746 5611 παρέγγραπτοι.

2249 5610 2339 5673 27)
2376 5611 2492 5666 Col.
2529 5610 2922 5663 ἐπιδείκνυται.

2251 5681 2342 5749 28)
2383 5680 2548 5735 Palat.
2589 5679 2630 5735 Τ.
2664 5681 2770 5736 237
2806 5680 2860 5733 b.
2889 5679 2981 5732 διά
3006 5697 3090 5732 τοι
3120 5698 3169 5735 τ.

2225 5750 2336 5824 (29)
2379 5750 2639 5816 Ἐκείνοις
2665 5751 2755 5808 hic
2784 5751 3075 5807 redundat.
