3956 6448
274 375 389 438 353

1365 380 1461 439 DE
1503 380 1562 439 S.
1604 374 1964 436 SPIRITUS
2001 372 2512 436 MYSTAGOGIA.

3468 380 3585 445 354»

273 506 436 541 νοιαν
474 488 790 560 εἰρημένον,
819 489 1013 560 δόγμα»
1035 489 1131 542 καὶ
1158 490 1323 560 νόμον
1357 490 1529 544 ποιῶν
1564 488 1748 558 σαυτῷ
1783 487 1867 558 μὲι

1986 486 2465 555 pronuntiarunt,
2524 502 2622 557 pro
2657 488 2910 561 dogmate
2960 506 3025 547 ac
3057 490 3177 564 lege
3224 508 3447 550 sumens
3479 498 3574 551 tibi

271 578 588 649 άνοήθητον
626 580 743 649 (50)
785 580 885 649 τὴν
928 578 1208 632 ἀπώλειαν
1243 578 1510 646 ἐπάγεις,
1554 576 1797 638 ἐκείνους
1825 573 1884 627 δὲ

278 674 693 743 συγκατασπᾷν
722 675 787 743 τῇ
818 675 884 743 σῇ
918 673 1249 741 φιλονεικεῖς
1283 672 1515 743 ἀπονοίᾳ
1543 670 1689 740 (51);

346 765 456 833 ογ¹.
512 764 634 837 [η’.]
676 760 847 817 Εἶπεν
881 766 908 817 ὀ
962 765 1062 831 τῆς
1109 764 1437 835 οἰκουμένης
1482 761 1663 835 κήρυξ
1708 764 1736 816 6
1772 758 1883 814 τῶν

270 859 618 927 ἀπορρήτων
660 857 898 927 θεωρὸς,
934 857 961 908 6
1007 856 1106 927 τὴν
1152 857 1506 928 ἀνθρωπίνην
1553 857 1717 924 φύσιν
1768 855 1884 916 τοῖς

269 949 399 1001 καθ’
432 949 630 1002 ἑαυτὸν
659 949 1009 1017 ἐξευγενίσας
1045 949 1288 1019 τρόποις·
1324 945 1479 1002 εἶπεν
1507 950 1714 1010 ἐκεῖνος
1744 943 1882 1016 πρὸς

243 1043 399 1115 ,τοὺς
430 1040 787 1109 Ἑλληνιστάς
805 1041 986 1111 πολλῷ
999 1040 1075 1111 τῷ
1099 1041 1243 1110 λόγῳ
1264 1040 1486 1111 ῥέοντας
1514 1038 1879 1110 ἀντιφερόμεο

269 1156 359 1202 νος
399 1138 501 1190 καὶ
545 1138 647 1208 τὴν
699 1138 927 1190 ἐκείνων
966 1138 1139 1206 ὀφρὺν
1177 1136 1291 1189 ἀνω
1346 1136 1670 1205 τεινομένην
1726 1135 1880 1190 κάτω

274 1231 712 1298 παρασκευάσας
740 1229 939 1294 νεύειν,
975 1228 1176 1298 μᾶλλον
1205 1228 1263 1280 δέ
1293 1229 1432 1299 πρὸς
1464 1228 1566 1299 τὴν
1594 1228 1879 1281 ἀσθένειαν

270 1320 457 1374 αὐτῶν
495 1320 832 1389 συγκατιὼν,
868 1320 922 1375 τί
961 1317 1118 1385 εἶπε;
1161 1321 1557 1389 Διερχόμενος
1598 1320 1699 1373 καὶ
1733 1321 1879 1373 ἁνα-

268 1412 510 1481 θεωρῶν
537 1415 609 1467 τὰ
640 1413 993 1483 σεϐάσματα
1014 1413 1205 1479 ὑμῶν,
1230 1410 1413 1483 εὗρον
1441 1415 1539 1467 καὶ
1569 1413 1782 1481 βωμὸν
1808 1412 1879 1466 ἐν

266 1501 317 1573 ᾧ
349 1508 826 1576 ,ἐπεγέγραπτο-
909 1507 1216 1577 Ἀγνώστῳ
1291 1507 1415 1573 Θεῷ
1438 1521 1452 1535 ⁶
1492 1506 1566 1560 ὃν
1605 1502 1721 1561 οὖν
1769 1506 1877 1575 ἀγ-

268 1600 571 1663 νοοῦντες
628 1599 963 1663 εὐσεϐεῖτε,
1014 1600 1235 1655 τοῦτον
1284 1601 1402 1670 ἐγὼ
1489 1600 1878 1668 καταγγέλλω

266 1690 415 1759 ὑμῖν
440 1690 580 1759 (52).
608 1691 674 1743 Τί
703 1688 830 1757 οῦν;
856 1691 937 1743 Δι’
964 1685 1040 1745 ὧν
1069 1692 1173 1761 τῆς
1217 1692 1330 1763 (55)
1374 1692 1487 1765 [74]
1549 1691 1877 1761 Ἐκκλησίας

265 1785 293 1834 6
326 1783 661 1847 διδάσκαλος
692 1786 821 1849 τοὺς
867 1786 1137 1855 Ἐλλήνων
1171 1785 1373 1854 σοφοὺς
1403 1784 1602 1855 ἐθήρα,
1637 1785 1734 1838 καὶ
1773 1783 1873 1851 τῆς
1899 1817 1947 1877 Β

262 1876 533 1940 ἀσεϐείας
565 1878 702 1947 πρὸς
732 1878 833 1947 τὴν
878 1878 1164 1931 εὐσέϐειαν
1206 1876 1571 1948 ἐχειραγώγει
1611 1878 1706 1930 καὶ
1738 1893 1870 1946 μετ-

264 1965 459 2035 έφερε,
492 1966 673 2019 ταῦτα
700 1967 765 2021 σὺ
795 1967 972 2037 δόγμα
1000 1970 1409 2038 (55’)ποιήσεις,
1441 1970 1538 2021 καὶ
1571 1967 1869 2039 κηρύττειν

262 2059 572 2127 τολμήσεις
586 2060 681 2113 τὸν
704 2060 1040 2131 καθαιρέτην
1060 2061 1168 2115 τῶν
1195 2061 1428 2115 εἰδώλων
1452 2061 1868 2130 καταγγέλλειν,

266 2150 318 2201 ὃν
341 2151 577 2203 ἐσέϐετο
630 2153 727 2205 καὶ
775 2153 1060 2222 ὠνόμαζεν
1114 2154 1143 2205 ὁ
1197 2154 1549 2225 Ἑλληνισμὸς
1595 2155 1872 2219 ἄγνωστον

263 2240 429 2305 eam;
456 2243 535 2294 Ού
557 2244 663 2312 γάρ
686 2243 995 2314 θαυμαστόν
1018 2262 1113 2297 σου
1131 2246 1192 2299 τὸ
1212 2246 1313 2316 τῆς
1337 2246 1530 2313 σοφίας
1545 2246 1870 2316 δραστήριον

264 2334 369 2385 καί
402 2335 515 2388 τῶν
549 2336 902 2407 κακοσχόλων
932 2340 966 2408 ἡ
999 2339 1176 2406 πλοκὴ
1201 2340 1580 2410 σοφισμάτων.
1622 2340 1869 2409 Ἀνειμέ-

267 2439 365 2487 νος
390 2422 461 2495 ἦν
483 2427 511 2477 ὀ
540 2427 719 2497 βωμὸς
746 2427 825 2497 τῷ
846 2429 984 2483 Πανί
1002 2430 1143 2500 (54)·
1165 2432 1198 2501 ή
1227 2430 1284 2484 δὲ
1306 2432 1416 2485 τῶν
1440 2430 1682 2504 Ἀθηνῶν
1712 2431 1867 2493 πόλις

267 2519 376 2571 τοῦ
408 2523 715 2590 τιμωμένου
746 2524 888 2587 τέως
919 2524 993 2594 μὴ
1028 2526 1304 2588 συνιέντες
1332 2527 1392 2579 τὸ
1419 2525 1591 2597 ὄνομα
1623 2527 1867 2596 ἐπέγρα-

262 2628 374 2679 φον
407 2612 487 2681 τῷ
531 2613 723 2684 βωμῷο
790 2615 1095 2684 Ἂγνὼστῳ
1128 2616 1269 2682 Θεῷ.
1317 2619 1470 2671 Ἐπεὶ
1512 2619 1621 2689 γὰρ
1654 2620 1719 2670 ἐκ
1759 2618 1869 2671 τῶν

262 2706 641 2775 προφητικῶν
671 2708 942 2777 χρησμῶν
981 2709 1076 2761 καὶ
1102 2709 1211 2761 τῶν
1239 2710 1594 2764 Δεσποτικῶν
1622 2710 1817 2779 λογίων
1840 2711 1871 2762 6

260 2796 582 2864 περιδέξιος
612 2801 821 2862 ἐκεῖνος
851 2801 948 2854 καί⁸
976 2801 1228 2870 οὐράνιος
1254 2802 1544 2873 ἄνθρωπος
1577 2803 1653 2875 μὴ
1685 2802 1870 2855 πειθό-

264 2906 435 2959 μενον
463 2892 624 2961 ἐώρα
640 2892 702 2947 τὸ
739 2893 1073 2965 Ἑλληνικὸν,
1103 2895 1162 2962 ἐξ
1192 2896 1371 2950 αὐτῶν
1394 2898 1591 2960 αὐτοὺς
1612 2896 1721 2952 τῶν
1753 2896 1870 2951 θεο-

267 2979 487 3045 πυγῶν
520 2982 892 3052 σεϐασμάτων
925 2986 1006 3048 εἰς
1030 2985 1090 3037 τὸ
1118 2984 1215 3038 τοῦ
1252 2988 1600 3059 Δημιουργοῦ
1632 3005 1870 3057 μετακα-

267 3068 438 3125 λεῖται
489 3072 684 3136 σέϐας
721 3073 781 3138 ἐξ
812 3075 991 3129 αὐτῶν
1025 3077 1133 3129 τῶν
1164 3077 1259 3130 τοῦ
1292 3078 1543 3133 διαϐόλου
1574 3097 1868 3151 προγράμ-

1987 578 2209 648 quidem
2255 579 2356 649 ipsi
2392 581 2805 651 irreparabilem
2856 599 3013 639 creas
3054 586 3397 654 perniciem,
3451 589 3573 645 illos

1985 687 2118 727 vero
2142 674 2198 727 in
2225 683 2374 728 tuam
2404 675 2660 744 abripere
2695 676 2977 731 vesaniam
3012 679 3337 733 contendis?

2065 768 2154 821 75.
2197 768 2344 822 Dixit
2372 769 2522 853 orbis
2553 777 2822 823 terrarum
2864 786 3063 839 praeco,
3095 787 3422 827 arcanorum
3445 788 3580 827 con-

1986 861 2296 931 templator,
2347 861 2439 931 qui
2472 862 2768 915 humanam
2809 872 3064 917 naturam
3106 864 3412 934 insignibus
3464 866 3579 920 suis

1981 954 2230 1010 moribus
2266 954 2598 1019 nobilitavit,
2625 955 2763 1008 dixit
2795 955 2883 1009 ille
2917 955 3184 1009 adversus
3210 958 3576 1013 Athenienses

1981 1056 2179 1102 ornato
2209 1062 2272 1100 ac
2302 1045 2470 1100 fluido
2497 1045 2710 1100 dicendi
2740 1061 2940 1116 genere
2967 1047 3234 1115 pollentes
3265 1048 3572 1117 disputans,

1981 1140 2309 1209 illorumque
2344 1139 2559 1193 animos
2593 1138 2828 1191 nimium
2890 1138 3061 1192 elatos
3123 1140 3457 1194 submittens
3509 1155 3573 1195 ac

1980 1232 2296 1301 deprimens
2327 1273 2343 1298 ,
2389 1231 2499 1284 imo
2559 1229 2742 1300 potius
2799 1229 2867 1283 ad
2932 1229 3154 1283 illorum
3200 1230 3570 1284 inﬁrmitatem

1980 1340 2101 1379 sese
2130 1324 2578 1387 accommodans,
2629 1322 2762 1392 quid
2795 1323 2957 1392 igitur
2983 1322 3158 1377 dixit?
3188 1323 3504 1377 Prmteriens
3524 1333 3573 1375 et

1978 1418 2161 1470 videns
2184 1417 2477 1469 simulacra
2501 1425 2697 1477 vestra,
2734 1417 2908 1469 inveni
2941 1425 2991 1468 et
3023 1432 3177 1468 aram
3202 1418 3383 1479 inqua
3443 1418 3576 1470 scri-

1977 1520 2123 1577 ptum
2150 1518 2264 1563 erat
2282 1525 2299 1561 :
2318 1508 2503 1578 Ignoto
2522 1508 2649 1562 Deo.
2670 1510 2836 1572 Quem
2862 1508 3028 1578 igitur
3047 1508 3348 1576 ignorantes
3374 1508 3569 1569 colitis,
3620 1500 3625 1509 ’

1977 1603 2114 1655 hunc
2166 1618 2261 1672 ego
2303 1602 2562 1655 annuntio
2612 1600 2834 1656 vobis”.
2877 1599 3018 1666 Quid
3074 1600 3273 1669 igitur?
3318 1598 3415 1663 Ea,
3470 1616 3574 1670 per

1977 1710 2098 1764 quae
2152 1693 2354 1748 Paulus
2406 1694 2661 1748 Ecclesiae
2698 1692 2889 1747 doctor
2937 1691 3213 1761 sapientes
3253 1690 3570 1747 Graecorum

1977 1787 2356 1856 aucupabatur
2384 1797 2547 1856 atque
2573 1802 2637 1840 ex
2664 1785 2945 1855 impietate
2978 1785 3046 1838 ad
3083 1784 3341 1854 pietatem
3369 1800 3567 1838 manu-

1975 1880 2184 1934 ducens
2208 1877 2751 1942 transferebat.haac,
2780 1876 3029 1947 inquam,
3079 1885 3133 1929 tu
3182 1890 3281 1945 pro
3314 1875 3569 1945 dogmate

1974 1972 2210 2042 accipies
2274 1980 2332 2026 et
2384 1986 2631 2026 asserere
2667 1970 2917 2030 audebis,
2977 1984 3007 2023 a
3066 1968 3236 2022 Paulo
3296 1967 3565 2021 idolorum

1972 2081 2229 2121 eversore
2254 2064 2408 2119 illum
2444 2063 2748 2135 praedicari,
2781 2079 2942 2132 quem
2968 2062 3254 2131 gentilium
3290 2076 3446 2115 error
3472 2076 3569 2115 co-

1972 2158 2117 2213 lebat
2166 2158 2594 2226 nominabatque
2651 2156 2900 2226 ignotum
2957 2153 3167 2208 Deum?
3232 2151 3353 2207 Non
3414 2154 3564 2207 enim

1970 2249 2110 2303 mira
2139 2248 2401 2302 accedere
2432 2246 2593 2300 nobis
2621 2245 2786 2298 debet
2814 2245 2892 2298 tui
2939 2243 3141 2314 ingenii
3186 2243 3239 2297 in
3278 2243 3565 2298 fallacibus

1972 2340 2197 2410 argutiis
2238 2339 2570 2395 consuendis
2614 2337 2857 2392 solertia.
2906 2337 3160 2391 Erectum
3221 2347 3338 2391 erat
3389 2338 3563 2391 altare

1971 2432 2104 2488 illud
2134 2432 2299 2498 Pani;
2332 2432 2465 2486 urbs
2490 2439 2674 2485 autem
2711 2431 3051 2485 Athenarum
3081 2444 3279 2484 nomen
3311 2429 3430 2497 ejus
3466 2430 3563 2498 qui

1972 2530 2028 2583 in
2080 2544 2148 2583 eo
2198 2526 2478 2582 colebatur
2537 2524 2756 2580 interim
2828 2524 3088 2594 ignorans
3141 2522 3496 2592 inscripserat
3543 2540 3558 2576 :

1969 2620 2158 2690 Ignoto
2198 2619 2327 2673 Deo.
2375 2616 2493 2671 Jam
2541 2630 2674 2670 vero
2731 2613 2989 2684 quoniam
3042 2627 3111 2667 et
3165 2614 3561 2683 prophetarum

1970 2712 2210 2767 oraculis
2254 2710 2569 2779 Christique
2619 2707 2837 2762 Domini
2895 2706 3130 2775 eloquiis
3170 2706 3418 2776 egregius
3468 2707 3563 2761 ille

1972 2805 2320 2875 cmlcstisque
2390 2803 2474 2857 vir
2526 2801 2779 2866 videbat,
2849 2800 3265 2868 haudquaquam
3334 2799 3566 2869 gentiles

1970 2898 2139 2963 ﬂecti,
2170 2914 2235 2953 ex
2262 2897 2515 2966 ipsismet
2538 2895 2893 2951 exsecrandis
2916 2894 3224 2950 simulacris
3257 2894 3322 2947 ad
3352 2893 3561 2948 cultum

1973 3001 2072 3041 eos
2131 2994 2353 3040 revocat
2404 2985 2744 3049 Conditoris,
2794 2996 2850 3039 et
2908 3000 2973 3039 ex
3005 2985 3137 3054 ipsis
3193 2984 3394 3038 diaboli
3432 2999 3563 3053 pro-

1972 3076 2368 3149 grammatibus
2414 3077 2706 3146 potestatis
2741 3076 2987 3145 ejusdem
3025 3076 3368 3147 tyrannidem
3413 3092 3564 3130 con-

267 3164 455 3231 μάτων
483 3165 593 3232 τῆς
621 3164 789 3219 αὐτοῦ
819 3167 1258 3239 καταψηφίζεται
1287 3172 1625 3241 τυραννίδοςθ
1660 3173 1726 3226 ἐκ
1757 3173 1863 3226 τῶν

1972 3171 2221 3233 demnat,
2274 3184 2340 3222 ex
2411 3168 2769 3223 munimentis
2815 3169 2937 3237 ejus
3008 3167 3322 3222 fortissimis
3395 3168 3564 3223 robur

257 3255 655 3324 ὀχυρωμάτων
682 3260 1056 3329 καταστρέφει
1089 3261 1149 3314 τὸ
1176 3263 1381 3332 κράτος
1408 3264 1574 3317 αὐτοῦ
1596 3266 1696 3335 τῆς
1727 3263 1876 3331 ἐξου-

259 3348 383 3409 σίας
410 3364 427 3377 α
462 3349 580 3401 ἀπὸ
620 3353 721 3418 τῆς
769 3352 981 3422 πλάνης
1015 3358 1256 3424 γεωργεῖ
1299 3357 1405 3426 τὴν
1439 3356 1752 3412 εὐσέϐειαψ
1807 3358 1873 3411 ἐκ

256 3441 351 3511 τῆς
378 3441 675 3506 ἀπωλείας
712 3442 977 3510 βλαστοὺς
1004 3448 1138 3515 ἡμῖν
1169 3448 1539 3520 προϐάλλεται
1568 3450 1865 3520 σωτηρίαςο

256 3534 318 3585 ἐκ
346 3536 459 3603 τῆς
487 3534 591 3586 τοῦ
616 3534 866 3590 διαϐόλου
895 3538 1126 3605 παγίδος
1155 3541 1236 3601 εἰς
1276 3519 1369 3593 τὸν
1396 3540 1597 3612 δρόμον
1627 3519 1871 3612 ἐνισχύει

255 3624 350 3677 τοῦ
385 3626 773 3694 Εὑαγγελίουο
804 3629 1031 3698 βαλϐίδα
1071 3634 1312 3687 ποιεῖται
1359 3634 1458 3704 τὴν
1483 3634 1732 3707 κορυφὴν
1768 3637 1872 3705 τῆς

256 3719 616 3782 ἀποστασίας
660 3720 763 3790 τῆς
800 3722 1042 3787 εἰσόδου,
1088 3721 1157 3775 δι’
1196 3719 1265 3795 ἧς
1297 3720 1368 3794 ἦν
1414 3726 1599 3790 αὐτοῖς
1642 3728 1725 3787 εἰς
1776 3728 1870 3781 τὸν

257 3814 541 3883 νυμφῶνα
570 3814 811 3883 Χριστοῦ
850 3816 945 3870 καὶ
979 3816 1077 3888 τὴν
1110 3818 1377 3888 ἄχραντον
1418 3819 1586 3873 αὐτοῦ
1619 3820 1869 3873 παστάδα

265 3906 539 3959 εἰσελθεῖν
576 3908 676 3978 τὴν
720 3910 1052 3981 Ἐκκλησίαν
1082 3910 1219 3983 (55).
1254 3912 1444 3975 Οῦτως
1491 3912 1558 3985 ῆν
1603 3915 1811 3977 ἐκεῖνος
1841 3915 1870 3967 6

265 4000 573 4068 μετάρσιος
622 3998 749 4062 νοῦς
797 4001 886 4055 διὰ
934 4003 1043 4056 τῶν
1086 4004 1269 4057 ὅπλων
1316 4004 1413 4058 τοῦ
1462 4006 1659 4077 ἐχθροῦ
1703 4007 1868 4061 αὑτὸν

260 4089 748 4160 κατατιτρώσκειν
780 4093 872 4148 τὸν
911 4094 1106 4166 ἐχθρὸν
1145 4096 1240 4149 καὶ
1281 4094 1395 4168 [75]
1435 4098 1863 4168 αἰχμαλωτίζειν

255 4182 605 4254 δραστήριός
632 4202 692 4237 τε
731 4188 827 4240 καὶ
858 4188 963 4258 τὴν
990 4189 1198 4243 ἄνωθεν
1234 4190 1413 4260 ἐαυτῷ
1454 4192 1643 4261 φέρειν
1685 4191 1860 4260 ἰσχύι.

257 4274 319 4326 Τί
364 4273 499 4341 οὖνς
537 4275 691 4328 Διότι
721 4277 946 4343 ιΠαῦλος
974 4281 1087 4344 τοῖς
1124 4280 1312 4344 ὅπλοις
1358 4279 1453 4333 τοῦ
1493 4280 1691 4353 ἐχθροῦ
1730 4284 1865 4337 καθ-

320 4472 375 4502 ’δ
410 4474 541 4527 Act.
572 4488 711 4540 xvn,
732 4474 824 4531 23.

1965 3264 2252 3333 potestatis
2279 3263 2451 3333 ipsius
2488 3262 2708 3327 evertit,
2743 3262 2813 3316 ab
2853 3276 3038 3316 errore
3079 3262 3235 3317 metit
3262 3262 3557 3329 pietatem,

1962 3373 2029 3411 ex
2058 3355 2370 3426 perditione
2398 3354 2645 3427 germina
2678 3356 2840 3409 nobis
2890 3355 3081 3410 salutis
3112 3354 3342 3423 profert,
3375 3368 3405 3407 e
3436 3352 3559 3407 dia-

1961 3451 2069 3507 boli
2100 3451 2293 3520 laqueo
2320 3450 2389 3505 ad
2417 3465 2641 3505 cursum
2675 3449 2956 3520 Evangelii
2988 3449 3226 3514 excitat;
3281 3462 3555 3502 summum

1960 3542 2290 3597 defectionis
2350 3540 2610 3597 verticem
2659 3541 2762 3595 vise
2820 3541 2953 3595 facit
2985 3540 3241 3604 initium,
3285 3554 3391 3607 qua
3451 3537 3556 3607 ipsi

1959 3641 2195 3702 possent
2222 3632 2281 3685 in
2312 3630 2641 3695 Ecclesiam,
2674 3630 3031 3699 purissimum
3053 3638 3216 3698 atque
3254 3628 3559 3681 intemera-

1959 3733 2076 3779 tum
2112 3723 2317 3779 Christi
2350 3724 2673 3787 thalamum,
2712 3721 2946 3792 ingredi.
2975 3721 3128 3775 Adeo
3156 3720 3395 3790 pollebat
3429 3719 3558 3774 sub-

1959 3816 2106 3872 limis
2159 3816 2254 3870 illa
2290 3831 2447 3871 mens
2481 3831 2580 3886 per
2604 3818 2719 3886 ipsa
2741 3814 2951 3869 inimici
2979 3830 3129 3868 arma
3158 3814 3335 3883 ipsum
3370 3813 3556 3868 inimi-

1956 3926 2081 3965 cum
2143 3908 2439 3963 confodere
2494 3924 2558 3963 ac
2618 3907 2894 3977 subigere.
2951 3905 3094 3970 Quid
3149 3904 3352 3977 igitur?
3418 3903 3554 3971 Quia

1956 4004 2159 4058 Paulus
2188 4003 2359 4057 armis
2384 4000 2598 4056 inimici
2642 4002 2849 4056 delevit
2878 4000 3160 4054 inimicum
3186 4041 3201 4064 ,
3246 3999 3442 4053 ideone
3494 4007 3553 4053 tu

1963 4096 2174 4149 honore
2200 4110 2350 4148 arma
2373 4093 2580 4148 inimici
2610 4092 2963 4163 prosequeris
3008 4100 3066 4146 et
3109 4091 3293 4145 divina
3334 4104 3554 4144 nuncu-

1963 4188 2120 4258 pabis
2138 4202 2311 4251 arma,
2345 4196 2507 4256 atque
2534 4186 2588 4240 in
2612 4195 2760 4240 tuam
2784 4184 2955 4254 ipsius
2982 4183 3272 4254 protrudes
3310 4182 3557 4238 caedem?

1965 4283 2036 4338 Et
2067 4291 2201 4352 quot
2230 4282 2334 4336 alia
2368 4280 2569 4336 similia
2600 4277 2854 4351 exempla
2876 4278 3021 4349 apud
3062 4277 3229 4344 hunc,
3254 4276 3345 4347 qui
3368 4275 3554 4330 omnia

1342 4634 1582 4694 VARUE
1623 4636 2010 4695 LECTIONES
2046 4639 2136 4694 ET
2165 4637 2398 4695 NOTAE.

324 4797 448 4867 (50)
482 4794 638 4867 ort.
670 4793 994 4865 ἀϐοήθητον.
1037 4794 1257 4866 ’Δϐοήθ.
1290 4796 1457 4851 habet
1487 4797 1605 4853 Col.

323 4864 465 4953 (731i
483 4864 850 4948 llis_consoua
878 4867 1041 4953 tradit
1065 4882 1160 4953 ep;
1178 4864 1247 4952 ad
1268 4867 1541 4953 Aquileia;
1569 4867 1771 4953 Πόσα.δ’
1791 4868 1857 4922 ἄν

255 4957 336 5003 τις
360 4938 517 5006 ὑπὲρ
546 4937 655 4989 τῶν
680 4936 969 5005 μακαρίων
992 4936 1201 5006 ἀνδρῶν
1233 4936 1457 4991 ἐκείνων
1478 4938 1659 5004 εἴποις
1690 4938 1855 4992 πόσαι

261 5012 362 5077 γάρ
398 5007 765 5079 περιστάσεις
787 5007 1129 5079 πραγμάτων
1153 5008 1380 5079 πολλοὺς
1405 5008 1765 5079 ἐξεϐιάζοντο.
1788 5011 1856 5063 τὰ

266 5075 355 5149 μὲν
386 5075 926 5149 παραφθέγξασθαι,
947 5075 1017 5131 τὰ
1046 5077 1103 5129 δέ
1134 5078 1270 5148 πρὸς
1297 5078 1613 5148 οἰκονομίαν
1641 5081 1817 5132 εἰπεῖν
1836 5118 1852 5141 ,

260 5146 319 5202 τά
343 5150 411 5203 δὲ
445 5146 548 5201 καὶ
570 5147 677 5199 τῶν
699 5146 1073 5200 ἀπειθούντων
1098 5146 1540 5209 ἐπαναστάντων,
1573 5150 1643 5201 τὰ
1671 5149 1729 5203 δέ
1758 5151 1851 5204 καὶ

258 5220 456 5289 ἀγνοίᾳ
487 5213 583 5270 οἷα
601 5217 666 5289 δὴ
693 5217 1115 5290 πεῄριολισθείσιν
1141 5217 1495 5290 ἀνθρώπινα;
1523 5220 1717 5283 ’Ἄλλος
1746 5220 1849 5290 γὰρ

257 5293 396 5361 πρὸς
414 5287 551 5350 τοὺς
572 5287 948 5361 αἱρετίξοντας
968 5287 1393 5361 διαμαχόμενος,
1406 5289 1571 5361 ἀλλος
1592 5293 1665 5361 ⁸’τῇ
1689 5287 1853 5344 ἀσθε-

254 5358 377 5431 νέία
408 5358 729 5432 συγκατιὼν
751 5358 859 5423 τῶν
874 5358 1182 5432 ἀκροατῶν,
1195 5359 1354 5432 ἄλλος
1368 5359 1496 5432 ἄλλο
1512 5378 1564 5412 τι
1585 5358 1848 5432 διαπρατ-

255 5429 491 5499 τόμενος
528 5430 625 5481 καὶ
666 5429 760 5481 τὸν
810 5429 1005 5501 καιρὸν
1047 5429 1188 5499 ἔχων
1233 5429 1406 5501 πολλὰ
1436 5430 1539 5501 τῆς
1571 5429 1860 5501 ἀκριϐείας

257 5498 596 5569 καθυφεῖναι
616 5498 1061 5569 παρακαλοῦντα,
1080 5498 1174 5553 ἐπὶ
1197 5499 1341 5552 τέλει
1374 5500 1585 5568 μείζονι
1616 5498 1711 5554 καὶ
1737 5499 1859 5554 είπε

256 5574 350 5623 καὶ
383 5568 622 5641 ἔπραξε,
653 5568 861 5640 ἀμήτε
894 5569 1077 5623 λαλεῖν
1105 5572 1238 5641 ἡμῖν
1275 5573 1415 5642 μήτε
1452 5570 1714 5642 πράττειν
1771 5572 1861 5637 ἐξ·

256 5658 433 5696 εστιν.

325 5712 449 5780 (52)
479 5710 603 5767 Act.
632 5726 766 5771 xvn,
792 5710 885 5765 95.
907 5709 1097 5784 Varias
1117 5710 1341 5784 Patrum
1365 5711 1854 5784 theologorumque

256 5782 319 5836 de
354 5783 465 5836 hoc
507 5790 658 5835 textu
690 5781 995 5835 sententias
1026 5791 1275 5836 recenset
1305 5781 1575 5838 Baronius
1597 5784 1664 5837 ad
1699 5781 1853 5838 a.’5‘2

256 5869 312 5907 ιι.
350 5854 387 5908 8
416 5867 535 5922 seq.
563 5851 661 5906 His
686 5852 958 5908 addantur
980 5852 1173 5908 Isidor.
1200 5852 1381 5908 Peius.
1408 5854 1500 5909 lib.
1534 5870 1609 5921 IV,
1633 5870 1721 5923 ep.
1759 5854 1849 5921 60,

1881 4800 1936 4860 D
1962 4805 2016 4852 et
2040 4796 2131 4851 alii
2161 4814 2252 4867 ap.
2276 4796 2492 4851 Cornel.
2524 4811 2553 4850 a
2585 4795 2719 4866 Lap.
2751 4794 2897 4867 in_b.
2930 4793 2965 4847 1.
2998 4790 3086 4867 _D_e
3117 4791 3203 4847 his
3226 4788 3414 4867 verbis
3433 4791 3550 4867 dis-

1960 4878 2117 4939 putat
2165 4861 2393 4939 Pliotius
2442 4861 2678 4939 epgiiz'
2698 4866 2763 4921 ad
2809 4864 2905 4939 ἶ1οἒ
2961 4862 3195 4939 philos”
3233 4861 3545 4939 p.__i_!4Ae_d.

1961 4931 2128 4993 Mont.
2161 4938 2403 5008 Amphil.
2434 4931 2493 5007 (ι.
2514 4937 2620 4992 ἓ5ἓ
2646 4938 2664 5007 (
2687 4935 2828 5008 apud
2844 4931 3201 5008 Montfaucon
3229 4931 3375 5008 lfibl.
3402 4933 3548 4987 Cois-

1962 5009 2056 5062 lin.
2091 5002 2317 5130 p._34f2
2345 5026 2356 5061 :
2392 5002 2489 5061 Διά
2510 5008 2563 5059 τί
2594 5002 2806 5067 Παῦλος
2842 5003 3144 5089 Ἀθηναίοις
3164 5002 3551 5072 διαλεγόμενος

1962 5080 2066 5130 ἀπὸ
2096 5097 2205 5130 των
2240 5080 2285 5130 ἰδ
2307 5096 2382 5130 ων
2414 5078 2853 5130 ἐπιγραμμάτων
2880 5076 3064 5130 αὐτοις
3093 5073 3433 5130 διαλέγεται;

1956 5080 2066 5133 ἀπὸ
2092 5073 2205 5132 τῶν
2240 5073 2382 5132 ἰδίων
2414 5078 2853 5148 ἐπιγραμμάτων
2880 5076 3064 5148 αὐτοῖς
3093 5073 3433 5143 διαλέγεται;

2030 5151 2139 5217 (55)
2172 5150 2293 5205 Col.
2324 5165 2379 5219 p.
2402 5149 2499 5203 521
2536 5147 2601 5201 ἑὸ
2632 5147 3006 5219 τῆςἚκκλησ.

2053 5222 2170 5288 55⁸)
2205 5218 2335 5274 (201(
2361 5220 2550 5273 Ταῦτά
2580 5236 2674 5271 σου
2704 5218 2974 5286 δόγματα.

2052 5287 2258 5360 54)(1ΐ.
2283 5290 2563 5360 Chrysost.
2597 5290 2745 5360 hom.
2776 5288 2830 5360 i_n
2856 5290 2979 5360 Act.
3005 5302 3116 5356 ap.,
3144 5287 3321 5360 σευ.

2031 5356 2140 5431 (55)
2168 5356 2450 5431 Chrysost.
2481 5359 2575 5416 Or.
2603 5360 2659 5431 in
2686 5359 2744 5414 S.
2767 5358 2997 5431 Paulum
3026 5358 3170 5431 apud
3204 5356 3458 5415 Photium
3487 5356 3552 5411 in

1958 5429 2253 5511 Bibl._‘cod.
2285 5429 2445 5511 9.70":
2482 5431 2585 5483 Τὸν
2609 5430 2798 5511 βωμόν
2830 5429 2924 5511 τοῦ
2954 5430 3203 5511 διαϐόλου
3223 5431 3556 5511 ,συνήγορον

1958 5503 2228 5586 πεποίηκε
2259 5502 2353 5586 τοῦ
2377 5500 2682 5586 ΛΧριστοῦΛ,
2722 5503 2784 5553 τὸ
2822 5500 3174 5586 τῆς.πλάνης
3220 5501 3554 5586 ἐπίγραμμα

1959 5573 2106 5643 ὑπὲρ
2136 5569 2235 5643 τῆς
2266 5569 2526 5641 ἀληθείας
2555 5569 2886 5641 ἐφθέγγετοέ
2926 5572 2958 5643 ἡ
2988 5571 3165 5643 στήλη
3187 5569 3286 5637 τῆς
3319 5569 3537 5643 ἀπάτης

1959 5638 2304 5712 ἐστηλίτὲυσε
2334 5638 2433 5713 τὴν
2462 5638 2679 5713 ἀπάτην
2699 5638 2715 5670 ⁵
2741 5638 2956 5711 ἐπειδη
2993 5638 3207 5694 τάτῶν
3247 5638 3551 5710 προφητῶν

1974 5714 2281 5783 Ἀθηναίοις
2312 5708 2380 5783 ἦν
2408 5713 2846 5783 δυσπαράδεκτα,
2877 5716 2905 5765 6
2936 5712 3117 5783 βωμὸς
3148 5712 3242 5783 κα).
3268 5712 3334 5763 τά
3364 5709 3549 5783 γράμ-

2741 5737 2846 5778 ιτα,
2877 5737 2905 5765 ο
2936 5737 3116 5778 Ρωμυς
3149 5737 3242 5763 και
3268 5737 3334 5763 τι
3373 5737 3549 5776 γραμ-

1988 5738 2280 5783 Λυηναιοις
2312 5738 2380 5783 ην
2408 5738 2846 5783 υυσπαραοεκτα,
2877 5738 2905 5765 ο
2936 5738 3115 5782 ρωμυς
3150 5738 3242 5763 και
3268 5738 3334 5763 ἰλ
3375 5738 3549 5776 χρυ-μ·

1963 5801 2113 5855 ματα
2137 5784 2246 5837 τῶν
2277 5783 2551 5853 δαιμόνων
2578 5788 2646 5855 τῇ
2686 5785 2850 5855 σοφίᾳ
2878 5782 3094 5837 Παύλου
3135 5782 3411 5851 ἐκήρυσσε
3442 5781 3551 5849 τὴν

1959 5854 2260 5921 εὐσέϐειαν,
2283 5872 2342 5909 κ.
2369 5871 2419 5909 τ.
2453 5855 2507 5908 λ.
