3956 6462
228 357 306 426 361
1235 348 1332 410 DE
1370 351 1431 412 S.
1476 347 1826 410 SPIRITUS
1863 345 2364 413 MYSTAGOGIA.

273 471 354 527 οϐ’.
398 465 534 538 (ις’.)
571 465 676 517 Καὶ
709 463 758 515 τι
796 479 860 532 με
907 463 987 515 δεῖ
1021 463 1148 532 περ).
1186 462 1293 516 τῶν
1322 465 1498 516 ἄλλων
1547 464 1742 534 σχολὼ
1771 471 1816 525 Δ

213 565 335 629 ζειν;
364 559 502 612 Λέων
527 556 555 606 ὁ
586 555 775 624 μέγας,
807 557 835 606 ὁ
864 554 964 618 τὰς
991 556 1144 623 ἱερὰς
1177 556 1274 623 τῆς
1323 553 1538 624 Ῥώμης,
1580 573 1741 626 φρον-

209 656 332 714 τὶδας
374 647 655 719 ἱερωτέρας
687 646 1005 711 ἀποδείξας,
1055 647 1083 698 ὁ
1111 647 1209 715 τῆς
1237 649 1504 716 τετάρτης
1548 648 1739 710 στῦλος

210 743 390 800 συνόδου
424 739 552 810 (70)’
592 731 746 800 οὗτος
797 739 886 791 διά
920 756 980 790 τε
1031 739 1140 792 τῶν
1200 737 1317 810 [81]
1368 738 1740 792 θεοπνεύστων

208 833 342 888 αὑτοῦ
392 831 482 884 καὶ
508 829 850 900 δογματικῶν
891 829 1192 882 ἐπιστολῶν
1228 828 1366 898 (71),
1414 829 1504 882 διά
1537 846 1596 882 τε
1630 830 1740 883 τῶν

208 921 620 990 ἀναπληρούντων
653 919 818 973 αὑτοῦ
853 922 914 971 τὺ
943 921 1257 989 προνόμιον,
1282 919 1369 973 διά
1390 937 1451 972 τε
1480 921 1580 989 τῆς
1605 936 1740 989 συμ·

208 1015 413 1084 φωνίας,
451 1013 517 1064 δι’
556 1008 622 1082 ἧς
658 1011 874 1081 ἐκείνην
917 1011 1030 1082 (72)
1067 1011 1167 1076 τὴν
1211 1010 1454 1080 μεγάλην
1484 1010 1579 1063 καὶ
1615 1008 1738 1062 Θεό-

205 1107 361 1158 λεκτον
391 1104 656 1173 ὁμήγυριν
704 1102 1067 1170 κατηγλάῖζε,
1098 1102 1194 1172 τὴν
1225 1103 1396 1170 αὐτὴν
1444 1102 1545 1173 τῆς
1583 1101 1741 1171 ὀρθο-

203 1195 350 1258 δοξίας
382 1191 718 1262 φωτοχυσίαν
767 1194 842 1254 εἰς
885 1195 1066 1245 πᾶσαν
1094 1192 1156 1244 ού
1205 1193 1305 1260 τὴν
1345 1189 1508 1244 Δύσιν
1557 1191 1737 1260 μόνον.

203 1286 311 1338 ἀλλὰ
355 1284 444 1336 καὶ
489 1284 557 1336 τά
596 1283 695 1351 τῆς
753 1283 1046 1352 ’Λνατολῆς
1089 1282 1426 1349 ἀπαυγάζων
1469 1283 1624 1352 ὅρια,
1680 1283 1741 1334 τὸ

203 1377 430 1443 1τειινάγιον
473 1375 694 1443 Πνεῦμα
731 1375 1069 1443 ὃιαπρυσίως
1108 1377 1170 1427 ὲκ
1208 1375 1301 1427 τοῦ
1337 1376 1548 1442 Πατρὸς
1577 1378 1742 1426 ἐκπο-

205 1467 423 1537 ρεύεσθαι
454 1466 802 1518 ἀναδιδάσκει
822 1483 837 1498 ·
869 1467 963 1520 καὶ
992 1469 1052 1519 οὐ
1084 1467 1242 1521 τοῦτο
1274 1468 1454 1536 μόνον,
1487 1467 1621 1519 ἀλλὰ
1646 1467 1740 1518 καὶ

201 1561 302 1621 τοὺς
331 1556 504 1627 ἕτερόν
537 1575 589 1608 τι
639 1557 794 1627 παρά
823 1558 884 1609 τὸ
921 1559 1018 1628 τῆς
1052 1557 1270 1612 συνόδου
1314 1559 1569 1628 φρόνημα
1619 1559 1742 1626 δογ-

203 1648 411 1717 ματίζειν
467 1649 996 1718 ἁντανισταμένους,
1059 1650 1219 1712 ὅσους
1283 1651 1380 1718 μὲν
1439 1651 1741 1720 ἱερωσύνης

201 1741 373 1808 βαθμὸς
408 1740 546 1808 ἔχει,
606 1740 708 1808 τῆς
765 1740 1064 1810 ἱερωσύνης
1124 1743 1367 1810 γυμνοὺς
1416 1743 1735 1810 ἀποφαίνει,

198 1830 289 1879 ὅσοι
313 1829 362 1881 δὲ
386 1829 478 1897 τὴν
513 1829 626 1899 (75)
667 1829 892 1882 ἰδιωτῶν
921 1829 1106 1899 χώραν
1137 1830 1456 1900 πληροῦσιν,
1483 1831 1594 1883 εἴτε
1624 1829 1738 1900 βίον

198 1916 468 1986 ὑπέδραμω
511 1917 604 1969 τὸν
647 1919 873 1986 μονάδα,
920 1919 1030 1970 εἴτε
1085 1921 1328 1992 πολιτείᾳ
1361 1921 1738 1985 συνεξετάζον-

196 2023 265 2057 ται
285 2008 462 2076 δήμου,
483 2008 564 2076 τῷ
586 2010 892 2076 ἀναθέματι
915 2011 1300 2080 παραπέμπει.
1331 2012 1438 2064 Καὶ
1462 2013 1569 2082 γὰρ
1594 2013 1737 2083 ἅπερ

194 2095 574 2159 ήθεὸπνευστος
611 2097 827 2160 σύνοδος
857 2099 1051 2170 ὁρίζει,
1088 2101 1240 2153 Λέων
1269 2102 1297 2152 ὁ
1329 2102 1613 2164 θεσπέσιος
1649 2101 1739 2154 διὰ

196 2189 497 2257 ΙΙασχασὶνου
525 2191 622 2241 καὶ
645 2191 983 2260 Λουκηνσίου
1008 2195 1120 2262 (74)
1155 2194 1251 2246 κα).
1277 2193 1598 2263 Βονιφατίου
1629 2196 1738 2247 τῶν

196 2278 328 2347 ιερῶν
364 2279 569 2349 ἀνδρῶν
608 2281 915 2349 ἀναφανδλιν
963 2283 1370 2351 ὲπισφραγίζει,
1422 2284 1498 2347 ὡς
1539 2284 1737 2355 μυριά-

193 2385 263 2430 κις
309 2369 412 2440 (75)
451 2371 604 2422 ἐστιν
637 2373 820 2425 αὐτῶν
855 2373 1080 2427 ἐκείνων
1118 2373 1370 2438 ἀκούειν,
1423 2377 1524 2428 οὐκ
1557 2375 1738 2428 αὐτῶν

192 2456 236 2509 δὲ
261 2459 425 2528 μόνον,
478 2461 620 2514 ἀλλά
660 2464 754 2515 καὶ
803 2463 898 2516 τοῦ
925 2465 1335 2530 ἀπεσταλκότος
1366 2465 1560 2529 αὐτούς
1583 2482 1600 2499 ο
1643 2466 1740 2520 καὶ

193 2550 279 2619 γὰρ
318 2552 598 2615 συνοδικὰς
651 2553 942 2632 ἐπιστολὰς
981 2556 1309 2609 ἐπιστέλλων
1361 2555 1470 2609 τῶν
1506 2573 1742 2626 τοποτη-

191 2641 344 2710 ρητῶν
385 2641 549 2695 αὑτοῦ
597 2645 690 2695 καὶ
737 2645 864 2712 τοὺς
907 2645 1100 2713 λόγους
1141 2647 1235 2698 κα).
1261 2648 1321 2699 τὸ
1360 2648 1615 2717 φρόνημα
1645 2648 1743 2700 καὶ

189 2732 269 2793 τὰς
291 2733 486 2803 ψήφους
514 2735 622 2786 οὐκ
645 2735 758 2803 (76)
784 2737 1008 2790 ἐκείνων
1034 2737 1064 2807 ἢ
1089 2737 1254 2790 αὑτοῦ
1280 2755 1344 2804 γε
1371 2739 1573 2808 μᾶλλον
1600 2735 1742 2792 εἶναι

191 2823 267 2873 καὶ
305 2825 638 2895 μαρτύρεται
682 2826 794 2897 (77)
842 2829 938 2880 καὶ
965 2827 1374 2881 διαϐεϐαιοῦται
1401 2846 1416 2860 ο
1469 2830 1648 2882 καίτοι
1678 2847 1742 2896 γε

3317 347 3420 413 3ῧᾶ

1919 465 2005 520 79.
2071 465 2176 520 Sed
2213 466 2345 535 quid
2393 479 2532 535 opus
2592 473 2678 519 est
2707 462 2762 517 in
2801 464 2922 518 aliis
2959 463 3283 518 immorari?
3312 465 3423 518 Leo

1843 556 2088 629 Magnus,
2118 557 2208 627 qui
2238 567 2478 611 sacratas
2499 556 2685 610 Roma
2714 571 2872 610 curas
2904 555 3202 609 sanctiores
3243 556 3422 609 adhuc

1842 650 2259 711 demonstravit,
2281 659 2488 716 quarta:
2518 648 2772 702 columna
2802 647 3015 717 synodi,
3047 656 3160 699 tum
3183 663 3277 714 per
3297 661 3426 699 suas

1843 756 1871 794 a
1902 741 2010 794 Deo
2042 740 2336 809 inspiratas
2375 739 2821 809 dogma-ticasquc
2880 738 3158 806 epistolas,
3189 745 3303 791 tum
3331 752 3429 806 per

1844 832 2072 899 legatos,
2098 832 2188 900 qui
2219 831 2342 901 ejus
2369 831 2548 884 locum
2599 831 2940 893 obtinebant,
2977 840 3092 884 tum
3141 846 3240 899 per
3287 845 3427 883 con-

1843 937 2064 976 sensum
2097 939 2254 978 suum
2284 939 2393 992 quo
2424 940 2678 994 magnum
2713 923 2863 976 illum
2918 933 2972 977 et
3001 939 3029 975 a
3083 922 3194 978 Deo
3224 922 3427 974 collec-

1845 1020 1958 1065 tum
1991 1022 2192 1066 cmtum
2237 1013 2565 1078 illustrabat,
2612 1013 2858 1067 eamdem
2894 1013 3233 1066 orthodoxia:
3298 1013 3425 1066 illu—

1847 1103 2167 1157 strationem
2203 1119 2310 1157 non
2339 1103 2398 1158 in
2444 1113 2616 1158 totum
2647 1103 3022 1158 tantummodo
3049 1101 3424 1165 Occidentem,

1843 1209 2032 1253 verum
2059 1203 2112 1248 et
2142 1196 2198 1248 in
2226 1195 2471 1250 Orientis
2508 1196 2772 1252 terminos
2793 1191 3082 1249 ell‘undens
3133 1194 3415 1249 sanctissi-

1845 1303 1994 1342 mum
2021 1286 2282 1356 Spiritum
2311 1303 2376 1342 ex
2419 1287 2581 1342 Patre
2607 1287 2925 1358 procedere,
2960 1286 3260 1341 clarissima
3289 1301 3425 1340 voce

1846 1376 2040 1438 docet;
2070 1392 2248 1445 neque
2282 1377 2334 1431 id
2390 1377 2590 1441 solum,
2648 1377 2741 1431 sed
2772 1386 2827 1431 et
2852 1392 2970 1440 eos,
3000 1377 3090 1446 qui
3129 1375 3424 1445 quidquam

1843 1467 1988 1520 aliud
2022 1476 2220 1535 praeter
2271 1469 2462 1540 synodi
2495 1468 2824 1522 sententiam
2853 1476 3096 1521 statuere
3123 1468 3324 1530 ausint,
3378 1470 3422 1520 si

1843 1557 2148 1611 sacerdotio
2172 1558 2488 1629 fungantur,
2514 1559 2822 1613 sacerdotio
2854 1567 3050 1612 exutos
3079 1558 3421 1628 pronuntiat,

1845 1649 1889 1702 si
1917 1665 2045 1702 vero
2070 1649 2360 1703 idiotarum
2398 1649 2576 1703 locum
2611 1658 2836 1706 teneant
2894 1650 3010 1702 sive
3057 1651 3183 1703 vita:
3229 1663 3422 1702 mona-

1845 1741 1993 1794 sticae
2028 1755 2148 1795 sese
2177 1739 2490 1795 addixerint
2527 1741 2642 1794 sive
2668 1740 2842 1808 plebis
2875 1739 3103 1809 negotiis
3139 1739 3423 1808 implicen-

1855 1840 1962 1894 tur,
1997 1830 2333 1884 anathemati
2365 1831 2606 1899 subjicit.
2639 1831 2848 1884 Etenim
2885 1847 3006 1900 quae
3036 1845 3098 1884 ea
3129 1831 3365 1901 synodus
3392 1846 3423 1883 a

1847 1919 1960 1974 Deo
1991 1921 2256 1990 inspirata
2288 1921 2549 1984 decrevit,
2597 1922 2818 1976 divinus
2850 1923 2940 1976 hic
2997 1922 3107 1976 Leo
3154 1938 3253 1992 per
3317 1920 3420 1974 Pa-

1852 2012 2192 2079 schasinum,
2254 2013 2582 2068 Lucentium
2602 2020 2764 2082 atque
2823 2013 3157 2067 Bonifacium
3206 2021 3424 2068 sanctos

1847 2104 1992 2157 viros
2014 2104 2188 2172 palam
2211 2104 2484 2174 obsignat,
2521 2115 2578 2159 ut
2603 2104 2908 2159 sexcenties
2939 2121 3004 2159 ex
3039 2105 3172 2174 ipsis
3197 2103 3304 2158 illis
3322 2118 3419 2159 aut

1844 2192 1962 2246 dire
1991 2193 2137 2256 licet,
2161 2208 2270 2248 non
2304 2209 2433 2248 vero
2471 2209 2533 2249 ex
2566 2195 2698 2264 ipsis
2726 2195 3008 2256 duntaxat,
3049 2195 3146 2249 sed
3173 2204 3228 2249 et
3259 2210 3325 2248 ex
3356 2209 3423 2247 eo

1845 2283 1937 2350 qui
1963 2282 2082 2337 illos
2108 2284 2350 2339 miserat.
2383 2282 2627 2353 Namque
2658 2285 2945 2355 synodales
2980 2287 3244 2354 epistolas
3286 2285 3419 2340 inita

1847 2383 1968 2429 tens
1997 2389 2220 2428 suorum
2243 2375 2422 2429 locum
2466 2377 2769 2431 tenentium
2800 2384 2856 2430 et
2885 2391 3166 2430 sermones
3197 2383 3254 2430 et
3293 2391 3420 2431 scn—

1849 2466 2073 2520 tentiam
2103 2475 2158 2520 et
2192 2475 2318 2521 vota
2355 2483 2465 2520 non
2497 2482 2706 2532 eorum,
2750 2468 2844 2522 sed
2881 2467 3253 2536 suimetipsius
3302 2483 3424 2522 esse

1847 2565 2188 2612 contestatur
2220 2565 2276 2611 et
2297 2558 2610 2612 conﬁrmat.
2643 2557 2986 2627 Quanquam,
3032 2558 3248 2613 etiamsi
3284 2559 3422 2612 nihil

1849 2648 2375 2714 ejusmodiadesset,
2407 2649 2607 2704 suﬁicit
2637 2658 2846 2713 tamen,
2878 2649 3022 2718 quod
3068 2666 3169 2719 pro
3199 2664 3257 2703 se
3304 2651 3426 2703 illos

1849 2739 2061 2793 miserit
2094 2738 2148 2792 in
2182 2741 2391 2809 synodo
2439 2754 2818 2805 eonsessuros,
2855 2740 3109 2809 quodque
3151 2741 3218 2795 ad
3261 2740 3424 2795 ﬁnem

1847 2830 2111 2899 perducta
2146 2829 2352 2900 synodo
2377 2844 2436 2885 se
2473 2831 2693 2885 sancitis
2709 2831 3056 2900 acquiescere
3085 2831 3427 2902 proﬁteatur.

191 2917 326 2967 καὶεί
351 2916 511 2986 μηδὲν
543 2918 754 2987 προσῆν
781 2917 1046 2984 τοιοῦτον,
1074 2920 1445 2989 ἀποχρώντως
1474 2921 1588 2991 ἔχει
1623 2921 1734 2991 (78)
1778 2921 1838 2973 τὸ
1907 2921 2022 2974 ἀντ’
2069 2917 2185 2992 [82]
2228 2921 2392 2975 αὐτοῦ
2431 2921 2616 2976 δοῦναι
2667 2923 2794 2986 τοὺς
2839 2923 3290 2996 συνεδριάσαντας
3358 2926 3425 2993 τῇ

193 3011 363 3080 συνόδῳ
391 3014 482 3064 καὶ
509 3013 580 3065 τὸ
611 3014 787 3084 πέρας
829 3015 1101 3086 λαϐούσης
1143 3015 1430 3086 ὁμολογεῖν
1474 3017 1739 3087 ἐμμένειν
1768 3020 1881 3081 τοῖς
1911 3018 2307 3087 ἐψηφισμένοις
2342 3018 2474 3090 (79).

247 3109 311 3162 π’.
366 3110 526 3164 Ἀλλά
558 3112 667 3180 γὰρ
703 3113 858 3166 οὐδέν
889 3116 1036 3167 ἐστιν
1067 3108 1179 3168 οἷον
1218 3115 1397 3168 αὐτῶν
1443 3116 1553 3167 τῶν
1588 3115 1742 3186 ἱερῶν

1923 3115 2013 3170 80.
2042 3114 2242 3169 Verum
2287 3124 2508 3185 praestat
2543 3115 2774 3185 ipsamet
2817 3129 2969 3170 sacra
3013 3115 3204 3170 audire
3237 3117 3424 3170 verba.

189 3199 379 3254 ἀκούειν
426 3202 695 3273 ῥημάτων
739 3203 891 3274 (80)°
941 3205 1090 3274 λέγει
1122 3205 1232 3277 γὰρ
1285 3207 1394 3278 (81)
1449 3206 1585 3273 μετὰ
1637 3207 1738 3276 τὴν

1844 3207 2148 3262 Dicitenim
2172 3206 2456 3277 (synodus)
2489 3206 3022 3276 postexpositionem
3053 3205 3202 3269 ﬁdei,
3255 3221 3420 3275 quam

1299 3387 1532 3442 VARUE
1568 3386 1950 3443 LECTIONES
1981 3388 2067 3442 ET
2096 3387 2330 3444 NOTIE.

248 3542 346 3610 (70)
383 3543 509 3600 Haec
552 3543 719 3599 verba
761 3561 774 3596 :
826 3542 994 3598 «Leo
1027 3542 1100 3597 Μ.
1140 3543 1230 3612 qui
1264 3550 1505 3597 sanctam
1560 3543 1744 3596 Romae

188 3614 485 3680 pastoralem
523 3630 712 3668 curam
747 3614 1070 3668 sanctiorem
1120 3615 1298 3667 adhuc
1331 3613 1740 3673 demonstravit,

188 3682 358 3750 quique
386 3684 483 3737 l‘nit
507 3692 720 3752 quarta:
751 3684 937 3753 synodi
970 3683 1240 3753 columen,
1275 3701 1293 3733 ι
1318 3682 1502 3753 (Λέων
1523 3699 1744 3753 -μσυν-

188 3753 308 3818 ὁδου)
335 3750 554 3808 adducit
594 3750 837 3806 Maius'l.
884 3769 932 3806 c.
973 3752 1048 3805 De
1095 3752 1276 3806 Leone
1315 3752 1330 3803 I
1365 3753 1567 3820 pariter
1605 3750 1748 3804 Pho-

189 3823 278 3874 tius
306 3823 461 3891 epist.
496 3824 568 3877 ad
590 3823 833 3891 archiep.
865 3823 1120 3891 Aquilei.:
1165 3821 1222 3875 Ὀ
1254 3822 1352 3891 μὲν
1380 3822 1510 3891 (Leo
1539 3821 1742 3889 senior)

187 3893 240 3960 τῇ
283 3893 543 3966 τέτάρτῃ-
578 3896 674 3966 κα)
723 3895 1075 3966 οἰκούμενικῇ
1128 3893 1260 3966 ἀγζᾳ.
1295 3893 1516 3966 συν-ὀίω
1544 3891 1744 3966 πολλὴν

190 3960 597 4029 συνεισενεγὶξὼν
614 3962 712 4032 τὴν
742 3960 1106 4030 συγκρτῦτησὶν
1137 3960 1310 4032 διὰτε
1338 3961 1444 4012 τῶν
1473 3960 1549 4032 εἰς
1577 3960 1744 4032 πρόσ-

185 4047 310 4100 ωπον
359 4034 527 4086 αὐτοῦ
564 4030 866 4085 σταλέντων
892 4032 1074 4100 ᾲῄῑερῶν
1117 4031 1322 4100 ἀνδρῶν
1345 4070 1360 4094 ,
1402 4031 1495 4082 καὶ
1523 4030 1744 4100 διὰγτῆς

186 4097 365 4172 elacata;
417 4103 712 4172 ἐπιστολῆς
733 4144 748 4166 ,
783 4102 850 4154 δι’
875 4097 1405 4172 ᾕςκαὶᾲΝεστρριος
1435 4100 1526 4172 κα).
1576 4099 1746 4172 Εὐτυ-

189 4170 272 4243 χὴς
295 4166 767 4243 καταϐέϐληνται.)
784 4176 838 4223 ἐν
870 4166 1376 4243 καὶτὸ-Πνεῦμα
1402 4169 1461 4243 τὸ
1487 4169 1640 4243 ἆςίιον
1683 4170 1746 4219 ἐκ

189 4238 508 4310 τού-ΙΙατρὺς
543 4238 681 4293 κατὰ
717 4242 813 4301 τὰς
850 4238 954 4310 πρὸ
989 4240 1152 4290 αὐτοῦ
1184 4238 1462 4310 συνοδικὰς
1508 4238 1744 4310 ψήφους,

189 4307 282 4358 ἀλλ’
308 4305 425 4378 οὑχῖ
453 4313 555 4364 καὶ
575 4314 639 4362 εκ
660 4311 754 4363 τοῦ
775 4309 904 4362 Υἱοῦ
929 4310 1297 4378 ἀνεκήρυττεν
1325 4305 1742 4378 έκπορεύεσθαι.

245 4378 346 4447 (71)
372 4376 493 4444 Quo
518 4382 573 4434 in
609 4382 813 4433 honore
845 4394 1060 4446 semper
1087 4376 1296 4432 habitae
1327 4377 1529 4447 iuerint
1552 4376 1746 4447 Leonis

187 4444 358 4502 littera:
385 4451 732 4520 dogmaticae,
776 4444 1091 4520 praesertim
1121 4449 1302 4520 epist._
1323 4446 1393 4499 9.8
1423 4447 1487 4520 ad
1531 4446 1742 4520 Flavia-

1848 3542 2064 3612 synodi,
2097 3543 2212 3598 suis
2255 3558 2286 3597 a
2315 3541 2426 3596 Deo
2455 3538 2730 3610 inspiratis
2755 3549 2810 3596 et
2833 3539 3154 3612 dogmaticis
3177 3539 3423 3612 epistolis

1847 3607 1902 3665 et
1950 3613 2015 3666 iis
2049 3629 2169 3681 quae
2198 3628 2352 3666 suam
2389 3607 2850 3682 pr'aaeminerttiam
2871 3607 3152 3682 complent
3180 3607 3295 3682 (sed
3328 3624 3422 3678 po:-

1849 3682 1958 3735 tius
2016 3679 2082 3737 ad
2136 3684 2338 3751 legatos
2388 3679 2492 3736 hoc
2530 3681 2760 3751 incisum
2800 3680 3147 3751 referendum
3186 3679 3418 3740 videtur,

1847 3751 1938 3820 qui
1991 3762 2119 3806 sunt
2164 3749 2212 3804 οἱ
2247 3750 2688 3820 ἀναπληροῦντες
2720 3750 2778 3801 τὸ
2811 3749 3141 3820 προνόμιον)
3169 3762 3270 3801 nec
3311 3764 3419 3820 non

1849 3817 2161 3884 concordia,
2197 3823 2266 3876 ob
2294 3821 2352 3891 (ι.
2388 3817 2501 3890 per)
2533 3835 2694 3888 quam
2716 3817 2969 3891 magnum
3001 3818 3149 3870 illum
3172 3827 3227 3871 et
3259 3817 3424 3891 aper)

1850 3893 2135 3946 collectum
2167 3886 2369 3946 ccetutn
2388 3886 2832 3947 'cohonestabat'.
2869 3903 2932 3941 ea
2960 3888 3072 3956 ipsa
3108 3895 3266 3940 rectze
3296 3886 3420 3940 ﬁdei

1851 3961 2246 4014 illuminatione
2296 3976 2510 4014 onmem
2561 3973 2670 4011 non
2707 3959 2880 4010 solum
2913 3956 3284 4016 Occidentem,
3327 3957 3424 4010 sed

1849 4041 1905 4084 et
1933 4029 2170 4085 Orientis
2199 4032 2462 4084 terminos
2487 4029 2784 4090 illustrans,
2819 4027 3218 4080 sanctissimum
3251 4024 3425 4094 Spiri—

1850 4109 1964 4155 tum
2000 4115 2197 4153 sonora
2232 4115 2363 4154 voce
2389 4115 2455 4152 ex
2484 4098 2644 4151 Patre
2683 4096 2976 4167 procedere.
3008 4097 3198 4158 docet;
3247 4095 3341 4167 sed
3369 4105 3426 4150 et.

1851 4185 2062 4230 omnes,
2097 4171 2185 4238 qui
2216 4181 2404 4225 contra
2438 4167 2626 4239 synodi
2654 4165 2980 4239 sententiam
3008 4167 3196 4239 dogma
3229 4166 3424 4239 decer-

1852 4250 1991 4293 nere’
2028 4235 2385 4296 contendunt.
2419 4235 2535 4298 eos,
2573 4238 2817 4306 inquam,
2841 4237 2885 4288 si
2921 4235 3424 4306 sacerdotisidigni-

1855 4318 1964 4362 tate
1996 4310 2354 4368 adornantur,
2393 4305 2698 4362 sacerdotio
2727 4305 2956 4374 spoliat;
2987 4307 3032 4356 si
3066 4319 3192 4357 vero
3224 4305 3424 4374 idiota-

1855 4394 1974 4432 rum
2015 4379 2320 4447 (laicorum)
2351 4379 2526 4432 locnm
2564 4373 2771 4447 tenent,
2801 4375 2915 4447 sive
2945 4375 3069 4447 vita:
3110 4373 3424 4447 monasticae

1855 4443 2054 4502 addicti
2111 4443 2340 4510 fuerint,
2400 4447 2513 4500 sive
2576 4445 2807 4514 publicis
2855 4444 3137 4514 plebisque
3185 4443 3424 4514 negotiis

187 4497 981 4579 ηιιῑίῑοξῑῶὶλῑίιῆῐῑξηιῑέιξιιῆ
1001 4497 1746 4585 armarrsm.amarem-
1781 4497 1824 4552 υ
1853 4497 3098 4585 ίιίιῇιῑέιηιίιξίιιιξιιιῑέέιιειῐέιυλίρίιξειεηίίη
3127 4497 3294 4585 δοριξ
3313 4512 3424 4585 δρι-

185 4587 622 4722 διοὲὶρηειιιίεειι
649 4588 822 4659 (Opp.
861 4587 1028 4641 Leon.
1063 4587 1100 4650 l,
1127 4586 1224 4641 751
1262 4603 1376 4655 seq.
1405 4587 1489 4640 ed.
1523 4584 1745 4654 MIGNE).

336 4663 352 4722 )
393 4659 567 4712 Palat.
598 4658 636 4712 f.
667 4659 773 4712 240
805 4657 858 4711 b.
891 4657 1096 4722 ἐκείνη.
1593 4671 1598 4676 ·

336 4657 353 4724 )
393 4659 567 4712 Palat.
598 4658 636 4712 f.
660 4657 773 4712 940
805 4657 858 4711 b.
891 4657 1096 4725 ἐκείνη.
1589 4671 1598 4725 ς

245 4727 348 4797 (75)
381 4729 618 4782 Allatius
651 4729 767 4783 loco
796 4742 918 4782 mox
959 4727 1174 4797 citando
1211 4744 1223 4778 :

1266 4726 1422 4776 Ὅσοι
1454 4725 1510 4776 δὲ
1540 4724 1649 4776 τῶν
1680 4724 1744 4776 ἱδ.

245 4794 350 4863 (74)
383 4798 558 4853 Vatic.
599 4799 636 4851 l'.
677 4798 784 4852 205
817 4807 870 4850 ει
908 4796 1067 4850 Allat.
1106 4795 1449 4848 Λουκινσίου.
1501 4797 1555 4847 In
1587 4794 1746 4863 epist.

185 4862 353 4938 (Itale.
381 4883 542 4922 conc.
578 4868 787 4938 (Leon.
828 4866 989 4935 epist.
1025 4866 1129 4930 98)
1156 4866 1511 4935 Λουκηνσίου,
1551 4874 1605 4916 ιιι
1634 4862 1750 4917 fere

184 4933 301 4988 alias
323 4953 566 5006 semper.

245 5007 350 5075 (75)
381 5008 544 5076 Apud
580 5008 737 5060 Allat.
775 5006 1062 5075 μυριάκος.

246 5076 351 5146 (76)
385 5075 445 5130 In
471 5079 593 5146 Col.
625 5094 679 5146 ι).
711 5077 816 5131 505
847 5077 1003 5146 deest.
1028 5075 1147 5128 οὐκ.

245 5143 351 5214 (77)
382 5149 517 5201 Ibid.
551 5143 690 5200 εἶν-αι
722 5145 1168 5216 διαμαρτύρεται.

251 5209 354 5281 (78)
395 5219 453 5271 Id
493 5227 670 5272 tamen
701 5209 828 5271 non
852 5209 1073 5284 penitus
1098 5212 1348 5284 suﬁicere
1372 5211 1562 5284 Patres
1586 5209 1749 5284 Chal-

184 5289 513 5340 cedonenses
561 5287 660 5340 rati
700 5301 822 5340 esse
853 5282 1123 5347 videntur,
1160 5282 1248 5352 qui
1288 5291 1341 5334 et
1367 5283 1686 5352 solemniter
1717 5297 1747 5334 a

185 5359 351 5409 Leone
383 5356 852 5409 conﬁrmationem
881 5351 1222 5409 decretorum
1256 5354 1586 5421 petiverunt.
1619 5351 1748 5404 Vide

181 5427 330 5501 (Epist:
366 5429 516 5501 inter
545 5427 717 5480 Leon.
759 5441 882 5493 epp.
925 5440 980 5501 ιιἷ
1020 5425 1088 5477 98
1119 5423 1248 5476 Ball.
1284 5491 1315 5501 η
1375 5488 1393 5501 ,
1647 5491 1675 5501 __

246 5497 354 5564 (79)
390 5495 505 5551 Hoc
549 5505 723 5549 totum
766 5488 928 5562 caput
957 5493 1070 5564 jam
1121 5488 1748 5564 protulirLeoqulatins

183 5561 402 5630 (contra
436 5567 673 5635 Hottiug.
705 5561 886 5635 Romae
917 5563 1072 5635 11161,
1106 5581 1158 5631 p.
1183 5562 1308 5624 267,
1337 5561 1463 5635 268)
1492 5562 1596 5635 hac
1619 5562 1748 5615 sub—

179 5635 356 5700 iuncta
387 5630 683 5689 versione:
723 5652 740 5684 ι
777 5632 842 5686 Et
864 5633 990 5703 quid
1025 5630 1242 5703 oportet
1264 5645 1350 5684 me
1372 5630 1424 5682 in
1460 5631 1748 5703 aliisrtem-

184 5717 275 5770 pus
326 5705 684 5760 consumere?
714 5704 823 5757 Leo
871 5700 1111 5772 Magnus,
1155 5701 1244 5769 qui
1284 5709 1522 5753 sacratas
1563 5700 1748 5772 llonue

181 5787 332 5828 curas
393 5775 718 5829 sacratiores
763 5771 1190 5839 demonstravit,
1244 5779 1450 5839 quartae
1494 5771 1746 5825 columna

371 5868 652 5929 PATROL.
699 5867 816 5928 Gtt.
869 5865 998 5926 Cll.

1852 4580 1980 4640 ratae
2013 4587 2202 4656 synodi
2244 4588 2461 4641 decreta
2496 4580 2838 4656 divinus—hic
2872 4583 2979 4636 Leo
3004 4597 3100 4651 per
3139 4580 3424 4656 Paschasi-

1850 4673 2004 4717 num,
2041 4649 2378 4709 'Lucentium
2425 4664 2479 4708 et
2513 4653 2849 4707 Bonifacium
2909 4649 3125 4705 sanctos
3175 4649 3423 4702 homines

1851 4726 2152 4798 subsignat,
2195 4735 2253 4798 ut
2294 4725 2520 4798 inﬁnitis
2547 4724 2758 4777 vicibus
2788 4737 2881 4775 eos
2905 4721 3092 4798 audire
3132 4718 3420 4798 possimus,

1850 4811 1951 4847 nec
1997 4789 2171 4864 solum
2208 4795 2375 4864 ipsos,
2417 4794 2512 4847 sed
2547 4809 2683 4864 eum
2719 4807 2976 4864 quoque,_
3001 4789 3090 4858 qui
3123 4803 3218 4840 eos
3254 4789 3422 4842 inise-

1849 4873 1953 4917 rat.
2002 4859 2246 4932 Namqué
2296 4864 2579 4933 synodales
2601 4859 2858 4930 epistolas
2906 4859 3150 4933 mittens,
3198 4872 3421 4933 suorum

1850 4934 2026 4986 locum
2061 4928 2360 4987 tenentium
2384 4941 2440 4986 et
2468 4928 2750 4986 sermones
2782 4939 2835 4984 et
2864 4928 3190 4982 sententiam
3221 4937 3272 4981 et
3311 4929 3420 4980 cal-

1849 5004 2000 5056 culos
2030 5019 2140 5055 non
2166 5018 2377 5065 eorum,
2408 5004 2501 5056 sed
2538 5000 2909 5069 suimetipsius
2938 5013 3058 5052 esse
3087 5005 3424 5069 contestatur

1848 5083 1903 5125 et
1933 5073 2238 5126 conﬁrmat.
2288 5072 2354 5124 Et
2403 5074 2446 5126 si
2499 5071 2632 5124 nihil
2669 5073 2772 5122 tale
2811 5069 3044 5131 adesset,
3079 5075 3258 5119 tamen
3293 5068 3424 5119 satis

1848 5142 2171 5209 abundeque
2219 5149 2322 5200 est.
2375 5142 2419 5194 si
2470 5141 2588 5195 loco
2637 5141 2719 5193 sui
2767 5139 2978 5192 dederit
3025 5152 3140 5209 eos,
3193 5135 3284 5204 qui
3316 5152 3422 5209 una

1849 5212 2009 5264 simul
2045 5205 2099 5263 in
2129 5212 2332 5277 synodo
2364 5210 2688 5270 assiderent.
2721 5223 2894 5277 eaque
2939 5222 3062 5260 cum
3112 5206 3276 5259 ﬁnem
3322 5205 3420 5258 ba-

1850 5281 2074 5343 buisset,
2141 5277 2442 5334 faterentur
2495 5281 2787 5351 persistere
2846 5291 3307 5348 perseverareque
3365 5277 3419 5330 in

1849 5351 2106 5403 decretis.
2142 5370 2159 5402 ι

1921 5419 2031 5488 (80)
2061 5421 2128 5473 At
2165 5419 2444 5472 enimvero
2479 5419 2615 5472 nihil
2645 5417 2842 5472 melius
2882 5425 2984 5481 est,
3016 5432 3177 5485 quam
3219 5416 3417 5488 utipsa

1849 5487 2003 5544 saera
2025 5491 2188 5543 verba
2213 5491 2516 5548 audiamus.
2549 5489 2662 5543 sive
2690 5507 2703 5542 :
2729 5488 2798 5541 At
2824 5503 2954 5541 vero
2984 5489 3254 5557 optimum
3272 5487 3417 5557 t'ac.u

1849 5562 1955 5613 erit
1989 5559 2102 5628 ipsa
2135 5561 2248 5612 haec
2292 5575 2441 5613 sacra
2483 5559 2643 5612 verba
2692 5559 2880 5613 audire
2915 5585 2966 5628 έ-
3012 5550 3162 5609 οὐδὲν
3198 5550 3309 5628 οἷον
3344 5556 3417 5608 ita

1850 5629 1991 5699 apud
2013 5626 2019 5628 Ἴ
2045 5628 2323 5682 Platonem
2375 5631 2428 5682 in
2462 5628 2681 5697 Gorgia,
2717 5627 3139 5699 Demosthenem
3177 5626 3418 5692 aliosque

1850 5698 2100 5753 auctores
2123 5700 2378 5754 classicos
2403 5701 2660 5759 occurrit,
2690 5709 2748 5752 ut
2769 5698 3106 5768 grammatici
3134 5704 3342 5768 notant.

1921 5769 2032 5840 (81)
2087 5768 2214 5823 Scil.
2274 5769 2564 5824 concilium
2621 5764 3090 5827 Chalcedonense,
3146 5783 3211 5819 ex
3263 5764 3421 5833 cujus

3037 5862 3109 5920 1'2
