3956 6486
203 507 281 570 355
1201 494 1299 552 DE
1340 493 1400 552 S.
1445 492 1798 552 SPIRITUS
1836 491 2336 551 MYSTAGOGIA.

3311 485 3415 546 306

198 617 358 679 ἕτερον
387 603 686 672 σύμϐολον
707 598 830 664 τοῖς
867 597 1189 652 ἐθέλουσιν
1222 599 1609 667 ἐπιστρέφειν
1639 603 1721 660 εις

1852 614 2004 667 copas
2045 599 2111 651 ab
2155 600 2460 666 episcopatu
2487 605 2534 649 et
2574 596 2787 650 clericos
2817 614 2848 649 α
2879 597 3040 660 clero,
3076 598 3122 650 si
3163 614 3278 650 vero
3308 617 3417 652 ino-

198 706 469 772 ἐπίγνωσιν
518 692 626 760 τῆς
667 692 953 757 ἀληθείας
995 692 1064 755 ἐξ
1108 692 1512 759 Ἑλληνισμοῦ
1570 690 1607 758 ἢ
1656 693 1724 755 ἐξ

1833 691 1986 743 nar/ii
2014 702 2108 743 aut
2143 691 2266 743 laici
2293 689 2488 759 fuerint
2519 689 2987 742 anathematizari.

206 792 529 862 ἰουὸαϊο-μοῦ
569 789 682 858 (92)
727 789 764 856 ἢ
795 787 946 856 γοῦν
971 787 1041 850 ἐξ
1079 787 1364 855 αἱρέσεως
1395 786 1862 854 οἱασδηποτοῦν,
1925 787 2198 852 τούτους,
2235 789 2286 838 εἰ
2342 785 2460 854 μὲν
2487 781 2612 838 εἷεν
2641 786 2963 838 ἐπίσκοποι
3017 786 3053 852 ἢ
3117 783 3420 852 κληρικοὶ.

196 889 498 953 ἀλλοτρίους
548 880 702 936 εἶναι
740 881 884 946 τοὺς
918 881 1296 946 ἐπισκόπους
1332 880 1442 948 τῆς
1476 879 1841 947 ἐπισκοπῆς,
1911 881 2010 934 καὶ
2052 881 2195 947 τοὺς
2241 880 2567 948 κληρικοὺς
2597 880 2704 934 τοῦ
2772 880 3037 948 κλήρου·
3103 882 3158 933 εὶ
3217 880 3286 932 δὲ
3315 899 3418 948 μοο

194 980 424 1042 νὰζοντες
475 977 511 1042 ἣ
570 975 770 1029 λαῖκοὶ
817 970 972 1037 εἷεν,
1028 973 1561 1042 ἀναθεματίζεσθαι
1614 972 1838 1036 αὐτούς
1874 973 2009 1041 (95).

248 1074 340 1129 πα¹,
379 1069 728 1141 Ἐμϐλέψατε,
743 1069 793 1120 oi
810 1069 1002 1136 τυφλοὶ
1025 1068 1158 1138 (94),
1189 1070 1282 1121 καὶ
1296 1068 1565 1120 ἀκούσατε
1587 1066 1721 1135 (9Ξ),

192 1171 231 1223 oi
259 1165 426 1233 κωφοὶ,
445 1160 534 1224 οὒς
558 1160 618 1212 τὸ
650 1159 841 1222 σκότος
869 1160 1203 1230 κατέχειτῆς
1237 1159 1526 1229 αἱρετικῆς
1553 1162 1722 1225 ἐγκα-

192 1259 419 1328 θημένους
454 1252 659 1314 δύσεως
717 1250 853 1320 (96)·
1076 1252 1418 1304 ὲνατενίσατε
1477 1249 1614 1319 πρὸς
1665 1249 1724 1301 τὸ

189 1351 417 1417 ὰεέφωτον
469 1342 566 1411 τῆς
631 1342 959 1412 Ἑκκλησίας
1007 1344 1209 1410 φέγγος
1263 1343 1357 1394 καὶ
1413 1340 1722 1410 ἐμϐλέψατε

189 1441 297 1511 πρὸς
325 1438 408 1490 τὸν
435 1437 676 1504 γενναῖον
700 1435 906 1486 Λέοντα
929 1449 944 1464 ⁸
987 1435 1188 1504 μᾶλλον
1217 1435 1272 1486 δὲ
1302 1433 1399 1502 τῆς
1427 1434 1520 1486 τοῦ
1554 1431 1724 1485 Ilvati-

189 1549 347 1600 ματος,
372 1523 454 1581 οἷα
488 1527 554 1579 δι’
602 1524 770 1579 αὐτοῦ
822 1525 1072 1590 σαλπίζει
1135 1526 1258 1578 καθ’
1299 1526 1482 1595 ὑμῶν,
1541 1526 1729 1577 ἐνωτί-

185 1627 321 1678 σασθε
344 1621 447 1690 (9'7)
482 1621 783 1688 σάλπιγγος
804 1635 818 1647 ·
852 1621 948 1672 καὶ
981 1619 1213 1690 φρῖξατε
1239 1621 1287 1671 εἰ
1315 1621 1388 1689 μή
1420 1635 1542 1670 τινα
1571 1617 1729 1670 ἄλλον

181 1713 575 1784 δυσωπούμενοι,
604 1712 746 1764 ἀλλὰ
769 1729 833 1779 γε
866 1711 957 1764 τὸν
987 1711 1254 1780 ὑμέτερον
1287 1711 1509 1780 Πατέρα
1528 1724 1544 1741 ⁸
1589 1709 1729 1778 μᾶλ-

180 1809 252 1860 λον
275 1808 324 1859 δὲ
353 1807 416 1858 δι’
461 1804 629 1858 αὐτοῦ
671 1806 764 1857 καὶ
793 1805 919 1867 τοὺς
970 1803 1182 1867 ἄλλους,
1219 1804 1268 1855 οἳ
1302 1802 1411 1872 (98)
1445 1804 1563 1864 ταῖς
1590 1818 1730 1870 προ-

1909 1067 1998 1119 8i.
2031 1065 2314 1136 Inspicite,
2348 1065 2502 1128 caeci,
2527 1074 2583 1119 et
2609 1065 2817 1129 audite,
2847 1063 3130 1134 surdi,qui
3173 1064 3224 1117 in
3267 1077 3416 1119 tene-

1833 1161 1946 1214 hris
1969 1159 2213 1213 haeretici
2253 1173 2480 1212 occasus
2511 1157 2735 1224 sedetis,
2760 1157 2986 1212 intentis
3002 1158 3228 1225 aspicite
3250 1159 3422 1212 oculis

1839 1254 2013 1306 lucem
2052 1251 2307 1304 Ecclesiae
2350 1258 2615 1320 perpetuo
2645 1249 2964 1318 fulgentem,
3021 1260 3077 1302 et
3131 1249 3418 1302 intuemini

1833 1354 2120 1398 strenuum
2158 1344 2420 1409 Leonem,
2457 1343 2568 1396 imo
2599 1343 2782 1411 potius
2815 1341 3052 1412 Spiritus
3085 1343 3266 1396 tubam
3289 1343 3418 1412 quia

1834 1453 1929 1505 per
1953 1437 2100 1489 illum
2130 1436 2440 1498 ebuccinct,
2471 1435 2677 1498 audite,
2723 1445 2886 1502 atque
2940 1435 3335 1498 exhorrescite,
3376 1436 3418 1488 si

1828 1544 1940 1580 non
1973 1529 2140 1581 alium
2185 1543 2535 1596 quemquam,
2566 1537 2620 1580 at
2665 1527 2858 1581 saltem
2900 1527 3119 1580 Patrem
3175 1536 3420 1580 vestrum

1830 1620 2072 1682 reveriti,
2104 1620 2214 1673 imo
2247 1620 2428 1690 potius
2454 1635 2553 1689 per
2593 1620 2772 1688 ipsum
2804 1627 2859 1671 et
2888 1628 3138 1683 caeteros,
3164 1619 3254 1687 qui
3279 1619 3423 1687 prio-

1831 1713 1982 1766 ribus
2022 1713 2244 1782 synodis
2302 1713 2720 1780 acquiesccntes
2780 1711 2920 1764 inter
2963 1709 3197 1764 eximios
3235 1709 3423 1764 Patres

1830 1815 2206 1860 recensentur.
2253 1805 2334 1858 Tu
2371 1804 2557 1860 Patres
2579 1805 2833 1859 nominas
2863 1804 3251 1874 Augustinum,
3297 1802 3423 1857 llic-

183 1896 440 1958 >.α6οὑσαις
471 1897 712 1959 συνόδοις
747 1894 1170 1966 εὐαρεστοῦντες
1209 1893 1318 1963 (99)
1347 1895 1426 1956 εἰς
1452 1894 1544 1947 τὸν
1568 1894 1730 1965 χορὸν

1851 1912 2120 1967 -onymum
2143 1908 2199 1951 et
2224 1897 2359 1950 alios
2391 1897 2633 1961 similes;
2669 1913 2732 1950 ac
2769 1907 2929 1965 recte
2980 1897 3134 1955 lacis,
3191 1911 3298 1949 non
3352 1896 3424 1949 ob

177 1989 266 2040 τῶν
294 1988 524 2056 λογάδων
578 1989 844 2058 Πατέρων
899 1989 1292 2056 ἐγγράφονται.
1355 1987 1427 2039 Σὺ
1476 1986 1730 2056 Πατέρας

176 2079 439 2149 ὀνομάζεις
467 2081 838 2146 Αὐγουστῖνον
863 2080 958 2131 καὶ
992 2077 1318 2149 Ἱερώνυμον
1338 2077 1431 2130 καὶ
1456 2077 1731 2147 τοιούτους

174 2171 368 2234 ἄλλους’
404 2171 590 2234 καλῶς
622 2189 685 2238 γε
718 2174 915 2234 ποιεῖς,
967 2171 1066 2224 οὐκ
1102 2170 1186 2236 ἐφ’
1231 2165 1313 2234 οἷς
1347 2170 1557 2232 καλεῖς,
1613 2170 1728 2220 ἀλλ’

174 2262 241 2312 ὅτι
269 2261 335 2330 μὴ
370 2260 459 2312 xui.
494 2260 598 2330 τὴν
641 2259 904 2328 ἀθέτησιν
956 2261 1054 2328 τῆς
1087 2259 1363 2330 πατρικῆς
1399 2259 1578 2311 αὐτῶν
1610 2257 1731 2310 ὀνο-

177 2354 351 2420 μασίας
382 2351 570 2422 σαυτῷ
620 2355 796 2413 ποιεῖς
859 2351 1268 2420 σεμνολόγημα.
1307 2349 1417 2403 Καὶ
1473 2352 1520 2402 εἰ
1570 2350 1734 2420 μέχρι

173 2445 336 2497 τούτου
365 2445 424 2496 τὸ
454 2446 590 2513 περ).
616 2445 726 2497 τῶν
762 2445 1017 2516 [ἱατὲρων
1044 2460 1126 2496 σοι
1173 2443 1471 2512 μηχάνημα
1514 2442 1732 2512 προῄει,

168 2539 272 2590 ὄςον
297 2534 363 2608 ἦν
389 2539 594 2608 ἀτελὴς
615 2540 647 2606 ἡ
685 2538 1018 2606 κακουργία,
1047 2536 1303 2588 τοσοῦτον
1335 2535 1402 2588 ἂν
1433 2535 1735 2606 μετριώτειο

173 2643 247 2698 ρον
277 2629 466 2700 ἀπῄτει
505 2633 610 2701 τὴν
640 2629 819 2698 δίκην.
853 2629 1077 2698 ’Λρχειν
1115 2627 1226 2696 γὰρ
1258 2627 1566 2697 ἁσεϐούσης
1595 2629 1735 2695 γνώ-

169 2739 279 2791 μης,
308 2724 384 2785 εἰς
415 2721 580 2784 τέλος
629 2722 686 2774 δὲ
731 2721 806 2791 μὴ
855 2720 1072 2788 ἐξάγειν
1119 2719 1345 2789 ταύτην,
1381 2721 1736 2791 περικόπτειν

169 2814 266 2863 ἐστὶ
315 2813 410 2881 τὴν
455 2812 804 2883 σφοδρότητα
835 2811 928 2864 τοῦ
958 2812 1151 2879 ἄγους·
1179 2811 1240 2862 τὸ
1270 2812 1328 2865 δὲ
1365 2812 1598 2882 πραΰνει
1643 2813 1737 2864 καὶ

166 2903 560 2973 έξευμενίζεται
605 2905 666 2956 τὸ
719 2904 1100 2974 ἀπαραίτητον
1135 2904 1234 2973 τῆς
1264 2904 1443 2976 δίκης.
1483 2905 1732 2975 Πατρὰσι

165 2991 366 3050 καθ’ὧν
399 2996 818 3064 ὲνασελγαίνεις
878 2980 1274 3067 μορμολύττειν
1319 2997 1468 3065 ἡμᾶς
1541 2995 1734 3061 ἔγνως.

179 3093 350 3146 Ἀλλ’ἱό
397 3111 462 3162 γε
501 3092 618 3146 τῶν
655 3093 917 3163 Πατὲρων
963 3091 1146 3162 χορὸς,
1191 3091 1284 3155 οὒς
1331 3091 1475 3145 κατὰ
1508 3095 1608 3160 τῆς
1640 3093 1739 3159 σῆς

169 3188 395 3257 μηχανῆς
433 3184 814 3254 προϐάλλεται
861 3187 894 3254 ἠ
950 3184 1229 3244 εὐσέϐεια,
1287 3185 1529 3252 Πατέρες
1565 3184 1739 3236 Πατέ-

167 3295 263 3346 ρων
293 3277 366 3349 (Ι)
406 3278 558 3330 εἶσίο
594 3278 692 3330 καὶ
741 3276 850 3347 γὰρ
885 3278 966 3328 ὃτι
1007 3277 1102 3329 καὶ
1136 3275 1315 3328 αὐτῶν
1363 3276 1609 3336 ἐκείνων,
1651 3275 1742 3338 οὒς

165 3367 397 3436 νομίζετε
437 3367 726 3437 Πατέρας,
780 3367 882 3419 οὐκ
939 3367 1005 3421 ἂν
1059 3366 1422 3436 ἀρνηθείητε·
1482 3370 1529 3418 εἰ
1575 3366 1632 3420 δέ
1681 3383 1745 3432 γε

165 3459 324 3526 ὑμεῖς,
359 3458 477 3512 ἀλλ’
515 3459 625 3512 οὐκ
654 3461 875 3512 ἐκεῖνοι.

222 3549 326 3618 πβ’,
374 3551 712 3620 Ἐννοήσατε
757 3549 850 3602 τὸν
904 3549 1205 3620 ὀμόθρονον
1243 3550 1457 3613 τούτοις
1501 3550 1596 3602 καὶ
1645 3550 1744 3618 τὴν

157 3638 302 3705 δόξαν
325 3642 668 3705 ἰσοστάσιον,
691 3642 782 3694 τὸν
800 3641 1012 3695 κλεινὸν
1040 3642 1279 3711 Βιγίλιον
1297 3643 1372 3710 (2)
1395 3659 1407 3671 ”
1427 3645 1492 3712 τῇ
1514 3644 1743 3715 πέμπτῃ

161 3733 248 3799 μὲν
273 3735 366 3786 καὶ
400 3733 526 3806 [86]
563 3735 726 3796 αὐτὸς
770 3735 1086 3806 ἐφειστήκει
1143 3733 1374 3805 συνόδῳ⁶
1434 3737 1745 3804 οἱκουμενιι-

160 3825 260 3885 κοῖς
307 3825 383 3891 {5)
412 3825 474 3877 δὲ
538 3825 637 3877 καὶ
684 3823 826 3893 αὐτὴ
879 3823 955 3894 (4)
1020 3824 1114 3877 κα)⁸
1162 3824 1341 3890 ἁγίοις
1398 3824 1748 3894 ψηφίσμασιν

156 3915 598 3989 ἐλλαμπρύνεται
643 3917 740 3987 (5).
799 3909 969 3979 Οὗτος
994 3913 1088 3970 οὖν
1140 3913 1227 3970 οἷα
1259 3918 1322 3987 δὴ
1353 3918 1534 3971 κανὼν
1565 3920 1747 3988 ἀπαρ-

155 4008 406 4081 ἐγκλητος
466 4012 553 4080 (6)
587 4011 700 4072 τοῖς
735 4010 918 4081 ὀρθοῖς
953 4010 1126 4078 αὐτῆς
1153 4011 1592 4080 ὲνσρμοζὸμενος
1622 4013 1746 4081 δόγ-

156 4119 276 4168 μασι
331 4104 437 4174 (7),
492 4103 570 4156 τά
601 4120 658 4155 τε
681 4101 816 4157 ἄλλα
852 4100 1176 4172 συμφώνους
1203 4103 1396 4171 ἀφίησι
1427 4103 1612 4168 φωνὰς
1640 4105 1739 4173 (8),

155 4195 324 4247 καὶτὸ
359 4196 654 4262 πανὰγιον
686 4195 781 4248 καὶ
809 4194 1098 4264 ὀμοούσιον
1127 4194 1352 4265 Πνεῦμα
1388 4198 1503 4258 τοῖς
1544 4213 1603 4248 τε
1635 4198 1744 4268 πρὸ

1839 2005 2064 2046 causam
2089 2001 2311 2060 propter
2341 2006 2502 2058 quam
2523 1990 2642 2043 illos
2671 1989 2891 2058 allegas.
2915 1988 3006 2042 sed
3028 1988 3155 2058 quia
3181 1987 3275 2042 tibi
3312 2003 3422 2043 non

1833 2084 2018 2154 gloriae
2069 2084 2238 2138 vertis
2284 2091 2578 2152 paternum
2623 2081 2867 2151 ipsorum
2925 2096 3124 2134 nomen
3175 2088 3422 2135 contem-

1833 2192 1985 2230 nere.
2007 2174 2074 2230 Et
2122 2190 2254 2228 sane
2298 2174 2343 2228 si
2378 2189 2621 2243 eousque
2656 2182 2809 2226 tuttm
2848 2173 2916 2226 de
2968 2172 3220 2225 Patrihus
3255 2171 3425 2225 artiﬁ-

1834 2267 1980 2322 cium
2016 2269 2586 2336 procederet,quanto
2622 2273 2766 2318 esset
2801 2262 3177 2332 imperfectius
3214 2261 3425 2317 maleﬁ-

1835 2359 2004 2422 cium,
2055 2367 2206 2412 tanto
2251 2358 2525 2411 mitiorem
2585 2371 2804 2426 pmnam
2863 2356 3125 2427 exigeret.
3159 2355 3424 2410 lnchoare

1837 2450 1980 2504 enim
2000 2451 2226 2518 impium
2255 2449 2567 2515 consilium,
2599 2448 2729 2502 illud
2757 2463 2890 2502 vero
2919 2449 2986 2502 ad
3013 2447 3178 2501 ﬁnem
3211 2462 3424 2516 nequa-

1837 2559 2001 2611 quam
2036 2523 2357 2611 perditcere,
2391 2542 2534 2595 idem
2565 2550 2648 2594 est
2670 2549 2831 2610 atque
2858 2555 3106 2595 resecare
3129 2541 3423 2595 vehemen-

1840 2632 1972 2685 tiam
2027 2631 2269 2692 sceleris,
2333 2630 2477 2698 quod
2519 2629 2709 2698 utique
2737 2629 2948 2699 mitigat
2977 2628 3218 2697 lenitque
3251 2641 3426 2696 pceua:

1841 2725 2098 2790 rigorem.
2146 2720 2319 2774 Larva
2380 2720 2629 2781 Patrum,
2687 2729 2878 2774 contra
2932 2735 3072 2789 quos
3116 2719 3423 2782 lnsolescis,

1843 2814 2094 2868 territare
2127 2829 2230 2867 nos
2280 2813 2376 2866 tibi
2436 2813 2793 2882 pmposuisti.
2847 2814 2916 2866 At
2969 2812 3189 2866 Patrum
3249 2820 3425 2865 cretus

1816 2924 1980 2977 -quos
2021 2919 2130 2961 tua:
2160 2907 2429 2960 machinm
2477 2905 2670 2975 objicit
2733 2904 2931 2974 pietas,
2989 2903 3177 2959 Patres
3205 2903 3425 2958 Patrum

1842 3009 2005 3066 sunt;
2069 3013 2247 3067 neque
2302 2997 2448 3051 enim
2488 2997 2702 3050 inﬁcias
2755 2997 2928 3060 ibitis,
2989 2998 3152 3050 etiam
3212 2996 3425 3049 illorum

1846 3092 1946 3145 hos
1981 3106 2102 3144 esse
2130 3092 2340 3153 Patres,
2372 3105 2514 3158 quos
2559 3105 2656 3143 vos
2718 3105 2819 3158 pro
2875 3087 3131 3143 Palribus
3179 3089 3426 3153 habetis;

1844 3184 2032 3251 quodsi
2064 3183 2117 3237 id
2148 3197 2243 3236 vos
2275 3181 2504 3252 negetis,
2523 3189 2581 3234 at
2608 3180 2682 3234 illi
2709 3191 2858 3235 certe
2881 3195 2992 3235 non
3018 3180 3318 3252 negabunt.

1915 3551 2006 3607 8'2.
2032 3551 2395 3608 Considerate
2442 3553 2704 3626 inclytum
2743 3554 2999 3627 Vigilium
3036 3566 3092 3612 et
3136 3557 3335 3613 throno
3375 3569 3427 3615 et

1843 3646 2009 3716 gloria
2031 3645 2114 3699 bis
2145 3647 2448 3715 :equalem;
2483 3647 2690 3716 quintae
2734 3649 2823 3703 hic
2865 3665 3082 3720 quoque
3111 3651 3318 3720 synodo
3343 3667 3430 3706 as-

1847 3738 2094 3800 sistebat,
2127 3751 2247 3808 qure
2278 3740 2635 3795 mcmnenicis
2665 3753 2820 3810 aeque
2858 3741 3170 3810 sanctisque
3198 3743 3432 3798 decretis

1846 3830 2061 3883 claruit.
2089 3828 2186 3884 llic
2236 3847 2365 3901 ergo
2402 3833 2555 3901 quasi
2593 3849 2786 3886 norma
2835 3833 3141 3889 rectissima
3185 3835 3432 3906 nihilque

1848 3922 2150 3975 deflectens
2176 3922 2342 3976 rectis
2363 3923 2510 3978 illius
2546 3924 2892 3994 dogmatibus
2935 3941 3056 3980 sese
3083 3924 3433 3981 conlormans

1848 4023 1964 4068 tum
1994 4015 2048 4067 in
2081 4015 2295 4068 caeteris
2332 4031 2602 4070 consonas
2647 4018 2851 4071 emittit
2893 4033 3072 4081 voces,
3131 4027 3243 4072 tum
3275 4035 3432 4075 sanc-

1852 4107 2124 4162 tissimnm
2150 4109 2783 4178 consubstantialemque
2811 4109 3076 4182 Spiritum
3102 4112 3294 4182 aequali
3313 4129 3436 4168 cum

1855 4200 2250 4254 vetustioribus
2305 4216 2409 4256 nec
2458 4217 2566 4255 non
2637 4217 2760 4257 cum
2818 4219 2931 4258 suae
2961 4204 3138 4258 mtatis
3189 4204 3437 4260 Patribus

1248 4353 1483 4410 νιιιιᾹε
1527 4355 1911 4412 LElZTlONES
1953 4357 2039 4412 ET
2106 4355 2344 4414 ΝΟΤᾸΞ.

210 4491 318 4560 (92)
345 4492 469 4547 Sic.
507 4493 637 4548 cod.
670 4491 836 4546 Palat.
864 4509 986 4545 cum
1012 4492 1097 4546 ed.
1131 4507 1287 4545 conc.
1313 4489 1536 4555 Chalc.;
1574 4490 1746 4544 Vatic.

151 4558 183 4612 l.
210 4558 310 4614 9.06
345 4578 360 4615 :
413 4564 514 4630 Ἐξ
573 4562 912 4629 Ἰουδαϊσμοῦ
945 4564 975 4631 ἣ
1010 4563 1067 4624 ἐξ
1120 4561 1502 4629 Ἑλληνισμοῦ.

211 4633 321 4699 (95)
347 4633 440 4687 Cf.
473 4649 674 4703 opusc.
702 4641 891 4687 contra
917 4643 1022 4686 vet.
1054 4631 1492 4703 Romazasseclas
1509 4646 1626 4703 cap.
1655 4631 1741 4685 lO.

213 4704 322 4770 (94)
368 4701 645 4766 Allatius,
677 4704 770 4772 qui
809 4704 1021 4771 (contra
1054 4702 1364 4773 Creygthon
1387 4717 1440 4769 p.
1470 4701 1598 4765 2M)
1629 4703 1746 4756 haec

147 4775 300 4826 verba
333 4775 433 4828 dat
477 4790 660 4842 usque
692 4775 759 4826 ad
791 4773 879 4827 illa
914 4791 926 4826 :
959 4774 1080 4825 Τῶν
1103 4773 1234 4843 λογε
1257 4775 1515 4843 Ιιατέρων
1545 4775 1746 4841 ὲγγρὰο

145 4860 327 4916 (vergat
350 4889 366 4910 ,
403 4845 590 4916 legit:
635 4843 1001 4916 ’Ep.6).ét,'4_a'r£,
1048 4842 1258 4916 τυφλοί.

208 4912 318 4984 (95)
352 4912 491 4968 (ὈΙῘ
528 4931 580 4984 p.
618 4915 722 4967 506
762 4913 952 4982 τυφλοὶ
983 4914 1277 4966 ἀκούσατε.

207 4981 321 5053 (96)
368 4981 772 5038 Occidentales
828 4981 1044 5037 Sttlnmo
1090 4984 1231 5036 fastu
1285 4993 1637 5051 aspernatum
1692 4990 1750 5034 et

140 5055 259 5105 odio
294 5064 673 5123 prosecutum
703 5070 824 5109 esse
859 5053 1112 5107 Photium
1143 5053 1252 5122 jam
1278 5069 1341 5106 ex
1368 5053 1612 5120 epistolis
1632 5055 1750 5114 ejus

142 5125 312 5194 cdocti
355 5127 562 5194 plures
612 5125 845 5194 eruditi.
877 5124 1017 5179 inter
1051 5140 1186 5194 quos
1234 5123 1488 5194 Neander
1512 5125 1565 5176 in
1610 5123 1745 5176 Hist.
1787 5168 1796 5178 .

139 5193 254 5248 (vel.
276 5193 672 5250 obécrvarunt
695 5195 797 5249 .Cl‘.
833 5193 991 5248 Phot.
1019 5193 1180 5264 epist.
1205 5194 1292 5259 84,
1318 5194 1385 5248 ad
1408 5193 1572 5249 Marc.
1599 5210 1748 5248 mon.

211 5266 325 5333 (97)
366 5267 550 5319 Allat.
592 5267 627 5320 I.
661 5281 711 5320 c.
751 5267 1067 5319 ὲνωτίσατε.

211 5336 324 5402 (98)
368 5337 566 5389 Codd.
604 5346 658 5390 et
690 5337 851 5390 Allat.
892 5338 964 5388 oi.

205 5408 323 5474 (99)
371 5408 514 5459 Col.
547 5407 992 5475 ὲναρεοτοῦντες.

207 5473 549 5543 (l)Patres
591 5473 814 5530 Patrum
865 5484 1024 5529 vocat
1075 5473 1303 5528 Photius
1350 5492 1447 5530 eos
1504 5479 1755 5532 doctores

145 5542 395 5628 latinos,
433 5562 586 5616 quos
619 5548 736 5628 ipse
767 5556 966 5628 contra
999 5547 1371 5628 adversarium
1410 5557 1578 5628 testes
1628 5563 1757 5628 pro-

139 5618 262 5686 lc-rt.
308 5617 618 5670 Romanos
642 5617 903 5671 nimirum
939 5617 1223 5686 pontiﬁces
1263 5625 1374 5670 tum
1420 5619 1553 5672 alias
1595 5617 1757 5671 uobi-

1859 4495 1990 4566 rint,
2022 4513 2040 4545 ι
2079 4495 2291 4551 scilicet
2317 4515 2328 4549 :
2363 4494 2512 4561 Quos
2544 4509 2644 4566 ego
2672 4495 2782 4549 cito
2811 4495 3092 4552 Romanos
3122 4498 3434 4566 pontiﬁces,

1845 4565 2008 4638 etiam
2032 4567 2376 4629 Ambrosius,
2407 4565 2744 4638 Augustinus
2773 4575 2827 4638 ct
2857 4568 3062 4634 caeteri,
3097 4565 3233 4638 quos
3256 4569 3436 4637 jacta-

1853 4636 1921 4688 tis
1947 4635 2225 4696 doctores,
2258 4639 2407 4690 velut
2432 4635 2625 4688 Patres
2656 4634 2958 4690 habebunt.

1923 4706 1999 4779 (δέ)
2042 4705 2131 4758 Sic
2162 4707 2332 4779 Palat.
2361 4715 2415 4760 et
2443 4705 2656 4779 Colum.
2689 4721 2778 4772 ap.
2810 4706 3044 4779 Maium;
3097 4706 3272 4762 Vatic.
3303 4710 3436 4779 Βρ-

1851 4775 2073 4846 γιλλιον,
2111 4792 2142 4846 ρ
2167 4786 2221 4830 et
2246 4777 2416 4846 altero
2462 4775 2491 4826 λ
2534 4779 2917 4844 suprapositis.
2948 4777 3110 4831 Allat.
3150 4779 3268 4834 loco
3309 4775 3437 4835 mox

1850 4845 2066 4897 Citando
2090 4845 2118 4898 :7
2139 4845 2428 4914 Βιγίλλιον.

1927 4917 2002 4982 (5)
2048 4915 2217 4986 Palat.
2252 4926 2307 4969 et
2343 4917 2556 4971 Colum.
2602 4916 3029 4986 οἱκουμενικαῖς.

1927 4986 2002 5055 (li)
2044 4984 2199 5059 Apud
2233 4987 2396 5059 Allat.
2451 4995 2506 5040 et
2532 4985 2650 5041 Col.
2691 4984 2880 5056 p.307
2924 4986 3086 5059 αὕτη.
3125 4989 3295 5044 Palat.
3331 4992 3437 5046 Co-

1853 5057 1986 5109 lum.
2027 5065 2081 5126 et
2119 5055 2236 5109 Vat.
2269 5057 2430 5126 αὕτη.

1927 5126 2004 5197 (5)
2039 5125 2252 5197 Colum.
2286 5125 2756 5197 ἐκλαμπρύνεται.

1927 5195 2003 5266 (li)
2041 5195 2134 5250 Sic
2174 5197 2343 5250 Palat.
2379 5195 2437 5251 et
2468 5195 2706 5264 C01um.,
2752 5195 2928 5252 Vatic.
2965 5208 3022 5252 et
3054 5199 3217 5254 Allat.
3251 5202 3438 5272 ἀπαρ-

1854 5267 2123 5320 ἐγκλιτος.

1921 5283 2123 5319 κΛιτος.

1883 5283 2339 5418 γῖέΐῇυοιιεςιιιε
2377 5344 2557 5394 textus
2572 5337 2743 5418 huius
2775 5339 3188 5418 cap.ﬂallc_gatur
3215 5356 3244 5394 a
3278 5340 3434 5418 Maio,

1856 5407 2116 5478 quihanc
2146 5409 2455 5461 versionem
2503 5410 2735 5477 subjecit
2770 5425 2783 5460 :
2825 5428 2843 5458 ι
2884 5407 3239 5465 Considerate
3273 5411 3436 5465 etiam

1858 5477 2013 5550 sedis,
2052 5492 2451 5550 successorem,
2485 5496 2596 5538 non
2633 5479 2841 5550 minore
2883 5479 3051 5548 gloria
3101 5481 3436 5550 fulgentem,

1858 5547 2137 5621 Vigilinm,
2174 5548 2273 5621 qui
2309 5557 2365 5601 et
2403 5549 2519 5618 ipse
2555 5548 2762 5619 synodo
2811 5547 3015 5621 quinta:
3049 5547 3280 5621 pr:cluit.
3316 5568 3438 5618 (ΙΙΙὶΒ

1861 5619 2218 5672 (ecumcnicis
2255 5635 2411 5684 a-que
2438 5621 2752 5688 sanetisque
2802 5619 3061 5675 decretis
3086 5621 3302 5675 claruit.
3340 5623 3440 5672 llic

140 5683 373 5740 lissimis
442 5688 626 5740 titulis
660 5703 687 5740 a
724 5702 784 5740 se
817 5683 1111 5758 exornatas
1153 5696 1267 5758 tum
1320 5687 1410 5741 hic
1462 5687 1759 5758 magisterii

137 5759 347 5812 suntmi
426 5758 798 5826 praerogativa
855 5757 1163 5827 insignitos.
1222 5757 1469 5811 Notanda
1537 5760 1697 5812 verba
1745 5774 1757 5810 :

142 5844 158 5896 ᾳ
210 5827 380 5891 Quod
403 5843 556 5881 vero
580 5831 743 5882 etiam
767 5843 978 5888 eorum,
1008 5843 1145 5895 quos
1177 5844 1273 5881 νιιὸ
1300 5829 1511 5881 habetis
1550 5829 1758 5896 Patres,

140 5895 174 5945 ii
226 5899 436 5951 Patres
473 5899 772 5961 exsistant,
810 5915 917 5950 non
975 5897 1130 5968 facile
1186 5899 1547 5968 negaveritis;
1599 5908 1654 5951 et
1714 5900 1759 5952 si

143 5977 244 6022 vos
283 5969 545 6040 quidem
577 5972 808 6042 negatis,
856 5967 1001 6022 haud
1029 5975 1212 6022 tamen
1267 5967 1343 6024 illi
1387 5969 1488 6038 ipsi
1526 5985 1760 6040 negave-

1861 5705 1962 5744 ceu
2006 5690 2191 5758 regula
2221 5688 2570 5759 inculpabilis
2602 5689 2768 5744 rectis
2783 5689 2904 5758 ejus
2933 5692 3122 5760 synodi
3147 5690 3440 5745 sententiis

1861 5774 2189 5813 consonans.
2243 5778 2260 5808 ι

1935 5831 2010 5896 (8)
2054 5829 2302 5892 Photius,
2352 5831 2509 5896 epist.
2557 5831 2581 5883 1
2623 5829 2687 5883 ad
2732 5827 2893 5883 Mich.
2940 5847 2996 5884 n.
3036 5831 3122 5892 lii,
3171 5846 3224 5898 p.
3261 5828 3315 5881 ll
3373 5827 3442 5882 de

1862 5899 2277 5972 Vigiliodicit:
2327 5901 2629 5972 Ἐπεκύρου
2664 5899 2762 5968 τὴν
2811 5900 2995 5971 κοινὴν
3040 5899 3148 5953 τῶν
3183 5900 3441 5970 Ματέρων

1865 5968 2050 6022 πίστιν
2079 5968 2331 6040 λιεέλλῳ.

535 6133 564 6144 Ι
