3956 6444
251 467 344 530 3ἷ3
1322 463 1417 522 DE
1457 465 1519 524 S.
1562 463 2424 528 Sl’lRl-TUS'MYSTAGOGIA
2436 516 2449 528 .

3412 475 3517 537 37$

259 576 310 624 εν
341 568 418 638 τῷ
443 566 583 638 Υῐῷ,
617 567 843 631 εἰκότως
864 570 930 622 ἂν
955 567 1168 638 λέγοιτο
1199 571 1258 624 τὸ
1291 573 1514 643 Πνεῦμα
1541 576 1634 628 τοῦ
1663 577 1827 644 Υἱοῦ;

1938 579 2158 633 exhibet
2191 579 2324 633 illud
2375 577 2620 649 Apostoli
2659 581 3028 635 testimonium
3051 621 3066 646 ,
3102 580 3364 652 Spiritum
3403 603 3520 640 ma-

270 662 326 713 'll
353 661 460 728 γὰρ
492 659 609 730 (40)
640 661 698 712 ὲν
747 658 826 729 τῷ
867 661 983 731 Υίῷ
1015 661 1109 714 τοῦ
1143 663 1461 734 Πνεύματος
1512 668 1647 737 μονὴ
1685 670 1833 722 αἰτία

259 754 316 805 ἂν
336 753 432 804 οὐκ
461 751 679 822 ἀφανὴς
705 752 790 823 εἴη
815 753 937 806 οὐδὲ
966 755 1051 807 διὰ
1079 754 1200 824 βίας
1231 756 1438 825 ἄγουσα
1471 759 1609 830 πρὸς
1638 760 1830 825 πειθὼ,

257 843 336 897 διὰ
369 842 421 896 τί
448 843 671 917 λέγεται
704 845 765 899 τὸ
796 845 1020 916 Πνεῦμα
1057 848 1153 901 τοῦ
1185 849 1317 902 Υἰοῦ
1357 850 1490 920 (Mr
1531 854 1679 905 ποῖον
1723 853 1832 924 γὰρ

259 933 544 1004 ἐγγύτερον
593 936 980 1009 ήάποστολικὴ
1009 939 1208 1010 χρῆσις
1250 942 1534 1013 χαρίζεται
1569 947 1731 1010 νοεῖν,
1771 945 1835 998 τὸ

258 1026 472 1096 Πνεῦμα
526 1027 708 1098 μένειν
763 1031 822 1082 ὲν
873 1030 953 1098 τῷ
997 1029 1138 1101 Υἱῷ,
1195 1033 1227 1103 ἢ
1277 1035 1674 1104 ἐκπορεύεσθαι
1735 1038 1829 1090 τοῦ

257 1117 407 1183 Υἰοῦς
447 1119 653 1189 μᾶλλον
683 1121 740 1173 δὲ
769 1120 865 1173 καὶ
897 1122 1035 1192 αὐτή
1084 1139 1148 1189 γε
1191 1124 1224 1194 ἡ
1263 1123 1551 1196 σύγκρισις
1606 1126 1833 1197 ἀπειρό-

255 1211 429 1264 καλον.
475 1211 552 1264 Τὸ
603 1213 701 1282 μὲν
747 1212 857 1282 γὰρ
903 1213 932 1266 ὃ
963 1230 1023 1265 τε
1051 1212 1143 1265 τοῦ
1176 1214 1360 1267 κοινοῦ
1391 1216 1666 1271 Δεσπότου
1703 1216 1834 1271 σαλ-

260 1301 397 1367 πίζει
427 1303 752 1374 Βαπτιστὴς
795 1304 908 1374 (42)
941 1305 1038 1357 κα)¹
1068 1305 1097 1357 ό
1137 1304 1428 1375 προφήτης
1481 1305 1652 1359 πάλαι
1697 1323 1834 1378 προ-

258 1392 509 1456 θεσπίζεὶ.
545 1394 639 1448 καὶ
671 1395 833 1458 αὐτὸς
859 1397 888 1448 ό
919 1395 1111 1465 Σωτὴρ
1151 1395 1544 1464 ἀναγινώσκων
1569 1395 1629 1472 ro
1654 1396 1834 1465 λόγιον

258 1485 676 1552 ιπισφραγίζει·
732 1487 827 1538 καὶ
871 1485 1140 1557 ταύτηνή
1198 1485 1451 1538 εὐσέϐεια
1498 1485 1598 1556 τὴν
1650 1503 1833 1554 μυστ-

258 1589 499 1641 αγωγίαν
549 1576 759 1629 ἐκεῖθεν
787 1575 1030 1630 λαϐοῦσα
1061 1578 1197 1629 πᾶσι
1247 1579 1460 1639 πιστοῖς
1515 1577 1834 1642 διδάσκαλος

258 1666 530 1735 πρόκειται
553 1685 568 1699 ο
595 1670 660 1721 σὺ
683 1667 740 1720 δὲ
762 1669 870 1721 τῶν
896 1667 1142 1738 ζοφερῶν
1167 1667 1266 1738 τῆς
1289 1668 1609 1732 δυσσεϐείας
1632 1668 1834 1732 ἀναδὺς

258 1759 451 1817 πυλῶν.
495 1760 622 1811 ἀντὶ
648 1759 743 1812 τοῦ
777 1760 1078 1828 δοξολογεῖν
1127 1777 1186 1812 σε
1217 1761 1280 1812 τὸ
1309 1759 1533 1830 Πνεῦμα
1571 1761 1750 1830 μένειν
1773 1762 1832 1813 ὲν

255 1849 325 1920 τῷ
361 1850 474 1922 Υίῷ
503 1851 603 1903 καὶ
646 1851 739 1904 ἐπὶ
770 1852 861 1905 τὸν
895 1853 1046 1918 Υἱὸν,
1092 1851 1385 1922 θεομαχεῖς
1429 1853 1834 1922 ἐκπορεύεσθαι

1937 684 2070 722 nere
2111 670 2163 722 in
2218 668 2385 734 Filio,
2432 685 2500 722 an
2546 671 2840 740 procedere
2871 688 2901 726 a
2942 671 3120 726 Filio?
3156 674 3272 728 lmo
3301 685 3357 730 et
3405 677 3524 730 haec

1937 760 2052 829 ipsa
2075 761 2436 830 comportatio
2459 771 2544 815 est
2565 761 2767 832 inepta.
2799 763 2935 818 illud
2963 764 3107 818 enim
3133 774 3189 820 et
3211 770 3523 822 communis

1939 852 2150 906 Domini
2183 853 2420 922 Baptista
2455 853 2728 920 praedicat,
2761 864 2816 909 et
2842 856 3108 926 prepheta
3129 857 3240 927 jam
3263 859 3392 911 olim
3429 876 3522 912 va-

1937 943 2195 998 ticinatus
2220 953 2322 1010 est,
2356 954 2409 998 ct
2440 944 2673 1014 ipsemet
2705 944 2954 1002 Salvator
2979 949 3259 1003 oraculum
3291 949 3422 1004 illud
3443 951 3521 1002 le-

1937 1049 2070 1103 gens
2122 1035 2373 1107 obsignat
2410 1043 2465 1090 et
2515 1039 2865 1107 comprobat;
2913 1039 3163 1109 hancque
3215 1041 3520 1096 doctrinam

1937 1122 2178 1178 Ecclesia
2212 1126 2516 1180 orthodoxa
2550 1126 2676 1180 inde
2704 1137 2858 1182 nacta
2889 1129 3101 1184 cunctis
3131 1130 3382 1186 fidelibus
3411 1135 3520 1188 ιίἰθ-

1936 1217 2168 1271 ccndam
2215 1216 2456 1286 profert;
2515 1226 2571 1272 tu
2613 1235 2740 1274 vero
2787 1235 2817 1274 ε
2869 1221 3180 1290 caliginosis
3228 1224 3523 1292 impietatis

1932 1303 2118 1373 januis
2145 1319 2396 1375 egressus
2419 1307 2538 1361 loco
2562 1307 2892 1376 praedicandi
2924 1307 3188 1377 Spiritum
3212 1327 3436 1366 manere
3467 1315 3518 1366 in

1935 1393 2074 1449 Filio
2104 1404 2159 1450 et
2188 1386 2352 1466 super
2378 1395 2596 1460 Filium,
2628 1399 2736 1452 Deo
2773 1415 3086 1470 repugnans
3111 1403 3310 1456 asseris
3329 1443 3344 1466 ,
3369 1403 3520 1456 illum

1934 1502 1964 1539 a
2005 1484 2141 1538 Filio
2184 1487 2502 1556 procedere.
2541 1488 2834 1543 Permanet
2869 1490 2923 1543 in
2961 1489 3132 1556 Filio;
3188 1492 3393 1546 idcirCo
3439 1505 3523 1547 cst

1936 1573 2076 1640 Filii,
2109 1585 2163 1630 et
2190 1577 2316 1645 quia
2345 1578 2613 1647 ejusdem,
2651 1589 2711 1633 ut
2741 1581 2995 1649 superius
3025 1581 3158 1645 dixi,
3195 1591 3278 1636 cst
3311 1592 3521 1637 natura:

1935 1675 1990 1718 et
2022 1667 2239 1722 deitatis
2287 1677 2343 1722 et
2390 1669 2575 1738 gloriae
2623 1681 2677 1724 et
2729 1671 2990 1740 potentiae
3035 1679 3091 1726 et
3134 1673 3389 1739 virtutis;
3436 1676 3521 1727 vel

1934 1759 2150 1815 etiamsi
2196 1761 2321 1825 vis,
2353 1761 2480 1829 quia
2536 1763 2688 1833 ungit
2739 1762 3041 1817 Christum.
3093 1762 3326 1834 Spiritus
3380 1767 3521 1818 enim

1934 1850 2180 1916 Domini,
2218 1852 2413 1918 inquit,
2455 1869 2612 1922 super
2643 1871 2744 1918 me,
2762 1864 3040 1924 propterea
3070 1858 3221 1911 unxit
3291 1872 3401 1921 me,
3465 1869 3522 1911 et

255 1943 414 2011 λέγων
442 1943 540 1997 τοῦ
574 1944 727 1999 Υίοῦ.
761 1945 1018 2014 Διαμένει
1049 1948 1105 1998 ἐν
1133 1946 1211 2014 τῷ
1235 1944 1378 2014 Υίῷ³
1411 1945 1499 1999 διὰ
1525 1945 1685 1997 τοῦτό
1717 1946 1831 1997 ἐστι

1938 1943 2059 2010 quia
2105 1943 2468 1998 obumbrante
2510 1943 2902 2015 ipso°°Virgini
2946 1946 3522 2018 incomprehensibilis

253 2032 336 2086 τοῦ
378 2033 544 2086 Υίοῦο
604 2037 698 2088 καὶ
742 2038 825 2089 ὅτι
877 2037 978 2106 τῆς
1030 2037 1232 2106 αὐτῆς,
1263 2036 1338 2098 ὡς
1392 2036 1562 2104 ἔφθην
1605 2033 1720 2107 [95]
1753 2037 1828 2088 εί-

255 2123 361 2176 πὼν
387 2125 520 2192 (45),
550 2125 769 2192 φύσεώς
789 2127 847 2180 τέ
876 2128 991 2179 ἐστι
1019 2125 1130 2196 (44)
1157 2127 1252 2180 κα).
1274 2125 1524 2196 θεότητος
1552 2128 1647 2179 καὶ
1667 2126 1828 2196 δόξης

253 2216 339 2269 καὶ
359 2215 641 2286 βασιλείας
660 2217 756 2270 καὶ
772 2217 1076 2287 δυνάμεως
1097 2218 1144 2269 εἰ
1166 2216 1345 2286 βούλει
1363 2217 1418 2269 δὲ
1435 2255 1450 2279 ,
1471 2218 1562 2269 καὶ
1585 2217 1667 2269 ὅτι
1681 2218 1826 2286 χρίει

254 2307 334 2361 τὸν
357 2309 628 2378 Χριστῦνο
663 2307 905 2378 Πνεῦμα
931 2311 1040 2378 γὰρ
1071 2309 1315 2376 Κυρίου,
1341 2308 1527 2378 φησὶν,
1563 2308 1656 2360 ἐπ’
1689 2307 1822 2376 ἐμέ·

253 2394 317 2454 οὗ
347 2400 587 2453 εἵνεκεν
613 2400 822 2468 ἕχρισέ
853 2417 958 2470 με’
985 2401 1080 2454 κα).
1107 2399 1242 2453 διότι
1272 2399 1700 2462 ὲπισκιάσαντος
1726 2399 1824 2451 αὐ-

253 2489 338 2542 τοῦ
358 2493 422 2560 τῇ
445 2490 720 2561 Παρθένῳ
751 2493 784 2563 ή
813 2491 955 2561 ὑπὲρ
984 2491 1142 2558 λόγον
1174 2489 1383 2559 ὑπέστη
1427 2487 1691 2558 σύλληψις
1735 2490 1828 2540 καὶ

253 2582 278 2632 ὁ
313 2581 688 2650 ἀνέκφραστος
727 2583 820 2633 καὶ
847 2580 1086 2650 ἄσπορος
1115 2579 1359 2651 προῆλθε
1396 2580 1554 2644 τόκος
1579 2597 1593 2611 ·
1638 2580 1727 2634 να).
1755 2578 1828 2650 δὴ

254 2673 338 2724 καὶ
377 2672 512 2724 διότι
556 2673 877 2725 ἀποστέλλει
909 2672 1071 2724 αὐτόν
1101 2688 1115 2701 ⁸
1146 2673 1674 2741 Εὑαγγελίσασθαι
1694 2671 1826 2742 γὰρ,

255 2763 406 2834 φησὶ,
442 2763 707 2834 πτωχοῖς
743 2763 1094 2819 ἀπέσταλκέ
1117 2782 1225 2835 με.
1264 2766 1437 2818 Πόσον
1466 2761 1562 2818 οὖν
1605 2764 1828 2834 ἄμεινόν

256 2873 327 2909 σοι
358 2858 450 2910 καὶ
498 2859 932 2929 ἀκολουθότερον
961 2856 1029 2932 ἦν
1073 2861 1167 2914 κα).
1203 2864 1344 2914 νοεῖν
1374 2861 1469 2912 καὶ
1516 2859 1718 2928 λέγειν,
1753 2859 1830 2922 ὡς

253 2945 311 2998 δι’
337 2947 390 2998 ἓν
420 2965 470 3000 τι
508 2947 626 3000 τῶν
656 2949 1087 3020 τεθεωρημένων
1123 2951 1334 3021 (ιε-49)
1367 2951 1400 3022 ἢ
1431 2951 1523 3003 καὶ
1542 2950 1629 3002 διὰ
1660 2949 1830 3002 πλείω

255 3036 454 3106 λέγεται
491 3038 730 3109 Πνεῦμα
761 3040 892 3097 Υίοῦ
917 3041 1012 3094 καὶ
1039 3042 1265 3113 Πνεῦμα
1294 3041 1554 3113 Χριστοῦ,
1583 3041 1720 3094 ἀλλὰ
1752 3041 1830 3111 μὴ

254 3130 412 3185 ταῦτα
446 3131 683 3185 τοιαῦτα
730 3133 860 3187 ὄντα
911 3134 1007 3187 καὶ
1064 3134 1402 3203 τηλικαύτην
1452 3134 1606 3203 ἰσχὺν
1638 3132 1829 3203 ἔχοντα

257 3224 339 3276 καὶ
383 3225 716 3280 ἀκολουθίαν
782 3226 917 3294 παρ’
975 3226 1129 3280 οὐδὲν
1189 3225 1414 3296 θέμενον
1451 3225 1828 3294 ἀναπλασμοῖς

1931 2042 2146 2099 peraela
2164 2032 2267 2086 fuit
2292 2035 2598 2104 conceptio,
2622 2043 2678 2088 et
2707 2035 2996 2090 inelfabilis
3017 2037 3135 2090 sine
3163 2039 3370 2092 semine
3393 2053 3522 2107 par-

1932 2130 2019 2175 tus
2051 2123 2284 2191 prodiit;
2343 2139 2446 2178 nec
2504 2141 2614 2178 non
2654 2125 2792 2194 quia
2819 2135 2875 2179 et
2922 2126 3098 2194 ipsum
3147 2127 3335 2183 mittit.
3375 2127 3519 2180 Nam

1931 2209 2296 2281 evangelizare
2324 2212 2645 2280 pauperibus
2691 2214 2833 2267 misit
2871 2231 2952 2268 me
2978 2215 3047 2266 3'.
3095 2213 3313 2280 Quanto
3357 2216 3521 2286 igitur

1928 2303 2130 2358 rectius
2169 2304 2690 2374 convenientiusque
2739 2315 2957 2376 poteras
2995 2317 3052 2360 et
3108 2309 3314 2361 sentire
3349 2317 3402 2362 et
3434 2309 3518 2362 di-

1929 2409 2072 2460 cere,
2112 2395 2182 2449 oh
2211 2410 2376 2449 unam
2409 2395 2646 2465 aliquam
2681 2409 2772 2451 aut
2809 2399 2995 2467 plures
3029 2398 3304 2453 dictarum
3341 2415 3516 2469 expo-

1930 2484 2190 2539 sitionum
2211 2485 2482 2539 nominari
2506 2484 2767 2555 Spiritum
2787 2487 2908 2540 Filii
2927 2497 2981 2541 et
3001 2486 3264 2557 Spiritum
3288 2487 3513 2552 Christi,

1929 2593 2039 2632 non
2070 2587 2254 2632 autem
2281 2578 2370 2632 bis
2404 2578 2542 2633 adeo
2569 2578 2764 2632 validis
2792 2588 2846 2632 ct
2877 2581 3263 2635 consentaneis
3293 2581 3519 2634 rationi-

1929 2672 2034 2726 bus
2067 2671 2266 2740 spretis
2296 2671 2622 2724 commentis
2663 2670 2893 2739 propriis
2928 2670 3520 2740 imaginationibusque

1930 2763 2136 2816 nullam
2188 2762 2521 2816 habentibus
2566 2761 2978 2816 subsistentiam
3024 2762 3212 2816 conari
3261 2761 3519 2816 Ecclesiae

1930 2857 2183 2926 dogmata
2205 2856 2584 2925 corrumpere!
2611 2853 2881 2909 Caeterum
2913 2859 3179 2924 prodeant
3211 2870 3400 2908 rursus
3430 2855 3519 2908 in-

1930 2950 2104 3019 clytus
2151 2947 2444 3003 Zacharias
2498 2956 2661 3017 atque
2707 2946 3034 3017 Gregorius,‘
3076 2962 3290 3002 mecum
3341 2946 3524 3001 adhuc

1931 3039 2247 3109 opinionem
2303 3047 2448 3093 tuam
2511 3037 2845 3092 confutaturi
2903 3037 3245 3104 (confulatio
3290 3036 3437 3092 enim
3490 3053 3526 3089 ε

1931 3130 2246 3186 domesticis
2276 3131 2516 3198 profecta
2539 3129 2703 3184 etiam
2733 3128 3227 3199 impudentissimis
3253 3128 3519 3197 pudorem

1931 3229 2081 3276 creat
2103 3222 2144 3291 ).

259 3315 392 3377 ἰδίοις
425 3317 526 3370 καὶ
574 3317 904 3384 φαντασίαις
945 3318 1340 3381 ἁνυποστάτοις
1385 3317 1686 3386 ἐπιχειρεῖν
1718 3313 2166 3385 τῆςἘκκλησίας
2197 3311 2267 3364 τὰ
2331 3313 2580 3383 δόγματα
2623 3313 2992 3383 διαφθείρειν;
3045 3311 3194 3382 Πλὴν
3263 3305 3423 3372 αὖθις
3491 3308 3522 3358 ό

255 3411 449 3474 κλεινὸς
490 3412 776 3482 Ζαχαρίας
825 3412 918 3465 κα).
955 3412 1258 3482 Γρηγόριος
1291 3411 1507 3482 παρίτω
1530 3429 1542 3444 ·
1591 3414 1688 3482 τῆς
1725 3411 1827 3479 σῆς
1860 3410 2015 3478 δόξης
2060 3409 2187 3472 τοὺς
2220 3409 2476 3479 ἐλέγχους
2545 3408 2660 3462 ἐστί
2703 3426 2794 3479 μοι
2867 3405 3337 3479 συνεργαζόμενος
3365 3405 3480 3475 (50)
3503 3422 3518 3436 ο

254 3502 280 3553 ὁ
307 3505 404 3569 γὰρ
434 3506 499 3556 ὲκ
535 3504 643 3555 τῶν
689 3502 907 3557 οἰκείων
947 3501 1170 3573 ἐλεγχος
1217 3502 1312 3555 κα).
1345 3504 1458 3564 τοῖς
1506 3501 1914 3564 ἁναιδεστὰτοις
1943 3498 2388 3570 αίδεσιμώτερος.

321 3601 429 3658 πς’.
474 3595 544 3646 Et
585 3596 767 3648 τοίνυν
797 3595 1074 3665 Ζαχαρίας
1109 3597 1204 3648 καὶ
1231 3596 1531 3668 Γρηγόριος
1553 3594 1827 3659 τοσούτοις

2005 3593 2096 3648 86.
2131 3594 2188 3647 Si
2234 3609 2364 3665 ergo
2395 3593 2686 3648 Zacharias
2719 3604 2775 3649 et
2807 3593 3102 3666 Gregorius
3138 3601 3217 3648 tot
3249 3608 3520 3648 annorum

258 3687 418 3740 ἐτεσιν
467 3687 720 3758 ἀλλήλων
759 3687 1106 3758 διεστηκότες
1148 3688 1249 3741 οὐκ
1282 3688 1443 3758 ἔσχον
1473 3689 1570 3752 τὰς
1604 3686 1831 3758 γνώμας

259 3780 376 3849 περὶ
426 3781 530 3849 τῆς
577 3779 670 3832 τοῦ
727 3778 999 3846 παναγίου
1063 3779 1384 3849 Πνεύματος
1448 3781 1832 3850 ὲκπορεύσεως

256 3869 633 3941 διισταμένας,
681 3868 924 3940 δηλονότι
964 3869 1060 3922 καὶ
1113 3870 1141 3921 ὁ
1193 3870 1359 3940 μέσον
1421 3872 1624 3941 ἀμφοῖν
1674 3872 1833 3941 χορὸς

262 3963 390 4033 ἱερὸς
449 3965 600 4017 κατὰ
655 3962 908 4032 διαδοχὴν
965 3963 1076 4014 τῶν
1127 3963 1419 4034 ἱερατικῶν
1468 3968 1566 4035 τῆς
1611 3964 1833 4035 Ῥώμης

260 4058 586 4127 προστάντες
617 4055 836 4124 θεσμῶν
869 4055 966 4127 τὴν
992 4057 1162 4125 αὐτὴν
1191 4057 1633 4128 ἀκαινοτομήτως
1663 4058 1833 4127 ἐπρέ-

262 4147 436 4200 σϐευόν
467 4165 533 4200 τε
576 4150 670 4200 καὶ
716 4146 1103 4200 συνδιέθαλπον
1138 4147 1358 4200 πίστινο
1406 4147 1510 4200 ὑπὸ
1557 4148 1663 4219 γὰρ
1721 4147 1832 4202 τῶν

261 4238 430 4308 ἄκρων
455 4240 530 4292 τὰ
554 4239 698 4309 μέσα
733 4239 844 4308 (51)
879 4239 1068 4310 ὥσπερ
1102 4241 1230 4311 ῥᾷον
1266 4239 1553 4310 συνέχεται
1587 4242 1681 4294 κα).
1711 4258 1834 4294 συν-

261 4332 646 4402 απαρτίςεται,
691 4329 835 4382 οὕτω
874 4334 1258 4402 συγκροτεῖται
1315 4333 1410 4385 καὶ
1458 4333 1834 4400 συγκατευθύο

262 4439 417 4478 vetat.
453 4424 652 4477 Καίτοι
684 4422 798 4495 [94]
835 4440 898 4492 γε
930 4425 1091 4488 εἴτις
1123 4424 1235 4477 τῶν
1267 4441 1328 4477 τε
1357 4424 1470 4496 (52)
1507 4424 1831 4494 φθασάντων

264 4519 346 4567 καί
394 4517 504 4568 τῶν
557 4515 838 4584 ἑπομένων
890 4516 1061 4585 ἁγίων
1108 4516 1316 4588 ἀνδρῶν
1363 4518 1502 4588 πρὸς
1556 4517 1833 4588 ἀλλότριον

266 4607 558 4662 ἀποκλίνων
607 4607 886 4679 φωραθείη
935 4608 1210 4680 φρόνημα,
1264 4609 1365 4662 οὐκ
1407 4609 1606 4679 ἄδηλός
1658 4612 1830 4674 ἐστιν,

265 4697 334 4761 ὼς
375 4701 430 4754 ὲν
457 4693 504 4768 ᾧ
559 4699 661 4768 τῆς
712 4699 937 4752 ἐκείνων
968 4700 1158 4752 ἑαυτὸν
1198 4699 1451 4772 διέρρηξε
1483 4701 1740 4766 πίστεως,
1775 4703 1832 4754 ὲν
1866 4729 1907 4783 D

267 4791 426 4863 τούτῳ
455 4794 552 4846 καὶ
595 4793 688 4846 τοῦ
717 4794 878 4864 χοροῦ
910 4794 1005 4846 καὶ
1040 4792 1134 4846 τοῦ
1169 4792 1362 4864 θρόνου
1395 4795 1489 4846 καὶ
1519 4795 1615 4864 τῆς
1642 4795 1830 4865 ἀρχιε-

269 4886 501 4957 ρωσύνης
540 4887 732 4942 ἑαυτὸν
791 4888 1166 4957 συνεξέτεμεν.
1219 4886 1377 4940 Οὕτω
1429 4887 1528 4957 μὲν
1577 4882 1671 4940 οὖν
1725 4887 1834 4940 τῶν

267 4977 560 5047 εἰρημένων
603 4979 776 5047 ἁγίων
831 4979 1040 5049 ἀνδρῶν
1084 4979 1112 5031 ό
1143 4980 1302 5050 χορὸς
1341 4980 1398 5032 ὲν
1443 4979 1698 5051 εὐσεϐείᾳ
1739 4979 1831 5034 τὸν

267 5063 370 5134 βίον
395 5070 513 5124 ὅλον
540 5071 890 5139 διεφύλαττεν
921 5070 1053 5140 (55).

329 5182 373 5214 ⁸⁸
402 5184 531 5240 Luc.
561 5202 611 5251 ι,
637 5185 728 5242 55.
805 5186 850 5219 ⁸¹
884 5185 1017 5240 Luc.
1078 5201 1150 5252 Iv,
1209 5187 1295 5242 18.

1937 3683 2112 3753 Spatio
2137 3683 2207 3741 ab
2236 3683 2470 3738 invicem
2514 3685 2778 3738 distantes
2807 3699 2917 3738 non
2954 3682 3270 3738 habuerunt
3297 3696 3523 3737 senten—

1939 3775 2042 3832 tias
2083 3775 2151 3830 de
2196 3775 2527 3830 sanctissimi
2580 3775 2815 3844 Spiritus
2864 3775 3218 3844 processione
3264 3775 3530 3846 dissitas,

1939 3874 2088 3922 certe
2113 3874 2168 3920 et
2192 3866 2404 3921 medius
2428 3867 2570 3920 inter
2594 3865 2694 3920 hos
2719 3865 2921 3919 chorus
2951 3864 3289 3934 pontiﬁcum,
3313 3865 3406 3934 qui
3434 3881 3523 3920 sav

1940 3958 2046 4014 cris
2067 3957 2322 4012 Romamn
2350 3958 2604 4013 Ecclesia:
2622 3956 2804 4012 infulis
2827 3972 2925 4027 per
2944 3955 3346 4012 successionem
3377 3973 3524 4026 prae-

1939 4050 2184 4116 fuerunt,
2228 4051 2475 4104 eamdem
2508 4051 2628 4104 sine
2667 4051 2773 4104 ulla
2809 4049 3162 4105 innovatione
3192 4048 3524 4118 praadicabat

1940 4152 1996 4198 et
2039 4141 2260 4197 fovebat
2286 4142 2482 4208 ﬁdem;
2514 4143 2583 4200 ah
2611 4143 2872 4197 extremis
2910 4143 3058 4196 enim
3085 4142 3263 4196 media
3283 4180 3296 4204 ,
3325 4157 3522 4210 quem-

1939 4235 2232 4290 admodum
2282 4235 2635 4291 continentur
2665 4242 2721 4289 et
2759 4235 3230 4299 communiuntur,
3260 4233 3336 4288 ita
3358 4233 3522 4288 etiam

1938 4328 2350 4383 constituuntur
2374 4336 2428 4383 et
2457 4328 2784 4399 diriguntur.
2841 4326 3164 4396 Quanquam
3201 4326 3247 4382 si
3279 4327 3402 4394 quis
3426 4343 3526 4381 ve-

1939 4423 2230 4478 tustiorum
2281 4431 2338 4477 et
2415 4422 2781 4492 posteriorum
2841 4431 3155 4476 sanctorum
3203 4421 3259 4474 in
3299 4436 3523 4474 sensum

1936 4514 2176 4569 alienum
2207 4513 2494 4570 deﬂexisse
2527 4513 2988 4585 deprehendatur,
3022 4513 3068 4567 is
3095 4513 3231 4566 citra
3261 4511 3522 4573 dubium,

1937 4606 2066 4660 dum
2099 4621 2156 4660 se
2188 4607 2257 4660 ab
2287 4606 2506 4661 illorum
2550 4606 2772 4662 divulsit
2805 4605 2939 4669 ﬁde,
2974 4605 3043 4658 ab
3072 4604 3263 4658 ordine
3306 4617 3524 4671 quoque

1937 4706 2099 4767 atque
2137 4697 2333 4752 throno
2389 4708 2444 4752 et
2485 4698 2806 4768 pontiﬁcatu
2867 4696 3220 4764 semetipsum
3270 4693 3521 4748 exscidit.

1949 4787 2022 4843 Ita
2062 4789 2225 4861 igitur
2253 4801 2681 4847 memoratarum
2724 4798 3039 4846 sanctorum
3065 4795 3239 4840 coctus
3271 4793 3380 4838 tota
3412 4786 3524 4840 vita

1945 4882 2198 4952 pietatem
2231 4885 2502 4940 tuebatur.

1377 5303 1616 5359 VAlll/E
1656 5304 2046 5362 LECTIONES
2085 5307 2174 5364 ET
2208 5306 2452 5375 NOTIE.

332 5413 438 5486 (40)
475 5415 648 5471 Palat.
678 5415 718 5471 f.
749 5416 856 5473 245
885 5416 940 5472 b.
973 5419 1021 5469 εί
1044 5419 1175 5486 γάρ.

335 5486 441 5555 (41)
478 5488 596 5542 Col.
632 5487 725 5539 τοῦ
753 5487 884 5542 Υίοῦ
911 5485 1095 5540 αὑτοῦ.

337 5554 442 5627 (42)
482 5558 600 5612 Col.
636 5557 946 5627 Βαπτιστὴς
974 5557 1248 5622 σαλπίζει.

337 5625 448 5697 (45)
483 5625 1103 5702 \_l_ide_supra__cap.__5_l.
1154 5628 1382 5702 Photius
1427 5632 1571 5702 apud
1605 5632 1837 5688 Beccum

273 5689 398 5774 l.‘c_.‘
415 5689 524 5774 é._5
557 5695 668 5774 (Gl
700 5689 880 5774 0.-11,
916 5689 1062 5774 ᾍ42)
1098 5700 1380 5774 ξᾼΠνεῦμα
1412 5689 1836 5774 Χριστοῦ’λέγει

274 5762 337 5886 ζιὶέ
363 5762 596 5837 Πνεῦμα,
643 5769 726 5820 ὅτι
776 5762 1061 5838 ὁμοούσιον
1098 5770 1212 5840 mp
1256 5762 1351 5824 καὶ
1398 5762 1483 5828 ὃτὶ
1531 5774 1618 5828 ἐπ’
1672 5762 1838 5837 αὐτὸν

339 5851 433 5886 νει.

281 5849 433 5901 μενει.

343 5904 443 5975 (Η)
481 5907 596 5962 Col.
632 5906 848 5976 φύσεώς
880 5908 1014 5964 ἐστι.

2015 5423 2225 5495 (4549)
2266 5423 2439 5480 Palat.
2467 5423 2504 5478 f.
2522 5421 2639 5495 246
2664 5438 2717 5484 a.
2747 5422 3277 5495 1:6wdsmpr;p.évwv.

2021 5492 2133 5566 (50)
2175 5495 2350 5551 Yatic.
2394 5495 2442 5566 ι.
2474 5493 2580 5566 2οἹ
2615 5509 2668 5560 a,
2697 5494 2861 5548 etiam
2905 5492 3094 5548 habuit
3125 5492 3528 5566 συνεργαξόμε-

1938 5563 2056 5628 νος“;
2108 5567 2202 5620 sed
2246 5563 2533 5634 posteriori
2569 5580 2736 5618 manu
2765 5565 3076 5620 terminatio
3112 5564 3338 5634 pluralis
3377 5593 3442 5602 ——
3475 5580 3526 5616 οι

1939 5635 2307 5705 superscripta
2330 5645 2434 5690 est.
2473 5684 2478 5688 .

2031 5705 2121 5777 51)
2161 5701 2328 5777 Palat.
2357 5705 2534 5777 {.246
2565 5720 2612 5760 a.
2641 5706 2751 5758 τῶν
2778 5703 2962 5777 ἄκρων
2990 5704 3055 5756 τὰ
3092 5701 3228 5772 μετὰ
3254 5701 3465 5769 ὥσπερ.

2009 5719 2121 5844 ἕδη
2161 5719 2328 5791 ιςειιει.
2357 5719 2534 5788 tumo
2565 5720 2592 5760 a

2036 5776 2126 5844 52)
2167 5778 2286 5832 (λοι.
2315 5785 2493 5831 omitt.
2525 5793 2596 5828 τε,

2014 5843 2126 5915 (55)
2159 5846 2218 5899 ln
2243 5847 2405 5916 epist.
2447 5847 2512 5900 ad
2537 5845 2767 5916 Aquilei.
2799 5843 3266 5916 archiepiscopum
3296 5843 3460 5916 {ldle
3481 5843 3526 5916 it

1940 5929 1994 5974 et
2024 5913 2328 5972 ‘Adrianuiu
2363 5918 2399 5984 Ι,
2434 5917 2522 5988 qui
2552 5913 2750 5986 et'ipse
2776 5917 2824 5967 in
2863 5933 2930 5986 νιν
2986 5916 3049 5968 ad
3088 5914 3368 5968 'l‘arasium
3399 5913 3524 5984 Spi-
