3956 6502
217 387 320 450 335

1321 388 1418 463 DE
1459 388 1520 447 S.
1561 387 1918 446 SPIHITUS
1953 384 2430 444 MYSTAGOGIA

3418 371 3526 436 3‘86

221 517 412 573 ρευσιν
436 499 526 571 τῷ
565 505 784 574 ῥήματι
814 501 1173 570 ἀπαγγέλλει,
1206 500 1272 553 τὰ
1308 501 1364 554 δὲ
1415 501 1516 552 οὐκ
1555 500 1635 568 ἔτι
1671 516 1684 529 ·
1719 497 1834 552 ἀλλ’

1953 497 2199 568 gnilicant
2219 510 2400 558 voces,
2431 509 2552 562 qum
2579 489 2840 560 Spiritum
2865 487 3053 542 dicunt
3077 486 3169 541 Dei
3201 496 3254 541 et
3281 486 3518 550 Domini,

215 596 264 647 εί
291 593 394 646 καὶ
422 594 581 647 διότι
617 594 784 648 αὑτοῦ
802 595 1185 664 ἐκπορεύεται,
1209 592 1380 646 ταῦτα
1410 592 1651 660 λέγεται,
1695 590 1834 659 πλὴν

1942 599 1996 642 et
2025 605 2146 658 qua:
2181 588 2264 641 his
2290 596 2420 641 sunt
2446 585 2663 639 similia.

215 686 332 741 ἀλλ’
405 686 666 754 οὐδεμία
710 706 768 740 τε
816 689 893 759 (5)
917 686 1027 740 τῶν
1080 686 1276 756 φωνῶν
1333 684 1443 737 τῶν
1499 683 1810 753 εἰρημένων
1841 680 1904 734 τὸ
1928 680 2471 751 ἐκπορεύεσθαιταῖς
2493 678 2705 744 λέξεσιν
2741 675 3054 748 ἐρμηνεύει.
3091 673 3202 726 Καὶ
3267 673 3376 744 γὰρ
3422 690 3526 725 πει-

220 775 480 847 ριφανῶς
505 777 713 848 ἕτερόν
731 779 881 829 ἐστιν
901 775 1075 830 εἰπεῖν
1094 773 1493 844 ἐκπορεύεσθαι
1513 771 1606 826 τοῦ
1626 770 1842 842 Πατρὺς
1876 770 1936 824 τὸ
1988 770 2236 840 Πνεῦμα,
2265 769 2362 823 καὶ
2394 769 2522 824 ἄλλο
2554 769 2881 840 σημαίνουσι
2921 768 3031 830 τοῖς
3059 765 3319 835 ὀνόμασιν
3346 768 3401 818 αἱ
3463 766 3527 817 τὸ

220 870 455 940 Πνεῦμα
521 872 796 942 λέγουσαι
856 872 952 926 τοῦ
1001 873 1139 926 Θεοῦ
1214 873 1310 924 καὶ
1365 871 1574 942 Κυρίου
1623 872 1718 924 καὶ
1777 869 1846 922 τὰ
1883 869 2174 939 ὃμοιαμ).

288 964 453 1037 [105]
500 969 630 1032 ὶιαν.
685 965 878 1019 Καίτοι
920 982 986 1034 γε
1024 966 1073 1019 εί
1112 966 1206 1019 καὶ
1252 966 1458 1036 ἑκάστη
1503 965 1611 1018 τῶν
1648 964 1842 1034 φωνῶν

217 1058 497 1126 ἐσήμαινε
569 1056 678 1128 τὴν
734 1056 1082 1128 ἐκπόρευσιν,
1142 1059 1337 1126 ὅτιπερ
1398 1052 1581 1120 αὐτοῖς
1632 1058 1842 1127 ῥήμασι

218 1149 387 1208 θείοις
415 1149 728 1219 ἀνερῤήθη
758 1150 820 1202 τὸ
854 1151 916 1202 ἐκ
938 1149 1031 1203 τοῦ
1060 1149 1273 1219 Πατρὸς
1300 1148 1720 1220 ἐκπορεύεσθαι,
1752 1150 1844 1201 καὶ

216 1237 378 1290 τοῦτο
407 1239 567 1308 πρὸς
604 1240 764 1310 ἡμῶν
792 1239 857 1295 ἂν
878 1235 964 1310 ἦν·
994 1241 1253 1310 μυριάκις
1285 1240 1396 1309 γὰρ
1419 1240 1562 1293 κατὰ
1585 1239 1682 1309 τὴν
1709 1238 1842 1292 ὑπό·

220 1329 370 1380 θεσιν
402 1326 640 1398 ταύτην
669 1327 1064 1399 ἐκπορεύεσθαι
1089 1329 1381 1398 νοουμένου
1406 1328 1499 1380 τοῦ
1528 1326 1842 1396 Πνεύματος

219 1421 281 1472 ἐκ
311 1417 413 1471 τοῦ
451 1421 709 1490 Πατρὸς,
746 1420 864 1483 πῶς
892 1421 1004 1474 οὐδ’
1031 1419 1180 1485 ἅπαξ
1199 1422 1416 1491 εἴρηται
1443 1419 1843 1491 ἐκπορεύεσθαι

219 1513 313 1566 τοῦ
369 1512 565 1578 Υίοῦ;
620 1515 694 1567 Ού
745 1514 855 1584 γὰρ
895 1514 1008 1584 ἔχει
1054 1515 1236 1586 χώραν
1273 1515 1470 1575 εἰπεῖν,
1505 1513 1581 1576 ὡς
1630 1513 1845 1583 εἴρηται

218 1606 306 1658 διὰ
331 1604 453 1656 τῶν
493 1605 708 1674 λόγων,
746 1607 796 1659 οἳ
833 1606 1078 1677 μηδόλως
1107 1608 1180 1676 (5)
1211 1605 1369 1658 τοῦτο
1409 1603 1737 1678 σημαίνουσι
1778 1605 1843 1674 τῇ

223 1699 378 1766 φωνῇ
404 1735 422 1758 ,
468 1697 584 1750 καὶ
623 1697 704 1750 ὃτι
748 1699 884 1766 μήτε
919 1697 1086 1759 θείοις
1109 1739 1122 1763 ,
1177 1696 1293 1749 ἀλλ’
1327 1695 1438 1748 οὐδ’
1481 1694 1848 1766 ἀνθρωπίνοις

2015 965 2104 1020 9|.
2137 964 2459 1037 Quanquam
2496 966 2625 1021 licet
2649 965 2902 1036 quaelibet
2928 967 3121 1021 harum
3152 981 3346 1021 vocum
3395 977 3522 1033 pro-

1941 1056 2246 1111 cessionem
2293 1059 2647 1128 signiﬁcaret,
2689 1057 2945 1126 quoniam
2977 1058 3088 1127 jam
3143 1057 3274 1127 ipsis
3327 1056 3527 1110 divina:

1944 1146 2243 1215 Scriptura:
2271 1149 2453 1202 verbis
2489 1147 2828 1201 declaratum
2856 1147 2979 1210 fuit,
3017 1147 3280 1216 Spiritum
3309 1163 3340 1202 a
3364 1149 3526 1202 Patre

1943 1237 2260 1304 procedere,
2315 1237 2418 1291 hoc
2475 1253 2691 1308 quoque
2723 1238 2884 1292 nobis
2923 1239 3147 1293 faveret.
3202 1239 3337 1293 Cum
3377 1239 3522 1292 enim

1943 1325 2247 1380 sexcenties
2282 1326 2584 1380 secundum
2626 1327 2771 1382 illam
2826 1328 3149 1398 hypothesin
3188 1327 3525 1398 intelligatur

1942 1415 2240 1484 procedere
2299 1416 2536 1486 Spiritus
2575 1421 2616 1471 e’
2649 1418 2830 1484 Patre,
2893 1420 3175 1487 quomodo
3234 1435 3306 1472 ne
3355 1420 3526 1472 semel

1942 1508 2159 1576 quidem
2185 1508 2389 1562 dictum
2421 1509 2543 1575 l’uit,
2577 1510 2728 1564 illum
2778 1526 2808 1564 a
2857 1509 2993 1564 Filio
3026 1512 3370 1580 procedere?
3415 1511 3528 1565 Nec

1945 1599 2087 1653 valet
2115 1599 2318 1664 dicere,
2361 1601 2567 1655 dictum
2600 1602 2704 1657 hoc
2751 1602 2919 1658 fuisse
2968 1603 3234 1672 implicite
3269 1603 3374 1658 illis
3400 1619 3527 1658 ver-

1944 1691 2052 1757 bis,
2073 1707 2196 1761 quae
2223 1702 2405 1767 tamen
2427 1709 2536 1748 non
2566 1693 2618 1749 id
2640 1699 2894 1764 expresse
2913 1695 3244 1764 signiﬁcant,
3265 1705 3377 1750 tum
3397 1697 3525 1765 quia

224 1789 317 1840 καὶ
371 1789 872 1858 πνευματοφόροις
913 1790 1124 1859 ῥήμασι
1161 1788 1302 1842 κατὰ
1346 1787 1488 1853 λέξιν
1529 1787 1650 1840 ποτ’
1686 1790 1838 1859 ἐνερ-

1953 1800 2120 1855 neque
2149 1784 2348 1841 divinis
2376 1801 2650 1841 sacrarum
2675 1787 3080 1857 Scripturarum
3106 1804 3286 1857 neque
3327 1789 3525 1842 huma-

227 1879 366 1949 ῥὴθη
405 1877 486 1949 (6)
539 1879 608 1930 τὸ
642 1879 865 1947 Πνεῦμα
895 1877 1298 1949 ἐκπορεύεσθαι
1329 1878 1420 1932 τοῦ
1463 1878 1614 1932 Υίοῦ·
1652 1879 1744 1930 καὶ
1791 1879 1838 1929 εἰ

222 1973 284 2023 τὸ
319 1971 421 2040 μὲν
453 1971 730 2040 λέγεσθαι
762 1973 820 2024 τὸ
860 1971 1081 2042 Πνεῦμα
1110 1971 1204 2024 τοῦ
1237 1971 1372 2025 Θεοῦ
1416 1973 1510 2025 καὶ
1543 1970 1612 2024 τὰ
1661 1988 1839 2042 παρα-

231 2060 440 2130 πλήσια
493 2060 605 2132 τὴν
645 2061 972 2130 ἐκπόρευσιν
1012 2061 1196 2132 ἔχουσι
1250 2062 1477 2133 πρώτην
1516 2062 1697 2114 αἰτίαν
1748 2063 1842 2114 καὶ

229 2153 598 2220 κυριωτάτην
629 2152 760 2223 (καὶ
782 2157 890 2223 γὰρ
913 2154 1217 2224 ὁμοούσιον,
1247 2155 1381 2208 διότι
1411 2155 1511 2226 (7),
1544 2155 1842 2224 ἐκπορεύε-

230 2261 339 2305 ται,
375 2245 440 2297 οὐ
477 2245 629 2298 διότι
658 2245 715 2298 δὲ
744 2246 1056 2312 ὁμοούσιον,
1088 2247 1462 2317 ὲκπορευτόν).
1500 2245 1573 2298 Τὸ
1602 2245 1658 2298 δὲ
1690 2245 1843 2314 λέγε-

236 2337 358 2388 σθαι
395 2337 660 2404 Πνεῦμα
689 2337 796 2390 τοῦ
836 2337 972 2391 Υίοῦ
1003 2337 1036 2406 ἢ
1073 2338 1391 2408 Χριστοῦῆ
1426 2339 1494 2392 τὰ
1523 2339 1746 2391 τοιαῦτα
1782 2343 1844 2392 ἐκ

237 2428 604 2497 τωλυμεροῦς
647 2430 900 2499 πρόεισιν
933 2431 1111 2492 αἰτίας
1149 2431 1304 2484 (διότι
1330 2448 1389 2484 τε
1415 2431 1524 2501 γὰρ
1558 2430 1844 2501 ὁμοούσιον

237 2521 328 2570 καὶ
362 2519 506 2572 διότι
560 2522 710 2590 χρίει
738 2522 901 2574 αὑτὸν
935 2523 1028 2574 καὶ
1055 2522 1193 2575 διότι
1224 2523 1299 2592 (7)
1363 2523 1512 2592 μένει
1562 2523 1650 2575 ἐπ’
1680 2524 1844 2576 αὐτὸν

236 2609 330 2662 καὶ
373 2609 520 2662 διότι
557 2613 620 2663 ἐν
643 2611 835 2681 αὐτῷ).
874 2610 936 2664 Εἰ
967 2609 1065 2665 οῦν
1087 2611 1150 2665 τὸ
1179 2610 1576 2682 ἐκπορεύεσθαι
1623 2612 1722 2683 τὴν
1751 2631 1846 2666 κυ-

244 2704 522 2774 ριωτάτην
555 2705 756 2774 ἐπέχον
799 2707 1001 2770 αἰτίαν,
1044 2706 1112 2759 δι’
1161 2705 1229 2775 ἦν
1268 2704 1330 2757 τὸ
1374 2701 1598 2775 Πνεῦμα
1628 2704 1846 2772 )ἐγετ.αι

241 2791 377 2849 εἶναι
408 2795 512 2848 τοῦ
547 2796 689 2848 Θεοῦ
725 2799 818 2849 καὶ
864 2797 1072 2867 Κυρίου
1102 2799 1198 2850 καὶ
1223 2796 1290 2850 τὰ
1317 2796 1565 2863 τοιαῦτα,
1604 2798 1754 2867 ὅμως
1785 2801 1844 2851 ού

243 2887 457 2939 δίδωσιν
507 2888 703 2951 αὐτοῖς
750 2889 1121 2956 ἀπαγγέλλειν
1166 2889 1241 2960 (8)
1296 2887 1359 2942 τὸ
1411 2889 1843 2961 ἐκπορεύεσθαι,

243 2979 357 3040 πῶς
401 2979 665 3044 δυνατὸν,
700 2975 860 3049 ἐφ”ᾧ
895 2983 970 3051 (9)
1005 2981 1177 3035 πλείω
1222 2983 1292 3036 τὰ
1324 2983 1474 3036 αίτια
1516 2981 1844 3051 θεωρεῖται,

246 3068 311 3119 δι’
346 3061 421 3122 ὧν
455 3068 847 3139 ὑμνολογεῖτσι
885 3067 1108 3140 Πνεῦμα
1137 3069 1231 3122 τοῦ
1261 3068 1393 3122 Υίοῦ
1439 3069 1536 3122 καὶ
1581 3069 1844 3140 Χριστοῦ,

249 3158 338 3212 ἐπὶ
363 3161 572 3214 τούτου
604 3161 719 3232 (10)
744 3161 928 3233 ζητεῖν
953 3163 1129 3215 καίτοι
1162 3160 1297 3231 μηδὲ
1333 3161 1846 3234 συναριθμουμένην

252 3253 360 3315 τοῖς
387 3253 598 3316 αίτίοις
632 3253 1013 3324 ἀπαραίτητον
1042 3255 1139 3324 τὴν
1170 3252 1306 3306 ἐκπό
1319 3269 1540 3322 ρευσιν;

321 3429 429 3499 ιιβν.
468 3430 552 3485 ΣΞ)
582 3430 640 3484 δὲ
667 3431 776 3503 ἄρα
801 3431 868 3484 τὰ
899 3425 1014 3485 ὦτα
1037 3431 1132 3500 καὶ
1161 3432 1261 3504 τὴν
1285 3431 1528 3486 διάνοιαν
1556 3431 1849 3485 ἀνατείνων

258 3523 390 3590 πρὸς
443 3524 731 3588 ἀσέϐειαν,
787 3525 1006 3578 ἐπειδὰν
1060 3524 1299 3597 ἀκούσῃς
1346 3525 1410 3578 τὸ
1441 3525 1688 3594 Πνεῦμα
1742 3525 1850 3579 τοῦ

261 3615 519 3678 Χριστοῦ
557 3615 590 3685 ἢ
620 3614 770 3686 [106]
821 3614 929 3670 τοῦ
977 3617 1137 3680 Υἱοῦ,
1173 3619 1354 3670 πάντα
1384 3615 1757 3686 παραδραμὼν
1792 3615 1851 3680 ἐξ

262 3699 331 3756 ὧν
358 3707 460 3775 τῆς
493 3707 776 3775 θεολογίας
807 3704 876 3779 ἦν
909 3725 990 3760 σοι
1028 3707 1102 3779 μὴ
1135 3707 1466 3771 διεκπεσεῖν,
1497 3709 1576 3771 είς
1604 3708 1632 3761 ὃ
1663 3708 1852 3778 μηδεὶς

264 3799 432 3852 εἰπεῖν
455 3801 794 3870 κατηνέχθη,
822 3801 960 3872 πρὸς
983 3803 1160 3854 ἐκεῖνο
1181 3800 1324 3854 κατὰ
1348 3801 1590 3872 κεφαλὴν
1611 3801 1848 3872 τρέχεις.

266 3890 492 3962 Εἴρηται
525 3891 590 3944 τὸ
623 3891 844 3962 Πνεῦμα
878 3891 1277 3963 ἐκπορεύεσθαι
1301 3889 1395 3945 τοῦ
1433 3890 1668 3962 Πατρδς,
1704 3891 1852 3961 εἴρη-

264 3999 349 4035 ται
381 3986 480 4038 καὶ
514 3984 611 4037 τοῦ
652 3985 784 4037 Υίοῦ
815 3985 910 4037 καὶ
959 3984 1053 4036 τοῦ
1095 3983 1230 4037 Θεοῦ
1259 3983 1394 4056 (Η),
1427 3984 1521 4038 καὶ
1566 3985 1632 4037 τά
1680 3983 1848 4044 ἄλλα,

265 4067 335 4126 ὧν
360 4075 627 4138 πολλάκις
655 4078 683 4128 ὁ
715 4076 868 4144 λόγος
898 4075 1166 4141 ἀνέπτυξε
1197 4075 1294 4148 τὴν
1319 4079 1572 4148 διήγησιν
1592 4093 1605 4106 ·
1635 4081 1728 4129 καὶ
1758 4078 1852 4129 οὗ·

266 4166 346 4219 δὲν
375 4168 590 4222 τούτων
636 4169 777 4233 πλὴν
809 4169 907 4239 τῆς
939 4169 1212 4240 προτέρας
1246 4174 1432 4241 φωνῆς
1467 4171 1724 4241 σημαίνει
1753 4170 1852 4242 τὴν

267 4259 613 4330 ἐκπόρευσιν·
639 4259 853 4330 εἴρηται
880 4259 940 4312 τὸ
966 4259 1188 4329 Πνεῦμα
1210 4259 1304 4312 τοῦ
1341 4258 1472 4313 Υίοῦ
1495 4259 1589 4313 καὶ
1613 4259 1850 4330 Χριστοῦ

267 4351 360 4403 κα).
386 4353 456 4404 τὰ
487 4353 872 4422 παραπλήσια,
909 4352 1148 4422 οὐδαμοῦ
1176 4351 1232 4404 δὲ
1257 4352 1339 4405 ὅτι
1373 4352 1430 4406 τὸ
1475 4352 1702 4423 Πνεῦμα
1735 4352 1850 4424 (ίὲ)

1942 1876 2030 1930 nis
2050 1887 2363 1931 sanctorum
2383 1877 2605 1932 Patrum
2621 1879 2802 1934 verbis
2817 1895 3075 1949 expresse
3091 1896 3330 1948 unquam
3348 1895 3527 1933 enun-

1947 1967 2139 2023 tiatum
2165 1968 2287 2034 fuit,
2307 1967 2572 2040 Spiritum
2589 1971 2890 2041 procedere
2907 1987 2936 2024 a
2961 1969 3118 2034 Filio,
3143 1981 3254 2025 tum
3270 1970 3395 2040 quia
3415 1971 3527 2025 l'or-

1945 2060 2106 2115 mula:
2130 2062 2349 2131 quidem
2371 2063 2627 2133 loquendi
2649 2061 2886 2132 Spiritus
2903 2061 2993 2117 Dei
3017 2071 3074 2116 et
3093 2062 3299 2117 similes
3317 2078 3530 2130 proces-

1945 2152 2154 2206 sionem
2183 2154 2386 2208 habent
2410 2155 2644 2224 primatu
2667 2155 3106 2224 praecipuamque
3124 2170 3345 2209 causam
3371 2157 3527 2226 (con-

1946 2243 2322 2297 substantialis
2337 2245 2482 2297 enim
2520 2243 2779 2313 Spiritus,
2804 2245 2930 2314 quia
2959 2244 3224 2314 procedit,
3252 2260 3362 2299 non
3398 2260 3528 2299 vero

1944 2333 2071 2402 quia
2105 2336 2588 2390 consubstantialis
2607 2346 2662 2388 et
2687 2337 2987 2403 procedens
3013 2336 3144 2407 est),
3181 2336 3302 2390 ista:
3341 2346 3527 2390 autem

1944 2425 2251 2480 locutiones
2303 2425 2538 2496 Spiritus
2594 2425 2726 2480 Filii
2755 2429 2838 2481 vel
2877 2427 3076 2481 Christi
3109 2438 3164 2482 et
3216 2438 3426 2482 caterva
3460 2444 3526 2481 ex

1944 2515 2108 2570 variis
2129 2517 2382 2570 oriuntur
2395 2517 2574 2571 causis
2592 2517 3010 2588 (videlicetquia
3035 2519 3527 2574 consubstantialis

1945 2608 1992 2661 ei
2013 2615 2098 2662 est
2121 2607 2359 2678 Spiritus
2376 2621 2432 2663 et
2457 2609 2583 2678 quia
2604 2611 2898 2681 ungiteum
2921 2619 2977 2665 et
3000 2611 3126 2680 quia
3146 2621 3335 2665 manet
3363 2626 3530 2681 super

1946 2713 2070 2752 eum
2101 2707 2155 2753 et
2184 2699 2236 2754 in
2284 2700 2394 2772 eo).
2441 2700 2500 2754 Si
2540 2701 2706 2772 igitur
2741 2702 3040 2771 processio,
3077 2702 3205 2756 licet
3254 2703 3326 2758 sit
3364 2718 3530 2758 causa

1948 2791 2250 2861 potissima,
2283 2808 2382 2848 cur
2425 2793 2669 2864 Spiritus
2711 2793 2928 2849 dicatur
2959 2808 3079 2848 esse
3105 2794 3198 2848 Dei
3223 2803 3278 2848 et
3311 2794 3528 2848 Domini

1947 2894 2002 2937 et
2023 2883 2239 2946 similia,
2266 2894 2445 2940 tamen
2480 2901 2590 2940 non
2611 2887 2704 2940 dat
2733 2885 2853 2941 istis
2874 2885 3120 2948 vocibus,
3150 2894 3211 2940 ut
3238 2886 3531 2940 enuntient

1948 2977 2395 3045 proccssionem,.
2433 2979 2732 3048 quomodo,
2769 2993 2976 3048 quaeso,
3030 2977 3151 3031 ﬁeri
3206 2979 3432 3048 poterit,
3473 2991 3532 3031 ut

1951 3068 2043 3122 ubi
2073 3069 2255 3138 plures
2293 3070 2712 3124 considerantur
2755 3085 2954 3134 causae,
3009 3071 3080 3124 ob
3122 3084 3260 3137 quas
3293 3069 3533 3139 Spiritus

1952 3163 2279 3230 praedicatur
2306 3161 2426 3217 Filii
2463 3161 2769 3228 etChristi,
2791 3162 2863 3216 ibi
2894 3161 3207 3216 necessario
3239 3162 3534 3216 admitten-

1949 3253 2016 3306 da
2047 3253 2295 3306 videatur
2330 3253 2626 3322 processio,
2657 3269 2780 3324 quze
2811 3262 2991 3307 tamen
3015 3269 3196 3322 neque
3235 3253 3378 3308 inter
3401 3269 3535 3308 cau-

1949 3358 2038 3397 sas
2085 3344 2454 3398 numeratur?

2021 3435 2109 3490 92.
2143 3435 2224 3489 Tu
2263 3445 2443 3490 tamen
2466 3451 2629 3491 aures
2665 3451 2729 3490 ac
2777 3444 3020 3490 mentem
3072 3435 3138 3490 ad
3196 3435 3531 3506 impietatem

1950 3527 2263 3592 intendens,
2314 3529 2402 3582 ubi
2431 3529 2668 3583 audieris
2727 3530 2988 3598 Spiritum
3033 3528 3223 3583 Clu-isti
3264 3541 3357 3584 aut
3388 3530 3534 3597 Filii,

1951 3620 2133 3676 omnia
2169 3621 2507 3690 praeteriens,
2562 3637 2628 3674 ex
2677 3621 2876 3690 quibus
2919 3630 3140 3690 poteras
3175 3636 3204 3674 a
3247 3631 3396 3676 recta
3424 3637 3535 3676 non

1951 3713 2203 3769 excidere
2255 3714 2555 3785 theologia,
2600 3713 2666 3769 ad
2715 3714 2842 3767 illud
2885 3730 3058 3784 prono
3106 3715 3284 3784 capite
3331 3715 3535 3780 curris,

1951 3807 2097 3876 quod
2138 3823 2302 3862 nemo
2339 3823 2586 3862 asserere
2616 3823 2904 3878 aggressus
2933 3816 3036 3862 est.
3069 3802 3278 3861 Dicitur
3299 3806 3538 3877 Spiritus

1953 3900 2250 3970 procedere
2273 3917 2302 3955 a
2331 3899 2514 3963 Patre,
2548 3900 2749 3955 dicitur
2769 3908 2823 3953 et
2845 3897 2967 3953 Filii
2997 3907 3053 3952 et
3073 3898 3192 3960 Dei,
3228 3907 3284 3951 et
3313 3907 3534 3961 (κριοῖο,

1952 4007 2073 4061 quae
2127 3990 2329 4060 saepius
2386 3991 2868 4057 enumeravimus;
2921 3998 3086 4058 atque
3147 3989 3294 4042 nulla
3342 3990 3535 4043 harum

1953 4081 2319 4147 locutionum,
2354 4091 2552 4152 praeter
2585 4082 2842 4152 primam,
2889 4081 3292 4152 processionem
3326 4082 3536 4152 signiti-

1954 4183 2075 4239 c..t;
2137 4174 2338 4229 dicitur
2390 4173 2630 4244 Spiritus
2685 4174 2806 4228 Filii
2859 4184 2915 4228 et
2950 4174 3152 4229 Christi
3210 4183 3265 4228 et
3313 4175 3539 4240 similia,

1955 4281 2227 4331 nusquam
2281 4281 2412 4320 vero
2468 4266 2766 4337 procedere
2815 4265 3137 4335 Spirituma
3202 4247 3362 4321 Filio.
3401 4268 3543 4320 Cum

1956 4359 2117 4430 igitur
2168 4360 2479 4414 nullatenus
2516 4357 2682 4413 fuerit
2722 4359 3006 4413 enuntiata
3043 4360 3344 4429 processio,
3401 4375 3539 4430 quo-

269 4444 356 4496 τοῦ
387 4445 521 4498 Υίοῦ
557 4446 937 4516 ἐκπορεύεται.
972 4444 1250 4515 Μηδαμῶς
1283 4440 1374 4499 οῦν
1410 4447 1710 4516 εἰρημένης
1753 4447 1846 4516 τῆς

1959 4448 2118 4503 modo
2139 4465 2250 4503 non
2304 4464 2515 4503 sunnna
2570 4457 2652 4503 est
2699 4448 2911 4502 insania
2957 4459 3120 4518 atque
3155 4450 3431 4516 vecordia,
3470 4451 3537 4503 ad

271 4538 687 4606 ἒκπορεύσεως,
742 4539 860 4602 πῶς
902 4539 961 4590 ού
1009 4539 1290 4602 παντελῶς
1337 4538 1597 4592 ἁσύνετόν
1643 4556 1702 4592 τε
1762 4541 1854 4593 καὶ

272 4630 590 4703 παράφορον
618 4632 698 4695 είς
725 4633 904 4684 ἐκεῖνο
947 4631 1047 4693 τὰς
1085 4631 1268 4701 φωνὰς
1299 4631 1544 4698 ἀνάγειν,
1579 4632 1659 4694 εἰς
1689 4631 1717 4684 ὃ
1751 4649 1854 4702 μη-

1956 4540 2088 4594 illud
2119 4557 2280 4594 voces
2315 4540 2598 4604 reducere,
2643 4540 2708 4594 ad
2739 4541 2883 4610 quod
2921 4543 3074 4594 nullo
3103 4557 3342 4610 unquam
3376 4543 3545 4594 modo

1954 4631 2176 4688 fuerunt
2199 4633 2532 4688 enuntiata?
2560 4633 2678 4688 Non
2699 4633 2844 4688 enim
2880 4635 2983 4688 hoc
3003 4651 3222 4702 quoque
3253 4635 3338 4688 isti
3370 4635 3538 4685 maxi—

1344 4783 1575 4840 VAlll/E
1619 4785 2007 4843 LECTlONliS
2046 4787 2132 4842 ET
2162 4787 2393 4844 ΝΟΤιΕ.

342 4927 417 4996 (5)
443 4925 565 4980 Col.
625 4925 868 4996 Οὐδεμία
910 4942 972 4992 γε
995 4942 1050 4978 κ.
1083 4923 1296 4996 φωνῶν.

344 4992 419 5067 (4)
454 4997 679 5067 Photius
708 4992 798 5067 ap.
829 4992 1159 5067 Beccutn,:l.
1191 5010 1272 5056 ιιι,
1310 4994 1376 5067 ad
1409 4993 1622 5067 Theod.
1680 4992 1846 5067 Sugd.

276 5081 324 5147 ετ
355 5065 467 5147 πρ
502 5065 568 5147 (ς
598 5066 808 5147 ,0.ΛΠ,-
833 5065 972 5147 1&2;
993 5065 1117 5147 145‘)
1145 5081 1159 5113 τ
1204 5065 1378 5147 ςΑλλο
1391 5066 1696 5147 ,σημαίνειν
1723 5065 1852 5147 dicit

2025 4927 2104 4995 (6)
2138 4925 2320 4998 Fatic.
2342 4925 2394 4998 l‘.
2423 4925 2530 4998 298
2558 4941 2606 4980 a.
2642 4925 2807 4980 ποθὲν
2835 4923 3062 4998 ἐρρήθη.
3091 4925 3107 4944 ⁴
3139 4922 3230 4977 Sic
3257 4922 3377 4978 Col.

2023 4994 2098 5066 (7)
2133 4994 2303 5066 Palat.
2336 4997 2444 5051 bis.
2472 4997 2521 5049 δι
2549 4998 2651 5049 ὅτι.

2023 5061 2098 5136 (8)
2139 5065 2271 5123 Scil.
2308 5068 2360 5120 in
2399 5066 2730 5121 dictionibus
2757 5084 2771 5118 ι
2807 5065 3048 5136 Spiritus
3076 5064 3166 5118 Dei
3197 5073 3252 5136 et
3280 5061 3490 5136 Domini
3517 5080 3534 5129 ;

280 5133 643 5207 τὴνΫΠνεῦμα
672 5137 811 5188 θεοῦ
859 5136 891 5205 ἢ
929 5136 1143 5207 Πατρὺς
1286 5134 1418 5188 Υίοῦ
1465 5133 1759 5207 λεγουσαν
1789 5134 1846 5207 το

1953 5133 2040 5189 vel
2061 5138 2324 5207 potiusttt
2353 5138 2696 5207 subjectum:
2726 5133 2889 5189 verba
2918 5134 3147 5207 Πνεῦμα,
3167 5135 3262 5187 τοῦ
3283 5133 3417 5186 Θεοῦ
3445 5137 3544 5207 καὶ

285 5204 500 5277 Πνεῦμα
549 5204 754 5276 φωνὴν,
797 5204 890 5259 καὶ
941 5204 1129 5275 ἕτερον
1155 5204 1256 5275 τὴν
1312 5204 1710 5277 ἐκπορεύεσθαι
1756 5204 1846 5277 τοῦ

1953 5204 2181 5277 Κυρίου.
2216 5206 2404 5277 Neque
2438 5204 2586 5262 enim
2623 5206 2806 5259 dicere
2839 5206 2976 5277 vult,
3029 5204 3090 5258 τὸ
3135 5204 3531 5277 ἐκπορεύεσθαι

284 5274 649 5349 Πατρδςαύτὺ
673 5274 1008 5349 λέγουσαν...
1041 5274 1234 5349 ἕτερόν
1259 5277 1401 5349 ἐστι
1431 5275 1748 5349 περιφανῷς
1787 5274 1846 5349 τί)

1953 5274 2058 5349 non
2091 5274 2399 5349 signiﬁcare
2428 5279 2490 5330 τὸ
2520 5275 2959 5349 ἐκπορεύεσθαι,
2992 5278 3086 5349 sed
3118 5274 3294 5328 solum
3329 5292 3341 5327 :
3380 5288 3545 5328 voces

286 5347 670 5419 ἐκπορεύεσθαι
705 5349 766 5400 ἐκ
794 5346 886 5399 τοῦ
921 5348 1132 5419 Πατρὸς
1161 5346 1223 5398 τὸ
1259 5345 1515 5419 Πνεῦμα,
1538 5345 1633 5419 κα).
1667 5345 1844 5419 ἄλλοί]

1953 5347 2047 5401 Πν.
2081 5345 2239 5411 esse,
2289 5358 2396 5402 etc.
2429 5349 2480 5402 id
2520 5362 2630 5419 non
2667 5348 3004 5419 exprimere,
3055 5345 3180 5419 licet
3215 5359 3408 5406 causa,
3443 5360 3545 5397 cur

285 5417 344 5469 ἐκ
385 5415 518 5472 θεοῦ
570 5419 804 5486 λέγουσα
846 5418 1105 5486 σημαίνει
1156 5415 1332 5485 φωνή.
1364 5416 1448 5469 (2f.
1472 5425 1527 5469 et
1565 5415 1857 5484 'l’heophy-

289 5486 405 5558 lact.
435 5490 577 5556 apud
608 5488 829 5558 Hugon.
851 5486 1190 5540 Etheriau.l.
1210 5501 1275 5558 in,
1295 5502 1344 5539 c.
1366 5487 1431 5540 l5
1463 5487 1583 5558 init.
1617 5503 1672 5556 p.
1694 5486 1853 5558 uss.

289 5554 449 5628 Dicul.
471 5554 722 5614 Methon'.
747 5559 888 5628 apttd
917 5558 1171 5628 eumdem
1208 5557 1243 5610 Ι.
1269 5572 1348 5620 ut,
1382 5573 1436 5628 c.
1469 5557 1556 5620 Η,
1591 5554 1645 5628 pl
1686 5557 1854 5628 172477;

293 5624 517 5683 Marcum
554 5631 749 5699 laphes.
781 5624 981 5698 'syllog.
1013 5628 1102 5691 20,
1129 5627 1182 5680 in
1215 5628 1351 5699 cod.
1393 5624 1655 5699 διοικεῖ.
1691 5627 1730 5681 f.
1751 5627 1862 5699 255

291 5696 632 5764 arguentem,
683 5696 835 5754 aliud
878 5714 999 5753 esse
1050 5699 1114 5750 τὸ
1178 5696 1404 5769 Πνεῦμα
1460 5698 1553 5749 τοῦ
1617 5698 1853 5769 Πατρός,

291 5771 422 5821 aliud
454 5772 512 5834 τὸ
545 5773 638 5824 Πν.
671 5773 762 5822 τοῦ
803 5769 1014 5836 Πατρὸς
1048 5768 1465 5837 ἐκπορεύεσθαι.

356 5840 426 5896 t3)
461 5841 549 5896 Sic
578 5841 696 5896 Col.
733 5840 902 5895 Palat.
941 5840 979 5893 Γ.
1029 5839 1138 5892 ‘250
1172 5853 1223 5894 a.
1262 5837 1383 5896 μηδ’
1415 5838 1576 5895 ὅλως.

1956 5428 2249 5485 Imitantur,
2283 5419 2338 5472 in
2372 5419 2465 5472 illo
2489 5418 2576 5472 sit.
2615 5416 2767 5471 Prius
2797 5417 3089 5472 absurdum
3124 5415 3266 5470 foret
3292 5424 3346 5469 et
3375 5429 3548 5486 grave

1955 5489 2307 5560 deiectionis
2333 5489 2562 5560 veritate
2585 5487 2817 5560 dubium
2854 5488 3128 5560 ingerens.

2029 5559 2104 5629 (tl)
2135 5560 2251 5614 Col.
2284 5575 2340 5628 p.
2382 5559 2487 5612 515
2513 5558 2597 5629 ἐφ’
2632 5552 2714 5629 οῦ.

2025 5627 2138 5698 (⁷10)
2175 5627 2346 5685 Palat.
2378 5630 2472 5682 ἐπὶ
2497 5628 2590 5681 τοῦ
2624 5627 2827 5698 ζητεῖν.

2028 5692 2142 5768 (ΙΙ)
2179 5699 2297 5771 Col.
2336 5699 2552 5771 εἴρηται
2583 5692 2793 5752 καῖ’τοῦ
2827 5698 3039 5770 Πατρδς
3067 5696 3159 5751 καὶ
3184 5695 3277 5749 τοῦ
3305 5692 3474 5747 Θεοῦ-ο

2025 5771 2138 5842 με)
2177 5769 2288 5826 Col.
2330 5769 2454 5827 add.
2497 5771 2599 5828 ἐκ..
