3956 6484
339 375 445 439 387

1482 354 1745 418 ΡΗΟΤΙΙ
1784 349 2290 413 PATRIARCIIXE
2330 352 2440 411 CP.

3632 337 3765 402 388

335 503 426 543 me
460 481 736 539 temerarii
777 488 830 534 et
885 475 951 532 ad
978 473 1246 545 quidlibet
1304 468 1619 524 audendum
1653 462 1811 535 proni
1837 459 1960 516 di-.

2083 458 2179 529 ιμῆ
2231 458 2504 530 μηδαμῶς
2547 461 2940 531 ὲκπεφὼνηται
2975 460 3125 532 (1⁸5);
3189 455 3291 511 Οὐ
3331 452 3476 523 γὰρ
3509 450 3594 519 δὴ
3650 448 3761 503 καὶ

334 586 464 627 cere
493 570 794 634 audebunt,
822 579 983 637 posse
1013 560 1289 631 expressis
1321 559 1504 614 verbis
1536 573 1565 611 e
1591 556 1762 612 sacris
1809 552 1924 606 elo-

339 664 488 735 quiis
513 662 725 719 desumi
759 657 995 729 Spiritus
1020 670 1050 709 a
1078 652 1218 708 Filio
1252 651 1685 723 processionem.

414 838 506 895 93.
548 837 631 892 Tu
659 850 790 889 vero
814 833 948 888 hinc
982 843 1202 901 quoque
1240 842 1355 881 rem
1390 824 1660 896 expende.
1692 818 1933 892 Spiritus

344 932 546 987 dicitur
570 928 807 997 Spiritus
835 922 1062 985 Christi,
1086 930 1143 975 et
1172 933 1281 989 qua
1316 916 1528 971 ratione
1552 915 1790 980 dicatur,
1819 928 1934 967 non

344 1032 430 1077 est
457 1018 676 1075 diﬂicile
714 1033 779 1071 ex
814 1016 953 1069 Isaia
988 1010 1223 1072 discere,
1274 1011 1385 1065 imo
1425 1024 1556 1063 vero
1603 1023 1671 1062 ex
1701 1008 1936 1077 ipsamct

347 1111 560 1167 numini
593 1105 918 1163 recitatione
950 1120 1013 1159 ac
1044 1118 1180 1157 voce
1219 1121 1232 1156 :
1263 1096 1498 1169 Spiritus
1521 1095 1663 1153 enim
1696 1098 1931 1161 Domini,

348 1206 545 1276 inquit,
566 1220 724 1273 super
750 1218 864 1267 me;
891 1210 1170 1270 propterea
1189 1199 1341 1252 unxit
1365 1213 1446 1250 me
1465 1194 1536 1249 “.
1567 1194 1935 1260 Quamobrem

270 1308 301 1325 '
350 1300 589 1369 Spiritus
619 1297 726 1351 alio
760 1294 923 1349 modo
951 1293 1152 1348 dicitur
1183 1289 1417 1351 Domini,
1456 1288 1562 1343 alio
1592 1286 1756 1341 modo
1779 1284 1934 1351 Filii;

348 1389 590 1457 Spiritus
640 1386 866 1457 quidem
925 1381 1138 1436 Domini
1184 1388 1374 1449 utpote
1408 1373 1935 1439 consubstantialis;

351 1481 597 1551 Spiritus
643 1494 775 1532 vero
803 1475 944 1538 Filii,
998 1474 1128 1527 licet
1179 1472 1249 1526 sit
1304 1466 1810 1528 consubstantialis,
1853 1474 1940 1519 ta-

351 1586 478 1626 men
505 1578 731 1641 propter
760 1566 1077 1621 unctionem
1104 1563 1306 1617 dicitur
1339 1579 1352 1614 :
1395 1560 1601 1614 Christi
1632 1558 1781 1613 enim
1818 1557 1942 1626 Spi-

354 1665 514 1728 ritus,
552 1662 678 1732 quia
704 1661 858 1731 ungit
886 1658 1087 1729 ipsum,
1118 1655 1353 1726 Spiritus
1379 1653 1551 1716 enim,
1597 1648 1772 1721 inquit
1822 1649 1941 1719 ipsa

355 1751 595 1812 Veritas,
624 1765 782 1817 super
821 1761 940 1811 me;
968 1756 1245 1816 propterea
1277 1744 1424 1797 unxit
1454 1758 1556 1796 me.
1603 1741 1771 1812 Ungit
1815 1739 1944 1810 Spi-

2031 549 2196 603 τοῦτο
2226 551 2596 621 τολμήσουσιν
2625 554 2675 605 οἱ
2720 554 2898 607 πάντα
2927 554 3154 623 θρασεῖς
3193 548 3453 605 εἰπεῖν.
3488 545 3588 606 ὡς
3618 542 3764 594 ἔστι

2031 643 2274 711 ῥήμασιν
2329 644 2515 706 αὐτοῖς
2568 644 2632 696 ὲκ
2684 644 2796 697 τῶν
2845 643 3008 716 ἱερῶν
3060 642 3317 712 Λογίων
3388 634 3628 689 λαϐεῖν
3691 633 3765 686 τὸ

2032 733 2258 803 Πνεῦμα
2287 732 2382 789 τοῦ
2428 734 2552 787 ficii
2588 735 3009 807 ἐκπορεύεσθαι.

2105 826 2213 894 ια’.
2250 828 2322 880 Σὺ
2352 826 2409 880 δέ
2439 844 2532 895 μοι
2562 828 2757 881 σκόπει
2787 827 3104 881 κάντεῦθενο
3133 828 3214 881 τὸ
3251 821 3547 891 Πνεῦμα
3578 818 3763 886 λέγε-

2033 936 2124 972 ται
2157 918 2251 971 τοῦ
2294 918 2558 991 Χριστοῦ,
2592 919 2686 972 καὶ
2726 921 2874 983 ὅπως
2909 921 3169 990 λέγεται,
3211 920 3293 972 οὐ
3335 912 3639 987 χαλεπὸν
3678 913 3756 964 ὲκ

2034 1010 2129 1066 τοῦ
2154 1012 2378 1065 Ἡσαΐου
2413 1011 2627 1082 μαθεῖν,
2662 1013 2865 1083 μᾶλλον
2892 1013 2949 1066 δὲ
2980 1016 3076 1067 καὶ
3107 1014 3167 1079 ἐξ
3212 1011 3436 1079 αὐτῆς
3476 1006 3603 1076 τῆς
3638 1007 3755 1057 Δεο

2039 1104 2303 1173 σποτικῆς
2334 1104 2693 1173 ἀναγνώσεως
2744 1104 2839 1157 καὶ
2867 1108 3073 1174 φωνῆς·
3108 1102 3410 1172 Πνεῦμα
3443 1099 3583 1167 γὰρ
3614 1095 3748 1167 (14)

2036 1196 2130 1248 ἐπ’
2179 1195 2306 1265 ἐμὲ,
2361 1196 2549 1264 φησιν,
2596 1191 2668 1251 οὗ
2714 1197 2947 1250 εἵνεκεν
2989 1195 3207 1266 ἐχρισέ
3258 1209 3385 1264 με’
3460 1189 3640 1243 ὥστε
3678 1188 3751 1240 τὸ

2039 1287 2268 1358 Πνεῦμα
2298 1286 2458 1340 ἄλλον
2491 1288 2589 1357 μὲν
2632 1288 2835 1358 τρόπον
2863 1288 3081 1356 λέγεται
3128 1287 3238 1341 τοῦ
3282 1284 3545 1354 Κυρίου
3579 1279 3741 1351 (15),

2039 1380 2228 1449 ἕτερον
2256 1380 2312 1433 δὲ
2343 1380 2439 1433 τοῦ
2472 1379 2629 1433 Υἱοῦο
2670 1382 2732 1433 τὸ
2764 1382 2862 1450 μὲν
2892 1380 3000 1451 γὰρ
3032 1381 3107 1444 ὡς
3141 1378 3526 1449 ὁμοούσιον·
3568 1374 3642 1426 τὸ
3679 1374 3747 1426 δὲ

2042 1475 2089 1525 εἰ
2117 1474 2214 1525 καὶ
2244 1472 2552 1543 ὁμοούσιον,
2586 1472 2724 1527 ἀλλὰ
2747 1473 2842 1526 νῦν
2871 1490 2935 1541 γε
2964 1473 3053 1526 διὰ
3088 1472 3150 1526 τὸ
3177 1471 3443 1543 χρίσμα
3476 1466 3738 1534 λέγεται

2040 1564 2135 1618 τοῦ
2170 1564 2300 1618 Υίοῦ
2324 1582 2338 1595 ·
2391 1566 2630 1636 Χριστοῦ
2656 1565 2769 1635 (16)
2813 1566 2922 1636 γὰρ
2957 1564 3207 1635 Πνεῦμα,
3264 1565 3370 1616 ὅτι
3407 1560 3584 1631 χρίει
3620 1561 3738 1612 αὐ-

2043 1656 2135 1710 τόν
2162 1655 2303 1728 (17)·
2337 1655 2488 1729 [107]
2522 1656 2765 1726 Πνεῦμα
2793 1657 2903 1726 γὰρ
2930 1655 3024 1708 ἐπ’
3062 1654 3206 1725 ἐμὲ,
3246 1652 3421 1723 αὐτή
3464 1666 3659 1720 φησιν
3695 1649 3733 1718 ἡ

2058 1749 2305 1820 Ἀλήθεια
2329 1791 2345 1816 ,
2387 1746 2460 1806 οὗ
2493 1751 2726 1804 εἵνεκεν
2769 1748 2977 1817 ἐχρισέ
2999 1766 3095 1818 με.
3125 1749 3307 1820 Χρίει
3353 1746 3431 1799 τὸ
3475 1743 3739 1811 Πνεῦμα

360 1842 501 1894 ritus
529 1812 831 1901 Christum,
858 1812 1135 1906 quomodo
1168 1834 1246 1897 id,
1285 1847 1494 1902 quaeso,
1525 1830 1823 1899 intelligis?
1856 1829 1939 1884 An

2083 1842 2134 1895 ὸν
2160 1812 2415 1913 Χριστόνο
2444 1842 2724 1912 ἄνθρωπε,
2901 1812 3080 1909 νοείςς
3111 1812 3241 1895 καθ’
3275 1839 3352 1893 ὃν
3374 1839 3567 1906 λόγον
3583 1853 3733 1908 μετ-

359 1941 632 2002 quatenus
658 1928 1005 1999 participavit
1034 1927 1100 1980 de
1120 1941 1286 1980 carne
1311 1935 1365 1979 et
1390 1924 1657 1992 sanguine
1683 1931 1739 1976 et
1766 1919 1945 1975 factus

357 2034 443 2078 cst
460 2025 643 2082 homo,
662 2036 730 2074 an
752 2030 1023 2089 quatenus
1039 2018 1106 2072 ab
1129 2026 1335 2071 aeterno
1357 2012 1656 2070 exsistebat
1678 2009 1855 2066 Deus?
1877 2011 1948 2063 At

361 2119 467 2172 hoc
480 2112 750 2185 posterius
764 2125 1069 2179 nunquam,
1085 2107 1302 2178 opinor,
1315 2104 1529 2162 tametsi
1550 2101 1948 2158 audacissimus

360 2210 460 2273 sis,
489 2206 760 2260 allirmare
771 2203 1021 2257 audebis.
1044 2199 1162 2254 Non
1185 2200 1334 2254 enim
1353 2197 1575 2269 ungitur
1596 2191 1768 2249 Filius
1783 2200 1951 2264 prout

360 2310 449 2356 est
476 2299 641 2361 Deus,
665 2311 856 2367 apage.
890 2296 1029 2366 Ergo
1058 2303 1219 2364 prout
1245 2300 1328 2346 est
1357 2292 1522 2345 homo
1547 2288 1758 2359 Spiritu
1792 2287 1951 2357 ungi-

362 2405 454 2449 :ur
482 2392 756 2449 Christus.
792 2388 873 2443 Tu
898 2404 1030 2443 vero
1059 2387 1228 2441 dicis:
1287 2383 1558 2451 Quoniam
1593 2382 1792 2437 dicitur
1823 2379 1950 2448 Spi-

364 2486 502 2541 ritus
539 2483 769 2548 Christi,
813 2482 1043 2535 omnino
1096 2490 1150 2533 et
1175 2477 1425 2550 procedit
1461 2492 1492 2531 a
1529 2474 1768 2530 Christo.
1813 2471 1953 2543 Ergo

368 2578 608 2649 Spiritus
654 2574 863 2631 Christi
915 2590 1026 2628 non
1061 2581 1335 2643 quatenus
1387 2578 1474 2624 est
1538 2567 1684 2622 Deus
1722 2582 1790 2621 ex
1830 2566 1953 2635 ipso

367 2668 646 2741 provenit,
705 2666 803 2722 sed
838 2673 1112 2735 quatenus
1162 2664 1349 2728 homo,
1401 2675 1510 2715 non
1545 2659 1616 2714 ab
1661 2667 1874 2714 aeterno
1900 2665 1958 2712 et

369 2769 499 2815 ante
525 2758 724 2815 saecula
775 2756 938 2811 simul
978 2771 1103 2810 cum
1154 2754 1314 2808 Patre
1362 2750 1723 2807 substantiam
1776 2749 1957 2821 possi-

370 2854 529 2917 dens,
557 2850 653 2906 sed
671 2857 825 2915 tunc,
841 2846 1060 2917 quando
1078 2846 1377 2900 humanam
1409 2859 1630 2899 carnem
1659 2840 1959 2911 assumpsit

372 2947 569 3003 Filius.

2047 1932 2174 2002 ἐσχε
2236 1933 2439 2002 σαρκὸς
2473 1934 2568 1986 καὶ
2595 1932 2828 2001 αἵματος
2858 1931 2952 1984 καὶ
2985 1932 3210 1998 γέγονεν
3244 1928 3365 1982 ἄνθ
3379 1943 3597 1999 ρωπος
3629 1966 3647 1988 ,
3689 1926 3726 1994 ἢ

2047 2024 2168 2077 καθ’
2197 2023 2255 2076 δν
2291 2024 2349 2090 ἐξ
2379 2023 2553 2077 ἀϊδίου
2584 2024 2800 2095 ὑπῆρχε
2828 2024 2991 2089 Θὲός;
3047 2022 3210 2075 Ἀλλὰ
3247 2022 3325 2073 τὸ
3356 2020 3481 2090 μὲν
3515 2017 3726 2071 δεύτε-

2051 2134 2143 2186 ρον
2186 2116 2286 2168 οὐκ
2329 2115 2395 2169 ἂν
2427 2111 2585 2185 οἶμαί
2627 2131 2687 2167 σε
2713 2155 2729 2180 ,
2765 2116 2813 2167 εἰ
2867 2114 2961 2167 καὶ
2992 2113 3174 2166 πάντα
3213 2112 3466 2181 θρασὺς
3518 2107 3721 2179 ἦσθα,

2050 2207 2419 2278 θρασυνθῆναι
2449 2206 2657 2277 (is-l9)
2684 2208 2879 2259 εἰπεῖν.
2907 2205 2979 2258 Οὐ
3010 2205 3120 2275 γὰρ
3145 2204 3391 2273 χρίεται
3421 2200 3513 2263 ὡς
3547 2199 3718 2268 Θεὸς,

2050 2304 2231 2369 ἄπαγε
2256 2340 2272 2366 ,
2316 2302 2345 2353 6
2375 2299 2526 2362 Υἱός.
2573 2299 2784 2353 Οὐκοῦν
2812 2297 2948 2351 καθὸ
2983 2298 3284 2367 ἄνθρωπος
3333 2294 3587 2365 χρίεται
3634 2291 3719 2364 τῷ

2052 2391 2334 2462 Πνεύματι
2375 2392 2404 2444 6
2447 2390 2701 2460 Χριστός·
2734 2390 2829 2442 καὶ
2861 2387 2997 2441 καθὸ
3025 2387 3170 2458 χρίει
3200 2386 3268 2439 τὸ
3307 2384 3575 2455 Πνεῦμα
3616 2384 3716 2436 τὸν

2055 2484 2312 2554 Χριστὸν,
2363 2481 2591 2553 λέγεται
2642 2482 2871 2552 Πνεῦμα
2908 2481 3174 2553 Χριστοῦ.
3225 2482 3309 2534 Σὺ
3356 2481 3422 2534 δὲ
3468 2481 3711 2548 λέγεις’

2067 2574 2286 2647 Ἐπειδὴ
2315 2575 2535 2644 λέγεται
2562 2572 2789 2644 Πνεῦμα
2818 2573 3081 2643 Χριστοῦ,
3112 2571 3353 2634 πάντως
3381 2573 3493 2625 καὶ
3527 2571 3712 2623 ἐκπο-

2060 2664 2280 2736 ρεύεται
2312 2664 2373 2730 ἐξ
2410 2663 2602 2719 αὐτοῦ.
2636 2661 2849 2716 Οὐκοῦν
2895 2662 2957 2715 τὸ
2999 2662 3228 2733 Πνεῦμα
3283 2661 3397 2715 τοῦ
3437 2657 3703 2732 Χριστοῦ

2056 2758 2118 2811 ού
2152 2757 2287 2812 καθὸ
2316 2755 2449 2820 Θεὸς
2481 2755 2543 2821 ἐξ
2566 2753 2732 2809 αὑτοῦ
2765 2754 3185 2827 προελεύσεται,
3212 2754 3368 2808 ἀλλὰ
3409 2753 3566 2807 καθὸ
3597 2752 3705 2806 ἄν*

2059 2850 2297 2919 θρωπος,
2331 2850 2428 2901 καὶ
2456 2848 2560 2902 οὒκ
2579 2849 2677 2903 ἀπ’
2710 2847 2886 2918 ἀρχῆς
2913 2846 3007 2899 καὶ
3039 2847 3146 2917 πρὸ
3175 2847 3413 2900 αἰώνων
3442 2846 3549 2898 καὶ
3575 2845 3702 2914 ἅμα

2058 2939 2136 3008 τῷ
2176 2938 2351 3009 Πατρὶ
2381 2937 2622 3007 οὐσιώθη
2648 2976 2664 3000 ,
2699 2936 2840 2990 ἀλλὰ
2870 2935 3174 3007 τηνικαῦτα
3200 2976 3217 3000 ,
3256 2936 3446 3007 ἡνίκα
3492 2935 3599 2988 καὶ
3636 2935 3702 2988 τὸ

2060 3032 2400 3103 ἀνθρώπινον
2431 3029 2797 3100 προσελάϐετο
2825 3027 3055 3100 φύραμα
3094 3028 3206 3098 (20)
3233 3029 3267 3081 6
3307 3027 3480 3090 Υἱός.

444 3124 537 3181 94.
589 3120 828 3177 Adverte
888 3117 1131 3173 animum
1181 3123 1239 3172 et
1282 3114 1647 3186 resipisceab
1678 3127 1886 3178 errore,
1924 3127 1957 3167 ο

2134 3125 2233 3193 ιδ’.
2287 3123 2612 3193 Ἐπίστησον
2651 3120 2744 3175 τὸν
2782 3120 2908 3174 νοῦν
2935 3122 3032 3174 καὶ
3074 3119 3364 3189 ἁνόινηψον
3409 3119 3524 3189 τῆς
3554 3118 3701 3172 πλά-

378 3214 570 3278 homo,
597 3226 704 3266 nec
734 3220 883 3264 tuam
908 3208 1122 3279 plagam
1152 3206 1466 3276 vulnusque
1500 3205 1660 3258 tuum’
1689 3204 1810 3257 talis
1833 3218 1957 3258 esse

378 3312 592 3359 naturae
644 3300 895 3362 ostende,
940 3308 1002 3353 ut
1055 3312 1275 3353 omnem
1317 3305 1546 3367 respuat
1593 3294 1959 3352 curationem.

381 3394 618 3465 Spiritus
646 3391 974 3462 pra:dicatur
1001 3388 1229 3451 Christi,
1260 3387 1391 3457 quia
1419 3386 1574 3458 ungit
1616 3386 1820 3456 ipsum,
1868 3394 1960 3440 tua

378 3492 562 3538 autem
593 3481 901 3552 perniciosa
928 3479 1013 3533 lex
1052 3493 1300 3533 asserere
1324 3477 1501 3547 jubet,
1551 3477 1679 3547 quia
1712 3477 1960 3547 procedit

379 3576 449 3629 ab
465 3574 622 3644 ipso;
648 3573 895 3643 procedit
915 3579 1097 3626 autem
1123 3587 1153 3625 a
1174 3570 1420 3633 Christo,
1448 3579 1510 3625 ut
1530 3570 1671 3625 ratio
1693 3584 1792 3640 per
1816 3577 1963 3623 tuam

383 3664 701 3734 opinionem
723 3663 985 3718 incedens
1007 3664 1269 3726 ostendit,
1290 3678 1401 3717 non
1426 3670 1700 3733 quatenus
1720 3661 1862 3716 Deus
1883 3666 1969 3713 est

379 3757 651 3819 Christus,
671 3756 764 3810 sed
786 3766 1055 3825 quatenus
1068 3763 1311 3810 nostram
1329 3770 1547 3810 carnem
1571 3754 1887 3824 assumpsit.
1909 3751 1967 3807 Si

383 3851 546 3921 igitur
563 3846 1100 3918 quatenusChristus
1121 3849 1188 3903 de
1207 3857 1391 3903 nostra
1408 3863 1573 3903 carne
1593 3848 1964 3918 participavit,

382 3939 684 3993 secundum
718 3937 1076 4008 bocSpiritus
1104 3953 1135 3992 a
1169 3937 1385 3993 Christo
1406 3939 1674 4009 procedit,
1720 3938 1971 4009 procedit

382 4037 566 4084 autem
581 4044 816 4085 rursusa
832 4028 994 4095 Filio,
1013 4037 1283 4099 quatenus
1296 4038 1381 4084 est
1398 4031 1543 4086 Deus
1564 4031 1638 4100 (id
1660 4031 1809 4086 enim
1822 4031 1971 4101 leges

383 4130 417 4170 a
445 4123 498 4170 te
532 4115 758 4170 sancite:
785 4115 1059 4186 exigunt),
1099 4117 1465 4172 concludetur
1511 4118 1782 4190 proiecto,
1806 4129 1970 4176 natu—

388 4222 502 4260 ram
547 4208 841 4260 humanam
901 4207 1096 4262 Deitati
1149 4224 1272 4263 esse
1298 4212 1863 4279 consubstantialem;
1925 4212 1973 4268 si

385 4298 611 4369 quidem
664 4297 932 4369 Spiritum
977 4300 1504 4357 consubstantialem
1536 4302 1659 4358 Filii
1694 4314 1751 4360 et
1780 4321 1973 4362 rursus

385 4390 591 4485 Christi
621 4405 844 4456 censes;
889 4390 1189 4462 procedere
1234 4394 1384 4447 enim
1417 4409 1542 4450 eum
1574 4395 1708 4452 facis
1741 4406 1798 4453 et
1846 4407 1974 4453 ante

458 4531 502 4564 ⁹¹
547 4530 652 4587 lsa.
682 4544 798 4597 ιιι,
828 4530 880 4584 ί.

2065 3233 2197 3287 νης,
2237 3214 2525 3283 ἄνθρωπε,
2584 3212 2721 3283 μηδὲ
2772 3211 2872 3282 τὴν
2928 3209 3129 3264 σαυτοῦ
3182 3211 3419 3281 πληγὴν
3474 3211 3577 3263 καὶ
3629 3209 3693 3264 τὸ

2064 3307 2286 3380 τραῦμα
2333 3307 2514 3359 πᾶσαν
2544 3302 2822 3374 ὲπιδείξῃς
2867 3302 3170 3374 θεραπείαν
3214 3303 3562 3372 ἐλέγχοντα.
3614 3300 3692 3353 Τὸ

2067 3399 2297 3470 Πνεῦμα
2325 3398 2686 3465 δοξολογεῖται
2739 3393 2834 3448 τοῦ
2865 3393 3106 3466 Χριστοῦ
3129 3436 3144 3459 ,
3192 3394 3336 3449 διότι
3372 3394 3498 3467 (2-1)
3537 3394 3686 3464 χρίει

2068 3492 2250 3545 αὐτόν·
2279 3493 2308 3543 6
2336 3491 2392 3543 δὲ
2430 3489 2522 3552 σὸς
2556 3489 2654 3558 τῆς
2686 3487 2967 3551 ἀπωλείας
3011 3489 3177 3557 νόμος
3211 3488 3566 3558 προστάττει
3592 3485 3686 3537 λέ·

2068 3596 2210 3649 γειν,
2250 3577 2385 3631 διότι
2433 3574 2798 3648 ἐκπορεύεται
2830 3577 3019 3631 αὐτοῦ’
3062 3576 3438 3647 ἐκπορεύεται
3476 3577 3538 3630 δὲ
3584 3572 3680 3627 τοῦ

2070 3668 2309 3743 Χριστοῦ
2331 3710 2346 3733 ,
2382 3669 2459 3733 ὡς
2487 3671 2516 3723 6
2540 3668 2699 3736 λόγος
2732 3669 2903 3735 ἔδειξε
2933 3668 3024 3722 διὰ
3055 3668 3156 3739 τῆς
3190 3670 3292 3740 σῆς
3324 3667 3498 3739 δόξης
3530 3667 3683 3738 βαδί-

2071 3765 2199 3831 ζων,
2235 3763 2296 3815 ού
2330 3761 2467 3816 καθὸ
2495 3760 2629 3825 Θεὸς
2657 3764 2686 3813 6
2723 3761 2983 3832 Χριστὸς,
3032 3761 3167 3815 ἀλλά
3202 3762 3342 3815 καθὸ
3373 3763 3442 3815 τὸ
3472 3761 3677 3832 ἡμέτε-

2075 3875 2166 3929 ρον
2196 3853 2565 3925 προσελάϐετο
2588 3852 2836 3924 φύραμα.
2873 3851 2936 3906 Εἰ
2969 3853 3063 3906 οῦν
3101 3852 3237 3907 καθὸ
3263 3853 3366 3907 τοῦ
3396 3853 3675 3925 ἡμετέρου

2076 3949 2306 4019 μετέσχε
2363 3945 2723 4017 φυράματος,
2783 3942 2927 3997 κατὰ
2971 3945 3131 3998 τοῦτο
3188 3944 3562 4015 ἐκπορεύεται
3616 3941 3676 3996 τὸ

2074 4040 2298 4109 Πνεῦμα
2330 4036 2424 4090 τοῦ
2450 4034 2689 4106 Χριστοῦ
2710 4076 2724 4101 ,
2756 4035 3121 4106 ἐκπορεύεται
3143 4035 3202 4090 δὲ
3236 4036 3404 4091 πάλιν
3440 4039 3538 4090 καὶ
3576 4033 3670 4089 τοῦ

2079 4130 2211 4185 Υἱοῦ
2242 4128 2380 4184 καθὸ
2405 4128 2540 4191 Θεὸς
2590 4126 2713 4196 (τῆς
2742 4124 2844 4194 σῆς
2866 4126 2975 4197 γὰρ
3004 4124 3177 4181 ταῦτα
3212 4129 3315 4196 τῆς
3343 4125 3671 4197 νομοθεσίας

2073 4224 2142 4279 τὰ
2167 4223 2591 4296 προστάγματα)
2621 4217 2760 4291 (2‘2),
2789 4216 2940 4291 [108]
2974 4219 3262 4287 ὁμοούσιος
3289 4220 3359 4274 ἂν
3383 4222 3417 4290 ἠ
3455 4219 3669 4291 ἀνθρω-

2075 4318 2205 4387 πίνη
2252 4315 2415 4386 φύσις
2457 4315 2522 4383 τῇ
2552 4311 2781 4382 Θεότητι
2808 4308 3189 4385 συλλογισθείη
3221 4312 3336 4384 (9.5)
3356 4353 3372 4375 ,
3407 4313 3588 4383 εἴπερ·
3609 4309 3669 4363 τὸ

2077 4409 2303 4480 Πνεῦμα
2331 4404 2616 4475 όμοούσιον
2657 4401 2754 4455 τοῦ
2788 4401 2920 4456 Υῑοῦ
2954 4403 3049 4457 καί
3079 4420 3143 4472 γε
3172 4404 3237 4475 δὴ
3283 4403 3381 4459 τοῦ
3403 4400 3664 4476 Χριστοῦ*

1502 4644 1740 4702 νΑιιιιΕ
1791 4648 2178 4711 LECTlONES
2219 4650 2307 4705 ΕΤ
2328 4647 2560 4705 ΝΟΤΕ.

466 4762 574 4849 (ἰᾷ)
602 4762 774 4853 Iialat.
818 4761 859 4816 f.
889 4762 997 4817 250
1025 4761 1083 4819 b.
1116 4764 1458 4836 παραφρονεῖ
1482 4764 1542 4816 σὲ
1575 4764 1845 4837 μηδαμῶς
1882 4768 1960 4820 ὲκ-

2123 4766 2210 4853 “(ll
2225 4765 2270 4836 7)
2302 4764 2509 4853 Deccgs
2704 4762 2937 4853 Πνεῦμα
2957 4763 3222 4853 Χριστοῦ
3248 4765 3308 4818 τὸ
3337 4765 3491 4853 ὄιγιον
3514 4764 3657 4833 λέγε-

388 4834 728 4903 πεφὼνηται.

461 4904 571 4974 (14)
605 4902 722 4974 Gul.
756 4903 885 4958 add.
918 4902 1145 4974 Κυρίου.

462 4972 576 5041 (15)
601 4973 745 5051 ~Col.
788 4972 1018 5051 κυρίους
1055 4972 1337 5051 __Suspic__or
1373 4973 1669 5051 legendum
1714 4989 1859 5051 esse__
1884 4975 1980 5030 τοῦ

391 5044 630 5113 Χριστοῦ
647 5045 756 5113 ί(κυ
784 5052 839 5097 et
866 5061 932 5112 χυ
950 5044 1125 5113 facile
1148 5044 1407 5099 cunl'undi
1433 5054 1622 5113 notum
1653 5055 1738 5100 est
1755 5051 1793 5110 ).
1820 5046 1983 5101 Certe

392 5112 620 5175 lieccus,
646 5112 686 5164 l.
718 5129 799 5176 ιιι,
831 5115 898 5185 ad
932 5112 1143 5168 Thcod.
1175 5131 1224 5171 c.
1255 5115 1289 5169 5
1317 5116 1333 5180 (
1361 5112 1516 5185 6.70.
1545 5114 1612 5176 ll,
1643 5131 1697 5185 p.
1728 5117 1850 5185 Ml)
1882 5120 1985 5172 hoc

392 5189 556 5251 caput
587 5196 695 5255 pra:
732 5184 907 5237 oculis
959 5185 1182 5255 habuit;
1219 5200 1385 5255 porro
1422 5184 1552 5255 ipse
1587 5184 1798 5255 inducit
1835 5185 1985 5242 Pho-

395 5255 533 5326 tium
578 5252 849 5326 dicentem
882 5271 923 5326 :__
946 5253 1132 5326 ditior
1154 5252 1361 5326 τρόπον
1417 5252 1677 5326 λέγεσθαι
1712 5256 1806 5309 τοῦ
1841 5258 1981 5326 Χρι-

396 5323 523 5375 στοῦ
551 5322 612 5375 τὸ
631 5321 875 5390 Πνεῦμα.
900 5323 1089 5397 ἕτερον
1114 5324 1172 5397 δε
1193 5321 1296 5397 ’τοῦ
1325 5321 1638 5397 Υίὶοῦέριιρο
1671 5327 1813 5397 apud
1845 5321 1986 5382 Pho-

395 5404 530 5467 tium
558 5402 864 5467 sequuntur
890 5411 905 5447 :
940 5393 1175 5464 Χριστοῦ
1206 5396 1315 5466 γὰρ
1340 5393 1567 5467 Πνεῦμα
1598 5393 1792 5461 ὃτιίκ.
1828 5414 1880 5452 τ.
1906 5397 1981 5462 λ.,

397 5465 448 5518 id
484 5464 834 5518 conﬁrmant.

469 5532 581 5605 (16)
622 5533 797 5620 Yelrba
827 5534 944 5620 haec
966 5532 1204 5620 Χριστοῦ
1231 5535 1340 5604 γὰρ
1372 5535 1679 5620 Πνεῦμαβι
1705 5537 1988 5620 sequentia

397 5604 570 5674 usque
596 5604 663 5658 ad
697 5604 859 5675 hujus
897 5604 1095 5674 capitis
1121 5605 1281 5658 linem
1305 5607 1406 5663 sub
1439 5604 1615 5662 l’hotii
1648 5604 1873 5662 nomine
1905 5608 1988 5662 le-

397 5683 598 5748 guntur
624 5674 1052 5748 interemerpta
1067 5674 1120 5728 in
1144 5676 1265 5748 cod.
1290 5674 1386 5748 Gr.
1416 5680 1654 5748 theolug.
1686 5678 1812 5741 524,
1852 5678 1983 5732 bibl.

396 5744 960 5879 ggsagm‘iindohon.
1002 5744 1360 5818 (Lambeccio
1400 5758 1485 5804 est
1517 5744 1636 5804 cod.
1694 5749 1791 5804 157
1814 5755 1854 5821 ),
1893 5748 1985 5803 fol.

2087 4833 2211 4890 σθαι
2242 4833 2667 4905 φησιν-Πνεῦμα
2701 4833 2996 4905 (Photius),
3020 4833 3105 4887 ὅτι
3130 4835 3276 4905 χρίει
3306 4833 3489 4891 αὐτόν.

2151 4902 2360 4973 (18-19)
2390 4902 2511 4959 Vat.
2541 4902 2924 4973 θρασυνθῦναι.

2154 4976 2267 5048 (ἳο)
2306 4975 2441 5048 Cod.
2476 4974 2787 5048 Vindobon.
2822 4974 3104 5048 cit._&\{09.
3139 4974 3370 5048 φύραμα
3398 4976 3654 5048 προσελά-

2154 4995 2267 5046 (τυ)
2306 4995 2441 5030 μου.
2485 4995 2787 5037 vmuouon.
2822 4995 2920 5030 cit.
2947 4995 3104 5046 ανυρ.
3139 4995 3287 5048 φυρα
3398 4995 3654 5048 προσελα-

2083 5047 2210 5118 σετο
2236 5047 2266 5097 6
2299 5046 2366 5118 6.
2385 5044 2617 5118 Photius
2648 5046 2703 5118 in
2740 5060 2807 5098 eo
2838 5044 3059 5109 insistit,
3096 5048 3243 5118 quod
3279 4995 3515 5118 Spiritus
3544 5046 3659 5100 ideo

2084 5116 2288 5173 dicitur
2309 5114 2548 5186 Christi.
2580 5115 2708 5184 quia
2739 5130 2866 5186 eum
2903 5118 3094 5186 ungit,
3115 5114 3378 5174 Christus
3410 5134 3533 5172 vero
3558 5132 3655 5170 un-

2084 5188 2232 5260 gitur
2278 5201 2400 5260 non
2427 5196 2488 5239 ut
2517 5184 2661 5260 Deus
2685 5185 2839 5260 ,Ased
2870 5195 2932 5239 ut
2973 5184 3161 5243 homo.
3189 5188 3246 5242 Si
3276 5204 3405 5260 ergo
3434 5204 3498 5260 ex
3511 5188 3657 5260 dicto

2086 5254 2312 5328 Πνεῦμα
2357 5254 2596 5328 Χριστοῦ
2647 5254 2881 5328 infertur
2924 5260 3242 5328 processio,
3278 5254 3397 5328 jafn'
3433 5257 3654 5328 Spiritus

2086 5325 2334 5399 procedit
2364 5325 2685 5399 ex_Christo
2731 5335 2791 5379 ut
2823 5327 3067 5390 homine,
3104 5341 3208 5382 nec
3235 5325 3303 5382 ah
3335 5325 3534 5383 aeterno
3551 5333 3651 5388 est,

2085 5395 2184 5454 Sed
2216 5412 2283 5451 ex
2305 5413 2414 5465 quo
2443 5395 2616 5450 Filius
2656 5397 2948 5450 humanam
2977 5408 3228 5453 naturam
3257 5399 3558 5467 assumpsit.

2161 5466 2273 5539 (21)
2300 5467 2466 5539 ιίςιΙιιι.
2500 5468 2551 5519 δι
2583 5467 2685 5518 ὅτι.
2715 5467 2831 5520 Col.
2850 5482 2920 5539 __p.
2958 5468 3375 5539 διθτΧριστοῦ,
3402 5466 3481 5523 ὅτι
3508 5485 3589 5538 χρ.

2166 5538 2280 5605 (‘22)
2318 5535 2454 5609 Vide
2494 5552 2658 5605 supra
2691 5551 2813 5609 cap.
2846 5537 2936 5609 ὅθ,
2966 5538 3083 5609 Col.
3114 5535 3183 5592 τὰ
3212 5535 3525 5609 διδάγματα.

2163 5609 2276 5673 (23)
2323 5608 2476 5661 Nova
2523 5608 2756 5662 absurda
2790 5607 3096 5678 exiisdem
3136 5607 3433 5678 praemissis
3467 5617 3520 5663 ut
3544 5619 3649 5675 cap.

2089 5678 2160 5732 93
2211 5678 2476 5740 deducta,
2509 5677 3033 5733 consubstantialem
3085 5677 3206 5733 esse
3243 5682 3524 5735 humanam
3564 5690 3647 5729 na-

2092 5760 2271 5801 turam
2316 5749 2551 5807 divinas,
2587 5749 2859 5801 inlinitum
2886 5758 2942 5801 et
2968 5750 3182 5803 [initum
3216 5751 3464 5820 misceri,
3494 5746 3649 5820 Spiri-

2093 5832 2205 5871 tum
2236 5820 2532 5888 procedcrc
2562 5827 2617 5874 et
2644 5829 2768 5873 ante
2799 5830 2851 5873 te
2881 5827 3003 5886 post
3035 5813 3481 5877 incarnationem.
