3956 6484
244 312 342 376 383

1311 307 1409 368 DE
1449 307 1510 366 S.
1567 305 1920 366 SPIRITUS
1958 307 2462 369 MYSTAGOGIA.

3417 307 3523 370 393

243 421 641 494 ἐκπορεύεσθαι
671 421 771 492 μὲν
810 418 922 490 γὰρ
951 419 1127 482 ποιεῖς
1154 418 1287 471 αὐτὸ
1315 417 1411 470 κα)¹
1439 418 1544 488 πρὸ
1568 417 1666 486 τῆς
1699 433 1827 487 σαρ-

1939 418 2372 472 incarnationem
2411 426 2467 471 et
2490 426 2614 487 post
2645 417 3111 484 incarnationem;
3153 421 3521 476 consubstan-

243 515 460 578 κώσεως
490 516 588 566 καὶ
620 511 758 583 μετὰ
782 512 879 583 τὴν
905 510 1206 581 σάρκωσιν,
1238 509 1299 563 τὸ
1321 508 1377 562 δὲ
1402 507 1692 578 ὁμοούσιον
1716 507 1830 578 (24)

242 607 387 660 οὔπω
417 605 720 675 περιεῖλες.
748 604 807 655 Εἰ
830 598 925 656 οὖν
951 601 1239 673 ὁμοούσιον
1268 601 1368 671 μὲν
1393 600 1455 653 τὸ
1483 597 1712 669 Πνεῦμα
1735 597 1831 652 τοῦ

243 699 400 765 Tim},
430 696 724 768 ὀμοούσιον
770 695 825 748 δὲ
868 695 965 748 καὶ
989 697 1057 765 τῇ
1090 691 1508 764 προσληφθείσῃ
1551 689 1714 760 φύσει
1754 688 1835 759 (ἐξ

242 792 405 858 αὐτῆς
449 791 568 860 γὰρ
612 789 746 842 αὐτὸ
793 786 1041 850 κελεύεις
1091 783 1570 855 ἐκπορεύεσθαι),
1619 782 1705 852 εἴη
1767 780 1834 834 ἂν

240 883 449 944 ἀλύτοις
485 883 670 950 λόγοις
688 879 1018 946 ἀποδείξεων
1034 877 1320 948 ὁμοούσιος
1340 878 1433 931 καὶ
1458 877 1565 948 ήὲν
1584 875 1665 946 τῷ
1700 875 1835 946 Χρι-

241 975 341 1046 στῷ
355 975 468 1046 (25)
492 975 686 1044 θεότης
699 975 762 1043 τῇ
782 975 837 1026 ὲν
854 971 998 1042 αυτῷ
1013 971 1108 1024 ἀνθ
1117 989 1195 1044 ρω
1207 969 1646 1041 πότητι(26).Ἐῶ
1666 968 1723 1022 δὲ
1738 967 1833 1022 νῦν

239 1066 616 1136 παριστάνειν,
631 1064 706 1128 ὡς
741 1065 836 1116 καὶ
862 1065 1006 1117 κατὰ
1033 1065 1127 1116 τοῦ
1164 1064 1375 1134 Πατρὸς
1397 1063 1458 1116 τὸ
1489 1063 1583 1115 σὺν
1607 1062 1833 1129 συνάγει

241 1161 404 1227 δόγμα
429 1159 520 1210 διὰ
553 1157 653 1226 τῆς
680 1157 852 1226 αὐτῆς
890 1159 998 1209 τῶν
1021 1157 1196 1224 λόγων
1223 1156 1455 1227 Θεωρίας
1476 1157 1536 1208 τὸ
1558 1156 1656 1227 τῆς
1696 1172 1832 1225 σαρ-

241 1249 328 1311 κὸς
370 1248 670 1318 ὁμοούσιον
711 1249 823 1317 (27)
849 1266 861 1278 ·
897 1248 993 1300 καὶ
1017 1247 1069 1300 τί
1099 1249 1163 1301 ἂν
1195 1248 1279 1315 εῐη
1306 1249 1405 1317 τῆς
1435 1247 1698 1312 ἀσεϐείας
1717 1245 1830 1317 (28)

239 1337 540 1407 ἀθεώτερον
567 1336 680 1407 ('29)
705 1337 738 1407 ἢ
767 1337 864 1406 τῆς
896 1335 1106 1406 πλάνης
1133 1333 1496 1405 ἁθλιώτερον;

303 1433 399 1495 με’.
443 1429 522 1480 Σὺ
549 1427 610 1480 δὲ
635 1426 786 1480 οὔπω
824 1427 1003 1496 βούλει
1038 1427 1294 1490 συνιδεῖν,
1323 1428 1405 1489 είς
1436 1426 1584 1490 οἴους
1615 1443 1675 1479 σε
1699 1444 1832 1496 κρη-

243 1523 398 1592 μνοὺς
428 1521 530 1572 καὶ
558 1519 809 1592 βάραθρα
838 1520 1080 1590 ψυχικῆς
1103 1519 1402 1589 διαφθορᾶς
1432 1520 1828 1590 ὲναπορρἰπτει

240 1615 325 1666 καὶ
347 1610 682 1682 κατορύττει
703 1611 765 1664 τὸ
791 1609 866 1680 μὴ
895 1609 1183 1680 βούλεσθαί
1207 1627 1266 1662 σε
1294 1607 1517 1679 Χριστῷ
1551 1608 1689 1679 μηδὲ
1715 1608 1828 1680 (50)

238 1709 340 1768 τοῖς
376 1703 547 1758 αὑτοῦ
593 1704 867 1774 μαθηταῖς
917 1702 1234 1762 πείθεσθαι,
1285 1700 1426 1772 μηδὲ
1474 1703 1598 1764 ταῖς
1644 1701 1826 1753 οἰκου-

1939 509 2225 564 tialitatem
2261 524 2391 563 vero
2421 510 2663 563 nondum
2694 510 2988 564 sustulisti.
3023 507 3079 563 Si
3111 511 3275 581 igitur
3342 515 3522 584 Spiri-

1943 609 2028 655 tus
2062 600 2198 654 Filio
2243 601 2747 662 consubstantialis,
2778 610 2833 655 et
2875 602 3362 658 consubstantialis
3382 622 3522 674 quo-

1939 708 2046 763 que
2070 703 2365 763 assumpta:
2396 701 2607 746 natura:
2643 690 2730 759 (ex
2757 690 2871 761 ipsa
2903 707 3136 760 namque
3163 707 3289 747 eum
3324 711 3520 763 proce-

1939 786 2070 842 dere
2106 787 2317 856 jubes),
2391 783 2732 838 incluctabili
2770 785 3043 839 rationum
3095 785 3149 840 vi
3213 787 3518 854 evincetur,

1938 878 2146 934 Christi
2181 880 2440 935 deitatem
2492 877 3014 932 consubstantialem
3057 893 3179 933 esse
3213 879 3385 948 ipsius
3416 881 3523 935 hu-

1937 973 2209 1027 manitati.
2273 971 2385 1027 Nec
2430 971 2556 1025 volo
2600 971 2819 1025 interim
2866 971 3268 1036 demonstrare,
3323 975 3516 1028 eadem

1937 1064 2212 1118 rationum
2255 1064 2306 1118 vi
2337 1080 2368 1118 e
2397 1073 2491 1118 tuo
2521 1064 2772 1134 dogmate
2807 1063 3008 1134 colligi,
3046 1079 3169 1118 cum
3207 1065 3326 1134 ipso
3354 1067 3520 1122 etiam

1935 1155 2098 1208 Patre
2120 1169 2340 1209 carnem
2367 1153 2570 1209 Christi
2601 1152 2840 1207 futuram
2873 1152 3396 1209 consubstantialem
3422 1173 3435 1222 ;
3463 1166 3521 1211 ct

1935 1245 2062 1313 quid
2101 1245 2248 1298 aliud
2277 1245 2441 1299 fuerit
2469 1253 2562 1299 aut
2593 1245 2694 1299 hac
2727 1244 3009 1314 impietate
3026 1244 3401 1302 detestabilius
3423 1257 3519 1302 aut

1935 1332 2042 1386 hoc
2067 1347 2253 1386 errore
2285 1333 2700 1388 calamitosius?

2007 1422 2096 1476 95.
2122 1422 2202 1477 Tu
2233 1433 2413 1478 tamen
2440 1425 2681 1478 nondum
2707 1424 2788 1480 vis
2811 1427 3138 1497 conspicari,
3172 1428 3224 1482 in
3251 1429 3431 1498 qualia
3467 1441 3520 1484 te

1933 1513 2235 1584 praecipitia
2283 1522 2338 1569 et
2378 1514 2430 1567 in
2463 1529 2624 1583 quam
2680 1517 3050 1585 perniciosum
3111 1518 3308 1573 animae
3356 1520 3521 1573 bara-

1937 1602 2122 1656 thrum
2153 1602 2404 1672 projiciat
2433 1619 2496 1658 ac
2527 1605 2752 1675 sepeliat
2807 1607 3054 1676 improba
3091 1607 3211 1663 haec
3246 1609 3519 1676 voluntas,

1933 1708 2038 1762 qua
2078 1695 2265 1748 renuis
2282 1695 2500 1749 Christo
2525 1696 2752 1765 ejusque
2786 1697 3068 1768 discipulis
3105 1699 3510 1769 obtemperare,

240 1799 480 1867 μενικαίς
526 1773 765 1849 ἕπεσθαι
804 1795 1074 1859 συνόδοις,
1127 1794 1263 1865 μηδὲ
1293 1794 1432 1863 πρὸς
1457 1793 1557 1856 τὰς
1598 1791 1825 1861 λογικὰς

1939 1786 2170 1856 synodos
2210 1789 2580 1844 (ecumenicas
2619 1791 2772 1859 sequi
2810 1793 3256 1862 argumentisque
3313 1809 3378 1848 ac
3431 1811 3519 1849 ra-

239 1888 449 1956 ἐφόδους
501 1889 601 1940 καὶ
655 1887 824 1950 αὐτὰς
877 1887 969 1940 διὰ
1001 1888 1110 1940 τῶν
1159 1887 1324 1958 ἱερῶν
1372 1885 1670 1959 προῖούσας
1723 1886 1830 1938 Λο-

238 1980 361 2046 γίων
387 1979 501 2046 (51)
539 1977 808 2049 μηδαμῶς
839 1978 933 2030 τὸν
967 1976 1091 2030 νοῦν
1121 1976 1492 2048 ἐπιστρέφειν
1522 1976 1658 2030 ἀλλὰ
1695 1993 1830 2029 κατ-

239 2073 443 2140 ηγορεῖς
517 2071 621 2140 μὲν
670 2069 765 2123 τοῦ
806 2070 987 2123 κοινοῦ
1031 2069 1307 2122 Δεσπότου
1342 2071 1486 2140 (5⁵2),
1515 2069 1827 2141 καταψεύδῃ

238 2164 289 2216 δὲ
328 2162 417 2214 τοῦ
475 2163 736 2230 γενναίου
782 2161 1040 2227 Παύλου,
1090 2163 1556 2228 κατεξανίστασαι
1613 2162 1671 2215 δὲ
1717 2161 1828 2215 τῶν

240 2253 631 2323 οἱκουμενικῶν
675 2253 771 2308 καὶ
807 2254 979 2322 ἁγίων
1016 2253 1272 2319 συνόδων,
1307 2240 1588 2324 διασύρεις
1631 2254 1687 2306 δὲ
1713 2253 1828 2306 Πα-

239 2347 391 2416 τέρας
417 2347 514 2398 καὶ
546 2346 680 2410 τοὺς
711 2346 837 2404 σοὺς
858 2344 1010 2419 [109]
1040 2347 1320 2417 ἀρχιερεῖς
1353 2347 1448 2398 καὶ
1472 2343 1726 2413 Πατέρας
1751 2343 1828 2405 ὡς

240 2437 438 2508 ἀληθῶς
471 2437 744 2507 Πατέρων
775 2438 888 2507 (55)
924 2438 1023 2508 τῆς
1068 2435 1308 2499 διανοίας
1338 2433 1740 2504 ὲξοστρακίζων
1769 2434 1827 2496 ἐς

241 2531 464 2600 κόρακας
497 2528 621 2602 (54)
657 2529 1011 2598 ἀποπέμπεις
1039 2527 1134 2581 καὶ
1164 2527 1301 2598 πρὸς
1327 2527 1428 2589 τὰς
1455 2525 1681 2594 λογικὰς
1719 2543 1828 2580 κω-

241 2621 410 2688 φεύεις
435 2619 680 2691 θεωρίας
704 2638 718 2652 ο
752 2622 845 2674 καὶ
878 2620 1055 2673 πάντα
1083 2637 1163 2672 σοι
1186 2617 1462 2690 κατεπόθη
1489 2617 1558 2670 τὰ
1582 2617 1826 2689 σωτήρια

241 2716 310 2776 εἰς
337 2713 394 2766 τὺ
423 2714 522 2782 τῆς
553 2712 889 2782 ἐπισφαλοῦς
936 2711 1263 2783 προλήψεως
1303 2711 1499 2775 πάθος.
1542 2709 1684 2763 Ἀλλ’
1707 2709 1825 2763 ἀνθ’

240 2804 383 2872 ἡμῶν
411 2820 494 2856 σοι
533 2803 706 2856 Δαϐὶδ
725 2805 753 2856 ὁ
777 2804 1014 2873 μελῳδὸς
1039 2806 1134 2857 καὶ
1158 2803 1445 2874 θεοπάτωρ
1469 2802 1824 2874 ὲμϐοήσεται·

241 2897 446 2949 Σύγετε
476 2896 586 2964 δὴ,
615 2897 875 2965 ἄφρονες
901 2897 972 2950 ἐν
1005 2895 1084 2962 τῷ
1114 2895 1261 2961 λαῷ,
1293 2896 1391 2949 καὶ
1427 2896 1610 2964 μωροὶ
1657 2893 1823 2961 ποτὲ,

242 2989 623 3055 ρρσνήσατεν
670 2990 882 3059 μήποτε
925 2989 1150 3061 ἁρπάσῃ
1192 2991 1220 3042 ὁ
1268 2987 1448 3052 κοινὸς
1498 2987 1594 3040 τοῦ
1637 2988 1826 3056 γένους

241 3079 419 3150 ἐχθρὸς
460 3079 764 3142 τοσαύταις
791 3081 941 3149 ἡμᾶς
980 3080 1328 3150 περιϐάλλων
1351 3079 1464 3150 (55)
1508 3079 1715 3170 πάγαις
1743 3079 1823 3170 ὡς
1850 3112 1893 3170 C

241 3171 381 3222 ,τέων
408 3171 624 3239 ἄγριος
649 3171 748 3225 καὶ
779 3171 1120 3241 ὠρυόμενος
1150 3173 1258 3237 τὰς
1295 3171 1501 3240 ψυχὰς
1538 3168 1706 3240 ὑμῶν
1725 3168 1823 3223 καὶ

243 3262 306 3314 οὺ
326 3262 406 3329 μὴ
437 3257 480 3333 ᾖ
505 3266 544 3316 ό
563 3263 863 3331 ῥυόμενος
888 3262 1021 3332 (56).

305 3357 413 3420 λς’.
454 3355 576 3418 Τὰς
609 3355 707 3424 μὲν
729 3349 823 3408 οὖν
849 3353 1230 3418 ὑποτυπώσεις
1251 3355 1362 3425 (57)
1384 3353 1608 3416 ταύτας,
1635 3351 1824 3422 ὥσπερ

243 3439 431 3511 ᾔτησας
467 3441 614 3511 (58),
655 3443 822 3513 ἔχεις,
858 3443 1069 3514 ἀνδρῶν
1098 3443 1224 3513 ἐμοὶ
1270 3441 1687 3511 σεϐασμιὼτατε
1727 3442 1824 3496 καὶ

245 3531 672 3602 φιλομαθέστατε
705 3535 839 3604 (59).
894 3534 955 3587 Et
1001 3534 1060 3586 δέ
1103 3550 1234 3586 ποτε
1283 3533 1491 3603 Κύριος
1539 3533 1670 3603 ἡμῖν
1721 3533 1823 3604 τὴν

1935 1879 2180 1933 tionibus
2209 1895 2240 1934 e
2269 1881 2440 1934 sacris
2478 1881 2710 1951 eloquiis
2736 1883 2986 1939 deductis
3019 1885 3264 1938 animum
3301 1884 3519 1955 impen-

1930 1970 2094 2038 dere;
2129 1971 2226 2026 sed
2269 1987 2495 2028 accusas
2545 1989 2892 2028 communem
2934 1974 3250 2039 Dominum,
3310 1980 3515 2032 menti-

1930 2060 2008 2114 ris
2043 2061 2096 2114 in
2131 2061 2394 2117 eximium
2425 2062 2673 2129 Paulum,
2706 2065 2940 2137 insurgis
2972 2067 3026 2119 in
3053 2069 3427 2123 mcumenicas
3459 2079 3514 2124 et

1931 2161 2152 2209 sanctas
2178 2160 2434 2226 synodos,
2487 2157 2842 2213 calumniaris
2876 2158 3068 2214 Patres
3100 2169 3334 2230 tuosque
3372 2177 3517 2232 pon-

1929 2244 2125 2307 tiﬁces,
2157 2262 2220 2302 ac
2249 2246 2438 2302 Patres
2468 2263 2658 2303 revera
2689 2264 2720 2303 e
2763 2249 2983 2304 Patrum
3021 2266 3190 2306 censu
3220 2253 3518 2308 eliminans

1929 2336 1984 2390 in
2004 2339 2198 2392 malam
2230 2341 2496 2395 amandas
2527 2357 2769 2405 crucem,
2794 2353 2847 2396 et
2875 2343 2939 2396 ad
2970 2343 3198 2398 rationis
3218 2360 3515 2416 argumen-

1929 2429 2166 2484 tationes
2191 2431 2574 2497 obsurdescis;
2613 2440 2668 2486 et
2693 2432 2876 2485 omnia
2904 2432 3017 2501 jam
3042 2433 3316 2489 devorasti
3353 2435 3518 2504 phara

1928 2537 2104 2588 maca,
2129 2539 2249 2594 quae
2285 2532 2538 2594 poterant
2567 2524 2778 2578 fallacis
2808 2525 3303 2595 praeoccupationis
3323 2527 3517 2581 morbo

1929 2615 2158 2669 mederi.
2191 2615 2297 2670 Sed
2324 2631 2422 2686 pro
2460 2615 2623 2670 nobis
2659 2615 2828 2670 David
2869 2615 2967 2670 tibi
2991 2616 3280 2670 PsalmiSta
3307 2617 3515 2688 Deique

1928 2722 2166 2778 proavus
2197 2708 2517 2763 inclamabit
2549 2726 2562 2762 :
2598 2709 2906 2780 Intelligite,
2931 2709 3235 2778 insipientes
3257 2710 3310 2763 in
3325 2709 3517 2780 populo

1929 2807 1979 2851 et
2041 2797 2191 2852 stulti
2242 2799 2559 2870 aliquando,
2589 2801 2763 2870 sapite
2795 2801 2864 2866 θ’,
2893 2816 2964 2855 ne
3019 2800 3159 2856 forte
3206 2803 3515 2858 communis

1931 2892 2150 2963 generis
2207 2893 2431 2948 humani
2475 2893 2651 2947 hostis
2700 2903 2780 2947 tot
2835 2910 2932 2949 vos
2986 2894 3195 2964 laqueis
3246 2894 3518 2965 impetens

1930 2982 2129 3052 rapiat,
2164 2992 2421 3054 tanquam
2454 2983 2533 3037 leo
2571 2986 2714 3055 ferus
2756 2995 2804 3038 et
2851 2987 3065 3057 rugiens
3089 2989 3154 3054 “,
3186 2987 3402 3041 animas
3424 3003 3514 3040 ve-

1929 3084 2094 3144 stras,
2129 3087 2177 3131 et
2215 3094 2316 3132 non
2342 3079 2411 3131 sit
2443 3079 2533 3148 qui
2563 3077 2842 3148 eripiat".

1993 3356 2083 3412 96.
2113 3356 2299 3411 Rudes
2360 3357 2523 3426 igitur
2570 3356 2991 3412 informationes
3040 3356 3174 3411 istas
3209 3357 3403 3423 habes,
3450 3368 3512 3413 ut

1889 3509 1892 3512 ς
1920 3447 2184 3517 petivisti,
2204 3447 2448 3502 virorum
2473 3448 2884 3518 religiosissime
2907 3457 3070 3517 atque
3084 3448 3508 3505 studiosissime.

1922 3537 2130 3604 Quodsi
2193 3537 2414 3607 quando
2483 3536 2752 3593 Dominus
2814 3540 2977 3594 nobis
3043 3540 3286 3609 direptos
3346 3540 3511 3595 libros

245 3625 614 3694 αἰχμαλωσίαν
655 3626 978 3696 ἐπιστρέψει
1007 3625 1118 3697 (40)
1152 3624 1262 3678 τῶν
1313 3625 1536 3696 βιϐλίων
1573 3625 1668 3678 καὶ
1713 3626 1823 3678 τῶν

1939 3638 2085 3699 itque
2122 3643 2492 3684 amanuenses
2527 3630 2816 3695 restituat,
2838 3630 3073 3685 fortasse
3122 3630 3351 3685 habebis
3382 3647 3511 3684 san-

247 3715 604 3786 ὑπογραφέων
636 3716 795 3787 ἡμῶν
821 3717 954 3787 (LI),
991 3719 1132 3787 τάχα
1164 3716 1230 3770 ἂν
1253 3717 1396 3783 ἕξεις
1420 3717 1532 3788 (12)
1557 3717 1653 3771 τοῦ
1689 3734 1826 3772 παν-

1939 3722 2168 3777 :tissimo
2197 3721 2404 3792 Spiritu
2420 3722 2579 3777 nobis
2595 3722 2815 3777 atllante
2845 3732 3008 3792 atque
3033 3733 3312 3778 annuente
3346 3725 3509 3779 etiam

247 3806 389 3873 αγίου
426 3808 751 3879 Πνεύματος
789 3809 922 3879 ἡμῖν
959 3809 1294 3879 ὲμπνέοντός
1331 3827 1391 3861 τε
1421 3811 1514 3862 καὶ
1545 3808 1826 3863 ὲπινεύον-

1939 3815 2257 3880 Lestimonia,
2288 3831 2412 3886 qua:
2449 3814 2738 3885 proferunt
2761 3815 2886 3869 novi
2922 3814 3010 3869 isti
3060 3815 3296 3883 Spiritus
3325 3815 3509 3870 inimi-

247 3898 326 3960 τός
359 3900 452 3952 καὶ
476 3901 583 3962 τὰς
609 3903 861 3970 χρήσεις,
902 3903 970 3965 ἃς
1013 3903 1063 3955 οἱ
1099 3903 1210 3956 νέοι
1241 3903 1638 3974 προκομίζουσι
1667 3920 1827 3956 πνευ⁶

1939 3906 2001 3970 ci,
2029 3906 2140 3960 imo
2161 3905 2329 3960 totius
2362 3920 2576 3960 summe
2604 3906 2760 3959 bonae
2793 3914 2850 3959 et
2886 3904 3042 3960 trina:
3065 3904 3294 3960 Deitatis
3324 3906 3512 3960 hostes

251 3993 570 4062 ματομάχοι,
599 3995 801 4064 μᾶλλον
851 3996 908 4049 δὲ
957 3998 1006 4048 οἱ
1038 3997 1162 4049 καθ’
1189 3996 1319 4067 ὃλης
1366 3998 1700 4068 ἐκμανέντες
1724 3998 1822 4067 τῆς

1939 3997 2121 4053 luriosi
2180 3996 2341 4065 (nihil
2380 3997 2528 4052 enim
2583 3996 2638 4051 in
2702 4011 2765 4050 ea
2830 3997 3155 4060 omiserunt,
3207 3998 3351 4067 quod
3396 3998 3512 4054 suis

250 4082 596 4153 ὑπεραγάθου
622 4088 718 4140 καὶ
747 4089 1185 4162 τρισυποστάτου
1225 4088 1493 4159 Θεότητος
1515 4089 1690 4159 (οὐδὲν
1709 4090 1819 4160 γὰρ

1939 4088 2170 4145 resaniis
2197 4105 2310 4144 non
2341 4087 2642 4158 lacerent);
2676 4103 2780 4140 nec
2827 4104 2939 4142 non
2981 4089 3210 4143 habebis
3265 4090 3513 4145 confuta-

248 4174 412 4239 αὐτοῖς
435 4177 548 4232 τῶν
567 4181 626 4231 ὲν
652 4179 787 4250 αὐτῇ
813 4179 1264 4250 παραλέλειπται,
1283 4179 1314 4232 δ
1351 4179 1426 4252 μὴ
1449 4182 1571 4244 ταῖς
1592 4180 1822 4246 οἰκείαις

1939 4182 2140 4238 tionem
2194 4183 2438 4253 ipsorum
2489 4195 2556 4236 ex
2592 4179 2939 4247 testimoniis,
2979 4195 3099 4250 quae
3141 4180 3361 4251 ipsimet
3385 4197 3513 4252 pro-

351 4293 396 4325 "
453 4293 602 4348 Psal.
643 4309 792 4360 xcm,
829 4296 883 4352 8.
957 4296 1004 4328 "
1035 4294 1055 4348 I
1084 4295 1229 4354 Petr.
1263 4313 1316 4362 γ,
1345 4297 1398 4350 8.
1480 4297 1528 4329 ⁸⁷⁵
1554 4295 1700 4352 l'sal.
1733 4315 1886 4360 thx,
1918 4297 2011 4352 22.

1344 4446 1575 4502 VARUE
1611 4448 1998 4505 LECTIONES
2036 4451 2122 4506 ET
2160 4450 2396 4506 ΝΟΤᾸΕ.

1855 4571 1897 4624 ι)
1999 4569 2111 4642 (55)
2144 4569 2264 4642 got.
2294 4567 2624 4642 περιϐαλῲν.

2000 4635 2112 4706 (56)
2147 4635 2486 4702 Ρειιιηιξγιι,
2517 4640 2583 4704 5;
2611 4653 2723 4704 XII,
2756 4637 2862 4703 M;
2909 4637 3032 4691 coll.
3066 4635 3084 4688 1
3118 4636 3262 4693 Petr.
3296 4658 3351 4707 ν,
3382 4643 3511 4697 8,-

1927 4709 2156 4765 Brevent
2206 4709 2709 4779 recapitulationem
2748 4707 2855 4779 hoc
2894 4715 3063 4779 caput
3107 4709 3506 4779 complectitur,

1963 4796 2086 4835 uam
2121 4778 2372 4834 conferas
2402 4795 2529 4833 cum
2555 4794 2676 4850 cap.
2714 4778 2781 4832 15
2819 4778 3097 4847 sequentis
3134 4778 3407 4848 opusculi.
3439 4778 3511 4826 -ὲ

1971 4861 2045 4905 at.
2081 4869 2136 4906 κ.
2165 4850 2516 4920 ὠρυὼμενος.

2015 4922 2104 4992 57)
2145 4917 2312 4992 Palat.
2336 4917 2757 4983 άποτυπώσεις.

2017 4993 2106 5058 58)
2142 4991 2228 5045 Cf.
2256 5006 2379 5060 cap.
2412 4992 2464 5044 1.

312 4566 418 4636 (21)
449 4566 568 4637 Col.
597 4566 728 4637 τὸδ’
763 4567 856 4637 ὀμ.

247 4637 420 4754 Oa
443 4636 635 4754 iam.
659 4636 700 4692 ι.
722 4635 828 4692 20's
855 4652 907 4691 a.
939 4636 1274 4702 ἀποδείξεων
1295 4636 1393 4691 καὶ
1414 4639 1473 4689 ἐν
1497 4640 1575 4706 τῷ
1601 4635 1823 4707 Χριστῷ

275 4711 420 4770 εότης
443 4711 536 4770 ὀμ.

443 4725 630 4838 ἵζω.
660 4782 699 4836 1³.
725 4782 826 4836 251
864 4781 918 4835 1).
952 4781 1010 4832 ἐν
1034 4777 1184 4848 αύτῷ
1218 4779 1285 4849 τῇ
1318 4776 1475 4848 ἀνθρ.
1587 4842 1594 4849 _

308 4847 414 4915 (27)
459 4848 728 4907 Videlicet
775 4851 820 4905 si
877 4849 999 4904 Filii
1049 4847 1287 4904 humana
1334 4847 1530 4902 natura
1582 4847 1825 4902 Consuli-

246 4919 500 4988 stantialis
529 4933 612 4977 est
645 4923 842 4977 divinae
875 4921 994 4988 ejus
1025 4929 1266 4980 naturae,
1324 4934 1447 4971 cum
1499 4917 1681 4972 divina
1721 4933 1816 4971 na-

248 4990 353 5038 tura
376 4987 551 5059 Patris
577 4993 648 5048 sit
671 4994 882 5057 eadem,
905 4987 1064 5044 Pater
1087 5003 1304 5059 quoque
1328 4989 1581 5044 humanae
1611 4997 1820 5043 natura;
1857 5039 1868 5052 ,

245 5058 710 5118 consubstantialis
739 5063 868 5118 erit.

311 5126 416 5194 ("28)
456 5129 574 5184 Col.
611 5133 872 5194 ἀσεϐείας
901 5128 1131 5198 ταύτης.

448 5198 576 5274 _Vat_.
605 5204 790 5274 ἀθεότε
802 5219 914 5274 ρον.

308 5268 414 5341 (ξθ)
447 5271 502 5341 l_n
531 5271 700 5328 Vatic.
735 5268 825 5326 hic
847 5271 981 5326 etin
1015 5287 1128 5340 seq.
1159 5269 1232 5338 μὴ
1266 5269 1347 5325 δέ.

281 5337 416 5413 ,(51)
457 5339 574 5413 Vat.
608 5342 937 5412 προσιούσας
953 5341 1014 5413 λ.
1050 5337 1302 5410 Ιιίιρίιιίεἰι
1332 5341 1572 5413 rationes
1600 5340 1812 5413 theolo-

247 5411 400 5479 gicas,
437 5411 880 5467 ratiocinationes
911 5412 1226 5466 dialecticas
1252 5427 1317 5465 ex
1347 5411 1644 5479 praemissis
1668 5426 1812 5465 reve-

249 5474 450 5552 lalignis
461 5482 744 5552 deductas,
771 5484 960 5552 quales
982 5498 1087 5552 sua
1103 5474 1439 5551 sophismata
1460 5497 1583 5537 esse
1601 5490 1809 5537 censet.

447 5549 563 5622 Col.
591 5553 682 5604 τὸν
714 5547 892 5605 κοινὸν
917 5547 1215 5622 Δεσπότην.

313 5618 416 5692 (55)
458 5621 588 5676 Vide
622 5639 742 5692 cap.
775 5623 835 5676 8!
883 5618 1182 5692 praesertim
1213 5631 1329 5676 not.
1366 5622 1419 5676 5.

314 5688 441 5763 (δί)
461 5692 546 5763 Sic
576 5688 702 5746 Col:
726 5688 896 5746 Palat;
933 5693 972 5745 f.
1000 5692 1108 5747 252
1137 5707 1190 5748 a.
1224 5694 1302 5756 εἰς
1333 5709 1453 5763 κορ.
1486 5690 1697 5748 Tritum
1727 5699 1812 5747 est

254 5761 574 5817 Drorerhiunt
613 5763 948 5819 Grgccorutn.

1977 5057 2104 5184 ὶ(59)
2135 5057 2349 5115 Colunt.
2403 5062 2440 5115 Γ.
2485 5059 2592 5115 517
2626 5078 2640 5114 :
2672 5057 2865 5131 ἱερέων
2901 5059 3027 5130 ἐμοὶ
3068 5062 3367 5132 τιμιώτατε
3412 5067 3508 5120 καὶ

1959 5151 2098 5273 ῐ’(10)
2131 5201 2355 5256 Phrasis
2395 5201 2593 5257 biblica
2626 5205 2765 5272 psal.
2795 5219 2969 5258 cxxvr
3008 5199 3190 5273 (Vulg.
3222 5205 3395 5270 cxxv)
3438 5207 3459 5259 1
3488 5224 3504 5272 ;

1917 5272 2114 5346 Bacch.
2150 5288 2308 5337 χχιχ,
2342 5273 2442 5337 M;
2483 5273 2652 5346 Amos
2686 5291 2762 5339 ix,
2804 5275 2871 5328 M
2911 5283 2966 5330 et
3011 5272 3158 5342 saepe
3189 5275 3333 5344 apud
3379 5292 3508 5346 pro-

1913 5344 2109 5412 phetas
2139 5358 2438 5399 occurrens
2474 5341 2644 5410 (ιιι).

1985 5415 2096 5486 (41)
2128 5413 2343 5486 Colum.
2384 5412 2444 5466 Ei
2479 5413 2535 5486 δέ
2572 5413 2952 5486 ποτεγΚύριος
2996 5415 3130 5486 ἡμῖν
3175 5413 3274 5486 τὴν
3316 5415 3507 5484 ὑγείαν

1912 5483 2201 5573 xw?ng
2225 5485 2300 5554 (in
2327 5483 2572 5573 margine
2598 5502 2612 5539 :
2639 5485 2736 5538 καὶ
2752 5483 3501 5573 τὴν-αἱὶχμέαλωσίανὲπιστρ.

1910 5555 2018 5608 τῶν
2049 5555 2270 5624 βιϐλίων
2300 5571 2354 5607 κ.
2378 5555 2486 5606 τῶν
2519 5555 2718 5626 ὑπογρ.
2757 5555 2951 5626 ἡμῶν)
2991 5555 3082 5608 καὶ
3117 5556 3182 5606 ὲκ
3213 5555 3313 5622 τῆς
3343 5555 3503 5609 νόσου

1910 5623 2316 5710 ἐπιστρέψομεν
2344 5627 2401 5677 ὲν
2422 5625 2578 5695 τάχει
2611 5627 2706 5679 καὶ
2735 5625 2843 5680 τῶν
2869 5626 3129 5695 γραφέων
3155 5623 3330 5694 ἡμῶν,
3363 5629 3504 5699 τάχα

1910 5711 2100 5833 avita.)
2335 5765 2373 5818 f.
2398 5765 2504 5820 9.03
2534 5765 2588 5819 b.
2618 5766 2782 5832 ἕξεις.
2807 5766 3000 5822 Colunt
3060 5765 3210 5833 ἓξης.
