3956 6424
318 357 423 422 393

1384 352 1480 411 DE
1522 351 1584 411 S.
1626 349 1979 410 SPIRITUS
2010 346 2510 409 MYSTAGOGIA.

3465 342 3571 410 391

382 469 453 540 η’.
492 467 555 523 Εἰ
581 466 947 538 προϐάλλεται
971 463 1071 535 μὲν
1098 462 1194 517 καὶ
1224 458 1339 533 (55)
1360 462 1390 515 6
1413 462 1563 524 Υίδς,
1586 461 1648 514 τὸ
1673 459 1900 531 Πνεῦμα

2073 459 2127 514 8.
2175 460 2233 513 Si
2286 455 2539 527 producit
2570 454 2789 526 quidem
2814 464 2870 510 et
2916 453 3106 521 Filius,
3167 452 3407 526 Spiritus
3442 474 3575 513 vero

312 566 371 620 δὲ
396 563 499 632 τῆς
554 558 831 631 προϐολῆς
886 554 1297 626 ἀπεστέρηται,
1351 552 1785 622 καταδεεστέρας
1827 552 1895 606 ἂν

313 658 398 728 εἴη
441 653 558 726 (54)
591 652 753 705 τοῦτο
778 650 933 722 παρὰ
961 648 1053 702 τὸν
1085 648 1215 701 Υἱὸν
1236 647 1550 718 δυνάμεως,
1588 646 1619 698 6
1653 646 1755 715 τῆς
1777 648 1898 700 Μα-

314 747 557 803 κεδονίου
590 740 1022 814 παραφροσύνης
1046 738 1163 811 (55)

383 837 537 912 [115]
569 836 636 890 θ’.
676 833 1117 905 Προφασίζονται
1147 830 1261 899 (56)
1292 829 1374 896 δὲ,
1407 829 1521 901 (57)
1548 831 1633 883 ὅτι
1668 828 1900 899 Ἀμδρόι

312 949 426 995 σιος
453 930 631 992 οὕτως
660 930 882 999 εἴρηκεν
911 928 970 979 ὲν
986 926 1101 988 τοῖς
1137 926 1266 995 περὶ
1296 924 1462 978 αὑτοῦ
1507 922 1712 991 λόγοις,
1744 921 1827 975 ἔτι
1852 920 1899 974 δ’

308 1024 675 1092 Αὑγουστῖνος
700 1022 797 1073 καὶ
826 1018 1157 1088 Ἱερώνυμος
1177 1034 1193 1049 ·
1238 1018 1381 1087 ὑπὲρ
1406 1011 1483 1071 ὧν
1512 1017 1898 1085 ἀπολογητέον,

308 1116 383 1177 ὡς
411 1115 445 1184 ἢ
465 1112 852 1168 νενοθεύκασιν
878 1113 925 1163 οἱ
945 1109 1401 1179 πνευματομάχοι
1431 1109 1530 1172 τὰς
1560 1107 1763 1163 τούτων
1785 1103 1901 1177 (58)

312 1204 663 1275 συγγραφάς,
688 1202 722 1273 ἢ
758 1201 881 1256 κατ’
907 1200 1226 1271 οἰκονομίαν
1258 1201 1387 1262 ἴσως
1410 1200 1717 1270 εἰρήκασιν,
1811 1199 1905 1251 καὶ

312 1299 343 1350 6
370 1298 545 1366 μέγας
570 1294 848 1356 Βασίλειος
875 1293 990 1365 (59)
1015 1292 1311 1363 ἐχρήσατο,
1340 1294 1471 1362 παρ’
1494 1290 1673 1361 ἑαυτῴ
1701 1290 1900 1360 φυλάτ-

315 1404 426 1441 των
454 1387 770 1458 ἀπόρρητον
794 1385 907 1456 (60)
934 1386 1096 1457 μέχρι
1126 1385 1270 1448 τινὸς
1304 1383 1396 1438 τοῦ
1424 1384 1697 1450 παναγίου
1731 1380 1905 1435 Ilvati-

322 1494 491 1548 ματος
517 1478 616 1547 τὴν
650 1477 969 1544 θεολογίαν·
1004 1476 1037 1546 ἢ
1090 1476 1312 1544 καὶτῆς
1362 1472 1648 1544 ἀκριῦείας
1690 1472 1767 1536 ὡς
1811 1472 1906 1524 ἄν-

320 1569 531 1638 θρωποι
560 1568 977 1638 παρεσύρησαν,
1006 1566 1035 1619 6
1060 1566 1248 1619 πολλοὶ
1272 1565 1572 1619 πεπόνθασι
1598 1563 1709 1618 τῶν
1738 1564 1907 1634 μεγά-

316 1661 425 1713 λων
452 1660 509 1713 ἐν
539 1677 705 1723 τισιν,
726 1660 802 1722 ὡς
824 1661 851 1712 6
891 1658 1297 1730 Ἀλεξανδρείας
1317 1656 1615 1720 Διονύσιος,
1647 1657 1743 1709 καὶ
1760 1655 1906 1710 Μεθ-

314 1757 457 1818 όδιος
494 1757 521 1807 ὀ
554 1754 854 1822 Πατάρων,
910 1756 1005 1806 καὶ
1032 1752 1273 1823 Πιέριος,
1322 1753 1418 1804 καὶ
1452 1750 1761 1821 Πάμφιλος,
1813 1750 1907 1803 καὶ

2000 550 2358 623 productione
2391 549 2637 621 privatus
2672 556 2778 613 est,
2812 546 3079 602 tenuioris
3116 556 3264 602 esset
3302 546 3580 605 facultatis

2000 658 2165 714 quam
2186 642 2379 709 Filius,
2415 640 2567 713 quod
2602 640 2705 695 fuit
2730 638 3034 695 Macedonii
3060 638 3504 695 deliramentum.

2070 828 2124 883 9.
2158 826 2512 882 Praatendunt
2556 834 2737 879 autem
2777 820 3127 878 Ambrosium
3174 823 3250 878 ita
3288 821 3491 879 dixisse
3523 838 3581 877 ιιι

2003 922 2119 977 suis
2149 920 2319 984 libris,
2357 934 2421 974 ac
2452 918 2654 989 pariter
2674 917 3036 989 Augustinum
3064 925 3121 971 et
3144 915 3537 987 Hieronymum
3562 930 3577 968 :

2004 1028 2171 1084 super
2198 1012 2396 1082 quibus
2435 1011 2901 1081 respondendum,
2931 1010 3017 1064 vel
3055 1008 3583 1065 Pneumatomacbos

2005 1122 2193 1163 eorum
2230 1107 2429 1176 scripta
2461 1105 2809 1177 depravasse,
2839 1105 2925 1160 vel
2953 1120 3049 1160 eos
3100 1105 3403 1161 secundum
3435 1120 3584 1160 (nco-

2005 1202 2245 1255 nomiam
2270 1197 2503 1254 fortasse
2531 1200 2741 1253 locutos
2761 1197 2952 1264 fuisse,
2981 1212 3087 1267 qua
3104 1207 3161 1252 et
3180 1211 3412 1265 magnus
3433 1195 3585 1250 Basi-

2005 1293 2113 1347 lius
2138 1307 2271 1347 usus
2296 1300 2401 1358 est,
2434 1291 2579 1362 apud
2627 1306 2687 1347 se
2714 1301 2940 1347 servans
2987 1289 3304 1360 aliquandiu
3354 1288 3586 1344 sanctis-

2008 1387 2131 1441 simi
2169 1385 2402 1456 Spiritus
2434 1385 2654 1442 deitatis
2681 1384 3150 1456 praedicationem.
3186 1384 3270 1439 vel
3310 1384 3380 1440 ab
3418 1397 3585 1437 accu-

2007 1490 2124 1535 rata
2148 1495 2244 1535 eos
2270 1478 2562 1550 theologia,
2596 1492 2718 1548 quae
2748 1486 2832 1532 est
2864 1477 3146 1533 hominum
3198 1476 3460 1541 conditio,
3488 1475 3584 1530 de~

2008 1571 2244 1637 ﬂexisse,
2274 1570 2420 1641 quod
2453 1569 2608 1624 multi
2637 1585 2706 1623 ex
2734 1568 2945 1639 magnis
2985 1567 3119 1622 viris
3156 1567 3212 1621 in
3260 1566 3586 1637 quibusdam

2008 1662 2154 1734 passi
2210 1670 2358 1728 sunt,
2392 1673 2451 1715 ut
2494 1659 2781 1730 Dionysius
2812 1657 3231 1721 Alexandrinus,
3279 1655 3590 1713 Methodius

2009 1753 2321 1809 Patarensis
2350 1762 2404 1807 et
2447 1751 2680 1815 Pierius,
2735 1749 3077 1820 Pamphilus,
3121 1748 3505 1819 Theognostus
3533 1757 3592 1803 et

317 1848 687 1914 Θεόγνωστος,
714 1846 809 1898 καὶ
833 1846 1166 1915 Εἱρηναῖος³ό
1192 1842 1566 1912 Λουγδούνων,
1594 1844 1689 1896 καὶ
1724 1841 1907 1894 Ἱππό-

2025 1860 2247 1900 renatus
2270 1844 2643 1916 Lugdunensis
2670 1855 2834 1914 atque
2854 1843 3174 1914 Hippolytus
3204 1842 3325 1912 ejus
3345 1840 3592 1911 discipu-

318 1940 471 2000 λυτος
509 1939 538 1989 6
593 1938 765 1990 αὑτοῦ
821 1936 1092 2007 μαθητής.
1125 1936 1294 1999 Τινάς
1346 1935 1457 2004 γὰρ
1500 1933 1682 1986 αὐτῶν
1722 1935 1909 2004 ῥήσεις

317 2032 419 2083 οὐκ
466 2029 870 2101 ἀποδεχόμεθα,
928 2029 1109 2082 καίτοι
1140 2028 1309 2082 τᾶλλα
1347 2026 1553 2097 σφόδρα
1596 2026 1907 2095 θαυμάζον-

317 2141 411 2189 τες
435 2123 573 2193 (6t).

391 2222 446 2271 t'.
484 2214 654 2269 Εἶπον
674 2216 723 2266 οἱ
755 2215 929 2283 τρεῖς,
964 2212 1041 2275 ὡς
1104 2212 1368 2282 Ῥωμαῖοι
1418 2210 1700 2279 λέγουσιν·
1752 2211 1803 2264 οἱ
1854 2209 1911 2263 δὲ

318 2306 432 2361 τῶν
455 2306 595 2359 ὲπτά
626 2304 861 2358 συνόδων
889 2304 1168 2373 ἀρχιερεῖς
1196 2304 1297 2355 οὐκ
1324 2299 1476 2355 εἷπον
1508 2300 1641 2371 (62).
1666 2300 1771 2354 Τὸν
1803 2300 1912 2370 γὰρ

320 2399 427 2469 τῆς
459 2398 691 2461 πίστεως
729 2393 890 2467 ἡμῶν
918 2394 1033 2465 (63)
1080 2396 1208 2467 ὅρον
1254 2396 1429 2449 πᾶσαι
1484 2392 1626 2446 κατά
1662 2392 1913 2462 διαδοχὰς

322 2492 681 2555 ἐϐεϐαίωσαν,
709 2487 798 2554 αἷς
822 2490 872 2543 οἱ
894 2488 1147 2561 πρόεδροι
1179 2488 1274 2541 καὶ
1298 2486 1620 2557 λαμπτῆρες
1654 2486 1746 2556 τῆς
1780 2484 1914 2541 Ῥω-

322 2582 533 2653 μαῖκῆς
570 2581 899 2650 Ἐκκλησίας
946 2580 1361 2653 ἀναπιρρήτως
1409 2576 1562 2649 [116]
1617 2576 1915 2645 συνεψηφι-

324 2690 491 2728 σαντο
541 2674 637 2726 καὶ
690 2673 871 2743 δόγμα
930 2672 1300 2743 προστεθῆναι
1361 2670 1529 2741 μηδὲν
1601 2668 1681 2722 ἔτι
1738 2668 1917 2721 τεθεί-

326 2784 457 2819 κασι
494 2767 605 2836 (64)
639 2768 766 2837 μήτ’
801 2765 1171 2836 ἀφαιρεθῆναι
1204 2763 1299 2816 τοῦ
1332 2762 1590 2834 ῥηθέντος
1633 2762 1761 2832 ὅρου
1817 2761 1917 2831 τῆς

325 2862 589 2924 πίστεως,
627 2858 766 2913 ἀλλὰ
789 2860 886 2912 καὶ
912 2859 1005 2911 τὸν
1038 2856 1537 2927 κατατολμήσαντα
1563 2853 1916 2909 παντάπασιν

324 2952 716 3033 ἀπορραγῆναι
744 2950 844 3021 τῆς
886 2950 1212 3020 Ἐκκλησίας
1243 2948 1381 3020 (65).

404 3042 497 3097 ια’.
536 3042 596 3097 Ὀ
630 3043 815 3113 μέντοι
871 3041 1018 3107 θεῖος
1069 3041 1399 3113 Γρηγόριος,
1447 3041 1477 3093 6
1516 3040 1796 3111 Διάλογος,
1857 3058 1918 3093 ου

328 3136 467 3190 πολὺ
499 3138 637 3205 μετά
670 3135 770 3206 τὴν
823 3134 993 3205 ἕκτην
1041 3134 1262 3188 σύνοδον
1308 3134 1586 3203 ἀκμάσας,
1634 3132 1918 3204 Ῥωμαϊκῇ

330 3196 512 3296 φωνῇ’
539 3226 634 3279 καὶ
689 3196 1013 3297 γράμμασιν
1053 3196 1408 3295 ὲθεολόγησεν
1458 3212 1523 3276 ἔκ
1573 3196 1670 3276 τοῦ
1705 3196 1965 3294 ΙΙ-ατρὸξ⁴

333 3318 501 3387 μόνου
523 3316 928 3388 προὸἀλλεσθαι
958 3316 1067 3388 (66)
1096 3316 1157 3369 τὸ
1184 3316 1412 3386 Πνεῦμα
1439 3315 1501 3368 τὸ
1534 3316 1689 3383 ἆγιον
1707 3331 1721 3346 ·
1746 3316 1924 3385 Ζαχα-

334 3411 459 3480 ρίας
480 3412 540 3464 δὲ
574 3412 738 3464 πέντε
768 3412 863 3464 καὶ
890 3409 1157 3482 ἐξήκοντα
1183 3411 1276 3464 καὶ
1332 3410 1529 3462 ἑκατὸν
1561 3410 1739 3462 ἐτεσιν
1763 3407 1924 3460 ὓστε-

334 3518 431 3572 ρον
461 3502 574 3572 (67)
602 3503 671 3554 τὰ
702 3502 1116 3573 συγγράμματα
1147 3501 1243 3555 τοῦ
1300 3501 1557 3570 Διαλόγου
1612 3501 1681 3553 δι’
1737 3500 1925 3570 Ἕλλη·

332 3597 475 3658 νιδος
516 3596 840 3667 ἑρμηνεύων
871 3598 1080 3667 φωνῆς,
1115 3598 1188 3651 Τὸ
1237 3597 1630 3665 παράκλητον
1659 3596 1925 3665 Πνεῦμα,

335 3690 526 3759 φησὶν,
560 3690 629 3743 ἐκ
653 3690 761 3744 τοῦ
783 3690 1016 3758 Πατρός
1044 3689 1418 3759 προέρχεται,
1447 3690 1548 3743 καί
1591 3690 1662 3742 ἐν
1694 3689 1775 3756 τῷ
1815 3686 1930 3755 Υιῷ

330 3780 505 3850 μένει
527 3798 542 3813 ο
577 3782 730 3852 παρά
764 3782 879 3851 (68)
908 3782 1006 3835 τοῦ
1031 3783 1351 3854 Προδρόμου
1384 3782 1544 3836 τοῦτο
1577 3782 1764 3855 μαθὼν
1794 3783 1929 3837 ἰδόν-

336 3889 432 3938 τικ
463 3875 524 3928 τὸ
544 3875 778 3946 Πνεῦμα
804 3874 1132 3930 καταϐαῖνον
1158 3876 1293 3930 ὡσεὶ
1336 3878 1672 3949 περιστερὰν
1705 3878 1799 3932 καὶ
1828 3876 1930 3948 μέ-

337 3982 432 4020 νον
458 3969 548 4021 ἐπ’
579 3969 766 4025 αὐτόν.

413 4083 459 4114 ’⁸
495 4082 653 4139 Joan.
694 4098 731 4146 ι.
760 4084 849 4139 52.

2011 1940 2120 1993 lus.
2152 1937 2426 2004 Quasdam
2467 1937 2614 1992 enim
2666 1952 2858 1992 eorum
2896 1936 3197 1990 sententias
3226 1940 3338 1991 non
3386 1932 3591 2003 recipi-

2010 2045 2156 2096 mus,
2187 2030 2438 2100 quamvis
2458 2045 2553 2085 eos
2577 2029 2630 2083 in
2651 2028 2772 2084 aliis
2805 2042 3135 2100 magnopere
3160 2027 3517 2083 admiremur.

2088 2212 2171 2266 l0.
2198 2210 2463 2266 Dixerunt
2490 2211 2580 2266 isti
2616 2220 2749 2276 tres,
2778 2220 2839 2267 ut
2862 2211 3094 2266 Romani
3138 2211 3329 2275 aiunt;
3372 2208 3467 2264 sed
3508 2222 3592 2264 se-

2013 2313 2160 2375 ptem
2222 2304 2549 2375 synodorum
2617 2303 2903 2374 pontiﬁces
2953 2318 3064 2357 non
3112 2302 3391 2357 dixerunt.
3437 2299 3589 2356 Fidei

2014 2398 2161 2452 enim
2185 2406 2386 2453 nostra
2419 2396 2791 2451 deﬁnitionem
2831 2410 3023 2450 omnes
3063 2393 3253 2464 synodi
3290 2390 3588 2448 secundum

2015 2491 2391 2547 succeSsiones
2416 2489 2828 2552 conﬁrmarunt,
2875 2489 3074 2559 quibus
3103 2489 3362 2543 llomante
3398 2485 3590 2541 Eccle-

2016 2584 2110 2638 siae
2133 2583 2406 2638 antistites
2430 2597 2497 2637 ac
2524 2583 2730 2636 lumina
2757 2582 2963 2651 absque
3002 2580 3112 2638 ulla
3156 2578 3595 2636 contradictione

2016 2674 2224 2729 assensi
2254 2685 2404 2737 sunt,
2434 2688 2498 2728 ac
2539 2682 2850 2729 statuerunt
2882 2674 3017 2729 nihil
3056 2673 3215 2729 dicta:
3249 2671 3374 2727 ﬁdei
3404 2670 3595 2726 deﬁni-

2019 2766 2153 2822 tioni
2182 2766 2380 2820 addere
2411 2780 2515 2820 nec
2543 2766 2612 2819 ab
2644 2781 2707 2820 ea
2730 2766 3056 2820 subtrahere
3082 2764 3268 2827 licere,
3292 2777 3481 2819 verum
3501 2762 3593 2834 qui

2020 2858 2125 2914 hoc
2140 2858 2371 2913 auderet
2397 2856 2622 2913 omnino
2640 2857 2710 2913 ab
2730 2857 2973 2913 Ecclesia
3005 2854 3357 2927 ejiciendum.

2055 3058 2178 3113 ,11.
2219 3057 2510 3129 Gregorius
2536 3067 2720 3112 tamen
2766 3056 3004 3123 divinus,
3048 3053 3321 3126 Dialogus,
3355 3052 3446 3125 qui
3489 3065 3597 3109 non

2024 3153 2195 3207 multo
2224 3161 2349 3221 post
2374 3161 2581 3206 sextam
2604 3150 2870 3220 synodum
2899 3149 3103 3212 floruit,
3144 3148 3386 3202 Romana
3419 3145 3599 3216 lingua

2028 3244 2331 3312 litterisque
2355 3240 2564 3296 Latinis
2598 3240 2908 3309 prmdit-avit
2944 3254 3007 3294 ex
3054 3238 3215 3293 Patre
3243 3237 3360 3292 solo
3408 3251 3601 3306 proce-

2027 3336 2159 3391 dere
2205 3333 2469 3405 Spiritum
2510 3342 2795 3399 sanctum;
2833 3331 3128 3385 Zacharias
3177 3344 3331 3394 vero,
3380 3336 3601 3383 centum

2028 3426 2305 3498 sexaginta
2335 3426 2577 3495 quinque
2602 3425 2765 3478 annis
2803 3430 2928 3493 post
2973 3421 3182 3492 Dialogi
3209 3421 3375 3474 libros
3415 3418 3602 3473 Graeca

2026 3537 2162 3576 voce
2192 3521 2579 3589 interpretans,
2604 3518 2912 3572 Paraclitua
2940 3514 3201 3580 Spiritus,
3227 3514 3322 3579 ait,
3351 3528 3414 3566 ea:
3440 3511 3605 3567 Patro

2024 3614 2255 3685 procedit
2282 3622 2329 3666 et
2359 3613 2414 3665 in
2436 3609 2580 3666 Filio
2608 3618 2787 3664 manet
2808 3647 2824 3671 ,
2879 3624 2911 3665 a
2962 3606 3313 3662 Praacursore
3338 3605 3443 3659 hoc
3472 3604 3605 3659 cdo-

2027 3720 2168 3771 ctus,
2209 3706 2301 3776 qui
2340 3706 2555 3761 viderat
2592 3702 2855 3775 Spiritum
2884 3700 3313 3757 descendentem
3344 3706 3604 3771 tanquam

2027 3801 2333 3857 columbam
2369 3808 2424 3855 et
2451 3804 2762 3853 manentem
2785 3811 2951 3867 super
2988 3790 3242 3867 ipsum".

1479 4241 1717 4297 νΑιιΙΑΞ
1758 4239 2143 4298 LECTIONES
2192 4238 2280 4293 ET
2310 4235 2543 4293 NOTE.

417 4353 532 4422 (55)
568 4352 680 4405 Kal.
696 4352 850 4423 deest
876 4352 931 4405 in
958 4350 1081 4423 cod.
1125 4350 1433 4409 Vindobon.
1462 4418 1465 4423 ι

419 4424 535 4563 (51)
567 4422 725 4491 Apud
762 4422 1020 4491 Euthym.
1053 4422 1161 4492 ﬁet.

443 4494 530 4559 55)
569 4491 681 4563 Hoc
710 4501 1108 4563 argumentum
1147 4502 1161 4547 t

443 4481 530 4559 55)
569 4481 681 4563 Hoc
710 4481 1108 4563 argumentum
1147 4502 1263 4547 tum
1315 4493 1369 4547 in
1415 4491 1692 4563 Euthymn
1748 4493 1925 4548 Pano-
1957 4502 2001 4558 υ
2032 4481 2195 4547 ἓατο·

2031 4355 2081 4423 gl
2103 4351 2456 4423 δηλωθέντες,
2484 4351 2619 4405 ἀλλά
2644 4353 2767 4405 κατ’
2784 4350 3099 4423 οἰκονομίαν
3128 4349 3260 4413 ῐσως
3281 4350 3604 4423 εἰρήκασιν,

2030 4418 2177 4498 ᾗτινι
2211 4424 2305 4498 καὶ
2330 4422 2904 4498 ὁ-μέγαςμΒασέλειος-
2927 4418 3229 4498 ὲνῇκαιροῖς
3257 4418 3413 4484 ἰδίοις
3438 4423 3605 4498 ἐχρήο

2229 4493 2262 4562 ἦ
2299 4491 2403 4546 καὶ(
2423 4492 2523 4562 τῆς
2561 4492 2849 4562 ἀκριϐείας
2874 4493 2951 4555 ὡς
2983 4491 3266 4562 ἄνθρωποι
3290 4494 3608 4562 παρεσύρη-

343 4560 458 4634 plia
490 4573 603 4634 tu_m
622 4562 678 4614 in
697 4560 1169 4634 CodLVindobon.
1203 4574 1397 4617 octavo
1418 4564 1539 4618 loco
1563 4560 1805 4634 ponitur;
1829 4566 1915 4619 sed

2030 4580 2167 4617 σανο
2198 4563 2227 4615 6
2252 4560 2443 4615 ’πολλοὶ
2473 4560 2779 4634 πεπόνθασι
2804 4563 2913 4634 τῶν
2948 4560 3200 4634 μεγάλων
3242 4560 3300 4634 ἐν
3317 4560 3605 4634 *τισινίὼς

348 4630 494 4699 apud
531 4630 762 4686 Beccum
798 4631 884 4702 (G.
918 4632 982 4685 Ο.
1019 4632 1059 4685 1.
1100 4648 1158 4701 p.
1184 4634 1305 4702 161)
1336 4634 1454 4687 loco
1482 4630 1694 4702 quinto,
1734 4634 1927 4689 imme-

349 4700 647 4772 diatc_post
678 4712 841 4772 caput
861 4711 1137 4770 quartum.
1177 4704 1305 4758 Post
1328 4705 1431 4757 hoc
1463 4718 1586 4772 cap.
1607 4704 1640 4757 8
1664 4703 1928 4760 dill'erunt

348 4779 470 4824 tum
489 4770 968 4848 Euthymiitextus
988 4774 1375 4848 tum_pra:tatn_s_
1394 4770 1705 4848 Vindobon.
1719 4773 1925 4841 Codex;

347 4854 476 4914 cum
529 4842 693 4914 priori
730 4844 1050 4914 plerumque
1090 4843 1249 4898 Becci
1297 4844 1925 4914 allegationesiconsen-

351 4910 515 4983 tiunt.
560 4909 816 4983 Dabimus
862 4909 991 4967 hinc
1029 4913 1306 4983 Euthymii
1348 4909 1578 4976 teitum.
1602 4913 1693 4968 cui
1731 4914 1929 4970 deinde

354 4980 601 5051 alterum
617 4981 992 5051 subjiciemus.

428 5050 542 5129 (56)
568 5048 896 5129 Qute'nunc
937 5065 1251 5129 sequuntur
1269 5070 1441 5123 usque
1478 5053 1546 5107 ad
1577 5052 1746 5129 linem
1789 5070 1929 5123 pra:-

356 5123 530 5194 sentis
562 5127 982 5194 textus,_pr_a;ter
1001 5124 1350 5193 Euthymium
1382 5123 1694 5193 suppedth
1713 5140 1931 5194 quoque

352 5191 525 5244 altera
555 5190 805 5257 synopsis
832 5189 1041 5246 Nicolai
1077 5189 1530 5249 Methouensis'in
1552 5195 1676 5247 cod.
1715 5189 1928 5248 Monac.

355 5206 525 5244 altera
555 5206 805 5311 synopsns
832 5206 1041 5246 mcotai
1077 5206 1449 5249 MettlonenSIs
1476 5210 1530 5247 tn
1552 5206 1676 5247 con.
1715 5206 1928 5248 Monac.

355 5260 451 5314 Gr.
488 5258 584 5342 66“
613 5299 626 5311 .
651 5260 716 5342 _8d
770 5261 840 5342 b:_
874 5270 930 5315 et
962 5264 1057 5342 r82_
1105 5275 1360 5332 tanquam
1416 5265 1929 5342 epitomenneorum

356 5346 479 5405 quae
527 5328 756 5405 Photius
789 5330 1118 5399 disputavit;
1158 5328 1230 5387 ea
1265 5328 1482 5405 quoque
1506 5334 1651 5403 apud
1698 5334 1930 5389 Beccqu

357 5403 421 5469 (l.
453 5416 502 5474 c.
532 5416 583 5469 p.
625 5400 907 5474 168_seq.)
965 5400 1463 5459 commemorantur
1491 5400 1681 5458 iisdem
1701 5473 1708 5474 ί
1732 5420 1930 5474 prope-

356 5472 578 5543 modum
605 5471 808 5543 verbis,
840 5474 1118 5527 nonnullis
1145 5475 1409 5529 duntaxat
1441 5471 1844 5543 praztermissis.

428 5541 540 5610 (57)
572 5542 641 5593 Δέ
671 5542 849 5595 omitt.
888 5558 976 5608 ap.
1014 5543 1185 5597 Nicol.
1212 5541 1454 5599 Metlion.

432 5611 541 5683 (58)
574 5612 797 5683 Τούτων
830 5613 987 5667 deest
1012 5615 1156 5683 apud
1185 5613 1429 5671 Methon.

431 5682 542 5749 (59)
572 5682 826 5750 Euthym.
852 5685 942 5745 καὶ
972 5682 1129 5748 αὐτὸς
1152 5684 1211 5737 Β.

436 5750 543 5824 (60)
576 5751 907 5824 Ἀπόρρητον
933 5752 1085 5807 deest
1110 5770 1198 5824 ap.
1228 5756 1473 5809 Methon.

435 5823 546 5892 (6|)
577 5820 733 5892 Apud
766 5820 993 5876 Beccum
1016 5824 1052 5877 1.
1087 5820 1160 5879 (εδ
1186 5826 1271 5887 Ὡς
1296 5829 1344 5879 εί
1371 5827 1464 5880 καὶ
1494 5825 1750 5898 εἰρήκασι
1774 5825 1931 5880 τοῦτο

726 5913 1001 5976 Parnm"
1046 5918 1161 5977 Gn.
1209 5916 1341 5980 Cll.

354 5990 395 6002 σοι

2040 4634 2453 4704 Ἀλεξανδρείας
2481 4632 2780 4704 (Διονύσιος
2818 4633 2913 4704 καὶ
2952 4631 3212 4704 Μεθόδιος
3316 4632 3604 4704 Πατάρων,

2026 4707 2125 4759 καὶ
2171 4708 2201 4757 6
2228 4700 2376 4773 δεῖνα
2405 4703 2501 4757 καὶ
2532 4707 2560 4756 6
2611 4705 2759 4756 δεῖνα
2790 4702 2900 4756 τῶν
2931 4704 3025 4756 ἐπὶ
3069 4700 3352 4773 ἁγιωσύᾳνῃ
3400 4700 3604 4773 ὀνομα-

2030 4776 2288 4840 σθέντων,
2316 4768 2393 4827 ὧν
2436 4774 2591 4835 τινὰς
2635 4775 2824 4843 ῥήσεις
2872 4773 2974 4826 οὐκ
3028 4768 3394 4843 ἀποδεχθῆναι
3435 4768 3607 4843 (λέγει

2027 4847 2095 4915 τῇ
2117 4844 2439 4916 Ἐκκλησία,
2462 4841 2751 4897 καὶταῦτα
2773 4846 2866 4898 ἐπὶ
2893 4845 3007 4906 τοῖς
3033 4841 3215 4907 ἄλλοις
3241 4841 3447 4914 σφόδρα
3475 4842 3608 4896 θαυ-

2033 4916 2374 4978 μαζομένων.

2074 4932 2374 4970 αςομενων.

2033 4932 2374 4985 μαςομενων.

2102 4986 2217 5055 (62)
2249 4985 2376 5041 Haec
2396 4986 2591 5041 eodem
2624 4996 2783 5057 pacto
2820 4984 2963 5055 apud
2992 4981 3233 5038 Beccum
3262 4983 3299 5039 l.
3329 4999 3380 5039 c.
3420 4998 3478 5055 p.
3505 4982 3611 5040 170

2029 5064 2347 5111 occurrunt.

2104 5124 2214 5193 (65)
2248 5127 2403 5195 Apud
2437 5126 2610 5183 Nicol.
2642 5127 2887 5182 Meteon.
2926 5126 3145 5180 additur
3180 5122 3344 5195 ἱερόν.

2104 5196 2214 5265 (64)
2244 5196 2335 5250 Sic
2358 5199 2622 5269 iEutlIym.
2665 5198 2909 5253 Methon.
2930 5197 3111 5267 δόγμα
3133 5195 3411 5251 τεθείκασι
3442 5195 3609 5266 μηδὲν

2031 5264 2121 5337 ἔτι,
2138 5264 2530 5337 προστεθῆναι.

2104 5334 2217 5410 (65)
2248 5334 2451 5393 Beccus
2485 5354 2540 5409 p.
2580 5339 2684 5410 1ἷο
2716 5357 2730 5393 :
2762 5338 2811 5391 οἶ
2847 5338 3079 5410 (septem
3114 5337 3445 5410 synodorum
3475 5353 3612 5410 pra:-

2031 5407 2198 5477 sules)
2235 5410 2330 5461 καὶ
2353 5407 2792 5531 συνεψᾌιρίσαντο
2814 5407 2998 5491 δόγμα
3029 5407 3396 5478 προστεθῆναι
3443 5408 3612 5488 μηδὲν

2031 5479 2132 5531 ἔτι.
2170 5480 2298 5531 μήτ’
2337 5482 2537 5531 ἀωαιοε
2576 5498 2702 5531 ηναι
2747 5498 2843 5531 του
2886 5480 3286 5531 παραδοθέντος
3342 5478 3469 5531 ὅρου
3511 5494 3610 5531 της

2030 5479 2132 5541 ἔτι,
2170 5480 2298 5550 μήτ’
2337 5478 2702 5551 ἀφαιρεθῆναι
2747 5480 2843 5535 τοῦ
2886 5480 3316 5551 παραδοθέντοςμ
3342 5478 3469 5551 ὅρον
3510 5478 3610 5551 τῆς

2031 5547 2289 5621 πίστεως,
2325 5549 2459 5621 ἀλλά
2479 5547 2619 5604 ’καὶζ
2644 5588 2661 5604 .
2684 5592 2698 5605 .
2733 5561 2796 5607 ιιι
2835 5547 3022 5621 supra.
3049 5591 3064 5604 .
3091 5589 3109 5607 .
3139 5550 3235 5620 τῆς
3261 5547 3603 5621 ΪΕκκλησίαςι

2104 5618 2217 5693 (66)
2250 5619 2341 5693 _S_ic
2378 5619 2632 5693 Euthym.
2669 5616 2922 5677 Methon:
2949 5616 3369 5693 ἐκπορεύεσθαι.

2105 5688 2215 5764 (6?)
2243 5690 2494 5764 _b_let_bon.
2525 5688 2761 5764 ’ὕστερον
2787 5693 2952 5747 ἔτεσι.

2104 5761 2216 5831 (68)
2241 5761 2479 5818 Methon.
2509 5765 2595 5817 ἐκ.

3146 5922 3220 5979 13
