3956 6428
376 353 478 418 397

1415 351 1512 411 DE
1550 352 1611 413 S.
1640 350 1999 413 SPIRITUS
2035 348 2542 410 MYSTAGOGIA.

3534 342 3644 410 398

372 466 434 521 οὐ
471 465 572 537 τὴν
589 462 783 526 ἁπλῶς
819 461 1099 529 ἐξέλευσιν
1126 460 1415 531 σημαίνει,
1439 461 1563 531 ἥτις
1600 460 1720 512 ἐστὶ
1760 458 1963 530 συμϐε-

2079 460 2430 529 :gressionem
2473 455 2796 526 simpliciter
2823 454 3113 526 signiﬁcat,
3168 468 3291 524 quae
3333 452 3646 509 accidenta-

374 558 545 629 ϐηχὸς
566 554 827 626 γινομένη
861 554 955 607 καὶ
992 551 1385 622 ἀπογινομένη,
1413 550 1550 604 ἀλλὰ
1584 549 1685 620 τὴν
1724 547 1959 618 οὑσιώδη

376 650 472 704 καὶ
521 648 756 717 φυσικὴν
804 649 900 698 καὶ
950 643 1046 697 τοῦ
1096 643 1215 706 πῶς
1280 636 1423 695 εἶναι
1472 640 1818 711 σημαντικὴν
1867 642 1962 693 καὶΙ

373 743 474 813 τὴν
498 741 609 812 (88)
634 737 924 809 ὑπάρξεως
946 736 1040 789 τοῦ
1062 736 1219 804 ἁγίου
1245 735 1386 788 Πνεύ
1396 751 1566 804 ματος
1594 733 1957 803 ἐμφαντικήνο

374 836 455 888 ὅτι
482 834 543 887 οὺ
583 830 859 901 γεννητῶς
915 831 1067 883 ἐστιν
1116 829 1191 892 ὡς
1233 830 1263 880 6
1290 828 1436 891 Υἱὸς,
1468 826 1585 880 ἀλλ’
1610 824 1962 895 ἐκπορευτῶς

378 927 471 979 καὶ
503 926 648 987 ἰδίως
668 941 684 956 ο
714 922 810 976 τοῦ
837 922 937 993 μὲν
967 922 1087 992 γεὶιρ¹
1113 920 1241 973 Υίοῦ
1268 920 1399 972 ἴδιον
1423 920 1485 971 τὸ
1518 919 1583 971 ἐκ
1611 917 1710 970 τοῦ
1750 916 1963 987 Πατρὸς

373 1016 670 1086 γεννᾶσθαι
702 1013 973 1084 φυσικῶς,
1012 1012 1105 1065 τοῦ
1137 1012 1196 1064 δὲ
1240 1012 1397 1080 ἁγίου
1442 1008 1760 1079 Πνεύματος
1809 1008 1869 1060 τὸ
1900 1009 1967 1061 ἐκ

372 1111 469 1164 τοῦ
504 1108 720 1178 Πατρὸς
750 1104 1151 1177 ἐκπορεύεσθαι
1183 1102 1433 1173 φυσικῶς
1455 1117 1470 1131 ·
1504 1102 1599 1154 καὶ
1627 1100 1771 1153 κατὰ
1804 1098 1967 1152 τοῦτο

379 1202 540 1271 μόνον
574 1201 924 1270 διαφέρουσιν
958 1198 1232 1266 ἀλλήλων,
1260 1196 1381 1266 ἤτοι
1420 1195 1563 1247 κατὰ
1593 1195 1691 1264 τὴν
1726 1192 1966 1261 ἰδιότητα

377 1297 476 1364 τῆς
505 1292 814 1364 ὑπάρξεως,
852 1291 1082 1352 ἐνόντες
1117 1289 1295 1351 ἄλλως
1318 1288 1418 1357 τὴν
1457 1285 1647 1339 οὐσίαν
1669 1285 1766 1337 καὶ
1804 1282 1967 1353 φύσιν

377 1390 473 1442 καὶ
525 1387 686 1453 ἀξίαν
727 1385 821 1438 καὶ
866 1384 1124 1452 δύναμιν,
1160 1381 1278 1444 καὶ,
1312 1379 1500 1442 ἁπλῶς
1542 1380 1742 1442 εἰπεῖν,
1798 1375 1967 1430 τᾶλλα

376 1482 555 1535 πάντα
586 1479 719 1548 πρός
754 1496 814 1530 τε
844 1478 935 1529 τὸν
968 1476 1187 1545 Πατέρα
1222 1474 1317 1526 καὶ
1352 1473 1489 1543 πρὸς
1526 1470 1811 1540 ἀλλήλους.
1843 1467 1971 1530 Πῶς

375 1569 471 1625 οὖν
497 1588 635 1639 φατε
668 1572 729 1622 τὸ
762 1572 916 1637 ἅγιον
951 1567 1177 1637 Πνεῦμα
1208 1566 1322 1636 (89)
1357 1561 1513 1635 [119]
1566 1558 1971 1631 ἐκπορεύεσθαι

376 1667 473 1717 καὶ
496 1666 560 1715 ὲκ
582 1663 678 1716 τοῦ
712 1662 840 1715 Υἱοῦ
869 1678 883 1726 ;
918 1661 979 1713 Ei
1007 1659 1107 1730 μὲν
1128 1659 1204 1721 ὡς
1238 1657 1297 1724 ἐξ
1337 1656 1538 1717 αίτίου,
1567 1654 1678 1707 ίδοὺ
1703 1651 1797 1705 δύο
1823 1651 1971 1703 αἴτια

2064 554 2131 606 lis
2162 562 2255 606 est
2282 562 2337 606 et
2375 552 2536 605 modo
2577 551 2758 604 locum
2790 548 2981 615 habet,
3020 547 3185 601 modo
3232 562 3347 601 non
3388 546 3645 616 amplius,

2065 656 2255 695 verum
2306 640 2721 695 substantialem
2743 647 2800 692 et
2830 638 3138 692 naturalem
3172 650 3405 706 quaeque
3428 645 3513 690 est
3551 637 3648 689 de-

2064 732 2322 786 clarativa
2345 729 2477 785 certi
2503 729 2834 784 exsistentite
2864 727 3009 782 modi
3030 735 3088 781 et
3115 724 3487 781 subsistentia:
3519 740 3648 778 san-

2064 825 2136 880 cti
2189 823 2424 894 Spiritus
2462 821 2800 884 'indicativa,
2849 821 2995 890 quod
3051 836 3163 874 non
3209 835 3308 890 per
3340 818 3653 890 generatio-

2066 932 2191 971 nem
2242 922 2325 970 est
2362 923 2422 968 ιιι
2448 913 2641 975 Filius,
2700 912 2797 967 sed
2847 927 2947 981 per
2988 911 3398 982 processionem
3441 926 3652 981 suoque

2067 1008 2290 1078 proprio
2321 1007 2504 1061 modo.
2548 1005 2668 1060 Filii
2714 1005 2862 1060 enim
2894 1003 3198 1074 proprietas
3251 1015 3335 1058 est
3373 1018 3438 1058 ex
3490 1001 3653 1058 Patre

2068 1099 2315 1172 generari
2351 1098 2696 1163 naturaliter,
2747 1098 2924 1153 sancti
2968 1113 3098 1153 vero
3132 1096 3371 1167 Spiritus
3405 1096 3651 1166 proprie—

2068 1204 2153 1248 tas
2196 1193 2515 1248 naturaliter
2555 1206 2621 1247 ex
2658 1190 2821 1245 Patre
2873 1190 3202 1261 procedere;
3254 1198 3313 1243 et
3351 1187 3652 1243 secundum

2070 1288 2176 1342 hoc
2207 1285 2549 1341 solummodo
2600 1284 2669 1338 ab
2718 1282 2953 1338 invicem
2984 1281 3272 1347 differunt,
3304 1280 3420 1336 sive
3448 1295 3652 1334 secun-

2070 1380 2199 1435 dum
2233 1376 2601 1432 subsistentia:
2656 1375 3085 1447 preprietatem,
3147 1389 3271 1429 cum
3320 1369 3652 1440 caeteroquin

2072 1487 2241 1526 unum
2277 1470 2387 1525 sint
2410 1469 2593 1538 quoad
2619 1467 2987 1524 substantiam
3014 1475 3069 1521 et
3102 1476 3380 1531 naturam,
3420 1463 3654 1535 dignita—

2074 1572 2182 1617 tem
2214 1572 2270 1616 et
2300 1563 2578 1625 virtutem,
2601 1573 2789 1631 atque,
2823 1570 2884 1614 ut
2898 1574 3009 1613 uno
3038 1560 3209 1614 verbo
3238 1558 3440 1621 dicam,
3474 1569 3653 1627 quoad

2073 1656 2177 1710 alia
2214 1654 2397 1710 omnia
2424 1663 2535 1707 tum
2572 1669 2695 1707 cum
2731 1653 2891 1707 Patre
2926 1659 3039 1725 tum
3070 1667 3196 1706 cum
3228 1665 3287 1704 se
3316 1650 3467 1719 ipsis.
3497 1646 3655 1714 Quo-

379 1758 475 1811 καὶ
503 1756 597 1810 δύο
633 1754 825 1826 ἀρχαὶ,
855 1753 1051 1823 Πατὴρ
1078 1751 1172 1803 καὶ
1201 1749 1351 1811 Υἱδς,
1379 1747 1474 1799 καὶ
1512 1744 1734 1815 διαρχία
1768 1742 1971 1812 μᾶλλον

2079 1764 2200 1802 nam
2232 1748 2395 1818 igitur
2424 1753 2582 1815 pacto
2609 1744 2812 1811 dicitis,
2862 1752 3113 1800 sanctum
3161 1741 3424 1813 Spiritum
3467 1754 3659 1810 procc~

376 1849 410 1919 ἢ
452 1814 820 1919 μοναρχία-τό
850 1845 981 1916 παρ’
1001 1814 1162 1913 ’.ὑμῖν
1203 1840 1317 1911 (90)
1368 1836 1808 1907 πρεσϐευόμενον
1833 1849 1848 1864 ο
1878 1833 1973 1885 καὶ

2079 1840 2205 1893 dere
2226 1841 2389 1894 etiam
2416 1854 2481 1891 ex
2515 1837 2688 1891 Filio?
2727 1837 2785 1890 Si
2824 1835 2970 1889 enim
3006 1835 3161 1889 velut
3202 1847 3271 1888 ex
3316 1847 3501 1895 causa,
3529 1846 3660 1886 ecce

376 1916 480 2011 όοέ(
507 1916 780 2010 ἡμέτερον
805 1937 987 2006 λέγειν
1012 1936 1113 1988 ὅσα
1135 1933 1207 1986 τὰ
1238 1932 1418 1986 ἄτοπα
1447 1916 1660 1999 ἕψεται.
1692 1928 1757 1979 Ei
1779 1925 1825 1978 δ’
1857 1925 1973 1978 ἐτέ-

380 2052 492 2107 ρως
516 2075 531 2097 ,
554 2032 630 2095 ὡς
652 2033 719 2084 ἐκ
764 2028 1107 2100 φεραλλήλου
1133 2025 1222 2078 διὰ
1271 2026 1372 2093 τὴν
1418 2026 1496 2085 εἰς
1530 2020 1737 2090 ἄλληλα
1766 2017 1973 2071 τούτων

376 2120 901 2193 ἁντιπεριχώρησιν,
919 2118 1037 2183 καὶ,
1059 2118 1136 2179 ὡς
1158 2114 1344 2177 ἁπλῶς
1367 2114 1565 2177 εἰπεῖν,
1588 2107 1975 2176 ἐξαποστελλόο

382 2221 576 2290 μενδνο
602 2212 994 2282 ἐξαποστέλλει
1030 2212 1142 2282 γὰρ
1189 2208 1379 2278 ὥσπερ
1418 2208 1446 2259 6
1479 2204 1666 2275 Πατὴρ
1687 2202 1781 2256 τὸν
1823 2201 1971 2261 Υἰὸν,

377 2312 526 2365 οὕτω
552 2311 647 2363 καὶ
674 2311 702 2362 ὁ
727 2307 856 2370 Υἱὸς
878 2309 939 2359 τὸ
971 2303 1197 2373 Πνεῦμα
1220 2302 1283 2355 τὸ
1306 2301 1461 2368 ἅγιον
1482 2317 1493 2330 ·
1532 2300 1714 2349 Ὅταν
1749 2293 1837 2357 δὲ,
1871 2309 1975 2363 φτΓ

388 2408 496 2470 σιν,
535 2406 683 2471 ἔλθῃ
720 2405 753 2456 ὁ
808 2399 1224 2467 Παρὰκλιιτος,
1279 2395 1352 2447 ὃν
1408 2390 1522 2462 ἐγὼ
1561 2389 1777 2459 ,πέμψω
1833 2385 1977 2455 ὑμῖν

385 2500 547 2567 παρὰ
575 2496 681 2550 τοῦ
712 2493 967 2561 Πατρός,
1001 2492 1068 2543 τὸ
1101 2486 1349 2556 Πνεῦμα
1401 2484 1513 2551 τῆς
1571 2482 1883 2550 ἀληθείας,
1943 2477 1974 2531 ὃ

382 2591 546 2658 παρὰ
566 2588 673 2641 τοῦ
711 2584 942 2652 Πατρός
976 2581 1369 2647 ἐκπορεύεται
1390 2615 1405 2641 ,
1436 2574 1634 2628 ἐκεῖνο
1673 2568 1977 2642 μαρτυρή-

382 2696 483 2737 σει
507 2679 641 2750 περὶ
666 2676 814 2748 ἐμοῦ
841 2692 854 2707 ’
897 2676 967 2739 εί,
991 2671 1135 2724 κατὰ
1167 2668 1370 2737 ταύτην
1401 2667 1501 2735 τὴν
1523 2664 1784 2726 διάνοιαν,
1822 2662 1979 2714 ἐκπο-

385 2774 647 2848 ρεύεσθαι
682 2772 777 2825 καὶ
800 2772 864 2822 ἐκ
895 2768 1008 2840 (91)
1043 2764 1140 2818 τοῦ
1170 2761 1326 2827 Υίοῦ,
1363 2760 1580 2828 λέγετε,
1607 2754 1853 2828 ἔρρωσθε
1879 2752 1979 2823 μὲν

381 2844 479 2921 τὸν
525 2865 671 2928 νοῦν,
699 2862 1047 2934 ἁμαρτάνετε
1093 2857 1149 2910 δὲ
1179 2855 1301 2909 καθ’
1343 2854 1529 2923 ἕτερον
1581 2849 1782 2918 λόγον·
1830 2844 1980 2915 πρῶ-

381 2980 479 3017 τον
507 2959 621 3033 (92)
658 2959 758 3028 μὲν
790 2956 889 3028 τὴν
924 2953 1029 3007 ὑπὸ
1077 2952 1186 3003 τῶν
1211 2948 1352 3002 ἑπτὰ
1389 2946 1624 2999 συνόδων
1665 2939 1982 3011 βεσαιωθεῖι

385 3073 492 3111 σαν
515 3051 731 3106 ἔκθεσιν
758 3050 857 3119 τῆς
890 3047 1130 3106 πίστεως
1162 3046 1229 3113 τῇ
1265 3040 1555 3111 προσθήκῃ
1594 3036 1768 3106 ταύτῃ
1800 3049 1979 3103 παρα-

382 3149 677 3209 ποιοῦντες
729 3145 826 3198 καὶ
880 3142 1005 3195 τότε
1036 3139 1188 3210 μόνοι
1215 3136 1325 3189 τῶν
1375 3135 1664 3188 ἁπάντων·
1686 3129 1879 3183 ἔπειτα
1915 3127 1977 3181 τὸ
2003 3154 2048 3214 c

384 3242 491 3297 καὶ
518 3236 940 3313 προσκείμενον,
955 3232 984 3285 ὃ
1008 3231 1307 3300 σύνδεσμον
1329 3226 1518 3280 καλεῖν
1542 3222 1834 3292 εἰώθαμεν,
1856 3220 1979 3292 ἴσην

382 3337 487 3408 τὴν
515 3334 845 3405 ἐκπόρευσιν
869 3332 1055 3383 δίδωσι
1078 3328 1223 3381 νοεῖν
1254 3322 1319 3378 ἐκ
1340 3340 1402 3376 τε
1426 3318 1521 3374 τοῦ
1549 3317 1764 3387 [ἰατρὸς
1794 3315 1888 3370 καὶ
1916 3317 1982 3387 ἐκ

384 3407 482 3484 τοῦ
513 3426 667 3493 Υίοῦ,
705 3424 809 3477 κᾶν
862 3423 1021 3493 ὑμεῖς
1072 3418 1275 3489 ἑτέρως
1310 3417 1470 3486 νοῆτε
1507 3413 1621 3484 (95)
1645 3410 1746 3482 τὴν
1790 3410 1855 3463 ἐκ
1884 3407 1980 3462 τοῦ

383 3519 546 3583 Υίοῦ,
573 3518 719 3573 καθὰ
746 3514 1195 3586 προειρήκαμεν⁹
1222 3507 1330 3579 χρὴ
1356 3506 1412 3561 δὲ
1439 3504 1515 3577 μὴ
1559 3503 1720 3575 μόνον
1763 3503 1981 3572 φρονεῖν

383 3614 583 3684 ὀρθῶς,
626 3611 763 3666 ἀλλὰ
816 3608 952 3680 μηδὲ
1003 3601 1386 3666 σκανδαλίζειν
1443 3599 1673 3662 ἄλλους’
1725 3598 1774 3650 εί
1812 3595 1922 3667 γὰρ
1955 3597 1984 3648 6

386 3701 766 3767 σκανδαλίζων
818 3700 914 3753 ἕνα
968 3696 1204 3767 φρικτῆς
1232 3693 1382 3759 ἄξιος
1416 3690 1611 3761 ἐκρίθη
1672 3686 1826 3757 παρὰ
1869 3688 1983 3751 τοῖς

383 3792 745 3862 Εὑαγγελίοις
777 3788 887 3861 (94)
928 3787 1226 3850 κολάσεως,
1261 3785 1310 3836 οἱ
1341 3781 1444 3852 τὴν
1484 3777 1811 3849 οἰκουμένην
1856 3775 1985 3848 ὃλην

385 3881 582 3954 σχεδὸν
632 3877 1080 3942 σκανδαλίζοντες
1124 3873 1286 3927 ποίαν
1331 3868 1490 3936 ἀξίαν
1553 3866 1772 3939 εὕροιεν
1826 3864 1986 3919 κόλαο

382 3989 479 4026 σιν
500 3987 517 4038 ;

2076 1932 2199 1985 duae
2227 1945 2407 1984 causa:
2450 1938 2506 1983 et
2545 1929 2652 1983 duo
2688 1926 2976 1999 principia,
3035 1922 3200 1979 Pater
3260 1931 3316 1979 et
3365 1922 3557 1985 Filius,
3604 1931 3662 1977 et

2079 2035 2208 2079 tunc
2240 2024 2291 2077 id
2341 2022 2487 2090 quod
2524 2035 2852 2075 veneramur
2905 2034 2969 2072 ac
3015 2016 3246 2071 colimus
3298 2012 3661 2086 supplicando

2076 2111 2333 2183 dyarchia
2381 2111 2635 2181 (duorum
2677 2107 3046 2178 principatus)
3088 2106 3270 2175 potius
3331 2104 3438 2159 erit
3496 2118 3656 2174 quam

2077 2202 2392 2256 monarcliia
2422 2200 2607 2273 (unius
2641 2198 2976 2269 principatus
3006 2212 3102 2251 seu
3130 2192 3388 2265 principii
3426 2190 3656 2263 unitas).

2076 2295 2269 2365 Neque
2299 2302 2546 2348 nostrum
2580 2302 2663 2346 est
2692 2291 2928 2356 edicere,
2973 2295 3177 2357 quanta
3224 2285 3352 2339 inde
3399 2292 3659 2339 secutura

2077 2388 2187 2442 sint
2223 2386 2481 2442 absurda.
2536 2383 2592 2439 Si
2622 2399 2752 2438 vero
2792 2382 2900 2436 alio
2948 2379 3133 2442 modo,
3187 2377 3338 2433 velut
3366 2392 3434 2431 ex
3471 2385 3662 2431 mutua

2078 2478 2422 2535 connexione
2451 2484 2674 2548 propter
2704 2489 2893 2530 eorum
2941 2470 3452 2527 circumsessionem
3483 2478 3558 2533 et,
3600 2477 3662 2522 ut

2081 2570 2405 2641 simpliciter
2448 2569 2648 2632 dicam,
2683 2574 2744 2621 ut
2790 2566 2860 2620 ab
2911 2578 2978 2619 eo
3024 2564 3226 2618 missus
3276 2561 3469 2632 (mittit
3492 2561 3663 2628 enim,

2078 2661 2541 2734 quemadmodum
2577 2659 2736 2714 Pater
2759 2659 2987 2722 Filium,
3012 2657 3086 2710 ita
3108 2667 3163 2711 et
3176 2655 3347 2711 Filius
3374 2655 3664 2725 Spiritum,

2079 2756 2325 2821 Quando,
2358 2754 2556 2823 inquit,
2581 2753 2779 2807 venerit
2815 2745 3144 2815 Paraclitus,
3168 2766 3323 2821 quem
3340 2766 3434 2821 ego
3456 2751 3666 2805 mittam

2079 2851 2221 2905 vobis
2244 2867 2278 2903 a
2308 2847 2495 2909 Patre,
2528 2845 2787 2915 Spiritum
2812 2844 3071 2909 veritatis,
3104 2845 3193 2914 qui
3221 2860 3254 2895 a
3284 2842 3446 2897 Patre
3479 2858 3667 2913 procc-

2080 2944 2177 3008 dit,
2207 2940 2298 2995 ille
2333 2940 2687 2994 testimonium
2709 2936 2997 3004 perhibebit
3029 2940 3091 2988 de
3121 2950 3204 2989 me
3231 2934 3299 3006 ⁸⁸)
3330 2950 3345 3000 ;
3389 2933 3436 2989 si
3468 2950 3666 2990 secun-

2081 3036 2210 3091 dum
2239 3035 2404 3097 hunc,
2444 3032 2689 3100 inquam,
2739 3042 2961 3083 sensum
2994 3027 3291 3098 procedere
3338 3035 3395 3081 et
3426 3041 3493 3080 ex
3530 3026 3670 3081 Filio

2081 3127 2302 3189 dicitur,
2330 3135 2461 3180 tunc
2477 3122 2716 3193 quidem,
2744 3120 2892 3192 quod
2908 3120 2977 3175 ad
3004 3128 3247 3175 mentem
3278 3127 3513 3190 spectat,
3539 3121 3657 3174 sani

2079 3219 2233 3282 estis,
2268 3215 2508 3286 peccatis
2562 3223 2746 3268 tamen
2803 3211 3107 3267 secundum
3155 3210 3317 3265 aliam
3357 3210 3666 3276 rationem;

2078 3311 2257 3383 primo
2284 3308 2504 3379 quidem
2546 3306 2670 3361 ﬁdei
2702 3304 3107 3375 expositionem
3137 3318 3169 3357 a
3195 3311 3411 3373 septem
3449 3302 3671 3375 synodis

2077 3403 2454 3459 conﬁrmatam
2503 3400 2610 3453 hoc
2660 3397 3032 3452 additamento
3069 3395 3422 3450 immutantes
3457 3402 3513 3449 et
3563 3393 3670 3449 fal-

2081 3503 2285 3557 santes,
2311 3500 2366 3545 et
2385 3488 2605 3559 quidem
2633 3486 2781 3541 inter
2818 3498 3014 3540 omnes
3039 3483 3173 3549 soli;
3204 3481 3403 3537 deinde
3432 3480 3569 3536 illud
3596 3491 3668 3543 et,

2077 3583 2223 3653 quod
2285 3578 2730 3650 coniunctionem
2787 3590 2984 3630 vocare
3040 3573 3283 3629 solemus
3317 3612 3334 3637 ,
3401 3571 3666 3643 aequalem

2080 3670 2489 3744 processionem
2531 3669 2625 3723 dat
2676 3665 2984 3734 intelligere
3016 3673 3131 3719 tum
3169 3680 3238 3719 ex
3270 3664 3432 3718 Patre
3458 3674 3573 3717 tum
3602 3678 3671 3717 ex

2082 3766 2243 3828 Filio,
2278 3763 2412 3817 licet
2443 3777 2539 3815 vos
2589 3760 2748 3814 aliter
2798 3758 3110 3828 intelligatis
3141 3772 3260 3810 eam
3282 3770 3405 3826 qua:
3432 3771 3501 3810 ex
3530 3753 3670 3810 Filio

2083 3858 2384 3916 secundum
2417 3870 2483 3910 ea
2506 3868 2629 3924 quae
2661 3850 3038 3923 praediximus.
3079 3848 3309 3919 Oportet
3336 3858 3520 3904 autem
3558 3862 3671 3901 non

2086 3954 2263 4008 solum
2291 3956 2438 4003 recte
2468 3946 2697 4008 sentire,
2725 3943 2821 3999 sed
2856 3957 3036 4012 neque
3086 3941 3225 3996 alios
3275 3939 3671 3995 scandalizare.

387 4064 455 4119 Si
499 4032 645 4117 enim
718 4056 810 4127 qui
858 4070 1026 4110 unum
1098 4050 1434 4107 scandalizat
1491 4047 1777 4104 tremenda
1840 4064 2011 4118 penes
2048 4042 2342 4113 Evangelia
2364 4039 2647 4111 judicatus
2666 4045 2750 4092 est
2779 4034 3065 4106 punitione
3090 4032 3309 4105 dignus,
3377 4046 3674 4101 quamnani

384 4156 525 4230 ipsis
562 4148 980 4210 convenientem
1006 4158 1223 4216 poenam
1257 4141 1571 4197 invenerint
1611 4139 1701 4210 qui
1745 4139 2066 4194 universum
2095 4133 2493 4209 propemodum
2540 4128 2914 4184 scandalizent
2945 4135 3217 4181 terrarum
3239 4124 3428 4179 orbem
3455 4123 3469 4177 ι

470 4251 558 4308 ια’.
592 4250 779 4306 Εἰπὼν
803 4253 832 4305 6
853 4252 982 4314 Υἱὸς
1005 4212 1103 4303 καὶ
1126 4246 1259 4310 Θεὸς
1309 4244 1440 4316 περὶ¹
1471 4241 1568 4296 τοῦ
1604 4240 1760 4309 ἁγίου
1809 4238 1976 4292 Πνεύ-

2160 4235 2281 4290 lla.
2314 4232 2452 4286 Cum
2512 4226 2686 4282 Filius
2738 4223 2830 4278 Dei
2864 4230 2921 4277 et
2968 4220 3113 4277 Deus
3145 4219 3214 4275 de
3242 4227 3435 4274 sancto
3468 4212 3674 4288 Spiritu

388 4369 587 4425 ματος,
610 4352 693 4405 ὃτι
724 4351 885 4419 παρὰ
919 4347 1028 4402 τοῦ
1071 4343 1306 4412 Πατρός
1339 4337 1731 4410 ἐκπορεύεται,
1759 4336 1853 4389 καὶ
1883 4335 1985 4405 οὐχ

387 4444 561 4512 ἅπαξ,
594 4443 733 4499 ἀλλὰ
787 4443 883 4497 καὶ
921 4441 1003 4502 δὶς
1032 4438 1176 4493 κατὰ
1203 4436 1302 4507 τὴν
1323 4434 1495 4503 αὐτὴν
1534 4429 1859 4485 ἀκολουθίαν
1887 4426 1983 4480 τοῦ

386 4540 578 4608 λόγου,
608 4539 726 4601 πῶς
744 4537 845 4590 οὐκ
874 4533 1047 4599 εἶπεν,
1079 4534 1163 4587 ὃτι
1195 4530 1305 4585 Καὶ
1326 4526 1462 4597 παρ’
1482 4524 1669 4596 ἐμοῦ;
1700 4524 1810 4577 Καὶ
1828 4515 1983 4576 οὗτοι

392 4632 497 4704 μὲν
526 4628 939 4700 ἀποκρίνονται,
967 4627 1050 4680 ὅτι
1071 4626 1144 4687 ὡς
1177 4621 1329 4695 [120]
1342 4620 1437 4675 ἄνθ
1448 4636 1627 4691 ρωπος
1646 4613 1988 4670 ἐταπεινολὸ-

391 4738 563 4791 γησεν
588 4721 701 4793 (95)
723 4736 737 4748 ·
770 4721 936 4790 ἡμεῖς
965 4718 1021 4770 δὲ
1049 4716 1268 4785 ταχέως
1300 4710 1654 4772 ἀπαντῶντες
1686 4706 1986 4776 ἐλέγχομεν

389 4815 592 4877 αὐτοὺς
622 4809 1084 4883 ψευδολογοῦντας
1101 4826 1112 4837 ·
1139 4807 1202 4859 τὸ
1229 4805 1341 4876 (96)
1375 4804 1487 4875 γὰρ
1518 4802 1715 4865 εἰπεῖν,
1742 4799 1854 4851 Ὃν
1872 4795 1989 4865 ἐγὼ

391 4905 610 4976 πέμψω
638 4903 803 4974 ὑμῖν,
833 4902 934 4973 οὐχ
966 4900 1042 4964 ὡς
1082 4898 1371 4970 ἄνθρωπος
1406 4895 1652 4968 εἴρηκεν,
1682 4890 1822 4946 ἀλλὰ
1856 4887 1990 4961 μᾶλ-

466 5066 514 5098 ⁹⁸
535 5064 693 5120 Joan.
732 5081 824 5132 xv,
856 5061 948 5118 26.

2082 4325 2284 4385 dixerit
2335 4321 2483 4395 quod
2522 4338 2555 4375 a
2603 4319 2771 4374 Patre
2816 4315 3086 4387 procedit,
3122 4327 3303 4384 neque
3340 4310 3512 4367 semel
3550 4317 3674 4364 tan-

2084 4431 2223 4485 tum,
2255 4418 2350 4474 sed
2370 4423 2427 4471 et
2450 4415 2535 4470 bis
2556 4411 2859 4468 secundum
2882 4406 3135 4463 eamdem
3162 4402 3433 4460 sermonis
3454 4401 3671 4461 seriem.

2084 4512 2360 4587 quomodo
2398 4524 2510 4564 non
2565 4505 2706 4560 dixit
2740 4522 2750 4556 :
2798 4502 3045 4558 Procedit
3094 4500 3258 4555 etiam
3287 4513 3321 4550 a
3369 4496 3491 4550 me?
3525 4492 3591 4548 Et
3618 4493 3673 4547 hi

2085 4586 2308 4679 quidem
2338 4598 2671 4672 respondent
2719 4597 2898 4668 ipsum
2934 4608 3033 4665 pro
3058 4590 3400 4648 humanitate
3436 4602 3535 4641 sua
3575 4586 3679 4641 hu-

2087 4700 2292 4757 militer
2317 4709 2439 4751 esse
2466 4695 2753 4757 locutum;
2797 4704 2899 4743 nos
2936 4700 3068 4741 vero
3103 4683 3285 4740 statim
3321 4686 3679 4736 occurrentes
3766 4692 3767 4695 ‘

2087 4789 2356 4848 mendacii
2379 4802 2477 4842 eos
2493 4782 2891 4840 convincimus.
2921 4777 3097 4833 Verba
3125 4775 3272 4831 enim
3295 4772 3387 4828 illa
3412 4788 3565 4843 quem
3587 4787 3679 4841 ego

2088 4886 2300 4940 mittam
2326 4880 2470 4937 vobis
2492 4892 2605 4933 non
2637 4884 2697 4930 ut
2728 4876 2893 4930 homo
2918 4871 3078 4938 dixit,
3096 4868 3193 4925 sed
3216 4866 3400 4939 potius
3431 4874 3491 4920 ut
3512 4864 3676 4919 Deus.

1503 5191 1742 5250 νΑιιιΑε
1775 5181 2160 5244 LECTIONES
2198 5179 2289 5235 ET
2329 5172 2559 5233 NOTAE.

623 5344 791 5426 Yind.
821 5341 963 5426 phil.
1001 5337 1107 5426 ΞΗ
1137 5357 1149 5392 :
1175 5332 1478 5426 signium
1517 5330 1616 5402 τὴν
1640 5328 1739 5399 τῆς
1770 5329 1865 5381 ὑπ.

472 5405 585 5490 (89)
624 5415 758 5490 cod.
789 5405 883 5490 cit:
914 5412 976 5490 εδ
1008 5411 1106 5490 ιιν.
1140 5408 1201 5461 τὸ
1231 5405 1410 5490 ᾇγιον.

473 5465 585 5560 (Siti)
626 5465 884 5558 Sive—apud
912 5482 1173 5553 Euthym.
1197 5486 1255 5533 et
1282 5465 1345 5532 in
1376 5473 1634 5536 cod.cit.;
1659 5469 1783 5527 cod.
1818 5465 1987 5523 tlieol.

394 5562 473 5619 40
503 5577 517 5613 :
547 5562 702 5630 ἡμῖν.

473 5631 584 5700 (91)
618 5632 684 5700 ἐκ
718 5623 1101 5700 dee§t_in_co_d.
1133 5621 1312 5700 V_ind._
1331 5620 1428 5700 gr.
1462 5617 1544 5673 th.
1570 5614 1671 5697 ρο.

630 5681 985 5755 δοιΪ.”ἾίιιιΙ.
1017 5694 1111 5751 Gr.
1134 5693 1232 5764 plt.
1281 5692 1428 5748 248:
1483 5687 1699 5760 πρῶτα,
1732 5681 1994 5753 Euthym.

403 5789 637 5845 πρωτοι.

480 5843 591 5916 (95)
629 5842 764 5901 Cod.
790 5839 885 5898 Gr.
927 5836 1066 5910 phil.
1092 5833 1186 5891 cit.
1229 5833 1421 5888 νοεῖτε.

2160 5312 2466 5401 ,παρὰ
2491 5328 2543 5364 τ.
2592 5301 2890 5373 Εεύαγγελ.
2948 5299 3106 5354 deest
3137 5297 3195 5353 in
3224 5311 3348 5352 eoa.
3380 5290 3540 5347 Vind.
3580 5294 3675 5348 Gr.

2086 5387 2416 5527 pb(ltli.5‘)uS8ed
2456 5448 2682 5527 minime
2712 5424 2909 5527 dicunt
2943 5440 3123 5527 ltatini
3145 5434 3681 5527 Δίῖίιιτίειιιιιιηίιῂιιιιιίἷ

2093 5512 2301 5586 ιίιειίέει
2328 5540 2427 5596 pro
2455 5537 2554 5577 sua
2586 5516 2929 5596 humanitate
2970 5512 3057 5596 hic
3078 5512 3344 5596 locutum,
3368 5520 3557 5585 verum
3584 5517 3685 5572 pro

2093 5580 2493 5659 consuetudine
2534 5590 2616 5645 uti
2663 5595 2860 5643 caetera
2909 5585 2983 5638 ita
3014 5580 3254 5651 Spiritus
3272 5580 3682 5659 processionent

2095 5644 2555 5728 SE'BEIEEﬁfebu
2581 5660 2649 5715 ad
2670 5660 2907 5738 primani
2944 5644 3166 5709 causam
3189 5644 3465 5705 retulisse.
3497 5644 3683 5700 Inanis

2096 5727 2226 5814 ergo
2249 5751 2487 5807 sequens
2511 5727 2935 5803 argumentatio.
3210 5732 3217 5739 ·
3555 5783 3582 5799 η

2191 5811 2267 5819 Α...
2316 5808 2367 5819 η.
2432 5805 2472 5819 ιη
2518 5805 2552 5819 -.
2628 5816 2657 5819 ,_
2726 5799 2829 5819 ηιξ.
2878 5794 3095 5819 ιη...ι,.ι.
3168 5789 3268 5819 ,ΛΑ
3319 5786 3465 5819 ,κΜι
3512 5802 3582 5819 ,Μ

2165 5786 2413 5891 ῖέἱθῖεῖιῑ
2424 5786 2689 5881 Ευιιιὶηι.
2719 5799 2853 5856 edit.
2878 5794 3119 5853 Vindob.
3166 5789 3292 5848 cod.
3319 5786 3494 5846 theol.
3512 5786 3619 5871 τῷ.
