3956 6436
358 341 467 404 399
1493 341 1756 402 ΡΗΟΤΙΙ
1786 339 1950 400 PATI

2053 337 2290 399 ιΒΟΗᾸζ
2331 338 2439 399 CP.
3507 336 3612 402 408

273 446 302 522 ,ξς
352 447 712 505 lieno-enim
753 462 869 503 non
917 447 1096 504 mittit
1122 448 1329 514 Deum,
1366 447 1639 518 siquidem
1669 447 1814 502 Deus
1853 455 1939 501 est

2053 456 2128 498 ιον
2151 443 2228 507 ὡς
2259 443 2426 508 Θεός·
2460 441 2749 514 ἄνθρωπος
2775 443 2887 514 γὰρ
2925 444 2988 497 οὐ
3039 443 3249 514 πέμπει
3291 443 3446 512 Θεὸν,
3503 449 3614 518 the

273 521 301 615 ξ
351 538 596 611 Spir'ans
647 547 888 594 sanctus.
914 536 1010 592 Bis
1039 537 1204 607 igitur
1232 537 1371 592 dixit
1418 554 1452 592 a
1485 536 1646 592 Patre
1681 535 1736 590 in
1772 535 1938 605 hujus

2053 535 2164 599 ὒεδς
2191 535 2254 588 τδ
2287 532 2515 606 Πνεῦμα.
2547 533 2610 589 τὸ
2636 533 2815 604 ἅγιον.
2841 535 2937 599 Δὶς
2957 533 3052 590 οὖν
3075 535 3140 589 τὸ
3167 537 3330 605 παρὰ
3355 537 3465 594 τοῦ
3500 542 3619 594 Ha-

350 631 626 688 sermonis
663 629 1138 686 celiﬁmtionem
1166 639 1224 684 et
1260 638 1322 684 ut
1363 629 1432 685 ad
1472 628 1750 685 silentium
1792 627 1940 683 redi-

2053 626 2174 694 φὸς
2201 624 2425 698 εἴρηκεν
2457 627 2539 689 εἰς
2591 624 2885 697 βεϐαίωσιν
2912 625 3010 680 τοῦ
3035 626 3282 681 τοιούτου
3335 628 3498 698 λόγου
3523 633 3618 685 καὶ

262 749 278 800 ς
355 731 508 794 geret
545 738 640 778 eos
680 721 1012 792 quiécturi
1056 729 1234 787 erant,
1266 720 1444 792 ipsum
1473 736 1538 776 ex
1564 719 1703 776 Filio
1723 734 1942 790 quoque

2053 718 2176 788 πρὸς
2209 715 2573 787 ὲπιστόμησιν
2600 716 2709 771 τῶν
2738 715 3042 788 μελλόντων
3061 715 3241 786 λέγειν
3271 717 3360 772 ὅτι
3391 719 3486 773 καὶ
3508 719 3623 792 (9'1)

356 815 673 886 procedere.
706 815 881 885 idque
910 830 978 870 ex
1012 815 1266 870 acumine
1284 813 1675 886 sapientissimi
1706 813 1944 884 impera-

2053 814 2106 866 ix
2139 808 2236 864 τοῦ
2263 809 2394 864 Υῑοῦ
2430 808 2828 881 ὲκπορεύεταν
2856 809 3017 865 τοῦτο
3048 809 3111 864 τὸ
3135 808 3332 882 λῆμμα
3382 810 3482 882 τῆς
3522 813 3621 882 ἀγ-

359 905 495 960 toris
527 905 726 980 [Alexii
765 903 1062 977 Comneni]
1095 904 1332 976 prodiit;
1392 904 1494 959 hac
1517 903 1664 958 enim
1695 901 1944 973 proposi-

2053 901 2248 974 μνοίας
2273 901 2391 956 ἐστὶ
2448 900 2544 956 τοῦ
2590 902 2967 957 ,συνετωτάτου
3009 901 3274 973 βασιλιως
3309 902 3446 974 (98)°
3495 904 3620 960 ratio

358 993 507 1050 tione
525 1011 656 1051 usus
670 1006 755 1052 est
783 1012 911 1053 cum
927 1006 1118 1053 contra
1141 995 1602 1052 Mediolanensem
1623 994 1943 1066 episcopum

2053 1013 2118 1067 np
2146 994 2286 1065 (99)¹
2313 993 2424 1064 γὰρ
2471 994 2746 1065 ἐχρήσατό
2776 1011 2909 1048 ποτε
2939 993 3084 1049 κατὰ
3129 993 3225 1050 τοῦ
3272 995 3624 1053 Medicum»

359 1084 681 1156 disputaret.

2053 1083 2348 1139 ιπισκόπου
2369 1081 2447 1153 (1)
2471 1081 2875 1154 διαλεγόμενος.

1457 1245 1696 1302 VARIIE
1732 1225 2129 1310 LECTlONES
2159 1243 2248 1302 ET
2291 1241 2526 1306 now.

387 1413 389 1416 ‘
431 1397 552 1476 (91)
593 1405 688 1460 καί
721 1406 878 1463 deest
901 1406 1043 1476 apud
1081 1404 1337 1476 Euthym.
1367 1405 1370 1410 ’
1527 1474 1538 1476 _
1604 1417 1606 1420 '

595 1477 833 1542 Ἀλεξίου
863 1473 1012 1532 addit
1039 1478 1161 1546 eod.
1194 1473 1364 1532 theol.
1405 1473 1565 1530 Vind.
1599 1475 1686 1530 40.

431 1543 546 1620 (99)
579 1549 838 1621 Euthym.
869 1548 960 1605 ed.
989 1543 1170 1604 τοῦτο.
1253 1597 1258 1602 .

2128 1403 2207 1476 (1)
2246 1403 2443 1476 Petrus
2489 1403 2906 1476 Mediolanensis
2965 1423 3087 1464 esse
3121 1407 3372 1473 videtur,
3420 1406 3490 1462 de
3521 1421 3630 1476 quo

1989 1487 1996 1500 '
2057 1473 2258 1529 Bai-on.
2293 1475 2362 1530 ad
2388 1489 2481 1528 an.
2514 1475 2671 1537 Hi6,
2700 1477 2863 1532 Allat.
2900 1477 2978 1532 De
3005 1493 3238 1532 comem.
3277 1479 3308 1530 I.
3343 1492 3403 1542 ii,
3433 1492 3484 1531 c.
3539 1473 3626 1543 10,

1951 1585 1955 1592 .
2053 1559 2113 1599 n.
2141 1544 2178 1598 2
2214 1555 2272 1601 et
2299 1544 2364 1601 (ἱ.
2397 1543 2464 1600 0.
2497 1543 2538 1599 l.
2575 1546 2680 1603 379
2706 1556 2762 1603 et
2798 1548 2853 1602 in
2891 1548 3142 1620 Append.
3174 1548 3244 1604 ad
3274 1548 3558 1604 lectorem.

894 1911 1184 1988 121-123]
1228 1913 1311 1974 1N
1357 1909 1659 1972 LIBRUM
1703 1908 1809 1971 DE
1853 1907 2214 1971 SPIRITUS
2259 1907 2549 1972 SANCTI
2594 1910 3123 1973 MYSTAGOGIA

476 2055 1634 2238 ANIMADVERSIONES
1706 2106 2406 2201 HISTORICE
2485 2111 2636 2202 ET
2677 2053 3540 2212 'THEOLO'GICJE

957 2351 1040 2395 ΔΙ)
1069 2353 1291 2400 οιδκιιιε
1321 2349 1876 2398 ιιιυετιιλτιοκιςω
1912 2351 1949 2390 ιι

2053 2348 2551 2405 UTATIONEMQUE
2582 2353 3043 2399 PERTINENTES.

363 2615 408 2688 Ϊ.
437 2591 722 2702 τέῬΙιοιξὶ
750 2592 886 2683 lib-er
929 2599 1214 2682 universim
1252 2626 1567 2699 expenditur
1600 2636 1651 2682 et
1699 2627 1942 2682 illustra-
1980 2637 2019 2692 Β
2051 2593 2266 2702 pondus
2298 2630 2490 2700 paucis
2524 2629 2822 2693 declarare,
2884 2627 3005 2700 ejus
3051 2641 3464 2702 argumentum,
3498 2633 3648 2708 scri-_

1097 2707 1207 2752 ων·
2052 2721 2256 2794 pgionis
2284 2721 2542 2788 indolem,
2588 2721 2851 2792 temporis
2877 2721 3138 2791 adjuncta
3178 2731 3494 2794 caeteraque
3516 2740 3638 2793 qua:

376 2877 378 2880 ν
436 2793 486 2868 i.
515 2795 666 2888 Inter
691 2791 1030 2888 dogmaticas
1056 2810 1482 2884 disceptationes
1509 2820 1628 2888 tum
1668 2817 1943 2866 vetustate

265 2927 270 2930 ·
363 2921 435 2982 εει
480 2887 856 2982 diuturnitate,
893 2911 1009 2958 tum
1067 2905 1144 2959 rei
1195 2903 1460 2975 gravitate
1520 2918 1586 2958 ac
1622 2901 1946 2958 difﬁcultate

363 2978 617 3077 (Annium.
641 2978 946 3076 temporum
973 2996 1341 3051 nobilissimas
1371 2997 1460 3051 vix
1485 2996 1576 3051 ulli
1610 2995 1834 3051 inferior
1862 3005 1948 3051 est

363 3091 739 3172 controversia
765 3091 829 3165 de
858 3088 1088 3160 Spiritus
1111 3091 1282 3145 sancti
1311 3091 1656 3167 processione,
1690 3105 1812 3157 qua:
1835 3103 1946 3143 non

364 3185 508 3254 apud
532 3183 817 3258 theologos
845 3191 1056 3254 tantum
1080 3183 1301 3254 agitata,
1329 3197 1516 3257 verum
1547 3191 1604 3236 et
1624 3181 1946 3253 populorum

364 3275 810 3352 contentionibus
858 3273 1058 3348 mirum
1099 3274 1153 3328 in
1185 3273 1408 3328 modum
1450 3283 1676 3350 vexata,
1703 3273 1946 3344 profanis

363 3381 582 3444 quoque
605 3365 744 3421 odiis
783 3365 1104 3442 etpoliticis
1139 3365 1334 3441 studiis
1375 3365 1609 3442 solerter
1663 3365 1792 3421 olim
1846 3364 1958 3420 nu—'

367 3439 491 3534 trita
517 3439 582 3511 ac
599 3439 894 3536 propagata
921 3455 987 3510 ad
1015 3439 1338 3532 hodiernum
1363 3439 1536 3530 usque
1561 3455 1702 3510 diem
1727 3447 1946 3512 Graicos

364 3562 428 3602 ac
457 3545 678 3623 Latinos
707 3546 918 3626 dividit,
948 3546 1063 3601 sive
1107 3547 1290 3622 potius
1319 3547 1598 3620 orientalis
1631 3547 1890 3622 Ecclesiae
1919 3563 1962 3622 ar

365 3641 629 3713 catholica
670 3640 881 3714 unitate
917 3638 1294 3710 “separationis
1328 3655 1441 3693 non
1487 3654 1660 3713 causa
1701 3638 1948 3710 quidem,

366 3749 506 3808 ansa.
534 3742 714 3805 tamen
746 3732 1016 3804 praecipua
1056 3745 1120 3786 ac
1163 3739 1480 3805 pra-textus,
1531 3731 1643 3786 imo
1671 3747 1803 3786 vero
1839 3731 1950 3786 ful-

366 3837 521 3899 erum
547 3817 1647 3900 validiSSiiiiunigpraesidiumqueexsistit.
1684 3821 1947 3890 Quamvis

367 3922 550 3991 autem
573 3928 658 3988 ea,
683 3913 988 3990 lquzecirca
1016 3911 1272 3991 :Spiritus
1321 3911 1515 3991 sancti“
1544 3916 1950 3984 processionem

2052 2801 2159 2875 huc
2183 2821 2436 2884 spectant
2472 2812 2711 2868 breviter
2741 2812 3014 2882 prosequi,
3047 2811 3201 2882 plura
3255 2813 3445 2868 denuo
3479 2829 3633 2869 aecu-

2051 2903 2221 2959 ratius
2247 2903 2640 2976 perpendenda
2673 2903 2827 2958 alteri
2878 2902 3117 2957 uberiori
3153 2904 3222 2958 de
3250 2903 3454 2958 Photio
3480 2895 3629 2960 lucu-

2052 2995 2286 3062 brationi
2336 3006 2700 3052 reservantes.
2732 2993 2918 3064 Neque
2963 3011 3093 3050 vero
3133 2996 3296 3051 nobis
3338 2997 3630 3052 universim

2053 3088 2419 3144 celeberrima:
2467 3087 2608 3142 illius
2660 3087 3046 3141 controversiae
3102 3081 3397 3142 historiam
3447 3087 3630 3143 adum-

2054 3178 2233 3245 brare,
2261 3193 2439 3249 neque
2471 3177 2590 3248 ejus
2627 3166 2898 3249 dogmatis
2932 3177 3240 3232 uberiorem
3294 3177 3642 3250 explanatio-4

2054 3287 2178 3326 nem
2206 3271 2418 3326 tradere
2447 3260 2604 3325 mens
2635 3279 2738 3336 est,
2765 3285 2955 3325 verum
2985 3286 3048 3324 ea
3079 3271 3352 3326 duntaxat
3397 3271 3633 3327 historiae

2054 3351 2120 3421 ac
2149 3365 2432 3436 tbeologiae
2459 3351 2702 3420 delibare
2722 3363 3073 3431 documenta,
3102 3380 3223 3434 qua:
3262 3366 3474 3420 arctius
3513 3381 3634 3420 cum

2056 3454 2160 3509 hac
2207 3445 2382 3509 Photii
2422 3454 2691 3526 polemica
2726 3454 3111 3510 dissertatione
3159 3451 3455 3511 cohaerent
3489 3467 3544 3512 et
3569 3457 3637 3512 ad

2057 3545 2234 3616 aptius
2272 3545 2339 3600 de
2362 3541 2448 3616 illa
2474 3544 2836 3615 iudicandum
2863 3543 3114 3600 conferre
3132 3544 3262 3614 quid
3284 3560 3355 3599 ac
3381 3545 3635 3615 prodesse

2056 3637 2456 3708 quodammodo
2507 3637 2858 3692 videbuntur.
2905 3635 3093 3708 Neque
3131 3636 3188 3691 in
3237 3637 3352 3702 his,
3387 3653 3508 3709 quae
3559 3637 3635 3691 liti

2056 3729 2236 3783 adhuc
2260 3721 2490 3798 possunt
2513 3727 2636 3783 esse
2663 3723 2916 3792 obnoxia,
2940 3713 3272 3782 sententiam
3306 3730 3480 3784 veluti
3507 3728 3632 3784 deii-

2057 3820 2280 3876 nitivam
2306 3819 2744 3904 pronuntiamus,
2764 3823 2858 3877 sed
2877 3823 3058 3892 potius
3079 3821 3332 3893 quaedam
3353 3838 3636 3897 suggerere

2057 3900 2308 3970 velunius
2345 3919 2462 3969 tum
2496 3900 2750 3976 aliorum,
2773 3915 2973 3985 quibus
2997 3913 3268 3982 ejusmodi
3296 3911 3482 3970 studia
3511 3915 3636 3970 arri-

366 4004 602 4082 litesque
629 4005 696 4066 de
717 4021 780 4090 ea
809 4005 1030 4082 obortas
1057 4006 1168 4076 jam
1198 4007 1418 4083 plurimi
1452 4008 1804 4084 disputarunt
1831 4025 1951 4064 cru-
1980 3999 2022 4058 Ο
2057 4004 2210 4088 dent,
2235 4013 2350 4058 tum
2379 4003 2616 4087 denique
2637 4004 2847 4076 exiguis
2873 4005 3078 4088 nostris
3107 4004 3254 4059 curis
3275 4013 3338 4060 et
3367 4002 3629 4078 indagini-

368 4095 466 4150 diti
499 4095 632 4175 (ιῆ),
657 4095 989 4173 sufficienter
1039 4097 1271 4173 omnino
1320 4099 1639 4176 quaestionis
1689 4100 1948 4164 indolem,

368 4187 661 4267 originem,
711 4203 1186 4268 'progressunique
1239 4175 1607 4268 patefaciant
1651 4175 1952 4266 eorumque

370 4263 577 4358 studiis
596 4263 878 4363 historicis
891 4263 973 4364 vae
991 4263 1312 4351 dogmaticis
1341 4263 1556 4364 summa
1588 4281 1710 4356 laus
1732 4284 1804 4340 sit
1844 4263 1944 4338 tri-

369 4357 657 4453 linenda":
693 4357 1139 4452 quisquam
1185 4382 1369 4454 tamen
1427 4357 1729 4448 negaverit,
1775 4363 1962 4431 multa

370 4462 548 4542 adhuc
573 4461 632 4546 in
671 4461 776 4546 hac
805 4463 1029 4548 materia
1073 4461 1242 4548 [1241‘
1266 4465 1720 4536 historiographis
1749 4481 1944 4536 super-

369 4568 489 4608 esse
511 4537 868 4618 illust'randa,
907 4537 1167 4609 nonnulla
1195 4537 1412 4626 quoque
1439 4571 1578 4611 nova
1600 4555 1952 4626 inquisitione

369 4629 654 4726 novisque,
689 4635 906 4726 studiis.
947 4637 1210 4724 indigere,
1269 4639 1572 4717 praisertim
1617 4664 1743 4704 cum
1795 4639 1961 4720 plura

369 4727 569 4806 scripta
592 4719 798 4791 adeam
820 4719 1151 4806 pertinentia
1171 4734 1413 4793 nondum
1437 4732 1707 4810 publicam
1726 4719 1954 4810 aspexe-

372 4830 481 4884 rint
506 4815 772 4885 lucem'et
809 4815 1055 4900 quaedam
1095 4831 1238 4887 illius
1285 4832 1524 4887 historiae
1562 4842 1745 4903 partes
1775 4834 1954 4888 adhuc

372 4910 603 4990 caligine
631 4931 686 4974 et
713 4917 1044 4975 obscuritate
1066 4917 1418 4977 detineantur
1451 4919 1740 4993 hiatusque
1767 4939 1833 4977 ac
1869 4924 1953 4977 la-

373 5026 544 5065 cunas
571 5011 694 5080 plus
746 5011 914 5066 semel
960 5013 1277 5070 ostendant.
1312 5012 1431 5079 Qua
1464 5014 1518 5068 in
1553 5030 1611 5070 re
1663 5013 1842 5069 Photii
1877 5015 1953 5070 De

371 5100 601 5171 Spiritus
624 5102 794 5155 sancti
834 5106 1162 5175 mystagogia
1200 5106 1338 5160 liber
1384 5105 1596 5160 fructus
1623 5106 1780 5161 affert
1807 5106 1950 5161 haud

374 5193 828 5260 contemnendos;
860 5209 1086 5264 eosque,
1107 5199 1198 5265 qui
1218 5197 1364 5251 illius
1386 5197 1654 5266 dogmatis
1671 5197 1952 5251 historiam

373 5285 581 5345 iteratis
609 5284 756 5341 curis
784 5288 1062 5345 tractaturi
1088 5297 1270 5356 erunt,
1298 5289 1515 5360 egregie
1560 5305 1693 5346 sane
1718 5290 1948 5360 juvabit.

374 5378 585 5433 Interea
613 5392 714 5432 nos
738 5386 984 5433 nostrum
1016 5394 1139 5435 esse
1169 5397 1480 5450 censemus,
1513 5392 1806 5453 antequam
1855 5399 1956 5453 per

380 5476 562 5540 partes
583 5468 788 5524 editum
820 5484 970 5525 nunc
1002 5469 1182 5526 Photii
1223 5471 1422 5526 librum
1477 5472 1796 5546 theologicae
1824 5475 1954 5529 crisi

376 5563 743 5632 subjiciamus,
773 5563 1018 5634 ejusdem
1062 5564 1118 5618 in
1152 5581 1211 5621 re
1241 5565 1542 5638 theologica
1598 5567 1835 5638 pretium
1878 5583 1942 5623 ac

452 5711 561 5783 (1“)
577 5711 695 5783 Prae
723 5713 938 5768 caeteris
955 5715 1271 5772 nominandi
1298 5724 1426 5770 sunt
1443 5715 1551 5770 Leo
1569 5713 1817 5776 Allatins,
1845 5711 1951 5768 Pe-

380 5782 576 5848 tavius,
642 5782 846 5841 Natalis
875 5783 1204 5854 Alexander,
1253 5784 1610 5855 Maimbourg,
1644 5784 1719 5842 Le
1743 5785 1946 5851 Quien,

2051 4085 2155 4153 bus
2173 4095 2355 4153 denuo
2375 4085 2620 4154 rimanda
2643 4107 2698 4153 et
2735 4085 3152 4169 perscrutanda.

2123 4188 2177 4242 2.
2201 4177 2458 4243 Doctrina
2485 4178 2554 4244 de
2575 4175 2828 4259 Spiritus
2861 4180 3034 4243 sancti
3067 4175 3130 4242 ex
3159 4188 3272 4242 solo
3300 4187 3467 4244 Patre
3506 4189 3646 4258 pro-'

2054 4267 2325 4347 Cessione,
2350 4296 2474 4352 quae
2513 4281 2712 4335 saeculo
2746 4279 3002 4335 Ecclesiae
3039 4282 3259 4350 quarto,
3289 4295 3418 4335 cum
3455 4279 3630 4351 pugna

2056 4387 2181 4426 cum
2209 4372 2611 4428 Mac’edonianis
2638 4367 2898 4439 ferveret,
2917 4373 3163 4428 nandum
3202 4373 3385 4428 fuerat
3426 4372 3630 4434 audita,

2057 4465 2214 4536 cujus
2240 4466 2414 4536 prima
2442 4464 2609 4520 veluti
2644 4467 2851 4521 semina
2883 4481 2946 4522 ac
2965 4467 3192 4538 vestigia
3226 4467 3283 4520 in
3308 4465 3633 4522 Nestoriana

2058 4557 2298 4626 primum
2355 4559 2747 4622 controversia,
2789 4559 2986 4614 deinde
3027 4559 3081 4613 in
3133 4557 3632 4614 concertationibus

2053 4663 2179 4702 cum
2213 4646 2585 4704 Monothelitis
2605 4660 2660 4704 et
2709 4651 3087 4705 lconomachis
3116 4651 3623 4720 deprehenduntur.

2053 4731 2307 4795 Pbotium
2340 4740 2560 4795 demum
2610 4739 2951 4812 praecipuum
3001 4751 3418 4813 propagatorem
3471 4748 3625 4795 nacta

2053 4842 2156 4898 est,
2200 4833 2356 4903 cujus
2391 4832 2659 4887 industria
2693 4849 2802 4887 non
2847 4834 3108 4889 suscitata
3152 4841 3395 4899 tantum,
3440 4846 3626 4886 verum

2053 4924 2217 4978 etiam
2264 4923 2626 4993 undequaque
2695 4925 2932 4994 expolita
2982 4940 3047 4979 ac
3088 4924 3258 4980 veluti
3302 4925 3356 4979 in
3399 4933 3628 4997 systema

2054 5013 2203 5086 [125]
2244 5017 2461 5068 redacta
2493 5013 2615 5068 fuit.
2649 5015 2748 5070 Hic
2775 5015 2920 5069 enim
2949 5024 3055 5079 est,
3086 5016 3163 5070 ait
3192 5015 3342 5087 Hugo
3371 5014 3629 5068 Etheria-

2055 5121 2161 5158 nus
2188 5105 2303 5174 (lib.
2323 5120 2362 5158 Il
2397 5115 2589 5160 contra
2605 5105 2783 5162 Grato.
2801 5123 2850 5161 c.
2871 5095 3116 5166 {6.Bibt.
3136 5107 3250 5161 PP.
3274 5107 3447 5176 Lugd.
3464 5103 3626 5166 XXII,

2054 5211 2108 5266 p.
2136 5195 2293 5264 1250)
2320 5215 2340 5248 ι
2369 5197 2464 5266 qui
2489 5196 3020 5267 pastTheodoritum
3046 5198 3100 5251 in
3128 5212 3376 5267 aequorea
3404 5204 3614 5265 puteun'

2053 5285 2271 5342 fodiens
2297 5302 2484 5352 arena,
2511 5304 2620 5343 non
2651 5290 2882 5356 semina,
2914 5289 3010 5344 sed
3041 5289 3270 5344 Circena
3293 5301 3517 5342 .venena
3543 5298 3626 5338 se-

2055 5378 2310 5449 peliendo
2353 5365 2457 5434 diri
2492 5381 2652 5445 valde
2705 5380 2982 5452 languoris
3027 5379 3154 5436 fidei
3207 5378 3623 5437 christianorum

2058 5487 2220 5526 eausa
2255 5471 2431 5526 factus
2460 5480 2565 5526 est.
2597 5469 2853 5527 Profecto
2888 5473 3036 5527 hunc
3067 5487 3192 5527 cum
3245 5471 3359 5526 suis
3399 5466 3624 5537 compli-

2057 5563 2216 5618 cibus
2265 5563 2512 5632 deplorat
2552 5561 2718 5620 lsaias
2780 5563 3060 5620 dicendo:
3106 5563 3195 5619 Vae
3229 5565 3318 5636 qui
3369 5561 3625 5630 sapientes

2058 5711 2274 5784 Walcb,
2306 5711 2487 5784 Jager,
2536 5709 2736 5784 quibus
2787 5710 3100 5784 addendum
3155 5709 3406 5784 Pitzippii
3437 5716 3610 5778 opus:

2059 5782 2297 5853 L‘lsglise
2317 5781 2594 5849 orientale,
2618 5781 2788 5838 Rome
2819 5781 2980 5838 1855.
