3956 6422
350 448 449 513 401

1043 444 1143 506 DE
1185 443 1247 505 s.
1286 443 1483 505 SPIR.
1525 432 2029 501 MYSTAGOGIA.
2059 463 2130 474 —
2158 420 2909 499 ANIMADVERSIONES.‘

3504 436 3625 500 402⁸

350 571 473 617 sunt
508 560 651 629 apud
701 566 1001 626 semetipsos
1054 538 1104 610 et
1165 557 1221 609 in
1264 554 1430 608 oculis
1486 553 1596 606 suis
1646 554 1928 635 prudentes
1959 556 2004 610 Α
2032 570 2163 626 post
2204 566 2385 622 Ριιοιῑί
2419 567 2652 638 primam
2697 566 3083 637 expulsionem
3120 566 3288 638 (anno
3324 567 3457 638 867)
3501 582 3613 627 non

349 653 487 719 (Isa.
517 669 571 717 v,
606 648 724 719 21).
753 648 851 703 llic
883 648 1007 715 fuit,
1045 658 1104 702 ut
1136 647 1262 702 Joh.
1288 644 1478 700 Beccus
1506 645 1575 713 (s.
1606 632 1838 711 Veccus)
1876 642 1931 695 in

348 754 489 800 orat.
516 742 585 798 de
612 758 707 796 un.
738 740 888 795 Eccl.
925 741 995 811 (c.
1028 738 1117 803 35,
1148 740 1315 795 Gra’c.
1354 739 1557 792 art/md.
1610 736 1773 790 Allat.
1802 742 1843 788 t.
1884 734 1930 799 1,

350 853 409 906 p.
467 834 592 905 154)
650 833 846 904 inquit,
888 834 946 887 '0
986 832 1202 904 πρῶτος
1239 831 1470 901 εὑρετὴς
1508 829 1604 883 καὶ
1652 829 1932 899 γεννήτωρ

349 928 459 980 τῶν
481 926 621 981 κατὰ
641 926 740 996 τῆς
764 925 1081 996 Ῥωμαῖκῆς
1113 923 1439 993 Ἐκκλησίας
1457 920 1670 989 ψευδῶς
1698 922 1932 990 ἐφευρη-

353 1019 533 1087 μένων
564 1018 905 1090 προτάσεων.
941 1016 1219 1083 Quantum
1249 1016 1305 1069 in
1334 1016 1436 1070 hac
1464 1014 1710 1069 doctrina
1760 1012 1932 1066 stabi-

347 1110 532 1165 lienda
554 1110 907 1176 laboraverit,
927 1118 1126 1180 praeter
1148 1106 1635 1178 Amphilochianas
1668 1106 1931 1175 quasdam

349 1203 690 1273 quaestiones
728 1202 797 1257 ad
828 1202 971 1256 hanc
997 1216 1111 1256 rem
1138 1201 1493 1271 pertinentes,
1547 1209 1746 1269 praeter
1774 1213 1935 1269 argu-

349 1304 540 1349 menta
574 1295 629 1349 in
661 1295 892 1366 epistola
915 1293 1190 1364 encyclica
1232 1303 1513 1361 contenta,
1546 1301 1745 1363 praeter
1768 1292 1934 1346 breve

347 1387 683 1458 opusculum
736 1398 925 1442 contra
978 1386 1166 1441 Romae
1219 1386 1421 1441 veteris
1475 1384 1740 1450 asseclas,
1787 1382 1934 1454 quod

347 1477 545 1532 saltem
579 1477 761 1534 dubiis
782 1477 903 1548 ejus
934 1476 1338 1533 accensendum
1363 1484 1449 1531 est
1484 1475 1741 1545 operibus
1789 1473 1935 1542 (vide

352 1567 575 1624 Praefat.
624 1568 916 1640 nostram),
947 1566 1255 1625 luculenter
1297 1567 1600 1622 ostendunt
1656 1574 1771 1620 tum
1803 1581 1935 1635 pro-

351 1659 478 1714 lixa:
531 1654 731 1712 litterae
770 1656 838 1711 ad
892 1654 1300 1726 Aquileiensem
1351 1655 1817 1726 archiepisc0pum
1856 1652 1936 1725 (2)

351 1749 516 1817 datae,
547 1764 684 1819 quas
704 1747 902 1803 librum
928 1747 1109 1816 potius
1133 1762 1257 1802 esse
1286 1746 1434 1801 haud
1480 1746 1755 1800 immerito
1785 1746 1938 1801 dixe-

349 1843 450 1907 ris,
485 1851 542 1897 et
572 1841 666 1912 qui
697 1840 909 1895 exteris
933 1838 1191 1915 omnibus
1213 1847 1455 1911 praestat,
1488 1838 1625 1893 liber
1675 1836 1751 1891 De
1771 1836 1936 1907 Spiri-

349 1944 439 1989 tus
467 1934 644 1989 sancti
677 1933 1031 2004 mystagogia.

420 2026 477 2081 ‘5.
520 2026 731 2081 Invicta
778 2024 988 2079 Nicolai
1038 2022 1060 2078 1
1122 2021 1430 2078 constantia
1475 2019 1554 2093 (5)
1606 2036 1637 2076 a
1688 2016 1935 2076 Romana

344 2118 481 2173 sede
505 2118 756 2189 repulsus
799 2128 855 2173 et
892 2118 1241 2172 anathemate
1268 2102 1553 2187 pereulsus
1586 2108 1672 2185 (C.
1704 2128 1759 2166 a.
1794 2112 1933 2183 866)

350 2209 505 2263 misit
534 2207 763 2264 Photius
795 2208 1126 2280 encyclicam
1158 2223 1311 2261 suam
1342 2206 1586 2261 Orientis
1617 2202 1893 2277 episcopis
1917 2243 1934 2269 ,

344 2314 475 2368 quae
502 2306 702 2369 praeter
733 2298 836 2353 alia
871 2298 1101 2353 minoris
1140 2297 1401 2352 momenti
1435 2297 1648 2352 Latinis
1679 2295 1934 2368 gravissi-

357 2393 465 2450 mis
505 2394 684 2450 verbis
719 2394 889 2449 veluti
932 2392 1303 2463 turpissimam
1336 2392 1572 2447 haeresin
1622 2392 1930 2447 doctrinam

356 2485 502 2539 illam
535 2486 931 2555 exprobrabat,
958 2502 1064 2555 qua
1103 2484 1366 2555 Spiritum
1398 2493 1646 2539 sanctum
1678 2501 1743 2539 ex
1776 2485 1935 2540 Patre

351 2573 507 2649 [126]
526 2578 765 2646 Filioque
788 2579 1087 2649 procedere
1114 2576 1527 2648 profitebantur,
1545 2592 1774 2647 eamque
1800 2594 1934 2648 qua-

348 2668 654 2723 tuordecim
668 2670 887 2726 circiter
898 2669 1233 2740 argumentis
1249 2668 1448 2723 acriter
1464 2669 1933 2741 impugnavit.Sed

350 2760 471 2815 hac
495 2760 674 2815 Photii
707 2771 1029 2833 argumenta
1060 2772 1177 2816 tum
1218 2758 1661 2819 Occidentalibus
1709 2762 1933 2818 minime

346 2850 657 2907 innotuisse
691 2853 946 2908 videntur
988 2854 1100 2925 (4);
1138 2852 1357 2908 nonnisi
1396 2855 1452 2906 in
1485 2870 1670 2925 genere
1706 2869 1941 2929 accusa-j

345 2942 564 2999 tionum
592 2944 770 3015 capita
798 2946 1071 3001 habebant
1096 2957 1381 3017 perspecta
1399 2989 1414 3013 ,
1461 2946 1641 3022 qualia
1670 2962 1703 3001 a
1732 2946 1932 3018 Bulga-

347 3050 537 3091 rorum
567 3037 816 3110 principe
849 3038 1104 3095 Nicolaus
1132 3039 1377 3108 pontifex
1404 3039 1583 3113 fuerat
1621 3055 1685 3094 ea
1717 3041 1929 3096 doctus.

345 3124 493 3181 Sane
534 3126 862 3184 Ratramnus
903 3128 1250 3185 Corbeiensis
1299 3131 1602 3205 monachus
1634 3140 1690 3185 et
1726 3118 1943 3187 Ain-eas?

2034 661 2273 731 amplius
2317 658 2685 713 necessarium
2712 698 2726 722 ,
2783 657 2892 711 imo
2941 657 3260 727 imprudens
3302 648 3610 728 videbatur,

2035 752 2252 808 Graecos
2273 749 2573 805 universim
2600 749 2667 804 de
2687 748 2805 819 ejus
2835 748 3112 804 erroribus
3141 742 3452 821 objurgare,
3478 768 3614 822 quos

2035 843 2310 915 lgnatium
2346 841 2536 896 fovere
2584 840 2734 894 nulla
2767 848 2886 893 erat
2917 839 3197 909 suspicio;
3230 854 3413 910 neque
3454 836 3615 912 legati

2034 936 2099 990 ad
2124 934 2417 991 concilium
2446 942 2697 988 octavum
2727 932 2877 987 missi
2909 932 3041 1002 quid
3070 926 3340 1003 ejusmodi
3370 934 3425 988 in
3460 950 3617 988 man-

2036 1026 2178 1083 datis
2207 1026 2468 1081 habuere.
2501 1023 2852 1079 Postmodum
2880 1039 3014 1079 vero
3045 1039 3171 1078 cum
3198 1014 3415 1096 ignativo
3462 1042 3613 1080 mor-

2035 1128 2132 1175 tuo
2189 1117 2418 1175 Photius
2470 1118 2663 1173 iterum
2724 1104 3383 1187 Constantinopolitauam
3430 1118 3614 1173 sedem

2035 1221 2327 1282 occuparet
2349 1250 2364 1273 ,
2398 1226 2524 1281 pax,
2553 1210 2678 1264 licet
2704 1224 2813 1263 non
2847 1208 3127 1275 duratura,
3156 1206 3319 1281 [12η
3347 1209 3449 1263 fuit
3483 1209 3617 1265 inita

2032 1313 2089 1359 et
2120 1304 2175 1358 in
2208 1302 2426 1374 synodo
2465 1302 2566 1357 sub
2604 1300 2816 1356 Joanne
2863 1299 2983 1356 Vlﬂ'
3009 1316 3062 1355 a.
3093 1292 3197 1356 879
3234 1298 3505 1355 celebrata
3548 1302 3617 1356 de

2036 1394 2125 1451 his
2174 1403 2462 1450 tractatum
2494 1393 2663 1449 fuisse
2710 1394 2864 1449 nullo
2908 1392 3137 1464 vestigio
3164 1390 3613 1463 deprehenditur.

2032 1484 2151 1540 Non
2186 1485 2410 1556 ignoro,
2451 1485 2594 1542 haud
2629 1486 2905 1551 defuisse,
2957 1484 3049 1555 qui
3097 1483 3415 1539 Latinorum
3460 1484 3615 1539 addi-

2034 1578 2238 1633 tionem
2256 1577 2347 1633 ibi
2364 1577 2679 1633 solemniter
2706 1576 3035 1647 prohibitam
3063 1564 3235 1631 fuisse
3258 1576 3579 1631 allirmarint
3598 1570 3629 1643 ς’

2034 1686 2245 1733 verum,
2261 1686 2329 1725 re
2348 1656 2656 1726 accuratius
2675 1677 2982 1740 perspecta,
3009 1668 3066 1724 id
3088 1668 3304 1724 defendi
3320 1684 3429 1723 non
3456 1684 3617 1738 posse

2033 1759 2243 1831 liquido
2275 1768 2524 1823 constat,
2573 1768 2634 1813 ut
2689 1759 2844 1813 multi
2884 1758 2987 1813 viri
3026 1757 3173 1813 docti
3226 1758 3338 1829 jam
3386 1758 3617 1813 demon-

2008 1860 2300 1925 Vstrarunt.
2341 1849 2570 1905 Photius
2616 1849 2732 1919 ipse
2765 1850 2818 1903 in
2853 1849 2997 1903 libro
3022 1848 3390 1921 nostro.(cap.
3427 1848 3521 1918 89)
3551 1864 3617 1902 ex

2039 1943 2141 1998 hac
2165 1942 2389 2013 synodo,
2425 1943 2582 2011 cujus
2630 1943 2751 2013 ips’e
2790 1942 2960 1997 veluti
2998 1942 3181 1997 anima
3215 1951 3281 1997 et
3307 1942 3619 1997 moderator

2038 2034 2338 2097 exstiterat,
2366 2035 2596 2089 nullum
2620 2035 2765 2089 aliud
2802 2050 2902 2105 pro
2928 2049 3095 2089 causa
3127 2049 3224 2088 sua
3253 2033 3429 2104 potuit
3455 2032 3616 2104 argu-

2037 2135 2282 2181 mentum
2322 2126 2609 2198 col1igere,
2652 2126 2755 2180 nisi
2804 2126 2951 2196 quod
3005 2125 3234 2180 Joannis
3264 2140 3418 2195 papae
3455 2126 3617 2196 legati

2037 2218 2341 2290 symbolum
2375 2219 2554 2288 prisco
2584 2233 2734 2273 more
2782 2217 3128 2288 receperint,
3159 2217 3510 2271 recitaverint
3535 2216 3617 2271 ci-

2036 2326 2143 2382 quc
2173 2309 2629 2379 subscripserint;
2681 2310 2941 2380 nulloque
2980 2319 3253 2380 praeterea-
3277 2319 3427 2363 oerto
3453 2325 3617 2379 argu-

2036 2415 2222 2459 mento
2265 2411 2518 2464 constat.
2571 2402 2741 2471 ipsam
2795 2410 2926 2457 tunc
2973 2384 3270 2457 [tertianam
3319 2399 3615 2456 Ecclesiam

2036 2495 2342 2566 symbolum
2373 2497 2692 2550 solemniter
2718 2508 2851 2551 cum
2878 2493 2970 2549 illo
2993 2493 3364 2550 additamento
3384 2491 3617 2547 recitare

2034 2588 2408 2653 consuevisse,
2447 2589 2604 2658 cujus
2634 2597 2818 2643 tamen
2852 2587 3207 2643 additamenti
3240 2601 3461 2642 sensum
3502 2593 3616 2640 tota

2034 2690 2219 2736 mente
2252 2681 2703 2752 amplectebatur.
2722 2681 2872 2746 Quae
2900 2680 3131 2735 Photius
3158 2680 3217 2750 (l.
3246 2679 3324 2748 c.)
3356 2679 3429 2733 de
3448 2674 3615 2733 Joan-

2034 2788 2105 2828 ne
2148 2773 2270 2829 VIII
2318 2772 2545 2839 scribit,
2574 2789 2638 2829 ea
2682 2774 2739 2828 in
2789 2773 3018 2828 bistoria
3064 2786 3254 2827 eorum
3310 2779 3620 2841 temporum

2034 2867 2181 2922 baud
2212 2866 2393 2939 exigui
2425 2866 2883 2931 momentisunt;
2918 2881 3021 2921 nos
3053 2864 3271 2919 interim
3303 2861 3430 2917 Joh.
3460 2861 3618 2915 Becr-i

2034 2958 2201 3033 verba
2231 2957 2585 3024 adducemus,
2612 2972 2733 3027 quae
2764 2944 3051 3011 recitatum
3077 2952 3229 3007 hunc
3254 2959 3461 3033 textum
3487 2949 3617 3003 sub-

2035 3059 2367 3127 sequuntur.
2395 3067 2414 3101 ι
2454 3048 2581 3104 Hzec
2613 3047 3060 3127 cumoinveniant
3087 3032 3343 3100 Photium
3370 3041 3619 3098 scriben-

2036 3138 2145 3197 tem
2194 3124 2255 3196 hi
2295 3124 2623 3212 quibuscum
2676 3126 2837 3197 nobis
2888 3154 3069 3196 sermo
3121 3146 3241 3202 est,
3297 3136 3616 3207 opinantur,

345 3217 579 3299 antistes
605 3218 927 3293 Parisiensis
952 3261 968 3287 ,
1011 3222 1105 3291 qui
1142 3230 1273 3277 tunc
1313 3232 1503 3299 contra
1536 3205 1761 3278 Graecos
1792 3224 1931 3280 scri-
1957 3235 2005 3302 c
2034 3232 2212 3302 ipsum
2243 3205 2557 3287 inimicitias
2576 3245 2866 3301 cumepace
2884 3237 3275 3291 commutasse,
3297 3205 3441 3296 quod
3464 3240 3639 3296 papae:

346 3324 532 3379 psere,
559 3311 691 3366 illud
716 3327 885 3366 unum
915 3322 1205 3379 noverant,
1232 3329 1357 3387 qua:
1381 3313 1438 3368 in
1462 3312 1684 3370 Latinos
1703 3315 1933 3370 crimina

344 3400 524 3455 Graeci
549 3402 969 3474 congessissent,
992 3400 1351 3473 probationes
1375 3402 1933 3477 ratiocinationesque

344 3489 533 3545 Photii
564 3492 786 3562 penitus
818 3492 1178 3561 ignorabant,
1230 3510 1366 3566 quas
1393 3498 1574 3566 neque
1605 3495 1744 3552 alius
1784 3496 1935 3566 quis-

344 3599 515 3653 quam
549 3582 902 3650 Latinorum,
952 3600 1131 3655 neque
1163 3585 1279 3657 ipse
1307 3584 1560 3642 Nicolaus
1587 3586 1803 3643 videtur
1834 3603 1933 3643 no-

345 3676 500 3732 visse
532 3677 633 3747 (5),
660 3692 729 3732 ex
750 3676 907 3747 cujus
933 3678 1178 3748 epistolis
1208 3678 1284 3734 illi
1315 3694 1444 3735 suas
1479 3680 1701 3735 notitias
1732 3681 1932 3736 hause-

346 3778 497 3824 rant.
547 3768 881 3825 Ratramnus
913 3769 1055 3825 inter
1092 3770 1196 3825 alia
1242 3771 1435 3826 scribit
1478 3770 1595 3838 (lib.
1643 3788 1703 3826 ιιι
1738 3770 1935 3827 Contra

346 3860 668 3919 Griecarum
706 3864 976 3935 opposita,
1007 3879 1058 3918 c.
1089 3863 1154 3931 6;
1179 3862 1374 3931 MIGNE,
1404 3875 1445 3918 t.
1478 3861 1665 3927 CXXI,
1684 3881 1739 3935 p.
1764 3865 1891 3931 505)
1917 3882 1932 3921 :

352 3974 374 4007 ‹
415 3954 550 4010 Cum
581 3956 730 4011 enim
765 3970 965 4025 negare
995 3956 1186 4010 volunt
1223 3954 1453 4025 (Graeci)
1488 3953 1753 4025 Spiritum
1807 3940 1935 4011 san;

345 4056 504 4103 ctum
529 4047 597 4103 de
629 4046 767 4102 Filio
790 4046 1100 4118 procedere
1124 4089 1139 4112 ,
1172 4048 1309 4101 unde
1330 4038 1467 4117 quod
1488 4046 1671 4099 dicunt
1692 4063 1934 4116 compro-

344 4141 503 4209 bent,
553 4141 759 4196 nullam
799 4140 880 4195 vel
921 4142 1383 4195 ratiocinationem
1430 4140 1511 4195 vel
1559 4143 1935 4196 auctoritatem

344 4235 669 4301 ostendunt;
697 4234 845 4289 unde
866 4233 1047 4306 potius
1080 4222 1316 4289 levitatis
1347 4248 1471 4288 esse
1496 4242 1675 4290 tumor
1696 4234 1933 4302 videtur,

342 4326 855 4397 quamprudentiae
883 4326 1140 4397 gravitas.
1178 4344 1198 4377 ι
1230 4325 1349 4380 Νοη
1380 4325 1558 4396 potuit
1582 4341 1715 4381 sane
1748 4326 1819 4380 ita
1853 4326 1935 4382 lo-

343 4420 476 4491 qui,
524 4421 618 4490 qui
670 4418 852 4475 Photii
900 4420 1230 4490 encyclicam
1289 4418 1461 4489 ipsam
1509 4419 1736 4489 legerat.
1794 4418 1937 4474 Hinc

341 4518 598 4580 apertum
631 4520 746 4572 est,
780 4525 879 4564 cur
905 4517 1158 4564 accurata
1178 4507 1573 4563 Photianorum
1601 4509 1938 4580 syllogismo-

341 4615 473 4654 rum
516 4600 819 4656 confutatio
845 4601 914 4656 ab
942 4601 1030 4657 his
1069 4600 1388 4657 auctoribus
1430 4600 1623 4658 confici
1653 4601 1799 4658 haud
1833 4616 1934 4671 po:
1968 4601 2010 4657 D

345 4691 549 4755 tuerit;
596 4691 718 4747 illos
744 4693 797 4746 in
831 4690 1081 4747 Latinum
1109 4706 1419 4747 semionen:
1457 4692 1749 4747 translatos
1769 4691 1937 4748 fuisse

340 4780 561 4834 nullum
590 4790 678 4835 est
696 4781 1010 4852 vestigium.
1030 4779 1273 4835 Rursum
1298 4780 1354 4835 in
1383 4779 1607 4835 Oriente
1627 4778 1933 4847 Ratramni,

342 4866 542 4927 lineae
571 4870 913 4941 aliorumque
949 4870 1073 4927 libri
1102 4870 1189 4926 vix
1219 4871 1422 4944 cogniti
1450 4870 1624 4926 fuisse
1658 4871 1934 4928 videntur.

281 5061 293 5070 '
349 5118 372 5122 _
424 5047 501 5119 (2)
529 5048 583 5122 ls
615 5049 934 5122 Ealpertus
961 5050 1143 5122 fuisse
1164 5051 1402 5113 videtur,
1442 5052 1510 5107 ad
1541 5065 1705 5122 quem
1733 5066 1823 5121 ep.
1865 5052 1936 5107 48

341 5118 592 5194 Joannis
619 5118 759 5194 Vlll'
791 5121 982 5194 (mansi
1026 5120 1294 5194 Xlll,_45,
1330 5122 1422 5194 44)
1475 5118 1698 5194 directa,
1750 5118 1937 5194 fugitet

332 5191 440 5244 cui
479 5190 683 5260 pariter
708 5190 1032 5261 inseriptum
1056 5203 1139 5246 est
1173 5190 1530 5318 FrangeRi.
1551 5192 1818 5262 Stephani
1866 5190 1932 5256 V,

340 5276 407 5333 az
436 5261 531 5315 891
590 5261 816 5333 (hircus,
838 5271 881 5316 t.
910 5261 1148 5333 CXXIX,
1179 5279 1214 5333 p
1268 5262 1416 5331 805).
1518 5265 1605 5319 ide
1643 5279 1709 5317 ne
1735 5261 1936 5319 Ruusts

338 5301 1214 5403 310733;;‘EL‘Ei'fAZuiii'iéﬁéf
1242 5301 1416 5397 ᾒῖῐίξ
1434 5301 1498 5403 μ’
1518 5301 1650 5388 "iis:

284 5418 287 5419 ν
424 5401 501 5470 (3)
533 5400 746 5474 Saeculo
778 5400 965 5474 elapso
994 5402 1275 5474 Nicolaum
1294 5447 1311 5470 ,
1353 5415 1416 5459 ut
1438 5400 1583 5459 alios
1612 5403 1896 5474 pontiﬁces
1916 5443 1931 5467 .

341 5485 462 5543 non
490 5472 666 5543 solum
697 5473 983 5528 acatholici
1016 5473 1344 5543 scriptores,
1378 5490 1565 5529 verum
1600 5472 1657 5529 et
1683 5475 1935 5529 nonnulli

342 5541 494 5595 male
526 5542 773 5616 dispositi
802 5544 1086 5616 catholici,
1114 5541 1263 5616 inter
1284 5559 1423 5616 quos
1455 5543 1758 5616 Fontanius
1788 5545 1934 5616 (Dis-

342 5621 478 5665 sert.
508 5613 595 5685 __de
644 5612 800 5685 P_hot.
846 5614 897 5667 in
946 5612 1493 5685 Novterudfdelic.
1542 5615 1651 5669 vol.
1716 5612 1810 5685 I),
1875 5616 1932 5670 in

344 5682 559 5756 agendi
594 5682 804 5756 ratione
850 5693 1039 5738 contra
1086 5683 1341 5756 Photiqu
1391 5685 1593 5752 injuste
1627 5682 1936 5756 vituperare

347 5751 698 5825 adamabant.
727 5752 923 5825 _[_.onge
950 5757 1155 5825 rectius
1198 5756 1300 5811 hac
1332 5755 1403 5825 in
1426 5751 1485 5810 re
1520 5751 1789 5825 judicavit
1829 5772 1933 5810 sm-

346 5820 476 5874 culo
501 5832 691 5878 nostro
717 5820 973 5898 yean'der
1001 5825 1060 5898 in
1109 5824 1251 5882 Hist.
1299 5824 1424 5880 εισι.
1474 5820 1555 5897 (ἱ.
1596 5825 1686 5895 ιν,
1716 5843 1773 5898 p.
1803 5826 1930 5893 607,

350 5901 595 5954 praised.
629 5908 686 5947 n.
717 5894 751 5950 3
779 5903 835 5950 et
866 5894 1040 5967 alias).

2032 3323 2261 3380 Joannis
2289 3325 2366 3396 pii
2402 3324 2581 3379 locum
2622 3332 2875 3379 tenentes
2914 3323 3120 3391 absque
3159 3318 3454 3384 additione,
3473 3315 3622 3387 quod

2033 3415 2178 3487 apud
2211 3432 2311 3472 nos
2345 3415 2543 3488 legitur
2583 3409 3358 3487 symbolum-subscripserint
3391 3419 3446 3463 et
3469 3408 3633 3463 01ιεί-
3668 3400 3673 3404 “

2034 3509 2320 3579 gnaverint
2354 3506 2452 3578 (6).
2501 3504 2619 3561 Hoc
2664 3518 2797 3561 vero
2838 3519 3003 3559 nemo
3022 3519 3097 3558 ex
3136 3502 3223 3567 iis,
3255 3501 3346 3572 qui
3375 3500 3444 3555 ad
3479 3500 3627 3555 bene

2035 3600 2451 3670 conjectandum
2496 3598 2678 3654 idonei
2728 3606 2900 3664 sunt,
2937 3595 3230 3652 facile-sibi
3281 3593 3621 3649 credendum

2036 3691 2416 3764 proposuerit,
2449 3706 2574 3747 cum
2614 3704 2776 3762 neque
2807 3688 3109 3760 dogmatica
3160 3685 3275 3741 ulla
3312 3687 3532 3758 quiestio
3564 3686 3622 3738 in

2036 3802 2097 3839 ea
2133 3785 2363 3854 synodo,
2409 3798 2530 3853 qua:
2564 3798 2662 3853 pro
2689 3797 2823 3853 pace
2850 3780 3144 3836 sancienda
3173 3788 3361 3834 coacta
3403 3777 3581 3832 fuerat
3602 3815 3636 3841 ,_

2035 3862 2333 3947 reperiatur
2360 3884 2539 3942 mota;
2569 3875 2664 3930 sed
2690 3890 2833 3929 vera:
2858 3889 3039 3929 causa;
3063 3872 3195 3927 illud
3221 3880 3339 3927 erat
3374 3870 3622 3926 occulta—

2038 3969 2133 4033 tio,
2165 3968 2467 4024 secundum
2495 3983 2655 4039 quam
2671 3981 2796 4021 cum
2820 3966 3079 4020 universa
3106 3966 3349 4020 Romana
3373 3961 3635 4018 Ecclesia

2035 4064 2338 4118 simultates
2389 4078 2455 4117 ac
2503 4059 2804 4115 inimicitiae
2860 4056 3060 4113 Photio
3113 4065 3319 4112 exorta:
3380 4053 3622 4109 fuerant.

2035 4152 2171 4208 Cum
2208 4151 2353 4206 enim
2387 4157 2691 4214 vereretur,
2736 4163 2808 4203 ne
2836 4146 3082 4201 omnium
3137 4142 3622 4215 reprehensionem

2036 4244 2362 4309 incurreret,
2399 4241 2565 4313 quod,
2609 4256 2735 4296 cum
2771 4255 2912 4311 papa
2942 4232 3197 4294 Nicolaus
3223 4251 3348 4293 eum
3378 4251 3491 4291 non
3527 4234 3623 4289 ad-

2037 4336 2301 4403 mitteret,
2340 4333 2498 4409 [128]
2544 4334 2843 4389 Romanam
2891 4331 3197 4387 Ecclesium
3225 4329 3539 4411 universam
3565 4328 3623 4383 in

2037 4426 2386 4485 Divinitatem
2439 4426 2735 4497 injuriam,
2784 4424 3009 4494 impiam
3057 4432 3114 4479 et
3162 4422 3342 4494 legum
3388 4421 3622 4476 maxime

2036 4520 2533 4594 praevaricatricem
2562 4526 2940 4590 nuncuparet;
2973 4524 3029 4572 et
3056 4531 3180 4572 cum
3216 4529 3355 4587 papa
3382 4514 3623 4570 Joannes

2038 4616 2159 4685 ejus
2185 4616 2239 4671 in
2273 4615 2693 4686 patriarchalem
2735 4616 2989 4670 thronum
3021 4608 3356 4667 restitutioni
3385 4621 3622 4664 consen-

2037 4721 2159 4762 sum
2186 4707 2529 4778 praabuisset,
2552 4707 2804 4761 eamdem
2827 4714 3072 4762 sanctam
3101 4711 3159 4759 et
3203 4700 3424 4773 pietatis
3448 4699 3621 4771 magi-

2036 4806 2206 4853 stram
2234 4798 2584 4869 przedicaret;
2623 4813 2722 4870 pro
2751 4812 2884 4868 pace
2912 4810 3038 4851 cum
3058 4792 3272 4849 Joanne
3302 4792 3439 4847 inita
3463 4789 3623 4861 quasi

2036 4888 2339 4961 apologiam
2398 4897 2696 4945 contexens
2726 4928 2743 4954 ,
2805 4903 2904 4959 per
2950 4900 3081 4942 suos
3138 4883 3322 4940 locum
3365 4891 3622 4938 tenentes

2107 5062 2186 5135 (4)
2217 5062 2389 5137 Aliter
2410 5062 2720 5137 Walchium
2745 5060 3246 5137 (Histtcontrogde
3262 5074 3407 5137 prae.
3430 5055 3618 5128 Spirit.

2034 5130 2208 5191 sanet.
2248 5134 2410 5203 leuat,
2453 5136 2614 5203 1751,
2660 5151 2711 5191 c.
2752 5130 2870 5207 ’λς
2900 5133 2955 5201 6,
2986 5149 3043 5205 p.
3073 5132 3179 5203 55)
3210 5130 3472 5188 statuisse
3516 5142 3617 5198 ap-

2075 5212 2212 5260 aret.

2036 5220 2301 5348 Ρ
2335 5275 2615 5348 Hincmar.
2657 5275 2821 5348 Rem.
2842 5347 2848 5348 ί
2872 5274 3163 5348 epist_.__5i,
3197 5283 3239 5329 t.
3273 5271 3314 5326 ιι
3338 5312 3353 5336 ,
3381 5293 3438 5348 ι).
3455 5276 3577 5348 7809
3601 5318 3617 5342 ,

2035 5344 2127 5418 ed.
2174 5346 2357 5418 Balua.
2385 5344 2761 5418 Nicol.dl_,_ep.
2792 5346 2862 5418 70
2900 5344 2971 5402 ad
3001 5344 3279 5401 Hincmar.
3307 5344 3400 5401 ed:
3422 5347 3614 5413 hircus,

2036 5415 2196 5489 epist.
2229 5415 2353 5489 152,
2384 5425 2423 5470 t.
2454 5414 2823 5489 (3111ξέἿῖὗὲ
2842 5433 2959 5489 seq.

2106 5485 2184 5555 (6)
2228 5484 2350 5558 Lib_.
2381 5502 2463 5558 nr,
2490 5488 2559 5542 ad
2581 5488 2792 5543 Theod.
2815 5503 2867 5545 c.
2897 5484 2937 5543 4'
2962 5486 3082 5558 (Gr.
3107 5486 3242 5558 orth.
3269 5485 3332 5552 Il,
3358 5502 3420 5558 p.
3444 5484 3571 5558 139)
3599 5506 3612 5540 :

2036 5555 2261 5629 Oiovrat
2285 5556 2384 5629 τῆς
2419 5556 2620 5627 ἔχθρας
2667 5555 3045 5629 τὴννεὶρήνήν
3087 5557 3250 5629 αὐτὸν
3293 5555 3611 5629 dii-eandid-

2039 5624 2182 5687 σθαι,
2214 5626 2277 5679 τὺ
2309 5624 2399 5681 διὰ
2440 5624 2569 5692 eos;
2599 5628 2694 5682 τοῦ
2723 5624 2889 5683 arena
2922 5624 3181 5683 ’Ἰὼᾶννου
3218 5625 3491 5688 θεοσεσεῖς
3522 5641 3615 5677 το-

2037 5697 2353 5769 ποτηρητὰς
2389 5697 2449 5769 ἐδ
2479 5697 2603 5769 δίχα
2629 5700 2730 5769 τῆς
2758 5699 3080 5769 προσθήκης
3105 5696 3623 5769 ἀναγιγνῳσκόμενονι

2037 5716 2353 5767 ποτηρητας
2389 5716 2449 5750 το
2479 5716 2603 5820 ansa.
2629 5716 2730 5769 της
2758 5716 3080 5769 προσνηκης
3105 5716 3623 5764 αναγινωσκομενονι

2035 5767 2165 5836 παρ’
2197 5768 2329 5837 ἡμῖν
2362 5767 2462 5838 τῆς
2504 5785 2545 5819 π
2571 5785 2741 5835 erant;
2772 5769 3040 5840 σύμσολον
3070 5766 3384 5839 ὑπογράψαι
3426 5781 3487 5821 τι
3520 5765 3623 5823 καὶ

2036 5837 2575 5908 ἐπισφραγίσασθαι.
