3956 6446
390 399 501 466 403

1533 409 1796 473 ΡΗΟΤΙΙ
1836 410 2335 476 ΡΑΤΒΙΑΒΟΗᾸΞ
2366 415 2473 474 CP.

3520 420 3620 484 404

387 510 652 567 Joannem
697 511 972 582 accepisse
1016 512 1316 584 symbolum
1338 555 1352 578 ,
1383 523 1439 570 et
1471 523 1654 569 mente
1682 527 1736 570 et
1775 516 1958 586 lingua
1984 520 2037 578 Α
2059 519 2465 588 Aquileiensem
2531 521 2840 592 praesulem,
2884 529 2944 578 ut
2988 521 3056 576 de
3099 525 3358 592 opusculo
3392 527 3614 588 breviori

387 614 444 659 et
481 603 654 659 sacris
682 603 1168 662 illustrissimorum
1207 615 1261 660 et
1292 606 1736 661 admirandorum
1778 608 1956 662 homi-

388 710 520 752 num
553 696 806 750 manibus
834 696 1222 766 subscripsisse
1252 697 1678 767 obsignasseque
1705 698 1957 757 inculcat.

388 786 502 844 Hoc
526 795 709 843 autem
745 786 834 842 isti
862 787 934 843 ita
963 786 1264 857 perfecere,
1291 788 1418 861 quia
1444 797 1500 846 et
1523 789 1614 859 qui
1646 798 1773 848 ante
1797 789 1962 844 Joan-

387 893 512 942 nem
558 894 754 948 papam
798 878 1099 938 Romanam
1132 881 1316 934 sedem
1348 887 1644 945 ornarunt,
1700 880 1806 934 hoc
1833 894 1960 934 san-

384 977 532 1024 ctum
547 977 602 1024 et
614 971 817 1038 pietate
833 969 1050 1039 plenum
1069 969 1462 1039 profitebantur
1475 970 1798 1041 symbolum,
1815 971 1958 1039 quod

383 1060 549 1116 etiam
579 1061 674 1130 qui
709 1069 830 1131 post
855 1076 982 1116 eum
1010 1062 1078 1116 ad
1108 1061 1226 1116 haec
1261 1077 1438 1130 usque
1469 1072 1711 1130 tempora
1739 1076 1958 1119 succes-

383 1168 503 1209 sere
521 1195 536 1220 ,
559 1163 616 1208 et
641 1163 824 1209 mente
849 1155 1251 1224 amplectuntur
1275 1163 1330 1210 et
1356 1154 1538 1224 lingua
1567 1153 1955 1222 depraedicant.

382 1243 450 1305 Et
477 1245 681 1300 dictum
713 1260 894 1305 meum
934 1245 1330 1304 demonstrabit
1360 1244 1776 1315 Evangeliorum
1809 1244 1956 1300 nulla

381 1337 521 1394 facta
550 1337 908 1394 commutatio
929 1377 944 1401 ,
989 1346 1045 1395 et
1078 1338 1260 1395 omnia
1303 1336 1525 1390 Patrum
1560 1336 1758 1405 scripta
1782 1376 1798 1402 ,
1837 1351 1958 1406 qua“l

383 1427 644 1498 Spiritum
672 1427 897 1488 tradunt
916 1443 984 1488 ex
1009 1427 1166 1484 Patre
1191 1427 1479 1499 procedere
1503 1435 1556 1481 et
1575 1427 1778 1495 absque
1808 1426 1957 1481 addi-

381 1519 530 1576 tione
560 1519 702 1590 apud
725 1535 820 1575 eos
849 1520 1104 1592 leguntur
1144 1529 1306 1588 atque
1333 1519 1632 1589 probantur
1665 1517 1767 1587 (7).
1802 1536 1820 1568 ι
1857 1517 1957 1573 De-

380 1628 530 1668 mum
563 1611 830 1682 ejusmodi
867 1612 1044 1672 fucata
1076 1627 1210 1682 pace
1236 1623 1394 1682 rupta
1440 1626 1550 1668 non
1597 1611 1776 1682 potuit
1801 1609 1955 1683 [l29]

379 1705 606 1768 Photius
635 1705 737 1760 sibi
773 1714 1096 1775 temperare,
1123 1704 1416 1774 quominus
1444 1702 1624 1757 denuo
1653 1702 1796 1758 hanc
1821 1718 1955 1756 oon-

381 1797 701 1854 troversiam
724 1797 1092 1862 resuscitaret;
1116 1796 1226 1854 imo
1242 1811 1395 1850 suam
1415 1793 1725 1862 opinionem
1748 1792 1954 1847 tenaci-

383 1897 464 1943 ter
477 1888 622 1944 fovet
643 1897 698 1946 et
722 1889 847 1950 licet
879 1887 1149 1948 Romanos
1167 1887 1450 1956 pontiﬁces
1469 1885 1692 1940 Nicolao
1722 1893 1952 1955 excepto

379 1996 728 2051 earperenon
755 1981 1004 2045 auderet,
1025 1994 1215 2034 verum
1239 1979 1420 2048 potius
1437 1977 1505 2038 ab
1524 1977 1609 2033 eis
1639 1992 1750 2031 suae
1774 1990 1952 2030 causa:

377 2070 742 2141 patrocinium
769 2078 1005 2140 peteret,
1049 2068 1451 2132 Occidentales,
1479 2083 1616 2138 quos
1642 2076 1827 2138 posset
1848 2107 1862 2129 ,
1895 2067 1950 2120 in

376 2177 495 2224 eam
547 2162 762 2220 traliere
801 2160 1027 2221 studuit.
1075 2160 1338 2221 Consulto
1379 2168 1581 2225 tamen,
1616 2159 1696 2213 uti
1723 2157 1953 2216 Hadria-

376 2270 508 2316 num
539 2252 614 2318 ll,
657 2255 730 2309 ita
762 2263 815 2312 et
857 2254 1121 2308 Marinum
1168 2251 1482 2323 pontificem
1521 2268 1631 2307 non
1667 2253 1948 2315 nominat,

375 2361 659 2402 censuram
680 2345 748 2406 ab
767 2355 996 2415 utroque
1017 2343 1121 2401 sibi
1154 2342 1410 2398 inflictam
1443 2352 1606 2407 tacet.
1642 2359 1800 2401 suum
1825 2359 1949 2398 cum

375 2434 619 2494 Romana
661 2437 904 2494 Ecclesia
937 2437 1107 2506 jactat
1150 2451 1500 2496 consensum.
1553 2435 1755 2491 Verum
1793 2453 1951 2494 resu-

373 2530 566 2585 scitata
600 2545 630 2584 a
665 2528 857 2589 Photio
891 2528 1120 2596 quaestio
1146 2537 1258 2584 tum
1283 2529 1423 2599 apud
1455 2527 1675 2588 Latinos
1709 2527 1798 2582 vix
1825 2545 1950 2584 eum

374 2621 429 2684 in
458 2620 680 2676 modum
713 2621 982 2684 innotuit,
1011 2619 1100 2690 qui
1126 2620 1190 2674 ad
1216 2619 1540 2675 artificiosas
1565 2620 1683 2689 ejus
1713 2619 1951 2676 rationes

374 2711 689 2768 refutandas
716 2727 810 2767 eos
837 2720 1193 2782 provocaret;
1225 2726 1287 2765 ac
1320 2711 1449 2766 licet
1481 2711 1594 2780 jam
1625 2721 1740 2768 tum
1771 2711 1950 2774 Vene-

373 2801 508 2860 tiani
529 2819 653 2859 cum
685 2803 995 2875 Byzantinis
1026 2803 1294 2874 frequenti
1326 2803 1662 2861 commercio
1689 2803 1950 2859 conveni-

373 2903 500 2956 rent
525 2894 622 2966 (8),
649 2903 831 2956 tamen
861 2906 984 2973 post
1007 2896 1270 2953 Joannem
1296 2895 1412 2950 Vlll
1461 2911 1636 2967 usque
1658 2897 1724 2951 ad
1752 2896 1951 2956 Leonis

374 2986 647 3055 Sapientis
684 2988 970 3058 imperium
1001 3006 1069 3044 ex
1115 2989 1257 3044 tristi
1292 2999 1601 3059 temporum
1633 2989 1949 3046 conditione

373 3079 729 3135 Orientalium
760 3079 1302 3152 Occidentaliumque
1331 3083 1753 3138 communicatio
1776 3083 1950 3160 magis

373 3171 654 3241 magisque
685 3173 994 3244 languebat,
1019 3176 1156 3230 adeo
1186 3186 1244 3230 ut
1272 3186 1469 3246 praeter
1494 3193 1610 3243 eos,
1640 3194 1779 3248 quos
1811 3179 1948 3234 Pho-

373 3265 483 3324 tius
525 3265 582 3320 in
617 3281 770 3321 suam
801 3281 1010 3338 partem
1048 3270 1318 3326 alliciebat
1339 3312 1354 3335 ,
1389 3271 1674 3342 episcopos
1698 3271 1774 3342 (9)
1802 3271 1950 3330 haud

374 3360 529 3420 multi
558 3360 676 3430 ejus
701 3362 985 3420 conamina
1010 3364 1228 3419 novisse
1261 3363 1567 3418 videantur.
1607 3363 1948 3435 Deploranda

373 3467 508 3508 sane
554 3452 1005 3513 documentorum
1054 3456 1322 3526 penuria,
1356 3470 1478 3525 qum
1531 3455 1720 3512 ultima
1773 3455 1955 3518 Photii

375 3555 620 3615 tempora
649 3545 834 3601 densis
869 3547 1033 3605 veluti
1069 3547 1309 3606 tenebris
1335 3548 1588 3608 offundit.

446 3636 500 3692 4.
541 3636 648 3692 Sed
688 3637 819 3707 quid
849 3636 1026 3696 Latini
1062 3640 1405 3709 potissimum
1436 3640 1503 3696 ad
1551 3639 1955 3698 defendendum

375 3724 568 3794 dogma
601 3725 669 3783 de
693 3727 1044 3796 processione
1077 3727 1313 3799 Spiritus
1339 3728 1510 3787 sancti
1551 3744 1616 3783 ex
1649 3729 1788 3784 Filio
1825 3744 1956 3800 pro-

371 3824 674 3885 ponerent,
717 3816 771 3872 id
810 3817 1119 3873 nullatenus
1151 3819 1240 3878 diu
1285 3820 1461 3890 potuit
1494 3820 1749 3876 Photium
1786 3821 1957 3878 latere

376 3915 433 3962 et
475 3906 852 3976 quadantenus
919 3924 1042 3979 quae
1093 3908 1374 3972 Ratramni
1423 3911 1763 3982 aliorumque
1827 3913 1952 3969 libri

377 3999 754 4062 continebant,
786 3998 834 4058 si
858 4017 971 4063 non
993 4001 1234 4066 aliunde,
1267 4018 1398 4058 sane
1431 4019 1499 4059 ex
1527 4004 1792 4075 epistolis,
1818 4021 1955 4076 quas

378 4089 545 4147 etiam
589 4105 658 4146 ex
703 4090 1144 4153 Occidentalibus
1174 4093 1327 4167 [130]
1351 4096 1599 4166 partibus
1641 4095 1958 4169 frequentes

379 4180 702 4251 accipiebat,
738 4182 905 4253 p'robe
933 4185 1106 4241 novit.
1135 4184 1387 4244 Fortasse
1413 4195 1470 4242 et
1490 4199 1678 4258 postea
1701 4205 1807 4244 una
1828 4205 1956 4250 cum

369 4271 470 4344 phis
513 4273 762 4343 epistolis
807 4275 931 4335 libri
990 4277 1068 4332 illi
1116 4273 1316 4335 Photio
1363 4279 1517 4336 missi
1551 4281 1867 4338 sunt.Hinc
1897 4283 1955 4338 in

379 4365 778 4436 posterioribus
803 4367 884 4422 de
918 4368 1023 4428 hac
1055 4369 1355 4440 quaestione
1397 4370 1640 4442 scriptis,
1675 4371 1734 4427 in
1764 4387 1852 4445 ep.
1889 4372 1957 4430 ad

2061 611 2205 680 apud
2262 611 2612 682 Euthymium
2667 622 2966 677 taceamus,
3024 615 3196 670 multo
3225 633 3352 672 vero
3377 622 3536 690 magis
3571 625 3621 679 iu

2062 709 2296 757 tractatu
2353 703 2422 756 de
2455 701 2692 773 Spiritus
2736 705 2908 759 sancti
2963 707 3294 777 mystagogia
3327 709 3394 762 ad
3422 725 3484 764 ea
3511 728 3625 781 quae

2060 793 2271 862 potiora
2338 793 2444 849 sibi
2503 795 2830 851 videbantur
2860 796 3084 866 respicit
3115 797 3434 853 Latinorum
3466 816 3618 872 argu-

2061 888 2243 934 menta
2271 891 2327 936 ct
2356 882 2470 937 suis
2520 883 3080 941 demonstrationibus
3105 901 3294 941 eorum
3351 889 3626 947 refutatio-

2058 988 2186 1027 nem
2239 972 2597 1030 intermiscet.
2644 976 2911 1033 Praeclare
2939 988 3168 1034 noverat
3217 979 3435 1037 Latinos
3478 983 3629 1039 inniti

2059 1063 2356 1118 Bibliorum
2411 1067 2761 1133 testimoniis,
2815 1083 2880 1124 ac
2946 1070 3290 1139 potissimum
3333 1069 3489 1126 Joan.
3521 1090 3628 1139 xvi,

2063 1153 2452 1219 15-15;Galat.
2480 1172 2553 1222 ιν,
2578 1156 2642 1222 6;
2676 1156 2831 1212 Rom.
2855 1173 2975 1223 νιιι,
3005 1159 3060 1224 9,
3094 1169 3149 1214 et
3168 1176 3392 1216 suorum
3415 1161 3627 1218 Patrum

2057 1247 2391 1313 auctoritati,
2425 1249 2659 1303 maxime
2688 1249 2982 1317 Ambrosii,
3001 1251 3472 1325 Augustiniatque
3496 1256 3624 1312 Hie-

2060 1337 2291 1409 ronymi.
2327 1339 2482 1404 Quod
2511 1339 2558 1394 si
2619 1339 2901 1395 Ratramni
2948 1342 3208 1399 jEneaeve
3236 1346 3440 1416 scripta
3467 1348 3548 1401 vel
3569 1364 3632 1403 ex

2057 1437 2173 1484 toto
2209 1428 2294 1484 vel
2345 1445 2414 1484 ex
2461 1438 2616 1500 parte
2652 1431 2882 1502 legerat,
2930 1433 3022 1487 ubi
3069 1434 3388 1490 Graacorum
3422 1453 3631 1507 quoque

2058 1517 2349 1573 Doctorum
2375 1527 2554 1574 textus
2584 1519 2904 1592 allegantur,
2925 1523 3024 1577 bos
3050 1523 3243 1577 callide
3267 1523 3634 1580 dissimulasse

2057 1607 2320 1662 dicendus
2353 1617 2456 1662 est.
2480 1607 2587 1663 Sed
2619 1609 2672 1661 in
2697 1608 2804 1663 ﬁne
2826 1611 2998 1665 nostri
3020 1611 3203 1681 operis
3227 1611 3370 1681 (cap.
3397 1612 3488 1682 96)
3517 1615 3633 1683 pol-

2055 1695 2273 1761 licetur,
2323 1715 2343 1749 ι
2382 1695 2428 1750 si
2460 1707 2744 1751 convertat
2784 1696 3045 1754 Dominus
3092 1700 3359 1755 librorum
3409 1709 3466 1755 et
3492 1717 3636 1756 ama-

2055 1790 2346 1846 nuensium
2385 1805 2610 1845 suorum
2647 1791 3046 1861 captivitatem,
3090 1811 3110 1844 ι
3145 1793 3222 1846 illi
3246 1794 3336 1848 cui
3368 1793 3476 1850 hoc
3500 1811 3635 1865 opus

1987 1865 2029 1921 Β
2059 1886 2414 1956 nuncupavit,
2479 1885 2641 1941 etiam
2695 1886 2838 1942 dicta
2896 1895 3062 1957 atque
3125 1888 3450 1955 sententias,
3505 1904 3637 1958 quas

2063 1996 2082 2030 ‹
2121 1978 2323 2043 novin
2352 1993 2490 2049 quos
2525 1988 2705 2044 vocat,
2746 1996 2766 2030 ι
2797 1978 3281 2034 Pneumatomachi
3312 1980 3367 2034 in
3399 1980 3636 2036 medium

2058 2070 2363 2141 proferunt,
2396 2089 2416 2124 ι
2458 2085 2639 2126 causa:
2683 2086 2796 2126 suae
2823 2071 3332 2141 patrociniumiude
3364 2079 3634 2140 petentes,

2057 2177 2166 2217 una
2196 2176 2321 2216 cum
2353 2161 2677 2233 opportunis
2700 2161 3126 2218 refutationibus
3150 2163 3383 2233 adjectis
3413 2163 3633 2218 Patrum

2058 2252 2384 2308 testimoniis
2408 2267 2528 2307 sese
2555 2252 3025 2310 transmissurum.
3049 2251 3104 2307 Id
3133 2269 3260 2307 eum
3292 2253 3639 2323 postmodum

2056 2345 2375 2416 praestitisse
2427 2344 2578 2400 nullo
2626 2344 2868 2402 historia:
2917 2346 3250 2400 documento
3288 2345 3633 2409 edocemur;

2056 2451 2252 2491 verum
2283 2435 2416 2490 illud
2453 2450 2586 2496 sane
2617 2443 2768 2491 recte
2793 2435 3119 2506 colligimus,
3168 2435 3430 2488 Photium
3479 2434 3642 2488 multo

2055 2527 2234 2597 plura,
2298 2542 2464 2601 quam
2521 2527 2578 2582 in
2632 2528 2736 2581 hoc
2771 2535 3004 2581 tractatu
3033 2526 3287 2597 protulit,
3324 2526 3639 2580 Latinorum

2055 2627 2378 2689 argumenta
2423 2617 2745 2691 cognovisse
2773 2626 2828 2673 et
2853 2632 2920 2672 ex
2944 2616 3271 2672 auctoritate
3303 2617 3475 2687 petita
3503 2632 3641 2688 prte-

2055 2711 2213 2766 sidia.

2126 2799 2178 2854 5.
2247 2799 2355 2856 Sed
2411 2816 2658 2874 quaenam
2721 2809 2806 2858 est
2848 2800 2940 2855 illa
2996 2799 3218 2873 βιϐλίων
3269 2800 3372 2854 καὶ
3402 2799 3646 2870 ὑπογρα-

2055 2893 2200 2972 φέων
2253 2893 2621 2968 αἰχμαλωσὶα,
2652 2909 2815 2964 quam
2883 2895 2972 2949 hic
3014 2892 3242 2948 Photius
3312 2907 3648 2947 commemo-

2055 2989 2180 3044 rat?
2219 2987 2298 3044 Ne
2325 2991 2392 3046 ad
2416 2989 2567 3061 prius
2599 2990 2778 3046 Photii
2810 2990 3060 3046 exsilium
3093 2991 3195 3046 hoc
3222 2990 3554 3053 referamus,
3596 2987 3649 3040 in

2055 3097 2165 3153 quo
2219 3081 2535 3153 frequenter
2586 3083 2656 3138 de
2727 3082 2990 3142 librorum
3077 3082 3294 3152 jactura
3357 3079 3648 3149 conqueri-

2045 3182 2163 3241 tur,
2227 3183 2412 3229 vetare
2463 3173 2680 3230 videtur
2735 3188 2857 3243 cap.
2907 3173 2996 3239 89,
3043 3172 3187 3227 unde
3249 3181 3410 3242 patet
3457 3171 3650 3225 librum

2054 3266 2422 3339 conscriptum
2477 3265 2645 3324 fuisse
2684 3264 2934 3336 pluribus
2969 3273 3092 3334 post
3118 3264 3309 3319 Photii
3341 3263 3648 3318 restitutio-

2055 3373 2179 3416 nem
2209 3357 2365 3413 annis
2388 3357 2611 3428 elapsis,
2639 3373 2745 3413 nec
2771 3366 2895 3412 ante
2915 3373 3006 3413 an.
3027 3357 3094 3412 88
3106 3357 3150 3422 ι,
3177 3373 3307 3411 cum
3337 3357 3567 3412 Adriani
3586 3353 3653 3410 Ill

2059 3447 2265 3504 mentio
2317 3446 2428 3501 fiat.
2490 3447 2547 3502 Si
2593 3463 2732 3518 opus
2779 3448 2942 3518 paulo
3001 3456 3130 3518 post
3186 3448 3439 3517 priorem
3471 3447 3650 3503 Photii

2057 3536 2433 3608 expulsionem
2464 3549 2741 3595 exaratum
2768 3538 2977 3606 fuisset,
3004 3540 3166 3610 plana
3198 3540 3320 3595 fere
3351 3551 3652 3610 apertaque

2062 3630 2406 3685 exstitissent
2436 3645 2502 3684 ea
2528 3644 2652 3700 qua:
2677 3630 2745 3684 de
2769 3628 3034 3685 librorum
3063 3630 3518 3700 scriptorumque
3557 3646 3653 3698 pe-

2065 3723 2222 3777 nuria
2255 3723 2476 3789 scribit;
2511 3721 2662 3792 [151]
2690 3721 2918 3778 Joannis
2942 3737 3071 3777 vero
3099 3721 3205 3776 Vlll
3237 3733 3295 3778 et
3325 3725 3559 3781 Adriani
3584 3723 3650 3778 lll

2058 3813 2266 3883 mentio
2299 3830 2414 3869 rem
2470 3813 2823 3874 interturbat.
2875 3813 3159 3880 Quomodo
3213 3815 3370 3869 enim
3426 3814 3654 3870 Photius

2057 3909 2160 3962 sub
2182 3903 2392 3960 Joanne
2431 3904 2548 3960 νηί
2577 3905 2896 3962 solemniter
2923 3906 3038 3962 sedi
3084 3906 3414 3972 restitutus,
3463 3905 3649 3962 Basilii

2063 3995 2407 4067 imperatoris
2448 3996 2664 4068 gavisus
2715 3999 2922 4070 gratia,
2964 3999 3384 4069 potentissimus
3433 3998 3555 4054 fere
3600 3999 3656 4053 in

2057 4089 2350 4156 omnibus,
2384 4089 2645 4144 librorum
2679 4091 3201 4161 amanuensiumque
3251 4091 3507 4161 inopiam
3553 4107 3656 4160 pa-

2059 4182 2335 4238 tiebatur?
2364 4183 2556 4238 Posset
2574 4191 2629 4239 et
2657 4183 2724 4239 de
2750 4184 2923 4240 altero
2956 4184 3150 4240 exsilio
3187 4185 3292 4239 sub
3324 4184 3519 4239 Leone
3547 4181 3654 4238 Sa-

2059 4275 2244 4346 piente
2272 4273 2460 4330 haberi
2509 4275 2786 4346 suspicio;
2819 4277 2873 4332 id
2902 4287 3216 4348 temporum
3265 4277 3473 4331 rationi
3520 4290 3659 4333 con-

2059 4351 2299 4439 grueret,
2318 4379 2441 4419 cum
2461 4365 2712 4421 exsilium
2735 4365 2882 4421 istud
2897 4365 3103 4421 incidat
3119 4367 3170 4420 in
3197 4383 3290 4421 an.
3306 4366 3656 4423 886.Verum

453 4536 530 4608 (7)
560 4535 680 4622 Lib.
703 4538 1112 4630 lil,'ad;l:3180d‘.
1138 4540 1266 4630 c194,,
1280 4557 1343 4630 Ρ.
1373 4541 1541 4630 159;}
1554 4541 1622 4595 40
1793 4543 1838 4596 δ’
1858 4544 1956 4630 οὑρι

2067 4541 2226 4600 πάπα
2266 4541 2514 4622 Ἰωόέννου
2540 4541 2632 4630 τον
2656 4542 3105 4630 ἐκκξιησιαστιξον
3131 4544 3230 4630 ﬁt";
3267 4542 3504 4630 Ῥωμης
3531 4543 3661 4630 (ipo-

379 4607 448 4684 ἂν
466 4607 566 4668 τις
595 4610 702 4684 τιτῶν
747 4610 1053 4684 saeuam);
1081 4607 1392 4684 ὲσςιᾷάλλειν
1417 4611 1848 4684 εἰᾷότωνξρᾀιον
1884 4615 1964 4677 εἰς

381 4677 567 4755 πίστιν
583 4680 871 4755 ῂγήσαιτο,
891 4681 1015 4755 ἐπε).
1035 4681 1170 4755 μηδὲ
1190 4681 1525 4755 δογματικός
1540 4699 1621 4755 τις
1644 4677 1799 4750 me;
1821 4685 1878 4737 ὲν
1897 4688 1963 4755 τῇ

381 4749 521 4818 πρὸς
549 4750 772 4870 εἰρήνην
799 4749 1076 4832 γενομένέρ
1091 4752 1221 4832 τότε
1244 4749 1786 4837 σύνόδῳυεὺρίσκεται
1807 4749 1965 4874 κιντὸὲ

383 4817 517 4874 θεὶς.
536 4818 602 4872 ἀλ
639 4818 652 4838 ’
670 4821 964 4874 Evt-Exaudi:
983 4838 1142 4874 τουτο
1164 4838 1262 4874 της
1277 4822 1508 4874 ἀληθους
1526 4841 1592 4874 ην
1617 4823 1816 4874 αἰτίας.
1842 4841 1911 4874 κα
1950 4825 1964 4847 ⁹

383 4821 517 4880 θεὶς,
536 4821 652 4872 ἀλλ’
670 4821 970 4892 ὲπίκρυψις,
983 4821 1142 4875 τοῦτο
1164 4821 1262 4890 τῆς
1277 4821 1508 4889 ἀληθοῦς
1526 4821 1592 4894 ἦν
1617 4823 1816 4887 αἰτίας,
1842 4821 1964 4878 καθ’

382 4887 452 4964 ἦν
467 4889 500 4958 ὴ
515 4888 664 4964 gravat
681 4893 859 4964 πάσης
876 4894 972 4962 τῆς
986 4891 1304 4964 Ῥωμαῖκῇς
1316 4891 1642 4964 Ἐκκλησίας
1658 4893 1870 4963 ἀνήφθη
1887 4894 1965 4964 τῷ

383 4958 574 5028 Φωτίῳ
585 4958 907 5034 -δυσμξνέέω
1064 4958 1174 5034 γὰρ
1195 4961 1252 5034 ἐξ
1282 4958 1536 5034 ἁτξᾴντῳν
1555 4964 1722 5031 ψόγον
1747 4958 1964 5032 ὖφορὼἷ-

387 5026 554 5104 μιξνοξ
575 5028 769 5104 Φ-.,.έφ’
789 5026 870 5095 οἷς
895 5031 990 5086 τοῦ
1010 5026 1117 5104 γμὲν
1143 5026 1308 5104 eam
1323 5026 1604 5104 WNtxoldo'u
1635 5026 1709 5104 pi)
1745 5026 1967 5104 προσιε-

385 5097 551 5219 ιιένου
567 5097 750 5160 αὐτὸν,
775 5104 956 5164 πᾶσαν
970 5097 1069 5174 τῆν
1097 5103 1266 5172 Ῥωμ.
1297 5102 1622 5173 Ἐκκλησίαν
1635 5097 1774 5175 ’πρὸς
1791 5097 1849 5156 ῖτὸ
1865 5106 1965 5158 Θε-

408 5184 466 5218 Ον
489 5164 901 5219 ἐξυϐρίζουσαν.
933 5174 1028 5219 καὶ
1059 5173 1380 5219 ἀσεϐοῦσαν-
1420 5175 1512 5219 καὶ
1539 5174 1962 5219 παηανοιιοῦιταν

408 5173 466 5243 ον
478 5164 901 5243 ἔξυὸρέζουσαν,
933 5164 1036 5224 καῖ
1059 5164 1396 5243 ἁσεδόὖσανι
1420 5164 1512 5225 καὶ
1539 5164 1962 5243 παρανομοῦσαν

385 5237 456 5290 τὰ
476 5237 678 5308 ἔσχατα
701 5241 988 5312 ἀπεκάλει,
1011 5243 1104 5296 τοῦ
1125 5243 1180 5295 δὲ
1200 5244 1357 5297 πὰπα
1389 5237 1634 5302 Ἰωάννοὺ
1659 5237 1856 5312 τὴνέὂς
1872 5246 1963 5298 τὸν

363 5311 788 5384 ,πατριαρχιῃὸν
827 5311 1014 5384 θρονον
1060 5314 1378 5383 καθίδρυσιν
1417 5315 1616 5380 ,τούτου
1667 5311 1964 5384 ὲτὲευδοκή-

388 5393 600 5453 σαντος,
639 5380 802 5453 ἁγίαν
830 5382 1034 5453 ταύτην
1055 5385 1148 5436 καὶ
1178 5380 1458 5448 εὖσεὸείας
1489 5385 1811 5440 διδάσκαλον
1865 5380 1962 5438 ἁν-

385 5448 704 5526 ικῄρυττξν,
725 5450 914 5526 ᾢσπερ
935 5448 1057 5526 τινὰ
1082 5455 1376 5522 ἀπολογίαν
1399 5455 1546 5526 ὑπὲρ
1576 5456 1674 5526 τῆς
1710 5455 1845 5526 πρὸς
1869 5457 1961 5508 τὸν

387 5518 579 5600 στάσι-ξαν
621 5518 896 5592 Ἰωάννην
921 5525 1142 5600 εξρήνῃς
1170 5518 1546 5600 Απροῦξάλλετοίε
1711 5518 1800 5600 aia
1851 5527 1961 5600 τῷν

389 5589 600 5664 ἐκείνου
627 5589 1015 5664 τοποτῃρητῶν
1031 5589 1109 5650 ’τὸ
1130 5589 1241 5664 τῆξ
1268 5595 1505 5658 πίστεως
1528 5595 1736 5647 ἐκεῖνον
1761 5596 1959 5649 ἀποδέο

391 5655 584 5736 ﬁndat
621 5655 903 5736 σύμϐοκόιί
929 5664 1023 5718 καὶ
1064 5655 1261 5736 γνώμῃ
1297 5665 1391 5736 καὶ
1428 5655 1656 5736 γὶξώσσῃί
1677 5683 1732 5718 κ.
1770 5665 1959 5736 χερσὶν

357 5780 362 5786 .
392 5729 563 5796 ἱεραῖς
593 5729 705 5788 τῶν
740 5733 996 5788 τοιούτων
1029 5729 1510 5805 πὲριςρανεστὰτων
1549 5729 1959 5805 afﬁnitate:in

391 5799 600 5856 ἀνδρῶν
628 5802 940 5856 ὑπογράψαι
968 5806 1100 5856 αὐτὸ
1138 5823 1193 5856 κ.
1225 5806 1748 5856 ἐπισφραγίσασθαι.
1788 5807 1958 5856 Τοῦτο

391 5804 600 5866 ἀνδρῶν
628 5804 940 5874 ὑπογράψαι
968 5804 1115 5859 αὐτοί
1138 5823 1193 5859 κ.
1225 5804 1758 5876 ἐπισφραγίσασθαιέ
1788 5807 1958 5858 Τοῦτο

391 5868 444 5924 δὲ
485 5870 625 5924 οὕτω
659 5876 1024 5943 πεποιήκασιν
1061 5870 1204 5932 οὗτοι
1233 5876 1320 5933 διὰ
1358 5877 1418 5930 τὸ
1444 5876 1536 5929 καὶ
1573 5878 1693 5938 τοὺς
1730 5877 1835 5941 πρὸ
1862 5877 1956 5929 τοῦ

2067 4631 2156 4696 νον
2183 4611 2523 4696 κοσμοῦντας
2556 4613 2620 4696 το
2644 4611 2857 4696 τοιοῦτο
2887 4613 3153 4696 σύμϐολον
3185 4611 3474 4696 ᾇγιονλὶαὶ
3503 4611 3660 4696 effos-

2067 4683 2221 4744 ὅείας
2251 4680 2475 4754 πλῆρες
2499 4682 2802 4754 ὁμολογεῖν,
2833 4680 2971 4754 ὅπερ
3007 4680 3100 4754 οὖν
3131 4680 3303 4738 καὶοὶ
3339 4683 3405 4749 ἐξ
3439 4684 3659 4754 ὲκξίνου

2050 4754 2232 4826 μέχρι
2275 4755 2368 4826 τοῦ
2418 4752 2654 4826 vivata).
2695 4752 3376 4826 yvda‘pnwo'répyouqtixat
3426 4752 3660 4826 γλώσσῃ

2068 4823 2525 4895 ἀνακηρρττουσι.
2557 4825 2668 4876 Καὶ
2703 4823 2976 4895 ἀπόδειξίς
3004 4823 3092 4893 μοι
3123 4824 3215 4878 τοῦ
3246 4825 3416 4893 λόγου
3450 4824 3516 4877 τὸ
3547 4823 3662 4895 τῷν

2048 4891 2414 4966 Ἐὐαγγὲλίῳν
2441 4894 2865 4966 ἀλμεταποιητον,
2889 4912 2944 4946 κ.
2982 4891 3132 4966 ridica
3157 4891 3344 4966 γραφὴ
3377 4891 3657 4966 atat-ptati],

2066 4965 2099 5034 ἡ
2128 4963 2188 5016 τὸ
2220 4964 2443 5032 Πνεῦμα
2469 4963 2704 5032 λέγουσα
2733 4966 2798 5017 ὲκ
2829 4964 3042 5031 Πατρὸς
3073 4963 3517 5034 ὲκπορεύέσθαιζ
3535 4963 3666 5034 δίχα

2065 5031 2396 5106 προσθήκης
2444 5031 2574 5106 παρ’
2624 5035 2810 5099 αὐτοῖς
2859 5035 2952 5088 καὶ
3003 5031 3500 5105 ἀναγινώσκομένη
3563 5031 3663 5087 καὶ

2063 5104 2490 5174 ὁμολογουμένη.

2046 5233 2050 5237 _
2135 5175 2212 5244 (8)
2245 5176 2299 5229 ld
2331 5173 2478 5243 patet
2498 5191 2572 5245 ex
2600 5173 2758 5230 Joan.
2785 5173 2902 5229 Vill
2943 5174 3208 5244 epistolis,
3237 5183 3298 5229 ut
3352 5175 3530 5245 epist.
3567 5175 3661 5239 Π,

2063 5246 2132 5305 20
2172 5247 2239 5302 ad
2271 5245 2469 5301 Ursum
2498 5243 2689 5301 Venet.
2721 5245 2913 5300 ducem
2944 5243 3192 5314 aliisque.

2135 5317 2212 5385 (9)
2265 5315 2469 5370 Beccus
2513 5316 2656 5386 apud
2706 5316 2867 5386 Allat.
2915 5317 2978 5369 de
3018 5316 3339 5386 Purgatoriq
3393 5314 3663 5386 Append.

2065 5404 2117 5456 p.
2147 5384 2258 5440 625
2281 5386 2369 5441 ed.
2399 5387 2555 5440 Rom.
2596 5385 2736 5443 1655
2763 5385 2950 5449 refert,
2982 5397 3035 5442 et
3060 5384 3141 5456 ad
3162 5385 3294 5439 alios
3321 5385 3500 5440 Italos
3539 5384 3664 5456 epi-

2063 5453 2261 5524 scopos
2306 5457 2409 5511 hac
2454 5457 2521 5511 de
2556 5471 2721 5510 causa
2747 5456 3026 5524 scripsisse
3055 5455 3330 5520 Photium,
3367 5473 3439 5508 ac
3470 5453 3664 5524 norni-

2041 5523 2232 5587 .natim
2260 5527 2326 5582 ad
2368 5527 2630 5580 Marinum
2658 5523 3045 5589 Castellannm,
3077 5524 3454 5581 Gaudericum
3506 5523 3662 5578 Veli-

2064 5606 2300 5656 ternum.
2333 5607 2387 5652 et
2407 5597 2727 5654 Zachariam
2755 5596 3123 5665 Anagninum,
3146 5597 3239 5664 qui
3270 5596 3320 5648 in
3355 5596 3486 5664 ejus
3518 5603 3666 5647 tem-

2061 5668 2212 5737 poris
2243 5669 2612 5723 monumentis
2638 5667 2923 5736 aliquoties
2961 5675 3276 5730 occurrunt,
3303 5680 3371 5737 ac
3410 5678 3660 5733 praeser—

2061 5733 2154 5792 tim
2189 5739 2239 5791 in
2268 5739 2500 5796 concilio
2532 5733 2778 5794 Romano
2821 5753 2872 5795 a.
2911 5737 3015 5792 879
3045 5746 3100 5792 et
3135 5753 3291 5792 conc.
3328 5733 3660 5792 Ravennat.

2039 5825 2108 5870 .a.
2141 5809 2266 5864 878.
