1978 3213
160 198 214 230 405

512 197 562 228 DE
580 197 614 228 S.
634 198 732 228 SPIR.
750 196 1001 228 MYSTAGOGIA.
1016 208 1051 215 -
1065 195 1437 228 ANIMADVERSIONES.

1729 188 1785 223 2106

159 255 229 282 liber
242 257 337 282 noster
355 257 455 289 prater
470 252 542 281 hane
563 254 740 282 scribentium
763 254 949 288 librarumque
963 255 988 282 Α
1000 252 1164 280 innotuisse.
1179 251 1247 279 Cum
1262 259 1328 279 vero
1343 250 1479 278 Adrianus
1492 255 1587 276 mense
1599 247 1670 276 Maio
1687 255 1713 275 a.
1731 247 1784 275 885

160 300 352 336 αἰχμαλωσίαν
361 300 488 335 nuspiam
503 300 624 327 ostendit
636 305 776 328 auctorem
792 300 889 328 exsilio
906 304 948 327 at-

160 353 214 381 que
231 353 352 373 matrem
364 345 491 373 affectum
505 365 512 377 ,
528 345 583 373 imo
596 345 625 372 in
635 345 695 380 ipso
709 345 821 373 exordio
836 344 907 381 (cap.
921 344 948 380 Ι)

160 399 294 427 prospera
314 395 437 426 tempora
458 391 511 419 sibi
533 399 549 418 a
572 391 748 419 Providentia
763 399 892 419 concessa
909 391 948 418 vi-

160 437 245 465 detur
264 437 415 465 insinuare.
441 437 538 466 Dicere
560 438 622 473 quis
642 443 735 473 posset
749 438 874 465 Photium
898 437 949 464 ista

160 482 306 518 scripsisse
329 483 372 510 vel
393 484 536 519 scriptioni
559 484 640 511 ﬁnem
660 485 820 519 imposuisse
840 492 854 511 a
880 484 949 511 Leo-

161 535 198 556 ne
219 527 251 555 VI
270 528 355 564 gradu
377 533 499 562 motum,
522 530 643 557 nondum
669 534 760 557 tamen
781 530 948 565 judicatum,

161 573 278 610 ideoque
301 575 330 602 in
343 576 518 603 monasterio
540 577 599 603 otio
619 576 772 606 fruentem.
789 584 838 611 spe
858 581 949 603 tamen

160 619 289 649 vincendi
310 620 530 650 adversariorum
553 626 667 649 conatus
693 623 782 649 adhuc
805 622 949 657 repletum.

160 663 258 700 Neque
274 665 327 693 hoc
340 665 470 699 alliceret,
488 666 560 701 quod
575 666 602 693 in
618 667 678 694 cod.
693 667 817 694 Column.
838 667 951 694 Photius

161 714 250 737 semet
261 710 444 745 patriarcham
451 711 606 746 appellatin
622 711 800 745 inscriptione
812 720 819 743 ;
833 719 862 738 se
877 712 950 738 enim

161 762 283 790 semper,
299 756 384 784 etiam
401 756 430 784 in
448 756 534 792 priori
557 758 655 785 exsilio
666 778 674 791 ,
690 758 839 794 legitimum
854 757 951 785 habuit

161 800 348 836 patriarcham
368 806 397 830 et
422 802 457 830 de
474 802 536 837 jure
560 810 638 830 novae
664 803 755 831 Romae
780 803 949 838 episcopum.

162 846 234 879 Quid
248 847 341 882 itaque
353 847 519 876 dicendum?
538 847 574 875 At
588 856 631 875 res
645 848 713 875 tanti
728 856 783 875 non
800 856 860 875 esse
875 848 951 875 vide—

161 896 217 921 tur.
230 892 263 920 In
278 892 362 928 priori
374 893 471 921 exsilio
484 894 652 928 amplissima
667 894 798 921 librorum
814 893 949 924 collectio,

160 946 245 973 quam
268 939 321 967 sibi
344 938 460 967 Photius
473 943 695 974 comparaverat,
721 939 826 974 direpta
846 939 951 966 discer-
966 928 988 956 Β

160 989 266 1021 ptaqoc
290 984 360 1018 fuit;
393 985 456 1013 libri
491 985 607 1013 fortasse
635 985 762 1012 restituto
789 984 952 1020 patriarchae

160 1030 262 1059 redditi
293 1039 437 1067 nunquam
466 1030 558 1064 fuere;
594 1039 776 1058 amanuenses
814 1038 879 1057 vero
925 1035 952 1057 et

161 1075 360 1111 lacbygrapbi,
389 1083 458 1112 quos
492 1080 573 1103 antea
598 1076 626 1103 in
651 1081 780 1111 promptu
803 1076 951 1107 habuerat,

160 1121 305 1150 nescimus
319 1129 374 1157 quo
385 1129 450 1150 casu
462 1126 562 1157 praesto
583 1129 639 1149 non
661 1122 778 1156 amplius
802 1126 890 1153 erant,
918 1121 953 1148 ob

161 1167 348 1202 suspicionem
363 1167 478 1195 fortasse
502 1168 641 1203 politicam
656 1168 773 1196 detenti.
785 1167 885 1195 Verum
901 1167 954 1194 hoc

163 1213 288 1242 fortassis
304 1221 361 1241 non
383 1214 493 1249 penitus
516 1215 647 1241 omnibus
669 1213 811 1241 satisfacit.
835 1214 905 1246 Quid
932 1213 954 1240 si

163 1258 273 1287 dicatur
288 1258 415 1287 Pbotium
433 1260 616 1288 Providentiae
637 1268 701 1296 erga
717 1268 746 1289 se
758 1260 953 1295 benignitatem

163 1305 195 1332 in
208 1305 260 1332 hoc
273 1306 439 1341 reposuisse,
449 1306 533 1341 quod,
549 1306 650 1334 amotis
661 1306 745 1339 curis,
761 1306 845 1333 libere
857 1305 955 1332 studiis

161 1352 223 1379 suis
242 1359 339 1380 vacare
358 1357 467 1387 posset,
486 1353 529 1380 vel
545 1361 615 1388 opus
635 1353 713 1388 prius
736 1360 751 1379 a
767 1360 797 1379 se
816 1352 953 1387 inceptum

161 1404 238 1425 anno
246 1397 299 1425 886
306 1398 386 1426 initio
393 1398 481 1426 exsilii
493 1399 653 1433 posterioris
661 1398 821 1430 absolvisse,
835 1398 860 1424 in
874 1405 954 1433 quem

161 1450 271 1472 annum
282 1443 412 1479 pleraque
427 1444 614 1480 quadrarent?
630 1444 731 1471 Verum
748 1449 810 1472 utut
822 1445 859 1473 sit
870 1465 877 1477 ,
899 1452 956 1472 ma-

161 1489 213 1517 lim
230 1497 281 1526 ego
300 1490 437 1525 integrum
456 1491 556 1518 librum
577 1496 691 1526 putare,
712 1499 793 1526 quam
817 1492 850 1519 ad
871 1491 956 1527 hypo-

161 1534 260 1564 theses
271 1535 429 1571 confugere,
441 1536 536 1571 quales
552 1537 579 1563 in
595 1537 731 1565 similibus
743 1537 826 1564 rebus
837 1537 955 1572 conﬁngi

161 1580 328 1616 plerumque
340 1580 448 1613 solent,
465 1580 660 1616 interpolatum
682 1589 743 1609 esse
762 1590 832 1616 opus
851 1587 879 1610 et
903 1583 955 1609 alia

161 1626 303 1661 posterius
318 1626 408 1654 addita
429 1626 463 1654 iis
480 1634 542 1662 (ιιιεε
565 1627 593 1653 in
613 1627 695 1661 priori
726 1628 844 1655 editione
870 1628 955 1656 habe-

161 1672 276 1700 bantur.
290 1671 418 1700 Attamen
437 1680 493 1700 non
508 1680 577 1708 nego
590 1677 618 1700 et
644 1673 709 1700 illud
726 1673 865 1708 probabile
877 1681 955 1708 esse,

164 1716 295 1744 l‘hotium
312 1717 403 1752 ipsum
420 1725 489 1753 opus
507 1726 563 1745 non
587 1725 641 1745 uno
658 1718 809 1753 eodemque
834 1722 957 1753 tempore

160 1761 342 1789 continenter
369 1763 533 1797 scripsisse,
558 1763 605 1790 scd
628 1763 656 1790 in
679 1763 740 1790 aliis
762 1771 854 1790 rerum
879 1763 955 1800 [152]

160 1805 304 1841 adiunctis
319 1807 372 1834 alia
387 1807 533 1835 addidisse.
551 1808 592 1835 En
610 1816 707 1835 rursus
723 1808 840 1835 fontium
862 1808 955 1844 inopia

160 1856 244 1880 certo
260 1859 318 1880 rem
333 1852 440 1880 deliniri
460 1861 516 1881 non
532 1854 609 1881 sinit.
630 1854 721 1881 Donec
743 1854 862 1882 ﬁrmiora
877 1863 957 1890 repe-

161 1898 283 1931 riantur,
298 1898 363 1933 quid
380 1898 433 1926 sibi
446 1899 617 1934 probabilius
629 1900 748 1933 videtur,
763 1900 844 1936 eligat
861 1900 957 1929 lector.

159 1943 405 1978 Eademtempore
418 1943 461 1971 vel
476 1945 568 1979 potius
582 1945 663 1979 paulo
675 1950 739 1972 ante
756 1946 856 1981 scripta
872 1946 957 1974 fuisse

160 1988 276 2015 videtur
296 1987 410 2023 epistola
428 1987 462 2015 ad
476 1988 679 2023 Aquileienscm
702 1988 957 2023 archiepiscopum,

162 2033 195 2061 in
211 2041 264 2069 qua
279 2033 394 2061 Joannis
408 2032 479 2065 Vlll,
491 2033 546 2068 jam
562 2033 696 2066 defuncti,
712 2040 767 2059 non
784 2041 849 2061 vero
863 2034 959 2063 Adria-

161 2079 196 2107 ni
207 2078 242 2106 lll
250 2079 280 2107 ﬁt
287 2078 391 2107 mentio
403 2078 483 2114 (Vide
492 2083 550 2106 not.
567 2078 601 2105 85
613 2079 646 2105 ad
662 2086 722 2114 cap.
738 2078 793 2114 89).
806 2078 958 2114 Utrumque

162 2132 233 2160 ergo
248 2132 316 2160 opus
338 2125 371 2152 ad
385 2124 480 2152 ultima
506 2130 629 2159 tempora
649 2125 851 2160 patriarchatus
866 2125 958 2154 Photii

162 2175 285 2207 spectat.
303 2170 332 2198 ld
347 2170 518 2206 exploratum
535 2175 593 2204 est;
609 2170 715 2206 reliqua
735 2179 801 2199 vero
818 2172 958 2207 conjectu-

163 2216 208 2244 ris
223 2224 350 2251 campum
363 2217 499 2251 aperiunt.

204 2262 231 2290 6.
249 2261 286 2290 Ut
302 2266 392 2290 tamen
407 2263 497 2298 quoad
512 2262 679 2298 propositam
692 2263 871 2298 quaestionem
893 2271 958 2291 sen-

164 2307 283 2335 tentiam
299 2315 387 2336 meam
408 2316 560 2344 proponam
573 2331 581 2344 ,
597 2311 781 2339 verosimilius
797 2312 864 2338 mihi
889 2319 959 2347 opus

163 2357 294 2381 nostrum
306 2354 377 2382 circa
392 2362 494 2382 annum
510 2355 561 2382 886
572 2357 753 2391 compositum
769 2365 830 2384 esse
843 2357 958 2384 videtur.

165 2398 200 2427 Si
214 2407 269 2427 non
283 2399 413 2432 fallimur,
423 2401 488 2428 dum
502 2401 590 2430 Photii
606 2402 688 2429 verba
705 2402 776 2438 (cap.
788 2402 833 2438 89)
845 2412 851 2429 :
868 2412 877 2428 ι
891 2402 958 2430 Cum

164 2445 253 2481 igitur
264 2447 352 2474 sancti
363 2454 395 2474 ac
406 2447 480 2475 beati
496 2448 524 2476 hi
540 2448 684 2483 pontifices
696 2448 743 2482 ita,
756 2449 820 2476 dum
838 2449 865 2476 in
880 2449 960 2476 terris

164 2492 321 2528 degebant,
335 2494 473 2521 senserint
489 2498 517 2521 et
534 2495 568 2521 ah
582 2495 626 2522 his
640 2494 720 2522 fluxis
737 2500 764 2522 et
776 2495 961 2530 corruptibili-

164 2537 220 2572 bus
243 2538 325 2566 rebus
347 2539 381 2566 ad
396 2539 633 2575 incorruptibilem
647 2540 729 2567 vitam
744 2541 772 2567 in
785 2541 837 2567 hac
851 2540 961 2569 confes-

163 2585 247 2614 sione
261 2585 431 2619 transierint,
444 2595 454 2611 ι
473 2594 527 2613 non
550 2587 638 2614 solum
656 2587 691 2613 ad
715 2586 840 2621 priores,
864 2594 961 2614 verum

162 2634 252 2661 etiam
268 2634 303 2661 ad
317 2634 439 2669 proxime
458 2634 630 2661 nominatum
642 2633 798 2668 pontiﬁcem
812 2640 961 2667 eorumque

163 2684 339 2716 postremum
376 2679 536 2711 referimus,
568 2684 635 2708 tunc
664 2684 722 2706 tuto
758 2678 846 2714 colligi
872 2683 962 2714 potest

163 2725 319 2753 Adrianum
345 2725 380 2752 lll
392 2747 403 2760 ,
416 2726 481 2753 dum
509 2725 568 2754 haec
587 2725 725 2759 scribebat
746 2724 860 2752 Pbotius
872 2745 880 2758 ,
904 2725 962 2762 iam

164 2771 243 2800 diem
259 2779 420 2807 supremum
433 2772 535 2800 abiisse
554 2772 669 2807 ejusque
687 2775 803 2799 mortem
826 2770 890 2798 huic
904 2771 960 2806 jam

1000 299 1145 327 defunctus
1157 299 1192 326 sit
1205 299 1285 333 idque
1299 297 1413 326 Photius
1427 295 1603 331 probabiliter
1613 293 1722 321 nonnisi
1735 293 1784 320 ali-

999 348 1065 380 quot
1085 344 1186 379 elapsis
1207 343 1347 371 mensibus
1363 341 1506 373 didioerit,
1521 340 1600 368 facile
1622 339 1657 366 ad
1682 345 1785 366 annum

1000 391 1051 418 886
1075 390 1244 422 deducimur,
1266 397 1320 425 quo
1341 389 1441 416 Basilio
1465 387 1611 414 Macedone
1634 385 1786 412 decedente

999 445 1031 464 ac
1046 436 1137 463 Leone
1145 437 1204 471 ejus
1216 436 1269 462 ﬁlio
1284 435 1390 470 imperii
1402 434 1522 461 habenas
1534 437 1702 463 assumentc,
1717 430 1786 457 Pho-

999 482 1029 509 tii
1050 490 1095 509 res
1118 490 1212 509 rursus
1232 482 1346 507 turbatae
1362 484 1435 507 sunt.
1453 478 1588 506 Praeterea
1612 477 1724 504 Adriani
1751 475 1785 502 lll

1000 528 1154 563 synodicam
1171 535 1226 554 non
1241 531 1271 554 ut
1288 534 1375 561 nuper
1388 532 1420 552 ac
1441 524 1522 559 paulo
1535 528 1597 550 ante
1611 522 1661 549 sibi
1675 522 1785 548 missam

1000 573 1096 608 allegat
1111 573 1224 600 Pltotius
1237 580 1244 605 ;
1259 572 1293 599 ab
1312 579 1342 598 ea
1362 571 1443 598 missa
1459 570 1492 597 ad
1514 575 1630 603 tempus,
1647 575 1699 602 quo
1712 567 1787 593 Pho-

1001 620 1055 647 tius
1070 619 1121 646 ista
1143 619 1266 652 scripsit,
1290 616 1459 644 intervallum
1484 614 1613 649 temporis
1633 613 1704 640 haud
1719 612 1787 638 adeo

1000 666 1084 692 breve
1107 664 1279 699 cogitandum
1303 663 1421 690 videtur.
1452 661 1535 696 Igitur
1554 660 1596 687 vel
1614 659 1728 686 Pliotius
1754 666 1787 684 eo

1001 716 1155 743 momento,
1173 718 1226 745 quo
1244 710 1289 737 illa
1310 709 1408 735 litteris
1423 706 1611 742 consignavit,
1625 706 1680 740 jam
1704 712 1719 731 e
1740 711 1786 731 ca-

1002 758 1099 786 thedra
1115 758 1237 785 turbatus
1254 760 1315 784 erat
1329 755 1371 783 vel
1387 755 1482 782 saltem
1508 753 1639 788 ejusmodi
1654 755 1786 779 catastro~

1002 805 1056 839 phe
1071 811 1125 830 non
1137 803 1183 830 diu
1197 807 1257 838 post
1267 802 1413 829 subsecuta
1424 805 1475 828 est.
1491 799 1519 826 Si
1534 800 1610 834 prius
1624 797 1786 827 admittitur,

1002 850 1134 878 facillime
1152 849 1302 884 explicatur
1323 846 1499 882 αἰχμαλωσίᾳ
1525 844 1635 879 βιϐλίων
1655 843 1702 869 καὶ
1720 842 1787 867 ὑπο-

1002 896 1140 931 γράφεων,
1157 894 1191 922 de
1205 902 1257 929 qua
1268 893 1387 928 loquitur
1402 897 1430 919 et
1444 891 1531 919 solum
1548 889 1692 917 difﬁcultas
1706 891 1748 914 cst
1761 887 1788 913 in

1005 942 1040 969 iis
1062 949 1124 976 qua:
1136 949 1169 968 ex
1184 948 1244 975 cap.
1262 940 1276 967 ‘l
1294 939 1466 973 colliguntur.
1485 936 1547 963 Haec
1567 942 1631 963 vero
1653 933 1720 961 solvi
1739 940 1789 967 po-

1005 992 1058 1015 test
1080 987 1123 1014 vcl
1145 994 1177 1013 ex
1207 987 1239 1013 iis
1260 993 1320 1020 quae
1354 984 1453 1012 ibidem
1478 981 1567 1018 [155]
1596 985 1624 1008 et
1650 980 1679 1007 in
1709 978 1789 1006 Praaf.

1003 1037 1144 1065 notantur,
1160 1032 1202 1059 vel
1217 1040 1250 1059 ex
1265 1031 1343 1058 allata
1365 1038 1446 1065 supra
1470 1029 1614 1056 verborum
1630 1027 1684 1053 huc
1704 1025 1790 1060 perti-

1004 1078 1127 1105 nentium
1144 1078 1334 1113 explicatione.
1346 1077 1401 1104 lmo
1416 1081 1471 1104 tota
1486 1075 1624 1103 evanescit
1635 1073 1788 1104 difﬁcultas,

1006 1125 1027 1152 si
1043 1124 1158 1152 incisum
1173 1124 1239 1151 illud
1250 1124 1299 1157 τῆς
1314 1123 1388 1154 θείας
1401 1122 1529 1158 προνοίας
1543 1121 1606 1155 εὑμ.
1622 1120 1648 1155 ἠ.
1664 1120 1705 1154 ὀρ.
1722 1126 1789 1150 non,

1006 1170 1044 1197 uti
1059 1171 1144 1205 prima
1161 1170 1249 1197 fronte
1264 1169 1416 1199 videbatur,
1429 1168 1462 1194 ad
1477 1166 1659 1194 conditionem
1674 1169 1789 1192 statutu-

1006 1223 1058 1250 que
1072 1215 1191 1242 auctoris
1206 1214 1332 1246 refertur,
1349 1213 1425 1247 quasi
1441 1213 1528 1242 dicat,
1546 1219 1575 1238 se
1591 1211 1651 1237 ideo
1667 1209 1791 1244 petitioni

1006 1262 1175 1293 satisfacere,
1209 1261 1270 1295 quia
1302 1260 1419 1294 benigne
1446 1257 1616 1293 providentia
1640 1256 1690 1283 sibi
1717 1263 1792 1282 nunc

1006 1306 1170 1343 prospiciat,
1193 1306 1239 1333 sed
1263 1313 1295 1332 eo
1313 1305 1432 1339 legitimo
1449 1311 1529 1330 sensu
1549 1302 1712 1336 exponitur:
1736 1300 1793 1326 Deo

1006 1352 1117 1387 propitio
1138 1359 1193 1378 non
1218 1350 1327 1385 indigna
1353 1355 1400 1376 tuo
1420 1349 1447 1375 in
1473 1348 1555 1374 Deum
1579 1353 1672 1373 amore
1692 1350 1792 1378 tuoque

1007 1397 1142 1425 desiderio
1159 1396 1241 1431 hujus
1256 1395 1295 1423 rei
1310 1395 1357 1422 ﬁet
1370 1393 1526 1425 exsecutio;
1541 1392 1598 1419 sive
1611 1401 1617 1418 :
1634 1391 1680 1417 Dei
1703 1390 1790 1424 provi-

1006 1443 1097 1470 dentia
1112 1446 1251 1468 annuente
1268 1448 1324 1467 rem
1347 1446 1526 1474 exsequemur
1540 1442 1568 1464 ct
1589 1437 1623 1463 ad
1646 1435 1792 1463 terminum

1006 1489 1202 1523 perducemus,
1230 1487 1294 1514 vel:
1320 1487 1342 1512 si
1363 1486 1480 1520 benigne
1506 1491 1557 1510 nos
1580 1482 1690 1517 respicit
1710 1482 1792 1508 Deus.

1006 1534 1066 1562 Non
1080 1534 1234 1567 causaliter,
1251 1532 1298 1561 sed
1313 1530 1524 1559 conditione/iter
1540 1529 1673 1565 genitivus
1687 1527 1794 1555 absolu-

1008 1587 1052 1609 tus
1063 1581 1247 1616 accipiendus.
1259 1584 1286 1608 et
1299 1579 1366 1606 nihil
1378 1583 1419 1606 est
1428 1578 1500 1613 quod
1511 1585 1562 1604 nos
1573 1581 1651 1612 cogat
1662 1575 1776 1603 reddere
1787 1582 1793 1600 :

1006 1628 1067 1661 quia
1077 1627 1117 1655 vel
1127 1635 1195 1654 cum.
1208 1626 1284 1666 Quod
1295 1626 1317 1652 si
1329 1633 1394 1652 vero
1405 1629 1469 1651 ante
1481 1623 1659 1659 posteriorem
1671 1629 1686 1648 c
1694 1621 1795 1647 throno

1006 1673 1194 1707 depulsionem
1219 1672 1301 1699 ﬁnem
1326 1672 1395 1698 lihro
1412 1670 1562 1705 imposuit.
1584 1669 1713 1703 adjuncta
1732 1667 1794 1693 talia

1007 1719 1085 1746 facile
1099 1718 1211 1754 cogitari
1228 1722 1343 1752 possunt
1353 1737 1361 1749 ,
1380 1717 1407 1743 in
1421 1716 1519 1750 quibus
1531 1714 1674 1750 deplorare
1688 1717 1796 1748 poterat

1007 1764 1184 1792 scribentium
1200 1763 1386 1797 librorumquc
1401 1762 1535 1789 defectum
1550 1780 1557 1792 ,
1575 1764 1605 1787 ut
1618 1760 1645 1786 in
1671 1759 1796 1793 superius

1007 1809 1087 1835 dictis
1115 1807 1194 1835 allata
1215 1811 1289 1834 sunt.
1320 1806 1379 1833 Jam
1407 1805 1505 1832 Basilio
1530 1808 1680 1839 aegrotante
1708 1802 1796 1838 potuit

1009 1854 1123 1881 Pliotius
1146 1853 1286 1879 adversam
1310 1851 1446 1878 fortunam
1472 1849 1612 1884 experiri;
1639 1855 1796 1883 quanquam

1007 1907 1063 1926 non
1078 1907 1147 1934 opus
1163 1903 1204 1925 est
1219 1898 1252 1925 ad
1269 1898 1327 1925 haec
1341 1903 1492 1928 recurrere,
1507 1895 1602 1922 saltem
1620 1894 1652 1921 iis
1665 1894 1712 1928 qui
1729 1893 1796 1920 sim-

1008 1945 1112 1981 pliciori
1123 1944 1296 1980 cxplicationi
1310 1951 1391 1978 supra
1405 1943 1475 1969 data:
1492 1941 1633 1968 adhzerent
1649 1940 1716 1975 (10).

1045 1992 1074 2020 7.~
1090 1990 1143 2017 Sed
1157 1989 1270 2025 quinam
1283 1994 1361 2015 erant
1377 1987 1414 2014 illi
1430 1987 1522 2021 plures
1538 1985 1703 2020 majorisque
1718 1983 1797 2010 molis

1008 2037 1087 2070 libri,
1108 2036 1208 2071 quibus
1228 2034 1445 2062 adversariorum
1466 2032 1564 2059 fastum
1581 2037 1608 2058 et
1622 2031 1676 2057 alta
1699 2038 1795 2065 super—

1009 2083 1070 2111 cilia
1094 2082 1166 2112 flecti
1193 2089 1225 2108 ac
1249 2081 1372 2108 funditus
1395 2079 1531 2115 profligari
1552 2078 1681 2113 gloriatur
1703 2080 1798 2103 auctor

1011 2131 1083 2165 (cap.
1100 2128 1146 2161 l)?
1169 2128 1289 2154 Erantne
1311 2130 1374 2153 ante
1390 2125 1516 2152 Pbotium
1537 2124 1678 2151 uberiores
1694 2122 1744 2149 hac
1765 2122 1798 2148 dc

1010 2184 1040 2204 re
1053 2179 1196 2206 tractatus,
1211 2173 1258 2209 qui
1273 2172 1362 2200 fusius
1375 2171 1534 2199 Latinorum
1547 2169 1710 2197 sententiam
1726 2168 1797 2195 refu-

1010 2226 1069 2249 tare
1092 2218 1281 2248 conabantur?
1298 2217 1368 2245 Num
1385 2221 1449 2244 ante
1462 2216 1539 2244 illum
1556 2216 1595 2243 ita
1608 2214 1798 2250 disputationis

1011 2268 1080 2304 ignis
1098 2270 1255 2299 exarserat,
1277 2269 1306 2292 ut
1320 2264 1438 2300 Spiritus
1457 2262 1544 2291 sancti
1560 2270 1592 2290 ex
1607 2261 1674 2289 Filio
1688 2268 1798 2296 proces—

1012 2314 1096 2342 sionis
1119 2317 1268 2340 assertores
1295 2311 1350 2346 jam
1378 2310 1486 2338 abunde
1513 2308 1666 2336 confutatos
1689 2306 1799 2334 credere

1012 2360 1149 2397 potuerit?
1164 2360 1205 2386 An
1220 2366 1286 2385 vero
1299 2357 1414 2384 fortasse
1428 2356 1537 2383 Patrum
1559 2354 1731 2386 Graecorum,
1747 2352 1799 2379 Du-

1013 2406 1132 2435 masceni
1152 2414 1178 2433 v.
1202 2413 1260 2441 gn,
1273 2412 1356 2439 opera
1374 2402 1524 2433 intellexit,
1544 2408 1605 2436 quae
1627 2404 1717 2427 tamen
1733 2407 1799 2426 nus-

1014 2451 1085 2487 piam
1111 2450 1145 2477 de
1170 2450 1222 2477 bac
1241 2449 1427 2477 controversia
1449 2446 1546 2482 agendi
1569 2453 1681 2480 scopum
1708 2445 1798 2471 consi-

1015 2497 1135 2531 liumque
1162 2494 1357 2523 manifestam?
1383 2492 1453 2520 Num
1481 2493 1539 2526 ipse
1568 2492 1636 2518 alios
1661 2491 1801 2518 uberiores

1011 2543 1095 2571 libros
1114 2543 1148 2570 de
1173 2543 1226 2569 hac
1242 2549 1272 2569 re
1291 2540 1425 2573 ediderat,
1446 2546 1561 2573 quorum
1583 2543 1674 2565 tamen
1695 2537 1800 2564 nullum

1011 2587 1153 2622 hucusque
1167 2587 1300 2614 habemus
1312 2586 1365 2613 hoc
1377 2588 1473 2612 nostro
1484 2590 1567 2618 opere
1578 2581 1801 2617 locupletiorem?

1010 2632 1150 2660 Posterius
1175 2639 1231 2659 non
1258 2630 1334 2667 [154]
1367 2630 1446 2658 facile
1474 2629 1684 2657 admittendum.
1710 2627 1801 2663 Longe

1011 2678 1078 2705 mihi
1088 2677 1245 2705 credibilius
1261 2676 1400 2709 Photium,
1418 2675 1463 2711 qui
1482 2675 1664 2703 ostentatione
1684 2673 1800 2708 quadam

1016 2725 1073 2753 fere
1092 2724 1193 2759 ubique
1213 2723 1369 2751 Graecorum
1389 2722 1500 2749 Patrum
1523 2721 1685 2756 theologiam
1699 2720 1802 2754 iactat,

1014 2770 1062 2806 qui
1081 2778 1143 2806 cap.
1159 2769 1193 2798 96
1216 2770 1251 2797 ad
1273 2768 1433 2797 earumdem
1454 2768 1526 2796 dicta
1540 2775 1555 2794 a
1574 2774 1604 2795 se
1623 2766 1666 2793 vel
1689 2765 1802 2793 collecta

206 2888 265 2926 (10)
281 2888 339 2916 Huc
353 2897 441 2926 usque
464 2889 597 2926 ejusmodi
611 2890 777 2926 quaestiones
796 2891 950 2919 accw'alius
969 2893 1134 2926 pertractare
1149 2898 1202 2920 non
1220 2889 1377 2926 potuimus;
1394 2893 1534 2926 speramus
1561 2884 1624 2912 alibi
1659 2889 1710 2913 nos
1743 2888 1804 2910 mea

167 2924 238 2952 liora
250 2924 369 2953 daturos.
