3956 6434
417 387 523 452 407
591 415 599 426 ι

1563 385 1825 449 ΡΗΟΤΙΙ
1863 386 2366 448 ΡΑΤΒΙΑΒΟΗᾸΕ
2406 387 2514 450 CP.

3599 385 3706 450 ἕω

415 501 502 562 vel
532 497 834 571 colligenda
870 507 1151 570 provocat,
1186 500 1383 554 horum
1429 507 1720 563 tractatus,
1748 498 1850 554 etsi
1887 513 1997 554 non
2034 507 2074 560 Α
2105 497 2370 553 rationem
2422 497 2599 562 affert,
2635 495 2779 568 quod
2822 497 2960 554 liber
2989 495 3126 553 nihil
3155 496 3282 554 fere
3312 497 3608 556 contineat
3637 501 3712 556 de

413 607 481 647 ex
528 591 797 661 professo,
828 602 890 646 ut
922 591 1026 647 dici
1053 591 1212 658 solet,
1255 592 1358 646 hac
1385 596 1457 648 de
1488 591 1714 646 materia
1756 601 1998 662 agentes,

415 683 601 753 specie
629 681 896 736 duntaxat
921 689 978 736 et
1009 680 1230 737 silentio
1254 682 1437 752 potius
1455 697 1621 752 quam
1645 680 1852 752 apertis
1880 695 2006 737 ver-

417 776 499 831 bis
529 776 633 832 sibi
666 774 1067 846 quodammodo
1101 777 1344 833 faventes
1387 778 1718 847 reSpexisse.
1745 774 1888 834 Sane
1933 778 2016 833 de-

415 866 569 923 libris
596 869 893 923 multorum
920 884 1179 923 versuum
1223 868 1466 941 (στίχων)
1505 870 1766 940 loquitur,
1801 870 2003 940 quibus

415 959 617 1014 inserta
661 967 819 1015 erant
864 970 1205 1031 argumenta,
1246 976 1367 1032 qua
1394 963 1460 1018 ad
1504 960 1728 1017 Latinos
1771 963 2001 1016 convin-

416 1049 621 1104 cendos
660 1048 855 1104 idonea
906 1051 1221 1120 reputabat;
1263 1066 1326 1106 ea
1377 1067 1499 1122 qua
1543 1053 1596 1106 in
1640 1050 1726 1106 bis
1754 1051 2000 1121 dispersa

417 1147 603 1202 erant,
657 1139 910 1210 colligere
963 1149 1018 1196 et
1063 1142 1346 1211 synoptice
1395 1141 1656 1197 exhibere
1713 1143 1999 1197 consilium

417 1236 672 1299 ceperat;
706 1230 936 1300 proinde
965 1231 1019 1285 hi
1061 1231 1183 1286 libri
1213 1248 1324 1287 non
1358 1232 1412 1286 in
1443 1249 1550 1287 una
1581 1233 1669 1287 illa
1698 1233 2000 1302 quastione

418 1320 795 1376 Versabantur.
825 1323 905 1377 Ad
938 1323 1038 1377 hos
1065 1338 1192 1377 vero
1222 1333 1484 1392 provocat
1505 1322 1734 1378 Photius
1761 1323 1827 1377 ad
1857 1323 2000 1377 anti-

417 1412 682 1483 quitatem
724 1414 1215 1484 auctoritatemque
1241 1415 1356 1470 suis
1382 1416 1543 1471 dictis
1565 1414 1962 1470 conciliandam
1981 1455 1997 1479 ,

417 1505 668 1574 quamvis
690 1505 805 1560 fere
826 1507 1009 1562 omnia
1053 1520 1176 1577 qua
1197 1507 1426 1578 profert,
1451 1506 1652 1578 proprii
1681 1507 1767 1562 sui
1797 1507 2010 1579 ingenii-

417 1594 565 1651 fetus
597 1597 884 1652 exsistant.

489 1687 543 1742 8.
578 1686 716 1743 Tum
771 1689 943 1760 ipsius
971 1688 1091 1745 libri
1119 1691 1285 1747 verba
1314 1698 1431 1747 tum
1468 1692 1591 1748 cod.
1623 1691 1880 1748 Coiumn.
1916 1694 2002 1748 in-

418 1780 646 1852 scriptio
666 1780 898 1837 suadent
948 1781 1144 1838 iibrum
1173 1792 1420 1838 nostrum
1443 1799 1550 1839 non
1569 1799 1726 1841 secus
1740 1786 2000 1851 acilium,

2105 605 2193 655 eo,
2221 590 2366 660 quod
2389 591 2576 645 missio
2600 588 2838 661 Spiritus
2859 589 3035 646 sancti
3059 604 3160 660 per
3195 588 3413 644 Filium
3444 589 3521 645 sit
3567 592 3712 646 ratio

2104 694 2205 735 cur
2249 679 2369 736 Filii
2419 681 2637 736 dicatur
2685 681 2941 753 Spiritus,
2998 681 3142 751 quod
3188 688 3392 736 tamen
3444 680 3504 735 in
3549 682 3713 740 titulo

2106 773 2272 828 trium
2304 773 2554 828 codicum
2579 789 2894 844 expressum
2924 782 3028 830 est.
3054 773 3159 828 Sed
3193 783 3398 845 potest
3429 773 3488 828 in
3519 775 3712 844 primis

2104 865 2210 920 dlci
2244 863 2462 920 titulum
2518 881 2628 920 non
2667 873 2862 930 totum,
2895 866 2976 920 uti
3006 871 3205 930 exstat,
3234 866 3311 919 ab
3349 865 3481 935 ipso
3515 864 3715 921 Photio

2104 957 2274 1012 fuisse
2311 958 2701 1028 prapositum;
2731 958 2928 1013 deinde
2954 967 3136 1028 potest
3168 966 3228 1013 et
3260 957 3403 1012 illud
3427 956 3712 1023 aliirmari,

2104 1051 2206 1106 etsi
2238 1050 2452 1104 titulum
2483 1051 2600 1121 ipse
2646 1051 2923 1122 posuerit,
2977 1061 3157 1106 tamen
3200 1050 3500 1106 dictorum
3553 1050 3712 1121 cupis

2103 1144 2388 1216 abreptum
2413 1146 2574 1214 hujus
2597 1144 2700 1208 rei,
2725 1158 2890 1214 quam
2913 1143 3268 1203 moliebatur.
3297 1141 3711 1212 expositionem

2103 1238 2352 1294 omisisse
2377 1238 2636 1309 pluraque
2665 1238 2895 1293 fortasse
2917 1236 2973 1290 in
3002 1243 3188 1290 mente
3219 1234 3520 1298 habuisse,
3546 1247 3711 1304 quam

2105 1343 2164 1384 re
2195 1330 2308 1400 ipsa
2337 1330 2673 1396 tractaverit,
2721 1329 3024 1400 praesertim
3052 1328 3097 1383 si
3137 1326 3463 1382 intervallis
3491 1327 3710 1396 tempo-

2103 1437 2224 1478 rum
2258 1432 2432 1478 totum
2470 1439 2610 1494 opus
2642 1421 2891 1494 perfecit.
2923 1420 2981 1474 Si
3011 1420 3158 1490 apud
3197 1417 3503 1491 ilugonem
3544 1416 3713 1472 Ethe-

2103 1517 2317 1571 rianum
2348 1517 2406 1587 (i.
2440 1533 2501 1581 li,
2543 1533 2590 1574 c.
2629 1517 2720 1583 20,
2752 1533 2808 1588 p.
2844 1513 3006 1586 1235)
3029 1515 3267 1586 legitur:
3299 1534 3319 1567 ι
3353 1512 3486 1568 Non
3510 1513 3709 1568 dicitur

2106 1605 2343 1677 Spiritus
2393 1608 2514 1662 Filii
2543 1617 2604 1664 ut
2633 1607 3099 1664 consubstantiaie
3127 1616 3184 1662 et
3215 1608 3313 1674 qui
3355 1607 3596 1660 mittitur
3622 1620 3710 1674 per

2103 1699 2300 1766 ipsum,
2336 1709 2394 1753 ut
2424 1699 2603 1754 Photii
2640 1699 2878 1754 declarat
2917 1698 3224 1768 descriptio,
3282 1715 3306 1750 ι
3353 1695 3582 1751 videtur
3623 1695 3708 1752 hic

2105 1789 2378 1858 inscriptio
2426 1789 2813 1860 intelligenda,
2859 1805 3022 1860 quam
3071 1802 3128 1843 et
3173 1785 3340 1857 litigo
3383 1801 3504 1856 pra
3538 1785 3741 1849 oculis,

417 1872 512 1944 qui
533 1845 620 1929 ad
675 1873 1081 1944 Aquileiensem
1127 1876 1415 1946 prasuiem
1453 1877 1657 1934 missus
1703 1878 1842 1943 fuit,
1883 1845 2003 1950 cpi;
2030 1845 2079 1905 Β
2109 1845 2382 1947 habuerit,
2423 1880 2515 1950 qui
2547 1845 2812 1952 praetcrea
2845 1845 2983 1934 nihil
3021 1895 3090 1935 ex
3118 1879 3225 1934 hoc
3259 1845 3442 1948 opere
3491 1876 3704 1947 allegat,

418 1963 573 2023 stola
605 1967 832 2022 formam
864 1981 977 2038 pra
1013 1984 1073 2025 se
1107 1969 1317 2035 tulisse,
1345 1985 1466 2040 qua
1487 1971 1555 2027 ad
1576 1971 1758 2028 varios
1793 1972 2004 2028 directa

416 2058 656 2114 videtur.
695 2058 831 2126 Quis
861 2058 1004 2115 Beda
1034 2061 1329 2133 episcOpus
1359 2061 1557 2127 fuerit,
1599 2063 1686 2118 cui
1726 2063 1849 2120 cod.
1895 2063 2003 2120 Co-

417 2147 617 2215 lumn.,
646 2151 770 2222 quis
800 2150 1098 2216 Eusebius,
1135 2153 1224 2207 cui
1251 2152 1457 2208 Beccus
1485 2153 1685 2209 librum
1713 2169 2003 2226 nuncupa-

415 2249 532 2296 tum
567 2242 731 2305 dicit,
764 2242 1101 2314 ignoramus.
1131 2244 1287 2311 Quod
1316 2245 1385 2300 ad
1425 2245 1723 2302 dictionem
1767 2257 2000 2318 spectat,

413 2335 579 2390 modo
625 2351 689 2391 ea
737 2335 1149 2392 dialecticorum
1197 2338 1374 2392 instar
1406 2338 1626 2394 concisa
1665 2347 1777 2405 est,
1840 2339 2004 2395 modo

415 2426 706 2484 rhetoricis
737 2439 930 2492 cauata
961 2429 1209 2496 tioribus,
1239 2431 1517 2487 interdum
1539 2431 1783 2504 elegans,
1816 2433 2006 2488 rudior

413 2522 572 2586 alias,
603 2523 854 2579 affectata
883 2540 1049 2594 saepe,
1078 2526 1173 2581 sed
1204 2527 1525 2596 plerumque
1546 2528 1838 2599 perspicua
1863 2529 2000 2598 (ll),

411 2632 698 2686 nunquam
726 2619 842 2674 fere
872 2616 1024 2690 [135]
1056 2621 1275 2690 penitus
1301 2622 1413 2676 sale
1437 2622 1716 2676 destituta.
1753 2620 2005 2677 Ostendit

414 2717 718 2776 auctorem,
751 2709 847 2779 qui
897 2711 1069 2766 multa
1104 2711 1339 2783 legerat,
1385 2727 1452 2767 ex
1488 2712 1674 2767 multis
1727 2713 2006 2767 variorum

414 2810 723 2872 temporum
756 2803 1074 2858 auctoribus
1101 2804 1298 2874 stylqu
1330 2804 1434 2859 sxbi
1469 2803 1748 2860 formarat.
1789 2805 2005 2861 Acriter

414 2895 643 2950 omnino
680 2895 907 2951 Latinos
948 2897 1266 2952 insectatur.
1301 2899 1535 2953 Accusat
1567 2914 1661 2953 eos
1701 2907 1816 2953 tum
1848 2900 2004 2972 igno-

419 2987 634 3052 rantia,
660 2988 886 3051 erroris,
912 2988 1179 3051 stultitia,
1203 2990 1449 3055 insania,
1495 2990 1752 3051 vesania,
1778 2991 2001 3057 furoris,

415 3087 533 3134 tum
567 3082 913 3145 temeritatis,
956 3082 1218 3149 audacia,
1265 3083 1637 3153 impudentia,
1681 3092 1794 3138 tum
1827 3085 2002 3139 hare-

2100 1972 2245 2043 quod
2271 1973 2338 2028 ad
2365 1973 2508 2028 hanc
2535 1972 2894 2041 quaestionem
2921 1971 3212 2028 referatur.
3251 1968 3706 2040 Theopltylactus

2104 2065 2242 2136 (not.
2279 2064 2351 2120 52
2368 2065 2435 2121 ad
2455 2080 2574 2136 cap.
2593 2065 2682 2137 60)
2698 2065 2900 2135 aliique
2918 2063 3252 2134 posteriores
3274 2060 3462 2116 Graci
3498 2068 3702 2115 utram

2101 2173 2208 2230 que
2235 2158 2536 2221 rationem,
2585 2157 3216 2213 consubstantialitatem
3252 2170 3322 2210 ac
3355 2153 3701 2216 missionem,

2101 2252 2279 2307 solent
2305 2250 2668 2324 conjungere,
2705 2259 2762 2305 et
2796 2249 3120 2321 propositio,
3163 2264 3273 2319 qua
3301 2247 3551 2319 Spiritus
3583 2244 3699 2300 Filii

2105 2343 2341 2416 Spiritus
2368 2343 2522 2417 [1’56]
2550 2344 2658 2400 dici
2684 2345 2754 2399 ob
2779 2343 3098 2399 missionem
3121 2341 3458 2407 afﬁrmatur,
3483 2338 3700 2395 minime

2101 2453 2132 2488 a
2179 2446 2360 2492 mente
2388 2437 2890 2501 Photii'abhorret,
2926 2435 3017 2506 qui
3059 2434 3201 2506 (cap.
3236 2434 3338 2504 91)
3374 2430 3699 2503 multiplices

2105 2529 2270 2601 hujus
2322 2529 2454 2584 dicti
2520 2529 2762 2584 rationes
2826 2527 3094 2599 assignari
3149 2541 3320 2598 posse
3384 2523 3587 2588 tradit,
3643 2535 3701 2578 ac

2107 2629 2178 2696 (c.
2207 2621 2303 2694 85)
2337 2622 2580 2678 breviter
2605 2630 2662 2678 et
2691 2621 2825 2677 illud
2858 2621 3052 2691 tangit,
3074 2620 3221 2692 quod
3256 2619 3439 2675 Filius
3461 2619 3702 2673 mittatur

2101 2729 2132 2770 a
2159 2715 2368 2785 Spiritu
2399 2723 2610 2770 sancto.
3689 2717 3691 2719 ’

2175 2807 2264 2862 10.
2314 2806 2391 2861 De
2423 2806 2658 2877 Spiritus
2688 2807 2867 2860 sancti
2899 2805 3230 2877 mgstagagia
3273 2802 3486 2859 librum
3516 2803 3699 2858 inscri-

2103 2907 2259 2970 ptum
2308 2899 2480 2953 voluit
2519 2897 2773 2954 Photius.
2802 2897 3140 2954 Vocabulum
3179 2899 3293 2952 hoc
3332 2897 3575 2952 maxime
3601 2894 3696 2966 ipsi

2105 2992 2370 3048 familiare
2410 2991 2549 3063 (12),
2595 3008 2707 3048 non
2747 3007 2906 3048 secus
2950 3007 3016 3047 ac
3067 2993 3466 3062 μυπαγωγεῖν
3510 2990 3619 3062 (15)
3647 2995 3696 3043 et

2111 3083 2470 3155 μυσταγωγός
2497 3125 2512 3150 ,
2558 3083 2756 3139 Paulus
2786 3101 2839 3138 ν.
2881 3100 2962 3156 gr.
3012 3083 3300 3154 apostolus
3349 3078 3568 3153 μύστης
3611 3079 3695 3133 καὶ

415 3187 561 3237 seos,
604 3173 972 3245 polytheismi,
1009 3175 1341 3245 impietatis;
1382 3176 1653 3230 horrenda
1683 3177 1769 3232 eis
1810 3187 1998 3232 contra
2027 3183 2068 3240 ς
2108 3175 2469 3244 μυσταγωγός
2522 3175 2625 3245 ipsi
2680 3174 2880 3230 dicitur
2911 3172 3046 3245 (ll).
3114 3174 3212 3228 Est
3259 3172 3492 3245 proprie
3533 3185 3692 3241 μυστ-

415 3264 580 3322 ﬂdem
621 3267 872 3338 impingit
901 3267 1168 3334 crimina;
1197 3268 1407 3322 artibus
1437 3268 1692 3323 omnibus
1717 3268 1889 3324 utitur
1933 3269 2002 3324 ad

414 3373 513 3415 eos
561 3359 981 3415 confundendos
1020 3369 1075 3415 et
1122 3360 1470 3416 refellendos.
1508 3360 1640 3415 Mira
1671 3370 1756 3417 est
1800 3361 2004 3433 ingenii

413 3451 742 3518 fecunditas,
771 3468 894 3524 qua
923 3453 1084 3508 toties
1105 3452 1250 3508 dicta
1277 3452 1398 3509 aliis
1423 3462 1477 3509 et
1499 3453 1620 3510 aliis
1647 3455 1824 3511 modis
1853 3455 2006 3510 uoiit

415 3545 630 3611 denuo,
684 3545 838 3616 quasi
872 3560 1063 3601 revera
1091 3561 1231 3600 nova
1260 3546 1390 3610 sint,
1439 3546 1778 3616 producere;
1819 3546 2005 3617 iniqua

417 3636 533 3694 fere
570 3652 788 3709 semper
812 3648 897 3694 est
921 3652 1044 3693 cum
1085 3638 1413 3694 adversariis
1438 3639 1632 3710 agendi
1669 3639 1830 3702 ratio,
1865 3655 2005 3710 quo-

417 3744 542 3786 rum
589 3730 894 3786 doctrinam
943 3730 1220 3801 perversis
1258 3746 1369 3784 non
1398 3730 1576 3785 solum
1611 3732 1966 3786 consectariis
1988 3772 2004 3798 ,

419 3822 514 3877 sed
543 3824 708 3878 etiam
742 3823 1288 3893 interpretationibus
1322 3821 1626 3878 fadissimo
1652 3823 1754 3878 sub
1780 3831 2005 3894 aspectu

419 3912 712 3969 ostendere
737 3911 862 3967 totis
893 3912 1098 3967 viribus
1128 3911 1368 3967 anhelat.

487 4004 542 4060 9.
583 4003 776 4075 Operis
803 4003 1088 4059 authentia
1118 4005 1191 4058 ita
1217 4003 1504 4058 manifesta
1535 4013 1636 4069 est,
1673 4014 1733 4060 ut
1758 4004 1829 4060 sit
1869 4014 2006 4060 tem-

418 4111 523 4168 pus
577 4110 922 4161 consumere,
971 4095 1112 4151 velle
1160 4095 1280 4163 ejus
1323 4104 1643 4167 argumenta
1685 4111 2003 4168 congerere.

419 4189 578 4256 Quod
621 4189 688 4245 ad
736 4189 857 4259 ejus
913 4188 1280 4260 integritatem
1339 4198 1569 4258 spectat,
1623 4205 1803 4260 neque
1843 4205 1908 4245 ea
1949 4189 2007 4244 in

419 4280 649 4337 dubium
688 4280 870 4335 vocari
899 4289 1102 4350 potest.
1144 4279 1202 4336 id
1234 4289 1413 4335 tamen
1450 4280 1683 4337 fortasse
1721 4281 2006 4338 dubitandi

489 4459 604 4527 (1-1)
629 4455 747 4513 Non
775 4467 957 4530 tamen
990 4459 1128 4515 male
1164 4459 1216 4514 in
1252 4473 1453 4530 genere
1481 4462 1549 4515 A.
1578 4458 1798 4516 Scottus
1831 4461 2005 4530 (Pra-

419 4531 515 4587 fat.
575 4532 628 4584 in
682 4528 1009 4602 Ampltiloclt.
1041 4546 1136 4601 qu.
1183 4528 1275 4595 18,
1317 4529 1560 4600 Neapoli,
1619 4531 1791 4595 1814,
1824 4528 1880 4602 p.
1929 4536 1998 4601 v)
2031 4537 2080 4598 υ

417 4603 677 4658 monebat
711 4621 724 4656 :
775 4620 794 4653 ι
835 4600 1186 4667 Compertum
1214 4609 1366 4664 est...
1392 4611 1656 4670 quantum
1687 4600 1852 4658 medii
1897 4600 2000 4660 avi

417 4674 732 4742 scriptores,
757 4687 820 4726 ac
849 4672 1075 4726 Photius
1097 4673 1448 4742 ipse,auctor
1467 4673 1667 4742 alioqui
1695 4673 1999 4730 disertissi-

419 4741 561 4807 mus,
602 4760 633 4798 a
682 4744 860 4813 prisca
903 4742 1174 4797 Atticismi
1208 4741 1476 4812 elegantia
1526 4741 1890 4809 desciverint,
1944 4753 2002 4799 et

417 4821 620 4882 quanta
675 4815 914 4884 denique
963 4813 1399 4884 obscuritategex
1447 4815 1638 4868 eodem
1686 4815 2003 4884 scriptionis

420 4884 554 4954 vitio
591 4883 873 4940 sermones
918 4883 1221 4954 praesertim
1265 4883 1575 4954 didascalici
1615 4883 1998 4941 obvolvantur.

421 4951 600 5008 Verba
636 4956 780 5008 enim
836 4951 1109 5020 tec'lmica,
1148 4962 1205 5009 et
1237 4953 1461 5024 quidem
1500 4954 1848 5013 scholastica.
1880 4971 2002 5024 qua

424 5031 556 5077 tunc
608 5025 1054 5093 percrebuerant,
1108 5023 1638 5094 argumentationum
1700 5023 2000 5080 cavillatio-

420 5108 665 5165 numque
720 5095 1079 5160 subtilitates,
1123 5093 1323 5164 quibus
1363 5093 1566 5165 ingenii
1615 5111 1847 5151 acumen
1883 5111 2003 5151 sese

414 5163 692 5236 iactabat,
740 5179 806 5236 ac
851 5163 1200 5236 periodoruin
1270 5163 1669 5234 μεγαὶοκώλων
1728 5167 2000 5236 implicata

419 5234 724 5305 prolixitas,
766 5234 824 5288 in
857 5234 968 5304 qua
1001 5235 1310 5305 prafcipuus
1344 5237 1609 5292 orationis
1651 5234 1834 5292 cultus
1865 5253 2003 5291 con—

419 5304 774 5378 stituebatur,
807 5314 937 5360 sunt
963 5304 1209 5376 quadam
1241 5306 1407 5378 veluti
1445 5305 1858 5378 impedimenta,
1883 5323 2004 5377 qua

418 5375 609 5458 lectori
649 5376 718 5430 ad
748 5391 969 5431 sensum
1010 5385 1157 5430 recte
1189 5377 1485 5432 tenendum
1527 5375 1826 5434 identidem
1857 5375 2001 5450 obji-

416 5456 658 5504 ciuntur.
703 5465 723 5498 ι

489 5517 603 5590 (12)
625 5517 712 5590 C_f.
740 5517 795 5573 in
825 5533 918 5589 op.
944 5526 1277 5590 nostroeap.
1307 5520 1359 5583 5,
1389 5519 1480 5586 20,
1509 5519 1603 5586 25,
1625 5521 1716 5576 24.

365 5603 372 5637 δ
489 5587 602 5658 (15)
638 5588 772 5659 cap.
802 5587 982 5659 2,725,
1008 5589 1100 5650 28,
1132 5587 1300 5653 90,7et
1330 5606 1494 5659 sape.

489 5657 606 5732 (μ)
650 5657 1153 5732 ζξρίῃιιοα-Μαηίεή.
1173 5675 1237 5732 ll,
1270 5659 1360 5724 11,
1384 5657 1664 5732 (Calland.
1696 5659 1839 5714 Bibl.
1887 5660 1998 5716 PP.

415 5728 642 5802 Xii!,___p.
668 5729 820 5802 632.)
851 5730 938 5786 Cf.
970 5746 1072 5802 ep.
1095 5729 1224 5794 205,
1254 5748 1311 5802 p.
1340 5729 1468 5796 502;
1498 5745 1586 5800 op.
1625 5741 1796 5786 nostr.
1824 5749 1872 5786 c.
1910 5735 1997 5786 48.

492 5798 606 5872 (15)
661 5801 862 5872 Suidas
908 5798 1020 5856 sub
1065 5801 1120 5854 ὴ.
1177 5817 1229 5856 ν.
1256 5798 1684 5869 “Μυσταγὼγεῖ·
1725 5804 2002 5872 μυστήρια

419 5869 690 5923 ιπιτελεῐο
729 5869 806 5935 ὡς
847 5872 1123 5944 μυστήρια
1157 5874 1279 5942 ἄγει
1332 5872 1364 5945 ἢ
1399 5869 1736 5927 ἐκδιδάσκει.
1759 5869 1994 5945 Hesych.

2103 3267 2340 3336 αγωγῶν
2386 3266 2479 3338 qui
2510 3267 2566 3321 in
2607 3267 2864 3338 mysteria
2890 3268 3062 3332 ducit,
3093 3267 3187 3337 qui
3221 3266 3341 3321 ritu
3380 3263 3692 3336 mysterioso

2105 3358 2304 3424 initiat,
2343 3368 2650 3422 consecrat,
2681 3359 2772 3428 qui
2803 3359 3058 3429 mysteria
3091 3357 3332 3429 perﬁcit,
3377 3357 3472 3428 qui
3504 3361 3690 3428 myste-

2104 3448 2184 3503 ria
2209 3447 2374 3504 tradit
2389 3464 2453 3504 ac
2477 3448 2639 3504 docet
2657 3447 2802 3519 (15);
2828 3445 2960 3504 hinc
2997 3447 3261 3504 sacerdos
3283 3461 3508 3518 quoque
3545 3460 3691 3515 μυστ-

2105 3540 2322 3609 αγωγός
2348 3549 2699 3610 nuncupatur
2730 3539 2875 3611 (16);
2909 3540 3274 3611 μυσταγωγία
3309 3548 3398 3596 est
3435 3537 3687 3597 initiatio,

2075 3627 2399 3696 'immissio,
2447 3631 2690 3687 inductio
2721 3631 2776 3685 in
2821 3633 3078 3703 mysteria
3105 3673 3120 3696 ,
3173 3646 3335 3688 sacra
3393 3626 3686 3690 institutio,

2111 3723 2254 3780 sacri
2289 3723 2592 3794 cujuslibet
2619 3723 2759 3778 ritus
2787 3725 3054 3795 perfectio
3085 3723 3218 3796 (17).
3254 3722 3433 3779 Porro
3464 3735 3586 3776 cum
3636 3717 3686 3772 in

2106 3815 2482 3871 ecclesiastico
2510 3816 2766 3886 loquendi
2797 3831 2902 3871 usu
2933 3825 3042 3870 tam
3078 3824 3429 3872 sacramenta
3453 3811 3687 3880 sacrique

2106 3908 2245 3962 ritus
2287 3921 2449 3977 quam
2499 3907 2752 3979 dogmata
2805 3909 3127 3965 sublimiora
3174 3908 3520 3978 rationisque
3554 3905 3687 3960 vires

2110 4001 2429 4058 excedentia
2454 4000 2808 4056 nominentur
2839 4003 3140 4074 μυστήρια,
3167 3999 3534 4072 μυσταγωγία
3562 4011 3686 4068 ψιοο

2108 4109 2216 4166 que
2246 4093 2410 4149 modo
2443 4093 2512 4149 ad
2545 4102 2886 4150 sacramenta
2918 4092 3175 4150 Ecclesia
3199 4091 3344 4161 (18),
3377 4107 3442 4148 ac
3472 4102 3685 4162 praser-

2109 4190 2207 4245 tim
2256 4190 2324 4246 ad
2376 4188 2710 4259 baptismum
2745 4187 2858 4258 (i9)
2905 4193 2962 4242 et
2997 4185 3404 4241 Eucharistiam
3439 4183 3569 4254 (20),
3609 4193 3683 4233 re-

2109 4281 2304 4340 fertur.
2339 4297 2404 4336 ac
2429 4295 2572 4352 saepe
2599 4281 2655 4336 in
2688 4279 2979 4352 posteriori
3011 4279 3336 4350 acceptione
3371 4273 3521 4350 [1'57]
3554 4273 3684 4328 idem

2110 4470 2219 4541 sub
2246 4470 2308 4541 it.
2340 4487 2395 4541 γ.
2421 4469 2732 4541 λμ.υστήριρν
2765 4468 2912 4535 ἄγει.
2937 4466 3022 4541 Cf.
3050 4466 3271 4541 Suicer.
3302 4463 3468 4541 Thes.
3499 4465 3572 4541 ib.

2176 4539 2290 4611 (16)
2339 4534 2536 4594 Suidas
2578 4534 3062 4611 ;”’Μυσταγωγόςο
3128 4535 3348 4611 ἱερέεύςο
3389 4534 3615 4611 ῌθδγοὴ.
3663 4547 3676 4584 :

2111 4605 2486 4680 Μύστσγωγός
2503 4628 2519 4643 ο
2551 4609 2734 4680 ἱερεὺς
2757 4610 2787 4661 ὁ
2806 4605 3165 4680 substitisse;
3185 4605 3368 4678 ἄγων.
3397 4605 3536 4662 Sunt
3561 4611 3678 4661 vero

2111 4627 2519 4680 Μυσταγωγοςο
2553 4627 2598 4663 ιε
2637 4627 2734 4673 ευς
2757 4627 2787 4661 o
2806 4627 2933 4672 τους
2957 4627 2972 4679 ε

2111 4627 2725 4804 assignatas:
2748 4679 2972 4804 ﬁt???"

2203 4750 2291 4822 l7)
2320 4747 2530 4822 Siuic'er.
2560 4747 2725 4804 Thes.
2758 4747 2816 4803 lt.
2850 4767 2905 4822 γ.

2207 4807 2294 4889 18)
2326 4821 2443 4878 Huc
2483 4829 2730 4892 spectant
2750 4821 2924 4892 verba
2954 4819 3083 4892 Eus.
3132 4817 3455 4892 Cas._Hist.
3489 4813 3605 4892 eccl.
3635 4807 3674 4892 ξ.

2107 4883 2364 4962 2,“ι).’24
2406 4883 2900 4962 ed.'ﬂein.1829.
2950 4891 3039 4945 Ait
3085 4890 3231 4945 enim
3274 4890 3443 4962 Deum
3473 4883 3676 4962 _Judais

2111 4955 2219 5033 per'
2247 4963 2468 5033 Moysen
2507 4961 2726 5033 dedisse
2760 4961 2960 5032 ﬁguras
2994 4976 3059 5033 ac
3097 4961 3369 5033 symbola,
3401 4955 3595 5033 evéptqv
3620 4965 3674 5033 ts

2109 5020 2741 5106 iton'ctbv_'05mpnpdttov
2788 5020 3098 5106 signarat;
3194 5031 3310 5085 ἀλλ’
3359 5020 3464 5082 ὀὐκ
3495 5020 3672 5084 ἀὑτὰς

2109 5103 2358 5174 ἐναργεῖς
2389 5102 2491 5166 add
2522 5102 2938 5174 puotanﬂOlCo
2974 5172 2983 5174 _
3274 5171 3366 5174 ____
3458 5166 3470 5174 .
3548 5163 3608 5174 ...

2182 5163 2294 5245 (19)
2323 5163 2534 5248 Cyrni;
2557 5163 3440 5248 φῂς)οὲε.-Τὴόοᾲοτθμ-θρυᾱ-Ιμθρ.
3457 5166 3508 5248 in
3540 5163 3667 5248 (list.

2109 5236 2346 5314 dogmut.
2368 5236 2446 5310 'il,
2482 5236 2536 5314 p.
2565 5236 2706 5308 137';
2741 5244 2902 5298 Phot.
2931 5243 3163 5312 Amphil.
3275 5243 3375 5309 45;
3397 5238 3518 5294 Mai.
3537 5236 3670 5290 Nova

2111 5314 2322 5371 Collect.
2360 5315 2406 5371 Ι.
2443 5332 2502 5371 ιι.
2540 5330 2596 5371 D.
2626 5314 2715 5368 99.

2152 5324 2322 5369 oltect.
2361 5324 2406 5382 ι,
2443 5332 2502 5379 ιι,
2540 5330 2596 5382 p.
2626 5324 2715 5368 tm.

2187 5330 2322 5369 ttect.
2361 5330 2406 5382 ι,
2443 5332 2502 5379 tt,
2540 5330 2596 5383 p.
2626 5330 2715 5368 υυ.

2183 5386 2296 5456 (20)
2327 5385 2522 5456 Chrys.
2550 5386 2606 5456 in
2636 5383 2790 5438 Rom.
2826 5400 2935 5456 xvi,
2967 5384 3037 5449 3;
3073 5384 3234 5455 Greg.
3264 5377 3502 5456 Nyssjﬂ
3523 5373 3664 5456 at!!!"

2112 5441 2242 5511 Klee
2270 5441 2308 5510 i.
2339 5472 2414 5522 c.,
2516 5455 2622 5508 170
2641 5472 2655 5515 :
2677 5456 2838 5526 Greg.
2867 5441 2998 5509 Naz.
3027 5441 3292 5519 oratiu,
3402 5449 3503 5526 275
3530 5464 3542 5499 ε

2113 5527 2266 5598 iapix):
2293 5513 2838 5598 xol'tivtg_tpépuuo:é’v
2872 5513 3287 5598 μρσταγῳγεανξ
3315 5513 3397 5577 Cf.
3419 5513 3662 5598 ﬂeat)ch

2109 5577 2188 5650 ΚΓ
2207 5577 2271 5652 ὁ.
2297 5577 2725 5667 ἰίξρῖὀήῖῖὶζὲὰζ
2760 5577 2848 5649 tu.
2872 5577 3031 5650 me
3058 5577 3469 5666 Chrysostomus
3504 5577 3662 5654 quoad

2111 5676 2404 5736 utrumque
2448 5677 2852 5721 sacramentum
2899 5667 3084 5721 fideles
3118 5681 3264 5736 sape
3305 5671 3456 5736 vocat
3492 5668 3661 5736 ξιτξμιέζ

2110 5727 2591 5808 σταγωκξημένους.
2639 5737 2776 5794 Vide
2803 5746 2860 5793 et
2898 5727 3214 5794 Casaubon:
3246 5732 3466 5792 exercit.
3489 5727 3568 5792 16,
3613 5727 3656 5772 in

2110 5808 2251 5861 Ann.
2284 5807 2519 5861 Baronii.

2159 5825 2251 5862 ηη.
2284 5825 2519 5864 1381⁸01111.
