3956 6448
264 396 374 461 409

956 400 1055 461 DE
1094 400 1155 461 S.
1198 401 1390 463 SPIR.
1429 400 1930 461 MYSTAGOGIA.
1968 427 2037 437 —-
2075 401 2815 463 ANIMADVERSIONES.

3408 394 3519 461 410

263 527 331 566 ac
362 508 674 582 λειτουργία
713 508 981 581 signiﬁcat
1010 512 1144 582 (2i),
1173 512 1336 566 modo
1380 512 1447 566 ad
1481 511 1841 583 theologicam
1871 519 1917 573 A
1946 513 2295 566 constitutam
2332 512 2586 576 inveniri,
2626 528 2787 582 quam
2821 510 3023 566 saculo
3064 526 3159 563 XIII
3205 509 3293 563 illa
3323 510 3519 578 adepta

262 602 666 658 institutionem
732 617 1050 673 sacramque
1109 604 1414 658 doctrinam
1477 604 1843 659 denotandam

262 696 592 761 adhibetur;
640 704 802 764 atque
830 696 966 751 adeo
995 705 1110 751 tum
1142 697 1457 766 ἱερουργίαν
1495 706 1608 751 tum
1641 696 1844 766 ἱερολο-

260 788 391 855 γίαν
431 786 835 857 complectitur.
882 786 1217 856 Frequenter
1268 787 1493 840 Photius
1548 803 1839 856 μυσταγω-

263 876 394 945 γίαν
443 876 577 931 dicit
631 875 1035 931 institutionem
1087 876 1480 947 dogmaticam,
1537 875 1843 929 doctrinam

261 967 529 1024 divinitus
562 967 847 1033 traditam;
878 966 958 1021 sic
981 967 1234 1035 θεόσοφον
1262 967 1649 1037 μυσταγωγίαν
1682 975 1843 1020 vocat

271 1058 399 1113 fidei
439 1058 837 1129 expositionem
888 1073 953 1112 ex
983 1058 1443 1113 acumenicorum
1485 1057 1839 1111 conciliorum

264 1148 685 1203 deﬁnitionibus
707 1148 1051 1217 desumptam
1075 1148 1221 1217 (22);
1252 1147 1333 1201 sic
1359 1146 1525 1200 verba
1552 1162 1841 1215 μυσταγω-

258 1241 404 1305 γεῖν,
441 1238 735 1306 θεολογείν,
794 1239 1090 1309 ἱερολογεῖν
1122 1238 1290 1291 veluti
1342 1251 1638 1307 synonyma
1679 1252 1842 1291 usur-

259 1338 356 1398 pat
388 1328 525 1399 (25).
559 1328 624 1383 Et
652 1328 760 1383 hoc
788 1338 947 1397 pacto
974 1329 1029 1382 in
1064 1343 1228 1397 opere
1254 1339 1439 1382 nostro
1465 1344 1653 1383 vocem
1684 1330 1842 1385 intel-.

260 1420 417 1491 Iigit;
452 1420 665 1476 tradere
694 1421 812 1474 vult
842 1420 1143 1475 doctrinam
1177 1434 1385 1473 sacram
1409 1435 1473 1473 ac
1511 1420 1750 1475 divinam
1772 1421 1840 1475 de

260 1508 471 1579 Spiritu
509 1518 718 1572 sancto,
766 1525 892 1565 vera
926 1510 1177 1580 dogmata
1224 1509 1366 1565 circa
1400 1510 1615 1564 tertiam
1654 1510 1839 1564 Trini-

261 1600 393 1654 tatis
446 1616 761 1671 personam.
832 1600 1203 1671 Equipollere
1266 1600 1655 1670 μυσταγωγίαν
1713 1616 1839 1656 cum

257 1691 515 1762 θεολογὶᾳ
562 1707 627 1746 ac
662 1692 955 1763 ἱερολογίᾳ,
989 1700 1043 1747 et
1077 1693 1458 1762 μυσταγωγείν
1503 1707 1628 1746 eum
1662 1690 1840 1744 05010-

255 1785 375 1849 γείν
408 1798 473 1837 ac
514 1783 807 1853 ἱερολογεῖν
845 1784 1187 1854 promiscuus
1235 1783 1429 1837 harum
1472 1799 1667 1839 vocum
1708 1799 1839 1840 usus

254 1873 388 1928 satis
420 1874 740 1929 manifestat
768 1876 904 1945 (24).

325 1965 417 2018 11.
468 1966 669 2032 Quanti
724 1966 983 2021 momenti
1035 1965 1215 2021 Photii
1278 1966 1419 2021 liber
1478 1965 1551 2020 De
1604 1965 1835 2036 Spiritus

250 2059 428 2112 sancti
479 2058 808 2129 mystagogia
862 2058 952 2121 sit,
984 2058 1036 2111 id
1090 2058 1144 2111 in
1197 2058 1387 2129 primis
1420 2065 1590 2127 patet,
1625 2058 1667 2111 si
1709 2073 1836 2112 eum

250 2164 379 2202 cum
432 2149 798 2219 posteriorum
858 2158 1163 2217 temporum
1231 2148 1476 2217 ejusdem
1532 2148 1833 2218 argumenti

249 2240 517 2308 operibus
544 2238 861 2294 Gracornm
885 2238 1235 2294 conferamus
1255 2277 1269 2300 ,
1302 2239 1446 2308 quod
1480 2238 1561 2292 vel
1599 2254 1665 2292 ex
1692 2238 1834 2292 notis

250 2333 384 2387 ideo
421 2331 573 2402 operi
630 2346 662 2386 a
719 2331 879 2386 nobis
926 2331 1191 2400 appositis
1236 2329 1525 2384 constabit.
1572 2329 1727 2383 Patet
1778 2329 1832 2385 id

250 2439 489 2491 rursus,
541 2423 587 2478 si
634 2439 733 2481 eos
775 2423 1225 2487 consideramus,
1271 2423 1363 2492 qui
1411 2438 1511 2493 pro
1552 2422 1832 2477 catholica

248 2515 511 2569 Ecclesia
540 2515 793 2585 dogmate
808 2523 999 2569 contra
1020 2498 1517 2569 Gracoscalamum
1542 2515 1829 2581 strinxere,

246 2607 409 2680 [1581
460 2609 663 2679 quique
704 2624 816 2663 non
869 2624 1062 2679 parum
1114 2623 1239 2661 cum
1289 2606 1470 2663 Photii
1510 2608 1831 2679 syllogismis

244 2701 628 2755 decertaruut.
660 2700 742 2754 Ad
781 2698 1102 2754 Latinorum
1134 2714 1328 2753 manus
1362 2715 1457 2768 per
1505 2700 1607 2753 tria
1636 2700 1831 2754 sacula

244 2792 336 2846 vix
381 2792 485 2846 hoc
514 2806 655 2861 opus
700 2791 967 2862 pervenit.
1026 2790 1238 2845 Saculo
1277 2790 1501 2843 demum
1548 2806 1647 2855 xu,
1679 2789 1832 2860 Hugo

243 2884 608 2952 Biberianus,
687 2886 780 2955 qui
833 2885 977 2956 apud
1028 2885 1333 2939 Manuelem
1383 2883 1406 2936 ι
1446 2885 1828 2954 imperatorem

243 2976 533 3046 singulari-
557 2976 842 3033 fruebatur
898 2978 1093 3049 gratia,
1130 2977 1262 3032 illud
1297 2993 1411 3047 pra
1449 2976 1829 3031 manibusha-

242 3067 367 3122 buit
403 3083 467 3123 ac
501 3068 556 3122 in
579 3068 693 3123 suis
716 3069 875 3124 libris
896 3070 963 3124 ad
995 3069 1357 3123 Alexandrum
1384 3068 1452 3123 III
1478 3069 1661 3124 missis
1686 3083 1828 3122 non-

241 3155 398 3209 nulla
437 3155 557 3225 ejus
585 3156 761 3225 capita
795 3155 1092 3210 confutavit
1113 3156 1249 3226 (25).
1302 3154 1398 3210 Est
1443 3164 1625 3210 autem
1653 3155 1826 3227 Hugo,
1854 3202 1897 3261 ο

242 3254 306 3299 ιιι
344 3246 564 3315 opinor,
618 3246 982 3302 nobilissimis
1031 3246 1299 3317 theologis
1352 3248 1825 3314 annumerandus,

240 3336 340 3405 qui
382 3338 437 3391 in
467 3352 533 3391 eo
561 3352 694 3391 sane
723 3352 833 3392 non
860 3338 1238 3408 imprudenter
1267 3337 1396 3408 egit,
1429 3340 1574 3408 quod
1611 3338 1830 3394 Graco-

241 3442 371 3480 rum
426 3427 649 3481 Patrum
707 3425 941 3482 lectione
1001 3428 1243 3482 nutritus
1299 3428 1553 3496 loquendi
1620 3443 1827 3483 morem

238 3530 438 3571 eorum
483 3517 725 3572 studiose
774 3527 995 3574 secutus
1035 3519 1388 3589 imitatusque
1426 3531 1510 3572 est
1538 3519 1686 3587 (26),
1718 3534 1826 3588 quo

237 3611 568 3679 faciliorem,
600 3623 867 3681 quantum
902 3623 1130 3683 posset,
1160 3614 1230 3669 ad
1263 3612 1626 3668 desideratam
1666 3612 1825 3666 unio-

234 3716 371 3755 nem
415 3710 688 3757 sterneret
715 3703 888 3769 viam;
922 3719 1029 3773 qua
1080 3703 1132 3758 in
1183 3719 1263 3769 re,
1322 3704 1449 3758 licet
1493 3720 1636 3776 sape
1690 3704 1825 3761 dura

236 3793 563 3847 Latinorum
596 3794 917 3866 theologicis
945 3797 1170 3852 auribus
1207 3796 1326 3867 eius
1356 3795 1521 3851 dictio
1554 3798 1821 3864 videatur,

235 3884 552 3943 laudandus
576 3886 761 3957 potius
779 3933 795 3954 ,
824 3902 988 3959 quam
1016 3888 1320 3958 culpandus
1347 3897 1448 3943 est.
1480 3889 1751 3943 (laterum
1778 3890 1823 3943 si

233 3994 351 4033 non
379 3988 577 4034 cuncta
605 3990 861 4035 accurate
890 3979 1263 4050 pertractavit,
1296 3980 1618 4034 meminisse
1656 3995 1823 4049 opor-

232 4077 339 4136 tet,
370 4070 572 4125 saculo
602 4086 680 4124 xu
718 4086 828 4125 non
854 4085 972 4125 eam
1012 4070 1298 4142 theologia
1331 4070 1619 4140 ἀκρίϐειαν
1649 4070 1818 4143 [159],

309 4248 427 4319 (2i)
469 4249 654 4303 Germ.
690 4249 815 4303 Rer.
852 4249 1031 4319 coclea.
1072 4249 1354 4318 contempt.
1386 4248 1633 4319 Galland.
1676 4247 1817 4314 XIII,

227 4334 293 4388 p.
324 4318 475 4383 209;
514 4320 682 4390 Bona,
713 4319 838 4374 Rer.
870 4318 977 4374 Lit.
1030 4320 1066 4373 l.
1099 4336 1180 4390 ru;
1223 4319 1503 4390 Raynaud,
1544 4318 1817 4390 _Onomast.

228 4389 473 4461 Euchar.
506 4388 557 4461 J.
599 4388 779 4461 Da_rtis
812 4390 885 4461 ad
923 4390 1049 4445 dist.
1082 4389 1136 4456 2,
1159 4388 1497 4461 De‘consecr.
1537 4388 1821 4461 Selvaggio

229 4460 418 4513 quit.
446 4460 614 4529 gntiq.
653 4459 781 4514 Chr.
810 4459 848 4513 1.
892 4476 954 4523 ιι,
984 4477 1037 4529 p.
1071 4477 1110 4522 ι,
1147 4476 1197 4514 c.
1238 4458 1292 4521 6,
1323 4459 1350 4529 §
1379 4460 1434 4523 5,
1468 4475 1523 4515 n.
1557 4460 1642 4513 15.

1944 616 2059 670 est;
2092 605 2403 659 meminisse
2454 614 2688 674 oportet,
2720 619 2845 658 eum
2896 603 3130 673 ingenue
3156 601 3313 655 fateri
3348 610 3405 655 et
3434 602 3520 653 vi—

1943 697 2085 751 rium
2115 712 2335 750 suarum
2388 696 2626 765 inopiam
2654 702 2710 749 et
2749 694 2995 749 sublimis
3026 692 3269 746 materia
3289 734 3304 757 ,
3354 708 3518 761 quam

1943 787 2227 847 tractabat,
2261 785 2653 839 difﬁcultatem.
2706 783 2762 837 In
2799 784 3011 852 prafat.
3063 783 3130 837 ad
3186 783 3282 836 lib.
3328 798 3387 836 ιιι
3447 782 3521 834 De

1941 876 2219 929 Itwresibus
2260 892 2393 945 quas
2444 876 2614 930 (Στωσὶ
2660 876 2716 928 in
2754 875 2968 928 Latinos
3009 873 3289 928 devolvunt
3354 871 3517 939 (Bibl.

1942 965 2051 1021 PP.
2077 984 2219 1020 max.
2247 967 2418 1037 Lugd.
2455 967 2621 1031 XXII,
2647 984 2703 1035 p.
2732 966 2869 1019 I257
2913 982 2942 1018 c
2968 964 3013 1035 ),
3049 983 3067 1015 ι
3105 964 3181 1018 De
3211 964 3312 1017 hac
3343 972 3517 1016 mate-

1942 1058 2041 1123 ria,
2075 1060 2268 1128 inquit.
2308 1059 2471 1113 edere
2501 1059 2705 1127 aliquid
2760 1057 3100 1113 formidabile
3138 1067 3253 1124 est;
3288 1072 3416 1109 nam
3464 1056 3517 1109 in

1941 1149 2025 1204 his
2063 1165 2171 1204 non
2218 1150 2391 1203 solum
2425 1150 2638 1203 infirma
2686 1148 2914 1204 facultas
2960 1148 3189 1203 rationis
3228 1147 3519 1201 orationis--

1940 1256 2065 1310 que,
2094 1256 2281 1294 verum
2306 1240 2635 1294 validissima
2666 1240 2753 1293 vix
2777 1256 2835 1294 se
2871 1255 2902 1293 a
2932 1238 3219 1293 mendacio
3250 1244 3517 1305 temperat

1939 1338 1994 1384 et
2030 1329 2099 1383 ab
2143 1329 2462 1383 inconsultis
2506 1330 2803 1383 erroribus.
2852 1349 2869 1381 ι
2904 1328 3044 1383 Hinc
3073 1344 3173 1383 nos
3212 1328 3354 1381 inter
3381 1343 3473 1380 eos
3495 1364 3516 1393 ,

1938 1435 2075 1489 quos
2110 1421 2459 1489 sequentibus
2488 1421 2678 1474 harum
2710 1420 3245 1475 animadversionum
3274 1418 3516 1472 articulis

1938 1523 2127 1567 contra
2152 1513 2408 1566 Photium
2431 1512 2772 1582 disputantes
2793 1513 3132 1578 inducemus,
3161 1512 3306 1565 haud
3328 1511 3516 1564 intimo

1939 1603 2200 1658 subsellio
2226 1603 2577 1657 Etherianum
2612 1604 2987 1659 collocandum
3017 1619 3137 1658 esse
3168 1603 3270 1656 rati
3301 1618 3511 1657 sumus.

1938 1693 2127 1763 Neque
2156 1693 2404 1757 minoris,
2429 1693 2486 1747 in
2512 1694 2697 1748 multis
2727 1695 2891 1748 etiam
2923 1693 3146 1762 majoris
3176 1692 3514 1755 auctoritatis

1940 1796 2026 1842 est
2068 1786 2227 1842 Joan.
2248 1787 2474 1850 Beccus,
2494 1787 2695 1841 virtute
2713 1803 2776 1841 ac
2793 1787 3040 1841 doctrina
3063 1801 3215 1855 aque
3240 1785 3513 1853 nobilissi:

1864 1850 1913 1910 Β
1941 1894 2062 1933 mus
2117 1878 2533 1949 Byzantinorum
2576 1878 2907 1947 patriarcha,
2961 1878 3053 1946 qui
3083 1894 3181 1947 pro
3248 1893 3377 1931 vero
3410 1877 3514 1930 do-

1935 1978 2135 2040 gmate,
2168 1971 2332 2025 semel
2365 1986 2431 2024 ac
2464 1970 2597 2023 illud
2621 1971 2892 2041 cognovit,
2926 1977 3147 2023 strenue
3191 1969 3510 2031 decertavit,

1934 2062 2024 2132 qui
2055 2072 2108 2116 et
2138 2063 2394 2132 Operihus
2425 2073 2480 2118 et
2507 2064 2786 2132 discipulis
2827 2063 2945 2117 suis
2978 2062 3290 2117 Gracorum
3335 2062 3513 2115 natio-

1934 2170 2056 2208 nem
2076 2155 2209 2208 mire
2230 2155 2537 2209 illustravit.
2565 2155 2692 2207 Illud
2720 2164 2899 2209 tamen
2923 2154 3253 2216 notandum,
3276 2151 3511 2206 Bcccunt

1934 2243 1987 2299 in
2015 2253 2151 2298 orat.
2193 2245 2261 2299 de
2298 2262 2391 2299 un.
2431 2245 2577 2301 Eccl.
2608 2245 2800 2315 (Crazc.
2833 2246 2970 2300 ortlt.
3017 2245 3059 2309 l,
3117 2260 3172 2313 p.
3218 2242 3507 2307 154-180),

1933 2332 2059 2389 dum
2094 2333 2271 2387 Photii
2318 2343 2636 2404 argumenta
2669 2335 2915 2403 quadam
2962 2332 3170 2403 profert
3215 2346 3281 2386 ac
3324 2332 3506 2395 solvit,

1933 2442 2037 2480 non
2069 2435 2318 2482 nostrum
2347 2442 2486 2497 opus
2519 2427 2771 2497 allegare,
2800 2426 2892 2479 sed
2921 2425 3243 2494 Opuseulum
3274 2424 3507 2478 alterum

1933 2519 1999 2573 ab
2033 2518 2323 2589 Euthymio
2361 2520 2672 2589 vulgatum;
2702 2519 2840 2572 libro
2878 2532 3009 2571 vero
3042 2533 3125 2579 tu,
3154 2516 3221 2569 ad
3251 2515 3508 2569 Theodo-

1932 2623 2054 2673 rum
2107 2607 2353 2677 Sugdaa
2390 2610 2708 2678 episcopum
2744 2609 2898 2676 (ibid.
2930 2606 2998 2671 ll,
3032 2622 3087 2675 p.
3120 2606 3222 2660 I35
3252 2607 3394 2674 seq.)
3437 2622 3505 2660 ex

1932 2700 2022 2754 illo
2050 2701 2337 2755 manifeste
2367 2701 2633 2755 hausisse.
2657 2700 2780 2762 Alii,
2809 2700 2903 2770 qui
2927 2699 3073 2753 htinc
3101 2698 3275 2752 Photii
3308 2698 3505 2752 librum

1932 2792 2286 2847 refellendum
2345 2792 2451 2847 sibi
2506 2792 2874 2861 sumpserint,
2910 2791 3025 2845 noti
3061 2789 3167 2844 huc
3200 2804 3371 2858 usque
3396 2805 3505 2842 non

1931 2893 2092 2948 sunt;
2125 2885 2220 2939 sed
2264 2884 2445 2954 quoad
2492 2900 2607 2938 rem
2639 2884 2759 2953 ejus
2804 2893 3144 2953 argumenta,
3190 2898 3314 2952 qua
3358 2883 3506 2935 inse-

1930 2975 2214 3045 quentium
2282 2975 2606 3029 saeculorum
2674 2973 3038 3028 schismaticis
3094 2972 3262 3025 veluti
3330 2971 3504 3025 facem

1929 3066 2312 3137 praeferebant,
2338 3066 2563 3136 plurimi
2598 3064 2840 3135 theologi
2871 3063 3105 3119 feliciter
3146 3072 3504 3117 enervarunt.

1928 3158 2040 3213 Nos
2066 3158 2195 3212 dum
2242 3159 2422 3213 varios
2464 3165 2720 3212 auctores
2771 3156 2828 3209 in
2864 3153 3103 3209 medium
3151 3153 3504 3223 proferimus,

1930 3251 2059 3306 licet
2117 3250 2304 3304 selecti
2355 3250 2391 3304 ii
2444 3250 2575 3312 sint,
2625 3263 2969 3318 nequaquam
2999 3245 3328 3315 singulorum
3361 3246 3505 3299 dicta

1928 3354 2112 3400 nostra
2145 3345 2324 3399 facere
2354 3345 2710 3408 intendimus,
2748 3357 2939 3397 verum
2982 3340 3164 3411 potius
3196 3354 3305 3393 uno
3337 3338 3502 3393 veluti

1928 3447 2225 3507 conspectu
2275 3452 2340 3491 ea
2370 3420 2671 3499 exhibere,
2725 3450 2847 3504 qua
2894 3448 2924 3487 a
2979 3431 3241 3496 diversis,
3286 3430 3505 3493 diverso

1927 3537 2191 3599 tempore,
2243 3544 2307 3584 ac
2356 3544 2456 3598 pro
2488 3527 2636 3584 varia
2670 3526 2871 3599 ingenii
2920 3522 3388 3593 institutionisqne
3420 3521 3504 3577 in—

1926 3626 2069 3691 dole,
2097 3636 2284 3683 contra
2301 3625 2540 3696 argutias
2559 3624 2677 3677 illas
2696 3622 2857 3677 modo
2879 3621 3107 3676 feliciori
3132 3630 3324 3681 marte,
3341 3616 3504 3671 modo

1924 3734 2035 3775 non
2065 3719 2197 3775 satis
2240 3717 2419 3791 felici,
2448 3730 2557 3768 non
2593 3723 2777 3769 tamen
2824 3712 2942 3767 sine
2971 3711 3082 3765 ullo
3118 3709 3501 3771 fundamento,

1924 3812 2358 3882 proferebantur.

1926 3950 1931 3955 .
1996 3903 2085 3956 I2.
2116 3903 2191 3957 At
2219 3904 2501 3957 enimvero
2543 3898 2708 3968 hujus
2741 3895 2924 3967 operis
2969 3893 3207 3966 pretium
3233 3890 3503 3976 theologi-

1922 4009 2049 4048 cum
2102 4001 2163 4047 et
2202 3991 2422 4047 aliunde
2473 3998 2641 4061 patet.
2690 3987 2846 4054 Quod
2894 3986 2961 4041 ad
3010 4000 3204 4055 pugna
3248 3983 3392 4037 illius
3434 3982 3503 4035 de

1920 4085 2160 4154 Spiritus
2207 4085 2379 4140 sancti
2402 4082 2553 4156 [140]
2584 4082 2935 4153 processione
2967 4078 3112 4135 varia
3152 4075 3321 4131 stadia
3369 4090 3503 4145 pro-

1921 4267 2099 4331 αἰτίας
2127 4274 2183 4322 et
2208 4258 2381 4339 dpxﬁq
2416 4264 2729 4339 promiscue
2763 4270 3039 4339 utuntur,_
3056 4258 3260 4339 passim
3305 4256 3503 4339 princi-

1921 4340 2067 4407 pium
2102 4331 2388 4408 significat,
2413 4331 2555 4408 quod
2586 4334 2861 4408 postetjus
2890 4331 3215 4408 vocabulum
3244 4331 3505 4408 gravissi—

1918 4398 2025 4463 inis
2060 4398 2209 4463 ducti
2240 4398 2540 4460 rationibus
2566 4398 2725 4474 ('vide
2751 4403 2949 4474 Thom.
2980 4401 3130 4474 Sunt.
3149 4414 3225 4474 _p.
3260 4414 3299 4461 ι,
3318 4413 3383 4474 _q:
3407 4398 3497 4458 55,

1923 4494 1974 4531 a.
2007 4481 2031 4533 1
2064 4479 2130 4533 ad
2162 4480 2186 4531 I
2218 4486 2273 4531 et
2302 4476 2503 4545 Opusc.
2533 4466 2924 4545 contraGrac.
2974 4472 3040 4545 ad
3071 4466 3277 4545 Urban.
3318 4466 3405 4526 IV,
3444 4481 3494 4520 ο.

309 4530 427 4616 (22)
451 4527 628 4616 Plini.
650 4531 830 4616 epistx
860 4532 926 4616 ll;
957 4527 1022 4585 ad
1054 4530 1215 4616 alie-li.
1251 4527 1405 4599 Bulg.
1431 4530 1634 4616 ἐξ-121.
1680 4529 1818 4599 (An-

1930 4527 2031 4613 i):
2054 4527 2644 4616 ᾖιῖωὶυιὲτίιῖιῐῖέηίἱιί.
2681 4527 2797 4597 Alia
2830 4541 3079 4611 exempla
3118 4538 3499 4616 in-framsuppe:

230 4600 375 4670 tiqu.
410 4600 532 4670 lect.
561 4599 730 4670 Canis
766 4600 855 4654 ed.
887 4599 1126 4670 Basnage
1157 4599 1219 4664 Il,
1251 4616 1312 4665 ιι,
1344 4616 1397 4669 p.
1430 4599 1580 4667 397.)

309 4669 427 4739 (23)
473 4668 745 4745 Vide_9p.
797 4678 970 4723 nostr.
1002 4668 1205 4737 c._55;
1246 4668 1483 4739 Amphil.
1536 4670 1629 4737 28,
1677 4674 1823 4745 apud

233 4740 491 4795 Seottum
524 4755 578 4807 p.
610 4739 681 4793 26
711 4750 767 4795 et
793 4755 911 4808 seq.

310 4808 425 4879 (24)
461 4808 635 4882 Quam
678 4826 797 4882 cap.
834 4810 906 4882 20
954 4818 1175 4882 vocarat
1210 4810 1483 4882 προτέραν
1532 4829 1822 4882 μυσταγω-

227 4878 426 4950 γίαν.)
458 4878 667 4933 scilicet
703 4878 1007 4934 doctrinam
1042 4896 1077 4935 a
1119 4878 1337 4934 ChriSto
1386 4878 1545 4936 Joan.
1590 4900 1681 4949 xv,
1722 4878 1819 4950 26,

229 4949 605 5024 enuntiatum,
654 4950 903 5024 eamdem
941 4966 1060 5024 cap.
1090 4950 1180 5024 _25_
1204 4951 1337 5024 dicit
1368 4953 1655 5024 ,προτέραν
1699 4949 1819 5007 0:0;

227 5018 453 5095 λργίαν.
483 5019 615 5087 Cap.
663 5019 728 5073 67
776 5020 903 5095 ait_:
938 5018 1337 5095 _Admirabilein
1366 5018 1512 5076 illam
1553 5018 1821 5095 inystago-

226 5090 420 5162 giam,
469 5103 576 5162 per
636 5105 798 5162 quam
858 5089 1124 5162 Spiritum
1191 5106 1257 5162 ex
1295 5092 1468 5162 Patre
1523 5089 1820 5162 procedere

231 5159 547 5231 theologica
563 5161 774 5214 ratione
796 5161 1155 5229 pradicamus
1177 5159 1603 5231 (θεολογοῦμείι),
1626 5165 1819 5219 adver-

228 5229 413 5353 sagios
435 5239 746 5298 pervertere
769 5230 1004 5301 propriis
1029 5231 1141 5286 suis
1169 5231 1440 5302 figmentis
1461 5229 1525 5287 et
1549 5233 1820 5289 inventio-

229 5316 288 5353 ιιι
337 5316 423 5353 us.

229 5316 423 5353 IIIDIIS.

309 5370 428 5439 (25)
455 5369 609 5435 Quod
639 5369 709 5424 ad
738 5370 1044 5424 versionem
1058 5371 1361 5441 verborum
1395 5371 1569 5426 Photii
1601 5374 1816 5441 attinet,

232 5440 435 5513 durius
482 5442 690 5509 judicat
727 5440 980 5513 Petavius
1021 5440 1121 5510 (De
1166 5441 1308 5495 Trin.
1339 5458 1438 5508 vu,
1464 5459 1522 5513 ρ.
1553 5444 1609 5501 2.
1643 5461 1697 5498 n.
1738 5440 1816 5513 4),

234 5507 525 5580 Hugonem
569 5527 633 5566 ea
672 5527 783 5566 non
824 5507 1036 5580 integre
1059 5513 1418 5567 transtulisse.
1464 5511 1663 5568 Verum
1712 5507 1818 5570 Pe?

235 5584 484 5653 taviuse
521 5581 697 5635 Photii
730 5582 986 5653 operibus
1014 5583 1340 5653 encyclicam
1374 5591 1581 5637 tantum
1613 5585 1817 5653 cpisto-

235 5651 347 5704 Iam
394 5650 481 5704 hic
529 5668 641 5721 pra
671 5652 845 5706 oculis
879 5650 1134 5721 habuisse
1165 5652 1398 5717 videtur,
1424 5668 1528 5708 nec
1568 5650 1816 5710 nostrum

235 5735 383 5795 opus
413 5720 668 5795 inspexit,
703 5737 733 5775 e
765 5736 874 5795 quo
905 5720 1019 5774 fere
1048 5722 1229 5776 omnia
1259 5723 1436 5777 Photii
1472 5725 1640 5779 verba
1695 5742 1817 5795 qua

235 5790 432 5855 aifert,
471 5791 560 5844 ille
596 5790 918 5860 desumpsit.

310 5860 427 5933 (26)
460 5862 550 5917 Sic
596 5877 770 5917 causae
798 5861 1051 5929 nomine,
1092 5877 1245 5933 aeque
1275 5878 1339 5919 ac
1379 5864 1549 5921 Graci
1594 5867 1816 5925 vocibus

1924 4605 2262 4673 di'tabuntur.
2309 4615 2618 4671 Universim
2652 4629 2782 4687 vero
2826 4628 2964 4687 opus
2993 4605 3187 4663 'nostri
3219 4605 3496 4687 _Theologi

1923 4689 2099 4758 quoad
2130 4687 2407 4758 majorem
2440 4694 2645 4758 partem
2685 4685 2818 4758 adeo
2852 4682 3163 4758 Graecorum
3202 4677 3496 4730 dictionem

1924 4749 2151 4817 redolet,
2187 4749 2246 4811 ut
2282 4755 2412 4810 illud
2440 4749 2631 4827 potius
2662 4770 2692 4807 e
2712 4752 2901 4827 Gneco
2931 4751 2995 4827 ιιι⁵
3015 4749 3266 4803 Latinum
3289 4760 3498 4827 sermo-

1922 4844 2046 4881 nem
2078 4827 2396 4883 translatum
2423 4820 2848 4895 d'iceres,_quam
2883 4820 3078 4895 Latine
3104 4820 3495 4895 conscriptum,

1919 4897 2025 4969 nisi
2066 4898 2290 4969 aliunde
2318 4904 2622 4969 constaret,
2640 4886 2937 4969 diugonem
2966 4890 3157 4943 Latine
3179 4886 3495 4969 scripsisse.

1922 4968 2144 5023 Exstitit
2193 4974 2331 5021 teste
2375 4965 2572 5020 Allatio
2605 4964 2705 5030 (De
2737 4957 2916 5016 iacies.
2949 4958 3309 5019 consensione,
3347 4957 3383 5010 l.
3435 4973 3495 5030 ιι,

1921 5051 1970 5091 c.
1999 5039 2055 5098 2,
2100 5054 2155 5107 p.
2206 5037 2349 5107 654)
2392 5029 2766 5107 Griecaliujus
2795 5031 2979 5107 operis
3025 5030 3233 5107 versio,
3282 5038 3404 5096 qua
3451 5029 3495 5081 si

1961 5099 2195 5162 ublicata
2254 5099 2416 5171 foret,
2469 5099 2690 5159 facilius
2728 5104 2798 5157 de
2833 5099 2955 5171 hac
2992 5115 3052 5154 re
3103 5099 3495 5171 iudicaremus.

1949 5179 2050 5232 Iihi
2101 5193 2208 5249 non
2246 5168 2563 5249 incredibile
2614 5174 2828 5249 videtur
2861 5169 3144 5249 Hugonem
3181 5168 3499 5249 Constanti.

1920 5248 2102 5316 nopoli
2150 5247 2336 5303 Grace
2377 5246 2769 5317 quadamrpro
2815 5244 3144 5312 imperatore
3187 5244 3494 5317 scripsisse,

1921 5318 2202 5388 hacvero
2241 5318 2434 5371 Latino
2480 5316 2697 5388 eloquio
2729 5329 2937 5388 _rur_s_us
2986 5316 3397 5388 per-tractatam
3442 5316 3493 5360 in

1921 5396 2030 5458 tres
2051 5387 2219 5458 libros
2241 5394 2494 5456 congesta
2514 5379 2702 5458 amicis
2722 5379 3164 5458 occidentalibus
3184 5379 3494 5458 tradidisse.

1920 5457 2269 5529 Prafationes
2315 5451 2576 5529 librorum
2621 5451 3113 5529 ejusdemklegenti
3146 5451 3495 5529 idnonsine

1915 5528 2270 5583 fundamento
2299 5528 2504 5581 dictum
2530 5517 2846 5596 apparebit.
2874 5517 3097 5596 neruum
3132 5519 3267 5574 mihi
3313 5526 3368 5571 et
3393 5517 3496 5596 hoc

1916 5614 2236 5668 persuasum
2257 5606 2363 5659 est,
2401 5596 2495 5666 qui
2528 5586 2768 5668 Hiigonis
2799 5592 3261 5668 philosophemata
3292 5597 3347 5668 et
3376 5586 3496 5639 dia—

1918 5658 2139 5723 iecticos
2159 5658 2435 5740 excursus
2454 5658 2677 5740 uberius
2704 5658 2979 5740 scrutatus
3010 5658 3193 5740 fuerit,
3229 5658 3358 5740 inde
3382 5670 3493 5735 non

1914 5740 2137 5809 exiguos
2166 5727 2378 5792 fructus
2410 5752 2508 5805 pro
2540 5735 2766 5809 historia
2795 5730 3156 5803 philosophia
3195 5727 3363 5783 medii
3390 5727 3493 5780 avi

1916 5806 2041 5864 ante
2071 5809 2337 5863 Thomam
2375 5822 2498 5862 eum
2533 5806 2907 5862 collecturum.
