3956 6482
250 448 357 516 413

944 461 1041 521 DE
1082 464 1141 523 S.
1198 465 1397 527 SPIR.
1439 467 1939 528 MYSTAGOGIA.
1971 496 2038 505 --
2075 472 2820 540 ANIMADVERSIONES:

3418 480 3524 543 411

252 563 628 617 decertarunt.
665 565 944 632 Attamen,
966 579 1026 623 ut
1052 587 1230 641 pugna
1256 572 1459 629 Graecis
1482 584 1655 630 evoto
1675 577 1834 631 cetle—
1864 601 1907 649 Α
1936 578 2091 633 duxit
2131 581 2376 645 Photius,
2428 584 2526 638 sed
2562 596 2616 640 et
2650 587 2909 641 methodo
2959 589 3190 658 quadam
3252 601 3307 645 et
3341 595 3523 647 studio

248 662 358 757 ret,
387 664 536 710 certa
568 658 814 726 quaedam
847 662 1106 731 principia
1134 674 1291 721 erant
1336 668 1742 733 constituenda,
1779 680 1835 723 et
1934 675 2201 729 acerrimo
2254 691 2378 730 cum
2439 688 2731 748 systemate
2768 682 2991 737 Patrum
3050 686 3357 757 theologico
3392 705 3515 743 eam

246 746 450 817 quibus
484 749 731 806 doctrina
764 750 972 809 Latinis
1000 759 1273 813 contraria
1304 759 1660 826 stabiliretur,
1692 777 1832 831 quo-

245 854 480 909 rumque
514 858 619 912 ope
642 845 1027 901 auctoritatum
1073 851 1215 905 dicta
1247 867 1415 921 scopo
1445 855 1831 908 accommoda-

245 940 459 987 rentur.
492 932 559 988 Et
593 935 683 991 hic
711 936 813 990 'uit
838 938 1017 993 Photii
1048 941 1219 1007 labor,
1255 944 1348 1013 qui
1382 960 1481 1014 pro
1508 946 1591 999 sui
1625 946 1829 1014 ingenii

243 1020 507 1077 facultate
557 1040 621 1079 ea
678 1027 887 1096 primus
945 1032 1127 1100 posuit
1174 1031 1529 1087 fundamenta
1571 1044 1627 1089 et
1656 1034 1828 1089 facem

242 1115 485 1183 praetulit
514 1118 728 1174 cunctis
757 1122 1002 1191 ejusdem
1036 1124 1321 1180 sententiae
1354 1126 1633 1194 patronis;
1665 1126 1829 1180 uber-

239 1207 444 1263 rimum
496 1211 614 1281 ipse
671 1212 876 1269 fontem
923 1217 1157 1286 aperuit,
1209 1218 1276 1271 ei
1325 1234 1434 1288 quo
1474 1234 1574 1288 per
1630 1220 1827 1274 saecula

240 1298 591 1369 insequentia
629 1304 884 1375 pleraque
929 1322 1026 1360 sua
1059 1307 1311 1373 hausere,
1358 1307 1671 1378 quicunque
1703 1308 1827 1380 Spi-

240 1390 381 1446 ritus
414 1396 591 1449 sancti
624 1412 689 1450 ex
718 1398 854 1452 Filio
888 1400 1295 1467 processionem
1342 1401 1751 1472 impugnarunt.

310 1488 401 1542 15.
437 1488 690 1545 Rationes
720 1493 1021 1565 theologicae
1063 1495 1533 1551 schismaticorum
1586 1513 1651 1553 ex
1682 1513 1825 1551 non-

240 1581 409 1635 nullis
443 1582 732 1655 principiis
759 1588 995 1641 maxima
1030 1603 1098 1643 ex
1124 1598 1278 1657 parte
1298 1590 1539 1658 pendent
1570 1605 1600 1643 a
1626 1588 1824 1645 Photio

233 1675 344 1745 jam
376 1675 656 1731 stabilitis.
699 1677 827 1732 Haec
866 1680 1162 1745 axiomata,
1216 1681 1605 1735 struendorum
1634 1682 1824 1751 sophi-

238 1774 480 1821 smatum
513 1767 893 1833 fundamenta,
922 1770 1016 1840 qui
1051 1770 1193 1825 bene
1234 1772 1596 1841 perSpexerit.
1649 1771 1823 1826 artili-

237 1859 445 1914 ciosam
488 1860 707 1916 illorum
757 1861 1182 1933 disputationem
1234 1879 1301 1918 ex
1356 1864 1568 1936 integro
1621 1863 1823 1935 poterit

1932 775 2282 833 connectere,
2313 766 2497 822 sedem
2530 770 2580 825 ei
2637 783 2957 842 perpetuam
3005 776 3171 845 ﬁgere
3212 780 3265 831 in
3302 779 3524 833 Gr.rco-

1933 870 2052 909 rum
2089 856 2415 925 dogmaticis
2468 859 2927 928 institutionibus,
2976 880 3209 936 eamque
3244 869 3523 938 undequa-

1931 961 2038 1015 que
2066 949 2283 1003 munire
2342 965 2632 1021 aggressus
2676 962 2785 1008 est.
2816 956 2929 1009 Nos
2965 957 3092 1012 hinc
3133 959 3306 1013 tribus
3340 959 3521 1013 conti-

1930 1044 2127 1089 nenter
2181 1037 2427 1093 articulis
2475 1046 2585 1093 tum
2617 1054 2939 1112 argumenta
2974 1062 3041 1100 ex
3086 1050 3410 1103 auctoritate
3450 1049 3520 1103 ab

1930 1133 2159 1195 utraque
2181 1137 2331 1197 parte
2354 1131 2582 1199 prolata,
2610 1150 2734 1201 quae
2764 1135 2822 1189 in
2854 1135 3031 1192 Photii
3061 1139 3202 1194 libro
3235 1142 3520 1210 attingun—

1930 1226 2037 1282 tur,
2068 1220 2265 1275 deinde
2300 1220 2416 1278 haec
2452 1224 2570 1294 ipsa
2598 1226 2866 1283 Photiana
2912 1229 3204 1300 principia,
3239 1242 3518 1301 postremo

1928 1309 2139 1378 potiora
2169 1312 2414 1380 ejusdem
2454 1316 2791 1386 sophismata
2822 1320 3300 1389 perlustrabimus,
3323 1324 3515 1377 catho-

1929 1400 2155 1455 licorum
2185 1402 2563 1475 theologorum
2599 1408 2830 1465 selectas
2859 1411 3160 1465 sententias
3189 1413 3507 1483 rcSponsio-

1930 1506 2137 1562 nesque
2166 1494 2435 1567 adjungen
2445 1505 2548 1553 tes.

1930 1601 2180 1687 [115111.
2213 1634 2283 1647 ——
2310 1610 2632 1687 Argumenta
2667 1628 2731 1666 ea:
2775 1615 3097 1687 auctoritate
3128 1617 3377 1687 utrinque
3424 1634 3512 1686 pe-

2033 1682 2154 1737 tita,
2186 1692 2303 1746 qua:
2338 1682 2544 1747 potiora
2571 1693 2714 1746 sunt,
2749 1686 2984 1739 examini
3015 1682 3393 1754 subjiciuntur.

1994 1766 2048 1822 1.
2081 1766 2237 1833 Quod
2289 1770 2357 1825 ad
2408 1781 2728 1842 argumenta
2791 1785 2999 1847 spectat
3054 1792 3121 1831 ex
3182 1778 3513 1835 auctoritate

1924 1856 2118 1926 petita,
2149 1868 2307 1930 urget
2350 1859 2406 1913 in
2435 1860 2626 1930 primis
2677 1863 2909 1920 Photius
2938 1881 2988 1920 ρ.
3020 1866 3074 1932 2,
3103 1868 3269 1922 verba
3306 1868 3510 1923 Christi

235 1950 563 2020 dijudicare.
596 1952 824 2008 Photius
842 1963 1047 2018 autem,
1067 1965 1126 2009 ut
1157 1954 1269 2010 fere
1302 1955 1503 2025 ubique
1531 1954 1586 2009 in
1622 1955 1816 2009 talibus

1921 1947 2079 2004 Joan.
2132 1967 2222 2013 xv,
2257 1952 2327 2005 26
2362 1966 2377 2003 :
2418 1953 2482 2006 Ὃ
2536 1953 2691 2024 παρὰ
2739 1955 2833 2008 τοῦ
2874 1956 3087 2025 [ἰατρὸς
3124 1959 3508 2030 ἐκπορεύεται,

236 2060 336 2099 usu
369 2046 551 2111 venit,
587 2047 782 2102 miscet
811 2048 949 2102 veris
998 2048 1161 2119 falsa,
1193 2048 1428 2118 receptis
1460 2056 1516 2103 et
1542 2049 1821 2103 concessis

237 2136 519 2207 principiis
549 2155 830 2209 nunquam
878 2141 1216 2195 admittenda
1251 2156 1426 2211 eaque
1449 2140 1644 2195 callide
1690 2141 1822 2212 logi-

233 2245 310 2284 cae
338 2231 753 2287 consecutionis
781 2232 871 2287 ﬁlo
904 2232 1048 2287 inter
1077 2249 1136 2288 se
1168 2233 1471 2289 connectit.
1509 2231 1663 2299 Quod
1694 2233 1820 2287 atti-

228 2327 328 2374 net
358 2320 432 2375 ad
475 2322 743 2393 principia
798 2324 1099 2396 theologica
1150 2325 1219 2379 ab
1253 2324 1511 2379 omnibus
1559 2323 1818 2386 admissa,

227 2412 325 2467 his
346 2414 692 2484 potissimum
716 2416 887 2470 utitur
914 2414 1140 2471 Photius
1174 2417 1250 2472 :l.
1288 2416 1530 2471 Trinitas
1578 2422 1663 2470 est
1698 2430 1820 2470 om-

227 2505 375 2560 nino
461 2506 980 2575 consubstantialis;
1061 2517 1172 2563 tres
1255 2524 1509 2578 personae
1568 2507 1819 2563 eamdem

228 2596 447 2654 habent
472 2600 698 2654 omnino
727 2610 982 2655 naturam
1014 2610 1178 2669 atque
1206 2601 1530 2671 potentiam.
1567 2600 1632 2655 ll.
1662 2600 1821 2653 Pater

226 2699 316 2745 est
346 2692 526 2760 prima
565 2707 749 2758 causa,
794 2693 1031 2763 primum
1061 2694 1413 2763 principium,
1446 2710 1511 2748 ex
1545 2710 1653 2763 quo
1702 2702 1818 2747 tum

228 2781 408 2839 Filius
433 2792 550 2839 tum
582 2784 822 2854 Spiritus
853 2795 1100 2851 sanctus,
1130 2786 1234 2841 etsi
1266 2802 1376 2840 non
1405 2786 1598 2841 eodem
1633 2786 1817 2851 modo,

228 2893 393 2933 suum
426 2893 551 2933 esse
580 2878 931 2949 divinamque
980 2880 1186 2934 habent
1223 2880 1540 2935 essentiam.
1574 2878 1662 2933 Ill.
1716 2879 1817 2933 Es—

223 2970 408 3023 sentia
437 2970 893 3034 communicatur,
938 2972 1034 3025 sed
1081 2971 1398 3041 personales
1452 2971 1819 3041 proprietates

222 3068 359 3113 sunt
384 3060 616 3115 omnino
648 3060 1215 3127 incommunicabiles,
1270 3062 1378 3122 vel.
1422 3070 1481 3117 ut
1523 3061 1817 3133 Gregorius

221 3150 612 3208 Nazianzenus
664 3153 926 3224 loquitur,
980 3152 1042 3207 τὸ
1095 3154 1227 3207 ἴδιον
1287 3153 1522 3207 ἑκάστου
1577 3152 1810 3207 ἀκοινώ-

221 3243 731 3313 νητον.(01’..ἰοςιῐι.
772 3245 966 3301 Theol.
1034 3260 1171 3300 sess.
1216 3244 1284 3299 18
1322 3243 1540 3299 concilii
1588 3237 1816 3298 Floren-

222 3298 346 3399 ιίέιί,
382 3298 551 3391 nim.
577 3298 737 3392 Cone.
770 3298 1282 3407 ιᾉὶῆξιῑξρέοί.)
1314 3298 1403 3391 1v.
1442 3298 1724 3389 Servanda
1754 3333 1813 3387 in
1847 3298 1890 3359 θ

221 3429 491 3484 omnibus
524 3439 609 3484 est
629 3429 816 3483 divina
837 3429 1178 3494 monarchia,
1207 3445 1315 3498 qua
1360 3427 1620 3490 Trinitas,
1654 3440 1815 3495 quam

222 3523 536 3579 Christiani
568 3529 820 3586 adorant,
851 3540 878 3577 a
911 3525 1223 3595 polyarchia
1256 3524 1601 3577 ethnicorum
1632 3534 1816 3574 secer-

216 3617 400 3670 nitur.
440 3615 578 3669 Cum
609 3616 695 3669 his
724 3616 828 3669 alia
859 3616 1018 3670 elTata
1045 3624 1473 3681 connectuntur,
1520 3629 1641 3683 quae
1671 3612 1817 3682 apud

215 3706 514 3778 theologos
541 3716 598 3761 et
629 3708 771 3774 apud
802 3708 991 3761 Patres
1030 3722 1140 3760 non
1182 3706 1362 3760 minus
1390 3716 1504 3759 rata
1532 3716 1589 3759 et
1625 3705 1815 3774 explo-

218 3808 340 3853 rata
369 3806 524 3852 sunt.
562 3799 670 3853 Sed
690 3800 909 3868 propria
954 3798 1134 3853 Photii
1175 3799 1444 3853 axiomata
1490 3797 1596 3866 jam
1642 3796 1814 3865 inspi-

217 3892 461 3946 ciamus.
488 3890 613 3946 Haec
640 3893 853 3962 potiora
881 3900 1010 3946 sunt
1039 3910 1052 3946 :
1078 3892 1121 3945 Ι.
1158 3890 1296 3945 Filio
1319 3906 1538 3961 quoque
1572 3890 1814 3945 tribuere

216 3982 469 4053 Spiritus
521 3984 696 4039 sancti
768 3983 1121 4053 spirationem
1170 3992 1256 4038 est
1313 3984 1413 4036 duo
1454 3982 1511 4035 in
1546 3980 1814 4037 Trinitate

218 4075 381 4149 [141]
413 4084 657 4131 statuere
688 4076 975 4145 principia,
1033 4090 1205 4144 eaque
1255 4074 1399 4127 inter
1458 4088 1517 4128 se
1576 4073 1811 4127 diversa.

217 4165 293 4222 ll.
324 4166 639 4221 Producere
696 4166 959 4236 Spiritum
1016 4174 1263 4219 sanctum
1304 4165 1419 4218 sive
1477 4163 1685 4232 spirare
1731 4171 1816 4218 est

215 4259 559 4330 bypostatica
616 4257 795 4311 Patris
828 4258 1146 4326 proprietas.
1205 4255 1298 4310 lll.
1355 4255 1515 4309 Pater
1547 4254 1813 4324 quidquid

216 4364 288 4404 ex
316 4365 382 4403 se
421 4356 482 4403 ut
527 4365 593 4404 ex
653 4362 819 4404 causa
868 4349 1143 4419 producit,
1175 4350 1384 4401 ratione
1411 4364 1674 4417 persome,
1707 4364 1811 4401 non

216 4452 415 4496 autem
474 4442 681 4494 ratione
713 4451 937 4504 natum,
992 4440 1271 4511 producit.
1306 4439 1394 4494 lV.
1447 4439 1725 4509 Quidquid
1751 4438 1803 4493 in

217 4541 418 4588 sancta
457 4533 725 4588 Trinitate
755 4534 1081 4604 concipitur,
1114 4543 1207 4588 aut
1240 4533 1401 4586 trium
1454 4547 1814 4603 personarum

1922 2042 2076 2112 quasi
2095 2042 2220 2096 inde
2242 2042 2409 2098 Filius
2428 2060 2456 2097 a
2480 2044 2714 2115 Spiritus
2726 2048 2899 2102 sancti
2914 2049 3213 2118 spiratione
3230 2051 3402 2105 activa
3420 2066 3513 2105 ex-

1926 2132 2239 2188 cluderetur
2269 2151 2441 2205 eaque
2462 2138 2555 2189 uni
2579 2135 2725 2191 Patri
2744 2139 3112 2195 vindicaretur
3160 2142 3351 2197 Merito
3381 2159 3508 2198 cum

1922 2223 2084 2279 Petro
2104 2228 2501 2282 Mediolanensi
2523 2229 2629 2299 (De
2646 2247 2787 2299 proc.
2810 2230 2997 2303 Spirit.
3014 2243 3185 2287 sanet.
3207 2250 3256 2289 c.
3276 2234 3505 2301 6,Gra'c.

1908 2318 2126 2372 .orthod.
2159 2318 2344 2375 Romae
2380 2320 2537 2387 1652,
2593 2330 2634 2377 t.
2683 2322 2722 2385 Ι,
2747 2339 2802 2392 p.
2825 2324 2951 2389 584,
2984 2326 3109 2396 585)
3137 2326 3245 2381 Leo
3278 2327 3508 2383 Allatius

1924 2409 1994 2481 (ο.
2035 2410 2275 2482 Hotting.
2320 2429 2374 2483 p.
2413 2414 2540 2468 296.
2572 2413 2656 2470 Cf.
2730 2416 2948 2470 Enclzir.
3000 2417 3075 2471 De
3117 2435 3262 2483 proc.
3311 2417 3504 2487 Spirit.

1920 2512 2089 2557 sanet.
2128 2501 2313 2558 Romae
2373 2504 2536 2571 1658,
2574 2522 2696 2577 cap.
2728 2513 2801 2575 γ’,
2827 2524 2881 2578 p.
2910 2508 3005 2578 ις’)
3063 2528 3081 2560 ‹
3142 2510 3504 2564 criminantur

1925 2593 2255 2648 schismatici
2318 2593 2541 2651 Latinos
2570 2598 2716 2667 quod
2748 2598 2927 2653 verbis
2958 2599 3156 2653 Christi
3189 2599 3391 2653 addant
3440 2617 3505 2653 ea:

1922 2684 2078 2748 Filio,
2120 2702 2222 2741 nec
2259 2688 2594 2743 erubescunt
2629 2690 2732 2760 ipsi
2764 2691 2964 2745 addere
2999 2708 3063 2746 ex
3090 2693 3221 2746 solo.
3264 2693 3503 2762 Utraque

1922 2775 2125 2830 additio
2181 2786 2299 2846 est;
2331 2779 2376 2833 si
2433 2790 2515 2835 est
2556 2782 2849 2851 culpanda,
2881 2798 3049 2852 quare
3093 2800 3203 2838 non
3252 2784 3307 2839 in
3359 2794 3505 2839 utro-

1921 2870 2071 2940 que?
2122 2892 2139 2921 ι
2194 2872 2458 2927 Catholici
2504 2874 2742 2945 theologi
2804 2875 3141 2944 respondent
3183 2876 3506 2946 propositio-

1919 2978 2047 3017 nem
2087 2962 2247 3018 Joan.
2275 2981 2365 3029 xv,
2395 2965 2464 3019 26
2492 2981 2806 3037 expressam
2844 2981 2968 3020 esse
2995 2966 3375 3032 afﬁrmantem,
3400 2984 3504 3021 non

1919 3055 2295 3123 excludentem,
2327 3073 2391 3111 ac
2422 3066 2689 3127 praeterea
2716 3059 2978 3128 implicite
3010 3059 3205 3114 Filium
3242 3059 3331 3114 hic
3353 3077 3506 3114 com-

1919 3150 2230 3215 memorari,
2256 3156 2367 3202 tum
2392 3164 2457 3204 ex
2485 3150 2666 3203 verbis
2695 3166 2817 3204 cum
2864 3150 2948 3205 his
2995 3152 3184 3207 intime
3213 3154 3500 3218 connexis,

1921 3248 2037 3294 tum
2094 3256 2163 3296 ex
2215 3242 2381 3296 certis
2460 3242 2783 3312 theologicis
2838 3244 3168 3313 principiis;
3219 3261 3322 3300 nec
3383 3246 3506 3302 sine

1921 3349 2103 3398 causa,
2167 3334 2278 3389 imo
2328 3350 2428 3404 pro
2479 3350 2632 3390 more
2686 3333 3095 3404 Scripturarum
3147 3338 3502 3407 peculiariter

1920 3422 2065 3478 Patri
2096 3424 2261 3478 tribui
2281 3426 2671 3494 spirationem;
2712 3441 2891 3496 neque
2929 3426 3148 3481 demum
3178 3427 3496 3482 obfuturum

1919 3516 2088 3572 fuisse
2122 3516 2347 3581 Latinis,
2383 3518 2428 3572 si
2455 3519 2659 3574 dictum
2689 3531 2833 3577 esset
2861 3541 2875 3577 :
2905 3522 3009 3587 Qui
3071 3535 3135 3575 ex
3185 3520 3294 3574 solo
3337 3519 3499 3574 Patre

1918 3612 2182 3682 procedit.
2214 3612 2428 3666 Etenim
2498 3614 2816 3684 regulariter
2847 3655 2863 3681 ,
2924 3623 2986 3668 ut
3026 3614 3099 3668 ait
3149 3613 3206 3667 S.
3255 3612 3499 3667 Thomas

1922 3702 2161 3775 (Summa
2184 3704 2340 3759 theol.
2372 3721 2429 3773 p.
2466 3705 2517 3770 1,
2570 3721 2625 3775 q.
2667 3705 2758 3771 56,
2790 3722 2840 3760 a.
2872 3706 2908 3760 2
2945 3705 3013 3761 ad
3050 3706 3128 3774 1),
3170 3724 3189 3756 ι
3222 3704 3386 3759 etiam
3446 3705 3502 3758 in

1917 3810 2070 3850 sacra
2127 3796 2404 3866 Scriptura
2455 3798 2751 3852 tenendum
2809 3806 2912 3863 est,
2962 3798 3107 3867 quod
3147 3798 3201 3851 id
3251 3798 3397 3867 quod
3432 3798 3501 3851 de

1916 3887 2076 3943 Patre
2103 3889 2325 3955 dicitur,
2363 3898 2577 3960 oportet
2603 3891 2671 3945 de
2700 3890 2837 3945 Filio
2880 3890 3127 3961 intelligi,
3159 3890 3366 3944 etiamsi
3420 3890 3504 3943 di-

1917 3978 2019 4031 ctio
2042 3977 2303 4031 emclusiva
2326 3979 2581 4043 addatur,
2615 3979 2721 4033 nisi
2752 3979 2929 4034 solum
2969 3980 3021 4033 in
3058 3979 3164 4032 illis
3208 3979 3264 4032 in
3291 3978 3495 4047 quibus

1918 4068 2079 4124 Pater
2101 4077 2157 4122 et
2177 4069 2348 4124 Filius
2380 4071 2682 4125 secundum
2738 4072 3018 4141 oppositas
3042 4071 3335 4125 relationes
3385 4070 3499 4124 dis-

1916 4160 2256 4232 tinguuntur.
2283 4161 2418 4215 Cum
2461 4161 2607 4216 enim
2664 4161 2928 4219 Dominus
2984 4162 3179 4218 Matth.
3214 4178 3292 4225 ιι,
3321 4161 3453 4215 dicit
3482 4178 3498 4214 :

1914 4252 2083 4308 Nemo
2112 4255 2253 4309 novit
2286 4254 2481 4309 Filium
2508 4255 2609 4307 nisi
2640 4252 2828 4319 Pater,
2856 4271 2969 4310 non
3007 4253 3334 4319 excluditur,
3366 4254 3500 4323 quin

1915 4346 2085 4401 Filius
2113 4362 2173 4401 se
2203 4347 2380 4417 ipsum
2421 4355 2735 4418 cognoscat.
2769 4347 2863 4401 Sic
2899 4347 3080 4419 igitur,
3113 4362 3238 4401 cum
3272 4346 3497 4410 dicitur,

1914 4439 2058 4508 quod
2111 4436 2349 4509 Spiritus
2393 4449 2615 4493 sanctus
2656 4455 2685 4494 a
2740 4438 2901 4492 Patre
2959 4437 3238 4507 procedit,
3284 4436 3497 4491 etiamsi

1915 4530 2205 4585 adderetur
2254 4531 2398 4601 quod
2428 4548 2459 4585 a
2508 4532 2626 4586 solo
2658 4530 2818 4585 Patre
2861 4530 3129 4600 procedit,
3158 4545 3270 4583 non
3310 4529 3499 4583 exclu-

218 4641 504 4680 commune
535 4634 619 4681 est
644 4635 737 4680 aut
787 4642 1039 4695 persona:
1064 4628 1220 4680 unius
1235 4627 1530 4696 proprium.
1566 4623 1630 4679 V.
1666 4623 1814 4677 Nihil
1844 4638 1891 4697 υ
1917 4624 2138 4677 deretur
2184 4623 2309 4677 inde
2362 4622 2550 4689 Filius,
2585 4623 2713 4693 quia
2757 4631 3025 4692 quantum
3064 4622 3133 4676 ad
3182 4622 3289 4675 hoc
3352 4619 3499 4688 quod

214 4715 280 4775 in
303 4714 577 4771 Trinitate
621 4726 798 4786 potest
844 4732 966 4771 esse
1004 4718 1208 4771 duabus
1243 4718 1481 4787 personis
1515 4731 1811 4769 commune.

216 4808 316 4864 Vl.
347 4810 625 4879 Quidquid
654 4811 721 4863 de
762 4809 1028 4864 Trinitatc
1050 4811 1274 4877 dicitur,
1302 4818 1396 4863 aut
1435 4807 1682 4862 naturale
1730 4816 1807 4861 est

215 4910 320 4955 aut
343 4903 736 4971 hypostaticum
769 4902 856 4970 (eo
903 4902 1112 4956 scilicet
1162 4917 1328 4955 sensu
1388 4900 1813 4971 hypostaticnm,

213 5010 331 5065 quo
365 4993 530 5046 unius
572 5009 820 5062 personm
852 4994 1357 5048 characteristicum
1391 5002 1446 5048 ct
1484 4992 1810 5064 proprium).

216 5084 344 5139 VII.
383 5082 473 5138 Uti
507 5083 691 5150 Filius,
727 5083 805 5138 sic
834 5092 888 5138 et
911 5084 1148 5153 Spiritus
1182 5094 1407 5139 sanctus
1439 5094 1524 5138 est
1552 5101 1617 5138 ex
1651 5084 1813 5139 Patre

210 5174 530 5251 immediate
556 5184 603 5226 et
633 5174 889 5241 proxime,
919 5174 1072 5226 nullo
1109 5175 1289 5228 medio
1321 5175 1647 5229 exsistente.
1681 5174 1808 5229 Haec

212 5284 354 5323 vero
390 5266 663 5321 axiomata
696 5266 809 5321 fere
844 5268 1024 5321 omnia
1044 5268 1153 5336 jam
1179 5268 1406 5322 adduxit
1436 5268 1813 5323 Joan.Beccus

216 5370 337 5413 tum
379 5361 432 5413 in
470 5360 679 5414 Camat.
709 5360 996 5414 Animadv.
1032 5360 1142 5429 (Cr.
1165 5362 1299 5413 ortlz.
1329 5361 1393 5422 ll,
1421 5378 1473 5430 p.
1512 5363 1659 5431 191),
1699 5372 1813 5416 tum

215 5463 369 5506 orat.
400 5453 458 5512 2.
508 5454 574 5507 de
610 5453 951 5521 depositione
996 5453 1219 5522 injusta,
1262 5473 1312 5509 c.
1339 5455 1409 5507 ‘24
1440 5455 1596 5519 (Ibid.
1633 5471 1688 5524 p.
1723 5456 1812 5515 75)

216 5556 487 5615 tanquam
521 5561 551 5600 a
577 5545 774 5600 Photio
802 5547 1011 5601 invecta
1045 5556 1101 5601 et
1126 5557 1483 5619 propugnata.
1541 5548 1651 5604 Sed
1697 5548 1814 5605 haec

217 5637 277 5690 in
327 5635 465 5689 libro
506 5647 684 5691 nostro
725 5638 933 5692 disertis
987 5639 1155 5692 verbis
1190 5640 1559 5709 reperiuntur,
1599 5640 1654 5694 in
1705 5657 1814 5711 quo

217 5728 569 5799 potissimum
592 5729 955 5800 theologicum
976 5732 1096 5800 ejus
1113 5732 1349 5801 pretium
1368 5732 1814 5788 constituendum

216 5837 346 5879 esse
398 5838 711 5877 censemus.
758 5822 873 5876 Non
915 5824 1090 5878 solum
1133 5824 1439 5880 doctrinam
1481 5826 1546 5880 de
1579 5825 1815 5897 Spiritus

221 5911 399 5970 sancti
428 5929 488 5968 ex
516 5912 633 5968 solo
658 5912 817 5968 Patre
843 5913 1195 5984 processione
1227 5916 1371 5986 apud
1396 5914 1613 5973 Graecos
1640 5916 1813 5973 intro-

1916 4726 2143 4770 estesse
2164 4714 2317 4787 [146]
2341 4716 2671 4785 principium
2704 4714 2941 4786 Spiritus
2963 4715 3159 4780 sancti,
3186 4729 3298 4768 non
3329 4729 3501 4783 oppo-

1916 4817 2121 4862 nuntur
2148 4806 2310 4863 Pater
2342 4816 2397 4862 et
2421 4808 2611 4873 Filius,
2644 4808 2741 4862 sed
2771 4809 2947 4863 solum
3001 4817 3263 4877 quantum
3296 4807 3361 4859 ad
3399 4807 3503 4860 hoc

1914 4899 2059 4968 quod
2083 4899 2170 4953 hic
2188 4908 2270 4953 cst
2305 4899 2466 4953 Pater
2488 4908 2545 4953 et
2574 4900 2665 4953 ille
2688 4898 2875 4954 Filius.
2919 4918 2938 4952 ι
2974 4899 3231 4953 Solemne
3255 4906 3341 4953 est
3367 4898 3499 4952 illud

1917 4990 2201 5060 Augustini
2242 4994 2422 5061 (tract.
2446 4991 2535 5055 99,
2563 4991 2617 5043 in
2645 4990 2826 5058 Joan.)
2853 5007 2867 5043 :
2900 5009 2918 5040 ε
2948 4989 3003 5042 Si
3027 5004 3156 5060 ergo
3177 4990 3244 5043 de
3262 4989 3420 5042 Patre
3449 4996 3505 5043 et

1914 5082 1980 5136 de
2007 5080 2148 5135 Filio
2173 5083 2418 5151 procedit
2455 5085 2690 5152 Spiritus
2723 5092 2965 5147 sanctus,
2996 5097 3095 5136 cur
3125 5081 3293 5135 Filius
3324 5081 3459 5136 dixit
3485 5096 3497 5130 :

1916 5175 1993 5229 De
2026 5172 2184 5229 Patre
2208 5177 2494 5244 procedit?
2525 5176 2656 5236 Cur,
2694 5184 2879 5245 putas,
2904 5175 3007 5229 nisi
3041 5174 3504 5243 quemadmodum

1916 5268 1983 5322 ad
2015 5283 2141 5321 eum
2173 5270 2315 5322 solet
2351 5268 2557 5322 referre
2589 5276 2646 5322 et
2674 5268 2821 5338 quod
2860 5268 3029 5338 ipsius
3057 5276 3162 5331 est,
3198 5268 3266 5321 de
3312 5282 3420 5335 quo
3449 5274 3506 5320 et

1915 5361 2032 5431 ipse
2057 5362 2171 5415 est?
2209 5359 2365 5416 Unde
2414 5362 2542 5416 illud
2595 5372 2679 5417 est
2733 5363 2878 5432 quod
2926 5362 3003 5415 ait
3041 5379 3053 5413 :
3090 5361 3207 5414 Mea
3258 5359 3503 5412 doctrina

1919 5470 2021 5506 non
2043 5464 2117 5507 est
2132 5470 2270 5518 mea,
2295 5454 2386 5508 sed
2414 5454 2529 5524 ejus
2558 5455 2649 5524 qui
2700 5455 2841 5507 misit
2872 5470 2972 5507 me.
3014 5452 3071 5507 Si
3102 5454 3263 5525 igitur
3294 5451 3499 5505 intelli-

1914 5548 2058 5618 gitur
2115 5547 2204 5602 hic
2249 5549 2368 5617 ejus
2414 5548 2660 5603 doctrina
2691 5588 2705 5614 ,
2762 5564 2925 5618 quam
2981 5557 3163 5601 tamen
3217 5544 3355 5599 dixit
3400 5558 3503 5596 non

1914 5655 2094 5706 suam,
2124 5639 2218 5694 sed
2256 5638 2473 5694 Patris:
2500 5648 2708 5709 quanto
2755 5640 2926 5709 magis
2961 5638 3073 5692 illic
3118 5634 3502 5705 intelligendus

1915 5740 2001 5787 est
2037 5740 2093 5786 et
2120 5731 2188 5786 de
2236 5730 2354 5801 ipso
2398 5732 2698 5802 procedere
2730 5730 2970 5800 Spiritus
3001 5736 3240 5792 sanctus,
3285 5726 3376 5779 ubi
3417 5725 3499 5779 sic

1914 5823 1991 5877 ait
2021 5841 2033 5876 :
2066 5823 2144 5877 De
2187 5823 2347 5878 Patre
2371 5825 2625 5893 procedit,
2655 5831 2717 5877 ut
2752 5838 2865 5877 non
2893 5821 3132 5875 diceret:
3158 5818 3234 5873 De
3272 5834 3354 5873 me
3392 5833 3498 5871 non

1916 5915 2191 5985 procedit?
2220 5935 2238 5970 ι
2272 5914 2507 5973 Uberius
2538 5916 2685 5972 idem
2699 5920 3079 5987 argumentum
3100 5911 3359 5971 evolvunt
3393 5910 3495 5965 Pe-
