3956 6426
216 368 315 433 117

907 361 1006 421 DE
1044 362 1108 421 S.
1144 359 1342 422 SPIR.
1382 358 1881 420 MYSTAGOGIA.
1916 385 1985 398 --
2018 361 2768 424 ANIMADVERSIONES.

3350 360 3458 426 118

216 460 516 535 ostenditur
561 470 723 527 verba
747 468 861 533 illa,
889 469 949 520 ὃν
988 467 1100 536 ἐγὼ
1130 469 1331 539 πέμψω
1372 468 1523 539 παρὰ
1551 467 1646 521 τοῦ
1670 468 1783 519 Πα-

1892 470 2293 541 progressiones
2356 471 2694 541 contingunt,
2748 468 3097 527 insaniunt...
3145 471 3462 527 lndicantnr

212 569 352 639 τρδς,
375 567 436 619 τὸ
463 564 687 634 Πνεῦμα
716 562 813 631 τῆς
857 558 1114 629 ἀληθείας
1162 561 1297 631 (41),
1323 558 1657 614 sufﬁcienter
1681 559 1776 614 de-

212 659 434 719 clarare,
460 670 571 709 non
617 653 809 707 abesse
849 647 1047 703 Filium
1090 663 1121 702 a
1171 648 1408 719 Spiritus
1436 648 1613 705 sancti
1660 649 1778 718 spi-

210 747 438 802 ratione.
493 744 600 801 Sed
626 760 739 816 prae
777 744 990 799 caeteris
1017 743 1317 799 notandum
1360 751 1463 805 est,
1500 742 1782 814 theologo-

211 855 325 893 rum
366 838 503 893 illud
534 845 938 908 argumentum.
972 850 1082 906 quo
1137 850 1206 889 ex
1238 834 1497 889 missione
1545 832 1781 905 Spiritus

208 948 301 1004 per
324 928 551 992 Filium,
581 928 727 982 illius
760 927 828 981 ab
849 927 1041 981 eodem
1067 926 1345 996 processio
1372 926 1778 995 comprobatur.

271 1022 327 1078 5.
366 1020 490 1076 lam
521 1019 692 1091 ipsius
722 1018 901 1072 Photii
929 1032 1047 1073 aevo
1071 1017 1401 1071 Ratramnus
1430 1015 1781 1071 Corbeiensis

205 1116 259 1185 (Ι.
288 1129 327 1178 ι,
353 1128 408 1170 c.
443 1111 495 1179 1,
523 1127 580 1183 p.
611 1109 739 1175 229,
779 1110 866 1164 ed.
898 1108 1092 1180 MIGNE)
1124 1110 1198 1164 ita
1228 1110 1491 1180 arguebat
1524 1127 1536 1162 :
1578 1126 1597 1160 ε
1624 1108 1782 1177 Legi-

207 1206 309 1259 tis:
339 1204 439 1274 qui
488 1219 519 1257 a
551 1202 711 1257 Patre
741 1200 1006 1272 procedit,
1028 1212 1084 1257 et
1110 1203 1299 1256 audire
1324 1217 1434 1256 non
1470 1202 1637 1256 vultis
1696 1202 1781 1256 di-

205 1304 421 1351 centem
464 1292 665 1349 Filium
693 1311 707 1348 :
734 1292 899 1358 Quem
950 1309 1043 1365 ego
1088 1294 1297 1347 mittam
1329 1293 1469 1348 vobis
1523 1310 1554 1347 a
1600 1292 1780 1349 Patre.

208 1388 377 1442 Dicite
424 1387 884 1456 quemadmodum
922 1386 1172 1441 mittatur
1204 1402 1234 1440 a
1264 1384 1435 1453 Filio;
1471 1387 1577 1441 hoc
1620 1402 1779 1440 nam-

207 1492 303 1547 que
332 1476 518 1532 dicere
555 1476 751 1530 Filium
795 1492 907 1530 non
961 1475 1191 1546 negatis,
1216 1475 1260 1530 si
1311 1483 1495 1531 tamen
1542 1474 1786 1547 Evange-

208 1569 332 1623 lium
356 1568 537 1639 legitis
562 1579 658 1623 aut
682 1569 981 1639 Evangelio
1004 1569 1049 1624 si
1086 1568 1328 1624 creditis.
1362 1569 1467 1623 Aut
1497 1585 1626 1641 ergo
1654 1569 1786 1624 mis-

206 1659 415 1713 sionem
464 1659 611 1715 hanc
657 1658 993 1714 confitemini
1049 1659 1451 1729 processionem,
1492 1668 1607 1722 aut,
1640 1658 1785 1729 quod

1880 559 2046 614 rebus
2083 560 2427 635 temporariis
2454 562 2809 630 sempiterna.
2834 560 3080 631 Namque
3109 561 3333 616 mittens
3400 563 3458 615 in

1882 650 2014 705 illud
2055 651 2199 720 quod
2256 650 2510 719 mittitur,
2540 651 2852 723 dignitatem
2900 653 3192 722 quamdam
3232 668 3465 722 prorsus

1880 741 2122 807 obtinet;
2159 752 2213 797 at
2236 743 2289 795 in
2314 754 2499 799 sancta
2519 743 2785 799 Trinitate
2813 760 2925 799 non
2956 753 3040 799 est
3071 745 3151 799 fas
3182 745 3341 799 nobis
3368 745 3456 797 in-

1882 830 2124 901 telligere
2169 832 2331 887 unius
2371 849 2621 903 persona:
2672 835 2727 888 in
2762 834 2921 888 aliam
2970 834 3312 905 dignitatem.
3353 834 3460 889 nisi

1882 937 2001 976 eam
2032 932 2243 977 tantum
2287 940 2406 993 quae
2446 927 2619 979 oritur
2656 943 2721 979 ex
2772 926 3001 997 origine.
3028 928 3157 981 ldeo
3202 942 3379 997 neque
3429 942 3464 981 a

1881 1012 2022 1068 Filio
2048 1014 2285 1078 Patrem,
2321 1031 2498 1085 neque
2538 1033 2568 1070 a
2607 1017 2811 1087 Spiritu
2854 1016 3048 1071 Filium
3080 1018 3205 1086 (nisi
3260 1034 3458 1073 secun-

1884 1105 2012 1159 dum
2034 1106 2452 1175 humanitatem)
2484 1110 2621 1163 mitti
2638 1109 2859 1165 tradunt
2872 1110 3051 1165 divina
3080 1110 3303 1180 Eloquia
3324 1110 3459 1181 (42).

1880 1194 2090 1252 Revera
2136 1196 2283 1270 [151]
2340 1215 2465 1255 cum
2515 1201 2803 1256 missiones
2856 1202 2909 1254 in
2954 1201 3153 1255 divinis
3202 1216 3309 1255 non
3353 1201 3463 1253 siut

1883 1291 2182 1345 secundum
2236 1293 2544 1362 imperium,
2569 1308 2749 1364 neque
2799 1294 3101 1348 secundum
3148 1293 3465 1358 consilium,

1886 1382 1982 1437 sed
2042 1383 2339 1437 secundum
2409 1385 2675 1456 originem
2753 1386 3121 1458 intelligenda:
3156 1427 3171 1451 ,
3226 1385 3462 1457 theologi

1885 1473 2086 1528 exinde
2131 1475 2391 1544 colligunt
2436 1476 2672 1531 divinam
2721 1494 3031 1549 personam.
3063 1496 3184 1549 quae
3229 1479 3469 1534 mittitur

1886 1564 1954 1619 ab
1970 1565 2092 1629 alia,
2130 1567 2197 1621 ab
2218 1582 2278 1621 ea
2300 1578 2446 1623 certe
2474 1569 2674 1623 habere
2701 1570 2988 1640 originem,
3021 1578 3077 1625 et
3103 1587 3226 1625 cum
3261 1587 3289 1625 a
3322 1570 3467 1625 Filio

1889 1666 2114 1712 sanctus
2140 1658 2376 1729 Spiritus
2414 1660 2571 1716 nobis
2600 1662 2989 1715 communicari
3036 1677 3099 1717 ac
3129 1662 3271 1716 mitti
3313 1662 3462 1717 dica-

206 1763 283 1805 cst
321 1750 579 1820 impium,
606 1751 929 1822 obsequium,
962 1761 1018 1806 et
1064 1752 1239 1816 eritis,
1271 1751 1415 1822 quod
1467 1751 1631 1817 absit,
1660 1766 1782 1805 cum
1812 1818 1851 1823 _
1889 1756 1980 1800 tur
2033 1747 2210 1819 (Joan.
2247 1768 2337 1816 xv,
2372 1750 2474 1817 26;
2515 1767 2625 1815 xvr,
2659 1754 2723 1816 7;
2759 1768 2850 1818 xx,
2879 1752 2997 1823 2'2).
3034 1754 3159 1808 inde
3186 1754 3469 1809 deducunt

205 1843 350 1909 Ario,
382 1818 476 1914 qui
513 1818 782 1898 minorem
819 1843 1068 1915 dogmate
1088 1818 1344 1914 perverso
1366 1842 1627 1914 Spiritum
1659 1858 1785 1897 san-
1812 1818 1860 1877 B
1891 1818 2053 1908 hujus
2101 1840 2169 1895 ab
2215 1841 2305 1896 illo
2351 1844 2775 1913 processionem.
2808 1818 2965 1900 llinc'
2993 1846 3327 1915 Augustinus
3364 1846 3471 1918 (De

205 1944 344 1989 ctum
372 1934 654 1989 asserebat
674 1932 883 1989 Filio...
914 1934 1084 2006 igitur
1106 1949 1229 1989 cum
1260 1934 1404 1990 dicat
1427 1934 1614 1999 Filius,
1652 1932 1784 1988 mis-

206 2040 391 2080 surum
423 2039 485 2078 se
516 2038 640 2078 esse
668 2025 932 2095 Spiritum
972 2024 1214 2080 veritatis
1250 2026 1343 2096 qui
1384 2022 1536 2098 [150]
1570 2041 1599 2079 a
1627 2022 1787 2079 Patre

209 2116 470 2188 procedit,
501 2116 749 2188 profecto
786 2118 987 2172 fatetur
1014 2119 1159 2189 quod
1183 2135 1215 2173 a
1243 2134 1303 2174 se
1331 2119 1477 2175 dicat
1499 2135 1622 2174 eum
1660 2135 1787 2190 pro-

205 2210 418 2273 cedere,
466 2211 597 2265 dum
638 2209 927 2265 contirmat
967 2227 1093 2267 eum
1141 2227 1201 2267 se
1242 2213 1481 2268 mittere.
1513 2212 1788 2269 Fortassis

203 2301 562 2370 quaestionem
594 2300 742 2366 facit,
767 2301 911 2372 quod
947 2318 1057 2355 non
1080 2302 1403 2372 simpliciter
1430 2302 1628 2358 dixerit
1666 2302 1787 2356 Sal-

201 2400 367 2448 vator
396 2410 412 2449 :
446 2392 609 2459 Quem
640 2410 733 2465 ego
782 2397 992 2448 mittam
1030 2395 1173 2449 vobis
1197 2436 1212 2461 ,
1259 2395 1355 2450 sed
1399 2395 1668 2450 addiderit
1700 2413 1714 2450 :
1744 2394 1789 2448 Α

200 2484 389 2539 Patre.
420 2484 530 2540 Hoc
557 2485 745 2540 Ariani
769 2501 992 2541 movere
1013 2486 1194 2556 primi,
1227 2487 1451 2558 gradum
1480 2486 1663 2543 facere
1691 2502 1788 2542 vo-

202 2579 385 2631 lentes
421 2577 475 2630 in
498 2576 815 2634 Divinitate.
851 2576 959 2634 Sed
998 2579 1277 2651 Evangelii
1308 2579 1506 2635 veritas
1555 2579 1791 2635 consub-

201 2667 517 2721 stantialem
568 2669 738 2723 totius
815 2666 1102 2725 Trinitatis
1182 2672 1423 2727 ostendit
1502 2672 1788 2728 unitatem.

201 2757 460 2813 Procedit
506 2757 746 2830 Spiritus
789 2770 1013 2817 sanctus
1053 2777 1085 2816 a
1124 2761 1306 2829 Patre,
1348 2764 1473 2833 quia
1533 2765 1600 2819 de
1646 2765 1793 2819 illius

201 2850 514 2904 substantia
575 2860 779 2906 manat.
821 2851 982 2907 Mittit
1018 2869 1237 2925 quoque
1302 2854 1474 2911 Filius
1523 2856 1791 2927 Spiritum

198 2941 451 2995 veritatis
481 2957 509 2995 a
553 2942 737 3007 Patre,
761 2945 892 3013 quia
959 2942 1196 3014 Spiritus
1226 2954 1449 3001 sanctus
1500 2956 1560 3001 ut
1600 2962 1631 3001 a
1656 2947 1793 3002 Filio

200 3034 484 3103 procedat,
516 3033 633 3103 ipse
660 3044 824 3089 natus
840 3044 926 3091 est
947 3051 1015 3091 ex
1031 3034 1213 3102 Patre,
1242 3047 1297 3092 et
1318 3038 1458 3093 sicut
1481 3039 1693 3110 accepit
1723 3039 1791 3094 de

198 3123 361 3188 Patre
407 3124 580 3180 Filius
618 3128 897 3183 nascendo
941 3129 1321 3197 substantiam,
1354 3131 1433 3186 sic
1475 3132 1660 3186 itidem
1698 3148 1789 3188 ac-

198 3216 346 3287 cepit
386 3232 417 3271 a
465 3214 648 3282 Patre,
683 3227 743 3273 ut
785 3217 1047 3291 Spiritum
1077 3221 1316 3277 veritatis
1375 3223 1618 3278 mitteret
1648 3239 1678 3277 a
1732 3238 1790 3279 se

199 3310 575 3378 procedendo.
632 3311 886 3385 Alioquin
947 3328 1070 3367 cum
1125 3313 1312 3368 dicit:
1374 3312 1475 3382 Qui
1538 3333 1570 3369 ιι
1630 3313 1791 3369 Patre

199 3402 476 3472 procedit,
508 3418 616 3456 non
635 3412 848 3474 negata
868 3418 926 3458 se
961 3405 1280 3474 procedere,
1322 3406 1578 3475 quoniam
1610 3407 1790 3461 missio

200 3489 330 3544 Filii
355 3492 626 3561 processio
647 3503 720 3549 est
740 3492 970 3563 Spiritus
992 3497 1198 3561 sancti;
1231 3505 1291 3550 ut
1314 3497 1493 3551 mittat
1526 3498 1789 3568 Spiritum

197 3585 457 3639 veritatis
514 3600 623 3639 non
675 3598 934 3657 tanquam
988 3588 1303 3652 minorem,
1371 3589 1609 3659 jubendo
1668 3592 1783 3662 ipse

201 3677 391 3745 major
439 3675 774 3742 exsistendo,
808 3678 903 3732 sed
940 3679 1213 3735 missionis
1240 3682 1407 3736 verbo
1433 3692 1789 3751 monstratur,

197 3766 321 3834 quia
360 3765 509 3819 sicut
554 3767 801 3835 procedit
857 3767 1093 3838 Spiritus
1146 3771 1392 3826 veritatis
1444 3788 1474 3825 a
1504 3774 1686 3842 Patre,
1715 3775 1793 3831 sic

198 3858 375 3912 etiam
410 3858 660 3928 procedit
688 3875 717 3913 a
744 3857 901 3914 Filio.
942 3880 961 3913 ι
997 3890 1065 3901 —-
1095 3861 1347 3917 Consona
1393 3848 1557 3920 tradit
1587 3865 1792 3922 Beccus

199 3949 275 4019 (in
306 3949 593 4004 Camateri
646 3951 931 4005 Animadv.
987 3966 1037 4006 c.
1076 3951 1129 4006 4.
1161 3952 1226 4008 G.
1278 3952 1341 4009 0.
1376 3955 1441 4020 ll,
1470 3956 1597 4020 297,
1621 3956 1747 4028 298)
1774 3974 1789 4011 :

200 4061 220 4092 ι
254 4040 428 4108 Quod
464 4042 612 4096 enim
641 4040 758 4113 (Sp.
808 4044 1010 4113 sanct.)
1033 4059 1065 4098 a
1101 4030 1261 4099 Patre
1287 4053 1344 4099 et
1373 4046 1509 4101 Filio
1536 4048 1790 4114 mittitur,

196 4144 321 4184 cum
349 4146 384 4183 a
408 4139 609 4186 neutro
630 4132 701 4186 ad
734 4134 946 4185 modum
978 4134 1115 4187 servi
1132 4134 1535 4208 (διακονικῶς),
1568 4154 1793 4209 prorsus

195 4223 538 4276 naturaliter
576 4223 744 4278 veluti
766 4239 834 4278 ex
875 4226 1115 4281 essentia
1165 4228 1450 4299 utriusque
1500 4232 1731 4287 exsistit.
1767 4253 1786 4287 ι

194 4312 264 4367 Et
283 4313 564 4385 Georgius
594 4314 993 4386 Trapezuntius
1018 4316 1117 4388 (De
1148 4336 1255 4373 una
1298 4321 1438 4374 oath.
1470 4321 1618 4381 Eccl.
1649 4340 1698 4380 c.
1735 4328 1790 4392 5,

195 4404 256 4460 G.
291 4404 368 4461 0.
399 4405 441 4470 Ι,
467 4406 594 4473 540,
617 4407 742 4477 541)
773 4425 787 4463 :
826 4428 844 4460 ι
881 4408 1009 4465 Inde
1034 4412 1283 4481 procedit
1309 4411 1548 4483 Spiritus
1572 4429 1794 4487 sanctus

1890 1928 2034 1984 Trin.
2054 1948 2126 1994 iv,
2148 1932 2264 2004 20),
2297 1950 2456 2004 quem
2483 1936 2644 1991 etiam
2667 1939 2891 1992 adducit
2916 1937 3119 1993 Encas
3143 1939 3469 1994 Parisiensis

1893 2024 1963 2094 (c.
1987 2024 2163 2081 (31³ωο.
2192 2042 2242 2082 c.
2280 2027 2385 2094 40;
2419 2027 2618 2094 MlGNE,
2667 2028 2875 2084 Patrol.
2905 2039 2943 2083 t.
2985 2029 3171 2096 CXXI,
3206 2048 3261 2102 ιι.
3301 2031 3461 2101 708):

1897 2134 1915 2168 ε
1949 2115 2129 2185 Pater,
2164 2119 2361 2190 inquit,
2382 2136 2505 2175 cum
2537 2137 2601 2176 ex
2634 2132 2878 2192 tempore
2909 2140 2938 2177 a
2969 2140 3240 2193 quoquam
3263 2139 3468 2195 cogno-

1889 2209 2078 2275 scitur,
2105 2228 2207 2264 non
2231 2212 2426 2265 dicitur
2453 2214 2661 2268 missus.
2685 2213 2802 2267 Non
2827 2214 2973 2269 enim
3003 2214 3167 2269 habet
3187 2216 3255 2270 de
3271 2231 3379 2284 quo
3397 2214 3472 2269 sit

1889 2309 1982 2354 aut
2031 2316 2094 2355 ex
2130 2318 2239 2371 quo
2277 2304 2570 2373 procedat;
2608 2323 2627 2356 ι
2684 2314 2740 2360 et
2795 2304 2946 2377 Hugo
3011 2306 3467 2381 Rothomagensis

1891 2389 2106 2460 (Contra
2150 2393 2332 2447 lueret.
2376 2393 2415 2448 1.
2464 2410 2502 2461 t,
2534 2411 2582 2449 c.
2649 2395 2685 2448 2
2742 2394 2881 2450 Bibl.
2935 2395 3045 2451 PP.
3093 2413 3238 2451 maa.
3289 2394 3467 2467 Lugd.

1891 2489 1935 2537 t.
1971 2481 2139 2550 XXII,
2165 2500 2220 2555 p.
2254 2486 2412 2547 13M)
2440 2506 2452 2542 :
2492 2504 2511 2538 ε
2549 2486 2756 2541 Patera
2788 2488 2938 2542 nullo
2961 2498 3077 2557 est;
3111 2489 3190 2543 sic
3212 2504 3312 2544 nec
3329 2489 3466 2545 mis-

1891 2590 1985 2629 sus
2013 2587 2128 2643 est;
2150 2576 2275 2647 quia
2306 2594 2436 2633 vero
2466 2596 2532 2633 ex
2564 2579 2721 2634 Patre
2743 2590 2826 2635 est
2849 2580 3019 2637 Filius
3044 2591 3101 2637 et
3129 2598 3196 2636 ex
3231 2593 3469 2652 utroque

1894 2664 2149 2737 Spiritus,
2177 2671 2314 2725 bene
2338 2680 2566 2741 uterque
2588 2673 2728 2726 mitti
2756 2675 2951 2743 potuit,
2979 2690 3008 2728 a
3044 2689 3153 2743 quo
3181 2674 3417 2729 exsistit.
3448 2694 3465 2723 ι

1880 2754 2167 2832 δειεθρὶιει
2194 2780 2411 2835 quoque
2450 2766 2554 2821 hoc
2582 2777 2907 2836 argumento
2928 2769 3097 2822 utitur
3128 2767 3279 2839 llugo
3307 2767 3475 2824 Ethe-

1893 2854 2078 2909 rianus
2103 2856 2160 2926 (I.
2188 2872 2260 2921 c.,
2286 2857 2323 2910 l.
2351 2874 2387 2923 ι,
2415 2874 2464 2915 c.
2496 2859 2584 2923 10,
2607 2859 2697 2924 14,
2726 2860 2968 2930 ι).12οι1,
3003 2860 3163 2930 1208)

1961 2949 2015 3005 4.
2055 2948 2161 3004 Sed
2194 2951 2532 3007 reticendum
2567 2953 2657 3007 hic
2686 2970 2796 3007 non
2817 2964 2920 3020 est,
2953 2954 3082 3024 quid
3105 2955 3170 3008 ad
3199 2969 3475 3008 enervan-

1892 3037 2023 3094 dum
2065 3038 2170 3094 hoc
2191 3050 2571 3111 argumentum
2594 3043 2724 3097 alibi
2752 3044 2980 3099 Photius
3042 3053 3265 3099 statuat.
3323 3044 3477 3099 Con-

1898 3130 2070 3184 tendit
2103 3130 2250 3184 enim
2278 3130 2635 3199 (Amphiloch.
2660 3148 2716 3205 q.
2753 3133 2877 3198 188,
2915 3134 3004 3189 ed.
3030 3133 3129 3189 Mai
3180 3132 3312 3189 Vett.
3351 3134 3476 3190 Ser.

1896 3239 2027 3277 nova
2050 3222 2267 3277 Collect.
2290 3222 2332 3289 l,
2364 3240 2426 3288 ιι,
2452 3241 2507 3295 ρ.
2544 3225 2691 3295 180),
2716 3225 3014 3296 quamlibet
3059 3226 3221 3303 trium
3274 3243 3466 3297 perso-

1892 3332 2088 3369 narum
2118 3315 2185 3369 ab
2214 3316 2317 3370 alia
2345 3315 2506 3382 mitti,
2541 3316 2649 3372 imo
2684 3317 2861 3387 ipsum
2916 3317 3129 3372 Patrem
3159 3335 3189 3372 a
3220 3317 3357 3372 Filio
3409 3329 3471 3373 et

1896 3409 2102 3478 Spiritu
2133 3419 2323 3464 sancto
2350 3408 2581 3464 missum
2605 3409 2712 3465 dici
2760 3407 2911 3466 lsaize
2951 3426 3139 3477 vam,
3167 3411 3256 3475 16,
3285 3411 3478 3466 verbis

1895 3500 2037 3554 illis:
2071 3501 2137 3554 Et
2164 3516 2301 3553 nunc
2328 3500 2585 3555 Dominus
2616 3501 2798 3573 (Deus)
2834 3504 2976 3556 misit
3027 3519 3108 3557 me
3143 3512 3191 3557 et
3241 3500 3476 3573 Spiritus

1894 3591 2028 3659 ejus.
2049 3589 2203 3657 Quod
2229 3606 2445 3645 rursum
2471 3592 2522 3644 in
2546 3592 2649 3646 alia
2682 3592 2985 3661 quaestione
3010 3593 3181 3665 tangit
3201 3592 3474 3663 (Galland.

1895 3679 2032 3737 Bibl.
2064 3681 2180 3735 PP.
2204 3680 2345 3745 Xlll,
2373 3682 2497 3745 742,
2525 3682 2651 3752 745)
2701 3682 2768 3737 de
2798 3683 2957 3737 Joan.
2988 3700 3100 3749 xiv,
3142 3684 3226 3746 l0,
3284 3700 3475 3755 agens,

1894 3773 1989 3828 ubi
2022 3772 2468 3845 Chrysostomum
2506 3773 2655 3847 [152]
2687 3774 2898 3830 inducit
2921 3791 2987 3829 ex
3032 3775 3210 3830 allatis
3233 3776 3474 3847 prophe-

1895 3876 1964 3921 ta:
2020 3867 2200 3922 verbis
2230 3868 2690 3924 concludentem:
2738 3868 2825 3932 Ὠς
2859 3868 2901 3922 te
2952 3868 3143 3939 Πατὴρ
3193 3868 3279 3939 εἴη
3333 3870 3475 3922 dno-

1895 3958 2251 4030 στελλόμενος
2282 3959 2432 4031 παρά
2461 3978 2521 4014 τε
2569 3978 2665 4014 του
2697 3961 3018 4031 Πνεύματος
3048 3960 3141 4016 καὶ
3168 3960 3262 4014 τοῦ
3314 3961 3473 4016 Υἱοῦ.

1894 4048 2138 4119 Respicit
2170 4060 2318 4106 certe
2340 4051 2408 4106 ad
2438 4051 2719 4107 homiliam
2757 4053 2826 4108 de
2844 4051 3050 4124 Spiritu
3073 4062 3283 4119 sancto,
3313 4052 3473 4123 cuius

1895 4152 2104 4212 partem
2136 4142 2191 4197 in
2243 4142 2586 4211 Bibliotheca,
2623 4144 2745 4201 cod.
2779 4145 2909 4211 277,
2946 4160 3001 4216 p.
3044 4144 3170 4211 812,
3221 4146 3312 4201 ed.
3350 4154 3465 4200 vet.

1895 4232 2240 4290 recitaverat.
2285 4233 2392 4290 Sed
2431 4237 2486 4290 in
2517 4236 2709 4306 primis
2736 4237 2888 4291 Isaiae
2935 4237 3124 4301 verba,
3146 4253 3269 4311 quae
3321 4252 3468 4307 saepe

1895 4338 2019 4377 cum
2050 4324 2170 4379 aliis
2191 4341 2242 4381 c.
2268 4342 2382 4391 LXI,
2416 4328 2466 4390 1,
2497 4328 2905 4399 coniunguntur
2940 4329 3030 4397 (de
3061 4331 3261 4401 quibus
3315 4332 3477 4386 aliter

1895 4418 2089 4473 statuit
2113 4416 2361 4481 Pbotius.
2395 4420 2611 4474 utinl’ra
2646 4421 2835 4476 videre
2878 4423 3009 4491 est),
3060 4437 3177 4477 rem
3204 4439 3313 4477 non
3350 4441 3476 4493 pro-

194 4498 354 4563 unde
386 4506 443 4553 et
474 4500 749 4568 mittitur;
792 4517 858 4557 ex
886 4501 1041 4559 Patre
1085 4503 1247 4576 igitur
1267 4513 1322 4560 et
1358 4504 1492 4561 Filio
1520 4510 1788 4577 procedit.
1817 4513 1871 4575 D
1901 4509 2053 4563 bant.
2086 4508 2156 4565 Ut
2187 4510 2254 4564 de
2286 4511 2685 4567 recentioribus
2722 4520 3017 4578 taceamus,
3048 4514 3142 4583 qui
3185 4529 3247 4567 ea
3299 4514 3472 4567 ascri~

192 4589 336 4645 Nam
380 4590 474 4661 qui
511 4594 869 4662 temporarias
907 4594 963 4648 in
1006 4595 1117 4650 Deo
1167 4605 1221 4650 et
1269 4596 1471 4653 divinis
1533 4603 1787 4669 personis

266 4701 395 4773 (41)
421 4700 688 4773 Georgius
728 4701 1062 4773 Trapezunt.
1095 4704 1173 4758 De
1194 4722 1301 4759 una
1325 4708 1464 4761 cath.
1498 4706 1646 4764 Eccl.
1671 4724 1722 4764 ο.
1753 4711 1788 4765 5

193 4770 288 4850 (ς.
318 4770 395 4827 Ο.
433 4770 633 4850 1,.540)
663 4770 1046 4850 _illud_:urget,
1080 4773 1341 4844 Spiritum
1387 4777 1477 4833 hic
1514 4778 1627 4850 dici
1669 4780 1789 4850 Spi—

192 4842 376 4896 ritum
455 4840 709 4897 Veritatis
745 4885 759 4906 ,
814 4840 1137 4899 Veritatem_
1168 4861 1298 4900 vero
1378 4862 1501 4902 esse
1591 4840 1786 4910 Filium

191 4911 532 4981 (Joan.x1v,
565 4914 641 4977 6),
673 4914 893 4986 jamque
923 4915 987 4986 id
1028 4933 1070 4986 Aa
1111 4914 1309 4986 Cyrillo
1360 4917 1513 4973 Alex.
1558 4920 1626 4973 ad
1673 4936 1789 4975 rem

191 4992 563 5061 praesentenr
590 4983 818 5061 egregie
851 4983 1039 5039 referri
1066 5026 1080 5049 ,
1111 4983 1259 5061 dum
1308 4988 1535 5061 scribit:
1564 4989 1790 5061 Πνεῦμα

196 5053 319 5132 Ῑᾲρ
372 5053 644 5132 ἀληρείαξ
663 5053 1010 5132 ὠνόμασε-αις
1039 5055 1136 5132 κα).
1160 5055 1275 5132 te}:
1316 5058 1605 5132 X99615“)
1652 5053 1789 5132 alii?

192 5124 357 5199 Oeta,
403 5125 498 5199 xui
547 5127 832 5199 πρρχεξταξ
878 5125 1258 5199 παρ’-αὑτοῦ,
1299 5124 1552 5199 κᾳθὰπερ
1592 5124 1790 5199 ἆμέλᾶι

188 5194 295 5269 δαὶ
352 5193 508 5264 παρὰ
553 5193 832 5269 τὸρζθεοῧ
878 5193 976 5249 καὶ
1029 5196 1264 5267 Πατρός.
1316 5193 1537 5269 (Cyrilli
1578 5193 1668 5269 ep.
1720 5202 1787 5255 ad

190 5265 423 5340 gestor.
481 5265 626 5334 apud
676 5263 932 5340 Qeccum,
957 5263 1161 5340 _epigr.—
1183 5269 1208 5322 1
1234 5263 1356 5340 ;AG.
1386 5263 1461 5325 Ὀ.
1494 5263 1786 5340 ΫΙΙ,’525).

187 5332 280 5407 (Et.
358 5332 902 5407 Batram_n._(lorbei.
956 5332 1190 5407 1.ἰξρ.
1238 5332 1383 5401 79.30,
1442 5339 1531 5393 ed.
1574 5332 1784 5405 Miami,

186 5402 788 5481 gonstant.-_Meliten.
824 5414 963 5481 orat.
997 5409 1050 5471 ι,
1090 5402 1155 5463 c.‘
1175 5408 1247 5481 is
1286 5410 1372 5479 (ϐ.
1401 5407 1465 5464 0.
1516 5409 1582 5470 ιι.
1621 5402 1784 5481 666);

187 5472 762 5561 genuelmghrysob.
820 5476 900 5532 De
962 5494 1107 5547 proc.
1162 5472 1353 5546 Spirit.
1414 5482 1587 5535 sancti
1655 5472 1791 5538 (λ’ἒῖ

187 5550 201 5578 ι
560 5549 570 5561 ι
607 5543 619 5546 '
962 5543 971 5547 '
1204 5543 1212 5546 ’

422 5546 711 5701 ἆὲῗιξέέται
741 5617 895 5689 παρὰ
961 5618 1176 5687 Πατρὸς
1221 5620 1320 5675 καὶ
1364 5620 1497 5674 Υῑοῦ
1531 5636 1546 5652 ·
1574 5621 1787 5677 ἐκεῖθεν

183 5680 247 5738 δὲ
277 5687 667 5738 ὲκποοευεται.
700 5688 822 5738 ὅθεν
855 5689 948 5738 καὶ
974 5690 1252 5738 πέιιπεται
1276 5708 1289 5722 ο
1316 5694 1380 5738 ὲκ
1430 5693 1643 5738 [Iacobs
1695 5696 1787 5738 καὶ

184 5687 247 5738 δὲ
277 5687 667 5756 ἐκπορεύεται,
700 5687 836 5742 ὅθεν
855 5689 948 5742 καὶ
974 5690 1289 5761 πέμπεται·
1316 5694 1380 5746 ὲκ
1430 5693 1643 5762 Harpe;
1695 5696 1787 5746 καὶ

184 5752 339 5837 Υἱρῦ
393 5757 928 5837 ρραᾼὲιιπορεύεται·
948 5775 962 5788 °
1002 5761 1053 5811 oi
1086 5762 1482 5837 rapxpovmd;
1508 5762 1602 5815 ἐπὶ
1626 5763 1785 5837 ⁸Θεοῦ

192 5779 339 5807 ιιυυ
400 5779 507 5826 αρα
560 5779 918 5830 εκπορευεται
948 5779 962 5788 '
1002 5779 1053 5811 οι
1086 5779 1157 5828 γα
1223 5779 1482 5831 χρονικας
1508 5779 1602 5815 επι
1650 5779 1781 5816 υεου

185 5823 291 5878 καὶ
351 5825 461 5882 τῶν
517 5826 677 5897 θείων
727 5828 1079 5885 ὑποστάσεων
1117 5779 1446 5895 afuerant;
1503 5834 1781 5904 προόδους,

1895 4601 2035 4655 bunt
2059 4600 2161 4671 ipsi
2186 4603 2472 4674 prophetae
2504 4603 2639 4675 (45),
2664 4618 2693 4658 a
2720 4601 2974 4659 Patribus
2997 4604 3361 4659 communiter
3384 4605 3476 4658 tri—

1891 4716 2222 4803 ληροῦσιν...
2257 4718 2521 4803 1ηλοῦςιαι
2564 4719 2620 4774 δὲ
2648 4721 2930 4803 ὄμῖωςὶδιὰ
2958 4722 3067 4803 τῶν
3098 4722 3365 4803 xpetitqu
3400 4723 3474 4777 τὰ

1891 4788 2125 4863 ςίώνιας
2153 4789 2214 4840 τὺ
2239 4788 2349 4863 γᾴρ
2377 4789 2596 4863 πέμπον
2624 4788 2761 4863 πρὸς
2780 4792 2842 4845 τὸ
2862 4788 3229 4863 πεμπόμενον
3255 4791 3473 4862 ἀξίωμα

1891 4857 2246 4934 ἔχειμπέντῳς
2287 4857 2602 4934 ὁᾷιριονοζινο
2634 4857 2780 4934 ὲνᾉδὲ
2817 4864 2890 4934 τῇ
2914 4857 3047 4933 ἁγίᾳ
3070 4857 3177 4917 ’καὶ
3225 4857 3472 4934 προσκύ-

1890 4930 2026 5003 νητῇ
2066 4929 2259 5003 Τρι-άδι
2284 4930 2435 4983 οὐδὲν
2454 4930 2673 5003 ἁξζωμᾳ.
2691 4929 3043 5003 ὑποστᾶσεῳξ
3070 4934 3211 5003 πρὸς
3235 4929 3471 4987 onoma-

1893 4996 1978 5051 σιν
1998 4996 2218 5070 fleuit?»
2237 5003 2397 5065 νοεῖν,
2417 5003 2464 5053 εἰ
2491 4996 2565 5070 μὴ
2588 4996 2747 5070 μόνον
2774 5003 2835 5055 τὸ
2859 5003 2919 5068 ὲξ
2936 4996 2998 5055 οὗ
3020 5020 3033 5032 ·
3065 4996 3151 5058 διᾶ
3166 5002 3325 5057 τοῦτο
3346 5003 3471 5058 aliis

1893 5068 2046 5139 παρὰ
2074 5068 2171 5145 τοᾷ
2202 5070 2350 5145 Υῐρζι-
2385 5068 2512 5145 τδνῖ
2539 5068 2939 5145 Πᾲτέραηοῠτε
2986 5074 3137 5145 παρὰ
3168 5074 3263 5127 τοῦ
3292 5076 3469 5128 Ilvati-

1895 5155 2079 5215 μοιτρςΔ
2125 5140 2219 5193 τὸν
2268 5141 2417 5215 nos,
2468 5143 2516 5194 εἰ
2555 5141 2629 5213 μὴ
2678 5140 2822 5215 κατὰ
2860 5145 2923 5215 τὸ
2960 5140 3324 5215 ᾁνθρώπινον,
3366 5148 3473 5200 ἁπ-

1892 5207 2147 5262 εστάλθαι
2177 5212 2309 5283 ποτὲ
2334 5207 2580 5283 λέγονσιν
2618 5207 2675 5266 ἂι
2704 5214 2936 5283 Γραφαί.
2968 5207 3232 5270 Ριαξοιιιιε
3262 5207 3329 5270 de
3384 5218 3468 5272 his

1889 5294 2107 5353 quoque
2161 5281 2402 5353 disputat
2452 5282 2647 5353 Georg.
2687 5281 2920 5340 MétoCh.
2975 5285 3173 5341 Contra
3233 5286 3465 5340 Manuel.

1892 5347 2126 5425 cretens.
2155 5368 2207 5407 c.
2236 5347 2290 5407 9.
2324 5351 2407 5425 (G.
2433 5352 2499 5425 70.
2532 5347 2735 5425 11ξ990
2761 5360 2901 5425 seq.)
2953 5355 3208 5411 Missione
3251 5356 3471 5424 ἀξίωμα

1890 5421 2167 5499 mittentis
2178 5424 2391 5499 ostendi
2410 5424 2570 5499 docet
2585 5423 2727 5478 inter
2749 5421 3062 5499 aliosGreg.
3084 5426 3212 5481 Naz.
3240 5421 3379 5481 orat.
3395 5421 3468 5480 ’57

1891 5506 1946 5561 ρ.
1979 5490 2103 5552 596,
2136 5492 2261 5555 608,
2293 5494 2381 5547 ed.
2415 5492 2533 5547 Bill.

1964 5562 2078 5634 (ἄῤ)
2106 5562 2339 5634 Cornel._
2374 5580 2403 5617 a
2444 5564 2647 5634 Lapide
2685 5564 2742 5620 in
2799 5566 2855 5621 h.
2915 5567 2953 5620 l.
2991 5586 3003 5621 :
3042 5584 3061 5618 ι
3101 5564 3242 5619 Sunt
3304 5566 3471 5620 verba

1890 5648 1999 5705 non
2018 5631 2165 5703 Cyrr.
2202 5635 2296 5688 sed
2324 5632 2493 5705 Isaia},
2520 5631 2610 5704 qui
2665 5637 2863 5692 missus
2897 5646 2985 5691 est
3041 5646 3296 5704 tanquam
3336 5652 3468 5705 pro-

1890 5702 2145 5775 pheta'et
2172 5718 2413 5775 przecoia
2441 5702 2553 5759 Deo
2579 5717 2635 5759 et
2677 5706 2885 5775 Spiritu
2916 5707 3008 5761 Dei
3033 5709 3097 5761 ad
3122 5702 3238 5762 haec
3277 5702 3465 5764 va'tici-
3518 5713 3522 5723 '

1893 5774 2153 5831 nandum.
2184 5792 2203 5827 ι
2239 5774 2325 5830 Cf.
2355 5774 2563 5832 Knobel
2596 5776 2651 5831 in
2685 5774 2740 5831 li.
2768 5777 2804 5835 l.
2829 5776 2958 5845 lsa.,
2997 5793 3056 5847 p.
3083 5776 3208 5834 356.
