3956 6418
528 302 633 369 419

1649 297 1912 359 PIIOTII
1951 295 2449 356 PATRIARCII/E
2483 296 2594 356 (ΖΡ.

3650 296 3745 362 120

525 419 767 473 buuntur
787 412 948 477 Filio,
978 420 1032 466 et
1060 409 1281 481 quidem
1313 416 1633 480 spectatam
1664 409 1929 462 esthonto
1954 406 2065 477 (4-1)
2084 449 2098 472 ,
2131 420 2176 470 Α
2202 406 2512 470 dicendum,
2546 403 2690 476 quod
2719 401 2905 457 missio
2921 415 3031 454 non
3059 398 3235 454 solum
3261 399 3512 470 importat
3537 419 3745 474 proces-

526 505 874 562 necdissidet
905 503 1141 557 homiliae
1188 501 1331 554 illius
1367 510 1578 563 auctor,
1604 507 1663 552 ut
1701 499 1951 554 Petavius
2003 498 2102 565 (De

529 599 672 652 Trin.
719 597 756 650 l.
788 612 910 657 vtu,
967 595 1094 658 c.1,
1131 591 1560 663 §14)ostendit,
1611 591 1738 645 licet
1788 591 2102 660 loquentem

527 703 816 759 personam
870 685 1184 741 Creatorem
1237 684 1362 739 caeli
1413 693 1470 738 et
1521 692 1678 738 terra:
1725 683 2100 753 appellaverit.

530 779 669 833 Hinc
705 787 759 832 et
788 776 1120 847 posteriores
1144 774 1454 830 schismatis
1478 775 1694 844 patroni
1728 790 1835 828 non
1868 789 1934 829 ex
1979 791 2105 845 per-

532 885 667 924 sona
693 869 889 934 Patris,
922 869 1016 922 sed
1039 883 1104 921 ex
1131 866 1248 920 Filii
1291 881 1522 936 persona
1552 866 1714 920 verba
1761 866 1846 920 illa
1897 867 2104 936 prolata

531 962 750 1020 volunt:
783 960 876 1014 sed
917 975 1025 1013 non
1050 967 1304 1027 tanquam
1334 957 1592 1020 hominis,
1631 972 1821 1011 verum
1848 965 2104 1026 tanquam

528 1052 622 1106 Dei
659 1052 793 1121 (45).
821 1051 924 1105 Sed
949 1067 1055 1103 non
1081 1066 1219 1119 opus
1261 1059 1346 1104 cst
1392 1050 1480 1104 his
1527 1049 1733 1103 diutius
1788 1049 2102 1116 immorari;

527 1143 785 1196 dabimus
819 1141 880 1195 D.
947 1141 1174 1195 Thomas
1202 1141 1625 1210 disputationem
1661 1141 1734 1194 rei
1771 1140 2105 1196 illustrandae

531 1234 836 1288 universim
867 1243 1247 1303 opportunam.
1293 1231 1582 1302 Postquam
1625 1231 1894 1301 (Summa,
1961 1233 2009 1294 1,
2046 1248 2102 1302 q.

529 1327 621 1384 43,
643 1341 694 1377 a.
721 1326 774 1388 8)
800 1322 950 1396 [I55]
971 1324 1075 1378 tria
1099 1323 1324 1393 protulit
1351 1332 1689 1394 argumenta,
1729 1338 1849 1392 quae
1881 1323 2107 1391 probare

531 1417 810 1482 videntur,
841 1416 1079 1470 divinam
1116 1430 1406 1485 personam
1439 1415 1578 1468 mitti
1628 1429 1739 1468 non
1770 1428 1934 1484 posse
1995 1412 2101 1467 nisi

531 1507 600 1558 ab
623 1521 684 1558 ea
716 1520 746 1558 a
777 1520 883 1574 qua
924 1503 1258 1559 :eternaliter
1293 1502 1556 1572 procedit,
1588 1503 1780 1570 hisque
1824 1501 2100 1570 opposuit,

532 1597 678 1666 quod
714 1595 865 1651 Isaia
886 1611 1066 1659 XLVIII,
1110 1594 1174 1648 16
1196 1633 1212 1658 ,
1251 1592 1425 1648 Filius
1457 1593 1667 1648 dicatur
1689 1595 1891 1648 missus
1919 1609 1950 1647 a
1978 1591 2108 1663 Spi-

534 1691 641 1744 ritu
681 1698 892 1754 sancto,
921 1689 1039 1742 haec
1070 1686 1272 1742 docet:
1330 1705 1349 1738 ι
1412 1685 1733 1754 Respondeo
1781 1683 2100 1747 dicendum,

2201 500 2412 553 sionem
2452 515 2484 553 a
2528 496 2814 568 principio,
2875 493 2971 548 sed
3019 491 3348 547 determinat
3401 498 3748 563 processionis

2202 591 2504 645 terminum
2528 587 2903 659 temporalem.
2927 585 3088 641 Unde
3128 583 3318 639 missio
3333 586 3503 640 solum
3522 597 3600 642 est
3623 598 3749 645 tem-

2201 683 2422 752 poralis,
2448 682 2533 738 vel
2568 680 2760 736 missio
2799 676 3027 734 includit
3059 676 3464 746 processionem
3511 687 3749 736 aeternam

2202 783 2258 829 et
2283 773 2485 844 aliquid
2515 772 2687 836 addit,
2743 769 2866 824 scil.
2903 766 3256 837 temporalem
3294 765 3568 820 eﬂ‘eetum.
3602 767 3751 823 Habi-

2203 866 2335 920 tudo
2371 865 2516 919 enim
2545 863 2744 918 divinae
2763 873 3011 931 personae
3034 857 3100 911 ad
3119 873 3278 911 suum
3310 855 3629 927 principium
3651 875 3750 914 nou

2204 967 2287 1011 est
2316 956 2418 1010 nisi
2446 956 2514 1010 ab
2545 965 2770 1008 aeterno.
2802 951 2958 1007 Unde
3003 950 3211 1021 gemina
3255 949 3457 1003 dicitur
3494 954 3752 1018 processio,

2203 1056 2405 1101 :eterna
2439 1045 2555 1099 scil.
2583 1043 2733 1115 1154]
2770 1052 2826 1096 et
2864 1040 3199 1110 temporalis,
3233 1055 3344 1094 non
3382 1049 3601 1108 propter
3638 1041 3751 1106 hoc,

2204 1139 2346 1208 quod
2385 1137 2642 1191 habitudo
2672 1137 2738 1190 ad
2789 1134 3116 1204 principium
3163 1131 3502 1202 geminetur;
3550 1131 3643 1186 sed
3669 1148 3754 1203 ge-

2204 1231 2431 1284 minatio
2464 1239 2548 1283 est
2573 1244 2638 1283 ex
2671 1238 2826 1298 parte
2853 1225 3072 1281 termini
3115 1223 3432 1295 temporalis
3469 1232 3526 1278 et
3567 1225 3753 1295 princi-

2203 1321 2278 1392 pii
2306 1319 2515 1376 aeterni.
2556 1338 2574 1371 ι
2638 1318 2917 1387 Duplicem
2963 1315 3204 1371 secernit
3263 1313 3501 1368 Thomas
3547 1314 3599 1368 in
3628 1315 3749 1370 mis-

2205 1410 2362 1464 sione
2389 1407 2801 1462 habitudinem:
2836 1407 2881 1475 Ι)
2931 1403 3308 1459 habitudinem
3344 1402 3495 1457 missi
3526 1405 3594 1456 ad
3639 1406 3748 1458 mit-

2207 1505 2424 1563 tentem,-
2455 1496 2520 1562 II)
2543 1497 2614 1550 ad
2637 1497 2938 1559 terminum,
2962 1495 3031 1547 ad
3074 1509 3225 1563 quem
3253 1493 3496 1547 mittitur.
3536 1493 3683 1561 (Ibid.
3706 1512 3747 1551 a.

2205 1585 2284 1654 1.)
2319 1585 2560 1652 Quilibet
2603 1599 2766 1654 porro
2812 1585 3014 1638 missus
3062 1580 3438 1636 habitudinem
3493 1581 3648 1635 habet
3695 1586 3750 1638 ad

2205 1691 2332 1732 eum
2357 1693 2530 1748 aqua,
2558 1685 2614 1732 et
2645 1674 3020 1730 habitudinem
3045 1673 3112 1726 ad
3150 1687 3277 1726 eum
3312 1671 3385 1724 ad
3419 1688 3564 1742 quem
3600 1674 3751 1728 mitti-

534 1778 681 1849 quod
714 1777 859 1834 circa
879 1744 1004 1830 'hoc
1027 1774 1382 1829 inveniuntur
1405 1744 1570 1842 aliqui
1626 1767 1988 1825 diversimode
2021 1744 2104 1822 lo;-
2137 1744 2178 1803 Β
2210 1776 2317 1821 tur.
2345 1744 2499 1822 Prior
2540 1766 2726 1838 σχέσις
2757 1774 2937 1836 potest
2961 1779 3088 1819 esse
3121 1761 3318 1832 triplex
3347 1779 3360 1816 :
3397 1782 3416 1815 ι
3452 1763 3534 1819 vel
3577 1780 3753 1820 secun-

535 1871 648 1926 cuti
681 1885 823 1925 esse.
841 1867 1152 1925 Secundum
1183 1864 1446 1936 quosdam
1493 1862 1638 1917 enim
1664 1875 1895 1932 persona
1925 1858 2107 1913 divina

535 1976 648 2015 non
677 1960 932 2022 mittitur,
955 1959 1062 2014 nisi
1096 1958 1268 2024 abeo,
1298 1971 1328 2010 a
1361 1969 1470 2025 quo
1527 1962 1611 2008 est
1638 1951 2003 2016 aeternaliter;
2053 1956 2110 2003 et

538 2052 838 2108 secundum
884 2051 1010 2114 hoc,
1041 2065 1165 2105 cum
1202 2048 1401 2102 dicitur
1464 2043 1636 2100 Filius
1696 2043 1788 2098 Dei
1827 2043 2026 2098 missus
2075 2056 2108 2098 a

541 2143 747 2213 Spiritu
768 2151 980 2206 sancto,
1011 2139 1357 2194 referendum
1378 2147 1461 2194 est
1482 2139 1587 2192 hoc
1609 2135 1676 2190 ad
1694 2135 1987 2190 humanam
2006 2148 2108 2187 na-

541 2245 740 2299 turam,
763 2233 1064 2287 secundum
1089 2246 1249 2300 quam
1285 2231 1485 2284 missus
1512 2237 1598 2283 est
1615 2227 1681 2282 ad
1702 2225 2107 2296 praedicandum

538 2342 570 2380 a
598 2324 804 2396 Spiritu
829 2333 1041 2378 sancto.
1065 2321 1400 2393 Augustinus
1429 2329 1612 2375 autem
1635 2318 1767 2373 dicit
1809 2317 1909 2388 (De
1958 2317 2104 2370 Trin.

541 2433 601 2480 ιι,
635 2415 712 2488 5),
753 2413 897 2486 quod
940 2412 1111 2467 Filius
1148 2413 1382 2467 mittitur
1439 2421 1496 2467 et
1531 2427 1560 2465 a
1601 2425 1661 2464 se
1713 2418 1770 2464 et
1816 2424 1846 2462 a
1902 2406 2109 2478 Spiritu

541 2512 756 2568 sancto,
791 2512 848 2559 et
877 2501 1112 2573 Spiritus
1139 2510 1360 2556 sanctus
1387 2501 1551 2555 etiam
1609 2499 1842 2554 mittitur
1887 2506 1944 2552 et
1993 2512 2021 2550 a
2053 2512 2112 2552 se

537 2604 595 2650 et
624 2611 655 2650 a
679 2595 840 2660 Filio,
878 2603 935 2649 ut
958 2593 1037 2649 sic
1061 2594 1198 2647 mitti
1224 2595 1277 2647 in
1305 2592 1506 2647 divinis
1531 2606 1640 2645 non
1671 2588 1962 2644 conveniat
1989 2588 2112 2642 cui-

539 2686 670 2740 libet
696 2700 965 2756 personis,
991 2684 1089 2739 sed
1111 2684 1283 2738 solum
1303 2698 1551 2754 persona:
1578 2682 1646 2736 ab
1671 2681 1778 2734 alio
1802 2680 2110 2745 exsistenti,

541 2779 748 2831 mittere
769 2788 952 2830 autem
983 2775 1274 2830 conveniat
1289 2775 1791 2844 cuilibetpersonaz.
1814 2773 2113 2841 Utrumque

540 2883 724 2927 autem
760 2871 922 2925 habet
946 2870 1127 2939 aliquo
1149 2869 1314 2924 modo
1340 2868 1652 2934 veritatem,
1699 2871 1824 2939 quia
1871 2884 1994 2923 eum
2027 2867 2115 2923 di-

539 2963 684 3016 citur
701 2960 879 3030 aliqua
913 2975 1147 3030 persona
1177 2959 1343 3026 mitti,
1380 2959 1698 3030 designatur
1729 2969 1784 3014 et
1827 2959 1941 3030 ipsa
1988 2975 2115 3029 per-

2206 1857 2334 1910 dum
2369 1858 2680 1927 imperium,
2712 1857 2852 1911 sicut
2889 1855 3150 1909 dominus
3179 1854 3348 1909 mittit
3399 1869 3647 1922 servum;
3681 1857 3750 1911 vel

2207 1950 2510 2005 secundum
2541 1947 2836 2014 consilium,
2859 1957 2914 2003 ut
2947 1947 2992 2002 si
3024 1948 3369 2004 consiliarius
3389 1947 3599 2002 mittere
3621 1948 3750 2002 dica-

2209 2050 2298 2095 tur
2326 2056 2508 2112 regem
2525 2040 2593 2094 ad
2617 2041 2998 2096 debellandum
3023 2056 3037 2104 ;
3063 2041 3148 2094 vel
3179 2038 3483 2094 secundum
3505 2039 3750 2110 originem,

2208 2141 2270 2188 ut
2297 2133 2344 2187 si
2368 2133 2600 2197 dicatur,
2629 2131 2774 2202 quod
2806 2130 2906 2186 llos
2945 2131 3227 2185 emittatur
3247 2129 3318 2184 ab
3341 2129 3557 2185 arbore.
3587 2149 3605 2182 ι
3646 2133 3749 2186 Jam

2209 2240 2340 2280 vero
2380 2225 2434 2280 in
2469 2225 2668 2280 divinis
2693 2239 2872 2294 neque
2909 2223 3210 2279 secundum
3252 2221 3564 2292 imperium,
3591 2206 3771 2293 neque.

2211 2317 2512 2372 secundum
2556 2317 2846 2372 consilium
2885 2317 3074 2372 missio
3113 2316 3298 2370 locum
3329 2315 3530 2370 habere
3567 2323 3749 2384 potest;

2212 2409 2535 2479 relinquitur
2558 2409 2733 2465 solum
2751 2409 2939 2463 missio
2973 2407 3276 2463 secundum
3319 2406 3578 2478 originem
3619 2405 3750 2462 Unde

2211 2502 2337 2556 licet
2358 2511 2600 2570 spectato
2626 2501 2855 2556 termino
2879 2502 2950 2556 ad
2981 2518 3134 2572 quem
3183 2511 3238 2555 et
3288 2499 3487 2554 elIectu
3516 2499 3755 2554 missionis

2213 2598 2326 2644 tota
2352 2589 2592 2644 Trinitas
2646 2590 2858 2645 dicatur
2911 2591 3164 2645 mittere:
3197 2597 3391 2644 tamen
3423 2588 3603 2643 relatio
3637 2589 3750 2644 missi

2213 2682 2282 2734 ad
2307 2682 2598 2735 mittentem
2629 2681 2698 2736 ab
2711 2681 2922 2752 origine
2952 2681 3245 2753 dependet,
3295 2689 3352 2736 et
3387 2697 3449 2736 ea
3486 2682 3655 2737 omnia
3677 2697 3740 2735 ar-

2215 2781 2473 2843 gumenta
2521 2773 2745 2828 immota
2791 2773 3114 2844 persistunt,
3167 2773 3374 2843 quibus
3419 2790 3484 2829 ex
3531 2773 3752 2829 missione

2217 2866 2505 2936 processio
2561 2867 2799 2938 Spiritus
2829 2869 3002 2923 sancti
3029 2884 3061 2923 a
3099 2867 3238 2924 Filio
3279 2867 3637 2924 conﬁrmatur.

2289 2960 2344 3015 5.
2374 2959 2451 3016 Eo
2471 2959 2554 3016 vel
2589 2961 2779 3031 magis,
2807 2962 2954 3032 quod
2991 2972 3047 3017 et
3088 2962 3259 3019 Graeci
3317 2962 3504 3020 Patres
3552 2977 3613 3017 ex
3649 2960 3753 3016 mis-

541 3069 675 3109 sona
705 3053 773 3107 ab
791 3051 898 3106 alio
925 3051 1217 3116 exsistens,
1243 3060 1300 3104 et
1338 3049 1568 3105 eﬂ'ectus
1596 3051 1829 3105 visibilis
1857 3058 1951 3103 aut
1974 3049 2114 3104 invi-
2144 3082 2185 3142 ο
2219 3051 2376 3108 sione
2428 3069 2535 3123 qua
2563 3053 2732 3108 Filius
2765 3055 2932 3109 mittit
2953 3054 3239 3125 Spiritum,
3266 3055 3420 3110 hunc
3450 3070 3513 3110 ex
3543 3053 3627 3109 illo
3649 3068 3750 3108 esse

542 3145 738 3209 sibilis,
771 3145 1073 3200 secundum
1096 3159 1259 3213 quem
1292 3144 1482 3199 missio
1502 3143 1699 3200 divinae
1750 3162 1998 3216 personae
2036 3153 2120 3198 at-
2220 3144 2463 3200 inferunt
2495 3146 2630 3217 (46),
2659 3155 2714 3200 et
2745 3145 2932 3200 missio
2963 3145 3080 3200 htec
3134 3154 3197 3201 ut
3252 3145 3478 3216 propria
3514 3153 3568 3201 et
3595 3158 3753 3216 perso-

544 3237 808 3296 tenditur.
829 3235 887 3290 Si
912 3235 1078 3307 igitur
1110 3236 1322 3290 mittens
1361 3235 1676 3305 designetur
1713 3246 1773 3292 ut
1798 3239 2118 3308 principium

539 3344 779 3402 persona:
825 3343 940 3397 qua?
977 3329 1228 3393 mittitur,
1288 3328 1366 3382 sic
1439 3342 1552 3382 non
1596 3327 1853 3397 quaalibet
1887 3343 2119 3398 persona

547 3421 734 3484 mittit,
761 3421 856 3475 sed
878 3419 1052 3474 solum
1085 3419 1174 3474 illa
1229 3418 1317 3474 cui
1353 3418 1612 3474 convenit
1638 3434 1760 3474 esse
1787 3419 2117 3490 principium

541 3515 774 3584 alicujus
796 3528 1061 3583 personae.
1099 3511 1164 3566 Et
1199 3511 1279 3569 sic
1311 3509 1548 3566 mittitur
1605 3510 1774 3566 Filius
1831 3517 2042 3565 tantum
2088 3525 2120 3566 a

543 3605 728 3667 Patre,
752 3603 989 3674 Spiritus
1015 3615 1239 3658 sanctus
1264 3610 1449 3658 autem
1482 3618 1514 3658 a
1559 3602 1720 3659 Patre
1750 3612 1806 3659 et
1852 3602 2013 3660 Filio.
2059 3604 2120 3658 Si

542 3711 674 3751 vero
704 3710 935 3766 persona
989 3694 1216 3749 mittens
1259 3693 1593 3766 intelligatur
1638 3710 1761 3750 esse
1801 3695 2120 3764 principium

543 3789 752 3858 eﬂ’ectus
801 3787 1102 3842 secundum
1126 3801 1290 3855 quem
1306 3786 1609 3842 attenditur
1625 3785 1833 3853 missio,
1880 3785 1960 3841 sic
2011 3795 2122 3840 tota

544 3878 776 3933 Trinitas
805 3877 973 3933 mittit
993 3892 1287 3948 personam
1333 3877 1582 3934 missam.
1616 3895 1637 3930 ι
1688 3877 1824 3932 Cum
1862 3877 1948 3932 his
1986 3893 2122 3932 con-

544 3968 813 4024 nectenda
837 3978 986 4032 sunt,
1025 3983 1146 4038 quae
1180 3967 1421 4023 Thomas
1447 3967 1508 4039 (Ι.
1538 3983 1614 4035 ο.,
1645 3983 1696 4023 a.
1735 3968 1794 4038 2)
1830 3968 2124 4038 respondet

545 4060 614 4115 ad
647 4061 777 4116 illud
827 4068 1244 4132 argumentum:
1293 4077 1312 4111 ι
1352 4057 1540 4116 Missio
1567 4061 1974 4132 processionem
2017 4060 2121 4116 im-

547 4160 757 4222 portat;
810 4153 903 4207 sed
952 4154 1231 4223 processio
1277 4152 1584 4208 divinarum
1635 4168 1996 4224 personarum
2039 4161 2124 4210 est

545 4253 780 4310 aeterna;
810 4258 936 4316 ergo
967 4252 1023 4299 et
1048 4243 1256 4300 missio.
1295 4262 1316 4298 ι
1351 4243 1445 4300 Ait
1476 4244 1624 4300 enim
1662 4263 1676 4300 :
1713 4265 1733 4298 ι
1767 4244 1850 4301 Ad
1896 4247 2122 4302 tertium

618 4410 892 4484 (M)_Vide
915 4410 1078 4484 Basil.
1105 4411 1144 4484 l.
1177 4422 1262 4484 ιιι,
1293 4408 1716 4484 C_.j_unom.,‘ad
1763 4427 1964 4484 qu_emA
1985 4427 2116 4484 pro-
2141 4422 2196 4483 ])
2221 4417 2457 4484 ascripto
2511 4413 2855 4469 Andronicus
2907 4414 3247 4480 Camaterus,
3269 4430 3344 4484 7c.
3381 4413 3438 4467 11

547 4480 706 4539 vocat
728 4482 933 4537 Beccus
980 4481 1066 4546 (G.
1096 4480 1160 4536 0.
1202 4480 1266 4544 ll.
1309 4480 1469 4549 658);
1527 4480 1795 4537 Ambros;
1817 4481 1898 4536 De
1927 4480 2114 4550 Spirit.

547 4564 716 4608 sanet.
756 4553 794 4608 l.
825 4568 904 4612 Ill,
936 4568 986 4605 c.
1030 4553 1094 4617 1;
1132 4551 1353 4622 Athan.
1369 4559 1508 4622 orat.
1545 4553 1571 4606 1
1621 4567 1671 4607 c.
1699 4551 1915 4622 Arian.,
1955 4553 2119 4622 cujus

549 4622 812 4677 doctrina:
842 4621 1092 4676 innititur
1117 4620 1314 4690 Georg.
1340 4621 1648 4684 Metochita,
1681 4621 1879 4676 Contra
1907 4620 2120 4677 Manuel

547 4695 688 4748 Cret.
725 4693 800 4763 (c.
828 4691 895 4754 5;
921 4691 990 4763 C.
1019 4691 1082 4746 0.
1116 4688 1492 4763 11,-960‹9“10)Δ
1519 4692 1814 4763 ostendens
1841 4692 2118 4748 Christum

549 4774 612 4818 ut
655 4760 821 4817 Deum
861 4761 1089 4815 minime
1121 4776 1152 4814 a
1185 4760 1390 4831 Spiritu
1421 4760 1650 4816 missum
1677 4761 1806 4831 dici.
1861 4763 2117 4817 Omnium

550 4833 670 4888 loco
700 4832 952 4886 audiatur
981 4829 1291 4894 Anselmus,
1328 4829 1401 4884 De
1427 4848 1653 4899 process.
1687 4830 1873 4898 Spirit.
1927 4842 2116 4896 .sanct.

554 4922 575 4954 ε
617 4903 671 4957 Si
695 4911 878 4957 autem
900 4901 1110 4965 dicunt,
1131 4901 1257 4971 quia
1275 4900 1515 4969 Spiritus
1531 4908 1750 4956 sanctus
1769 4902 1931 4956 mittit
1953 4903 2117 4956 etiam

547 4971 768 5042 Filium,
809 4971 1111 5026 sicutidem
1158 4973 1276 5042 ipse
1300 4971 1432 5026 dicit
1480 4987 1579 5040 per
1620 4972 1940 5040 prophetam
1985 4989 1999 5025 :
2050 4972 2118 5026 Et

549 5059 688 5096 nunc
745 5041 1018 5107 Dominus,
1056 5041 1238 5107 etc...,
1295 5045 1399 5095 hoc
1461 5042 1763 5096 secundum
1820 5042 2116 5102 hominem,

547 5127 711 5182 quem
761 5112 998 5182 gerebat,
1045 5111 1456 5182 intelligendum
1499 5121 1626 5182 est,
1654 5111 1779 5180 quia
1814 5111 2014 5182 Patris
2065 5120 2121 5166 et

549 5180 786 5250 Spiritus
805 5181 977 5236 sancti
1027 5196 1135 5236 una
1165 5180 1448 5236 voluntate
1495 5190 1553 5236 et
1576 5180 1935 5251 dispositione
1960 5198 2120 5236 mun-

550 5252 681 5322 dum
727 5251 1336 5322 redempturusmundo
1373 5250 1716 5322 apparuit.)
1754 5250 1811 5304 In
1839 5251 1954 5322 phis
1999 5267 2121 5322 qua:

548 5321 706 5392 Ilugo
731 5320 1054 5376 Etherianus
1090 5321 1150 5384 (l.
1178 5339 1219 5381 ι.
1251 5338 1301 5378 c.
1330 5320 1499 5392 18,’p.
1525 5321 1614 5375 12.
1648 5321 1714 5375 15
1737 5322 1812 5389 e.)
1837 5321 1940 5375 hac
1961 5320 2030 5377 de
2061 5338 2120 5377 re

549 5391 736 5457 habet,
792 5392 952 5446 lectio
1007 5401 1261 5459 corrupta
1312 5391 1559 5457 videtur;
1608 5406 1785 5460 neque
1823 5400 2002 5446 tamen
2051 5408 2121 5447 ex

549 5479 648 5515 sua
681 5462 951 5516 sententia
972 5461 1098 5532 ipse
1133 5461 1392 5528 loquitur,
1425 5469 1485 5515 ut
1517 5460 1750 5516 incisum
1793 5461 1926 5516 illud
1967 5471 2122 5532 pate-

547 5531 680 5588 facit
703 5550 716 5585 :
757 5551 776 5582 ‹
804 5540 864 5586 ut
891 5531 1111 5600 quidam
1131 5538 1435 5585 autumant.
1461 5549 1484 5600 ε

622 5603 735 5671 (45)
765 5601 841 5656 Ita
891 5601 1032 5656 inter
1055 5601 1224 5671 rialios
1285 5601 1650 5671 Theophanes
1716 5601 2117 5670 Procopowicz,

551 5670 728 5740 Troct.
772 5673 836 5726 de
863 5687 1007 5740 proc.
1042 5670 1231 5740 Spirit.
1280 5671 1472 5740 sancti,
1527 5670 1908 5734 Gothae1772,
1955 5687 2007 5726 c.
2063 5674 2119 5740 6,

551 5737 748 5813 $135,
776 5737 900 5812 154,
926 5757 981 5812 p.
1007 5737 1107 5798 167
1137 5756 1252 5813 seq.
1287 5739 1488 5799 Eodem
1535 5747 1683 5797 textu
1731 5737 2121 5813 Chrysostomo

2217 3237 2356 3292 nalis
2389 3252 2512 3292 cum
2527 3237 2812 3292 effectibus
2846 3237 3098 3307 personis
3141 3237 3412 3292 duntaxat
3461 3236 3750 3292 convenien-

2217 3329 2365 3385 tibus
2389 3329 2590 3400 ubique
2621 3329 2736 3384 fere
2777 3329 3130 3394 describitur,
3160 3344 3294 3384 cum
3341 3338 3542 3384 aeterna
3569 3341 3752 3398 proces-

2217 3419 2372 3475 sione
2393 3419 2758 3474 communiter
2793 3419 3161 3491 coniungitur,
3193 3418 3336 3474 adeo
3357 3427 3416 3474 ut
3430 3417 3618 3474 ethinc
3633 3417 3679 3471 in
3703 3429 3753 3468 ea

2217 3527 2444 3584 prorsus
2497 3511 2725 3568 fundata
2752 3521 3031 3583 appareat.
3076 3531 3096 3565 ι
3125 3511 3183 3568 Si
3229 3511 3425 3578 Filius,
3463 3530 3483 3565 ι
3518 3511 3590 3565 ait
3627 3509 3756 3580 llugo

2218 3605 2549 3662 Etherianus
2583 3605 2703 3678 (lib.
2722 3623 2807 3671 ιιι,
2841 3621 2892 3660 c.
2951 3606 3040 3672 13,
3065 3621 3121 3677 p.
3188 3604 3378 3675 1249),
3415 3623 3434 3658 ι
3475 3605 3680 3659 mittens
3712 3609 3755 3654 et

2219 3699 2439 3764 missus,
2477 3713 2638 3754 causa
2677 3709 2734 3754 et
2773 3713 2840 3754 ex
2873 3713 3036 3754 causa
3083 3705 3188 3765 est,
3241 3697 3386 3753 nihil
3451 3693 3756 3766 inopinabile

2220 3798 2500 3860 sequatur,
2534 3789 2681 3859 quod
2732 3789 2994 3860 Spiritum
3042 3789 3234 3843 emittit
3273 3789 3414 3842 sicut
3443 3787 3615 3842 mittit.
3645 3785 3755 3840 Nam

2219 3877 2262 3933 si
2289 3878 2452 3934 homo
2480 3878 2780 3933 secundum
2802 3888 3054 3933 naturam
3079 3889 3134 3932 et
3161 3893 3226 3932 ex
3252 3877 3476 3948 propria
3513 3875 3758 3929 voluntate

2221 3971 2603 4040 corpulentum
2643 3987 2802 4026 suum
2851 3969 3101 4040 spiritum
3151 3969 3390 4040 respirat
3426 3976 3481 4023 et
3528 3966 3756 4036 inspirat:

2219 4063 2393 4117 multo
2435 4063 2606 4132 magis
2637 4062 2733 4116 Dei
2788 4063 2960 4142 Filius
3018 4059 3283 4132 Spiritum
3321 4075 3482 4116 suum
3533 4057 3686 4114 mittit
3713 4061 3755 4108 et

2223 4151 2376 4226 [155]
2408 4154 2608 4209 emittit
2637 4153 2916 4224 aequaliter
2961 4151 3132 4219 Patri,
3187 4152 3432 4223 perfecte
3477 4165 3541 4206 ac
3597 4147 3754 4204 eodem

2222 4244 2388 4301 modo
2419 4245 2596 4316 ipsum
2619 4245 2988 4316 complectens
3018 4245 3226 4314 absque
3243 4242 3606 4299 diminutione
3646 4235 3755 4310 (17).

2223 4420 2457 4484 ascripto
2511 4420 2855 4469 Andronicus
2907 4420 3247 4496 Camaterus,
3293 4430 3344 4470 c.
3381 4420 3438 4467 11
3494 4420 3580 4480 (ti.
3612 4420 3672 4465 υ.
3706 4420 3757 4468 ιι.

2223 4489 2348 4549 516,
2373 4486 2619 4557 517);_et
2667 4484 2876 4557 Marcus
2908 4484 3197 4557 _Ephesrus
3237 4483 3462 4556 (Syllog.
3499 4497 3614 4550 cap.
3667 4478 3757 4539 10;

2224 4557 2346 4612 cod.
2374 4553 2519 4609 Mon.
2545 4555 2636 4617 27,
2676 4555 2716 4609 1.
2745 4553 2872 4618 200,
2899 4553 3026 4618 201)
3059 4570 3158 4618 pro
3189 4553 3254 4608 re
3271 4553 3371 4610 sua
3403 4553 3640 4608 utuntur.

2296 4626 2409 4694 (46)
2435 4625 2510 4679 Id.
2543 4641 2607 4679 ex
2629 4625 2818 4695 Chrys.
2841 4617 2987 4679 hom.
3007 4617 3076 4678 '59
3103 4625 3159 4695 in
3181 4623 3342 4695 Joan.
3376 4621 3611 4695 ostendit
3650 4617 3758 4695 B_c_§-

2225 4685 2406 4752 sarion
2437 4711 2525 4765 ep.
2557 4697 2622 4750 ad
2642 4685 2795 4750 Alei.
2829 4695 3050 4750 Lascar.
3076 4710 3125 4750 c.
3153 4694 3204 4748 7.
3241 4693 3429 4765 (Hard.
3493 4690 3645 4765 Cone.
3681 4685 3758 4765 IX:

2225 4755 2494 4837 p.1066)';
2522 4765 2935 4837 idem_oste_nd_it
2973 4766 3172 4820 Athan.
3209 4755 3391 4837 tellus
3427 4778 3476 4837 ς.
3511 4755 3759 4837 Atinii-1,

2225 4823 2282 4894 ἱι.
2303 4836 2355 4906 5,
2378 4823 2538 4906 quem
2555 4834 2640 4890 Jo.
2675 4834 2912 4890 Plusiad.
2945 4851 3043 4905 pro
3068 4849 3224 4906 conc.
3252 4834 3398 4906 Flor.
3427 4831 3577 4906 Apol.
3613 4823 3757 4906 (6.οε

2227 4906 2266 4969 ι,
2298 4894 2423 4972 693‘,
2461 4904 2584 4973 629)
2615 4906 2811 4974 aliique
2836 4894 2993 4960 multi
3023 4905 3301 4969 exhibent,
3325 4904 3394 4958 de
3431 4894 3536 4972 quo
3557 4894 3684 4954 infra
3703 4894 3760 4948 ad

2224 4991 2344 5045 cap.
2379 4975 2649 5045 “pPhotii
2671 4982 2881 5045 agetur.

2300 5041 2416 5117 (4⁷)
2444 5044 2569 5117 "ac
2593 5041 2926 5117 comparatio
2961 5052 3019 5117 et
3062 5041 3313 5117 Patribus
3355 5041 3628 5117 familiaris
3669 5042 3755 5088 est.

2225 5111 2536 5187 En'Graecis
2559 5111 2810 5187 audiatur
2854 5113 3084 5187 Cyrillus
3122 5114 3316 5184 Expos.
3354 5114 3411 5166 in
3454 5111 3607 5187 loqu.
3661 5120 3758 5187 at".

2227 5185 2316 5248 16,
2350 5200 2511 5255 quem
2545 5186 2717 5255 citant
2742 5181 2942 5255 Beccus
2969 5185 3152 5255 (orat.,
3182 5181 3250 5238 de
3283 5197 3451 5255 un.c.
3476 5181 3570 5255 28,
3607 5181 3756 5255 epist}

2227 5257 2252 5309 1
2285 5241 2342 5311 et
2369 5241 2430 5320 κ.
2459 5255 2521 5311 G.
2551 5253 2680 5318 0.1,
2710 5253 2841 5320 uo;
2869 5253 2933 5316 ιι,
2969 5241 3093 5318 ‘529,
3115 5241 3240 5318 530,
3276 5253 3422 5318 560).
3466 5241 3618 5320 Greg.
3638 5241 3756 5320 fcit.

2226 5326 2318 5396 {ad
2344 5317 2476 5396 imp.
2499 5323 2799 5396 Trapezlc.
2828 5317 3026 5396 2οί11).
3044 5317 3100 5396 il,
3130 5317 3254 5390 466,
3291 5317 3414 5396 46:1)
3437 5317 3757 5396 et_A'ndLe§I$

2227 5384 2680 5466 Rhod.'sgess.r'6i
2713 5393 2859 5448 Flor.
2892 5384 3152 5466 (Hardgl.
3182 5384 3326 5466 c.'p._
3356 5384 3442 5446 72.
3474 5391 3562 5459 75)
3596 5405 3618 5466 :_
3652 5384 3757 5466 Τῷν

2227 5411 2403 5450 “non.
2441 5411 2577 5450 sess.
2624 5411 2657 5448 ο
2714 5411 2859 5448 rtor.
2892 5411 3081 5455 mare.
3115 5411 3152 5450 ι.
3182 5411 3231 5450 c.
3301 5437 3310 5447 .
3366 5411 3442 5446 η.
3483 5411 3562 5459 ιο)
3596 5411 3609 5440 :
3661 5411 3756 5436 ιων

2225 5465 2321 5518 τοῦ
2352 5464 2488 5518 Θεοῦ
2519 5465 2614 5518 καὶ
2637 5465 2854 5535 Πατρὸς
2877 5456 3120 5532 φυσικῶν
3149 5411 3366 5535 ἁγαεῶγ
3417 5459 3656 5535 κοινωνρς
3678 5451 3756 5530 09‘

2229 5535 2434 5607 σιωδῷς
2456 5536 2715 5607 ὑπάρχων
2735 5529 2773 5586 ὁ’
2790 5529 2936 5607 Υἱὸς,
2969 5535 3083 5606 ἔχει
3115 5535 3177 5589 τὸ
3198 5529 3466 5607 Πνεῦμα-
3491 5529 3622 5607 xire
3640 5529 3754 5607 ςτουν

2225 5622 2317 5676 θεον
2346 5595 2436 5659 coit
2465 5595 2685 5676 τρόᾶτὶἶν,
2713 5605 2836 5658 καθ’
3080 5607 3252 5658 νοοῖτο
3303 5595 3395 5676 ita)
3409 5602 3472 5676 -ὁ
3517 5595 3749 5676 ξῙατήΡύ·

2227 5674 2418 5747 ᾤσπερ
2455 5671 2612 5747 ἡμῶν
2640 5675 2868 5747 ἔκαστος
2886 5675 2946 5747 τὸ
2980 5671 3110 5730 toto»
3131 5677 3193 5747 év
3215 5673 3389 5744 ἑαυτῷ
3409 5671 3620 5747 Πνςῦμᾳ
3642 5675 3752 5747 ("ff

2227 5745 2344 5817 ἐχει
2385 5731 2593 5801 ’καῖὲκ
2618 5745 2726 5803 τῶν
2762 5731 3061 5803 ἐνδοτάτων
3108 5731 3426 5818 σπλάγχνὼν
3458 5731 3615 5808 εἰς’τὸ
3660 5731 3750 5798 ἔξω
