3956 6426
495 343 602 409 ιει

1639 340 1904 403 PHOTII
1943 339 2452 404 PATRIARCH/E
2490 341 2599 403 CP.

3637 357 3733 427 428

491 450 613 507 Filii
644 449 929 521 operatio;
970 446 1065 502 sed
1095 445 1239 502 nulla
1287 443 1406 500 Filii
1444 448 1691 517 operatio
1720 465 1750 504 a
1778 449 1936 504 Patre
1963 432 2081 504 dis-1
2109 454 2155 508 Α
2181 450 2336 514 lium,
2369 465 2398 503 a
2431 449 2590 504 Patre
2621 448 2904 521 procedit,
2939 457 2997 504 et
3023 448 3275 518 dilectio,
3308 467 3408 523 qua
3439 456 3594 517 Filius
3621 466 3733 522 dili-

486 544 678 614 juncta
707 550 764 596 et
784 539 961 595 aliena
982 546 1096 602 est;
1122 535 1352 606 proinde
1379 545 1435 590 et
1461 536 1604 591 Patri
1634 535 1777 592 hanc
1803 537 2076 610 προϐολὴν

491 633 795 689 convenire
815 629 1037 686 fatearis
1053 637 1289 700 oportet.
1320 630 1387 683 Et
1409 628 1498 684 hic
1522 629 1749 699 praecise
1770 629 1876 683 illis
1899 629 2084 702 verbis

490 724 695 784 Christi
723 724 917 789 utitur,
947 739 1012 778 ex
1048 721 1248 792 quibus
1278 729 1333 776 et
1374 720 1626 776 catholici
1661 729 1895 791 arguunt
1921 720 2082 775 theo-

489 817 594 889 logi
633 835 646 871 :
681 815 872 871 Omnia
905 831 1022 869 mea
1064 824 1158 869 tua
1202 822 1324 868 sunt
1347 854 1362 878 ,
1392 822 1501 868 etc.
1535 812 1716 879 Quare
1761 827 1885 867 cum
1923 811 2082 868 lucu-

489 907 794 964 lentissime
837 906 1030 962 Patres
1063 905 1166 976 ipsi
1195 904 1372 961 Graeci
1421 904 1629 959 Latinis
1663 903 2035 975 sull'ragentur
2063 919 2076 955 :

488 1000 634 1071 quod
673 998 904 1054 Photius
943 998 1141 1054 afferre
1194 998 1500 1069 potuisset,
1534 996 1621 1051 vix
1677 996 1842 1051 ullius
1885 994 2081 1050 fuisset

489 1090 775 1146 momenti.
809 1090 1031 1145 Poterat
1055 1089 1288 1145 fortasse
1317 1089 1384 1144 ad
1430 1087 1783 1143 Theodorum
1830 1085 2082 1156 Mopsue-

491 1191 710 1238 stenum
760 1196 1098 1252 provocare,
1135 1196 1296 1251 quem
1342 1190 1524 1235 tamen
1582 1180 1636 1234 in
1686 1195 1744 1233 re
1776 1177 2079 1249 dogmatica

490 1271 650 1328 nihili
690 1272 804 1326 fere
833 1271 983 1339 fecit,
1010 1271 1096 1326 vel
1122 1271 1189 1325 ad
1215 1270 1642 1337 Theodoretum,
1667 1285 1831 1340 quem
1866 1287 1884 1321 ι
1916 1268 2078 1340 hujus

491 1365 796 1436 negationis
833 1364 1172 1420 inventorem
1206 1374 1263 1418 et
1304 1377 1611 1434 praeconem
1667 1381 1686 1414 ι
1740 1370 1896 1416 vocat
1927 1358 2080 1432 llugo

491 1456 828 1513 Etherianus
861 1454 940 1528 [1.
988 1472 1040 1522 ι,
1085 1473 1140 1512 c.
1170 1455 1226 1520 2,
1269 1472 1325 1527 p.
1361 1455 1503 1510 1200
1547 1453 1721 1526 (62)],
1763 1455 1849 1510 vel
1895 1454 2080 1524 specie

490 1554 684 1610 saltem
732 1553 800 1607 ad
831 1551 1098 1608 Joannem
1132 1551 1555 1614 Damascenum,
1587 1551 1681 1622 qui
1713 1560 1919 1616 tamen,
1953 1549 2081 1604 licet

491 1651 512 1716 (
539 1646 613 1702 De
649 1646 711 1700 F.
747 1644 810 1701 0.
838 1643 879 1710 l,
911 1645 964 1710 8,
997 1661 1056 1716 p.
1089 1644 1212 1715 HI)
1240 1643 1611 1708 aﬂirmaverit,
1639 1645 1704 1696 ὲκ
1732 1643 1826 1697 τοῦ
1855 1640 1987 1695 Υἱοῦ
2019 1641 2080 1695 τὸ

493 1738 722 1810 Πνεῦμα
759 1739 834 1810 μὴ
874 1736 1368 1808 λέγεσθαι.ιιρρι“ιθ
1394 1735 1660 1807 Spiritum
1691 1735 1780 1790 διὰ
1812 1734 1907 1788 τοῦ
1944 1732 2078 1788 Υἱοῦ

2186 543 2264 614 git
2299 542 2550 606 Patrem,
2587 557 2619 596 a
2658 541 2796 598 Filio
2841 540 3200 596 nihilominus
3229 547 3487 612 procedit.
3524 552 3612 610 Est
3647 573 3735 612 au-

2186 642 2297 687 tem
2349 632 2467 688 hzec
2514 632 2736 688 dilectio
2784 631 3020 702 Spiritus
3060 641 3302 688 sanctus.
3353 636 3594 698 Procedit
3621 661 3735 719 ergo

2184 719 2424 792 Spiritus
2449 737 2481 776 a
2508 721 2669 778 Patre
2696 731 2752 778 et
2779 721 2939 778 Filio.
2974 740 2992 774 ι
3017 722 3408 783 Concludimus
3433 744 3552 787 cum
3569 734 3738 808 Httgo-

2183 813 2270 868 nis
2311 812 2588 868 Etherianl
2630 813 2832 877 verbis,
2858 813 2951 883 qui
2985 813 3060 883 (ι.
3095 829 3158 881 ιι,
3191 829 3244 870 c.
3270 815 3359 882 17,
3391 832 3442 887 p.
3476 820 3640 893 i252)
3674 832 3738 884 ita

2182 901 2382 957 Photio
2406 904 2702 974 respondet
2731 924 2745 960 :
2776 922 2796 957 ι
2835 903 2978 960 Dixit
3003 904 3300 960 Dominus:
3333 906 3574 978 Spiritus,
3601 919 3683 986 qui
3710 939 3739 974 a

2185 993 2349 1049 Patre
2371 997 2606 1065 procedit
2625 1013 2643 1060 ;
2661 995 3124 1052 conﬁrmaverunt
3150 996 3256 1052 hoc
3280 1008 3332 1054 et
3358 1013 3551 1059 sancta:
3569 1014 3739 1078 synodi

2186 1084 2612 1168 Latinorumque
2644 1101 2809 1143 omne
2838 1086 3130 1158 collegium
3161 1103 3272 1144 non
3296 1091 3469 1147 solum
3498 1109 3604 1150 non
3631 1101 3741 1155 inli-

2185 1177 2386 1232 ciatum
2409 1188 2514 1241 est,
2546 1179 2642 1234 sed
2668 1194 2794 1234 cum
2817 1179 2967 1235 omni
2998 1179 3278 1251 diligentia
3302 1191 3358 1237 et
3378 1199 3440 1238 ex
3465 1194 3574 1241 toto
3596 1194 3743 1248 corde

2186 1273 2380 1328 credit.
2408 1282 2464 1328 et
2486 1272 2619 1327 dicit
2648 1271 3053 1344 confiteturque
3071 1313 3087 1338 ,
3113 1283 3170 1328 et
3196 1288 3264 1328 ex
3288 1273 3423 1330 Filio
3450 1283 3741 1347 procedere.

2185 1363 2322 1418 Nam
2380 1365 2507 1420 licet
2549 1364 2697 1420 solus
2735 1364 3049 1421 nominetur
3095 1364 3287 1434 Pater,
3346 1368 3744 1439 subintelligitur

2186 1459 2414 1513 omnino
2451 1467 2507 1513 et
2533 1458 2723 1523 Filius,
2759 1473 2824 1514 eo
2864 1457 3008 1529 quod
3039 1458 3247 1528 absque
3280 1460 3458 1514 medio
3500 1460 3566 1516 de
3604 1462 3746 1519 Patre

2187 1566 2296 1605 non
2339 1552 2619 1621 procedat,
2662 1561 2718 1606 et
2767 1567 2892 1606 cum
2932 1565 3205 1621 nusquam
3249 1550 3411 1606 Pater
3442 1552 3634 1610 dixisse
3667 1572 3746 1610 rc-

2187 1643 2430 1712 periatur
2455 1666 2468 1699 :
2497 1642 2610 1714 Ego
2637 1644 2780 1698 solus
2815 1644 2997 1697 emitto
3040 1641 3338 1712 Spiritum;
3365 1642 3511 1715 [ltiti]
3540 1645 3629 1700 sed
3661 1663 3747 1702 uc-

2187 1748 2294 1802 que
2324 1733 2716 1804 prophetarum
2763 1733 3050 1802 quisquam
3101 1747 3200 1786 seu
3233 1730 3463 1786 aliorqu
3499 1731 3699 1789 Palmm
3732 1753 3745 1790 :

490 1827 858 1900 προέρχεσθαι
878 1828 1084 1894 docuit,
1107 1836 1163 1882 et
1187 1843 1218 1880 a
1243 1826 1454 1881 Latinis
1478 1826 1660 1881 verbis
1685 1825 1868 1896 potius
1913 1841 2078 1894 quam
2109 1817 2154 1874 Β
2181 1824 2335 1880 Solus
2359 1825 2521 1880 Pater
2546 1826 2737 1880 emittit
2766 1823 3057 1894 Spiritum,
3091 1823 3384 1892 aliquando
3415 1825 3650 1895 protulit.
3688 1829 3748 1882 At

490 1936 552 1976 re
597 1921 713 1992 ipsa
748 1921 1020 1977 dissidere
1063 1921 1186 1991 jure
1224 1919 1434 1991 Optimo
1483 1918 1909 1989 censetur-(65).
1947 1917 2080 1986 Qua:

489 2013 645 2089 [105]
695 2030 822 2089 cum
870 2013 943 2068 ita
989 2013 1119 2079 sint,
1157 2027 1268 2067 non
1311 2020 1517 2067 temere
1566 2010 1898 2067 Ratramnus
1925 2012 1998 2082 (Ι.
2037 2027 2078 2078 ι,

489 2122 538 2161 c.
570 2088 634 2170 8,7
657 2088 706 2176 [ι’
745 2103 854 2159 242
882 2119 998 2174 seq.
1033 2102 1121 2158 ed.
1143 2102 1238 2158 cit.
1266 2101 1308 2173 ).
1338 2100 1556 2158 Graecos
1600 2101 1684 2157 sui
1717 2101 1980 2172 temporis
2007 2101 2081 2156 ita

490 2193 744 2265 objurgat
776 2211 788 2247 :
833 2211 851 2244 ι
886 2192 1117 2248 Cessent
1147 2191 1310 2263 igitur
1343 2193 1769 2262 reprehensores
1797 2190 1882 2246 vel
1913 2189 2082 2245 male-

487 2287 595 2342 voli
626 2286 710 2341 vel
730 2284 968 2355 imperiti
991 2282 1197 2339 Christi
1226 2283 1527 2339 Ecclesiam
1558 2283 1910 2356 redarguere,
1935 2283 2082 2354 quod

490 2379 755 2450 Spiritqu
785 2386 1034 2432 sanctum
1069 2375 1365 2431 conﬁtetur
1398 2392 1428 2429 a
1459 2375 1617 2431 Patre
1665 2385 1722 2430 et
1764 2374 1902 2430 Filio
1950 2389 2083 2445 pro-

491 2471 706 2526 cedere.
743 2469 859 2524 lloe
897 2467 1188 2539 Evangelia
1219 2468 1444 2531 docent,
1482 2467 1592 2522 hoc
1630 2467 1878 2538 Apostoli
1913 2466 2082 2538 proli-

492 2571 715 2625 tcntur,
751 2562 855 2615 hoc
905 2560 1191 2630 propheta:
1237 2575 1347 2613 non
1397 2566 1648 2614 tacent...
1704 2557 1927 2620 Videte,
1974 2575 2083 2629 quo

491 2653 679 2710 tendat
714 2662 894 2708 vestra
932 2693 944 2705 .
983 2692 997 2705 .
1026 2690 1041 2705 .
1091 2649 1389 2721 professio,
1430 2665 1539 2720 qua
1575 2649 1761 2705 dicitis
1815 2649 2081 2721 Spiritum

490 2754 743 2800 sanctum
773 2758 804 2797 a
835 2741 993 2797 Patre
1019 2741 1340 2812 procedere,
1369 2755 1481 2794 non
1509 2749 1692 2795 autem
1721 2755 1754 2794 a
1785 2739 1941 2795 Filio.
1969 2739 2084 2796 Hoc

489 2851 594 2890 nec
620 2835 674 2889 in
705 2833 932 2888 Litteris
957 2831 1158 2888 divinis
1191 2846 1295 2886 nec
1319 2830 1373 2885 in
1401 2830 1724 2886 doctoribus
1749 2829 2083 2886 ecclesiasti-

489 2927 572 2986 tis
601 2926 895 2996 aliquando
922 2923 1153 2995 legistis.
1184 2923 1331 2978 Dixit
1363 2922 1584 2993 quidem
1627 2930 1813 2977 sancta
1844 2923 2082 2994 synodus

489 3021 762 3089 Cplitana.
801 3058 815 3074 .
855 3056 871 3070 .
907 3015 1106 3071 Filium
1142 3015 1668 3071 consubstantialem
1710 3030 1833 3071 esse
1869 3014 2078 3080 Patris,

2143 1985 2146 1988 ἢ
2184 1930 2321 1971 vero
2341 1930 2524 1986 neque
2549 1924 2744 1971 contra
2773 1916 2992 1971 decreta
3026 1914 3127 1970 SS.
3156 1914 3404 1983 Patrum,
3433 1917 3523 1987 qui
3546 1917 3746 1985 Nicaea,

2182 2005 2689 2077 Constantinopoli,
2735 2005 3083 2062 Chalcedone
3134 2005 3222 2061 vel
3265 2005 3496 2062 ubilibet
3526 2007 3747 2066 locorum

2182 2111 2284 2167 pro
2307 2095 2571 2151 firmanda
2593 2096 2700 2151 fide
2721 2104 3125 2151 convenerunt.
3155 2095 3308 2150 Idem
3349 2096 3520 2162 enim,
3545 2099 3632 2151 sed
3654 2099 3748 2153 uli-

2185 2198 2265 2243 ter
2305 2187 2437 2244 dicit
2482 2188 2819 2258 explananda
2850 2198 2898 2243 et
2929 2189 3331 2260 interpretando
3350 2229 3366 2251 ,
3396 2190 3538 2259 quod
3565 2191 3647 2260 pie
3672 2191 3746 2245 in-

2184 2281 2350 2349 telligi
2376 2289 2628 2351 oporteat
2663 2279 2927 2351 Spiritum
2970 2295 3036 2335 ex
3076 2281 3236 2336 Patre
3270 2281 3563 2350 procedere
3586 2323 3600 2346 ,
3635 2283 3750 2338 sub-

2185 2373 2464 2428 intellecto
2493 2373 2612 2427 scil.
2632 2372 2794 2437 Filio,
2822 2381 2936 2426 tum
2953 2372 3081 2442 quia
3103 2371 3452 2426 verissimum
3473 2379 3556 2427 est
3594 2371 3749 2442 Spiri-

2187 2475 2302 2520 tum
2352 2484 2416 2522 ex
2461 2465 2602 2521 Filio
2651 2468 2972 2538 procedere,
3024 2478 3140 2524 tum
3191 2469 3321 2539 quia
3360 2469 3518 2524 multi
3563 2485 3592 2524 a
3629 2469 3750 2525 Filio

2186 2557 2363 2628 ipsum
2394 2559 2728 2614 dividebant.
2762 2559 3057 2643 Enimvero
3095 2561 3240 2616 sicut
3287 2560 3602 2632 intelligitur
3644 2561 3752 2616 Filii

2185 2664 2307 2705 esse
2340 2649 2612 2720 Spiritus,
2654 2667 2777 2707 cmn
2819 2652 3021 2707 dicitur
3057 2669 3178 2709 esse
3219 2654 3424 2719 Patris,
3471 2655 3542 2709 ita
3586 2655 3754 2709 conci-

2175 2742 2420 2814 piendus
2451 2753 2537 2799 est
2577 2760 2641 2799 ex
2671 2745 2809 2800 Filio
2839 2747 3158 2815 procedere,
3192 2762 3321 2801 cum
3364 2746 3507 2802 Deus
3548 2763 3577 2802 a
3615 2747 3755 2802 Patre

2186 2835 2453 2905 procedit.
2487 2877 2500 2889 .
2539 2875 2554 2890 .
2584 2835 2786 2891 Verum
2814 2838 2994 2893 bonus
3024 2837 3217 2894 Pastor
3240 2841 3360 2894 suis
3385 2840 3535 2895 falsis
3560 2841 3756 2910 Opinio-

2184 2926 2347 2982 nibus
2378 2927 2736 2982 consistentia
2767 2937 2824 2983 et
2849 2928 2991 2983 bene
3026 2928 3292 3004 habentia
3321 2929 3563 2984 dimovet
3588 2939 3639 2983 et
3665 2929 3755 2982 La-

2187 3020 2424 3075 tinorum
2441 3019 2497 3075 S.
2524 3020 2819 3076 Ecclesium
2846 3022 3052 3091 absque
3074 3021 3287 3092 synodo
3314 3036 3414 3092 pro
3434 3021 3548 3076 suis
3573 3021 3712 3075 virilia
3735 3035 3758 3075 s

493 3110 758 3180 Spiritum
806 3123 1027 3179 quoque
1066 3116 1319 3162 sanctum
1366 3105 1757 3177 procedentem
1805 3121 1834 3160 a
1881 3105 2077 3173 Patre;
2105 3147 2151 3208 ο
2184 3112 2533 3175 condemnat,
2575 3122 2876 3183 contraque
2901 3112 3003 3168 SS.
3031 3113 3270 3184 synodos
3303 3122 3601 3182 contraque
3637 3128 3757 3182 apo-

491 3200 739 3270 nuuquid
773 3199 994 3272 negavit
1024 3213 1148 3253 cum
1188 3214 1219 3252 a
1254 3197 1393 3253 Filio
1441 3198 1780 3268 procedere?
1813 3195 1907 3252 Vel
1945 3213 2080 3253 con-

491 3309 728 3363 sequens
761 3304 864 3360 est,
895 3301 955 3348 ut
993 3294 1036 3348 si
1070 3291 1320 3363 procedit
1346 3306 1376 3346 a
1407 3290 1590 3358 Patre,
1629 3307 1736 3346 non
1764 3293 2025 3361 procedat
2052 3307 2084 3346 a

488 3386 666 3442 Filio?
698 3388 890 3442 Potius
923 3401 1054 3458 ergo
1080 3385 1380 3454 agnoscite,
1406 3385 1452 3440 si
1483 3383 1601 3440 Filii
1629 3385 1797 3441 vultis
1829 3400 1952 3440 esse
1978 3385 2085 3440 Ec-

489 3477 674 3533 clesiae
717 3487 773 3533 et
821 3478 1044 3533 Patrum
1088 3475 1244 3546 sequi
1277 3475 1608 3539 doctrinam,
1658 3476 1804 3546 quod
1852 3475 2086 3532 dicendo

491 3582 743 3627 sanctqu
769 3573 1064 3628 concilium
1090 3570 1208 3642 Cpli
1230 3571 1517 3627 collectum
1543 3571 1808 3642 Spiritum
1832 3579 2082 3626 sanctum
2117 3625 2119 3628 .

492 3663 883 3734 procedentem
905 3678 934 3717 a
960 3661 1142 3728 Patre,
1168 3663 1312 3733 quod
1337 3677 1464 3716 eum
1489 3671 1590 3716 cta
1622 3661 1759 3716 Filio
1787 3662 2084 3731 procedere

491 3770 600 3809 non
625 3754 881 3826 negavit;
912 3755 1008 3810 sed
1034 3762 1145 3809 tota
1173 3754 1434 3818 Trinitas,
1466 3771 1592 3809 cum
1621 3755 1696 3809 sit
1721 3756 2084 3811 consubstan-

492 3849 637 3904 tialis
668 3857 725 3902 et
753 3847 923 3902 Filius
942 3856 1106 3902 natus
1139 3862 1168 3900 a
1200 3845 1383 3912 Patre,
1415 3846 1656 3916 Spiritus
1711 3862 1929 3916 quoque
1956 3863 2083 3901 sau-

490 3950 613 3996 ctus
645 3939 979 3995 sitcharitas
1013 3939 1302 4009 utriusque
1327 3978 1342 4004 ,
1385 3954 1495 3992 non
1533 3939 1706 4009 possit
1737 3941 1829 4010 qui
1852 3955 2083 4011 sncgare

493 4033 760 4104 Spiritum
790 4044 1040 4088 sanctum
1071 4049 1101 4087 a
1126 4031 1262 4086 Filio
1289 4032 1586 4102 procedere
1613 4074 1627 4098 ,
1664 4031 1767 4087 nisi
1798 4034 2082 4102 negaverit

491 4127 688 4181 Filium
741 4127 1098 4190 charitatem,
1152 4141 1260 4196 qua
1316 4124 1490 4197 diligit
1545 4125 1799 4194 Patrem,
1851 4127 2076 4182 habere.

489 4219 648 4285 Quod
675 4219 803 4287 quia
840 4233 1124 4283 vesanum,
1159 4217 1455 4272 tenendqu
1491 4218 1716 4272 onmiuo
1761 4226 1816 4273 et
1846 4217 2078 4273 fideliter

489 4310 880 4380 profitendum,
910 4311 1034 4380 quia
1063 4311 1220 4363 Pater
1260 4307 1433 4381 diligit
1463 4309 1662 4364 Filium
1699 4318 1754 4365 et
1789 4310 1957 4366 Filius
1990 4311 2078 4364 di-

488 4402 605 4475 ligit
644 4404 882 4465 Patrem,
916 4413 972 4458 et
1005 4404 1122 4458 haec
1162 4402 1403 4470 dilectio,
1435 4419 1543 4474 qua
1578 4404 1739 4458 Pater
1769 4403 1944 4459 dilieit
1985 4402 2078 4458 Fi-

491 4601 566 4654 De
597 4617 702 4654 uua
743 4599 904 4654 Eccl."
929 4617 978 4654 c.
1026 4601 1091 4663 9°,
1125 4599 1217 4672 De
1255 4618 1402 4671 proc.
1434 4599 1527 4672 Sp.
1561 4599 1619 4656 S.
1657 4615 1705 4656 c.
1749 4601 1784 4655 4
1813 4600 1897 4669 (G.
1928 4599 1990 4656 Ο.
2027 4601 2070 4666 ῐ,

485 4673 578 4734 74,
629 4671 782 4742 282);
834 4672 995 4742 Grcg.
1037 4671 1158 4740 Cpl.
1197 4675 1262 4725 ad
1311 4673 1442 4740 imp.
1477 4671 1706 4740 Trupez.
1756 4687 1806 4728 c.
1861 4673 1925 4726 18
1969 4674 2070 4740 (ib.

486 4759 542 4814 ιι.
584 4741 1033 4814 460);_aliosque.
1069 4742 1769 4814 Similia_dicit_ACyrillus,
1812 4743 1850 4797 l.
1884 4757 1958 4805 v1,
2004 4743 2072 4798 ad

487 4810 671 4883 llerm.
694 4810 966 4883 '(Beccus,
994 4812 1166 4883 cpigr.
1199 4813 1248 4875 l,
1281 4810 1346 4883 G.
1375 4811 1419 4866 0
1470 4810 1532 4875 ll,
1558 4810 1707 4882 540).

559 4881 973 4955 (ti2)__l\'onu_u_lli
1028 4881 1162 4955 vero
1210 4881 1409 4955 eruditi
1436 4897 1566 4955 non
1634 4881 1753 4955 sine
1815 4881 2076 4955 gravibus

489 4951 797 5007 rationibus
852 4951 1261 5008 'l‘hcodoretum
1323 4952 1602 5008 vindicant
1665 4952 1736 5007 ab
1803 4951 2072 5022 ejusmodi

488 5036 694 5076 errore.

559 5092 674 5162 (65)
715 5091 850 5147 Illud
872 5092 937 5162 ὲκ
963 5090 1058 5146 τοῦ
1087 5090 1220 5146 Υἱοῢ
1257 5092 1450 5160 reiecit
1474 5109 1583 5148 non
1616 5093 1722 5148 alio
1754 5108 1941 5158 sensu,
1967 5093 2072 5148 nisi

487 5161 658 5235 aut;
683 5163 782 5234 τῆς
813 5161 1038 5235 πρριτης
1064 5163 1266 5227 αἰτίας,
1300 5165 1364 5215 ὲκ
1401 5165 1501 5233 τῆς
1544 5165 1722 5235 ἀρχῆς
1750 5180 2074 5235 προκαταριε

489 5233 705 5303 κτικῆς,
740 5231 815 5287 ἰιι
872 5231 1092 5287 Graecus
1152 5243 1342 5286 auctor
1395 5231 1540 5303 apud
1585 5231 1820 5302 Niciaph.
1878 5231 2074 5299 Itleni.,

487 5311 630 5374 orat.
664 5306 726 5374 1.
764 5303 1386 5374 p._>77adw:rtit.llngo
1438 5304 1627 5358 Ethcr.
1672 5305 1709 5358 l.
1757 5320 1841 5367 ιιι,
1889 5320 1938 5358 c.
1980 5305 2071 5367 2|,

486 5389 544 5443 p.
570 5373 708 5428 1259
734 5391 748 5427 :
779 5391 797 5424 ι
835 5372 997 5427 Solus
1023 5388 1182 5443 vero,
1208 5372 1414 5442 inquit,
1443 5375 1811 5429 Damasceuus
1835 5374 2076 5429 Joannes

488 5442 757 5500 dissidere
789 5460 819 5496 a
848 5459 1045 5514 magno
1067 5442 1268 5514 Cyrillo
1295 5445 1523 5514 aliisque
1547 5445 1800 5500 Patribus
1833 5446 2072 5507 videtur,

491 5516 536 5569 si
571 5525 754 5570 tamen
783 5515 853 5567 ita
883 5511 1073 5567 scribit
1103 5511 1121 5565 :7
1156 5511 1415 5582 Spiritum
1434 5511 1517 5569 ex
1557 5515 1721 5569 Patre
1769 5517 1993 5568 dicimus
2026 5525 2074 5568 et

490 5586 758 5653 Spiritum
782 5584 963 5638 Patris
995 5584 1350 5653 nominamus.
1403 5587 1484 5638 Ea:
1544 5585 1684 5653 Filio
1726 5597 1902 5639 autem
1949 5585 2074 5653 Spi-

487 5651 650 5708 ritum
672 5672 776 5708 non
798 5655 1041 5715 dicimus,
1065 5652 1326 5721 Spiritum
1353 5671 1472 5709 vero
1513 5655 1636 5708 Filii
1668 5651 2023 5709 nominamus.
2050 5675 2068 5709 ι

493 5724 881 5779 Verumtamen
924 5733 973 5778 ct
1026 5724 1303 5792 Scriptura
1338 5725 1414 5777 sic
1454 5741 1507 5777 se
1541 5726 1763 5780 [iubente
1798 5743 1905 5779 non
1961 5729 2073 5781 dis-

483 5795 674 5851 cordat
699 5796 788 5850 hic
809 5804 1033 5850 sanctus
1066 5810 1093 5849 a
1141 5792 1332 5848 Latina
1377 5795 1639 5861 veritate;
1683 5799 1787 5852 hoc
1831 5798 1898 5850 ad
1939 5813 2073 5852 cou-

2107 4495 2155 4552 Ι)

2184 3205 2387 3260 stolicae
2412 3205 2716 3260 sanctitatis
2746 3206 2892 3260 viros
2920 3206 3206 3270 mentitur,
3242 3206 3378 3261 dum
3407 3221 3502 3260 eos
3533 3204 3758 3261 sanxisse

2183 3299 2450 3362 allirmat,
2479 3297 2744 3367 Spiritum
2779 3313 2808 3352 a
2844 3296 3024 3364 Patre,
3061 3297 3154 3352 sed
3191 3313 3307 3351 non
3343 3313 3373 3352 a
3408 3296 3544 3351 Filio
3580 3311 3755 3366 procc-

2185 3391 2334 3447 dcre.
2370 3431 2385 3444 .
2419 3432 2432 3445 .
2485 3390 2586 3445 llic
2637 3389 2976 3445 conviciator
3027 3389 3320 3445 edocuisse
3376 3389 3497 3445 illos
3545 3389 3758 3456 asserit,

2185 3481 2330 3552 quod
2360 3481 2599 3537 indicare
2621 3481 2921 3536 orationem
2953 3481 3274 3546 arbitratur,
3304 3483 3426 3536 scil.
3449 3481 3538 3552 qui
3561 3498 3591 3536 a
3618 3481 3758 3536 Patre

2182 3573 2294 3628 solo
2325 3573 2588 3644 procedit.
2625 3614 2638 3628 .
2673 3615 2690 3629 .
2722 3573 2843 3627 Non
2875 3573 3020 3628 idem
3048 3573 3365 3646 significant
3391 3575 3476 3628 ha:
3504 3575 3624 3629 duae
3650 3589 3762 3628 ora-

2183 3667 2362 3722 tiones
2393 3684 2406 3720 :
2437 3665 2539 3732 Qui
2578 3684 2609 3720 a
2645 3666 2807 3721 Patre
2850 3663 3108 3735 procedit,
3145 3676 3200 3721 et
3229 3684 3242 3720 :
3271 3666 3377 3733 Qui
3404 3685 3437 3721 a
3473 3667 3635 3722 Patre
3662 3670 3761 3720 solo

2183 3758 2440 3827 procedit.
2469 3772 2646 3827 neque
2672 3756 2816 3827 apud
2846 3757 3096 3823 Grmcos,
3133 3773 3318 3827 neque
3347 3758 3492 3828 apud
3535 3756 3760 3822 Latinus,

2184 3834 2363 3918 neque
2410 3863 2578 3917 penes
2613 3857 2882 3914 oratores,
2930 3863 3110 3918 neque
3157 3864 3333 3918 penes
3386 3849 3760 3920 philosOphos;

2184 3941 2429 4012 profecto
2449 3941 2635 3995 rimari
2659 3941 2878 4011 quidem
2895 3951 3114 4011 oportet
3137 3957 3246 3996 non
3265 3943 3444 3996 solum
3459 3941 3758 4004 dictionem,

2183 4050 2371 4091 verum
2411 4033 2668 4089 dictionis
2699 4033 3080 4088 intentionem.
3107 4031 3251 4087 Sane
3281 4050 3406 4101 qua:
3437 4033 3599 4088 dubia
3625 4044 3759 4096 sunt,

2182 4120 2457 4176 interdum
2489 4137 2586 4192 per
2616 4123 2718 4176 alia
2749 4121 3171 4176 manifestantur
3197 4131 3253 4177 et
3282 4139 3350 4177 ex
3381 4123 3469 4178 his
3498 4139 3616 4193 qua:
3645 4123 3758 4176 aLIIi

2184 4215 2385 4284 Scripta
2418 4224 2564 4269 sunt.
2592 4214 2832 4269 Nothum
2863 4216 3034 4284 (edit.
3060 4216 3277 4286 notum)
3307 4217 3533 4286 quidem
3565 4217 3716 4272 videt:
3741 4231 3762 4268 r

2182 4305 2393 4362 Latinis
2423 4308 2513 4378 qui
2540 4325 2573 4360 a
2616 4307 2784 4361 Patre
2806 4309 2938 4371 solo,
2968 4308 3199 4363 nothum
3232 4325 3365 4364 vero
3393 4308 3596 4364 Graecis
3621 4309 3705 4379 qui
3732 4325 3760 4360 a

2181 4397 2346 4451 Patre
2371 4407 2420 4451 et
2460 4396 2624 4464 Filio,
2677 4413 2743 4452 co
2770 4399 2913 4469 quod
2938 4409 3192 4454 neutrum
3228 4401 3282 4455 in
3310 4400 3618 4474 Evangeliis
3639 4400 3762 4456 scri-

2178 4609 2525 4664 suetudincm
2569 4608 2882 4667 Gnrcorum
2934 4606 3290 4668 referendo,
3321 4624 3447 4678 quae
3501 4623 3608 4662 non
3634 4619 3760 4678 esse

2181 4680 2445 4749 Spiritum
2485 4694 2550 4732 ex
2585 4679 2718 4734 Filio
2747 4681 3056 4739 confitetur,
3077 4690 3217 4734 etc.»
3244 4676 3487 4734 Thomas
3510 4676 3759 4749 Aquinas.

2179 4746 2256 4819 (p.
2295 4752 2346 4810 1,
2385 4765 2440 4818 q.
2474 4751 2563 4808 56,
2615 4766 2666 4803 τι.
2705 4750 2740 4803 2
2785 4753 2850 4802 ad
2878 4751 2932 4815 5)
2981 4753 3376 4803 Damascenum
3433 4746 3760 4819 Nestorianis

2180 4816 2281 4874 hac
2309 4820 2362 4872 in
2393 4816 2449 4872 re
2481 4821 2788 4885 accensuit;
2822 4822 2916 4874 sed
2941 4820 3122 4874 statim
3151 4820 3349 4888 adjecit
3377 4838 3390 4874 :
3418 4840 3436 4871 ι
3458 4816 3709 4884 Quamvis
3732 4829 3758 4867 a

2177 4889 2502 4957 quibusdam
2534 4890 2770 4954 dicatur,
2811 4892 2954 4959 quod
2989 4892 3259 4949 Damasc.,
3307 4891 3453 4944 sicut
3484 4903 3592 4942 non
3631 4900 3755 4941 cou-

2178 4961 2363 5013 fitetur
2405 4960 2668 5030 Spiritum
2695 4971 2942 5014 sanctum
2971 4976 3093 5014 esse
3121 4975 3149 5012 a
3177 4959 3333 5022 Filio,
3355 4960 3430 5013 ita
3458 4959 3623 5030 etiam
3654 4969 3752 5008 non

2177 5029 2512 5100 negatex'vi
2544 5030 2839 5084 verborum
2883 5031 3124 5082 illorum.
3159 5049 3177 5081 ι
3228 5031 3332 5084 Sed
3375 5045 3441 5100 re
3486 5029 3756 5100 ipsa___eum

2178 5097 2302 5153 cum
2330 5100 2451 5154 aliis
2478 5100 2729 5154 Pati-ibus
2762 5101 2965 5154 sentire
2993 5102 3292 5169 ostendunt
3322 5099 3556 5169 Niceph.
3591 5097 3754 5150 Blem.

2178 5171 2241 5233 (Ι.
2270 5185 2319 5222 c.
2346 5187 2397 5224 c.
2437 5171 2530 5232 25,
2568 5186 2623 5239 p.
2664 5171 2734 5225 29
2760 5171 2932 5240 seq.);
2968 5171 3174 5224 Beccus
3206 5168 3292 5240 (ϐ.
3328 5170 3392 5225 Ο.
3425 5168 3512 5240 ll,
3539 5169 3606 5240 66
3648 5181 3754 5232 seq.

2179 5240 2328 5307 12A);
2381 5240 2730 5294 Coustautin.
2779 5239 3024 5295 Meliten.
3073 5239 3222 5294 orat.
3268 5241 3290 5292 l
3336 5240 3438 5307 (ib.
3488 5239 3595 5293 675
3645 5250 3753 5307 set]-

2178 5305 2313 5384 _69i,_
2329 5310 2477 5384 69.3);
2509 5309 2704 5381 Georg.
2731 5310 3188 5384 _'l“rape7_.uut._(ad
3228 5305 3552 5384 J._7Cubocl.

2177 5381 2253 5436 ib.
2295 5381 2336 5433 l.
2381 5381 2485 5435 494
2518 5376 2682 5450 seq.)';
2729 5376 2946 5434 Man—uel
2996 5376 3237 5436 Calceus.
3280 5382 3336 5450 (1.
3381 5397 3467 5444 ιιι,
3511 5395 3565 5448 p.
3606 5376 3752 5450 gilii};

2177 5451 2375 5520 Georg.
2403 5443 2792 5520 Protosvncell.
2828 5452 2981 5520 Apol.
3013 5469 3059 5504 c.
3096 5452 3256 5506 Marc.
3288 5443 3424 5520 Eph.
3454 5443 3752 5520 (il-ard._l._\3

2178 5512 2643 5588 6350);"8essario'n
2673 5525 2781 5592 (ep.
2809 5512 2884 5576 ad.
2905 5524 3057 5576 Alex.
3085 5522 3239 5592 Lase.
3267 5512 3416 5592 c.'9_:
3451 5512 3528 5592 ἷιξ-
3556 5534 3607 5586 Ρ·

2178 5584 2345 5661 δίδαξις
2385 5592 2494 5646 Lco
2528 5584 2758 5646 Allatitts
2781 5594 2879 5657 (De
2908 5609 3141 5646 consciis.
3179 5590 3247 5656 ll,
3278 5593 3334 5656 2,
3370 5590 3534 5655 6-H,
3557 5584 3624 5661 p.
3658 5584 3756 5661 έλὲ

2177 5653 2548 5735 εοιίξμΕη-σιιὶικ
2585 5653 2843 5735 ρηιίνῖιῆ.
2870 5665 2985 5735 27);
3012 5653 3374 5735 Walch.»(0p.
3400 5663 3499 5717 cit.
3522 5653 3682 5724 Vc.'2,§
3703 5653 3755 5718 “lg

2177 5749 2232 5803 p.
2262 5731 2352 5804 2i)
2378 5733 2578 5803 aliique
2609 5733 2849 5804 plurimi.
