3956 6416
209 384 300 450 429

872 377 972 437 DE
1013 377 1073 439 S.
1116 376 1312 436 SPIR.
1355 371 1862 436 MYSTAGOGIA.
1889 369 2715 434 —ANIMADVERSIONES

3362 366 3467 429 430

206 507 338 570 ptum
360 491 685 561 reperiatur;
713 503 902 543 verum
918 490 997 544 sic
1022 491 1271 560 opposita
1288 497 1438 555 sunt,
1463 500 1523 544 ut
1539 489 1774 543 alterum
1804 489 1852 549 Α
1879 485 2126 555 respicit,
2156 484 2303 554 quod
2332 484 2578 539 futurum
2614 491 2751 545 erat,
2784 482 2931 550 quod
2960 481 3243 557 discipulis
3282 483 3470 538 mitte—

205 583 399 658 quidem
434 582 661 637 duorum
696 579 769 634 sit
809 595 999 635 verum
1031 596 1101 634 ex
1141 580 1505 646 necessitate,
1540 579 1774 633 alterum

204 692 319 735 vero
343 690 484 741 non;
514 672 609 728 sed
642 687 707 727 ex
743 670 881 725 Filio
916 672 1139 742 quidem
1174 671 1474 743 procedere
1518 669 1773 738 Scriptu-

202 770 267 826 ris
288 775 541 824 consonat
563 772 621 820 et
648 764 983 830 concordat,
1018 772 1075 819 et
1111 779 1292 834 neque
1319 762 1656 819 contrarium
1687 762 1776 816 vel

204 872 490 931 repugnans
530 853 835 919 invenitur,
861 869 1175 927 quanquam
1217 870 1251 909 a
1294 852 1516 925 synodi‘s
1546 867 1777 922 expres-

202 968 305 1009 sum
334 965 439 1004 non
473 949 563 1004 sit.
597 947 817 1003 Etenim
849 948 1081 1018 quisque
1127 946 1501 1001 Romanorum
1542 944 1769 1014 pontiﬁ-

202 1055 332 1104 cum,
366 1037 461 1108 qui
497 1036 734 1108 synodos
767 1035 1252 1091 sanctiﬁcaverunt
1296 1041 1361 1103 et
1409 1033 1775 1087 conﬁrmave-

202 1134 346 1188 runt,
382 1140 600 1194 semper
634 1124 739 1180 hoc
771 1124 911 1179 dixit
953 1139 1019 1179 ac
1058 1122 1512 1194 dogmatizavit...
1556 1122 1637 1175 Ea:
1663 1119 1774 1173 solo

200 1228 363 1272 autem
394 1215 671 1270 dicentem
706 1213 877 1267 multa
916 1221 1219 1282 sequuntur
1254 1208 1772 1265 inconvenientia...

202 1308 335 1385 [167]
380 1307 437 1362 Si
482 1322 550 1363 ex
602 1308 720 1362 solo
763 1305 923 1360 Patre
954 1304 1204 1375 procedit
1232 1303 1495 1373 Spiritus,
1533 1318 1643 1356 non
1689 1310 1776 1357 est

202 1405 302 1474 ipse
328 1403 500 1471 imago
531 1399 680 1464 Filii,
715 1397 855 1469 (6i),
885 1398 980 1451 sed
1018 1397 1213 1459 Patris,
1255 1404 1317 1449 ut
1348 1396 1467 1449 sine
1498 1392 1679 1448 medio
1708 1408 1772 1447 ex

203 1495 307 1564 ipso
334 1507 668 1557 coruscans;
701 1506 811 1545 non
846 1499 929 1544 est
962 1500 1147 1543 autem
1194 1489 1329 1552 hoc,
1368 1501 1495 1541 cum
1531 1486 1774 1556 Spiritus

202 1586 362 1655 imago
388 1583 458 1639 sit
483 1582 606 1637 Filii
637 1591 696 1637 et
719 1596 785 1636 ex
812 1582 930 1651 ipso
960 1580 1199 1649 proxime
1224 1578 1511 1650 refulgeat.
1541 1576 1775 1648 Propin-

200 1676 343 1745 quior
389 1674 491 1729 erit
534 1672 680 1729 Patri
720 1688 884 1743 quam
933 1672 1071 1727 Filio
1102 1680 1160 1727 et
1192 1670 1367 1742 magis
1399 1668 1577 1724 Patris
1610 1684 1772 1739 quam

203 1767 328 1822 Filii.
363 1766 611 1835 Amplius
640 1765 686 1820 si
716 1781 784 1820 ex
817 1764 978 1819 Patre
1004 1764 1121 1819 solo
1150 1763 1420 1834 procedit,
1450 1762 1517 1817 ad
1549 1777 1773 1817 mensu-

203 1874 305 1912 ram
326 1858 414 1911 dat
434 1856 600 1912 Pater
618 1855 754 1911 Filio
777 1855 1063 1927 Spiritum,
1086 1870 1212 1911 cum
1238 1856 1409 1911 solam
1433 1854 1774 1920 missionem,
1810 1831 1853 1887 Β

200 1960 248 2005 ει
275 1965 379 2004 non
419 1950 779 2004 emissionem
822 1948 872 2003 ci
908 1946 1131 2003 tribuat.
1161 1946 1364 2019 ln.quo
1398 1947 1521 2003 scil.
1556 1963 1668 2002 non
1695 1947 1778 2003 vi-
1828 1988 1832 1992 ς

201 2043 348 2097 detur
374 2042 621 2097 remetiri
654 2050 939 2112 paternam
969 2040 1376 2108 excellentiam,
1415 2056 1519 2096 nec
1545 2056 1608 2095 ex
1641 2041 1783 2097 inte-

202 2151 286 2205 gro
315 2132 585 2203 Spiritum
608 2133 813 2188 habere
842 2148 966 2186 cum
991 2132 1266 2198 omnibus,
1292 2148 1413 2202 quae
1434 2131 1579 2186 circa
1603 2131 1780 2202 ipsum

202 2225 642 2288 considerantur,
670 2224 814 2279 sicut
849 2224 1014 2279 habet
1047 2223 1227 2280 Pater.
1260 2226 1351 2279 Ait
1376 2227 1524 2282 enim
1550 2211 1782 2298 magnus

203 2318 459 2388 Cyrillus:
500 2334 522 2367 ι
559 2314 677 2370 Non
701 2317 769 2371 ad
796 2331 1110 2371 mensuram
1144 2316 1238 2371 dat
1259 2316 1527 2388 Spiritum
1585 2318 1779 2384 Filius,

202 2410 338 2480 juxta
366 2408 598 2464 Joannis
626 2424 847 2477 vocem;
882 2411 977 2465 sed
1010 2410 1125 2480 ipse
1151 2412 1355 2466 emittit
1374 2426 1441 2466 ex
1466 2426 1548 2475 se,
1580 2427 1782 2482 quem-

201 2504 482 2558 admodum
518 2504 709 2575 utique
731 2513 787 2558 et
814 2505 997 2560 Pater.
1022 2503 1288 2571 Quocirca
1321 2505 1636 2576 quicunque
1658 2521 1783 2559 ora-

206 2596 393 2650 tionem
428 2615 443 2649 :
494 2595 599 2661 Qui
637 2614 670 2649 a
712 2596 874 2651 Patre
903 2599 1140 2669 procedit
1174 2598 1527 2653 transformat
1566 2598 1623 2653 in
1662 2613 1783 2652 eam

203 2704 313 2758 quae
339 2688 473 2743 dicit
509 2707 543 2742 a
587 2689 749 2745 Patre
785 2690 929 2756 solo,
976 2679 1275 2746 Salvatoris
1307 2706 1532 2757 vocem,
1573 2691 1665 2762 qui
1701 2699 1785 2747 cst

207 2782 448 2851 perennis
482 2782 610 2838 fons
640 2784 911 2848 veritatis,
946 2784 1209 2839 infirmat.
1247 2803 1265 2836 ι

266 2872 317 2927 8.
347 2876 415 2928 At
444 2875 626 2928 multo
653 2876 878 2931 uberius
900 2877 1128 2931 Photius
1159 2876 1226 2931 de
1254 2876 1321 2931 iis
1352 2876 1465 2948 agit
1494 2876 1787 2931 documen-

208 2967 287 3029 tis,
317 2982 435 3037 quae
465 2967 649 3021 Latini
687 2984 787 3038 pro
820 2969 1093 3024 sententia
1131 2985 1227 3024 sua
1273 2970 1474 3025 atl'erre
1513 2970 1781 3033 solebant,

203 3069 353 3129 atque
379 3060 653 3131 imprimis
679 3075 804 3129 cap.
827 3059 1003 3115 20-50
1022 3061 1239 3132 longam
1268 3062 1436 3117 habet
1459 3062 1787 3133 disputatio-

1878 588 2049 644 retur,
2071 593 2183 632 non
2205 577 2272 632 ad
2301 576 2432 632 illud
2450 618 2467 643 ,
2494 573 2639 646 quod
2665 590 2694 628 a
2718 574 2881 629 Patre
2910 570 3160 644 Filioque
3186 574 3469 644 procedit;

1878 673 1997 727 sine
2030 681 2279 742 tempore
2309 685 2549 741 namque
2578 669 2824 741 procedit
2848 683 2878 723 a
2907 667 3071 736 Patre
3090 709 3104 731 ,
3135 666 3384 739 procedit
3416 676 3473 721 et

1876 783 1907 821 a
1938 766 2098 821 Filio.
2142 783 2160 819 ι
2195 763 2457 834 Sequitur
2488 781 2501 818 :
2533 783 2551 816 ι
2588 762 2804 827 Omnia,
2828 778 3150 833 qawcuuque
3179 760 3333 814 habet
3363 759 3473 813 Pa-

1880 872 1978 924 ter,
2009 877 2126 915 mea
2152 868 2315 925 sunt;
2358 866 2638 929 propterea
2684 857 2818 923 dixi,
2850 856 2976 927 quia
3006 857 3070 909 de
3100 871 3213 909 meo
3246 854 3473 922 accipiet

1874 965 1921 1006 et
1963 954 2306 1007 annuntiabit
2346 951 2512 1006 vobis.
2565 951 2623 1005 Si
2670 950 2879 1015 omnia,
2928 962 3272 1019 quaecunque
3306 946 3475 1003 habet

1875 1044 2060 1109 Pater,
2094 1044 2261 1099 habet
2311 1052 2368 1099 et
2406 1043 2596 1109 Filius,
2644 1043 2894 1113 profecto
2940 1042 3083 1097 sicut
3110 1051 3194 1096 est
3235 1040 3474 1111 Spiritus

1876 1150 2101 1192 sanctus
2120 1136 2298 1191 Patris
2319 1134 2583 1206 Spiritus.
2610 1144 2696 1189 est
2712 1144 2768 1190 et
2791 1133 2910 1189 Filii
2935 1132 3207 1203 Spiritus;
3229 1132 3472 1202 alioquin

1876 1226 1924 1281 si
1970 1226 2148 1281 Patris
2186 1235 2273 1280 est
2317 1234 2553 1290 tantum,
2589 1240 2699 1279 non
2731 1224 2898 1278 etiam
2932 1222 3078 1287 Filii,
3111 1237 3221 1276 non
3265 1224 3472 1285 omnia,

1875 1332 2218 1387 quaecunque
2248 1316 2414 1371 habet
2444 1314 2623 1379 Pater,
2654 1323 2788 1368 sunt
2818 1311 2960 1366 Filii.
2996 1330 3014 1363 ο
3065 1311 3330 1367 Similiter
3378 1328 3474 1381 poe-

1882 1408 2180 1463 steriorum
2214 1416 2523 1476 temporum
2565 1403 2833 1459 Catholici
2871 1404 3176 1474 disputant.
3208 1403 3474 1473 Georgius

1876 1498 2275 1569 Trapezuntius
2305 1498 2422 1568 (De
2456 1514 2562 1552 una
2593 1496 2653 1551 S.
2688 1495 2835 1550 Eccl.
2882 1496 2949 1552 Ο.
2986 1495 3056 1551 G.
3099 1496 3140 1561 Ι,
3173 1495 3279 1549 542
3308 1510 3403 1563 seq
3436 1508 3473 1557 ).

1881 1610 1901 1644 ι
1937 1592 2071 1647 Cum
2099 1591 2291 1653 Filius,
2319 1590 2517 1660 inquit,
2541 1604 2707 1645 verus
2727 1587 2907 1644 Patris
2935 1586 3104 1643 Filius
3130 1587 3223 1652 sit,
3243 1602 3475 1643 necesse

1876 1693 1960 1738 est
1991 1683 2171 1754 ipsum
2203 1683 2402 1738 Filium
2443 1689 2824 1737 remanentem
2872 1682 3055 1735 omnia
3092 1680 3271 1735 Patris
3300 1681 3476 1751 possi-

1882 1776 2033 1830 dere.
2068 1773 2330 1829 Producit
2361 1790 2492 1829 vero
2527 1774 2688 1829 Pater
2712 1774 3000 1844 Spiritum,
3032 1774 3286 1844 producit
3316 1775 3479 1844 igitur

1888 1874 1945 1919 et
1975 1862 2167 1931 Filius,
2198 1873 2259 1919 ut
2291 1864 2435 1919 idem
2468 1863 2667 1918 asserit
2695 1882 2707 1917 :
2738 1862 3072 1934 Quwcuuque
3102 1863 3257 1917 habet
3288 1861 3476 1924 Pater.

1890 1971 2006 2009 mea
2029 1963 2187 2021 sunt;
2216 1962 2497 2025 propterea
2527 1952 2641 2007 dilati
2688 1953 2831 2007 vobis
2879 1968 2897 2007 :
2928 1954 3056 2023 quia
3088 1954 3151 2007 de
3181 1969 3295 2007 meo
3339 1954 3481 2006 acci-

1888 2048 2063 2117 piet...
2093 2048 2323 2117 Accipiet
2356 2045 2544 2102 futuro
2574 2054 2820 2116 tempore
2850 2046 3016 2111 dixit,
3048 2061 3159 2100 non
3193 2044 3339 2115 quod
3381 2060 3479 2099 ac—

1890 2148 2151 2209 cepturus
2188 2146 2370 2205 esset;
2426 2137 2568 2193 nihil
2618 2137 2765 2193 cnim
2820 2154 3009 2191 novum
3060 2146 3157 2192 aut
3208 2137 3480 2205 adjectum

1891 2229 2043 2302 [169]
2086 2238 2180 2284 aut
2224 2230 2610 2298 temporarium
2650 2230 2707 2284 in
2740 2230 2883 2296 Deo;
2925 2230 3021 2284 sed
3065 2245 3187 2299 quae
3233 2230 3479 2284 nondum

1891 2330 2115 2393 peracta
2148 2333 2265 2377 erat
2308 2336 2474 2392 super
2518 2322 2829 2392 Apostolos,
2859 2330 3015 2376 notat
3060 2322 3436 2392 operationem
3461 2361 3478 2385 ,

1892 2430 2083 2470 verum
2116 2416 2480 2486 peragendam
2513 2415 2645 2487 (66).
2684 2414 2929 2487 Namque
2951 2417 3330 2488 operationum
3362 2434 3483 2471 ma-

1893 2506 2294 2572 nifestationcs,
2318 2522 2443 2561 cum
2474 2509 2583 2563 sint
2609 2509 2789 2577 quoad
2816 2523 2917 2563 nos
2943 2510 2961 2580 (
2978 2510 3117 2581 πρὸς
3142 2508 3313 2580 ἡμᾶς)
3343 2517 3483 2563 ιειιι-

1895 2598 2145 2667 porariae,
2188 2598 2245 2652 in
2296 2609 2545 2668 tempore
2588 2614 2807 2669 quoque
2850 2599 2989 2654 ﬁunt
3036 2609 3091 2654 et
3135 2610 3479 2672 comparent.

1892 2688 2033 2744 Cum
2075 2689 2238 2760 igitur
2269 2689 2465 2745 similis
2505 2688 2746 2761 Spiritus
2779 2691 3029 2762 operatio
3064 2693 3341 2762 Apostolis
3366 2708 3483 2747 nia-

1891 2780 2197 2836 nifestanda
2233 2791 2382 2848 erat,
2413 2782 2537 2837 ideo
2568 2792 2923 2854 accepturum
2973 2783 3323 2841 Paracletum
3357 2801 3386 2839 a
3424 2801 3484 2840 se

1893 2873 2047 2928 dicit.
2073 2872 2153 2928 Ad
2183 2874 2300 2928 hate
2327 2874 2442 2929 ﬁeri
2470 2891 2581 2929 non
2614 2885 2813 2946 potest,
2844 2892 2970 2931 cum
3005 2878 3258 2933 homines
3284 2878 3480 2941 simus.

1895 2975 1956 3021 ut
1981 2966 2141 3021 aliter
2168 2966 2536 3037 intelligamus
2562 2978 2617 3023 et
2639 2968 2928 3039 loquamur
2954 2969 3039 3023 vel
3067 2970 3446 3041 concipiamus
3464 3011 3480 3033 ,

1894 3058 1999 3112 nisi
2028 3058 2084 3113 in
2118 3067 2363 3129 tempore
2390 3067 2443 3113 et
2470 3059 2773 3114 secundum
2812 3068 3062 3130 tempus:
3096 3059 3330 3130 ideoque
3363 3077 3486 3130 quae

205 3168 341 3218 nem,
369 3168 475 3223 qua
503 3159 889 3223 argumentqu
924 3167 991 3207 ex
1012 3151 1174 3207 Joan.
1206 3170 1317 3217 xvr,
1352 3153 1526 3223 15-15
1550 3154 1783 3223 petitum
1816 3192 1859 3248 ϐ
1896 3151 1985 3206 hic
2029 3159 2337 3220 temporum
2378 3151 2678 3207 intervallis
2718 3154 3103 3223 exprimuntur
3129 3192 3145 3218 ,
3178 3153 3235 3206 in
3279 3152 3485 3208 Divinis

204 3260 458 3300 enervare
498 3244 824 3300 connititur.
865 3244 979 3299 lloc
1016 3253 1168 3299 textu
1217 3244 1438 3300 Patrum
1470 3245 1784 3300 occidenta-

205 3334 325 3389 lium
354 3335 467 3406 (65)
509 3334 738 3404 vestigia
770 3350 1026 3404 premens
1057 3336 1311 3389 utebatur
1351 3334 1501 3407 [1681
1533 3334 1787 3389 Ratram-

205 3443 299 3481 nus
341 3429 454 3497 (op.
504 3426 602 3481 cit.
636 3427 677 3491 1,
707 3427 761 3485 5.
793 3441 848 3496 p.
879 3426 985 3481 2‘29
1032 3429 1191 3497 seq.)
1237 3427 1533 3497 inquiens:
1582 3446 1601 3479 ι
1642 3428 1785 3494 Quid

204 3521 337 3573 enim
378 3505 616 3588 accipiet
653 3518 893 3589 Spiritus
936 3528 1159 3573 sanctus
1195 3534 1227 3573 a
1260 3518 1414 3584 Filio,
1452 3534 1576 3573 cum
1620 3519 1786 3575 unius

202 3610 306 3665 sint
349 3611 674 3666 substantia
730 3611 1002 3680 uniusque
1046 3611 1351 3680 potentiae?
1394 3611 1663 3666 Nimirum
1713 3612 1786 3667 De

204 3718 308 3755 meo
328 3703 559 3772 accipiet
581 3702 738 3768 dixit,
772 3702 825 3756 id
848 3711 933 3756 cst
961 3717 974 3752 :
1009 3716 1039 3755 a
1070 3718 1158 3755 me
1192 3703 1457 3771 procedit.
1486 3704 1614 3774 quia
1644 3704 1788 3760 sicut

203 3801 322 3848 sunt
346 3794 520 3848 unius
545 3792 867 3847 substantia:
890 3792 1052 3846 Pater
1070 3801 1127 3846 et
1150 3791 1341 3858 Filius,
1370 3794 1448 3849 sic
1474 3805 1530 3849 et
1554 3796 1623 3850 de
1645 3803 1789 3850 utro-

201 3902 302 3956 que
347 3887 705 3959 procedendo
755 3886 996 3956 Spiritus
1037 3898 1262 3943 sanctus
1307 3889 1519 3959 accepit
1550 3892 1788 3947 consub-

202 3980 573 4037 stantialitatis
599 3980 995 4036 exsistentiam.
1026 3981 1141 4035 Nec
1167 3981 1331 4036 debet
1361 4000 1602 4051 movere,
1639 3986 1785 4056 quod

203 4074 413 4141 accipiet
456 4071 631 4127 futuri
676 4070 942 4141 temporis
979 4070 1152 4138 dixit;
1200 4072 1304 4127 hoc
1350 4073 1495 4128 enim
1540 4075 1607 4130 ad
1654 4076 1786 4131 illud

268 4208 376 4277 (64)
419 4205 598 4278 Graeci
621 4204 835 4278 Patres,
873 4214 930 4259 ut
950 4205 1060 4278 jam
1087 4206 1381 4278 Gregorius
1408 4206 1697 4263 Thaumat.
1728 4210 1784 4265 in

203 4276 448 4332 Conless.
464 4277 864 4347 (NysseniOpp.
886 4291 965 4338 ιιι,
985 4277 1131 4343 546),
1150 4276 1312 4331 Basil.
1334 4279 1369 4331 Ι.
1390 4295 1441 4341 v,
1461 4295 1509 4332 c.
1526 4278 1782 4346 Ennium,

205 4349 327 4403 Νη.
357 4360 503 4403 orat.
529 4352 584 4406 ‘2.
610 4347 673 4400 de
704 4347 1100 4419 FilioiAthau.
1128 4363 1215 4417 ep.
1247 4349 1335 4402 ad.
1370 4350 1559 4418 Serap.
1585 4350 1786 4419 aliique

208 4419 466 4485 Spiritum
518 4420 708 4472 dicunt
769 4416 955 4468 εἰκόνα
1009 4416 1103 4469 τοῦ
1162 4416 1327 4479 Υἱοῦ,
1384 4416 1525 4473 sicut
1584 4416 1782 4474 Filium

206 4490 382 4541 εἰκόνα
419 4487 521 4541 τοῦ
545 4487 779 4556 Πατρός.
808 4486 861 4539 Id
899 4486 1246 4542 Schismatici
1278 4489 1346 4543 de
1385 4491 1528 4544 nuda
1551 4492 1786 4544 consub-

206 4560 560 4630 stantialitate
586 4551 871 4630 exponunt
899 4556 990 4630 (cf.
1040 4558 1219 4630 ipsum
1263 4558 1517 4630 Plautium
1552 4561 1785 4630 Amphil.
1826 4551 1868 4608 D

207 4642 390 4696 qutt’u.
440 4628 587 4691 235,
629 4627 717 4680 ed.
760 4626 884 4680 Mai.
942 4627 1073 4681 Vett.
1130 4626 1246 4683 Scr.
1306 4646 1437 4683 nova
1482 4628 1616 4684 Coll.
1652 4626 1784 4693 ἸΧ,

207 4701 430 4769 p.1l3).
469 4698 673 4753 Verum
714 4705 924 4769 certum
969 4708 1075 4761 est,
1117 4697 1171 4753 id
1214 4715 1382 4767 penes
1425 4700 1613 4755 Patres
1668 4702 1788 4767 plus

206 4768 403 4839 aliquid
439 4771 628 4825 dicere
656 4775 710 4819 et
744 4768 1009 4840 idoneum
1043 4782 1164 4822 esse
1215 4771 1282 4825 ad
1331 4770 1566 4840 Spiritus
1592 4787 1623 4825 e
1654 4772 1788 4825 Filio

210 4838 637 4910 processionemg
674 4838 1147 4910 conﬁrmandam.
1180 4840 1263 4895 Cf.
1312 4838 1540 4910 Niccpli.
1612 4842 1783 4896 Blcm.

207 4907 340 4983 orat.
358 4914 414 4973 ‘2,
578 4908 660 4983 (G.
685 4907 757 4983 0.
778 4908 897 4983 lup.
925 4910 995 4962 47
1017 4908 1179 4983 seq),
1211 4907 1674 4983 licemini-(Epigr.
1697 4914 1785 4974 Ill;

208 4981 264 5034 ϐ.
294 4986 357 5035 0.
391 4970 458 5045 il,
491 4970 595 5035 547
625 4979 787 5048 seq.),
826 4970 1023 5049 Georg.
1074 4970 1310 5036 Metocli.
1349 4999 1394 5036 c.
1442 4970 1624 5038 Maii.“
1644 4970 1786 5037 Cret.

212 5053 301 5122 (ιι).
335 5052 444 5105 986
474 5053 636 5119 seq.);
683 5052 894 5122 litigou.
931 5048 1110 5122 Ether.
1151 5052 1208 5120 (ι.
1236 5068 1295 5115 ιι,
1336 5069 1384 5107 c.
1420 5052 1472 5113 7,
1501 5069 1554 5122 p.
1602 5055 1785 5119 {2‘21};

209 5120 439 5177 Manuel.
485 5123 667 5176 Calec.
705 5120 762 5189 (1.
806 5134 867 5191 ιι,
898 5134 956 5191 p.
989 5120 1113 5191 405,
1158 5122 1309 5191 406);
1351 5120 1514 5178 ΑΙΙςιιζ
1566 5124 1786 5179 Euchir.

208 5208 322 5261 cap.
354 5192 428 5263 η’,
462 5209 516 5261 p.
557 5191 657 5263 λζ’.
700 5187 848 5244 Vind.
883 5187 1010 5263 Syra.
1055 5190 1190 5259 Eph.
1240 5187 1303 5263 ι).
1336 5195 1440 5247 466
1479 5196 1655 5263 seq.);
1690 5196 1789 5250 sed

209 5260 309 5316 uua
348 5260 479 5317 curn
514 5264 597 5317 his
620 5262 885 5316 Thomam
920 5260 1193 5334 (Samnite,
1229 5260 1280 5332 p.
1316 5264 1366 5329 1,
1396 5281 1451 5334 q.
1491 5260 1582 5327 55',
1604 5260 1670 5319 'a.
1717 5266 1785 5330 ‘2;

209 5334 408 5404 Opusc.
468 5350 525 5396 ι,
585 5350 631 5386 c.
682 5334 854 5389 (ἔτινε.
920 5346 971 5385 ε.
1025 5332 1129 5400 10,
1195 5336 1327 5404 52);
1379 5332 1443 5389 ac
1505 5337 1789 5390 Petavium

211 5405 290 5470 (de
318 5403 469 5471 Trin.
500 5421 596 5468 vn,
625 5418 674 5457 ε.
697 5405 776 5464 7;.

277 5475 389 5543 (65)
416 5474 649 5530 Tertull.
680 5475 741 5530 C.
776 5477 942 5533 Praz.
982 5495 1033 5535 c.
1061 5480 1132 5533 20
1162 5495 1175 5530 :
1207 5493 1225 5526 ί
1262 5475 1532 5530 Caeterum
1576 5476 1643 5529 de
1666 5492 1789 5531 meo

212 5546 397 5621 sumit,
440 5546 807 5621 inquithicut
829 5550 939 5618 ipse
969 5551 1032 5621 de
1060 5550 1173 5621 (illo
1203 5547 1348 5621 quod
1384 5550 1488 5615 est)
1526 5546 1783 5621 Patris.)

211 5612 449 5690 Anteros.
504 5612 578 5690 De
623 5616 721 5690 Sp.
770 5612 936 5690 δίη,
984 5612 1263 5690 η’(ιιριιὶι
1305 5612 1587 5690 ιιίιιτειιῐιη.
1638 5632 1698 5681 ιι,
1731 5617 1785 5690 4,

212 5696 266 5753 p.
286 5684 414 5751 ⁸2ὸὸ)
440 5703 455 5739 :
483 5703 501 5735 ι
529 5688 601 5741 De
626 5684 762 5760 Filio
787 5688 1026 5760 Spiritus
1050 5684 1274 5743 sanctus
1298 5688 1543 5760 accepit;
1579 5688 1791 5760 accepit

215 5763 544 5829 autemgper
586 5758 850 5815 unitatem
894 5760 1253 5829 substantiat,
1305 5758 1447 5812 sicut
1499 5758 1710 5829 accepit
1756 5774 1787 5812 a

216 5820 371 5880 Patre
399 5820 584 5884 Filius.
621 5842 640 5881 ι
670 5829 833 5885 Joan.
863 5847 972 5899 χιιι,
1004 5832 1088 5891 Ii.
1115 5861 1183 5872 —-
1215 5827 1383 5884 liilar.
1408 5829 1471 5883 de
1497 5820 1648 5883 Trin:
1669 5845 1784 5894 vin,

1892 3244 2223 3298 mternaliter
2255 3244 2654 3315 intelliguntur.
2692 3243 2878 3316 Quare
2916 3244 3063 3315 quod
3109 3260 3259 3300 nunc
3289 3260 3485 3313 accep-

1897 3346 2051 3391 turus
2080 3351 2111 3390 a
2140 3336 2278 3389 Filio
2313 3336 2629 3390 Paracletus
2654 3336 2918 3391 asscritur
2941 3376 2956 3399 ,
2981 3336 3191 3407 accepit
3228 3337 3297 3391 ab
3323 3352 3389 3391 eo
3412 3337 3482 3391 ab

1895 3427 2013 3497 ipsa
2051 3428 2380 3482 mternitate.
2420 3426 2553 3493 Quae
2600 3442 2732 3481 vero
2765 3428 2833 3481 ab
2866 3426 2981 3497 ipsa
3025 3428 3332 3482 aeternitate
3369 3427 3483 3481 Deo

1895 3521 2085 3577 insunt
2119 3528 2174 3575 et
2203 3535 2325 3590 quas
2356 3520 2425 3574 ab
2462 3529 2671 3575 aeterno
2715 3520 2995 3589 possidet,
3023 3527 3117 3574 aut
3145 3527 3356 3576 naturas
3388 3532 3483 3575 aut

1895 3610 2293 3683 hypostasibus'
2324 3610 2847 3675 accommodantur;
2899 3610 3150 3680 accipere
3200 3626 3328 3665 vero
3380 3611 3483 3682 hy-

1895 3701 2137 3772 postasin
2163 3702 2233 3757 ab
2264 3701 2544 3774 hypostasi
2584 3716 2693 3755 non
2734 3702 3026 3771 adaptatur
3060 3710 3303 3767 nulline;
3349 3718 3481 3773 ergo

1896 3795 2193 3865 hypostasi.
2228 3792 2384 3861 Quod
2420 3794 2493 3848 nil
2515 3794 2663 3848 aliud
2690 3803 2773 3848 est
2792 3835 2805 3861 ,
2829 3810 2993 3865 quam
3023 3795 3226 3849 habere
3251 3796 3311 3848 τὸ
3340 3791 3481 3850 εἶναι

1896 3904 2186 3959 personam
2230 3888 2589 3958 accipientem
2634 3887 2703 3942 ab
2731 3902 2816 3952 ea,
2858 3902 2888 3941 a
2921 3903 3027 3957 qua
3072 3888 3290 3958 accipit.
3323 3890 3481 3954 Quod

1894 3996 2026 4034 vero
2054 3980 2124 4035 ab
2169 3980 2352 4049 aliquo
2400 3979 2602 4048 accipit
2646 3994 2791 4041 esse,
2834 3994 2899 4034 ex
2944 3994 3012 4034 eo
3066 3979 3229 4034 etiam
3279 3981 3477 4041 habet.

1893 4072 2159 4145 quidquid
2209 4070 2451 4142 possidet
2503 4070 2639 4140 (67).
2682 4087 2703 4121 ι
2753 4068 2894 4125 [line
2938 4072 3217 4127 enascitur
3264 4072 3479 4127 celebre

1892 4211 1964 4266 20
1989 4228 2007 4264 :
2047 4231 2065 4259 σ
2108 4210 2146 4263 Α
2187 4208 2323 4262 Filio
2356 4206 2522 4277 igitur
2563 4205 2788 4274 accipit,
2833 4205 2925 4273 qui
2970 4206 3120 4259 etab
3152 4220 3219 4277 eo
3247 4206 3481 4277 mittitur

1894 4292 1950 4337 ct
1977 4297 2009 4335 a
2048 4280 2208 4333 Patre
2239 4276 2503 4348 procedit,
2537 4286 2592 4331 ct
2644 4278 2927 4348 intermgo
2962 4285 3142 4329 utrum
3192 4276 3278 4348 id_
3302 4276 3480 4346 ipsum

1895 4353 1984 4414 sit,
2007 4368 2036 4404 a
2065 4351 2200 4405 Filio
2226 4345 2494 4417 accipere.
2512 4346 2657 4416 quod
2678 4362 2708 4417 a
2729 4345 2885 4399 Patre
2911 4348 3223 4417 procedere.
3248 4345 3404 4412 Quod
3432 4349 3477 4400 si

1895 4422 2031 4476 nihil
2083 4420 2317 4474 dilferre
2352 4416 2632 4472 credetur
2690 4416 3129 4486 iutcrgacciperc
3175 4433 3205 4470 a
3256 4418 3393 4470 Filio
3424 4427 3481 4470 et

1893 4492 2259 4561 procederea
2311 4488 2691 4561 Patre.__c_crte
2747 4486 2797 4561 id
2854 4484 3032 4555 ipsum
3087 4496 3252 4561 atque
3309 4501 3477 4561 unum

1895 4556 2017 4616 esse
2051 4560 2398 4615 existimatur
2421 4575 2451 4611 a
2480 4558 2618 4611 Filio
2652 4557 2925 4626 accipere,
2957 4556 3102 4626 quod
3132 4559 3201 4611 sit
3226 4558 3478 4625 accipere

1891 4648 1922 4686 a
1957 4632 2136 4686 Patre.
2170 4631 2289 4698 Ipse
2338 4628 2484 4682 enim
2527 4625 2787 4681 Dominus
2827 4626 2941 4681 ait:
2978 4625 3242 4691 Quoniam
3269 4630 3333 4680 de
3364 4644 3478 4680 meo

1895 4703 2147 4770 accipiet,
2171 4710 2278 4753 etc.
2307 4698 2420 4752 Iloc
2466 4698 2610 4767 quod
2656 4698 3056 4770 accipic_t_,__sive
3094 4705 3336 4770 potestas
3364 4708 3475 4770 est,

1892 4765 2233 4829 sive'virtus.
2266 4770 2379 4823 sive
2406 4765 2653 4823 doctrina
2699 4776 2800 4829 est,
2850 4765 3016 4819 Filius
3045 4781 3075 4819 a
3096 4765 3173 4821 ’δε
3204 4767 3480 4836 accipien-

1892 4843 2020 4896 dum
2045 4842 2206 4896 dixit.
2246 4859 2266 4891 ι
2304 4838 2391 4893 Cf.
2427 4839 2597 4891 Leon.
2643 4836 2713 4889 M.
2745 4851 2913 4889 serm.
2957 4836 3009 4895 2,
3053 4839 3118 4889 de
3162 4836 3374 4893 Pentec.
3423 4847 3480 4893 et

1891 4916 2122 4982 August.
2155 4912 2299 4981 apud
2332 4910 2712 4982 [tatramnum_,
2750 4922 2835 4969 ιιι,
2869 4905 3007 4982 2..p.
3039 4907 3166 4982 2η.

1964 4970 2077 5053 (iiii)
2100 4970 2357 5053 Aﬁ'tpsmt
2378 4980 2557 5053 diserti
2577 4970 3068 5053 .pé).ito~a=9;_ei§:‘sv,
3093 4978 3193 5048 οὐχ
3212 4979 3294 5053 ὄςι
3320 4976 3481 5047 ἔμελ-

1890 5047 1982 5107 λεύ
2011 5047 2281 5123 Mdu-:qu
2306 5068 2318 5080 ·
2344 5049 2501 5123 otiosi:
2528 5048 2637 5123 γὰρ
2658 5047 2776 5123 νέρν
2806 5048 2837 5117 ἢ
2876 5047 3202 5123 ἐπείσαξτσν
3297 5066 3481 5123 χρονι-

1890 5126 1987 5178 κὺν
2020 5116 2112 5177 tiri.
2145 5122 2282 5188 Θεοῦ
2306 5137 2320 5151 ·
2372 5119 2511 5172 ἀλλὰ
2550 5116 2839 5188 squ-obitu)
2893 5120 3183 5183 γεγονυῖαν
3244 5116 3345 5173 ἑπῖ
3367 5124 3482 5182 τοῖς

1889 5186 2223 5255 ἁποστόλοιξ
2244 5190 2548 5261 ἐνέργειαν,
2584 5186 2883 5261 μέλλῳσαγ
2904 5188 2983 5261 δέ..

1964 5265 2077 5334 (67)
2111 5264 2210 5318 Διὰ
2232 5257 2390 5334 toﬁ-lo
2435 5261 2502 5334 «5a
2530 5258 2797 5334 xpovmti);
2843 5257 3116 5334 λεχόμενᾳ
3144 5259 3320 5334 cuii-sa
3350 5262 3485 5334 atw.

1891 5329 2021 5398 νεώς
2048 5329 2254 5388 νοεῖται
2287 5333 2379 5401 ἐπὶ
2402 5330 2513 5382 τῶν
2547 5329 2706 5401 ὑείων
2725 5329 2878 5401 ’ὶκαὶγ
2907 5330 3043 5399 ὅπερ
3072 5332 3181 5401 ἄρα
3210 5331 3480 5401 λήψεσθαι

1891 5406 1988 5460 νῦν
2011 5407 2076 5458 ὲκ
2101 5404 2196 5457 τοῦ
2242 5400 2369 5455 Υἱοῦ
2402 5401 2622 5465 λέγεται
2673 5400 2701 5451 ὁ
2728 5399 3123 5471 Παράκ).ητος,“
3161 5399 3396 5463 attnuit»;
3422 5399 3483 5471 ξξ

1891 5475 2061 5529 αὐτοῦ
2092 5474 2398 5544 λαμὸἀκῷιὴ
2446 5473 2513 5544 sit
2538 5471 2592 5522 δὲ
2633 5470 2841 5544 ultimm
2896 5470 3165 5544 πρὸς-ὕψεσι
3216 5470 3480 5544 τῷῌΘεῷ,

1891 5546 2075 5599 πάντα
2095 5545 2152 5598 δὲ
2169 5540 2327 5613 ἀὒτῷ
2351 5542 2584 5613 αῑῳνὲ-ως
2628 5542 2739 5613 ὅσα.Δ
2760 5541 2902 5613 (ἔχει,
2992 5545 3057 5613 τῇ
3097 5540 3331 5613 φύσειλῆ
3362 5544 3484 5603 ταῖς

1892 5571 2075 5599 παντα
2095 5571 2152 5598 οε
2179 5571 2327 5598 αδῑιι
2351 5571 2583 5604 ιιιωνυων
2628 5571 2729 5594 υυυ.
2768 5571 2902 5609 ῧιῦἱ.
2937 5571 2963 5613 ll
3097 5571 3256 5608 Ψυυιι
3304 5571 3331 5609 ιι
3362 5571 3481 5603 ἰαῦ,

1892 5615 2260 5685 ὑποστάσεσιν
2294 5571 2585 5685 ἓιρμόζειῇ
2609 5613 2690 5685 ἐδΔ
2721 5611 2778 5663 δὲ
2820 5612 3152 5685 ,λαμβάνειν
3187 5611 3485 5685 (indotatam!

1892 5688 2024 5757 παρ’
2051 5681 2493 5757 ὑπρστάᾲσζεὼζ-φὺ
2526 5681 3158 5757 ἐᾖλφύρσει-ἁρμᾴζειητῇ
3182 5683 3485 5757 papas-aias}.

1892 5738 2026 5823 ἆρὰ.
2058 5738 2314 5809 Taureos
2342 5738 2496 5807 οὗδὲν
2529 5738 2661 5823 ἆῗιλὸ
2692 5738 2984 5823 ὲστὶγξέί
3022 5738 3098 5823 pi]
3133 5738 3208 5804 ’τὸ
3255 5752 3399 5820 ἔχειν
3424 5753 3487 5823 τὸ

1894 5816 2037 5885 εἶναι
2070 5827 2133 5881 τὸ
2160 5825 2440 5895 λαμϐάνον
2470 5822 2763 5895 πρόσωπον
2796 5822 2855 5885 ἐξ
2905 5816 2966 5877 (οὗ
2998 5816 3314 5892 ἲῖαίλϐάντςῦ
3338 5824 3399 5874 τὸ
3427 5822 3487 5874 δὲ.
