3956 6432
497 359 599 429 431

1644 357 1908 418 ΡΠΟΤῙΙ
1945 353 2450 420 PATRIARCHIE
2491 355 2597 415 CP.

3631 369 3728 433 43?.

504 479 636 535 illud
683 477 906 532 Joannis
948 473 1187 545 Theologi
1253 484 1635 545 argumentum
1683 474 1891 543 (Conc.
1928 471 2076 527 Flor.
2117 481 2156 536 Α
2186 472 2290 526 nisi
2322 471 2641 541 accipiendo
2691 467 3008 524 essentiam.
3059 485 3077 516 ι
3113 465 3248 522 lline
3301 475 3513 539 quando
3552 481 3738 544 dicitur

494 587 642 627 sess.
672 585 824 633 ,xvttt
850 568 1013 624 llard.
1049 567 1137 631 IX,
1175 567 1273 623 195
1314 583 1432 635 seq.
1464 569 1482 637 )
1518 585 1532 620 :
1569 587 1592 624 ,ι
1629 567 1673 620 Α
1700 582 1810 636 quo
1847 566 2082 636 Spiritus

499 671 724 718 sanctus
752 660 953 730 accipit
990 674 1110 716 esse
1141 659 1196 713 in
1223 658 1449 724 divinis,
1487 658 1555 713 ab
1593 672 1660 712 eo
1691 641 1858 712 etiam
1888 671 2081 727 proce-

503 755 614 820 dit;
640 753 843 808 dicitur
873 761 1054 806 autem
1081 749 1319 820 Spiritus
1345 759 1569 804 sanctus
1610 749 1861 818 accipere
1888 763 2010 802 esse
2053 762 2084 801 a

504 841 673 905 Filio;
708 855 837 910 ergo
879 847 935 893 ot
963 854 994 892 a
1031 838 1170 892 Filio
1215 838 1460 907 procedit
1491 836 1630 908 (68).
1674 854 1694 887 ι
1737 854 1757 887 ί
1795 834 1948 900 Quod
1987 850 2086 888 au-

506 946 614 989 tem
663 931 816 1005 [170]
865 931 1087 1002 accipit,
1137 949 1156 982 ι
1205 930 1282 984 a'it
1329 929 1616 984 Bessarion
1648 927 1778 997 (ep.
1819 926 1886 980 ad
1932 925 2087 979 Alex.

507 1028 660 1080 l.asc.
684 1040 734 1079 c.
768 1024 820 1090 7,
863 1023 939 1078 ib.
972 1022 1132 1084 1067,
1162 1021 1349 1091 1068),
1381 1040 1399 1073 ι
1430 1031 1515 1076 est
1537 1021 1657 1090 ejus
1681 1017 1922 1074 essentia
1947 1035 1962 1083 ;
1987 1033 2090 1072 nec

507 1121 653 1174 enim
701 1126 788 1173 est
837 1115 985 1171 aliud
1033 1116 1172 1184 ipse,
1227 1112 1377 1168 aliud
1429 1113 1550 1183 ejus
1595 1110 1906 1166 essentia...
1963 1125 2088 1176 cum

507 1226 721 1266 summe
751 1209 982 1278 simplex
1014 1207 1086 1262 sit
1105 1247 1118 1270 ,
1147 1205 1439 1260 essentiam
1475 1219 1628 1259 suam
1661 1212 1718 1258 et
1746 1217 1869 1257 esse
1896 1201 2094 1271 accipit

505 1319 571 1356 ex
613 1301 767 1356 Filio.
800 1318 818 1351 ο
851 1297 987 1352 llinc
1013 1295 1268 1354 catholici
1299 1294 1537 1365 theologi
1563 1306 1630 1348 ex
1659 1292 1752 1347 illo
1776 1301 1927 1347 textu
1956 1291 2093 1346 mul-

509 1393 712 1464 tiplicia
751 1391 1049 1445 desumunt
1077 1395 1423 1458 argumenta.

577 1485 631 1538 9.
671 1481 791 1535 Jam
825 1495 956 1534 vero
1002 1476 1229 1531 Photius
1274 1491 1386 1542 pra:
1411 1473 1626 1529 caeteris
1655 1474 1711 1527 in
1745 1485 1813 1525 eo
1854 1470 2094 1534 insistit,

2187 565 2448 630 Spiritum
2509 561 2726 616 nonnisi
2759 575 2822 614 ea
2866 557 3035 628 loqui,
3063 572 3185 627 quae
3224 561 3448 630 audivit,
3481 569 3617 628 sicut
3659 576 3740 632 Fi-

2186 657 2290 710 lius
2321 654 2542 710 nonnisi
2585 670 2616 710 a
2645 652 2804 708 Patre
2846 652 3030 707 audita
3063 649 3322 719 loquitur,
3357 657 3540 715 eadem
3569 679 3743 722 essen.

2187 751 2332 808 tialis
2357 751 2589 807 scientia
2620 749 2959 820 intelligitur.
2998 765 3020 800 ι
3061 745 3236 812 Idem,
3265 746 3342 801 ait
3372 747 3614 812 Petavius
3643 760 3748 828 (De

2189 843 2334 899 Trin.
2362 843 2477 904 VII.
2517 844 2571 905 5,
2607 842 2672 912 4)
2719 842 2787 896 ad
2839 849 3046 896 textum
3093 837 3251 892 Joan.
3305 855 3417 904 xvi,
3447 844 3532 909 15,
3565 847 3618 902 in
3647 849 3748 906 Deo

2189 935 2379 990 audire
2408 935 2552 1004 quod
2585 933 2772 987 videre
2798 931 2882 985 vel
2908 930 3083 995 scire;
3119 927 3263 982 idem
3293 929 3432 986 scire
3459 936 3597 1001 quod
3614 952 3746 1001 esse.

2201 1033 2262 1080 ut
2297 1034 2353 1080 et
2388 1024 2727 1095 Augustinus
2758 1029 2917 1075 tract.
2952 1021 3010 1075 in
3066 1017 3225 1074 Joan.
3286 1035 3441 1088 xvtu,
3501 1024 3586 1090 19,
3638 1030 3748 1096 ptu-

2192 1119 2345 1174 ribus
2375 1117 2610 1173 disserit.
2651 1136 2673 1168 ι
2704 1116 2785 1186 ll)
2831 1114 2906 1168 Ex
2953 1112 3184 1167 arbitrio
3217 1112 3449 1169 conlicta
3488 1124 3543 1169 et
3591 1120 3751 1174 nulla-

2194 1221 2354 1266 tenus
2377 1209 2711 1265 admittenda
2738 1218 2822 1262 est
2851 1207 2937 1261 illa
2967 1205 3343 1274 interpretatio
3374 1225 3386 1260 :
3422 1208 3485 1262 ὲκ
3511 1211 3603 1263 τοῦ
3631 1213 3753 1280 ὲμοῦ

2197 1303 2449 1372 Πατρός.
2492 1319 2511 1352 ι
2550 1300 2606 1354 Si
2644 1309 2792 1355 esset
2825 1301 2941 1353 haec
2979 1312 3103 1352 vera
3135 1296 3488 1366 intelligentia
3510 1339 3525 1363 ,
3558 1301 3630 1356 ait
3654 1303 3754 1356 Ma-

2197 1394 2324 1448 nuel
2353 1393 2576 1448 Calecas
2632 1390 2765 1464 (lib.
2802 1407 2840 1455 ι,
2883 1389 2942 1445 C.
2993 1389 3161 1444 (ἶπες.
3204 1403 3259 1457 p.
3303 1388 3428 1453 597-,
3481 1393 3566 1448 ed.
3615 1395 3753 1462 cit.),

2201 1499 2548 1553 nequaquam
2585 1482 2701 1536 sine
2753 1481 3123 1535 additamento
3153 1478 3447 1534 diceretur.
3491 1481 3755 1552 Nunquam

509 1572 653 1643 quod
693 1570 945 1625 Christus
979 1584 1089 1622 non
1131 1565 1332 1621 dixerit
1365 1564 1423 1631 ἐξ
1457 1563 1591 1634 ἐμοῦ
1613 1604 1628 1628 ,
1657 1563 1800 1632 quod
1841 1563 1945 1618 hoc
1973 1577 2098 1632 per-

2209 1575 2344 1631 enim
2369 1575 2673 1646 possessiva
2698 1572 3022 1644 pronomina
3069 1571 3357 1626 masculini
3401 1573 3484 1626 vel
3530 1573 3757 1630 feminini

511 1679 698 1736 peram
726 1663 1040 1717 Latinorum
1085 1659 1310 1713 inducat
1341 1654 1738 1724 interpretatio,
1771 1653 1918 1724 quod
1966 1652 2097 1706 illud
2208 1667 2430 1737 generis
2473 1667 2593 1722 sine
2635 1666 2940 1737 adiectione
2973 1663 3174 1719 amca,
3217 1663 3416 1734 ιῖηευπ
3451 1667 3757 1734 proprietate

511 1758 579 1810 ὲκ
611 1754 707 1807 τοῦ
739 1752 875 1824 ἐμοῦ
928 1765 1219 1822 personam
1255 1747 1437 1818 potius
1479 1745 1654 1800 Patris
1703 1745 1916 1806 innuat,
1961 1743 2100 1799 adeo

2209 1762 2576 1831 proferuntur.
2596 1760 2834 1815 Dicimus
2849 1759 2994 1812 enim
3018 1776 3031 1812 :
3052 1758 3109 1810 Ὀ
3127 1757 3261 1825 ἐμὸς
3281 1756 3462 1828 πατὴρ
3485 1758 3636 1829 καὶὴ
3665 1760 3758 1828 ἐμὴ

515 1855 576 1901 ιιι
606 1860 828 1900 sensum
878 1843 1114 1898 habeat:
1149 1842 1214 1893 ὲκ
1246 1839 1340 1892 τοῦ
1371 1836 1507 1908 ἐμοῦ
1559 1837 1803 1906 Πατρός.
1838 1835 1964 1906 (Cf.
2007 1851 2104 1905 po-

2209 1853 2358 1906 οξκία
2387 1851 2535 1923 [172]
2569 1852 2603 1921 ἢ
2640 1852 2814 1914 πόλις.
2836 1851 2914 1904 lta
2951 1850 3154 1920 quippe
3191 1847 3394 1903 Greca:
3417 1850 3608 1920 lingua:
3639 1867 3757 1907 con-

515 1937 791 1993 tissimum
822 1949 982 2003 capp.
1013 1932 1105 1994 22,
1133 1931 1224 1995 29,
1253 1929 1378 1999 50);
1411 1927 1518 1982 Sed
1546 1927 1607 1998 l)
1642 1926 1780 1981 falso
1813 1927 2094 1997 supponit,

2209 1945 2433 2000 suetudo
2465 1945 2709 2003 proferre
2727 1930 2878 1998 censi

516 2027 739 2082 Latinos
785 2021 1012 2092 astringi
1066 2019 1132 2074 a’d
1166 2017 1331 2073 verba
1381 2014 1587 2070 Christi
1631 2013 1889 2070 mutanda
1940 2013 1996 2067 in
2039 2012 2100 2076 ἐξ

511 2115 683 2188 ἐμοῦ,
715 2130 840 2170 eum
879 2127 1073 2167 omnes
1101 2117 1318 2164 vertant
1345 2123 1456 2161 non
1508 2107 1570 2160 de
1601 2123 1702 2168 me,
1728 2105 1825 2160 sed
1865 2107 1928 2159 de
1962 2120 2112 2168 meo,

516 2210 569 2262 id
605 2218 710 2270 est,
758 2207 826 2261 de
857 2220 943 2269 eo,
965 2203 1110 2273 quod
1141 2201 1318 2256 habeo
1339 2215 1371 2275 a
1395 2198 1559 2254 Patre
1595 2207 1906 2268 acceptum,
1939 2197 2007 2252 de
2035 2212 2100 2251 eo

514 2302 661 2372 quod
708 2315 891 2354 meum
941 2307 1047 2353 est.
1096 2295 1211 2350 lmo
1240 2294 1481 2348 fatentur
1527 2290 1705 2345 Latini
1752 2289 1868 2345 fere
1910 2305 2102 2345 omnes

515 2391 832 2448 immediate
877 2389 945 2444 de
992 2385 1220 2443 scientia
1249 2400 1313 2439 ac
1341 2382 1590 2438 doctrina
1615 2395 1926 2435 sermonem
1958 2395 2100 2444 esse,

516 2501 620 2545 nec
664 2489 972 2555 repugnant
1021 2480 1410 2550 Chrysostomo
1463 2475 1650 2546 (hom.
1688 2474 1755 2528 78
1813 2473 1868 2526 in
1905 2471 2102 2541 Joan.)

519 2573 900 2646 interpretanti
933 2569 1110 2642 :Hap’
1159 2567 1322 2640 ἐμοῦ,
1353 2566 1605 2620 τουτέστι
1645 2563 1799 2636 παρὰ
1834 2565 1934 2634 τῆς
1963 2562 2107 2634 ἐμῆς

527 2667 785 2738 γνώσεως
817 2663 955 2734 (69).
988 2661 1096 2720 Sed
1137 2660 1263 2714 inde
1300 2659 1423 2730 jure
1459 2671 1560 2711 suo
1587 2656 1849 2725 colligunt
1887 2668 2106 2724 proces-

527 2763 739 2816 sionem
785 2774 849 2812 cx
885 2756 1040 2811 Filio.
1086 2754 1355 2808 Observat
1383 2750 1678 2821 Gregorius
1711 2747 1831 2818 Cpl.
1869 2747 1924 2800 in
1954 2746 2107 2815 Apol.

521 2862 705 2908 contra
751 2849 994 2905 Marcum
1051 2845 1246 2914 [Ep/tes.
1289 2843 1400 2914 (70)
1451 2840 1699 2897 adductis
1741 2837 2108 2910 Chrysostomi

519 2943 706 2998 verbis
739 2958 750 2994 :
787 2959 804 2992 ι
839 2938 959 2994 Non
1007 2946 1092 2993 est
1121 2935 1348 2991 scicntia
1381 2933 1504 2989 Filii
1551 2931 1721 2998 aliud,
1761 2929 1910 2984 aliud
1940 2927 2110 2982 Filius

523 3036 661 3105 ipse.
695 3031 752 3087 Si
776 3032 923 3087 enim
952 3031 1067 3099 ipse
1093 3037 1241 3083 esset
1268 3026 1436 3088 aliud,
1463 3034 1518 3079 et
1540 3024 1686 3078 aliud
1710 3031 1908 3092 printer
1931 3020 2109 3089 ipsum

524 3124 749 3178 scicntia
791 3138 913 3192 qua:
949 3121 1005 3175 in
1056 3135 1122 3176 eo
1170 3128 1284 3184 est,
1341 3118 1680 3187 compositus
1727 3114 1866 3169 foret
1913 3120 2109 3167 etnon

525 3215 771 3285 simplex.
884 3212 1177 3275 l’razterea,
1216 3219 1277 3265 ut
1310 3210 1386 3264 ait
1421 3186 1684 3278 Georgius
1711 3203 2109 3274 Trapezuntius
2138 3186 2183 3244 (ἶ

525 3309 601 3377 (I.
643 3323 692 3361 c.
731 3323 785 3374 p.
822 3303 984 3374 5M),
1038 3301 1254 3372 siquis
1303 3299 1655 3354 aﬁirmaverit
1699 3296 1947 3366 accipere
1989 3295 2108 3366 qui-

524 3399 648 3452 dem
689 3395 1029 3450 Paracletum
1072 3409 1101 3447 a
1146 3392 1284 3448 Filio
1321 3404 1662 3460 quaecunque
1699 3387 1913 3442 Sanctis
1954 3402 2110 3441 reve-

526 3492 732 3544 laturus
771 3496 920 3548 erat,
964 3502 1074 3540 non
1108 3501 1238 3541 vero
1287 3483 1464 3554 ipsum
1529 3499 1668 3545 esse,
1723 3479 1888 3550 impia
1951 3480 2110 3548 plane

525 3584 760 3638 ell'utiet.
821 3600 840 3640 ς
881 3578 1114 3634 Habebit
1151 3577 1297 3632 enim
1347 3576 1498 3648 |l7l]
1531 3575 1735 3644 aliquid
1782 3573 2106 3644 acquisitutn

526 3670 856 3743 (ὲπίκτητόν
909 3670 1004 3739 τι)
1045 3667 1361 3722 Paracletus
1413 3676 1468 3720 et
1516 3667 1596 3720 sic
1635 3680 1745 3718 non
1793 3664 1900 3719 erit
1947 3678 2110 3718 verus

527 3768 688 3821 Deus.
733 3765 1085 3832 Quaecunque
1131 3762 1275 3817 enim
1337 3761 1480 3814 Deus
1531 3759 1806 3828 possidet,
1871 3756 1938 3810 ab
1992 3756 2110 3825 ipsa

525 3860 831 3914 teter-nitate
853 3857 1115 3927 possidet.
1147 3873 1164 3907 ι
1190 3855 1297 3920 Nil,
1319 3855 1474 3908 aiunt
1499 3852 1684 3906 Patres
1706 3852 1765 3923 (7
1780 3851 1849 3920 l),
1870 3849 2110 3920 Spiritus

527 3959 750 4005 sanctus
771 3950 936 4004 habet
961 3947 1355 4012 adventitium,
1380 3946 1455 4001 nil
1489 3946 1838 4016 postmodum
1866 3943 2108 4013 acquisi-

530 4055 672 4108 tum,
715 4043 811 4098 sed
857 4043 1039 4098 omnia
1081 4041 1247 4100 habet
1276 4041 1344 4095 ab
1393 4047 1616 4095 interno.
1667 4038 1826 4094 Unde
1869 4037 2110 4092 Joannes

529 4135 859 4205 Theologus,
888 4149 1026 4189 sess.
1057 4149 1172 4198 nt,
1213 4148 1352 4188 conc
1392 4133 1537 4188 Flor.
1585 4131 1783 4201 (llard.
1824 4131 1861 4186 Ι.
1891 4147 1939 4184 c.
1972 4131 2102 4192 256,

528 4228 705 4296 257):
735 4245 753 4280 ε
790 4226 965 4281 Omne
999 4227 1143 4296 quod
1184 4225 1418 4295 Spiritus
1440 4235 1671 4279 sanctus
1694 4223 1907 4294 accepit
1933 4232 1989 4277 et
2014 4237 2108 4277 ae-

530 4320 665 4390 eipit
694 4328 748 4373 et
773 4318 1032 4389 accipiet,
1060 4319 1114 4372 id
1143 4317 1473 4373 mternaliter
1515 4316 1709 4379 habet;
1759 4325 1813 4370 et
1842 4314 1985 4384 quod
2022 4313 2108 4367 Fi-

529 4412 637 4466 lius
670 4411 822 4465 audit
858 4426 887 4464 a
914 4409 1092 4474 Patre,
1124 4409 1268 4464 idem
1302 4421 1386 4464 est
1407 4407 1551 4478 quod
1583 4407 1843 4472 scientia;
1880 4404 2109 4462 scicntia

528 4517 660 4556 vero
687 4502 740 4555 in
771 4501 970 4556 divinis
1013 4501 1155 4555 idem
1184 4507 1270 4554 est
1311 4499 1456 4568 quod
1488 4513 1611 4552 esse
1639 4496 1773 4567 (72).
1814 4514 1832 4545 ›
1866 4494 2111 4550 Breviter
2138 4536 2192 4595 D

532 4595 761 4648 Allatius
789 4594 1027 4664 (Contra
1058 4591 1300 4662 IIotting.
1332 4606 1383 4646 c.
1419 4590 1504 4651 18,
1538 4605 1591 4658 p.
1612 4588 1752 4658 295)
1779 4604 1792 4640 :
1829 4604 1846 4638 ι
1883 4585 1961 4640 Ne
1986 4585 2111 4656 Spi-

530 4684 669 4739 ritus
695 4692 921 4737 sanctus
951 4682 1041 4736 ﬁat
1063 4690 1311 4735 creatura
1388 4695 1497 4733 non
1533 4678 1765 4747 accipiet
1809 4677 2114 4738 scientiam,

530 4835 590 4916 ςτδ
619 4831 759 4955 signi.
780 4833 1059 4905 λαμϐάνον
1097 4833 1160 4884 ἐκ
1181 4846 1326 4892 τινος
1357 4827 1416 4895 ἐξ
1447 4831 1656 4882 ἐκείνου
1687 4830 1798 4899 ἔχει
1828 4831 1924 4882 καὶ
1954 4831 2115 4884 πάνθ’

530 4922 628 4955 οσα
690 4921 793 4955 γει.

530 4922 628 4957 ocra
661 4921 793 4973 εχει.

604 4965 722 5058 (68)
746 4973 1178 5058 Ριξοροξξῑίοιιειιι
1208 4971 1508 5058 majorem:
1542 4971 1660 5054 ’ᾼφ’
1711 4965 1870 5058 οὗ
1894 4969 2118 5056 Πνεῦμα

532 5045 592 5098 τὸ
614 5037 776 5110 νᾶγὶον
799 5037 1067 5112 λαμϐάνει
1093 5043 1154 5095 τὸ
1180 5037 1343 5106 εἶναί,
1369 5042 1478 5095 ἀπὸ
1495 5037 1688 5094 τούτου
1714 5045 1806 5094 καὶ
1823 5037 2118 5112 ἐκπορεύε-

529 5129 643 5178 ται,
673 5127 776 5168 nec
807 5110 1022 5168 Marcus
1041 5113 1312 5183 Ephesius
1338 5112 1556 5183 penitus
1582 5112 1772 5177 rejecil
1799 5127 1812 5172 ;
1848 5110 2114 5183 mitterem

533 5198 662 5236 vero
683 5183 752 5236 ab
785 5183 902 5253 ipso
922 5181 1175 5252 negatam
1210 5182 1506 5236 luculentis
1535 5181 1756 5234 Patrqu
1771 5181 2115 5236 ‘lestimoniis

528 5254 769 5308 Joannes
793 5254 1185 5323 comprobavit.

599 5324 711 5394 (69)
749 5323 832 5378 Cf.
872 5320 1132 5388 Perrone,
1170 5321 1416 5394 Pra’lect.
1475 5321 1629 5394 tltcol.
1687 5321 1866 5394 Tract.
1912 5323 1980 5394 Vde
2008 5320 2109 5376 SS.

531 5393 676 5448 Trin.
717 5409 840 5463 eap.
871 5395 935 5455 5.
981 5393 1312 5464 prop.l,iad
1372 5396 1486 5464 ob].
1545 5393 1592 5454 l,
1627 5394 1680 5456 5,
1726 5393 1816 5446 ubi
1851 5393 2015 5446 etiam
2046 5397 2115 5446 de

529 5465 818 5519 Maldonati
850 5463 1123 5519 sententia
1151 5463 1350 5534 agitur.

599 5534 724 5606 (ῑο)
746 5534 882 5606 Cod.
901 5534 1126 5606 Vltlonac.
1148 5532 1220 5606 2⁵1
1247 5535 1283 5588 l‘.
1324 5535 1426 5606 152
1446 5550 1496 5588 a.
1523 5533 1638 5606 06a
1669 5532 1816 5606 ἔστιν
1847 5534 1880 5606 ἡ
1909 5532 2113 5602 γνῶσις

529 5603 623 5658 τοῦ
665 5605 795 5657 Υἱοῦ
830 5605 964 5674 ἄλλη
986 5607 1080 5658 καὶ
1108 5603 1266 5667 ἄλλος
1293 5607 1321 5657 ὁ
1345 5605 1544 5666 Υἱὸς...
1591 5603 1638 5654 εἰ
1668 5605 1776 5672 γὰρ
1813 5605 1977 5666 αὐτὸς
2013 5605 2113 5672 μὲν

531 5674 720 5744 ἕτερόν
749 5675 800 5727 τί
834 5673 1003 5738 ἐστιν,
1037 5676 1200 5742 ἑτέρα
1226 5675 1283 5728 δέ.
1309 5691 1393 5736 τις
1433 5673 1759 5744 παρ’μρτὸν
1797 5676 1829 5743 ἡ
1875 5674 1934 5725 ὲν
1963 5674 2115 5741 adii:

530 5741 752 5810 γνῶσις.
785 5743 1040 5808 σύνθετός
1068 5741 1204 5808 scit,
1241 5747 1335 5797 καί
1366 5745 1462 5813 οὐχ
1487 5741 1712 5803 ἁπλοῦς.

603 5816 711 5882 (7t)
750 5814 907 5870 Basil.
945 5815 1020 5868 De
1061 5815 1248 5881 Spirit.
1272 5812 1472 5881 sancto,
1508 5814 1652 5882 apud
1675 5812 1903 5882 Niceplt.
1935 5812 2104 5867 Blem.

2197 1945 2433 2000 suetudo
2465 1945 2709 2014 proferre
2727 1943 3043 1998 consuevit.
3070 1942 3219 1996 Alias
3248 1941 3394 1995 enim
3420 1943 3607 1998 vitiosa
3631 1957 3760 2001 esset

2197 2037 2596 2107 pronuntiatio.
2653 2035 2788 2089 Cum
2844 2049 2975 2088 vero
3027 2033 3148 2087 sine
3191 2033 3497 2101 adiectione
3557 2035 3756 2096 dicitur,

2200 2136 2443 2180 neutrum
2475 2140 2596 2180 esse
2620 2134 2674 2180 et
2704 2141 2814 2178 rem
2844 2121 3149 2193 signiﬁcare
3175 2121 3514 2192 intelligitur,
3541 2124 3754 2191 exempli

2203 2233 2367 2272 causa
2399 2237 2413 2272 :
2447 2218 2514 2271 Et
2553 2235 2606 2270 τι
2655 2217 2752 2270 κα).
2793 2216 2996 2285 τούμόν
3040 2217 3158 2267 ἐστι
3219 2215 3370 2282 παρά
3431 2231 3532 2279 σοι,
3577 2215 3617 2269 si
3645 2215 3757 2284 quid

2201 2325 2385 2364 meum
2417 2317 2503 2364 est
2541 2309 2686 2379 apud
2718 2319 2802 2372 te,
2835 2309 2980 2378 quod
3022 2322 3120 2377 per
3161 2323 3223 2361 se
3271 2323 3386 2360 rem
3422 2305 3633 2377 intelligi
3660 2306 3756 2360 dat.

2203 2402 2407 2457 Eodem
2448 2413 2605 2470 pacto
2642 2402 2928 2456 Bessarion
2970 2401 3050 2469 (l.
3089 2402 3180 2467 c.)
3216 2417 3231 2454 :
3277 2418 3296 2450 ι
3333 2399 3387 2453 Si
3421 2414 3541 2453 cum
3585 2399 3762 2453 dicitur

2205 2511 2269 2548 ex
2296 2511 2432 2558 meo,
2481 2493 2999 2564 subintelligendum
3028 2501 3172 2546 esset
3201 2507 3270 2546 ex
3317 2490 3506 2556 Patre,
3535 2491 3634 2544 hoc
3664 2507 3763 2542 meo

2206 2592 2353 2637 esset
2382 2597 2680 2653 pronomen
2730 2582 2948 2654 generis
2989 2582 3318 2647 masculini;
3373 2581 3552 2634 nullus
3600 2591 3762 2633 autem

2207 2675 2294 2729 vel
2323 2674 2377 2728 in
2415 2675 2604 2730 Gratca
2641 2675 2726 2728 vel
2757 2675 2809 2728 in
2851 2675 3040 2728 Latina
3069 2675 3254 2744 lingua
3295 2675 3516 2728 edoctus
3548 2680 3637 2726 aut
3663 2687 3759 2724 ma-

2209 2766 2402 2822 sculini
2426 2775 2520 2820 aut
2557 2765 2803 2821 feminini
2825 2765 3042 2837 generis
3077 2780 3385 2836 pronomen
3419 2763 3646 2833 profert,
3674 2761 3764 2814 nisi

2210 2873 2335 2914 cum
2361 2858 2640 2913 additione
2676 2876 2688 2912 :
2723 2876 2868 2913 meus
2897 2859 3088 2927 frater,
3123 2875 3270 2912 meus
3300 2859 3530 2919 amicus.
3558 2862 3644 2907 aut
3666 2869 3764 2905 mra

2213 2949 2393 3003 civitas
2424 2949 2511 3004 vel
2540 2950 2724 3002 domus
2744 2990 2760 3016 ,
2808 2949 3022 3004 dicens.
3057 2949 3206 3004 Meus
3241 2947 3454 3004 etenim.
3479 2943 3767 3014 simpliciter

2211 3041 2418 3109 absque
2447 3040 2726 3094 adtlitione
2771 3056 2881 3095 non
2913 3041 3084 3108 magis
3129 3049 3343 3109 patrem
3393 3053 3551 3107 quam
3581 3036 3794 3089 hostem

2214 3129 2500 3201 signiﬁcat.
2541 3149 2559 3182 ι
2597 3130 2686 3199 lll)
2721 3130 2830 3186 Nec
2858 3130 2991 3184 illud
3017 3146 3204 3184 verum
3235 3128 3467 3200 proinde
3491 3135 3592 3190 est,
3610 3127 3669 3177 ὲκ
3687 3122 3767 3175 τοῦ

2217 3219 2352 3288 ἐμοῦ
2382 3220 2517 3274 duas
2566 3235 2828 3290 personas
2878 3221 3179 3281 insinuare,
3235 3233 3468 3289 quarum
3514 3216 3672 3270 altera
3711 3215 3770 3267 sit

2218 3311 2526 3381 possidens,
2569 3313 2739 3366 altera
2780 3294 2896 3382 ipsa
2945 3312 3215 3380 possessio
3244 3311 3326 3381 (c.
3355 3309 3482 3381 22).
3518 3308 3626 3362 Non
3669 3307 3770 3361 sine

2216 3401 2467 3456 acumine
2510 3402 2666 3472 Hugo
2710 3401 3040 3457 Etherianus
3073 3403 3146 3472 (Ι.
3181 3418 3245 3465 ιι,
3284 3417 3334 3456 e.
3388 3401 3473 3460 l9,
3524 3414 3573 3469 p'.
3622 3396 3768 3461 1234)

2220 3496 2347 3550 hinc
2377 3495 2632 3550 Photium
2662 3495 2860 3550 refellit
2904 3496 3094 3551 dicens
3127 3513 3140 3550 :
3182 3515 3201 3547 ι
3241 3495 3392 3549 Idem
3440 3493 3673 3546 Salvator
3697 3487 3770 3542 di-

2218 3589 2292 3642 cit
2319 3604 2334 3643 :
2366 3587 2483 3641 Non
2509 3603 2723 3657 possum
2751 3604 2844 3657 ego
2870 3605 2902 3640 a
2937 3605 3018 3641 me
3051 3589 3163 3655 ipso
3194 3588 3370 3658 facere
3395 3584 3692 3656 quidquam.
3713 3617 3726 3630 .
3756 3619 3766 3630 .

2223 3681 2349 3750 quia
2379 3695 2481 3733 non
2511 3695 2691 3748 quazro
2721 3679 3050 3734 voluntatem
3084 3697 3282 3734 meam.
3317 3678 3382 3732 Et
3415 3689 3620 3732 rursum
3651 3669 3771 3724 :Dc-

2218 3770 2395 3822 scandi
2449 3771 2512 3824 de
2560 3769 2708 3834 coelo,
2741 3786 2844 3823 non
2875 3779 2930 3822 ut
2980 3770 3176 3840 faciant
3225 3768 3549 3824 voluntatem
3591 3772 3772 3819 meam;

2217 3869 2274 3914 et
2302 3860 2432 3914 item
2461 3876 2474 3911 :
2501 3863 2622 3914 Mea
2669 3862 2910 3915 doctrina
2957 3877 3058 3913 non
3088 3871 3161 3913 est
3199 3877 3337 3913 mea.
3370 3860 3440 3914 At
3469 3871 3595 3912 vero
3623 3852 3663 3907 si
3698 3865 3772 3903 se-

2218 3953 2460 4008 cundum
2509 3953 2843 4022 positionem
2895 3951 3072 4007 Photii
3105 3952 3436 4006 Patriarehae
3472 3963 3634 4002 meum
3668 3955 3773 4013 prov

2219 4060 2420 4100 nomen
2462 4046 2660 4114 ubique
2703 4045 2838 4099 duas
2883 4059 3145 4114 personas
3199 4043 3508 4116 signiﬁcat,
3547 4040 3774 4094 voluntas

2219 4137 2338 4191 Filii
2387 4137 2488 4190 alia
2522 4137 2591 4190 sit
2627 4152 2656 4190 a
2684 4135 2818 4190 Filio
2849 4151 3106 4206 persona.
3143 4179 3157 4192 .
3192 4186 3207 4202 ,
3237 4135 3418 4204 Quare
3445 4149 3552 4189 non
3582 4140 3660 4185 est
3690 4143 3773 4182 ne-

2219 4229 2540 4291 cessarium,
2569 4245 2740 4281 meum
2771 4243 3073 4297 pronomen
3100 4227 3302 4298 ubique
3338 4227 3472 4283 duas
3500 4221 3774 4294 signiﬁcare

2221 4336 2503 4392 personas,
2527 4336 2651 4373 eum
2673 4328 2730 4374 et
2751 4320 2979 4390 ﬁgurate
3004 4319 3073 4374 de
3098 4321 3288 4374 eadem
3312 4332 3542 4390 persona
3565 4315 3770 4370 diratur.

2221 4421 2280 4465 ut
2311 4411 2531 4466 Persius
2561 4409 2776 4481 (Satyr.
2810 4411 2875 4472 V,
2911 4410 3015 4479 88)
3044 4410 3175 4465 dicit
3203 4429 3220 4464 .-

2369 4540 2611 4595 i’indicta
2638 4551 2914 4611 postquam
2941 4556 3096 4595 meus
3122 4558 3154 4594 a
3185 4551 3410 4611 praetore
3446 4536 3626 4593 recessi

2220 4694 2276 4738 et
2314 4681 2604 4752 Euripides
2633 4698 2645 4733 :
2679 4701 2694 4732 ι
2733 4680 2845 4752 Ego
2879 4690 3062 4735 autem
3098 4697 3242 4733 meas
3271 4694 3414 4734 sum.
3452 4697 3470 4728 ι
3507 4671 3774 4730 Altendere

2219 4848 2274 4893 et
2307 4837 2542 4891 Beccum
2595 4835 2768 4905 epigr.
2826 4837 2910 4890 15.
2966 4832 3168 4905 (6.70.
3203 4834 3242 4898 Ι,
3275 4834 3374 4905 15;
3413 4826 3676 4905 ll,‘63ﬁ)‘:_
3711 4820 3776 4905 In

2220 4891 2446 4977 Πνεῦμα
2476 4891 2645 4960 οὐδὲν¹
2665 4891 2788 4977 εἶλον
2815 4891 3305 4977 ι-ἐστὶνἑπέτιιτῃτονΔ
3327 4891 3504 4977 tauri?
3521 4938 3536 4960 ,
3565 4891 3676 4976 αλλ’
3700 4891 3774 4943 ἀῖ·

2217 4979 2328 5042 ὄιος
2363 4967 2542 5030 ἇτάντα
2565 4977 2675 5046 ἔχει
2695 4967 2778 5046 ’ὦς
2807 4975 3027 5046 Πνεῦμα
3053 4967 3318 5046 Θεοῦίκαὶ
3348 4973 3405 5038 ἐξ
3430 4967 3590 5023 αὑτοῦ
3619 4978 3774 5031 πεφη-

2219 5049 2330 5111 νός.
2363 5047 2446 5102 Cf.
2487 5046 2689 5116 Athan.
2720 5045 2814 5115 (ib.
2839 5045 3011 5116 epigr.
3039 5045 3343 5116 8.7;).585).

2447 5115 2671 5189 €51;an
2689 5100 2794 5168 πᾶν
2813 5100 3143 5189 (diedi-Elidos
3175 5117 3266 5189 καὶ
3287 5100 3664 5189 ίαμϐᾴνξίκσιὶ

2216 5169 2403 5259 seu:
2437 5186 2622 5259 tantum;
2648 5169 2993 5259 ἔχειεέπείδὴ
3022 5188 3053 5256 ἡ
3085 5169 3623 5259 ἀκρόσξσις’τοῦ.ΥΡ⁰δ
3643 5169 3772 5259 τὶαῗδὲ

2216 5249 2312 5311 ἑοῦ
2363 5249 2578 5324 Harpe;
2634 5249 2830 5308 ταύτόν
2879 5249 2996 5308 ἐστί
3028 5249 3122 5310 δὶα),
3158 5249 3388 5324 έγνῶσις.
3410 5249 3501 5324 καὶ
3533 5251 3563 5316 ἡ
3595 5249 3773 5324 γνιῐισις

2217 5330 2312 5380 ἐπὶ
2337 5328 2445 5380 τῶν
2468 5311 2628 5378 ἀείζων
2657 5327 2851 5377 ταύτόν
2878 5329 2992 5379 ἐστι
3027 5327 3104 5395 τῷ
3135 5311 3293 5380 εἷναι.
3324 5311 3408 5379 Cf.
3440 5311 3638 5374 Besszir.
3668 5311 3696 5390 Ιἶ
3726 5324 3768 5395 c.

2224 5418 2241 5448 ι
2272 5399 2417 5452 ιιιρτιι
2437 5404 2521 5451 est
2549 5397 2822 5465 sapientia
2869 5409 2923 5449 et
2971 5388 3090 5463 ejus
3113 5411 3254 5459 esse,
3287 5405 3342 5449 et
3379 5410 3409 5446 a
3453 5404 3558 5459 quo
3601 5388 3772 5465 acclllf‘

2216 5468 2446 5528 esse,ab
2477 5463 2668 5520 eodem
2697 5466 2859 5518 etiam
2880 5467 3438 5536 aceipitsapientiam,
3473 5470 3524 5514 et
3539 5471 3663 5536 cuin
3678 5463 3769 5517 spl-

2217 5548 2389 5600 ratur,
2415 5547 2472 5591 et
2506 5537 2704 5604 accipit
2723 5553 2843 5588 esse
2873 5547 2928 5590 et
2962 5533 3282 5597 subsistere,
3306 5535 3471 5589 etiam
3487 5533 3769 5604 accipit-su

2217 5594 2480 5678 pientiam
2501 5646 2517 5660 .
2539 5644 2552 5659 .
2575 5647 2596 5678 ._
2626 5594 2687 5660 Si
2721 5605 2953 5675 Spiritus
2975 5609 3175 5678 accipit
3205 5622 3233 5660 a
3262 5594 3421 5668 Filio,
3457 5613 3590 5678 ergo

2215 5664 2307 5732 Ital
2337 5680 2386 5732 ei
2411 5695 2425 5743 ;
2458 5678 2554 5732 sed
2587 5664 2775 5745 ipsum'
2788 5679 2917 5730 dare
2944 5679 2996 5730 in
3031 5664 3230 5733 divinis
3256 5664 3499 5748 personis
3529 5664 3766 5737 Signiﬁcat

2215 5749 2356 5805 idem
2387 5747 2528 5818 quod
2558 5750 2860 5815 producere.
2904 5766 2923 5798 ι
