3956 6424
221 394 311 460 433
874 396 971 456 DE
1018 397 1079 455 S.
1125 395 1320 455 SPIR.
1363 390 1872 454 MYSTAGOGIA.
1898 416 1966 426 --
1996 393 2750 457 ANIMADVERSIONES.
3372 395 3477 458 434

218 508 477 569 debuisset
511 510 671 564 homo
701 508 821 573 ille,
855 510 1001 580 quod
1033 510 1189 564 aliter
1216 511 1359 581 apud
1393 508 1789 562 Grammaticos
1820 510 1862 566 Α
1893 521 2056 560 causa
2114 507 2253 561 nihil
2310 508 2379 561 de
2428 507 2550 562 Filii
2597 508 2861 578 dignitate
2921 507 3197 570 excludit,
3256 508 3361 562 nisi
3421 513 3477 565 in

218 602 463 671 accipitur
488 617 741 672 persona,
782 612 838 656 et
880 604 1040 657 aliter
1068 603 1213 670 apud
1241 601 1540 673 Theologos.
1566 602 1784 655 Etenim
1890 608 2162 668 quantum
2192 600 2401 654 dictum
2436 609 2521 655 est
2552 618 2565 655 :
2594 599 2786 655 Omnia
2818 616 2935 670 qua:
2972 601 3124 654 habet
3150 600 3335 663 Pater,
3363 618 3479 655 mea

218 695 266 749 in
304 692 657 749 Grammatica
698 695 941 764 qualibet
973 712 1055 750 res
1090 713 1314 766 persona
1347 696 1645 765 nuncupari
1691 711 1787 763 ρο·
1889 701 2050 745 sunt:
2086 692 2230 760 quod
2268 692 2431 745 etiam
2463 695 2575 746 sine
2597 708 2656 746 eo
2684 695 2821 762 quod
2853 693 3087 757 sequitur
3114 692 3283 745 solum
3310 709 3403 761 per
3428 709 3482 746 se

218 794 319 848 test,
374 784 490 839 sive
535 800 635 855 per
677 801 738 840 se
794 787 1093 852 subsistat,
1144 788 1260 842 sive
1310 803 1405 857 per
1439 786 1621 853 aliud,
1674 786 1788 841 sive
1890 785 2064 853 ipsum
2084 785 2189 838 dici
2216 794 2447 854 poterat.
2479 803 2498 836 ι
2535 782 2679 840 Sane
2709 784 2893 840 inanis
2920 784 3063 839 foret
3099 799 3163 840 ea
3203 786 3481 855 repetitio,

215 876 499 931 substantia
530 877 596 930 sit
627 917 642 940 ,
686 877 803 933 sive
833 878 1111 933 accidens.
1144 878 1324 944 Quare
1358 880 1658 933 secundum
1684 877 1790 931 hu-

211 967 434 1038 jusmodi
461 967 827 1039 disciplinam,
860 987 983 1025 cum
1036 971 1205 1025 Filius
1233 970 1365 1026 dicit
1396 988 1409 1024 :
1442 988 1560 1024 mea
1591 971 1790 1024 volun-

216 1068 319 1124 tas,
350 1076 522 1113 meum
552 1061 841 1131 judicium,
874 1079 992 1115 mea
1037 1062 1286 1118 doctrina
1321 1104 1333 1116 .
1370 1104 1382 1116 .
1421 1102 1435 1116 .
1463 1063 1568 1116 alia
1599 1070 1653 1117 et
1683 1061 1788 1115 alia

214 1151 522 1225 intelligitur
554 1154 625 1206 ad
672 1155 1072 1209 similitudinem
1124 1156 1503 1225 possessionum
1558 1165 1790 1222 persoml

217 1240 321 1306 (se.
358 1242 769 1309 grammatice).
828 1243 886 1296 In
924 1245 1193 1314 theologia
1238 1259 1368 1298 vero
1430 1243 1611 1299 tacitis
1659 1258 1788 1313 pro-

215 1331 524 1398 prietatibus
564 1333 632 1386 ab
675 1333 931 1388 omnibus
966 1351 1089 1404 quae
1136 1335 1436 1390 secundum
1467 1332 1616 1407 [I75]
1661 1335 1791 1389 sub-

214 1426 455 1481 stantiam
513 1425 793 1490 dicuntur,
848 1436 959 1481 tres
999 1435 1211 1481 tantum
1259 1428 1604 1481 insinuantur
1667 1425 1790 1497 (ed.

214 1518 636 1585 imminuantur)
695 1533 975 1588 personze,
1038 1535 1268 1588 quarum
1321 1519 1469 1573 nulla
1538 1534 1796 1588 expresse

214 1608 421 1679 intelligi
456 1609 689 1673 videtur,
706 1594 813 1664 ἰιὺί
840 1610 1090 1665 Salvator
1118 1612 1251 1666 dicit
1288 1629 1300 1665 :
1335 1611 1411 1665 De
1439 1628 1551 1665 meo
1573 1612 1793 1681 accipiet

214 1711 257 1754 et
281 1701 619 1753 annuntiabit
650 1701 812 1755 vobis.
857 1721 874 1753 ι
911 1700 1180 1757 ΡΓὶΒῐθΐθὶὶ
1213 1702 1323 1773 IV)
1352 1704 1673 1758 adversatur
1707 1704 1793 1757 illa

213 1791 462 1860 expositio
509 1790 715 1846 Christi
756 1793 930 1863 ipsius
972 1794 1365 1864 explanationi,
1407 1811 1513 1866 qua
1546 1811 1598 1848 ν.
1635 1794 1703 1848 15
1730 1810 1794 1848 ex

213 1898 271 1936 eo
301 1882 488 1950 probat
523 1884 584 1936 τὸ
619 1884 683 1937 ὲκ
710 1885 805 1938 τοῦ
839 1885 974 1956 ἐμοῦ
995 1886 1224 1955 λήψεται
1256 1897 1384 1941 ante
1417 1903 1444 1940 a
1479 1903 1536 1942 se
1560 1887 1798 1941 allirma-
1831 1864 1851 1916 ¹

214 1982 337 2034 tum,
384 1974 513 2043 quia
554 1977 736 2030 omnia
778 1993 902 2047 qua:
938 1979 1101 2033 habet
1147 1978 1309 2032 Pater
1338 1994 1434 2032 sua
1468 1988 1619 2033 sunt.
1674 1978 1801 2035 Haec

214 2065 393 2119 ultima
436 2066 608 2122 verba
657 2069 810 2137 juxta
886 2085 1080 2124 omnes
1133 2071 1389 2125 essentia:
1442 2071 1707 2125 unitatem
1744 2071 1800 2125 in

214 2156 360 2213 Patre
410 2169 467 2213 et
514 2158 651 2213 Filio
684 2162 952 2231 probant;
990 2163 1118 2218 hinc
1170 2164 1301 2218 illud
1348 2163 1491 2233 quod
1545 2166 1801 2233 accipere

216 2252 399 2305 dicitur
433 2251 701 2322 Spiritus,
733 2255 1023 2311 manifeste
1071 2266 1222 2325 patet
1249 2272 1370 2311 esse
1395 2257 1570 2326 ipsam
1601 2256 1804 2310 divini-

216 2350 393 2408 tatem,
432 2359 549 2397 non
597 2346 745 2400 aliud
780 2345 1100 2416 quidquam.
1139 2348 1373 2413 Deinde,
1415 2357 1475 2402 ut
1513 2346 1803 2402 Bessarion

217 2433 282 2501 (Ol.
310 2435 395 2505 c.)
426 2436 529 2501 ait,
562 2453 627 2492 ex
659 2436 819 2493 Joan.
853 2455 966 2501 xvt,
999 2440 1087 2506 l5,
1124 2442 1227 2495 hoc
1269 2440 1609 2495 construitur
1639 2456 1802 2511 argu-

216 2536 447 2582 mentum
480 2548 495 2584 :
538 2549 556 2582 ι
595 2530 832 2598 Spiritus
863 2532 1060 2599 accipit
1089 2548 1154 2586 ex
1185 2532 1251 2585 iis
1274 2548 1396 2602 qum
1434 2531 1609 2588 Patris
1640 2541 1803 2599 sunt;

219 2620 305 2674 sed
334 2622 521 2676 omnia
551 2623 745 2678 Patris
779 2632 907 2680 sunt
953 2641 1111 2692 mea;
1146 2625 1307 2696 igitur
1340 2625 1578 2695 Spiritus
1610 2624 1809 2695 accipit.

219 2729 276 2765 ex
309 2714 441 2767 meis
474 2715 561 2768 vel
602 2731 666 2769 ex
711 2732 851 2769 meo.
898 2716 966 2770 Et
1015 2733 1132 2769 cum
1173 2718 1283 2785 ipse
1324 2724 1373 2769 et
1427 2732 1525 2769 sua
1566 2731 1726 2768 unum
1760 2724 1808 2767 et

219 2804 343 2857 idem
372 2807 478 2858 sint
503 2816 714 2873 propter
743 2824 1011 2860 sumntant
1042 2807 1470 2875 simplicitatem,
1501 2807 1809 2877 accipiendo

218 2900 274 2950 de
306 2899 428 2964 suis,
460 2902 687 2969 accipiet
730 2916 793 2954 ea:
830 2917 909 2954 eo.
957 2920 975 2952 ι
1012 2900 1193 2954 Semel
1226 2899 1548 2962 constituto,
1581 2900 1649 2954 de
1694 2900 1811 2969 ipsa

218 2990 385 3045 divina
418 2994 665 3047 essentia
707 3009 830 3053 esse
881 3009 1217 3058 sermonem,
1262 3009 1373 3047 non
1426 2995 1664 3064 amplius
1714 3009 1813 3047 ne-

219 3082 317 3151 gari
352 3084 554 3150 potest,
588 3084 859 3154 Spiritum
893 3085 1037 3139 hanc
1066 3086 1312 3155 accipere
1334 3101 1363 3139 a
1395 3083 1552 3139 Filio.
1587 3085 1645 3139 Si
1682 3099 1813 3139 vero

1893 876 2075 930 inanis
2115 891 2178 930 ea
2223 877 2505 947 probatio,
2559 877 2600 933 si
2654 886 2866 931 tantum
2914 877 3088 932 voluit
3138 876 3368 933 dicere:
3404 879 3481 933 De

1897 985 2018 1023 meo
2049 968 2212 1024 Patre
2237 978 2417 1023 sumet
2437 1011 2451 1034 ,
2482 983 2595 1024 non
2628 971 2697 1025 de
2727 986 2837 1025 me.
2864 969 3053 1026 Potius
3078 972 3373 1027 dicendum
3401 971 3483 1026 vi-

1896 1065 2076 1130 detur,
2136 1064 2264 1119 dum
2313 1063 2566 1119 Christus
2597 1080 2657 1119 se
2698 1065 2863 1118 veluti
2916 1066 3156 1119 medittm
3187 1066 3484 1120 terminum

1896 1158 2050 1227 ponit
2099 1157 2244 1211 inter
2278 1157 2494 1211 Patrem
2552 1167 2608 1211 et
2660 1157 2961 1227 Spiritum,
3016 1156 3146 1210 dum
3192 1173 3291 1227 per
3328 1173 3483 1211 suam

1895 1265 2020 1302 cunt
2044 1246 2201 1304 Patre
2226 1250 2668 1304 communionem
2694 1249 2836 1319 quod
2853 1249 3048 1304 asserit
3071 1249 3338 1313 vindicat,
3354 1250 3485 1303 dum

1896 1358 2016 1409 qure
2050 1342 2287 1412 accipiet
2313 1342 2555 1412 Spiritus
2585 1358 2684 1397 sua
2712 1343 2866 1413 prius
2895 1350 3054 1396 vocat
3091 1357 3155 1396 ac
3178 1341 3381 1396 deinde
3416 1342 3480 1395 ad

1898 1433 2111 1489 Patrem
2146 1434 2333 1500 refert,
2367 1451 2427 1489 se
2455 1436 2637 1505 ipsum
2665 1436 2976 1506 proximum
3010 1435 3256 1489 datorem
3293 1450 3488 1489 eorum

1900 1524 2241 1597 designasse.
2287 1527 2544 1591 Accedit,
2575 1527 2719 1595 quod
2754 1527 3081 1581 universalis
3110 1526 3313 1582 Christi
3358 1543 3488 1596 pro-

1898 1615 2102 1685 positio
2149 1616 2328 1668 πάντα
2367 1616 2468 1667 ὅσα
2512 1632 2566 1668 κ.
2602 1634 2653 1669 τ.
2713 1615 2762 1669 λ.
2798 1632 2907 1669 non
2942 1617 3214 1686 permittit
3248 1615 3490 1686 Spiritus

1900 1706 2173 1778 προϐολὴν
2213 1722 2243 1761 a
2297 1704 2434 1761 Filio
2464 1722 2746 1762 removere
2773 1707 2908 1779 ('75).
2980 1728 2998 1760 ι
3032 1707 3191 1774 Quod
3238 1708 3282 1762 si
3343 1708 3490 1763 acci-

1904 1800 2132 1869 piendo,
2185 1800 2260 1853 ait
2296 1796 2450 1869 llugo
2497 1796 2929 1871 Etherianus(l.
2981 1800 3105 1868 c.),
3141 1800 3210 1854 de
3257 1799 3321 1853 iis
3369 1815 3492 1868 qua:

1902 1900 2030 1945 sunt
2058 1890 2233 1945 Patris
2267 1900 2321 1945 et
2351 1890 2517 1945 habet
2547 1888 2723 1955 Pater,
2763 1891 2961 1958 accipit
2994 1891 3060 1945 de
3092 1892 3251 1945 Patre
3272 1934 3286 1956 ,
3319 1900 3375 1945 ct
3404 1906 3494 1945 ae-

1901 1984 2156 2055 cipiendo
2186 1983 2253 2037 de
2280 1983 2346 2036 iis
2373 1998 2493 2052 qua:
2533 1990 2664 2036 sunt
2684 1982 2803 2036 Filii
2832 1993 2885 2038 et
2912 1982 3077 2036 habet
3108 1982 3309 2047 Filius,
3346 1980 3494 2036 acci-

1902 2075 1983 2146 pit
2003 2076 2071 2129 de
2093 2074 2250 2129 Filio.
2283 2072 2629 2127 Manifestum
2659 2081 2741 2126 est
2771 2072 2936 2141 igitur
2981 2072 3125 2142 quod
3150 2087 3258 2127 non
3288 2071 3355 2125 de
3376 2071 3494 2125 solo

1904 2166 2062 2221 Patre
2086 2166 2287 2236 accipit
2308 2166 2568 2236 Spiritus,
2593 2174 2654 2219 ut
2674 2165 2901 2219 PhOtius
2919 2164 3136 2219 asserit.
3159 2203 3173 2218 .
3201 2203 3214 2216 .
3236 2164 3294 2219 Si
3322 2164 3493 2219 emis-

1905 2276 1997 2314 sor
2021 2258 2259 2329 Spiritus
2283 2274 2393 2312 non
2418 2258 2469 2310 in
2497 2272 2564 2311 eo
2590 2256 2734 2326 quod
2761 2266 2985 2327 generat
3013 2256 3315 2310 secundum
3342 2264 3498 2309 natu-

1906 2368 2019 2407 ram
2044 2361 2128 2405 est
2156 2351 2341 2415 Pater,
2367 2347 2538 2403 Filius
2570 2363 2704 2403 vero
2734 2347 2993 2413 minime,
3026 2347 3303 2416 quomodo
3333 2361 3501 2400 verax

1908 2445 2011 2499 erit
2035 2443 2285 2499 Salvator
2314 2456 2569 2497 asserens
2602 2457 2618 2495 :
2651 2440 2776 2495 Ideo
2806 2441 2917 2494 dixi
2947 2440 3107 2504 vobis,
3141 2440 3265 2509 quia
3299 2445 3361 2491 ae
3383 2454 3498 2490 meo

1910 2536 2153 2605 accipiet,
2180 2536 2306 2605 quia
2334 2534 2511 2587 omnia
2540 2532 2826 2603 qum/iubet
2853 2531 3039 2597 Pater,
3066 2548 3181 2585 mea
3205 2540 3323 2584 sunt
3342 2532 3367 2583 ?
3392 2529 3501 2583 Aut

1910 2627 2057 2680 enim
2102 2624 2329 2679 habebit
2380 2623 2683 2678 secundum
2728 2630 3003 2684 naturam,
3040 2628 3099 2674 ut
3138 2619 3208 2674 sit
3245 2618 3497 2682 emissor,

1910 2719 2057 2789 quod
2103 2716 2280 2771 Patris
2325 2731 2437 2770 non
2477 2724 2536 2768 ut
2567 2713 2831 2785 genitoris
2861 2724 2975 2775 est,
3012 2722 3107 2767 aut
3136 2711 3180 2765 si
3214 2727 3323 2764 non
3360 2711 3498 2775 hoc,

1911 2805 2088 2862 Patris
2135 2806 2358 2875 quidem
2393 2813 2554 2867 sunt,
2585 2819 2708 2873 qua:
2737 2803 3012 2857 exsistunt
3046 2802 3189 2867 Filii,
3229 2816 3347 2869 qua:
3382 2817 3503 2855 vero

1912 2909 2033 2955 sunt
2063 2898 2259 2960 Patris,
2286 2913 2389 2950 non
2420 2896 2682 2966 pertinent
2705 2896 2776 2948 ad
2794 2894 3005 2948 Filium.
3038 2893 3218 2960 Quare
3246 2892 3289 2947 si
3320 2893 3503 2945 omnia

1914 3012 2035 3064 quze
2084 3002 2213 3048 sunt
2264 2990 2415 3062 [1⁸15]
2471 2988 2648 3042 Patris
2680 2988 2829 3058 (non
2884 2996 2945 3040 ιιι
2998 2984 3299 3056 genitoris)
3336 2983 3504 3037 habet

1916 3087 2118 3150 Filius,
2149 3084 2401 3139 emittere
2434 3092 2619 3137 autem
2656 3082 2919 3152 Spiritum
2964 3079 3137 3133 Patris
3166 3093 3274 3132 non
3309 3086 3368 3132 ut
3410 3092 3503 3142 ge—

222 3172 445 3241 Spiritus
494 3189 523 3227 a
558 3173 696 3228 Filio
726 3174 947 3245 accipit,
989 3175 1159 3229 Filius
1197 3175 1243 3229 ei
1287 3175 1376 3228 dat
1412 3174 1527 3229 sive
1566 3189 1816 3229 commu-
1843 3203 1885 3261 ο
1918 3178 2115 3233 nitoris
2145 3187 2249 3243 est,
2284 3178 2384 3232 hoc
2412 3177 2605 3231 abesse
2633 3190 2739 3229 non
2770 3182 2940 3243 potest
2968 3188 2998 3226 a
3033 3172 3191 3226 Filio.
3225 3190 3244 3223 ι
3286 3169 3399 3224 Hoc
3422 3178 3506 3225 est

219 3263 356 3314 nicat
396 3264 735 3329 essentiam;
772 3264 903 3319 dare
944 3281 1075 3319 vero
1122 3265 1175 3318 in
1208 3264 1408 3319 divinis
1437 3264 1581 3318 idem
1633 3273 1719 3319 est
1748 3279 1811 3319 ac

220 3355 546 3423 producere,
574 3364 633 3408 nt
659 3355 802 3410 idem
838 3355 1125 3411 Bessarion
1161 3356 1304 3426 (ib.)
1339 3354 1712 3424 Chrysostomi
1754 3355 1807 3410 in

220 3447 367 3501 Joan.
422 3466 500 3514 v,
556 3450 627 3503 22
674 3449 934 3520 sull‘ragio
987 3449 1296 3504 conﬁrmat.
1369 3448 1596 3502 Etiamsi
1650 3448 1815 3519 igitur

221 3540 387 3607 quoad
432 3541 607 3595 verba
656 3558 766 3594 non
815 3551 900 3595 est
939 3541 1124 3595 idem:
1158 3540 1420 3610 Spiritum
1480 3540 1729 3609 accipere
1782 3556 1813 3595 a

226 3631 347 3687 Filio
380 3647 435 3689 et
468 3634 768 3704 procedere
799 3651 829 3688 a
858 3634 995 3689 Filio
1037 3635 1228 3703 (Phot.
1277 3651 1326 3689 c.
1366 3635 1427 3687 21
1456 3635 1495 3704 ),
1528 3651 1586 3689 re
1632 3644 1811 3689 tamen

225 3731 332 3799 ipsa
361 3732 508 3786 idem
547 3741 666 3797 est,
717 3732 843 3802 quia
887 3734 1125 3802 accipere
1157 3733 1209 3786 in
1256 3732 1465 3802 Spiritu
1502 3742 1557 3786 et
1585 3733 1715 3786 dare
1758 3732 1811 3785 in

228 3822 351 3878 l'ilio
378 3832 513 3878 sunt
545 3825 869 3880 correlativa
900 3834 957 3879 et
983 3825 1220 3895 Spiritus
1252 3835 1310 3880 ut
1342 3825 1485 3881 Deus
1515 3826 1595 3879 nil
1620 3834 1817 3895 przctcr

225 3915 561 3970 divinitatem
627 3917 877 3987 accipere
920 3918 988 3973 ab
1039 3933 1106 3972 eo
1161 3926 1361 3987 potest.
1411 3917 1710 3988 Conjungit
1758 3931 1817 3971 se

225 4005 472 4063 Christus
497 4023 620 4061 cum
640 4007 820 4072 Patre,
845 4008 911 4063 ad
944 4023 1096 4063 suam
1128 4024 1251 4063 cum
1283 4007 1443 4063 Patre
1468 4008 1814 4063 communio-

226 4113 343 4151 nem
387 4101 662 4165 recurrit,
694 4116 758 4155 ex
789 4117 899 4171 quo
953 4110 1150 4157 cuncta
1197 4102 1397 4167 habet;
1449 4116 1551 4155 nec
1599 4109 1821 4171 separat

226 4205 314 4244 sua
344 4191 411 4245 ab
442 4192 515 4245 iis
543 4207 665 4261 qua:
698 4203 828 4247 sunt
858 4192 1034 4247 Patris
1060 4243 1071 4257 ,
1104 4192 1213 4246 imo
1252 4193 1442 4246 eadem
1483 4207 1603 4247 esse
1631 4200 1822 4245 osten—

225 4281 319 4335 dit.
343 4283 599 4337 Absurde
631 4300 846 4338 rursum
877 4286 1104 4340 Photius
1141 4284 1212 4351 (c.
1245 4284 1337 4352 23)
1368 4284 1525 4353 quasi
1553 4282 1663 4337 duo
1693 4298 1824 4337 con-

229 4377 383 4431 traria
422 4379 650 4434 exhibet
686 4396 699 4432 ε
743 4379 1044 4448 procedere
1077 4395 1106 4432 a
1139 4377 1301 4432 Patre
1343 4386 1397 4432 et
1441 4376 1742 4447 procedere
1791 4393 1823 4432 a

229 4467 391 4532 Filio;
432 4470 592 4542 prius
639 4471 885 4541 poterius
927 4487 1038 4526 non
1090 4470 1363 4535 excludit,
1414 4470 1508 4524 sed
1558 4468 1823 4538 includit;

1916 3273 2083 3336 illud,
2125 3273 2193 3327 de
2224 3287 2334 3340 quo
2379 3285 2544 3340 supra
2573 3268 2636 3339 (ᾗ
2664 3268 2735 3335 2)
2789 3267 3031 3337 egimus,
3068 3273 3453 3336 argumentum
3490 3281 3501 3316 :

1916 3370 2050 3435 Qua:
2075 3366 2240 3422 habet
2272 3366 2327 3418 in
2358 3363 2561 3418 divinis
2602 3361 2763 3415 Pater
2798 3367 3022 3428 excepta
3057 3358 3387 3427 paternitate
3424 3359 3508 3424 (et

1917 3454 2375 3523 innascibilitate)
2419 3451 2733 3507 communia
2776 3458 2906 3504 sunt
2952 3449 3130 3503 cidem
3162 3462 3287 3501 eum
3332 3445 3505 3510 Filio;

1916 3563 2047 3618 ergo
2090 3546 2173 3600 vis
2202 3543 2457 3613 Spiratrix
2477 3582 2489 3603 ,
2524 3556 2647 3611 quae
2675 3550 2761 3595 est
2791 3557 2820 3595 a
2852 3541 3184 3610 paternitate
3214 3538 3301 3607 (et
3332 3553 3359 3591 a
3406 3552 3511 3589 ra-

1920 3641 2069 3695 tione
2114 3637 2378 3709 iugeniti)
2406 3634 2666 3689 distincta
2685 3674 2700 3698 ,
2735 3641 2818 3687 est
2852 3631 2991 3686 Filio
3017 3646 3142 3684 cum
3170 3628 3333 3684 Patre
3358 3644 3511 3682 com-

1918 3732 2125 3788 munis.
2166 3732 2227 3786 ιιι
2258 3729 2460 3786 divinis
2485 3731 2639 3797 juxta
2681 3724 3001 3781 Ansclmum
3039 3724 3151 3791 (De
3192 3725 3321 3788 inc.,
3353 3738 3403 3777 c.
3442 3722 3508 3786 5;

1920 3827 1996 3881 De
2028 3841 2173 3895 proc.
2209 3822 2399 3891 Spirit.
2449 3828 2619 3874 sanet.
2658 3835 2707 3873 c.
2743 3816 2850 3888 2),
2896 3817 3080 3871 omnia
3131 3826 3260 3869 sunt
3304 3831 3509 3875 unum,

1920 3920 2014 3974 ubi
2066 3935 2176 3973 non
2217 3917 2405 3972 obviat
2444 3912 2725 3969 relationis
2758 3910 3052 3982 oppositio.
3090 3909 3173 3964 Cf.
3210 3910 3397 3962 Pctav.
3440 3906 3513 3959 De

1921 4011 2064 4064 Trin.
2096 4025 2197 4072 vn,
2229 4009 2285 4074 9,
2317 4007 2405 4061 ιιι.

1993 4101 2083 4155 10,
2126 4100 2357 4155 Demum
2387 4098 2461 4169 V)
2494 4098 2817 4153 adversatur
2847 4094 3025 4151 Photii
3071 4092 3341 4161 expositio
3384 4092 3516 4162 ipsis

1921 4194 2127 4250 Graecis
2161 4193 2448 4258 Patribus,
2478 4206 2711 4261 quorum
2759 4190 3025 4245 doctrina:
3060 4203 3119 4241 se
3160 4186 3514 4240 tenacissime

1926 4283 2262 4337 iuhazsurum
2280 4297 2495 4351 semper
2519 4288 2876 4350 protestetur.
2911 4277 2970 4332 ld
2996 4277 3129 4332 satis
3157 4285 3355 4347 prmter
3382 4277 3518 4329 alios

1928 4376 2149 4430 Hanuel
2190 4374 2417 4430 Calecas
2440 4382 2495 4427 ct
2526 4373 2819 4427 Bessarion
2845 4387 2949 4426 nec
2976 4370 3159 4425 minus
3207 4369 3517 4423 luculenter

1929 4471 2137 4524 Beccus
2174 4467 2253 4534 (1.
2285 4482 2368 4529 ιιι,
2420 4466 2487 4520 ad
2535 4464 2817 4519 Theodor.
2852 4480 2908 4517 n.
2949 4462 3051 4525 10;
3084 4462 3147 4517 G.
3186 4459 3347 4525 0.1l,
3393 4462 3517 4523 tu,

232 4577 329 4615 nec
365 4565 641 4633 posterior
668 4564 1002 4635 mystagogia
1025 4563 1263 4634 priorem
1296 4561 1700 4617 institutionem
1726 4562 1824 4617 tol-
1853 4557 1897 4613 D
1931 4563 2033 4617 145
2081 4569 2136 4615 et
2198 4561 2254 4614 in
2308 4558 2642 4629 Epigraph.)
2695 4566 2859 4626 atque
2921 4555 3155 4609 Allatius
3208 4552 3516 4623 (Encltirid.

233 4656 314 4717 lit,
349 4658 463 4711 imo
508 4672 636 4713 vero
695 4656 985 4711 confirmat
1028 4653 1260 4709 :Omnia
1296 4670 1418 4724 quae
1464 4662 1593 4707 sunt
1639 4653 1818 4708 Patris

231 4764 341 4801 mea
371 4758 521 4804 sunt.
552 4748 723 4803 Recte
753 4748 967 4802 Manuel
998 4746 1223 4802 Calecas
1257 4747 1330 4815 (Ι.
1364 4747 1455 4813 c.)
1540 4765 1558 4796 ι
1592 4744 1648 4799 Si
1675 4747 1822 4800 enim

232 4836 462 4905 Spiritus
490 4854 520 4891 a
551 4836 688 4892 Filio
717 4837 949 4906 accipit,
982 4836 1160 4890 Patris
1186 4845 1370 4889 autem
1397 4835 1580 4889 omnia
1606 4843 1663 4888 et
1683 4832 1821 4888 Filio

232 4930 542 4984 communia
595 4939 760 4993 sunt,
814 4928 1168 4983 manifestum
1218 4936 1272 4981 et
1310 4944 1379 4982 ex
1426 4927 1513 4981 his
1559 4927 1823 4981 insinuari

237 5019 426 5075 Filium
457 5038 627 5076 unum
659 5038 784 5078 cum
814 5020 973 5075 Patre
1004 5021 1173 5075 Deum
1202 5019 1355 5092 [174]
1373 5036 1494 5074 esse
1516 5062 1530 5085 ,
1560 5020 1822 5091 Spiritum

236 5123 414 5168 autem
467 5131 655 5170 verum
724 5114 897 5169 Deum
947 5131 1014 5169 ex
1064 5113 1242 5169 Patris
1298 5123 1352 5167 et
1406 5112 1526 5166 Filii
1583 5114 1821 5168 essentia

237 5205 558 5260 denuntiari.
600 5205 770 5261 Porro
803 5206 987 5260 dicere
1028 5222 1040 5258 :
1071 5204 1261 5259 Omnia
1296 5220 1409 5274 quas
1450 5204 1603 5256 habet
1634 5203 1819 5269 Pater,

240 5312 347 5350 mea
370 5298 664 5362 sunt;ideo
702 5297 817 5367 (διὰ
849 5296 1040 5365 τοῦτο)
1081 5297 1192 5349 dixi
1218 5297 1371 5350 voltis
1394 5312 1412 5348 :
1446 5296 1570 5365 quia
1606 5297 1671 5348 de
1710 5312 1823 5349 meo

240 5389 474 5457 accipiet,
499 5398 633 5455 etc.;
670 5397 766 5443 aut
800 5388 937 5442 nihil
972 5386 1242 5459 signiﬁcat
1272 5395 1367 5441 aut
1399 5402 1510 5441 non
1555 5387 1824 5457 significat

242 5484 577 5553 propositum
633 5484 769 5549 tibi;
815 5482 1017 5554 quippe
1063 5491 1320 5552 suscepta
1372 5483 1439 5536 ad
1496 5490 1827 5536 structuram

310 5663 423 5733 (7'5)
449 5661 698 5717 Profecto
727 5663 891 5717 verba
917 5680 931 5717 :
963 5661 1154 5717 Omnia
1183 5677 1301 5731 quia
1334 5660 1487 5714 habet
1512 5661 1696 5721 Pater,
1714 5668 1821 5733 etc.

251 5733 297 5804 l)
324 5732 656 5788 ettiversalia
690 5743 846 5798 sunt;
875 5749 1004 5804 ergo
1032 5748 1142 5785 non
1189 5742 1423 5801 possunt
1467 5732 1723 5801 restringi
1770 5740 1826 5786 et

250 5803 461 5857 Ιιιιιξιοιί
489 5804 593 5857 nisi
626 5805 678 5856 in
722 5805 808 5864 iis.
846 5822 969 5873 qua:
1017 5813 1207 5856 natura
1247 5818 1429 5856 rerum
1474 5819 1570 5870 per
1620 5818 1827 5873 senex-

250 5874 415 5928 cludit
442 5892 455 5941 ;
484 5876 540 5945 2)
574 5875 641 5929 ad
683 5872 1208 5945 ipsamrclationcm
1243 5873 1307 5927 ad
1339 5873 1599 5942 Spiritqu
1634 5890 1661 5925 a
1690 5872 1826 5926 Filio

1932 4670 1983 4708 c.
2022 4663 2120 4706 κε’.
2153 4668 2209 4722 p.
2259 4649 2385 4721 ρξς’
2417 4665 2533 4717 seq.
2565 4657 2620 4701 ct
2653 4646 2851 4701 Vindic.
2899 4663 3014 4715 syn.
3057 4645 3248 4713 Epltes.
3282 4661 3336 4713 p.
3377 4644 3517 4713 294)

1932 4747 2408 4808 demonstrarunt.
2440 4741 2621 4796 Unum
2670 4741 2974 4794 alterumve
3029 4737 3225 4790 horum
3298 4734 3519 4788 Patrum

1933 4837 2245 4892 audiamus.
2271 4834 2536 4890 Athanas.
2562 4832 2629 4886 ad
2662 4831 2853 4899 Scrap.
2888 4831 3001 4883 ait:
3046 4828 3103 4881 '0
3130 4829 3227 4897 μὲν
3258 4827 3385 4890 Υἱός
3416 4844 3524 4897 φη-

1935 4944 2047 4981 σιν·
2082 4927 2119 4980 ἃ
2143 4927 2353 4996 ἥκουσα
2389 4922 2543 4994 παρὰ
2567 4920 2662 4974 τοῦ
2686 4921 2921 4988 Πατρὸς,
2955 4917 3130 4971 ταῦτα
3158 4916 3303 4969 λαλῶ
3325 4917 3405 4979 εἰς
3433 4918 3524 4968 τον

1935 5022 2138 5089 κόσμον
2158 5034 2173 5050 ο
2212 5017 2274 5070 τὸ
2305 5017 2361 5069 δὲ
2385 5013 2612 5084 Πνεῦμα
2634 5015 2699 5067 ὲκ
2726 5012 2821 5065 τοῦ
2848 5010 2981 5064 Υἱοῦ
3012 5010 3304 5080 λαμϐάνειο
3335 5012 3399 5061 ὲκ
3429 5008 3523 5061 τοῦ

1935 5113 2069 5184 ἐμοῦ
2094 5113 2203 5182 γὰρ
2238 5110 2474 5181 λήψεται
2518 5123 2576 5161 κ.
2606 5124 2658 5160 τ.
2692 5105 2743 5159 λ.
2783 5102 2915 5157 Item
2947 5112 3089 5157 orat.
3124 5101 3177 5167 5,
3215 5119 3267 5157 c.
3297 5101 3521 5155 Adrian.

1940 5200 2289 5275 (Calecte‘est
2323 5210 2466 5255 orat.
2504 5198 2571 5267 5)
2600 5217 2613 5253 :
2646 5198 2721 5250 Τὸ
2765 5194 2993 5266 Πνεῦμα
3035 5194 3185 5265 παρὰ
3223 5193 3318 5245 τοῦ
3350 5193 3525 5259 Λόγου

1938 5299 2228 5367 λαμϐάνει.
2257 5335 2271 5350 .
2301 5335 2316 5349 .
2353 5292 2517 5356 αὐτὸς
2544 5291 2653 5361 γὰρ
2685 5293 2713 5343 ὁ
2739 5290 2867 5351 Υἱὸς
2892 5288 2953 5340 τὸ
2982 5288 3205 5357 Πνεῦμα
3230 5286 3411 5340 δίδωσι
3436 5285 3527 5336 καὶ

1936 5394 2037 5443 ὅσα
2067 5388 2181 5459 ἔχει
2208 5388 2271 5440 τὸ
2299 5384 2528 5455 Πνεῦμα
2551 5382 2725 5436 ταῦτα
2750 5381 2902 5452 παρὰ
2927 5379 3021 5433 τοῦ
3050 5381 3224 5448 Λόγου
3249 5378 3381 5448 ἔχει.
3415 5376 3528 5431 Hoc

1941 5481 2259 5538 testimonio
2306 5478 2652 5536 Nicenhorus
2703 5474 3038 5540 Blemmida,
3102 5484 3240 5529 orat.
3287 5472 3344 5536 2,
3382 5486 3433 5525 c.
3471 5472 3525 5523 ti.

1937 5659 2307 5714 extenduntur
2336 5657 2454 5728 ipso
2476 5666 2529 5711 et
2555 5656 2621 5711 ad
2662 5656 2714 5711 id
2747 5655 3101 5715 adhibentur,
3151 5660 3230 5728 u_t_
3265 5648 3528 5728 Spiritum

1938 5748 2126 5785 secum
2180 5722 2372 5783 intime
2413 5728 2670 5799 conjungi
2719 5737 2773 5782 et
2819 5728 2885 5781 de
2917 5740 3001 5789 eo,
3046 5722 3190 5791 quod
3220 5722 3393 5791 ipsius
3426 5731 3529 5786 est,

1938 5803 2186 5872 accipere
2228 5802 2502 5855 ostendat.
