3956 6434
466 330 575 397 439

1629 338 1891 399 PHOTII
1934 340 2449 403 PATRIARCHAE
2485 340 2594 401 CP.

3637 339 3743 411 440

469 446 705 501 alterum
731 445 801 501 ab
833 446 1009 503 altero
1050 446 1287 502 discerni
1334 448 1879 519 comprehendimus,
1927 465 2054 520 per-
2081 458 2129 515 Α
2159 466 2348 507 vocem
2380 449 2670 505 immittis?
2699 448 2782 519 (C.
2816 447 2933 520 56.)
2968 447 3113 504 Dixit
3144 467 3157 504 :
3189 448 3450 520 Spiritum
3482 453 3609 508 Filii
3637 462 3738 512 sui.

470 536 722 605 spicuum
751 546 856 594 est.
890 554 1014 593 cum
1057 538 1290 593 dicimus
1337 538 1607 610 Spiritum
1646 548 1898 601 sanctum
1923 556 2050 611 pro-

472 630 654 696 prium
677 645 799 686 esse
824 630 966 695 Filii,
996 630 1052 686 id
1072 631 1188 685 sola
1209 630 1298 685 illa
1315 630 1571 702 principii
1595 632 1806 687 ratione
1825 632 2053 704 intelligi

471 736 631 790 posse
667 720 802 793 (85).
853 741 870 773 ι
908 720 1059 793 1182]
1088 722 1317 794 Egregie
1358 737 1577 792 quoque
1606 721 1828 777 disserit
1860 722 2054 778 Bessa-

474 816 591 869 rion
617 814 788 886 (Orat.
827 816 1004 886 dogm.
1035 833 1087 869 c.
1136 815 1199 880 6;
1240 813 1407 869 Hard.
1436 813 1531 880 IX,
1560 814 1687 883 340)
1716 833 1730 868 :
1766 833 1784 866 ι
1820 813 2054 885 Spiritus

473 920 693 979 quoque
718 907 997 959 relativum
1025 922 1215 961 nomen
1249 914 1336 960 est
1361 913 1416 960 et
1457 905 1525 961 ad
1560 906 1857 976 spirantem
1882 906 2055 961 refer-

469 1006 588 1063 tur;
612 1007 667 1055 et
693 997 852 1066 cujus
883 998 1085 1053 dicitur
1107 996 1364 1068 Spiritus,
1396 997 1579 1052 abillo
1603 997 1767 1052 etiam
1792 996 2049 1066 spiratur.

465 1089 621 1154 Quod
686 1089 832 1145 enim
887 1090 1191 1159 personalia
1233 1088 1458 1143 nomina
1508 1088 1791 1143 Trinitatis
1827 1087 2052 1144 relativo

465 1182 600 1247 sint,
634 1181 820 1237 nullus
853 1181 1089 1253 ignorat.
1124 1180 1414 1236 Personale
1448 1196 1582 1236 vero
1621 1196 1824 1236 nomen
1874 1180 2053 1251 Spiri-

465 1281 558 1327 tus
584 1287 730 1338 esse,
761 1272 908 1342 quod
942 1271 1181 1344 Spiritus
1206 1279 1432 1327 sanctus
1460 1270 1696 1333 dicatur,
1727 1285 1894 1325 nemo
1923 1271 2053 1326 infi-

465 1365 643 1420 ciatur
687 1364 1152 1435 quemadmodum
1185 1362 1364 1418 Patris
1402 1361 1571 1417 Pater
1595 1370 1653 1417 et
1697 1360 1820 1416 Filii
1853 1361 2051 1435 Filius,

465 1467 523 1512 et
562 1458 880 1513 necessario
932 1457 1245 1527 relativum,
1303 1455 1765 1530 quemadmodum
1807 1464 1864 1511 et
1900 1455 2050 1527 ‘illa;

465 1549 734 1621 siquidem
780 1552 1021 1609 essentia
1061 1566 1174 1606 non
1204 1558 1354 1616 sunt,
1400 1564 1507 1605 nec
1531 1548 1682 1604 aliud
1710 1558 1796 1604 est
1818 1540 1874 1603 iit
1907 1548 2053 1604 divi-

462 1644 553 1698 nis
589 1652 790 1714 praeter
821 1644 1117 1700 essentiam
1142 1651 1200 1700 et
1218 1643 1537 1700 relationes.
1578 1641 2049 1712 Quemadmodum

462 1735 650 1809 igitur,
682 1735 854 1792 Filius
885 1751 1010 1792 cum
1064 1734 1138 1792 sit
1179 1751 1385 1793 nomen
1413 1734 1726 1799 relativum,
1760 1742 1816 1790 et
1842 1733 2050 1795 refera-

462 1838 552 1881 tur
582 1828 649 1888 ad
692 1828 932 1894 Patrem,
991 1844 1247 1887 veremur
1282 1826 1482 1883 Filium
1533 1825 1775 1897 Spiritus
1829 1826 2043 1890 dicere,
2078 1809 2121 1868 Β

460 1935 535 1975 ne
577 1919 819 1991 Spiritus
861 1928 1015 1992 pater
1049 1919 1170 1991 ejus
1210 1929 1517 1990 putaretur,
1573 1919 1648 1974 ita
1696 1926 1753 1974 et
1784 1917 2044 1989 Spiritus,

459 2026 587 2069 cum
615 2013 688 2071 sit
722 2028 924 2069 nomen
948 2012 1235 2068 relativum
1269 2022 1326 2068 et
1366 2012 1680 2067 necessario
1717 2010 1785 2066 ad
1832 2009 2047 2080 spiran-

458 2113 572 2159 tem
606 2106 896 2172 referatur,
939 2105 1008 2161 ab
1049 2120 1118 2161 eo
1145 2105 1307 2162 etiam
1343 2105 1603 2176 spiratur,
1661 2103 1819 2176 cujus
1848 2103 2049 2159 dicitur

459 2192 700 2274 Spiritus
726 2215 850 2258 esse
873 2197 1008 2271 (84).
1049 2217 1069 2251 ι
1104 2196 1357 2268 Denique
1384 2197 1573 2252 Patres
1612 2211 1722 2250 non
1762 2194 1938 2250 solum
1966 2195 2047 2249 la-

457 2295 558 2350 tiui
599 2294 707 2363 (cf.
738 2310 789 2349 ν.
823 2307 909 2363 gr.
940 2291 1079 2363 Aug.
1104 2288 1184 2344 De
1218 2288 1365 2344 Trin.
1402 2304 1479 2356 Iv,
1507 2288 1622 2360 2"),
1660 2304 1850 2343 verum
1881 2288 2046 2343 etiam

455 2385 631 2443 Graeci
659 2385 791 2440 ἴδιον
816 2381 1045 2453 Πνεῦμα
1076 2378 1174 2435 τοῦ
1223 2379 1358 2441 Υἱοῦ
1387 2396 1451 2435 ea
1477 2381 1687 2435 ratione
1737 2380 1949 2446 dicunt,
1987 2390 2049 2436 ut

458 2478 588 2535 inde
612 2476 852 2548 Spiritus
881 2492 914 2531 a
934 2473 1076 2530 Filio
1101 2473 1259 2543 origo
1277 2472 1439 2542 plane
1458 2471 1866 2537 manifestetur,
1896 2472 2044 2543 quod

455 2586 569 2641 prae
599 2570 818 2628 caeteris
841 2567 1099 2623 Petavius
1136 2566 1236 2636 (De
1275 2564 1420 2620 Trin.
1454 2579 1551 2629 vu,
1600 2578 1652 2619 c.
1684 2565 1739 2629 4,
1775 2561 1859 2633 §8
1901 2565 2043 2636 seq.)

454 2661 719 2719 ostendit.

533 2755 615 2811 l2.
650 2751 756 2810 Sed
785 2766 1005 2806 omnem
1036 2757 1223 2805 movet
1262 2747 1488 2805 Photius
1533 2747 1799 2818 lapidem,
1830 2756 1892 2802 ut
1922 2746 2045 2801 inao

455 2863 581 2902 nem
612 2854 776 2916 atque
801 2843 1094 2901 absurdam
1123 2844 1284 2898 talem
1313 2841 1528 2901 Paulini
1556 2840 1705 2895 eil‘ati
1737 2840 2047 2911 intelligen-

454 2938 591 2995 tiam
605 2936 880 2992 ostendat.
906 2934 961 2989 ln
989 2932 1180 3005 primis
1202 2933 1397 2988 eodem
1417 2931 1674 2997 artificio,
1697 2932 1842 3002 quod
1867 2946 1919 2988 c.
1974 2931 2047 2986 20

459 3047 576 3101 seq.
606 3029 755 3085 circa
787 3027 956 3082 verba
983 3025 1188 3081 Christi
1210 3025 1371 3081 Joan.
1425 3039 1538 3088 xvr,
1578 3024 1665 3089 l3,
1695 3023 2044 3087 adhibuerat,

459 3119 875 3176 conclusionem
906 3133 938 3173 e
973 3118 1157 3175 Galat.
1190 3133 1267 3183 tv,
1308 3116 1342 3170 6
1382 3115 1670 3170 deductam
1715 3114 2045 3169 contrariam
2073 3155 2117 3213 ο

2160 543 2329 599 Recte
2357 542 2582 598 omnino
2624 557 2689 596 ac
2718 557 2818 613 pro
2849 542 3117 612 sapientia
3154 543 3260 613 ipsi
3297 545 3563 601 divinitus
3592 546 3739 604 data.

2160 635 2241 692 Tu
2290 650 2422 691 vero
2468 633 2598 705 quid
2648 649 2838 689 vocem
2875 635 3187 700 adulteras,
3235 643 3292 690 et
3342 652 3469 706 quae
3522 640 3738 708 quidem

2158 728 2317 790 dixit,
2349 742 2459 781 non
2494 725 2652 791 dicis,
2696 741 2819 795 qua:
2865 734 3048 781 autem
3080 742 3151 781 ne
3192 727 3459 796 cogitavit
3499 728 3737 799 quidem,

2159 819 2318 890 quasi
2376 818 2447 873 ab
2512 819 2605 872 illo
2637 819 2782 873 dicta
2833 817 3132 888 praedicare
3180 833 3293 872 non
3338 820 3663 876 erubescis?
3714 840 3733 874 ι

2160 909 2244 981 (C.
2288 909 2404 973 5|.)
2431 908 2538 963 Sed
2578 907 2717 973 haec,
2744 908 2827 963 uti
2859 917 3057 964 cratera
3099 909 3391 979 ejusmodi,
3441 925 3583 966 vana
3614 920 3740 967 sunt

2155 1001 2515 1067 declamatio;
2576 1000 2711 1055 illud
2751 1016 2921 1054 unum
2963 1001 3257 1070 quaeritur,
3311 1017 3558 1071 quonam
3584 1012 3740 1071 pacto

2157 1108 2223 1148 ex
2250 1091 2403 1148 Pauli
2444 1091 2628 1147 verbis
2671 1091 2850 1145 Latini
2880 1106 3035 1146 suam
3063 1091 3372 1147 doctrinam
3429 1094 3737 1163 stabiliant;

2157 1193 2323 1253 atque
2349 1182 2570 1253 planum
2594 1191 2680 1238 est
2723 1197 2834 1237 non
2883 1183 3078 1238 deesse
3140 1182 3209 1238 iis
3268 1193 3597 1255 argumenta
3625 1188 3743 1255 qui-

2156 1276 2262 1332 bus
2297 1289 2454 1330 suam
2506 1272 2919 1329 conclusionem
2980 1272 3333 1328 conﬁrment.
3389 1273 3507 1329 lloc
3562 1276 3740 1345 potius

2154 1365 2451 1423 videndum
2476 1373 2580 1429 est,
2613 1363 2748 1434 quid
2785 1363 2980 1419 Photio
3009 1373 3238 1419 auctore
3268 1365 3423 1419 Pauli
3442 1364 3660 1435 phrasis
3683 1367 3741 1420 τὸ

2160 1456 2391 1530 Πνεῦμα
2421 1454 2518 1510 τοῦ
2551 1456 2685 1510 Υῐοῦ
2732 1455 2838 1510 sibi
2875 1455 3027 1511 velit.
3073 1455 3123 1511 is
3174 1456 3358 1525 itaque
3392 1457 3737 1526 potissimum

2154 1548 2223 1604 ad
2252 1547 2454 1602 nudam
2483 1543 3087 1601 consubstantialitalem
3118 1546 3285 1600 verba
3313 1546 3400 1599 illa
3430 1547 3737 1618 detorquet;

2154 1638 2213 1696 id
2261 1638 2370 1697 illis
2419 1638 2722 1693 indicatum
2773 1646 2988 1703 censet,
3038 1637 3186 1707 quod
3230 1635 3477 1705 Spiritus
3527 1654 3639 1694 non
3673 1641 3740 1696 sit

2155 1732 2410 1789 alienusa
2427 1727 2565 1785 Filio
2578 1731 2652 1799 (c.
2675 1728 2763 1799 49)
2779 1728 2926 1799 quod
2939 1728 3418 1799 ejusdemnaturae
3437 1744 3563 1784 cum
3584 1730 3735 1797 Filio,

2149 1819 2392 1895 ejusdem
2406 1822 2680 1887 cssentiae,
2694 1820 2940 1892 ejusdem
2956 1820 3163 1891 gloriae,
3178 1820 3426 1889 ejusdem
3442 1820 3671 1877 honoris
3688 1829 3740 1879 ιιι

2148 1913 2537 1971 dominationis
2550 1910 2876 1981 exsistat(c.
2900 1909 3013 1981 5i).
3048 1909 3183 1977 «Qui
3211 1910 3381 1983 igitur
3408 1909 3738 1982 dicitSpiri-

2150 2018 2263 2064 tum
2298 2006 2447 2073 Filii,
2479 2016 2690 2061 natura;
2708 2004 2927 2074 quidem
2942 2004 3063 2059 sine
3083 2003 3189 2058 ulla
3210 2003 3531 2059 diﬂerentia
3550 2004 3740 2061 edocet

2149 2100 2440 2161 unitatem,
2474 2096 2803 2168 principium
2839 2109 2972 2150 vero
2995 2094 3367 2167 processionis
3393 2094 3551 2148 nullo
3578 2096 3734 2150 modo

2148 2189 2312 2246 simul
2332 2188 2577 2254 indicat;
2619 2186 2888 2241 unitatem
2931 2185 3236 2240 secundum
3293 2186 3597 2241 essentiam
3636 2175 3734 2241 ilo-

2149 2283 2246 2350 vit,
2278 2298 2403 2337 eum
2445 2280 2536 2351 qui
2587 2278 2817 2349 aequalis
2864 2285 3080 2333 naturze
3112 2276 3437 2348 hypostasin
3484 2279 3735 2348 producit

2147 2374 2296 2430 nulla
2329 2388 2555 2445 prorsus
2590 2372 2806 2428 ratione
2840 2370 3004 2426 simul
3033 2371 3296 2440 prtedicat
3319 2386 3506 2441 neque
3534 2374 3735 2442 princi-

2145 2473 2296 2543 pium
2330 2472 2575 2526 insinuat
2634 2488 2653 2522 ι
2683 2468 2870 2538 (llrid.)
2902 2468 3109 2524 Deinde
3138 2469 3302 2526 docet
3340 2471 3413 2543 (c.
3466 2472 3559 2541 55)
3606 2487 3736 2527 con-

2146 2564 2566 2620 substantialem
2614 2561 2766 2634 [l84]
2795 2576 2917 2617 esse
2968 2560 3236 2631 Spiritum
3296 2562 3474 2628 Patri,
3507 2563 3635 2631 quia
3670 2578 3734 2618 ex

2145 2656 2268 2726 ipso
2294 2655 2541 2726 procedit
2566 2672 2582 2721 ;
2605 2655 3140 2710 consubstantialem
3173 2653 3336 2723 Filio,
3360 2670 3504 2709 «non
3518 2656 3642 2725 quia
3671 2671 3733 2710 ex

2146 2746 2266 2817 ipso
2283 2746 2526 2816 procedit
2554 2749 2768 2818 (apage,
2799 2761 2925 2800 eum
2987 2759 3169 2816 neque
3222 2744 3315 2800 ille
3358 2745 3493 2801 huic
3523 2755 3734 2815 prOptcr

2147 2839 2605 2912 generationem),
2639 2839 2735 2894 sed
2752 2839 2879 2909 quia
2913 2854 2980 2894 ex
3013 2853 3122 2893 unc
3161 2847 3217 2893 et
3240 2838 3562 2893 indivisibili
3586 2830 3733 2908 prin-

2146 2932 2291 3001 cipio
2340 2931 2408 2985 ab
2442 2942 2654 2987 aeterno
2685 2930 2883 3002 aequali
2915 2931 3112 2987 ordine
3157 2932 3380 3001 utrique
3429 2931 3733 3004 progressio

2146 3034 2253 3080 est.
2291 3044 2309 3076 ι

2222 3116 2310 3170 15.
2342 3114 2545 3170 Verum
2576 3114 3086 3171 aenominationem
3130 3114 3360 3185 Πνεῦμα
3390 3114 3487 3169 τοῦ
3518 3113 3648 3168 Υἱοῦ
3672 3128 3733 3168 ac

457 3211 726 3269 doctrina:
742 3209 950 3267 Christi
976 3209 1203 3282 efﬁngit,
1244 3207 1701 3277 adversariosque
1730 3204 2045 3279 [185jPau-
2077 3204 2117 3213 “
2150 3208 2359 3264 similes
2396 3209 2449 3262 in
2502 3208 2694 3263 biblico
2744 3215 2801 3263 et
2846 3207 3124 3277 patristico
3179 3221 3441 3261 sermone
3484 3205 3550 3259 ad
3578 3220 3730 3260 unam

455 3303 567 3358 lmn
601 3319 725 3361 cum
750 3302 1039 3358 Servatore
1071 3300 1413 3357 committere
1436 3310 1493 3354 et
1521 3297 1721 3368 injuria
1750 3306 2047 3368 utrumque

454 3392 674 3449 allicere
702 3392 1024 3465 pronuntiat
1076 3389 1151 3463 (c.
1190 3390 1305 3463 48).
1344 3389 1554 3445 Deinde
1599 3408 1618 3441 ι
1670 3388 1930 3456 Ubinam,
1956 3388 2046 3442 iu-

453 3485 576 3555 quit
605 3492 676 3553 (c.
713 3483 831 3556 49),
853 3481 1056 3539 Paulus
1073 3481 1248 3538 edixit
1278 3482 1547 3552 Spiritum
1577 3496 1646 3536 ex
1681 3479 1823 3535 Filio
1849 3494 2045 3551 proce-

454 3576 621 3631 dere?
653 3575 781 3631 Esse
821 3575 1042 3646 quidem
1090 3573 1224 3629 Filii
1279 3574 1480 3645 (neque
1527 3576 1674 3629 enim
1718 3574 1931 3630 alienus
1977 3573 2047 3629 ab

452 3669 595 3738 ipso,
626 3668 771 3739 quod
804 3668 965 3736 absit)
997 3676 1055 3723 et
1082 3668 1175 3723 ille
1198 3667 1335 3724 dixit
1369 3676 1426 3722 et
1470 3667 1712 3723 Ecclesia
1739 3667 1857 3733 Dei,
1879 3666 2046 3722 simul

454 3759 752 3816 confitetur
783 3759 1181 3831 intelligitque;
1234 3759 1537 3830 procedere
1567 3768 1752 3814 autem
1797 3774 1868 3814 ex
1906 3758 2046 3814 Filio

453 3867 635 3924 neque
671 3867 741 3907 ex
784 3852 906 3922 ejus
950 3851 1110 3907 labiis
1150 3852 1354 3908 divinis
1397 3852 1565 3908 rebus
1600 3852 1821 3922 repletis
1846 3852 2048 3922 prodiit

453 3960 718 4017 unquam,
760 3959 943 4014 neque
973 3944 1189 4015 piorum
1220 3943 1495 4015 quispiam
1545 3944 1751 4015 scripto
1794 3944 2044 4015 protulit,

454 4039 567 4092 imo
592 4052 664 4093 ne
692 4036 918 4093 auribus
933 4036 1156 4111 quidem
1191 4037 1338 4093 hanc
1366 4037 1763 4107 blasphemiam
1790 4038 2046 4108 excipere

455 4128 735 4186 toleraret.
764 4132 839 4200 (c.
874 4130 991 4200 49).
1023 4149 1042 4182 ι
1101 4128 1235 4185 inde
1295 4130 1487 4203 exigit,
1542 4139 1604 4184 ut
1652 4130 1791 4185 nihil
1833 4130 2047 4186 dicatur

454 4231 657 4294 praeter
688 4222 744 4279 id
781 4223 929 4294 quod
951 4223 1089 4279 dixit
1113 4222 1430 4294 Apostolus,
1467 4231 1528 4278 ut
1559 4224 1680 4294 ejus
1705 4224 1869 4279 verba
1915 4223 2047 4279 reti-

452 4324 696 4371 neantur
724 4331 831 4371 nec
861 4316 958 4371 tali
997 4316 1341 4388 expositione
1368 4317 1750 4373 immuteutur.
1779 4316 1901 4387 Quo
1937 4318 2043 4373 ista

451 4416 710 4478 spectant
742 4426 758 4464 :
791 4426 811 4461 ι
843 4406 1026 4475 Quare
1081 4407 1248 4481 igitur
1284 4423 1395 4463 non
1422 4415 1479 4464 et
1507 4417 1564 4464 tu
1610 4410 1730 4464 haac
1753 4409 1911 4473 dicis,
1945 4409 2043 4464 sed

2147 3302 2779 3365 consubstantialitatem
2807 3299 3161 3355 referendam
3210 3316 3334 3356 esse
3386 3300 3552 3354 inane
3583 3314 3730 3369 pror-

2147 3409 2244 3451 sus
2272 3404 2329 3448 et
2356 3393 2555 3448 falsqu
2607 3400 2691 3446 est
2747 3389 2884 3446 Nam
2921 3390 2961 3458 Ι)
3021 3390 3185 3445 latius
3214 3397 3363 3461 patet
3399 3388 3603 3446 dictio:
3647 3387 3731 3442 hic

2148 3495 2234 3544 est
2264 3487 2429 3547 illius,
2468 3501 2632 3556 quam
2655 3482 2958 3555 propositio
2989 3501 3004 3538 :
3044 3484 3138 3539 hic
3154 3493 3242 3539 est
3270 3483 3345 3537 illi
3371 3482 3730 3539 consubStan-

2149 3582 2315 3639 tialis.
2357 3580 2514 3649 Quod
2562 3580 2616 3633 iu
2683 3579 2873 3649 primis
2902 3578 2995 3648 qui
3047 3578 3382 3650 peculiarem
3447 3584 3727 3632 tractatmu

2148 3685 2339 3733 contra
2385 3682 2697 3731 asserentes
2748 3672 3014 3744 Spiritum
3059 3671 3155 3726 τοῦ
3209 3671 3342 3726 Υῑοῦ
3385 3671 3497 3727 diri
3549 3670 3635 3724 διὰ
3671 3668 3729 3720 τὸ

2146 3769 2435 3841 ὀμοούσιον
2460 3768 2493 3840 ἢ
2525 3766 2615 3820 διὰ
2643 3766 2703 3820 τὸ
2734 3761 3094 3838 χορηγεῖσθαι
3118 3766 3210 3820 ὑπ’
3233 3765 3398 3819 αὑτοῦ
3422 3766 3535 3828 τοῖς
3563 3761 3728 3828 ἀξίοις

2147 3859 2497 3927 conscripsit.
2522 3856 2776 3927 Georgius
2797 3857 3146 3928 Pachymeres
3170 3866 3326 3930 urget
3352 3858 3438 3927 (ϐ.
3462 3856 3523 3914 0.
3552 3855 3590 3918 l,
3608 3854 3726 3924 395)
3794 3906 3797 3911 .

2147 3949 2338 4004 dicens
2365 3966 2378 4002 :
2418 3968 2437 4001 ‹
2474 3949 2719 4016 Quilibet
2768 3949 3031 4005 fatebitur
3061 3951 3181 4005 τόδε
3212 3950 3369 4005 τοῦδέ
3399 3968 3548 4014 τινος
3588 3946 3719 4002 εῖναι

2146 4042 2518 4101 universalius
2573 4041 2857 4112 prtedieari
2922 4044 3208 4113 (ἐπιπλέον
3254 4039 3423 4115 εἶναι)
3463 4058 3625 4114 quam
3670 4039 3729 4093 τὸ

2145 4133 2458 4204 ὁμοούσιον.
2498 4135 2702 4190 Domus
2756 4136 2961 4190 etenim
3015 4136 3137 4191 hate
3186 4135 3435 4193 Socratis
3483 4145 3539 4192 et
3582 4134 3729 4189 sedes

2146 4225 2435 4294 Platonis;
2473 4226 2571 4282 sed
2617 4241 2730 4282 non
2761 4228 3252 4283 consubstantialis
3281 4237 3387 4293 est,
3427 4242 3603 4298 neque
3637 4227 3727 4277 do-

2146 4334 2294 4384 mus,
2317 4334 2498 4389 neque
2530 4319 2692 4375 sedes
2722 4319 3066 4389 philosophis
3102 4319 3291 4375 illis.‘r
3331 4319 3544 4374 Revera
3569 4315 3728 4371 uomi-

2147 4404 2367 4466 nativus
2415 4409 2659 4481 Spiritus
2683 4425 2807 4465 cum
2846 4410 3091 4482 genitivo
3121 4410 3245 4466 Filii
3273 4411 3484 4467 nemini
3538 4405 3726 4480 ingerit

450 4513 622 4569 prave
666 4498 787 4572 agis
810 4538 826 4564 ,
880 4499 1066 4554 omnia
1128 4497 1403 4569 susdeque
1472 4500 1639 4556 vertis
1693 4509 1750 4556 et
1811 4503 2045 4557 verbum
2077 4508 2123 4564 D
2151 4502 2745 4560 consubstantialitatis
2775 4503 2974 4558 ideam.
3012 4503 3215 4558 Verum
3242 4501 3310 4572 ll)
3349 4503 3484 4558 nihil
3516 4499 3727 4572 prodest

450 4589 724 4658 praeconis
760 4589 1033 4660 pervertis
1054 4597 1130 4653 et,
1163 4589 1309 4659 quod
1344 4589 1566 4660 gravius
1586 4599 1689 4655 est,
1723 4591 1866 4647 bane
1897 4600 2045 4647 tuam

455 4680 868 4749 perversionem
901 4686 1067 4751 atque
1100 4678 1500 4749 blasphemiam
1522 4679 1579 4733 in
1601 4679 1775 4751 ipsam
1801 4681 2046 4737 doctoris

527 4877 639 4947 (85)
680 4875 933 4947 Graecum
977 4875 1248 4935 Manuelis
1296 4882 1505 4931 textum
1542 4874 1636 4930 dat
1665 4873 1774 4929 Leo
1813 4874 2044 4947 Allatius

465 4945 818 5018 Vindictsyn.
848 4945 991 5018 Epit.
1029 4964 1083 5018 p.
1119 4947 1222 5001 124
1249 4964 1262 5000 :
1287 4947 1474 5018 _’E1rt-:i
1503 4947 1614 5018 γὰρ
1646 4947 1703 4998 ὲν
1743 4949 1854 5009 τοῖς
1881 4946 2047 5018 Ocior;

451 5016 576 5088 τόδξξ
601 5015 778 5088 «esse,
809 5017 910 5086 τῆς
942 5015 1078 5088 ὖλής
1112 5018 1208 5088 καὶ
1240 5016 1441 5088 τῶνᾼὲν
1464 5016 2046 5088 ναύτῇᾲίπαρεπρίμὲνων

454 5085 884 5158 ἀπεληλαμένῳύ
901 5086 1016 5141 οὗθ’
1028 5085 1105 5152 ὧς
1123 5085 1428 5158 μέλος,αὗθ’
1441 5087 1519 5150 ὼς
1537 5085 1641 5156 κτῆ
1650 5085 1746 5156 μα,
1762 5087 1885 5158 οὐδὲ
1903 5087 2047 5141 κατά

452 5172 584 5229 arva
598 5155 875 5229 irrrspox'hv
890 5158 988 5229 atat
1004 5155 1265 5229 τοιαῦτην
1281 5158 1451 5227 ἄλλην
1473 5155 1784 5229 eligam-rma
1802 5156 2043 5229 λέγεται,

454 5225 602 5298 iraira;
696 5222 860 5298 μόέιςοὺ
871 5227 1047 5280 αἴτιον
1063 5222 1436 5291 καὶαῐτιατδύ,
1461 5230 1516 5280 ὲν
1539 5222 1583 5294 ᾧ
1608 5222 1756 5298 μόιλῳ
1780 5229 1841 5281 τὸ
1857 5222 1945 5281 ἓτε
1955 5244 2045 5298 ρον

452 5295 548 5380 ’Ξρῦ
576 5294 766 5380 erepet:
787 5294 1166 5380 .ﬁtatzt’plveaﬂnat
1188 5294 1691 5380 καταλαξόρινορξν
1716 5294 1860 5380 llaec
1878 5294 2043 5380 Greg.

455 5367 613 5450 ifiyss.
631 5365 853 5450 eriserit.
876 5365 1009 5450 Vide
1032 5367 1169 5450 infra
1192 5376 1311 5450 art.’
1324 5365 1453 5438 tv,'§
1473 5368 1528 5449 7_.
1552 5365 1685 5450 {tota
1709 5368 1768 5450 1..
1783 5365 2041 5450 {gnem},

452 5434 538 5489 δὴ
569 5436 668 5509 καὶ
695 5437 757 5509 eo
794 5436 1060 5509 λέγεσθαι
1092 5437 1223 5509 ἴδιον
1258 5434 1397 5492 εἶναι
1417 5434 1515 5491 ⁸ἰξοῦ
1552 5438 1685 5491 Υἱοῦ
1718 5439 1781 5491 τὸ
1814 5434 2045 5509 Πνεῦμά

453 5507 600 5561 κατὰ
657 5506 848 5578 τοῦτον
881 5507 1043 5578 μόνον
1081 5507 1173 5560 τὸν
1226 5509 1325 5578 τῆς
1373 5509 1556 5572 αἰτίαις
1604 5509 1763 5577 λόγον
1816 5506 2043 5565 δύναηὲαι

455 5576 1002 5646 καταλαμϐάνεσθαι.

526 5646 642 5720 (84)
679 5648 792 5720 Καὶ
819 5648 881 5701 τὺ
911 5646 1143 5720 Πνεῦμα
1180 5646 1532 5720 ᾲναφορικόνν
1555 5650 1705 5702 ἐστιν
1746 5650 1918 5720 ὄνομα
1944 5651 2041 5720 καὶ

458 5718 598 5791 ’δρὸς
625 5715 738 5771 Ἲτὸν
784 5720 1019 5791 πνέοντᾳ
1060 5715 1378 5791 ἆπρδίδοταί
1406 5718 1466 5783 ἐξ
1510 5718 1781 5791 ἀνάγκης.
1834 5715 1929 5774 {cati
1976 5715 2038 5774 οὔ

464 5782 683 5851 λέγεται
715 5789 931 5863 πνεῦμα
953 5788 1014 5857 ἐξ
1040 5788 1253 5845 ἐκείνου
1287 5782 1505 5854 πάντως
1535 5782 1883 5847 minuti-rat.
1912 5794 2034 5847 Ὀτι

2152 4595 2196 4650 si
2227 4595 2297 4652 de
2331 4595 2396 4649 iis
2422 4595 2597 4650 solum
2654 4603 2848 4667 agatur
2896 4610 3020 4666 qua)
3061 4592 3538 4650 consubstantialia
3582 4589 3717 4645 novi-

2150 4706 2288 4745 mus.
2330 4709 2349 4741 ι
2385 4688 2545 4756 Quod
2574 4689 2642 4755 si,
2678 4709 2696 4742 ι
2748 4688 2824 4743 ita
2876 4688 3054 4759 pergit
3091 4686 3355 4758 praefatus
3383 4695 3594 4749 auctor,
3623 4700 3640 4733 ι
3673 4681 3723 4732 in

2150 4886 2261 4957 γὰρ
2291 4883 2606 4957 ἀνᾳφορίικὰ
2634 4885 2712 4957 τὰ
2738 4881 3103 4957 ὑεζτοσετςαειξικᾶιΔ
3144 4881 3388 4957 ὁγρμᾳτα
3412 4881 3523 4957 δῆς
3561 4878 3720 4957 Τριά-

2148 4953 2262 5024 δοέ,
2286 4953 2463 5019 οὐδεὶς
2482 4953 2741 5026 ἀντερεῖ·
2778 4954 3152 5026 ﬁngeretibe
3174 4954 3229 5026 δὲ
3251 4954 3313 5006 τὸ
3344 4953 3449 5026 tofi
3474 4954 3720 5026 [hesper-

2149 5018 2259 5090 τοξ
2274 5027 2448 5096 ὄνομα
2473 5025 2535 5077 τὸ
2578 5018 2805 5094 Πῦεῢμα
2837 5024 2899 5096 τὸ
2942 5024 3098 5096 ἄγων
3142 5024 3387 5096 λέγετᾷαι,
3417 5018 3717 5096 ὧσπερ-καὶ

2148 5095 2246 5151 τοῦ
2273 5093 2492 5165 Ila-ipe;
2529 5098 2558 5150 ὁ
2589 5093 2777 5167 Πατὴρ
2801 5095 2894 5167 x__a‘t
2924 5097 2952 5148 ὁ
2985 5095 3110 5167 Υἱὸς
3138 5094 3231 5148 τοῦ
3271 5094 3399 5148 Υἱοῦ
3431 5110 3446 5167 f
3483 5094 3577 5147 καὶ
3608 5093 3718 5167 eva-

2151 5168 2380 5239 φορικὸν
2398 5159 2476 5239 ’ἐξ
2506 5159 2791 5239 ἀνάγκγηξκ
2808 5164 3001 5239 ὥσπερ
3024 5166 3118 5239 κᾳὶ
3135 5167 3309 5217 ταῦτα
3335 5181 3348 5194 ο
3388 5165 3545 5239 εἰπερ
3570 5159 3713 5239 obuia

2154 5232 2382 5309 {Levobx
2409 5238 2579 5298 ἔστιν.
2604 5232 2745 5309 aut
2775 5237 2843 5309 δὲί
3046 5235 3145 5309 τὰς
3164 5237 3459 5309 γὰναφορρς
3502 5232 3714 5309 ualli?

2148 5299 2342 5361 ὸύσιαν
2364 5309 2423 5360 ὲν
2448 5310 2565 5371 cei;
2595 5307 2762 5370 θείοις
2795 5308 2896 5360 οὐκ
2919 5299 3087 5360 ἑὸτιν.
3123 5299 3335 5372 "Camp
3358 5299 3458 5360 ὀῦν
3489 5306 3578 5357 τὸν
3598 5299 3713 5372 Υξρν

2147 5377 2239 5455 ita
2263 5378 2326 5455 σξὸ
2353 5369 2892 5455 ἁνριςξρρικὸναρςγομα
2909 5374 3057 5455 silet
3080 5377 3177 5455 stat
3207 5369 3557 5455 ἁπόρςδοσθαξ
3587 5369 3713 5455 πρὸξ

2147 5445 2666 5519 Πατέρα,δεδζὰμεν
2689 5445 2937 5519 Υἱὸν’τοῦ
2965 5446 3288 5519 Πνεύνματοξ
3315 5445 3517 5519 λέγειν,
3538 5445 3618 5519 iva
3644 5445 3711 5507 μὴ

2148 5517 2824 5590 πατὴρ-αὑτοῡᾏὺομισοῇ,
2861 5518 3014 5590 ίοῦτω
3038 5518 3133 5590 καὶ
3153 5519 3224 5590 σςὸᾷ
3247 5517 3491 5587 Πνεῦμα,
3525 5518 3710 5590 ἀναφρ-

2150 5578 2314 5681 ptigit;
2331 5588 2505 5681 ὅνοξς
2534 5578 3013 5681 ξνίβαῗπάγτως
3043 5578 3466 5681 ἐποδιδόμξῖνόν-
3481 5578 3709 5681 «posti?

2091 5697 2111 5712 .
2145 5646 2403 5730 ᾇτγέοντα,
2428 5646 2497 5727 ’ἐξ
2544 5646 2757 5716 ὲέεινου
2806 5658 2900 5715 καὶ
2947 5646 3186 5725 avehat,
3230 5646 3293 5715 οὗ
3323 5646 3549 5730 Πνεῦμὰ
3582 5646 3707 5707 εἶναι

2143 5728 2387 5798 λέγεται.
