  <div class='ocr_page' id='page_1' title='image "/cluster/home/n/w/nwhite01/storage/ocr_20150623/102:no.2/coo.31924054870062/234.png"; bbox 0 0 3956 6416; ppageno 0'>
   <div class='ocr_carea' id='block_1_1' title="bbox 216 358 307 423">
    <p class='ocr_par' dir='ltr' id='par_1_1' title="bbox 216 358 307 423">
     <span class='ocr_line' id='line_1_1' title="bbox 216 358 307 423; baseline -0.011 0"><span class='ocrx_word' id='word_1_1' title='bbox 216 358 307 423; x_wconf 74' lang='lat' dir='ltr'><strong>Ml</strong></span> 
     </span>
    </p>
   </div>
   <div class='ocr_carea' id='block_1_2' title="bbox 910 355 2782 419">
    <p class='ocr_par' dir='ltr' id='par_1_2' title="bbox 910 355 2782 419">
     <span class='ocr_line' id='line_1_2' title="bbox 910 355 2782 419; baseline -0.001 -2"><span class='ocrx_word' id='word_1_2' title='bbox 910 356 1007 417; x_wconf 92' lang='lat' dir='ltr'><strong>DE</strong></span> <span class='ocrx_word' id='word_1_3' title='bbox 1048 357 1110 417; x_wconf 93' lang='lat' dir='ltr'><strong>S.</strong></span> <span class='ocrx_word' id='word_1_4' title='bbox 1153 358 1352 417; x_wconf 81' lang='lat' dir='ltr'><strong>SPIR.</strong></span> <span class='ocrx_word' id='word_1_5' title='bbox 1390 355 1901 419; x_wconf 82' lang='lat' dir='ltr'><strong>MYSTAGOGIA.</strong></span> <span class='ocrx_word' id='word_1_6' title='bbox 1927 382 1997 393; x_wconf 88' lang='grc'><strong><em>-</em></strong></span> <span class='ocrx_word' id='word_1_7' title='bbox 2032 356 2782 417; x_wconf 76' lang='lat' dir='ltr'><strong>ANIMADVERSIONES.</strong></span> 
     </span>
    </p>
   </div>
   <div class='ocr_carea' id='block_1_3' title="bbox 3366 357 3474 421">
    <p class='ocr_par' dir='ltr' id='par_1_3' title="bbox 3366 357 3474 421">
     <span class='ocr_line' id='line_1_3' title="bbox 3366 357 3474 421; baseline 0.009 -2"><span class='ocrx_word' id='word_1_8' title='bbox 3366 357 3474 421; x_wconf 73' lang='grc'><strong>442</strong></span> 
     </span>
    </p>
   </div>
   <div class='ocr_carea' id='block_1_4' title="bbox 216 463 3470 536">
    <p class='ocr_par' dir='ltr' id='par_1_4' title="bbox 216 463 3470 536">
     <span class='ocr_line' id='line_1_4' title="bbox 216 463 3470 536; baseline -0 -12"><span class='ocrx_word' id='word_1_9' title='bbox 216 463 734 524; x_wconf 73' lang='lat' dir='ltr'><strong>consubstantialibus</strong></span> <span class='ocrx_word' id='word_1_10' title='bbox 757 464 920 516; x_wconf 87' lang='lat' dir='ltr'><strong>etiam</strong></span> <span class='ocrx_word' id='word_1_11' title='bbox 943 464 1067 516; x_wconf 78' lang='lat' dir='ltr'><strong>solis</strong></span> <span class='ocrx_word' id='word_1_12' title='bbox 1097 473 1399 533; x_wconf 69' lang='lat' dir='ltr'><strong>quaeratur,</strong></span> <span class='ocrx_word' id='word_1_13' title='bbox 1438 464 1664 518; x_wconf 88' lang='lat' dir='ltr'><strong>minime</strong></span> <span class='ocrx_word' id='word_1_14' title='bbox 1702 463 1786 517; x_wconf 89' lang='lat' dir='ltr'><strong>in-</strong></span> <span class='ocrx_word' id='word_1_15' title='bbox 1816 469 1861 525; x_wconf 79' lang='grc' dir='ltr'>Α</span> <span class='ocrx_word' id='word_1_16' title='bbox 1890 465 2088 534; x_wconf 85' lang='lat' dir='ltr'><strong>quibus</strong></span> <span class='ocrx_word' id='word_1_17' title='bbox 2109 474 2480 519; x_wconf 89' lang='lat' dir='ltr'><strong>commentum</strong></span> <span class='ocrx_word' id='word_1_18' title='bbox 2513 465 2644 518; x_wconf 87' lang='lat' dir='ltr'><strong>illud</strong></span> <span class='ocrx_word' id='word_1_19' title='bbox 2666 465 2989 520; x_wconf 89' lang='lat' dir='ltr'><strong>destruitur.</strong></span> <span class='ocrx_word' id='word_1_20' title='bbox 3017 485 3035 517; x_wconf 69' lang='grc' dir='ltr'><strong>ι</strong></span> <span class='ocrx_word' id='word_1_21' title='bbox 3068 468 3170 533; x_wconf 85' lang='lat' dir='ltr'><strong>Qui</strong></span> <span class='ocrx_word' id='word_1_22' title='bbox 3194 480 3470 536; x_wconf 86' lang='lat' dir='ltr'><strong>asserunt,</strong></span> 
     </span>
    </p>
   </div>
   <div class='ocr_carea' id='block_1_5' title="bbox 216 554 1791 625">
    <p class='ocr_par' dir='ltr' id='par_1_5' title="bbox 216 554 1791 625">
     <span class='ocr_line' id='line_1_5' title="bbox 216 554 1791 625; baseline -0.006 -6"><span class='ocrx_word' id='word_1_23' title='bbox 216 561 511 623; x_wconf 77' lang='lat' dir='ltr'><strong>veniemus,</strong></span> <span class='ocrx_word' id='word_1_24' title='bbox 542 558 597 610; x_wconf 90' lang='lat' dir='ltr'><strong>in</strong></span> <span class='ocrx_word' id='word_1_25' title='bbox 629 555 1191 610; x_wconf 76' lang='lat' dir='ltr'><strong>consubstantialibus</strong></span> <span class='ocrx_word' id='word_1_26' title='bbox 1217 555 1475 610; x_wconf 88' lang='lat' dir='ltr'><strong>omnibus</strong></span> <span class='ocrx_word' id='word_1_27' title='bbox 1512 554 1664 625; x_wconf 85' lang='lat' dir='ltr'><strong>sequi</strong></span> <span class='ocrx_word' id='word_1_28' title='bbox 1687 555 1791 609; x_wconf 90' lang='lat' dir='ltr'><strong>hoc</strong></span> 
     </span>
    </p>
   </div>
   <div class='ocr_carea' id='block_1_6' title="bbox 217 648 1793 725">
    <p class='ocr_par' dir='ltr' id='par_1_6' title="bbox 217 648 1793 725">
     <span class='ocr_line' id='line_1_6' title="bbox 217 648 1793 725; baseline -0.006 -13"><span class='ocrx_word' id='word_1_29' title='bbox 217 657 437 725; x_wconf 87' lang='lat' dir='ltr'><strong>hujusce</strong></span> <span class='ocrx_word' id='word_1_30' title='bbox 482 666 625 714; x_wconf 88' lang='lat' dir='ltr'><strong>esse,</strong></span> <span class='ocrx_word' id='word_1_31' title='bbox 671 648 768 703; x_wconf 89' lang='lat' dir='ltr'><strong>sed</strong></span> <span class='ocrx_word' id='word_1_32' title='bbox 814 657 869 703; x_wconf 89' lang='lat' dir='ltr'><strong>et</strong></span> <span class='ocrx_word' id='word_1_33' title='bbox 900 648 956 705; x_wconf 89' lang='lat' dir='ltr'><strong>in</strong></span> <span class='ocrx_word' id='word_1_34' title='bbox 999 648 1087 702; x_wconf 93' lang='lat' dir='ltr'><strong>his</strong></span> <span class='ocrx_word' id='word_1_35' title='bbox 1135 650 1296 703; x_wconf 79' lang='lat' dir='ltr'><strong>etiam</strong></span> <span class='ocrx_word' id='word_1_36' title='bbox 1333 648 1585 717; x_wconf 84' lang='lat' dir='ltr'><strong>plurimis</strong></span> <span class='ocrx_word' id='word_1_37' title='bbox 1614 648 1793 702; x_wconf 90' lang='lat' dir='ltr'><strong>modis</strong></span> 
     </span>
    </p>
   </div>
   <div class='ocr_carea' id='block_1_7' title="bbox 218 738 1795 811">
    <p class='ocr_par' dir='ltr' id='par_1_7' title="bbox 218 738 1795 811">
     <span class='ocr_line' id='line_1_7' title="bbox 218 738 1795 811; baseline -0.006 -11"><span class='ocrx_word' id='word_1_38' title='bbox 218 748 441 805; x_wconf 79' lang='lat' dir='ltr'><strong>deﬁcere</strong></span> <span class='ocrx_word' id='word_1_39' title='bbox 467 741 823 811; x_wconf 90' lang='lat' dir='ltr'><strong>comperitur.</strong></span> <span class='ocrx_word' id='word_1_40' title='bbox 850 738 1347 797; x_wconf 82' lang='lat' dir='ltr'><strong>Consubstantialis</strong></span> <span class='ocrx_word' id='word_1_41' title='bbox 1369 740 1570 809; x_wconf 85' lang='lat' dir='ltr'><strong>quippe</strong></span> <span class='ocrx_word' id='word_1_42' title='bbox 1598 738 1795 793; x_wconf 75' lang='lat' dir='ltr'><strong>Petrus</strong></span> 
     </span>
    </p>
   </div>
   <div class='ocr_carea' id='block_1_8' title="bbox 218 832 1792 900">
    <p class='ocr_par' dir='ltr' id='par_1_8' title="bbox 218 832 1792 900">
     <span class='ocr_line' id='line_1_8' title="bbox 218 832 1792 900; baseline -0.008 -5"><span class='ocrx_word' id='word_1_43' title='bbox 218 850 295 896; x_wconf 82' lang='lat' dir='ltr'><strong>est</strong></span> <span class='ocrx_word' id='word_1_44' title='bbox 320 837 486 893; x_wconf 85' lang='lat' dir='ltr'><strong>Paulo</strong></span> <span class='ocrx_word' id='word_1_45' title='bbox 520 843 574 890; x_wconf 92' lang='lat' dir='ltr'><strong>et</strong></span> <span class='ocrx_word' id='word_1_46' title='bbox 605 835 768 889; x_wconf 90' lang='lat' dir='ltr'><strong>Petro</strong></span> <span class='ocrx_word' id='word_1_47' title='bbox 796 832 1026 899; x_wconf 82' lang='lat' dir='ltr'><strong>Paulus;</strong></span> <span class='ocrx_word' id='word_1_48' title='bbox 1057 832 1155 887; x_wconf 89' lang='lat' dir='ltr'><strong>sed</strong></span> <span class='ocrx_word' id='word_1_49' title='bbox 1183 846 1363 900; x_wconf 86' lang='lat' dir='ltr'><strong>neque</strong></span> <span class='ocrx_word' id='word_1_50' title='bbox 1391 832 1588 885; x_wconf 84' lang='lat' dir='ltr'><strong>Paulus</strong></span> <span class='ocrx_word' id='word_1_51' title='bbox 1621 832 1792 896; x_wconf 88' lang='lat' dir='ltr'><strong>Petri,</strong></span> 
     </span>
    </p>
   </div>
   <div class='ocr_carea' id='block_1_9' title="bbox 218 923 1799 999">
    <p class='ocr_par' dir='ltr' id='par_1_9' title="bbox 218 923 1799 999">
     <span class='ocr_line' id='line_1_9' title="bbox 218 923 1799 999; baseline -0.009 -11"><span class='ocrx_word' id='word_1_52' title='bbox 218 946 387 999; x_wconf 88' lang='lat' dir='ltr'><strong>neque</strong></span> <span class='ocrx_word' id='word_1_53' title='bbox 417 930 612 985; x_wconf 79' lang='lat' dir='ltr'><strong>Petrus</strong></span> <span class='ocrx_word' id='word_1_54' title='bbox 636 925 811 980; x_wconf 86' lang='lat' dir='ltr'><strong>Pauli.</strong></span> <span class='ocrx_word' id='word_1_55' title='bbox 850 925 980 979; x_wconf 88' lang='lat' dir='ltr'><strong>Ideo</strong></span> <span class='ocrx_word' id='word_1_56' title='bbox 1038 925 1213 979; x_wconf 80' lang='lat' dir='ltr'><strong>niulto</strong></span> <span class='ocrx_word' id='word_1_57' title='bbox 1261 924 1445 978; x_wconf 88' lang='lat' dir='ltr'><strong>minus</strong></span> <span class='ocrx_word' id='word_1_58' title='bbox 1487 924 1699 993; x_wconf 89' lang='lat' dir='ltr'><strong>patebit</strong></span> <span class='ocrx_word' id='word_1_59' title='bbox 1740 923 1799 974; x_wconf 77' lang='grc' dir='ltr'>τὸ</span> 
     </span>
    </p>
   </div>
   <div class='ocr_carea' id='block_1_10' title="bbox 218 1009 1798 1094">
    <p class='ocr_par' dir='ltr' id='par_1_10' title="bbox 218 1009 1798 1094">
     <span class='ocr_line' id='line_1_10' title="bbox 218 1009 1798 1094; baseline -0.008 -17"><span class='ocrx_word' id='word_1_60' title='bbox 218 1022 497 1094; x_wconf 80' lang='grc' dir='ltr'><strong>ὁμοούσιον</strong></span> <span class='ocrx_word' id='word_1_61' title='bbox 530 1034 695 1088; x_wconf 90' lang='lat' dir='ltr'><strong>quam</strong></span> <span class='ocrx_word' id='word_1_62' title='bbox 721 1017 782 1069; x_wconf 80' lang='grc' dir='ltr'><strong>τὸ</strong></span> <span class='ocrx_word' id='word_1_63' title='bbox 829 1016 947 1069; x_wconf 84' lang='grc' dir='ltr'><strong>τόδε</strong></span> <span class='ocrx_word' id='word_1_64' title='bbox 980 1014 1135 1068; x_wconf 83' lang='grc' dir='ltr'><strong>τοῦδὲ</strong></span> <span class='ocrx_word' id='word_1_65' title='bbox 1196 1031 1341 1077; x_wconf 82' lang='grc' dir='ltr'><strong>τινος</strong></span> <span class='ocrx_word' id='word_1_66' title='bbox 1384 1009 1525 1067; x_wconf 79' lang='grc' dir='ltr'>εἶναι</span> <span class='ocrx_word' id='word_1_67' title='bbox 1583 1014 1680 1067; x_wconf 79' lang='grc' dir='ltr'><strong>καὶ</strong></span> <span class='ocrx_word' id='word_1_68' title='bbox 1710 1011 1798 1064; x_wconf 81' lang='grc' dir='ltr'><strong>λέ-</strong></span> 
     </span>
    </p>
   </div>
   <div class='ocr_carea' id='block_1_11' title="bbox 216 1105 1799 1185">
    <p class='ocr_par' dir='ltr' id='par_1_11' title="bbox 216 1105 1799 1185">
     <span class='ocr_line' id='line_1_11' title="bbox 216 1105 1799 1185; baseline -0.007 -17"><span class='ocrx_word' id='word_1_69' title='bbox 216 1114 422 1185; x_wconf 79' lang='grc' dir='ltr'><strong>γεσθαι.</strong></span> <span class='ocrx_word' id='word_1_70' title='bbox 480 1112 637 1164; x_wconf 90' lang='lat' dir='ltr'><strong>Tunc</strong></span> <span class='ocrx_word' id='word_1_71' title='bbox 688 1110 837 1163; x_wconf 89' lang='lat' dir='ltr'><strong>enim</strong></span> <span class='ocrx_word' id='word_1_72' title='bbox 896 1107 1123 1164; x_wconf 89' lang='lat' dir='ltr'><strong>omnino</strong></span> <span class='ocrx_word' id='word_1_73' title='bbox 1163 1108 1348 1161; x_wconf 89' lang='lat' dir='ltr'><strong>minus</strong></span> <span class='ocrx_word' id='word_1_74' title='bbox 1398 1105 1799 1160; x_wconf 71' lang='lat' dir='ltr'><strong>diffunderetur</strong></span> 
     </span>
    </p>
   </div>
   <div class='ocr_carea' id='block_1_12' title="bbox 215 1197 1798 1271">
    <p class='ocr_par' dir='ltr' id='par_1_12' title="bbox 215 1197 1798 1271">
     <span class='ocr_line' id='line_1_12' title="bbox 215 1197 1798 1271; baseline -0.006 -12"><span class='ocrx_word' id='word_1_75' title='bbox 215 1203 703 1267; x_wconf 80' lang='lat' dir='ltr'><strong>consubstantiale,</strong></span> <span class='ocrx_word' id='word_1_76' title='bbox 736 1216 901 1271; x_wconf 86' lang='lat' dir='ltr'><strong>quam</strong></span> <span class='ocrx_word' id='word_1_77' title='bbox 934 1200 1037 1253; x_wconf 91' lang='lat' dir='ltr'><strong>hoc</strong></span> <span class='ocrx_word' id='word_1_78' title='bbox 1070 1199 1304 1270; x_wconf 87' lang='lat' dir='ltr'><strong>alicujus</strong></span> <span class='ocrx_word' id='word_1_79' title='bbox 1336 1213 1459 1254; x_wconf 89' lang='lat' dir='ltr'><strong>esse</strong></span> <span class='ocrx_word' id='word_1_80' title='bbox 1492 1208 1547 1255; x_wconf 88' lang='lat' dir='ltr'><strong>et</strong></span> <span class='ocrx_word' id='word_1_81' title='bbox 1590 1197 1720 1261; x_wconf 91' lang='lat' dir='ltr'><strong>dici,</strong></span> <span class='ocrx_word' id='word_1_82' title='bbox 1752 1197 1798 1251; x_wconf 91' lang='lat' dir='ltr'><strong>si</strong></span> 
     </span>
    </p>
   </div>
   <div class='ocr_carea' id='block_1_13' title="bbox 222 1288 1800 1366">
    <p class='ocr_par' dir='ltr' id='par_1_13' title="bbox 222 1288 1800 1366">
     <span class='ocr_line' id='line_1_13' title="bbox 222 1288 1800 1366; baseline -0.007 -14"><span class='ocrx_word' id='word_1_83' title='bbox 222 1298 320 1353; x_wconf 89' lang='lat' dir='ltr'><strong>hoc</strong></span> <span class='ocrx_word' id='word_1_84' title='bbox 344 1296 568 1366; x_wconf 82' lang='lat' dir='ltr'><strong>quidem</strong></span> <span class='ocrx_word' id='word_1_85' title='bbox 612 1294 689 1348; x_wconf 89' lang='lat' dir='ltr'><strong>illi</strong></span> <span class='ocrx_word' id='word_1_86' title='bbox 724 1309 793 1347; x_wconf 82' lang='lat' dir='ltr'><strong>ex</strong></span> <span class='ocrx_word' id='word_1_87' title='bbox 843 1291 1015 1345; x_wconf 88' lang='lat' dir='ltr'><strong>altera</strong></span> <span class='ocrx_word' id='word_1_88' title='bbox 1072 1299 1229 1360; x_wconf 90' lang='lat' dir='ltr'><strong>parte</strong></span> <span class='ocrx_word' id='word_1_89' title='bbox 1278 1306 1388 1343; x_wconf 90' lang='lat' dir='ltr'><strong>non</strong></span> <span class='ocrx_word' id='word_1_90' title='bbox 1441 1288 1800 1358; x_wconf 87' lang='lat' dir='ltr'><strong>responderet</strong></span> 
     </span>
    </p>
   </div>
   <div class='ocr_carea' id='block_1_14' title="bbox 222 1383 1826 1461">
    <p class='ocr_par' dir='ltr' id='par_1_14' title="bbox 222 1383 1826 1461">
     <span class='ocr_line' id='line_1_14' title="bbox 222 1383 1826 1461; baseline -0.007 -17"><span class='ocrx_word' id='word_1_91' title='bbox 222 1392 359 1461; x_wconf 81' lang='grc' dir='ltr'>(οὐκ</span> <span class='ocrx_word' id='word_1_92' title='bbox 387 1388 778 1458; x_wconf 81' lang='grc' dir='ltr'><strong>ἀντέστρεφε),</strong></span> <span class='ocrx_word' id='word_1_93' title='bbox 810 1383 1173 1457; x_wconf 82' lang='lat' dir='ltr'><strong>responderet</strong></span> <span class='ocrx_word' id='word_1_94' title='bbox 1202 1398 1334 1437; x_wconf 88' lang='lat' dir='ltr'><strong>vero</strong></span> <span class='ocrx_word' id='word_1_95' title='bbox 1368 1396 1432 1436; x_wconf 91' lang='lat' dir='ltr'><strong>ac</strong></span> <span class='ocrx_word' id='word_1_96' title='bbox 1476 1389 1826 1450; x_wconf 84' lang='lat' dir='ltr'><strong>congrueret&#39;</strong></span> 
     </span>
    </p>
   </div>
   <div class='ocr_carea' id='block_1_15' title="bbox 222 1474 1798 1542">
    <p class='ocr_par' dir='ltr' id='par_1_15' title="bbox 222 1474 1798 1542">
     <span class='ocr_line' id='line_1_15' title="bbox 222 1474 1798 1542; baseline -0.006 -7"><span class='ocrx_word' id='word_1_97' title='bbox 222 1482 343 1537; x_wconf 87' lang='lat' dir='ltr'><strong>huic</strong></span> <span class='ocrx_word' id='word_1_98' title='bbox 371 1478 883 1542; x_wconf 87' lang='lat' dir='ltr'><strong>consubstantiale;</strong></span> <span class='ocrx_word' id='word_1_99' title='bbox 911 1493 1038 1532; x_wconf 91' lang='lat' dir='ltr'><strong>cum</strong></span> <span class='ocrx_word' id='word_1_100' title='bbox 1072 1492 1204 1531; x_wconf 89' lang='lat' dir='ltr'><strong>vero</strong></span> <span class='ocrx_word' id='word_1_101' title='bbox 1265 1476 1449 1530; x_wconf 90' lang='lat' dir='ltr'><strong>minus</strong></span> <span class='ocrx_word' id='word_1_102' title='bbox 1474 1474 1545 1529; x_wconf 88' lang='lat' dir='ltr'><strong>sit</strong></span> <span class='ocrx_word' id='word_1_103' title='bbox 1592 1483 1647 1528; x_wconf 88' lang='lat' dir='ltr'><strong>et</strong></span> <span class='ocrx_word' id='word_1_104' title='bbox 1690 1487 1798 1526; x_wconf 91' lang='lat' dir='ltr'><strong>non</strong></span> 
     </span>
    </p>
   </div>
   <div class='ocr_carea' id='block_1_16' title="bbox 222 1564 1804 1641">
    <p class='ocr_par' dir='ltr' id='par_1_16' title="bbox 222 1564 1804 1641">
     <span class='ocr_line' id='line_1_16' title="bbox 222 1564 1804 1641; baseline -0.008 -13"><span class='ocrx_word' id='word_1_105' title='bbox 222 1588 399 1639; x_wconf 82' lang='lat' dir='ltr'><strong>omne,</strong></span> <span class='ocrx_word' id='word_1_106' title='bbox 426 1572 577 1641; x_wconf 92' lang='lat' dir='ltr'><strong>quod</strong></span> <span class='ocrx_word' id='word_1_107' title='bbox 604 1578 691 1625; x_wconf 91' lang='lat' dir='ltr'><strong>est</strong></span> <span class='ocrx_word' id='word_1_108' title='bbox 729 1570 898 1624; x_wconf 89' lang='lat' dir='ltr'><strong>alicui</strong></span> <span class='ocrx_word' id='word_1_109' title='bbox 939 1567 1430 1633; x_wconf 89' lang='lat' dir='ltr'><strong>consubstantiale,</strong></span> <span class='ocrx_word' id='word_1_110' title='bbox 1458 1566 1623 1634; x_wconf 81' lang='lat' dir='ltr'><strong>huius</strong></span> <span class='ocrx_word' id='word_1_111' title='bbox 1652 1564 1804 1618; x_wconf 91' lang='lat' dir='ltr'><strong>dica-</strong></span> 
     </span>
    </p>
   </div>
   <div class='ocr_carea' id='block_1_17' title="bbox 224 1656 1803 1735">
    <p class='ocr_par' dir='ltr' id='par_1_17' title="bbox 224 1656 1803 1735">
     <span class='ocr_line' id='line_1_17' title="bbox 224 1656 1803 1735; baseline -0.007 -14"><span class='ocrx_word' id='word_1_112' title='bbox 224 1676 325 1731; x_wconf 86' lang='lat' dir='ltr'><strong>tur,</strong></span> <span class='ocrx_word' id='word_1_113' title='bbox 358 1664 615 1735; x_wconf 88' lang='lat' dir='ltr'><strong>ampliori</strong></span> <span class='ocrx_word' id='word_1_114' title='bbox 640 1677 901 1717; x_wconf 83' lang='lat' dir='ltr'><strong>mensura</strong></span> <span class='ocrx_word' id='word_1_115' title='bbox 928 1659 1384 1715; x_wconf 85' lang='lat' dir='ltr'><strong>eonsubstantiali</strong></span> <span class='ocrx_word' id='word_1_116' title='bbox 1406 1657 1589 1723; x_wconf 89' lang='lat' dir='ltr'><strong>inerit,</strong></span> <span class='ocrx_word' id='word_1_117' title='bbox 1619 1656 1803 1713; x_wconf 82' lang='lat' dir='ltr'><strong>minus</strong></span> 
     </span>
    </p>
   </div>
   <div class='ocr_carea' id='block_1_18' title="bbox 221 1748 1804 1826">
    <p class='ocr_par' dir='ltr' id='par_1_18' title="bbox 221 1748 1804 1826">
     <span class='ocr_line' id='line_1_18' title="bbox 221 1748 1804 1826; baseline -0.006 -15"><span class='ocrx_word' id='word_1_118' title='bbox 221 1773 357 1822; x_wconf 83' lang='lat' dir='ltr'><strong>esse,</strong></span> <span class='ocrx_word' id='word_1_119' title='bbox 394 1772 563 1826; x_wconf 90' lang='lat' dir='ltr'><strong>quam</strong></span> <span class='ocrx_word' id='word_1_120' title='bbox 598 1755 695 1820; x_wconf 88' lang='lat' dir='ltr'><strong>illi,</strong></span> <span class='ocrx_word' id='word_1_121' title='bbox 728 1753 876 1824; x_wconf 90' lang='lat' dir='ltr'><strong>quod</strong></span> <span class='ocrx_word' id='word_1_122' title='bbox 908 1752 1138 1823; x_wconf 81' lang='lat' dir='ltr'><strong>hujusce</strong></span> <span class='ocrx_word' id='word_1_123' title='bbox 1164 1760 1265 1806; x_wconf 91' lang='lat' dir='ltr'><strong>est.</strong></span> <span class='ocrx_word' id='word_1_124' title='bbox 1298 1770 1316 1804; x_wconf 74' lang='grc' dir='ltr'><strong>ι</strong></span> <span class='ocrx_word' id='word_1_125' title='bbox 1355 1749 1615 1805; x_wconf 81' lang='lat' dir='ltr'><strong>Similiter</strong></span> <span class='ocrx_word' id='word_1_126' title='bbox 1647 1748 1804 1819; x_wconf 80' lang='lat' dir='ltr'><strong>llugo</strong></span> 
     </span>
    </p>
   </div>
   <div class='ocr_carea' id='block_1_19' title="bbox 223 1841 1805 1919">
    <p class='ocr_par' dir='ltr' id='par_1_19' title="bbox 223 1841 1805 1919">
     <span class='ocr_line' id='line_1_19' title="bbox 223 1841 1805 1919; baseline -0.005 -16"><span class='ocrx_word' id='word_1_127' title='bbox 223 1850 555 1904; x_wconf 84' lang='lat' dir='ltr'><strong>Etherianus</strong></span> <span class='ocrx_word' id='word_1_128' title='bbox 613 1848 671 1919; x_wconf 85' lang='grc' dir='ltr'>(ι.</span> <span class='ocrx_word' id='word_1_129' title='bbox 712 1863 774 1914; x_wconf 78' lang='grc' dir='ltr'><strong>ιι,</strong></span> <span class='ocrx_word' id='word_1_130' title='bbox 820 1862 871 1901; x_wconf 93' lang='lat' dir='ltr'><strong>c.</strong></span> <span class='ocrx_word' id='word_1_131' title='bbox 920 1846 1011 1909; x_wconf 69' lang='lat'><strong>20,</strong></span> <span class='ocrx_word' id='word_1_132' title='bbox 1048 1861 1105 1915; x_wconf 89' lang='lat' dir='ltr'><strong>p.</strong></span> <span class='ocrx_word' id='word_1_133' title='bbox 1164 1844 1371 1912; x_wconf 70' lang='lat'><strong>1225):</strong></span> <span class='ocrx_word' id='word_1_134' title='bbox 1416 1841 1553 1897; x_wconf 88' lang='lat' dir='ltr'><strong>Cum</strong></span> <span class='ocrx_word' id='word_1_135' title='bbox 1612 1855 1805 1896; x_wconf 90' lang='lat' dir='ltr'><strong>omnes</strong></span> 
     </span>
    </p>
   </div>
   <div class='ocr_carea' id='block_1_20' title="bbox 223 1935 1807 2001">
    <p class='ocr_par' dir='ltr' id='par_1_20' title="bbox 223 1935 1807 2001">
     <span class='ocr_line' id='line_1_20' title="bbox 223 1935 1807 2001; baseline -0.008 -4"><span class='ocrx_word' id='word_1_136' title='bbox 223 1942 465 1997; x_wconf 87' lang='lat' dir='ltr'><strong>homines</strong></span> <span class='ocrx_word' id='word_1_137' title='bbox 527 1941 671 1994; x_wconf 89' lang='lat' dir='ltr'><strong>inter</strong></span> <span class='ocrx_word' id='word_1_138' title='bbox 727 1955 786 1994; x_wconf 89' lang='lat' dir='ltr'><strong>se</strong></span> <span class='ocrx_word' id='word_1_139' title='bbox 831 1939 943 1993; x_wconf 92' lang='lat' dir='ltr'><strong>sint</strong></span> <span class='ocrx_word' id='word_1_140' title='bbox 1004 1935 1545 2001; x_wconf 85' lang='lat' dir='ltr'><strong>consubstantiales,</strong></span> <span class='ocrx_word' id='word_1_141' title='bbox 1620 1944 1807 1987; x_wconf 90' lang='lat' dir='ltr'><strong>tamen</strong></span> 
     </span>
    </p>
   </div>
   <div class='ocr_carea' id='block_1_21' title="bbox 231 2025 1805 2107">
    <p class='ocr_par' dir='ltr' id='par_1_21' title="bbox 231 2025 1805 2107">
     <span class='ocr_line' id='line_1_21' title="bbox 231 2025 1805 2107; baseline -0.005 -20"><span class='ocrx_word' id='word_1_142' title='bbox 231 2056 247 2087; x_wconf 78' lang='grc' dir='ltr'><strong>ι</strong></span> <span class='ocrx_word' id='word_1_143' title='bbox 290 2036 475 2090; x_wconf 89' lang='lat' dir='ltr'><strong>nullus</strong></span> <span class='ocrx_word' id='word_1_144' title='bbox 502 2035 669 2091; x_wconf 91' lang='lat' dir='ltr'><strong>homo</strong></span> <span class='ocrx_word' id='word_1_145' title='bbox 701 2030 851 2107; x_wconf 80' lang='lat' dir='ltr'><strong>[l85]</strong></span> <span class='ocrx_word' id='word_1_146' title='bbox 888 2032 940 2088; x_wconf 90' lang='lat' dir='ltr'><strong>in</strong></span> <span class='ocrx_word' id='word_1_147' title='bbox 993 2046 1061 2086; x_wconf 91' lang='lat' dir='ltr'><strong>eo</strong></span> <span class='ocrx_word' id='word_1_148' title='bbox 1095 2030 1241 2100; x_wconf 91' lang='lat' dir='ltr'><strong>quod</strong></span> <span class='ocrx_word' id='word_1_149' title='bbox 1273 2030 1437 2083; x_wconf 91' lang='lat' dir='ltr'><strong>homo</strong></span> <span class='ocrx_word' id='word_1_150' title='bbox 1488 2025 1596 2095; x_wconf 87' lang='lat' dir='ltr'><strong>(vel</strong></span> <span class='ocrx_word' id='word_1_151' title='bbox 1647 2026 1805 2079; x_wconf 87' lang='lat' dir='ltr'><strong>alteri</strong></span> 
     </span>
    </p>
   </div>
   <div class='ocr_carea' id='block_1_22' title="bbox 223 2114 1806 2190">
    <p class='ocr_par' dir='ltr' id='par_1_22' title="bbox 223 2114 1806 2190">
     <span class='ocr_line' id='line_1_22' title="bbox 223 2114 1806 2190; baseline -0.006 -13"><span class='ocrx_word' id='word_1_152' title='bbox 223 2123 728 2190; x_wconf 68' lang='lat' dir='ltr'><strong>ronsubstantialis‘)</strong></span> <span class='ocrx_word' id='word_1_153' title='bbox 760 2122 992 2175; x_wconf 83' lang='lat' dir='ltr'><strong>alterius</strong></span> <span class='ocrx_word' id='word_1_154' title='bbox 1025 2118 1146 2175; x_wconf 82' lang='lat' dir='ltr'><strong>esse</strong></span> <span class='ocrx_word' id='word_1_155' title='bbox 1174 2119 1393 2175; x_wconf 91' lang='lat' dir='ltr'><strong>dicitur.</strong></span> <span class='ocrx_word' id='word_1_156' title='bbox 1438 2136 1456 2169; x_wconf 83' lang='grc'><strong>›</strong></span> <span class='ocrx_word' id='word_1_157' title='bbox 1503 2116 1685 2187; x_wconf 90' lang='lat' dir='ltr'><strong>Pergit</strong></span> <span class='ocrx_word' id='word_1_158' title='bbox 1715 2114 1806 2185; x_wconf 85' lang='lat' dir='ltr'><strong>Ill)</strong></span> 
     </span>
    </p>
   </div>
   <div class='ocr_carea' id='block_1_23' title="bbox 227 2208 1809 2287">
    <p class='ocr_par' dir='ltr' id='par_1_23' title="bbox 227 2208 1809 2287">
     <span class='ocr_line' id='line_1_23' title="bbox 227 2208 1809 2287; baseline -0.007 -15"><span class='ocrx_word' id='word_1_159' title='bbox 227 2217 592 2287; x_wconf 74' lang='lat' dir='ltr'><strong>Pachymeres</strong></span> <span class='ocrx_word' id='word_1_160' title='bbox 621 2215 701 2284; x_wconf 92' lang='lat' dir='ltr'><strong>(p.</strong></span> <span class='ocrx_word' id='word_1_161' title='bbox 725 2213 851 2285; x_wconf 68' lang='lat'><strong>594)</strong></span> <span class='ocrx_word' id='word_1_162' title='bbox 882 2232 894 2267; x_wconf 90' lang='lat'><strong>:</strong></span> <span class='ocrx_word' id='word_1_163' title='bbox 928 2232 946 2264; x_wconf 83' lang='grc'><strong>‹</strong></span> <span class='ocrx_word' id='word_1_164' title='bbox 985 2210 1098 2266; x_wconf 88' lang='lat' dir='ltr'><strong>Hoc</strong></span> <span class='ocrx_word' id='word_1_165' title='bbox 1126 2225 1388 2267; x_wconf 88' lang='lat' dir='ltr'><strong>concesso</strong></span> <span class='ocrx_word' id='word_1_166' title='bbox 1422 2208 1809 2276; x_wconf 88' lang='lat' dir='ltr'><strong>inquirendum</strong></span> 
     </span>
    </p>
   </div>
   <div class='ocr_carea' id='block_1_24' title="bbox 224 2300 1811 2379">
    <p class='ocr_par' dir='ltr' id='par_1_24' title="bbox 224 2300 1811 2379">
     <span class='ocr_line' id='line_1_24' title="bbox 224 2300 1811 2379; baseline -0.006 -15"><span class='ocrx_word' id='word_1_167' title='bbox 224 2322 320 2373; x_wconf 80' lang='lat' dir='ltr'><strong>est,</strong></span> <span class='ocrx_word' id='word_1_168' title='bbox 352 2319 541 2365; x_wconf 87' lang='lat' dir='ltr'><strong>utrum</strong></span> <span class='ocrx_word' id='word_1_169' title='bbox 600 2308 778 2379; x_wconf 76' lang='lat' dir='ltr'><strong>magis</strong></span> <span class='ocrx_word' id='word_1_170' title='bbox 820 2322 878 2361; x_wconf 93' lang='lat' dir='ltr'><strong>se</strong></span> <span class='ocrx_word' id='word_1_171' title='bbox 943 2305 1208 2361; x_wconf 84' lang='lat' dir='ltr'><strong>extendat</strong></span> <span class='ocrx_word' id='word_1_172' title='bbox 1250 2319 1416 2359; x_wconf 91' lang='lat' dir='ltr'><strong>causa</strong></span> <span class='ocrx_word' id='word_1_173' title='bbox 1462 2300 1680 2373; x_wconf 80' lang='grc' dir='ltr'><strong>(αἴτιον)</strong></span> <span class='ocrx_word' id='word_1_174' title='bbox 1740 2316 1811 2355; x_wconf 91' lang='lat' dir='ltr'><strong>an</strong></span> 
     </span>
    </p>
   </div>
   <div class='ocr_carea' id='block_1_25' title="bbox 225 2394 1812 2472">
    <p class='ocr_par' dir='ltr' id='par_1_25' title="bbox 225 2394 1812 2472">
     <span class='ocr_line' id='line_1_25' title="bbox 225 2394 1812 2472; baseline -0.006 -15"><span class='ocrx_word' id='word_1_175' title='bbox 225 2403 446 2459; x_wconf 82' lang='lat' dir='ltr'><strong>ell&#39;ectus</strong></span> <span class='ocrx_word' id='word_1_176' title='bbox 477 2402 797 2472; x_wconf 78' lang='grc' dir='ltr'><strong>(αἰτιατόν).</strong></span> <span class='ocrx_word' id='word_1_177' title='bbox 826 2400 958 2455; x_wconf 88' lang='lat' dir='ltr'><strong>Sine</strong></span> <span class='ocrx_word' id='word_1_178' title='bbox 987 2399 1155 2454; x_wconf 92' lang='lat' dir='ltr'><strong>dubio</strong></span> <span class='ocrx_word' id='word_1_179' title='bbox 1183 2412 1370 2454; x_wconf 89' lang='lat' dir='ltr'><strong>causa.</strong></span> <span class='ocrx_word' id='word_1_180' title='bbox 1413 2397 1595 2463; x_wconf 81' lang='lat' dir='ltr'><strong>Quare</strong></span> <span class='ocrx_word' id='word_1_181' title='bbox 1616 2396 1660 2450; x_wconf 90' lang='lat' dir='ltr'><strong>si</strong></span> <span class='ocrx_word' id='word_1_182' title='bbox 1689 2394 1812 2464; x_wconf 89' lang='lat' dir='ltr'><strong>quis</strong></span> 
     </span>
    </p>
   </div>
   <div class='ocr_carea' id='block_1_26' title="bbox 226 2487 1814 2565">
    <p class='ocr_par' dir='ltr' id='par_1_26' title="bbox 226 2487 1814 2565">
     <span class='ocr_line' id='line_1_26' title="bbox 226 2487 1814 2565; baseline -0.007 -16"><span class='ocrx_word' id='word_1_183' title='bbox 226 2503 448 2565; x_wconf 66' lang='lat' dir='ltr'><strong>quazrat,</strong></span> <span class='ocrx_word' id='word_1_184' title='bbox 487 2511 589 2549; x_wconf 90' lang='lat' dir='ltr'><strong>cur</strong></span> <span class='ocrx_word' id='word_1_185' title='bbox 618 2494 795 2547; x_wconf 80' lang='lat' dir='ltr'><strong>lumen</strong></span> <span class='ocrx_word' id='word_1_186' title='bbox 830 2494 972 2546; x_wconf 87' lang='lat' dir='ltr'><strong>radii</strong></span> <span class='ocrx_word' id='word_1_187' title='bbox 1001 2491 1203 2546; x_wconf 90' lang='lat' dir='ltr'><strong>dicitur</strong></span> <span class='ocrx_word' id='word_1_188' title='bbox 1230 2489 1369 2562; x_wconf 82' lang='grc' dir='ltr'>(φῶς</span> <span class='ocrx_word' id='word_1_189' title='bbox 1408 2490 1627 2551; x_wconf 80' lang='grc' dir='ltr'><strong>ἀκτῖνος</strong></span> <span class='ocrx_word' id='word_1_190' title='bbox 1653 2487 1814 2554; x_wconf 83' lang='grc' dir='ltr'><strong>λέγε-</strong></span> 
     </span>
    </p>
   </div>
   <div class='ocr_carea' id='block_1_27' title="bbox 226 2580 1815 2654">
    <p class='ocr_par' dir='ltr' id='par_1_27' title="bbox 226 2580 1815 2654">
     <span class='ocr_line' id='line_1_27' title="bbox 226 2580 1815 2654; baseline -0.004 -15"><span class='ocrx_word' id='word_1_191' title='bbox 226 2587 354 2654; x_wconf 78' lang='grc' dir='ltr'>ται),</span> <span class='ocrx_word' id='word_1_192' title='bbox 403 2588 638 2641; x_wconf 88' lang='lat' dir='ltr'><strong>stultum</strong></span> <span class='ocrx_word' id='word_1_193' title='bbox 684 2585 829 2640; x_wconf 83' lang='lat' dir='ltr'><strong>foret</strong></span> <span class='ocrx_word' id='word_1_194' title='bbox 875 2586 1209 2654; x_wconf 82' lang='lat' dir='ltr'><strong>respondere</strong></span> <span class='ocrx_word' id='word_1_195' title='bbox 1243 2600 1256 2635; x_wconf 88' lang='lat'><strong>:</strong></span> <span class='ocrx_word' id='word_1_196' title='bbox 1292 2581 1421 2652; x_wconf 86' lang='lat' dir='ltr'><strong>quia</strong></span> <span class='ocrx_word' id='word_1_197' title='bbox 1452 2580 1815 2635; x_wconf 89' lang='lat' dir='ltr'><strong>consubstan-</strong></span> 
     </span>
    </p>
   </div>
   <div class='ocr_carea' id='block_1_28' title="bbox 231 2670 1816 2745">
    <p class='ocr_par' dir='ltr' id='par_1_28' title="bbox 231 2670 1816 2745">
     <span class='ocr_line' id='line_1_28' title="bbox 231 2670 1816 2745; baseline -0.002 -16"><span class='ocrx_word' id='word_1_198' title='bbox 231 2678 347 2731; x_wconf 85' lang='lat' dir='ltr'><strong>tiale</strong></span> <span class='ocrx_word' id='word_1_199' title='bbox 395 2686 521 2742; x_wconf 92' lang='lat' dir='ltr'><strong>est;</strong></span> <span class='ocrx_word' id='word_1_200' title='bbox 586 2676 682 2730; x_wconf 89' lang='lat' dir='ltr'><strong>sed</strong></span> <span class='ocrx_word' id='word_1_201' title='bbox 740 2677 783 2730; x_wconf 89' lang='lat' dir='ltr'><strong>si</strong></span> <span class='ocrx_word' id='word_1_202' title='bbox 844 2676 968 2745; x_wconf 87' lang='lat' dir='ltr'><strong>quis</strong></span> <span class='ocrx_word' id='word_1_203' title='bbox 1016 2674 1333 2742; x_wconf 83' lang='lat' dir='ltr'><strong>quaesierit:</strong></span> <span class='ocrx_word' id='word_1_204' title='bbox 1387 2670 1672 2739; x_wconf 90' lang='lat' dir='ltr'><strong>Quomodo</strong></span> <span class='ocrx_word' id='word_1_205' title='bbox 1698 2671 1816 2726; x_wconf 76' lang='lat' dir='ltr'><strong>hzec</strong></span> 
     </span>
    </p>
   </div>
   <div class='ocr_carea' id='block_1_29' title="bbox 231 2764 1812 2836">
    <p class='ocr_par' dir='ltr' id='par_1_29' title="bbox 231 2764 1812 2836">
     <span class='ocr_line' id='line_1_29' title="bbox 231 2764 1812 2836; baseline -0.003 -13"><span class='ocrx_word' id='word_1_206' title='bbox 231 2769 718 2825; x_wconf 87' lang='lat' dir='ltr'><strong>consubstantialia</strong></span> <span class='ocrx_word' id='word_1_207' title='bbox 752 2779 902 2830; x_wconf 90' lang='lat' dir='ltr'><strong>sunt,</strong></span> <span class='ocrx_word' id='word_1_208' title='bbox 930 2778 1059 2822; x_wconf 91' lang='lat' dir='ltr'><strong>tunc</strong></span> <span class='ocrx_word' id='word_1_209' title='bbox 1094 2768 1273 2822; x_wconf 85' lang='lat' dir='ltr'><strong>locum</strong></span> <span class='ocrx_word' id='word_1_210' title='bbox 1312 2767 1477 2821; x_wconf 86' lang='lat' dir='ltr'><strong>habet</strong></span> <span class='ocrx_word' id='word_1_211' title='bbox 1506 2764 1812 2836; x_wconf 85' lang='lat' dir='ltr'><strong>responsio,</strong></span> 
     </span>
    </p>
   </div>
   <div class='ocr_carea' id='block_1_30' title="bbox 230 2858 1818 2933">
    <p class='ocr_par' dir='ltr' id='par_1_30' title="bbox 230 2858 1818 2933">
     <span class='ocr_line' id='line_1_30' title="bbox 230 2858 1818 2933; baseline -0.002 -17"><span class='ocrx_word' id='word_1_212' title='bbox 230 2863 347 2933; x_wconf 88' lang='lat' dir='ltr'><strong>quia</strong></span> <span class='ocrx_word' id='word_1_213' title='bbox 380 2864 485 2916; x_wconf 88' lang='lat' dir='ltr'><strong>hoc</strong></span> <span class='ocrx_word' id='word_1_214' title='bbox 525 2862 757 2932; x_wconf 85' lang='lat' dir='ltr'><strong>hujusce</strong></span> <span class='ocrx_word' id='word_1_215' title='bbox 781 2862 1000 2925; x_wconf 87' lang='lat' dir='ltr'><strong>dicitur,</strong></span> <span class='ocrx_word' id='word_1_216' title='bbox 1027 2860 1156 2915; x_wconf 88' lang='lat' dir='ltr'><strong>licet</strong></span> <span class='ocrx_word' id='word_1_217' title='bbox 1190 2860 1245 2915; x_wconf 87' lang='lat' dir='ltr'><strong>in</strong></span> <span class='ocrx_word' id='word_1_218' title='bbox 1276 2859 1529 2929; x_wconf 84' lang='lat' dir='ltr'><strong>pluribus</strong></span> <span class='ocrx_word' id='word_1_219' title='bbox 1580 2858 1818 2913; x_wconf 87' lang='lat' dir='ltr'><strong>consub-</strong></span> 
     </span>
    </p>
   </div>
   <div class='ocr_carea' id='block_1_31' title="bbox 233 2948 1818 3018">
    <p class='ocr_par' dir='ltr' id='par_1_31' title="bbox 233 2948 1818 3018">
     <span class='ocr_line' id='line_1_31' title="bbox 233 2948 1818 3018; baseline -0.003 -12"><span class='ocrx_word' id='word_1_220' title='bbox 233 2952 579 3007; x_wconf 86' lang='lat' dir='ltr'><strong>stantialibus</strong></span> <span class='ocrx_word' id='word_1_221' title='bbox 612 2952 663 3006; x_wconf 92' lang='lat' dir='ltr'><strong>id</strong></span> <span class='ocrx_word' id='word_1_222' title='bbox 717 2967 881 3006; x_wconf 90' lang='lat' dir='ltr'><strong>causa</strong></span> <span class='ocrx_word' id='word_1_223' title='bbox 937 2966 1047 3009; x_wconf 84' lang='lat' dir='ltr'><strong>non</strong></span> <span class='ocrx_word' id='word_1_224' title='bbox 1100 2950 1190 3004; x_wconf 88' lang='lat' dir='ltr'><strong>sit.</strong></span> <span class='ocrx_word' id='word_1_225' title='bbox 1244 2948 1334 3004; x_wconf 89' lang='lat' dir='ltr'><strong>Sic</strong></span> <span class='ocrx_word' id='word_1_226' title='bbox 1370 2958 1424 3005; x_wconf 91' lang='lat' dir='ltr'><strong>et</strong></span> <span class='ocrx_word' id='word_1_227' title='bbox 1454 2950 1508 3003; x_wconf 92' lang='lat' dir='ltr'><strong>in</strong></span> <span class='ocrx_word' id='word_1_228' title='bbox 1540 2948 1818 3018; x_wconf 87' lang='lat' dir='ltr'><strong>proposita</strong></span> 
     </span>
    </p>
   </div>
   <div class='ocr_carea' id='block_1_32' title="bbox 231 3020 1819 3113">
    <p class='ocr_par' dir='ltr' id='par_1_32' title="bbox 231 3020 1819 3113">
     <span class='ocr_line' id='line_1_32' title="bbox 231 3020 1819 3113; baseline 0 -19"><span class='ocrx_word' id='word_1_229' title='bbox 231 3020 532 3112; x_wconf 57' lang='lat' dir='ltr'><strong>qiizizstione</strong></span> <span class='ocrx_word' id='word_1_230' title='bbox 567 3042 841 3113; x_wconf 82' lang='lat' dir='ltr'><strong>quispiam</strong></span> <span class='ocrx_word' id='word_1_231' title='bbox 884 3041 1107 3095; x_wconf 82' lang='lat' dir='ltr'><strong>audebit</strong></span> <span class='ocrx_word' id='word_1_232' title='bbox 1141 3039 1354 3095; x_wconf 74' lang='lat' dir='ltr'><strong>eﬂ‘erre.</strong></span> <span class='ocrx_word' id='word_1_233' title='bbox 1408 3037 1464 3093; x_wconf 90' lang='lat' dir='ltr'><strong>Si</strong></span> <span class='ocrx_word' id='word_1_234' title='bbox 1496 3038 1668 3109; x_wconf 88' lang='lat' dir='ltr'><strong>magis</strong></span> <span class='ocrx_word' id='word_1_235' title='bbox 1710 3038 1819 3094; x_wconf 86' lang='lat' dir='ltr'><strong>late</strong></span> 
     </span>
    </p>
   </div>
   <div class='ocr_carea' id='block_1_33' title="bbox 1833 1808 1881 1867">
    <p class='ocr_par' dir='ltr' id='par_1_33' title="bbox 1833 1808 1881 1867">
     <span class='ocr_line' id='line_1_33' title="bbox 1833 1808 1881 1867; baseline 0 0"><span class='ocrx_word' id='word_1_236' title='bbox 1833 1808 1881 1867; x_wconf 89' lang='lat' dir='ltr'><strong>B</strong></span> 
     </span>
    </p>
   </div>
   <div class='ocr_carea' id='block_1_34' title="bbox 1893 555 3475 629">
    <p class='ocr_par' dir='ltr' id='par_1_34' title="bbox 1893 555 3475 629">
     <span class='ocr_line' id='line_1_34' title="bbox 1893 555 3475 629; baseline 0.004 -18"><span class='ocrx_word' id='word_1_237' title='bbox 1893 558 1970 611; x_wconf 89' lang='lat' dir='ltr'><strong>ait</strong></span> <span class='ocrx_word' id='word_1_238' title='bbox 2023 555 2288 623; x_wconf 81' lang='lat' dir='ltr'><strong>Georgius</strong></span> <span class='ocrx_word' id='word_1_239' title='bbox 2327 555 2727 624; x_wconf 87' lang='lat' dir='ltr'><strong>Trapezuntius</strong></span> <span class='ocrx_word' id='word_1_240' title='bbox 2774 556 2863 627; x_wconf 82' lang='lat' dir='ltr'><strong>(G.</strong></span> <span class='ocrx_word' id='word_1_241' title='bbox 2917 558 2982 612; x_wconf 89' lang='lat'><em>0.</em></span> <span class='ocrx_word' id='word_1_242' title='bbox 3030 557 3070 623; x_wconf 92' lang='grc'>1,</span> <span class='ocrx_word' id='word_1_243' title='bbox 3132 560 3255 627; x_wconf 66' lang='grc'><strong>541,</strong></span> <span class='ocrx_word' id='word_1_244' title='bbox 3312 578 3359 615; x_wconf 91' lang='lat' dir='ltr'><strong>c.</strong></span> <span class='ocrx_word' id='word_1_245' title='bbox 3395 564 3475 629; x_wconf 77' lang='grc'>4),</span> 
     </span>
    </p>
   </div>
   <div class='ocr_carea' id='block_1_35' title="bbox 1896 646 3475 717">
    <p class='ocr_par' dir='ltr' id='par_1_35' title="bbox 1896 646 3475 717">
     <span class='ocr_line' id='line_1_35' title="bbox 1896 646 3475 717; baseline 0.004 -15"><span class='ocrx_word' id='word_1_246' title='bbox 1896 648 2015 703; x_wconf 80' lang='lat' dir='ltr'><strong>Filii</strong></span> <span class='ocrx_word' id='word_1_247' title='bbox 2072 646 2335 717; x_wconf 88' lang='lat' dir='ltr'><strong>Spiritum</strong></span> <span class='ocrx_word' id='word_1_248' title='bbox 2388 647 2494 703; x_wconf 83' lang='lat' dir='ltr'><strong>dici</strong></span> <span class='ocrx_word' id='word_1_249' title='bbox 2546 646 2689 701; x_wconf 82' lang='grc' dir='ltr'><strong>κατὰ</strong></span> <span class='ocrx_word' id='word_1_250' title='bbox 2746 647 3157 717; x_wconf 42' lang='grc' dir='ltr'><strong>τδεόμοοὺσιον,</strong></span> <span class='ocrx_word' id='word_1_251' title='bbox 3220 653 3475 708; x_wconf 88' lang='lat' dir='ltr'><strong>delirant.</strong></span> 
     </span>
    </p>
   </div>
   <div class='ocr_carea' id='block_1_36' title="bbox 1895 740 3479 815">
    <p class='ocr_par' dir='ltr' id='par_1_36' title="bbox 1895 740 3479 815">
     <span class='ocr_line' id='line_1_36' title="bbox 1895 740 3479 815; baseline 0.002 -19"><span class='ocrx_word' id='word_1_252' title='bbox 1895 743 2005 796; x_wconf 87' lang='lat' dir='ltr'><strong>Cur</strong></span> <span class='ocrx_word' id='word_1_253' title='bbox 2046 741 2194 797; x_wconf 91' lang='lat' dir='ltr'><strong>enim</strong></span> <span class='ocrx_word' id='word_1_254' title='bbox 2243 756 2355 794; x_wconf 85' lang='lat' dir='ltr'><strong>non</strong></span> <span class='ocrx_word' id='word_1_255' title='bbox 2410 740 2644 794; x_wconf 85' lang='lat' dir='ltr'><strong>dicimus</strong></span> <span class='ocrx_word' id='word_1_256' title='bbox 2682 740 2773 792; x_wconf 77' lang='grc' dir='ltr'><strong>τὸν</strong></span> <span class='ocrx_word' id='word_1_257' title='bbox 2824 742 3048 812; x_wconf 75' lang='grc' dir='ltr'><strong>Πατέρα.</strong></span> <span class='ocrx_word' id='word_1_258' title='bbox 3082 745 3177 797; x_wconf 80' lang='grc' dir='ltr'><strong>τοῦ</strong></span> <span class='ocrx_word' id='word_1_259' title='bbox 3216 745 3479 815; x_wconf 70' lang='grc' dir='ltr'><strong>Πνεῦμα-</strong></span> 
     </span>
    </p>
   </div>
   <div class='ocr_carea' id='block_1_37' title="bbox 1896 834 3481 903">
    <p class='ocr_par' dir='ltr' id='par_1_37' title="bbox 1896 834 3481 903">
     <span class='ocr_line' id='line_1_37' title="bbox 1896 834 3481 903; baseline 0.003 -14"><span class='ocrx_word' id='word_1_260' title='bbox 1896 851 1986 898; x_wconf 83' lang='grc' dir='ltr'><strong>τος</strong></span> <span class='ocrx_word' id='word_1_261' title='bbox 2015 877 2030 900; x_wconf 90' lang='grc'><strong>,</strong></span> <span class='ocrx_word' id='word_1_262' title='bbox 2081 849 2207 888; x_wconf 91' lang='lat' dir='ltr'><strong>eum</strong></span> <span class='ocrx_word' id='word_1_263' title='bbox 2240 834 2487 903; x_wconf 76' lang='lat' dir='ltr'><strong>ejusdem</strong></span> <span class='ocrx_word' id='word_1_264' title='bbox 2518 849 2581 889; x_wconf 89' lang='lat' dir='ltr'><strong>ac</strong></span> <span class='ocrx_word' id='word_1_265' title='bbox 2613 834 2851 902; x_wconf 88' lang='lat' dir='ltr'><strong>Spiritus</strong></span> <span class='ocrx_word' id='word_1_266' title='bbox 2886 846 3095 892; x_wconf 77' lang='lat' dir='ltr'><strong>naturae</strong></span> <span class='ocrx_word' id='word_1_267' title='bbox 3121 839 3228 893; x_wconf 87' lang='lat' dir='ltr'><strong>sit?</strong></span> <span class='ocrx_word' id='word_1_268' title='bbox 3265 839 3345 893; x_wconf 88' lang='lat' dir='ltr'><strong>An</strong></span> <span class='ocrx_word' id='word_1_269' title='bbox 3372 856 3481 893; x_wconf 93' lang='lat' dir='ltr'><strong>non</strong></span> 
     </span>
    </p>
   </div>
   <div class='ocr_carea' id='block_1_38' title="bbox 1898 926 3485 1001">
    <p class='ocr_par' dir='ltr' id='par_1_38' title="bbox 1898 926 3485 1001">
     <span class='ocr_line' id='line_1_38' title="bbox 1898 926 3485 1001; baseline 0.004 -23"><span class='ocrx_word' id='word_1_270' title='bbox 1898 926 2323 993; x_wconf 67' lang='lat' dir='ltr'><strong>apertum’inde</strong></span> <span class='ocrx_word' id='word_1_271' title='bbox 2353 936 2627 993; x_wconf 86' lang='lat' dir='ltr'><strong>remanet,</strong></span> <span class='ocrx_word' id='word_1_272' title='bbox 2663 943 2787 982; x_wconf 91' lang='lat' dir='ltr'><strong>eum</strong></span> <span class='ocrx_word' id='word_1_273' title='bbox 2847 929 2937 997; x_wconf 90' lang='lat' dir='ltr'><strong>qui</strong></span> <span class='ocrx_word' id='word_1_274' title='bbox 2985 929 3200 983; x_wconf 89' lang='lat' dir='ltr'><strong>Patrem</strong></span> <span class='ocrx_word' id='word_1_275' title='bbox 3248 930 3485 1001; x_wconf 87' lang='lat' dir='ltr'><strong>Spiritus</strong></span> 
     </span>
    </p>
   </div>
   <div class='ocr_carea' id='block_1_39' title="bbox 1898 1017 3487 1091">
    <p class='ocr_par' dir='ltr' id='par_1_39' title="bbox 1898 1017 3487 1091">
     <span class='ocr_line' id='line_1_39' title="bbox 1898 1017 3487 1091; baseline 0.002 -19"><span class='ocrx_word' id='word_1_276' title='bbox 1898 1018 2055 1082; x_wconf 87' lang='lat' dir='ltr'><strong>dicit,</strong></span> <span class='ocrx_word' id='word_1_277' title='bbox 2088 1017 2349 1088; x_wconf 88' lang='lat' dir='ltr'><strong>Spiritum</strong></span> <span class='ocrx_word' id='word_1_278' title='bbox 2382 1019 2564 1073; x_wconf 88' lang='lat' dir='ltr'><strong>dicere</strong></span> <span class='ocrx_word' id='word_1_279' title='bbox 2612 1020 2811 1074; x_wconf 84' lang='lat' dir='ltr'><strong>Filium</strong></span> <span class='ocrx_word' id='word_1_280' title='bbox 2865 1030 2921 1074; x_wconf 83' lang='lat' dir='ltr'><strong>et</strong></span> <span class='ocrx_word' id='word_1_281' title='bbox 2966 1021 3391 1091; x_wconf 82' lang='lat' dir='ltr'><strong>blasphemare?</strong></span> <span class='ocrx_word' id='word_1_282' title='bbox 3422 1021 3487 1075; x_wconf 83' lang='lat' dir='ltr'><strong>Et</strong></span> 
     </span>
    </p>
   </div>
   <div class='ocr_carea' id='block_1_40' title="bbox 1901 1110 3489 1183">
    <p class='ocr_par' dir='ltr' id='par_1_40' title="bbox 1901 1110 3489 1183">
     <span class='ocr_line' id='line_1_40' title="bbox 1901 1110 3489 1183; baseline 0.001 -18"><span class='ocrx_word' id='word_1_283' title='bbox 1901 1110 2112 1181; x_wconf 89' lang='lat' dir='ltr'><strong>pariter</strong></span> <span class='ocrx_word' id='word_1_284' title='bbox 2141 1126 2267 1166; x_wconf 91' lang='lat' dir='ltr'><strong>eum</strong></span> <span class='ocrx_word' id='word_1_285' title='bbox 2308 1111 2400 1180; x_wconf 91' lang='lat' dir='ltr'><strong>qui</strong></span> <span class='ocrx_word' id='word_1_286' title='bbox 2431 1110 2628 1167; x_wconf 90' lang='lat' dir='ltr'><strong>Filium</strong></span> <span class='ocrx_word' id='word_1_287' title='bbox 2656 1112 2896 1182; x_wconf 88' lang='lat' dir='ltr'><strong>Spiritus</strong></span> <span class='ocrx_word' id='word_1_288' title='bbox 2934 1113 3089 1174; x_wconf 83' lang='lat' dir='ltr'><strong>dicit.</strong></span> <span class='ocrx_word' id='word_1_289' title='bbox 3123 1124 3311 1182; x_wconf 89' lang='lat' dir='ltr'><strong>utpote</strong></span> <span class='ocrx_word' id='word_1_290' title='bbox 3365 1114 3489 1183; x_wconf 85' lang='lat' dir='ltr'><strong>Spi-</strong></span> 
     </span>
    </p>
   </div>
   <div class='ocr_carea' id='block_1_41' title="bbox 1903 1202 3491 1275">
    <p class='ocr_par' dir='ltr' id='par_1_41' title="bbox 1903 1202 3491 1275">
     <span class='ocr_line' id='line_1_41' title="bbox 1903 1202 3491 1275; baseline 0 -17"><span class='ocrx_word' id='word_1_291' title='bbox 1903 1204 2072 1259; x_wconf 85' lang='lat' dir='ltr'><strong>ritum</strong></span> <span class='ocrx_word' id='word_1_292' title='bbox 2128 1202 2184 1255; x_wconf 89' lang='lat' dir='ltr'><strong>in</strong></span> <span class='ocrx_word' id='word_1_293' title='bbox 2240 1202 2457 1257; x_wconf 88' lang='lat' dir='ltr'><strong>Patrem</strong></span> <span class='ocrx_word' id='word_1_294' title='bbox 2504 1202 2649 1275; x_wconf 72' lang='lat'><strong>[186]</strong></span> <span class='ocrx_word' id='word_1_295' title='bbox 2706 1204 3229 1259; x_wconf 81' lang='lat' dir='ltr'><strong>transformantem?</strong></span> <span class='ocrx_word' id='word_1_296' title='bbox 3288 1225 3305 1257; x_wconf 76' lang='grc' dir='ltr'><strong>ι</strong></span> <span class='ocrx_word' id='word_1_297' title='bbox 3346 1205 3491 1259; x_wconf 86' lang='lat' dir='ltr'><strong>Sane</strong></span> 
     </span>
    </p>
   </div>
   <div class='ocr_carea' id='block_1_42' title="bbox 1902 1293 3492 1366">
    <p class='ocr_par' dir='ltr' id='par_1_42' title="bbox 1902 1293 3492 1366">
     <span class='ocr_line' id='line_1_42' title="bbox 1902 1293 3492 1366; baseline 0 -16"><span class='ocrx_word' id='word_1_298' title='bbox 1902 1296 2057 1363; x_wconf 77' lang='lat' dir='ltr'><strong>juxta</strong></span> <span class='ocrx_word' id='word_1_299' title='bbox 2088 1293 2232 1348; x_wconf 88' lang='lat' dir='ltr'><strong>illam</strong></span> <span class='ocrx_word' id='word_1_300' title='bbox 2274 1294 2672 1363; x_wconf 76' lang='lat' dir='ltr'><strong>expositionem</strong></span> <span class='ocrx_word' id='word_1_301' title='bbox 2724 1311 2849 1349; x_wconf 90' lang='lat' dir='ltr'><strong>cum</strong></span> <span class='ocrx_word' id='word_1_302' title='bbox 2905 1305 3019 1350; x_wconf 85' lang='lat' dir='ltr'><strong>tres</strong></span> <span class='ocrx_word' id='word_1_303' title='bbox 3074 1312 3324 1366; x_wconf 67' lang='lat' dir='ltr'><strong>personae</strong></span> <span class='ocrx_word' id='word_1_304' title='bbox 3380 1298 3492 1350; x_wconf 87' lang='lat' dir='ltr'><strong>sint</strong></span> 
     </span>
    </p>
   </div>
   <div class='ocr_carea' id='block_1_43' title="bbox 1904 1387 3491 1457">
    <p class='ocr_par' dir='ltr' id='par_1_43' title="bbox 1904 1387 3491 1457">
     <span class='ocr_line' id='line_1_43' title="bbox 1904 1387 3491 1457; baseline 0.001 -15"><span class='ocrx_word' id='word_1_305' title='bbox 1904 1388 2051 1442; x_wconf 91' lang='lat' dir='ltr'><strong>inter</strong></span> <span class='ocrx_word' id='word_1_306' title='bbox 2100 1402 2159 1440; x_wconf 87' lang='lat' dir='ltr'><strong>se</strong></span> <span class='ocrx_word' id='word_1_307' title='bbox 2218 1387 2735 1451; x_wconf 85' lang='lat' dir='ltr'><strong>consubstantiales,</strong></span> <span class='ocrx_word' id='word_1_308' title='bbox 2797 1389 3063 1457; x_wconf 63' lang='lat' dir='ltr'><strong>quaelibet</strong></span> <span class='ocrx_word' id='word_1_309' title='bbox 3121 1389 3347 1443; x_wconf 87' lang='lat' dir='ltr'><strong>deberet</strong></span> <span class='ocrx_word' id='word_1_310' title='bbox 3384 1389 3491 1443; x_wconf 90' lang='lat' dir='ltr'><strong>dici</strong></span> 
     </span>
    </p>
   </div>
   <div class='ocr_carea' id='block_1_44' title="bbox 1905 1477 3490 1549">
    <p class='ocr_par' dir='ltr' id='par_1_44' title="bbox 1905 1477 3490 1549">
     <span class='ocr_line' id='line_1_44' title="bbox 1905 1477 3490 1549; baseline -0.001 -15"><span class='ocrx_word' id='word_1_311' title='bbox 1905 1479 2154 1535; x_wconf 82' lang='lat' dir='ltr'><strong>alterius.</strong></span> <span class='ocrx_word' id='word_1_312' title='bbox 2192 1477 2353 1547; x_wconf 85' lang='lat' dir='ltr'><strong>Atqui</strong></span> <span class='ocrx_word' id='word_1_313' title='bbox 2380 1478 2642 1535; x_wconf 88' lang='lat' dir='ltr'><strong>abhorret</strong></span> <span class='ocrx_word' id='word_1_314' title='bbox 2671 1479 2739 1533; x_wconf 90' lang='lat' dir='ltr'><strong>ab</strong></span> <span class='ocrx_word' id='word_1_315' title='bbox 2775 1480 2881 1534; x_wconf 89' lang='lat' dir='ltr'><strong>hoc</strong></span> <span class='ocrx_word' id='word_1_316' title='bbox 2904 1480 3158 1549; x_wconf 87' lang='lat' dir='ltr'><strong>loquendi</strong></span> <span class='ocrx_word' id='word_1_317' title='bbox 3190 1497 3305 1535; x_wconf 91' lang='lat' dir='ltr'><strong>mos</strong></span> <span class='ocrx_word' id='word_1_318' title='bbox 3334 1481 3490 1535; x_wconf 87' lang='lat' dir='ltr'><strong>theo-</strong></span> 
     </span>
    </p>
   </div>
   <div class='ocr_carea' id='block_1_45' title="bbox 1905 1569 3493 1641">
    <p class='ocr_par' dir='ltr' id='par_1_45' title="bbox 1905 1569 3493 1641">
     <span class='ocr_line' id='line_1_45' title="bbox 1905 1569 3493 1641; baseline 0 -15"><span class='ocrx_word' id='word_1_319' title='bbox 1905 1570 2115 1641; x_wconf 85' lang='lat' dir='ltr'><strong>logicus</strong></span> <span class='ocrx_word' id='word_1_320' title='bbox 2137 1578 2194 1625; x_wconf 88' lang='lat' dir='ltr'><strong>et</strong></span> <span class='ocrx_word' id='word_1_321' title='bbox 2234 1569 2616 1635; x_wconf 86' lang='lat' dir='ltr'><strong>Christianus;</strong></span> <span class='ocrx_word' id='word_1_322' title='bbox 2657 1578 2713 1625; x_wconf 92' lang='lat' dir='ltr'><strong>et</strong></span> <span class='ocrx_word' id='word_1_323' title='bbox 2742 1571 2785 1624; x_wconf 93' lang='lat' dir='ltr'><strong>si</strong></span> <span class='ocrx_word' id='word_1_324' title='bbox 2839 1571 2932 1640; x_wconf 93' lang='lat' dir='ltr'><strong>qui</strong></span> <span class='ocrx_word' id='word_1_325' title='bbox 2984 1572 3299 1641; x_wconf 81' lang='lat' dir='ltr'><strong>paucissimi</strong></span> <span class='ocrx_word' id='word_1_326' title='bbox 3344 1573 3428 1625; x_wconf 89' lang='lat' dir='ltr'><strong>vel</strong></span> <span class='ocrx_word' id='word_1_327' title='bbox 3462 1588 3493 1626; x_wconf 89' lang='lat' dir='ltr'><strong>e</strong></span> 
     </span>
    </p>
   </div>
   <div class='ocr_carea' id='block_1_46' title="bbox 1907 1663 3493 1735">
    <p class='ocr_par' dir='ltr' id='par_1_46' title="bbox 1907 1663 3493 1735">
     <span class='ocr_line' id='line_1_46' title="bbox 1907 1663 3493 1735; baseline 0 -16"><span class='ocrx_word' id='word_1_328' title='bbox 1907 1663 2274 1720; x_wconf 88' lang='lat' dir='ltr'><strong>schismaticis</strong></span> <span class='ocrx_word' id='word_1_329' title='bbox 2322 1664 2497 1730; x_wconf 82' lang='lat' dir='ltr'><strong>fuere,</strong></span> <span class='ocrx_word' id='word_1_330' title='bbox 2536 1664 2631 1735; x_wconf 88' lang='lat' dir='ltr'><strong>qui</strong></span> <span class='ocrx_word' id='word_1_331' title='bbox 2693 1664 2930 1735; x_wconf 87' lang='lat' dir='ltr'><strong>Spiritus</strong></span> <span class='ocrx_word' id='word_1_332' title='bbox 2976 1666 3149 1720; x_wconf 83' lang='lat' dir='ltr'><strong>sancti</strong></span> <span class='ocrx_word' id='word_1_333' title='bbox 3212 1666 3493 1735; x_wconf 78' lang='lat' dir='ltr'><strong>proprium</strong></span> 
     </span>
    </p>
   </div>
   <div class='ocr_carea' id='block_1_47' title="bbox 1908 1756 3496 1826">
    <p class='ocr_par' dir='ltr' id='par_1_47' title="bbox 1908 1756 3496 1826">
     <span class='ocr_line' id='line_1_47' title="bbox 1908 1756 3496 1826; baseline -0.001 -15"><span class='ocrx_word' id='word_1_334' title='bbox 1908 1756 2159 1812; x_wconf 85' lang='lat' dir='ltr'><strong>dicerent</strong></span> <span class='ocrx_word' id='word_1_335' title='bbox 2182 1757 2379 1813; x_wconf 90' lang='lat' dir='ltr'><strong>Filium</strong></span> <span class='ocrx_word' id='word_1_336' title='bbox 2413 1756 2507 1826; x_wconf 77' lang='lat' dir='ltr'><strong>(cf.</strong></span> <span class='ocrx_word' id='word_1_337' title='bbox 2542 1758 2737 1813; x_wconf 86' lang='lat' dir='ltr'><strong>Const.</strong></span> <span class='ocrx_word' id='word_1_338' title='bbox 2769 1759 3017 1813; x_wconf 84' lang='lat' dir='ltr'><strong>Meliten.</strong></span> <span class='ocrx_word' id='word_1_339' title='bbox 3050 1770 3189 1813; x_wconf 90' lang='lat' dir='ltr'><strong>orat.</strong></span> <span class='ocrx_word' id='word_1_340' title='bbox 3223 1760 3275 1823; x_wconf 83' lang='grc'>1,</span> <span class='ocrx_word' id='word_1_341' title='bbox 3308 1773 3357 1811; x_wconf 90' lang='lat' dir='ltr'><strong>c.</strong></span> <span class='ocrx_word' id='word_1_342' title='bbox 3391 1757 3496 1824; x_wconf 77' lang='lat'><strong>57;</strong></span> 
     </span>
    </p>
   </div>
   <div class='ocr_carea' id='block_1_48' title="bbox 1910 1848 3500 1920">
    <p class='ocr_par' dir='ltr' id='par_1_48' title="bbox 1910 1848 3500 1920">
     <span class='ocr_line' id='line_1_48' title="bbox 1910 1848 3500 1920; baseline -0.003 -13"><span class='ocrx_word' id='word_1_343' title='bbox 1910 1850 1974 1907; x_wconf 76' lang='grc' dir='ltr'>ϐ.</span> <span class='ocrx_word' id='word_1_344' title='bbox 2017 1849 2081 1906; x_wconf 91' lang='lat'><strong>0.</strong></span> <span class='ocrx_word' id='word_1_345' title='bbox 2122 1848 2186 1913; x_wconf 85' lang='grc'><strong>11,</strong></span> <span class='ocrx_word' id='word_1_346' title='bbox 2232 1867 2289 1920; x_wconf 91' lang='lat' dir='ltr'><strong>p.</strong></span> <span class='ocrx_word' id='word_1_347' title='bbox 2319 1850 2468 1917; x_wconf 78' lang='grc'>746),</span> <span class='ocrx_word' id='word_1_348' title='bbox 2518 1850 2736 1919; x_wconf 91' lang='lat' dir='ltr'><strong>plurimi</strong></span> <span class='ocrx_word' id='word_1_349' title='bbox 2771 1860 2952 1904; x_wconf 86' lang='lat' dir='ltr'><strong>tamen</strong></span> <span class='ocrx_word' id='word_1_350' title='bbox 2990 1850 3041 1903; x_wconf 91' lang='lat' dir='ltr'><strong>id</strong></span> <span class='ocrx_word' id='word_1_351' title='bbox 3079 1850 3305 1904; x_wconf 89' lang='lat' dir='ltr'><strong>omnino</strong></span> <span class='ocrx_word' id='word_1_352' title='bbox 3355 1848 3500 1918; x_wconf 88' lang='lat' dir='ltr'><strong>reje-</strong></span> 
     </span>
    </p>
   </div>
   <div class='ocr_carea' id='block_1_49' title="bbox 1911 1941 3498 2013">
    <p class='ocr_par' dir='ltr' id='par_1_49' title="bbox 1911 1941 3498 2013">
     <span class='ocr_line' id='line_1_49' title="bbox 1911 1941 3498 2013; baseline -0.002 -16"><span class='ocrx_word' id='word_1_353' title='bbox 1911 1950 2128 2007; x_wconf 82' lang='lat' dir='ltr'><strong>cerunt,</strong></span> <span class='ocrx_word' id='word_1_354' title='bbox 2155 1944 2301 1997; x_wconf 88' lang='lat' dir='ltr'><strong>inter</strong></span> <span class='ocrx_word' id='word_1_355' title='bbox 2322 1958 2460 2013; x_wconf 89' lang='lat' dir='ltr'><strong>quos</strong></span> <span class='ocrx_word' id='word_1_356' title='bbox 2493 1942 2712 1997; x_wconf 82' lang='lat' dir='ltr'><strong>Marcus</strong></span> <span class='ocrx_word' id='word_1_357' title='bbox 2743 1942 3014 2013; x_wconf 84' lang='lat' dir='ltr'><strong>Ephesius</strong></span> <span class='ocrx_word' id='word_1_358' title='bbox 3037 1960 3055 1993; x_wconf 79' lang='grc' dir='ltr'><strong>ι</strong></span> <span class='ocrx_word' id='word_1_359' title='bbox 3083 1941 3274 2008; x_wconf 88' lang='lat' dir='ltr'><strong>Filius,</strong></span> <span class='ocrx_word' id='word_1_360' title='bbox 3304 1941 3498 2010; x_wconf 85' lang='lat' dir='ltr'><strong>inquit,</strong></span> 
     </span>
    </p>
   </div>
   <div class='ocr_carea' id='block_1_50' title="bbox 1914 2034 3501 2105">
    <p class='ocr_par' dir='ltr' id='par_1_50' title="bbox 1914 2034 3501 2105">
     <span class='ocr_line' id='line_1_50' title="bbox 1914 2034 3501 2105; baseline -0.001 -16"><span class='ocrx_word' id='word_1_361' title='bbox 1914 2034 2154 2105; x_wconf 89' lang='lat' dir='ltr'><strong>Spiritus</strong></span> <span class='ocrx_word' id='word_1_362' title='bbox 2192 2036 2368 2091; x_wconf 85' lang='lat' dir='ltr'><strong>sancti</strong></span> <span class='ocrx_word' id='word_1_363' title='bbox 2404 2052 2583 2105; x_wconf 87' lang='lat' dir='ltr'><strong>neque</strong></span> <span class='ocrx_word' id='word_1_364' title='bbox 2619 2045 2704 2091; x_wconf 88' lang='lat' dir='ltr'><strong>est</strong></span> <span class='ocrx_word' id='word_1_365' title='bbox 2746 2051 2925 2105; x_wconf 91' lang='lat' dir='ltr'><strong>neque</strong></span> <span class='ocrx_word' id='word_1_366' title='bbox 2952 2036 3153 2090; x_wconf 90' lang='lat' dir='ltr'><strong>dicitur</strong></span> <span class='ocrx_word' id='word_1_367' title='bbox 3202 2035 3501 2089; x_wconf 83' lang='lat' dir='ltr'><strong>secundum</strong></span> 
     </span>
    </p>
   </div>
   <div class='ocr_carea' id='block_1_51' title="bbox 1916 2128 3506 2199">
    <p class='ocr_par' dir='ltr' id='par_1_51' title="bbox 1916 2128 3506 2199">
     <span class='ocr_line' id='line_1_51' title="bbox 1916 2128 3506 2199; baseline -0.003 -13"><span class='ocrx_word' id='word_1_368' title='bbox 1916 2128 2239 2199; x_wconf 81' lang='lat' dir='ltr'><strong>Gregorium</strong></span> <span class='ocrx_word' id='word_1_369' title='bbox 2272 2128 2576 2199; x_wconf 80' lang='lat' dir='ltr'><strong>Nyssenum</strong></span> <span class='ocrx_word' id='word_1_370' title='bbox 2613 2129 2749 2199; x_wconf 80' lang='lat'><strong>(85).</strong></span> <span class='ocrx_word' id='word_1_371' title='bbox 2787 2148 2805 2180; x_wconf 75' lang='grc' dir='ltr'><strong>ι</strong></span> <span class='ocrx_word' id='word_1_372' title='bbox 2846 2128 3022 2198; x_wconf 85' lang='lat' dir='ltr'><strong>Hujus</strong></span> <span class='ocrx_word' id='word_1_373' title='bbox 3045 2129 3192 2183; x_wconf 87' lang='lat' dir='ltr'><strong>enim</strong></span> <span class='ocrx_word' id='word_1_374' title='bbox 3228 2128 3343 2183; x_wconf 66' lang='lat' dir='ltr'><strong>hinc</strong></span> <span class='ocrx_word' id='word_1_375' title='bbox 3377 2135 3506 2181; x_wconf 89' lang='lat' dir='ltr'><strong>sunt</strong></span> 
     </span>
    </p>
   </div>
   <div class='ocr_carea' id='block_1_52' title="bbox 1912 2215 3506 2289">
    <p class='ocr_par' dir='ltr' id='par_1_52' title="bbox 1912 2215 3506 2289">
     <span class='ocr_line' id='line_1_52' title="bbox 1912 2215 3506 2289; baseline -0.003 -16"><span class='ocrx_word' id='word_1_376' title='bbox 1912 2220 2081 2274; x_wconf 82' lang='lat' dir='ltr'><strong>verba</strong></span> <span class='ocrx_word' id='word_1_377' title='bbox 2108 2238 2121 2273; x_wconf 91' lang='lat'>:</span> <span class='ocrx_word' id='word_1_378' title='bbox 2172 2218 2232 2272; x_wconf 90' lang='lat'><strong>&#39;0</strong></span> <span class='ocrx_word' id='word_1_379' title='bbox 2259 2220 2386 2281; x_wconf 79' lang='grc' dir='ltr'><strong>Υἱὸς</strong></span> <span class='ocrx_word' id='word_1_380' title='bbox 2419 2218 2514 2273; x_wconf 82' lang='grc' dir='ltr'><strong>τοῦ</strong></span> <span class='ocrx_word' id='word_1_381' title='bbox 2554 2218 2873 2289; x_wconf 76' lang='grc' dir='ltr'>Πνεύματος</span> <span class='ocrx_word' id='word_1_382' title='bbox 2905 2216 3031 2269; x_wconf 75' lang='grc' dir='ltr'><strong>οὔτε</strong></span> <span class='ocrx_word' id='word_1_383' title='bbox 3064 2217 3213 2269; x_wconf 77' lang='grc' dir='ltr'><strong>ἐστιν</strong></span> <span class='ocrx_word' id='word_1_384' title='bbox 3248 2215 3371 2269; x_wconf 74' lang='grc' dir='ltr'><strong>οὔτε</strong></span> <span class='ocrx_word' id='word_1_385' title='bbox 3415 2215 3506 2268; x_wconf 83' lang='grc' dir='ltr'><strong>λέ-</strong></span> 
     </span>
    </p>
   </div>
   <div class='ocr_carea' id='block_1_53' title="bbox 1913 2306 3503 2382">
    <p class='ocr_par' dir='ltr' id='par_1_53' title="bbox 1913 2306 3503 2382">
     <span class='ocr_line' id='line_1_53' title="bbox 1913 2306 3503 2382; baseline -0.003 -16"><span class='ocrx_word' id='word_1_386' title='bbox 1913 2328 2096 2380; x_wconf 81' lang='grc' dir='ltr'><strong>γεται,</strong></span> <span class='ocrx_word' id='word_1_387' title='bbox 2132 2311 2253 2366; x_wconf 80' lang='grc' dir='ltr'>οὐδὲ</span> <span class='ocrx_word' id='word_1_388' title='bbox 2304 2310 2660 2382; x_wconf 82' lang='grc' dir='ltr'><strong>ἀντιστρέφει</strong></span> <span class='ocrx_word' id='word_1_389' title='bbox 2694 2310 2727 2379; x_wconf 86' lang='grc' dir='ltr'><strong>ή</strong></span> <span class='ocrx_word' id='word_1_390' title='bbox 2763 2309 2989 2380; x_wconf 76' lang='grc' dir='ltr'><strong>σχετικὴ</strong></span> <span class='ocrx_word' id='word_1_391' title='bbox 3016 2308 3158 2378; x_wconf 75' lang='grc' dir='ltr'>αὕτη</span> <span class='ocrx_word' id='word_1_392' title='bbox 3188 2306 3503 2361; x_wconf 80' lang='grc' dir='ltr'><strong>ἀκολουθία.</strong></span> 
     </span>
    </p>
   </div>
   <div class='ocr_carea' id='block_1_54' title="bbox 1916 2400 3505 2469">
    <p class='ocr_par' dir='ltr' id='par_1_54' title="bbox 1916 2400 3505 2469">
     <span class='ocr_line' id='line_1_54' title="bbox 1916 2400 3505 2469; baseline -0.005 -10"><span class='ocrx_word' id='word_1_393' title='bbox 1916 2402 2025 2459; x_wconf 87' lang='lat' dir='ltr'><strong>Sed</strong></span> <span class='ocrx_word' id='word_1_394' title='bbox 2055 2403 2100 2458; x_wconf 89' lang='lat' dir='ltr'><strong>si</strong></span> <span class='ocrx_word' id='word_1_395' title='bbox 2129 2403 2231 2458; x_wconf 86' lang='lat' dir='ltr'><strong>hoe</strong></span> <span class='ocrx_word' id='word_1_396' title='bbox 2258 2418 2371 2457; x_wconf 88' lang='lat' dir='ltr'><strong>non</strong></span> <span class='ocrx_word' id='word_1_397' title='bbox 2394 2403 2754 2469; x_wconf 82' lang='lat' dir='ltr'><strong>convertitur,</strong></span> <span class='ocrx_word' id='word_1_398' title='bbox 2791 2401 2845 2456; x_wconf 90' lang='lat' dir='ltr'><strong>id</strong></span> <span class='ocrx_word' id='word_1_399' title='bbox 2878 2400 3505 2456; x_wconf 87' lang='lat' dir='ltr'><strong>consubstantialitatem</strong></span> 
     </span>
    </p>
   </div>
   <div class='ocr_carea' id='block_1_55' title="bbox 1921 2489 3508 2563">
    <p class='ocr_par' dir='ltr' id='par_1_55' title="bbox 1921 2489 3508 2563">
     <span class='ocr_line' id='line_1_55' title="bbox 1921 2489 3508 2563; baseline -0.006 -12"><span class='ocrx_word' id='word_1_400' title='bbox 1921 2509 2033 2551; x_wconf 92' lang='lat' dir='ltr'><strong>non</strong></span> <span class='ocrx_word' id='word_1_401' title='bbox 2066 2495 2322 2561; x_wconf 88' lang='lat' dir='ltr'><strong>denotat;</strong></span> <span class='ocrx_word' id='word_1_402' title='bbox 2356 2494 2401 2549; x_wconf 89' lang='lat' dir='ltr'><strong>si</strong></span> <span class='ocrx_word' id='word_1_403' title='bbox 2432 2493 2576 2547; x_wconf 90' lang='lat' dir='ltr'><strong>enim</strong></span> <span class='ocrx_word' id='word_1_404' title='bbox 2626 2494 2694 2547; x_wconf 89' lang='lat' dir='ltr'><strong>ad</strong></span> <span class='ocrx_word' id='word_1_405' title='bbox 2745 2491 3037 2563; x_wconf 81' lang='grc' dir='ltr'><strong>ὁμοούσιον</strong></span> <span class='ocrx_word' id='word_1_406' title='bbox 3094 2490 3233 2545; x_wconf 85' lang='lat' dir='ltr'><strong>foret</strong></span> <span class='ocrx_word' id='word_1_407' title='bbox 3262 2489 3508 2544; x_wconf 81' lang='lat' dir='ltr'><strong>referen-</strong></span> 
     </span>
    </p>
   </div>
   <div class='ocr_carea' id='block_1_56' title="bbox 1918 2579 3508 2656">
    <p class='ocr_par' dir='ltr' id='par_1_56' title="bbox 1918 2579 3508 2656">
     <span class='ocr_line' id='line_1_56' title="bbox 1918 2579 3508 2656; baseline -0.007 -14"><span class='ocrx_word' id='word_1_408' title='bbox 1918 2587 2074 2650; x_wconf 91' lang='lat' dir='ltr'><strong>dum,</strong></span> <span class='ocrx_word' id='word_1_409' title='bbox 2112 2586 2224 2656; x_wconf 89' lang='lat' dir='ltr'><strong>jam</strong></span> <span class='ocrx_word' id='word_1_410' title='bbox 2255 2602 2286 2641; x_wconf 91' lang='lat' dir='ltr'><strong>e</strong></span> <span class='ocrx_word' id='word_1_411' title='bbox 2316 2600 2583 2640; x_wconf 86' lang='lat' dir='ltr'><strong>converso</strong></span> <span class='ocrx_word' id='word_1_412' title='bbox 2616 2584 2895 2639; x_wconf 89' lang='lat' dir='ltr'><strong>diceretur</strong></span> <span class='ocrx_word' id='word_1_413' title='bbox 2943 2581 3020 2637; x_wconf 90' lang='lat' dir='ltr'><strong>uti</strong></span> <span class='ocrx_word' id='word_1_414' title='bbox 3075 2580 3311 2651; x_wconf 84' lang='lat' dir='ltr'><strong>Spiritus</strong></span> <span class='ocrx_word' id='word_1_415' title='bbox 3362 2579 3508 2641; x_wconf 88' lang='lat' dir='ltr'><strong>Filii,</strong></span> 
     </span>
    </p>
   </div>
   <div class='ocr_carea' id='block_1_57' title="bbox 1919 2668 3511 2747">
    <p class='ocr_par' dir='ltr' id='par_1_57' title="bbox 1919 2668 3511 2747">
     <span class='ocr_line' id='line_1_57' title="bbox 1919 2668 3511 2747; baseline -0.007 -14"><span class='ocrx_word' id='word_1_416' title='bbox 1919 2678 1998 2733; x_wconf 90' lang='lat' dir='ltr'><strong>sic</strong></span> <span class='ocrx_word' id='word_1_417' title='bbox 2028 2676 2201 2733; x_wconf 89' lang='lat' dir='ltr'><strong>Filius</strong></span> <span class='ocrx_word' id='word_1_418' title='bbox 2226 2676 2483 2747; x_wconf 83' lang='lat' dir='ltr'><strong>Spiritus.</strong></span> <span class='ocrx_word' id='word_1_419' title='bbox 2520 2676 2784 2731; x_wconf 74' lang='lat' dir='ltr'><strong>Praeterea</strong></span> <span class='ocrx_word' id='word_1_420' title='bbox 2817 2674 3090 2745; x_wconf 69' lang='lat' dir='ltr'><strong>genitivus</strong></span> <span class='ocrx_word' id='word_1_421' title='bbox 3124 2672 3218 2724; x_wconf 81' lang='grc' dir='ltr'><strong>τοῦ</strong></span> <span class='ocrx_word' id='word_1_422' title='bbox 3247 2670 3379 2723; x_wconf 84' lang='grc' dir='ltr'>Υἱοῦ</span> <span class='ocrx_word' id='word_1_423' title='bbox 3426 2668 3511 2723; x_wconf 86' lang='lat' dir='ltr'><strong>vel</strong></span> 
     </span>
    </p>
   </div>
   <div class='ocr_carea' id='block_1_58' title="bbox 1920 2762 3513 2839">
    <p class='ocr_par' dir='ltr' id='par_1_58' title="bbox 1920 2762 3513 2839">
     <span class='ocr_line' id='line_1_58' title="bbox 1920 2762 3513 2839; baseline -0.008 -12"><span class='ocrx_word' id='word_1_424' title='bbox 1920 2772 2130 2827; x_wconf 84' lang='lat' dir='ltr'><strong>indicat</strong></span> <span class='ocrx_word' id='word_1_425' title='bbox 2166 2770 2592 2839; x_wconf 87' lang='lat' dir='ltr'><strong>possessionem,</strong></span> <span class='ocrx_word' id='word_1_426' title='bbox 2630 2768 3023 2837; x_wconf 89' lang='lat' dir='ltr'><strong>proprietatem</strong></span> <span class='ocrx_word' id='word_1_427' title='bbox 3071 2764 3158 2819; x_wconf 87' lang='lat' dir='ltr'><strong>vel</strong></span> <span class='ocrx_word' id='word_1_428' title='bbox 3194 2762 3513 2816; x_wconf 85' lang='lat' dir='ltr'><strong>relationem</strong></span> 
     </span>
    </p>
   </div>
   <div class='ocr_carea' id='block_1_59' title="bbox 1920 2856 3517 2934">
    <p class='ocr_par' dir='ltr' id='par_1_59' title="bbox 1920 2856 3517 2934">
     <span class='ocr_line' id='line_1_59' title="bbox 1920 2856 3517 2934; baseline -0.008 -16"><span class='ocrx_word' id='word_1_429' title='bbox 1920 2863 2245 2934; x_wconf 86' lang='lat' dir='ltr'><strong>quamdam;</strong></span> <span class='ocrx_word' id='word_1_430' title='bbox 2278 2862 2577 2933; x_wconf 78' lang='lat' dir='ltr'><strong>generatim</strong></span> <span class='ocrx_word' id='word_1_431' title='bbox 2600 2860 2652 2914; x_wconf 88' lang='lat' dir='ltr'><strong>id</strong></span> <span class='ocrx_word' id='word_1_432' title='bbox 2674 2861 2873 2914; x_wconf 89' lang='lat' dir='ltr'><strong>dicitur</strong></span> <span class='ocrx_word' id='word_1_433' title='bbox 2890 2858 3141 2926; x_wconf 88' lang='lat' dir='ltr'><strong>alicujus,</strong></span> <span class='ocrx_word' id='word_1_434' title='bbox 3157 2856 3294 2925; x_wconf 78' lang='lat' dir='ltr'><strong>quod</strong></span> <span class='ocrx_word' id='word_1_435' title='bbox 3312 2857 3380 2907; x_wconf 87' lang='lat' dir='ltr'><strong>ad</strong></span> <span class='ocrx_word' id='word_1_436' title='bbox 3397 2869 3517 2906; x_wconf 80' lang='lat' dir='ltr'><strong>eum</strong></span> 
     </span>
    </p>
   </div>
   <div class='ocr_carea' id='block_1_60' title="bbox 1925 2947 3513 3027">
    <p class='ocr_par' dir='ltr' id='par_1_60' title="bbox 1925 2947 3513 3027">
     <span class='ocr_line' id='line_1_60' title="bbox 1925 2947 3513 3027; baseline -0.007 -17"><span class='ocrx_word' id='word_1_437' title='bbox 1925 2971 2238 3027; x_wconf 80' lang='lat' dir='ltr'><strong>quocunque</strong></span> <span class='ocrx_word' id='word_1_438' title='bbox 2262 2954 2415 3009; x_wconf 82' lang='lat' dir='ltr'><strong>modo</strong></span> <span class='ocrx_word' id='word_1_439' title='bbox 2445 2954 2691 3023; x_wconf 80' lang='lat' dir='ltr'><strong>pertinet.</strong></span> <span class='ocrx_word' id='word_1_440' title='bbox 2749 2952 2855 3007; x_wconf 89' lang='lat' dir='ltr'><strong>Sed</strong></span> <span class='ocrx_word' id='word_1_441' title='bbox 2887 2967 2951 3005; x_wconf 84' lang='lat' dir='ltr'><strong>ex</strong></span> <span class='ocrx_word' id='word_1_442' title='bbox 2982 2949 3269 3020; x_wconf 88' lang='lat' dir='ltr'><strong>principiis</strong></span> <span class='ocrx_word' id='word_1_443' title='bbox 3295 2947 3513 3001; x_wconf 85' lang='lat' dir='ltr'><strong>theolo-</strong></span> 
     </span>
    </p>
   </div>
   <div class='ocr_carea' id='block_1_61' title="bbox 1926 3038 3519 3118">
    <p class='ocr_par' dir='ltr' id='par_1_61' title="bbox 1926 3038 3519 3118">
     <span class='ocr_line' id='line_1_61' title="bbox 1926 3038 3519 3118; baseline -0.006 -19"><span class='ocrx_word' id='word_1_444' title='bbox 1926 3048 2062 3118; x_wconf 86' lang='lat' dir='ltr'><strong>gicis</strong></span> <span class='ocrx_word' id='word_1_445' title='bbox 2096 3046 2322 3101; x_wconf 87' lang='lat' dir='ltr'><strong>Patrum</strong></span> <span class='ocrx_word' id='word_1_446' title='bbox 2372 3044 2674 3099; x_wconf 85' lang='lat' dir='ltr'><strong>relationes</strong></span> <span class='ocrx_word' id='word_1_447' title='bbox 2722 3043 2777 3095; x_wconf 91' lang='lat' dir='ltr'><strong>in</strong></span> <span class='ocrx_word' id='word_1_448' title='bbox 2812 3040 3013 3097; x_wconf 79' lang='lat' dir='ltr'><strong>divinis</strong></span> <span class='ocrx_word' id='word_1_449' title='bbox 3046 3048 3176 3095; x_wconf 90' lang='lat' dir='ltr'><strong>sunt</strong></span> <span class='ocrx_word' id='word_1_450' title='bbox 3228 3038 3519 3092; x_wconf 90' lang='lat' dir='ltr'><strong>relationes</strong></span> 
     </span>
    </p>
   </div>
   <div class='ocr_carea' id='block_1_62' title="bbox 233 3133 1825 3212">
    <p class='ocr_par' dir='ltr' id='par_1_62' title="bbox 233 3133 1819 3205">
     <span class='ocr_line' id='line_1_62' title="bbox 233 3133 1819 3205; baseline -0.002 -16"><span class='ocrx_word' id='word_1_451' title='bbox 233 3147 374 3205; x_wconf 86' lang='lat' dir='ltr'><strong>patet</strong></span> <span class='ocrx_word' id='word_1_452' title='bbox 403 3152 533 3191; x_wconf 89' lang='lat' dir='ltr'><strong>esse</strong></span> <span class='ocrx_word' id='word_1_453' title='bbox 564 3145 620 3189; x_wconf 90' lang='lat' dir='ltr'><strong>et</strong></span> <span class='ocrx_word' id='word_1_454' title='bbox 650 3135 757 3190; x_wconf 89' lang='lat' dir='ltr'><strong>dici</strong></span> <span class='ocrx_word' id='word_1_455' title='bbox 801 3134 1067 3205; x_wconf 90' lang='lat' dir='ltr'><strong>Spiritum</strong></span> <span class='ocrx_word' id='word_1_456' title='bbox 1124 3134 1268 3197; x_wconf 88' lang='lat' dir='ltr'><strong>Filii,</strong></span> <span class='ocrx_word' id='word_1_457' title='bbox 1308 3133 1505 3203; x_wconf 89' lang='lat' dir='ltr'><strong>utjam</strong></span> <span class='ocrx_word' id='word_1_458' title='bbox 1547 3148 1615 3188; x_wconf 80' lang='lat' dir='ltr'><strong>ex</strong></span> <span class='ocrx_word' id='word_1_459' title='bbox 1658 3133 1819 3187; x_wconf 89' lang='lat' dir='ltr'><strong>dictis</strong></span> 
     </span>
    </p>
   </div>
   <div class='ocr_carea' id='block_1_63' title="bbox 1931 3133 3521 3212">
    <p class='ocr_par' dir='ltr' id='par_1_63' title="bbox 1931 3135 3521 3212">
     <span class='ocr_line' id='line_1_63' title="bbox 1931 3135 3521 3212; baseline -0.006 -16"><span class='ocrx_word' id='word_1_460' title='bbox 1931 3142 2193 3212; x_wconf 77' lang='lat' dir='ltr'><strong>originis;</strong></span> <span class='ocrx_word' id='word_1_461' title='bbox 2230 3141 2455 3195; x_wconf 84' lang='lat' dir='ltr'><strong>nomina</strong></span> <span class='ocrx_word' id='word_1_462' title='bbox 2490 3140 2655 3194; x_wconf 90' lang='lat' dir='ltr'><strong>trium</strong></span> <span class='ocrx_word' id='word_1_463' title='bbox 2712 3152 3074 3208; x_wconf 86' lang='lat' dir='ltr'><strong>personarum</strong></span> <span class='ocrx_word' id='word_1_464' title='bbox 3129 3135 3242 3204; x_wconf 87' lang='lat' dir='ltr'><strong>ipsa</strong></span> <span class='ocrx_word' id='word_1_465' title='bbox 3274 3142 3405 3188; x_wconf 89' lang='lat' dir='ltr'><strong>sunt</strong></span> <span class='ocrx_word' id='word_1_466' title='bbox 3431 3148 3521 3187; x_wconf 90' lang='lat' dir='ltr'><strong>re-</strong></span> 
     </span>
    </p>
   </div>
   <div class='ocr_carea' id='block_1_64' title="bbox 235 3224 1826 3295">
    <p class='ocr_par' dir='ltr' id='par_1_64' title="bbox 235 3224 1826 3295">
     <span class='ocr_line' id='line_1_64' title="bbox 235 3224 1826 3295; baseline -0.002 -14"><span class='ocrx_word' id='word_1_467' title='bbox 235 3230 296 3281; x_wconf 85' lang='lat' dir='ltr'><strong>de</strong></span> <span class='ocrx_word' id='word_1_468' title='bbox 332 3226 906 3281; x_wconf 88' lang='lat' dir='ltr'><strong>consubstantialitate</strong></span> <span class='ocrx_word' id='word_1_469' title='bbox 934 3224 1091 3279; x_wconf 84' lang='lat' dir='ltr'><strong>fateri</strong></span> <span class='ocrx_word' id='word_1_470' title='bbox 1122 3225 1411 3291; x_wconf 84' lang='lat' dir='ltr'><strong>debemus,</strong></span> <span class='ocrx_word' id='word_1_471' title='bbox 1447 3224 1493 3280; x_wconf 93' lang='lat' dir='ltr'><strong>si</strong></span> <span class='ocrx_word' id='word_1_472' title='bbox 1526 3225 1651 3293; x_wconf 87' lang='lat' dir='ltr'><strong>quis</strong></span> <span class='ocrx_word' id='word_1_473' title='bbox 1676 3240 1826 3295; x_wconf 70' lang='lat' dir='ltr'><strong>qua:-</strong></span> 
     </span>
    </p>
   </div>
   <div class='ocr_carea' id='block_1_65' title="bbox 237 3315 1827 3386">
    <p class='ocr_par' dir='ltr' id='par_1_65' title="bbox 237 3315 1827 3386">
     <span class='ocr_line' id='line_1_65' title="bbox 237 3315 1827 3386; baseline -0.001 -14"><span class='ocrx_word' id='word_1_474' title='bbox 237 3319 426 3373; x_wconf 89' lang='lat' dir='ltr'><strong>sicrit:</strong></span> <span class='ocrx_word' id='word_1_475' title='bbox 469 3317 656 3384; x_wconf 84' lang='lat' dir='ltr'><strong>Quare</strong></span> <span class='ocrx_word' id='word_1_476' title='bbox 697 3317 1189 3373; x_wconf 87' lang='lat' dir='ltr'><strong>consubstantialis</strong></span> <span class='ocrx_word' id='word_1_477' title='bbox 1230 3316 1472 3386; x_wconf 88' lang='lat' dir='ltr'><strong>Spiritus</strong></span> <span class='ocrx_word' id='word_1_478' title='bbox 1533 3315 1674 3372; x_wconf 89' lang='lat' dir='ltr'><strong>Filio</strong></span> <span class='ocrx_word' id='word_1_479' title='bbox 1705 3318 1827 3372; x_wconf 89' lang='lat' dir='ltr'><strong>est?</strong></span> 
     </span>
    </p>
   </div>
   <div class='ocr_carea' id='block_1_66' title="bbox 237 3406 1826 3479">
    <p class='ocr_par' dir='ltr' id='par_1_66' title="bbox 237 3406 1826 3479">
     <span class='ocr_line' id='line_1_66' title="bbox 237 3406 1826 3479; baseline -0.003 -13"><span class='ocrx_word' id='word_1_480' title='bbox 237 3411 518 3466; x_wconf 82' lang='lat' dir='ltr'><strong>commode</strong></span> <span class='ocrx_word' id='word_1_481' title='bbox 543 3409 988 3479; x_wconf 87' lang='lat' dir='ltr'><strong>respondebitur,</strong></span> <span class='ocrx_word' id='word_1_482' title='bbox 1017 3408 1163 3479; x_wconf 90' lang='lat' dir='ltr'><strong>quod</strong></span> <span class='ocrx_word' id='word_1_483' title='bbox 1188 3406 1309 3462; x_wconf 84' lang='lat' dir='ltr'><strong>Filii</strong></span> <span class='ocrx_word' id='word_1_484' title='bbox 1347 3407 1588 3477; x_wconf 87' lang='lat' dir='ltr'><strong>Spiritus</strong></span> <span class='ocrx_word' id='word_1_485' title='bbox 1622 3408 1826 3463; x_wconf 89' lang='lat' dir='ltr'><strong>dicitur</strong></span> 
     </span>
    </p>
   </div>
   <div class='ocr_carea' id='block_1_67' title="bbox 239 3499 1827 3573">
    <p class='ocr_par' dir='ltr' id='par_1_67' title="bbox 239 3499 1827 3573">
     <span class='ocr_line' id='line_1_67' title="bbox 239 3499 1827 3573; baseline -0.002 -18"><span class='ocrx_word' id='word_1_486' title='bbox 239 3504 469 3573; x_wconf 86' lang='lat' dir='ltr'><strong>Spiritus</strong></span> <span class='ocrx_word' id='word_1_487' title='bbox 487 3511 952 3571; x_wconf 70' lang='lat' dir='ltr'><strong>sanctusmeque</strong></span> <span class='ocrx_word' id='word_1_488' title='bbox 990 3503 1139 3555; x_wconf 88' lang='lat' dir='ltr'><strong>enim</strong></span> <span class='ocrx_word' id='word_1_489' title='bbox 1195 3500 1462 3555; x_wconf 90' lang='lat' dir='ltr'><strong>ascititius</strong></span> <span class='ocrx_word' id='word_1_490' title='bbox 1489 3499 1827 3571; x_wconf 80' lang='grc' dir='ltr'><strong>(ἐπίκτητον)</strong></span> 
     </span>
    </p>
   </div>
   <div class='ocr_carea' id='block_1_68' title="bbox 241 3594 1832 3664">
    <p class='ocr_par' dir='ltr' id='par_1_68' title="bbox 241 3594 1832 3664">
     <span class='ocr_line' id='line_1_68' title="bbox 241 3594 1832 3664; baseline -0.002 -15"><span class='ocrx_word' id='word_1_491' title='bbox 241 3609 319 3651; x_wconf 83' lang='lat' dir='ltr'><strong>est</strong></span> <span class='ocrx_word' id='word_1_492' title='bbox 344 3598 438 3661; x_wconf 88' lang='lat' dir='ltr'><strong>illi,</strong></span> <span class='ocrx_word' id='word_1_493' title='bbox 467 3606 534 3651; x_wconf 89' lang='lat' dir='ltr'><strong>ut</strong></span> <span class='ocrx_word' id='word_1_494' title='bbox 553 3596 713 3650; x_wconf 89' lang='lat' dir='ltr'><strong>nobis</strong></span> <span class='ocrx_word' id='word_1_495' title='bbox 732 3606 860 3650; x_wconf 91' lang='lat' dir='ltr'><strong>sunt</strong></span> <span class='ocrx_word' id='word_1_496' title='bbox 885 3611 948 3649; x_wconf 91' lang='lat' dir='ltr'><strong>ea</strong></span> <span class='ocrx_word' id='word_1_497' title='bbox 969 3610 1090 3664; x_wconf 85' lang='lat' dir='ltr'><strong>qu.e</strong></span> <span class='ocrx_word' id='word_1_498' title='bbox 1113 3594 1479 3664; x_wconf 86' lang='lat' dir='ltr'><strong>possidemus,</strong></span> <span class='ocrx_word' id='word_1_499' title='bbox 1501 3594 1597 3648; x_wconf 88' lang='lat' dir='ltr'><strong>sed</strong></span> <span class='ocrx_word' id='word_1_500' title='bbox 1621 3605 1832 3648; x_wconf 76' lang='lat' dir='ltr'><strong>a-terno</strong></span> 
     </span>
    </p>
   </div>
   <div class='ocr_carea' id='block_1_69' title="bbox 241 3685 1829 3758">
    <p class='ocr_par' dir='ltr' id='par_1_69' title="bbox 241 3685 1829 3758">
     <span class='ocr_line' id='line_1_69' title="bbox 241 3685 1829 3758; baseline -0.003 -15"><span class='ocrx_word' id='word_1_501' title='bbox 241 3706 301 3743; x_wconf 88' lang='lat' dir='ltr'><strong>ac</strong></span> <span class='ocrx_word' id='word_1_502' title='bbox 320 3690 557 3744; x_wconf 84' lang='lat' dir='ltr'><strong>naturali</strong></span> <span class='ocrx_word' id='word_1_503' title='bbox 573 3689 736 3743; x_wconf 92' lang='lat' dir='ltr'><strong>modo</strong></span> <span class='ocrx_word' id='word_1_504' title='bbox 760 3703 1112 3758; x_wconf 88' lang='lat' dir='ltr'><strong>promanans.</strong></span> <span class='ocrx_word' id='word_1_505' title='bbox 1140 3685 1295 3741; x_wconf 81' lang='lat' dir='ltr'><strong>Sicut</strong></span> <span class='ocrx_word' id='word_1_506' title='bbox 1317 3688 1361 3741; x_wconf 93' lang='lat' dir='ltr'><strong>si</strong></span> <span class='ocrx_word' id='word_1_507' title='bbox 1382 3688 1505 3754; x_wconf 83' lang='lat' dir='ltr'><strong>quis</strong></span> <span class='ocrx_word' id='word_1_508' title='bbox 1520 3695 1794 3757; x_wconf 58' lang='lat' dir='ltr'><strong>quareret</strong></span> <span class='ocrx_word' id='word_1_509' title='bbox 1815 3704 1829 3739; x_wconf 86' lang='lat'><strong>:</strong></span> 
     </span>
    </p>
   </div>
   <div class='ocr_carea' id='block_1_70' title="bbox 243 3778 1828 3847">
    <p class='ocr_par' dir='ltr' id='par_1_70' title="bbox 243 3778 1828 3847">
     <span class='ocr_line' id='line_1_70' title="bbox 243 3778 1828 3847; baseline -0.002 -12"><span class='ocrx_word' id='word_1_510' title='bbox 243 3783 415 3847; x_wconf 85' lang='lat' dir='ltr'><strong>Quare</strong></span> <span class='ocrx_word' id='word_1_511' title='bbox 472 3780 961 3835; x_wconf 87' lang='lat' dir='ltr'><strong>consubstantialis</strong></span> <span class='ocrx_word' id='word_1_512' title='bbox 1007 3788 1092 3833; x_wconf 90' lang='lat' dir='ltr'><strong>est</strong></span> <span class='ocrx_word' id='word_1_513' title='bbox 1144 3778 1315 3835; x_wconf 87' lang='lat' dir='ltr'><strong>Filius</strong></span> <span class='ocrx_word' id='word_1_514' title='bbox 1356 3778 1828 3842; x_wconf 86' lang='lat' dir='ltr'><strong>Patri?dicimus,</strong></span> 
     </span>
    </p>
   </div>
   <div class='ocr_carea' id='block_1_71' title="bbox 244 3872 1838 3947">
    <p class='ocr_par' dir='ltr' id='par_1_71' title="bbox 244 3872 1838 3947">
     <span class='ocr_line' id='line_1_71' title="bbox 244 3872 1838 3947; baseline -0.003 -18"><span class='ocrx_word' id='word_1_515' title='bbox 244 3880 363 3947; x_wconf 85' lang='lat' dir='ltr'><strong>quia</strong></span> <span class='ocrx_word' id='word_1_516' title='bbox 408 3875 595 3930; x_wconf 87' lang='lat' dir='ltr'><strong>Patris</strong></span> <span class='ocrx_word' id='word_1_517' title='bbox 638 3874 808 3928; x_wconf 88' lang='lat' dir='ltr'><strong>Filius</strong></span> <span class='ocrx_word' id='word_1_518' title='bbox 854 3874 927 3931; x_wconf 91' lang='lat' dir='ltr'><strong>sit</strong></span> <span class='ocrx_word' id='word_1_519' title='bbox 961 3872 1167 3939; x_wconf 90' lang='lat' dir='ltr'><strong>Filius;</strong></span> <span class='ocrx_word' id='word_1_520' title='bbox 1222 3882 1276 3929; x_wconf 93' lang='lat' dir='ltr'><strong>et</strong></span> <span class='ocrx_word' id='word_1_521' title='bbox 1327 3881 1413 3928; x_wconf 90' lang='lat' dir='ltr'><strong>est</strong></span> <span class='ocrx_word' id='word_1_522' title='bbox 1472 3880 1739 3942; x_wconf 70' lang='lat' dir='ltr'><strong>praeterea</strong></span> <span class='ocrx_word' id='word_1_523' title='bbox 1769 3887 1838 3926; x_wconf 82' lang='lat' dir='ltr'><strong>ex</strong></span> 
     </span>
    </p>
   </div>
   <div class='ocr_carea' id='block_1_72' title="bbox 246 3963 1874 4030">
    <p class='ocr_par' dir='ltr' id='par_1_72' title="bbox 246 3963 1874 4030">
     <span class='ocr_line' id='line_1_72' title="bbox 246 3963 1874 4030; baseline -0.004 -9"><span class='ocrx_word' id='word_1_524' title='bbox 246 3966 397 4022; x_wconf 85' lang='lat' dir='ltr'><strong>Patre</strong></span> <span class='ocrx_word' id='word_1_525' title='bbox 426 3966 738 4023; x_wconf 86' lang='lat' dir='ltr'><strong>secundum</strong></span> <span class='ocrx_word' id='word_1_526' title='bbox 768 3965 1161 4030; x_wconf 89' lang='lat' dir='ltr'><strong>substantiam,</strong></span> <span class='ocrx_word' id='word_1_527' title='bbox 1186 3964 1281 4019; x_wconf 89' lang='lat' dir='ltr'><strong>sed</strong></span> <span class='ocrx_word' id='word_1_528' title='bbox 1301 3980 1411 4018; x_wconf 90' lang='lat' dir='ltr'><strong>non</strong></span> <span class='ocrx_word' id='word_1_529' title='bbox 1438 3963 1514 4016; x_wconf 89' lang='lat' dir='ltr'><strong>uti</strong></span> <span class='ocrx_word' id='word_1_530' title='bbox 1540 3974 1833 4017; x_wconf 68' lang='lat' dir='ltr'><strong>creaturae.</strong></span> <span class='ocrx_word' id='word_1_531' title='bbox 1871 3983 1874 3987; x_wconf 55' lang='grc'><strong><em>’</em></strong></span> 
     </span>
    </p>
   </div>
   <div class='ocr_carea' id='block_1_73' title="bbox 246 4053 1839 4129">
    <p class='ocr_par' dir='ltr' id='par_1_73' title="bbox 246 4053 1839 4129">
     <span class='ocr_line' id='line_1_73' title="bbox 246 4053 1839 4129; baseline -0.003 -16"><span class='ocrx_word' id='word_1_532' title='bbox 246 4061 313 4113; x_wconf 72' lang='lat' dir='ltr'><strong>At</strong></span> <span class='ocrx_word' id='word_1_533' title='bbox 346 4076 479 4115; x_wconf 87' lang='lat' dir='ltr'><strong>vero</strong></span> <span class='ocrx_word' id='word_1_534' title='bbox 517 4059 848 4129; x_wconf 90' lang='lat' dir='ltr'><strong>respondere</strong></span> <span class='ocrx_word' id='word_1_535' title='bbox 879 4057 946 4112; x_wconf 91' lang='lat' dir='ltr'><strong>ad</strong></span> <span class='ocrx_word' id='word_1_536' title='bbox 984 4057 1366 4127; x_wconf 64' lang='lat' dir='ltr'><strong>quaastionem,</strong></span> <span class='ocrx_word' id='word_1_537' title='bbox 1398 4071 1498 4109; x_wconf 90' lang='lat' dir='ltr'><strong>cur</strong></span> <span class='ocrx_word' id='word_1_538' title='bbox 1536 4053 1655 4109; x_wconf 85' lang='lat' dir='ltr'><strong>Filii</strong></span> <span class='ocrx_word' id='word_1_539' title='bbox 1681 4054 1839 4109; x_wconf 86' lang='lat' dir='ltr'><strong>dica-</strong></span> 
     </span>
    </p>
   </div>
   <div class='ocr_carea' id='block_1_74' title="bbox 250 4148 1840 4225">
    <p class='ocr_par' dir='ltr' id='par_1_74' title="bbox 250 4148 1840 4225">
     <span class='ocr_line' id='line_1_74' title="bbox 250 4148 1840 4225; baseline -0.006 -17"><span class='ocrx_word' id='word_1_540' title='bbox 250 4164 333 4208; x_wconf 89' lang='lat' dir='ltr'><strong>tur</strong></span> <span class='ocrx_word' id='word_1_541' title='bbox 376 4153 638 4225; x_wconf 89' lang='lat' dir='ltr'><strong>Spiritus,</strong></span> <span class='ocrx_word' id='word_1_542' title='bbox 670 4153 815 4223; x_wconf 89' lang='lat' dir='ltr'><strong>quod</strong></span> <span class='ocrx_word' id='word_1_543' title='bbox 845 4151 921 4206; x_wconf 89' lang='lat' dir='ltr'><strong>illi</strong></span> <span class='ocrx_word' id='word_1_544' title='bbox 969 4149 1463 4206; x_wconf 83' lang='lat' dir='ltr'><strong>consubstantialis</strong></span> <span class='ocrx_word' id='word_1_545' title='bbox 1487 4157 1594 4211; x_wconf 87' lang='lat' dir='ltr'><strong>est,</strong></span> <span class='ocrx_word' id='word_1_546' title='bbox 1631 4148 1840 4202; x_wconf 82' lang='lat' dir='ltr'><strong>insulsa</strong></span> 
     </span>
    </p>
   </div>
   <div class='ocr_carea' id='block_1_75' title="bbox 250 4240 1838 4315">
    <p class='ocr_par' dir='ltr' id='par_1_75' title="bbox 250 4240 1838 4315">
     <span class='ocr_line' id='line_1_75' title="bbox 250 4240 1838 4315; baseline -0.004 -16"><span class='ocrx_word' id='word_1_547' title='bbox 250 4256 328 4301; x_wconf 88' lang='lat' dir='ltr'><strong>est</strong></span> <span class='ocrx_word' id='word_1_548' title='bbox 366 4246 659 4315; x_wconf 78' lang='lat' dir='ltr'><strong>reaponsio</strong></span> <span class='ocrx_word' id='word_1_549' title='bbox 687 4254 743 4299; x_wconf 92' lang='lat' dir='ltr'><strong>et</strong></span> <span class='ocrx_word' id='word_1_550' title='bbox 769 4260 877 4298; x_wconf 90' lang='lat' dir='ltr'><strong>non</strong></span> <span class='ocrx_word' id='word_1_551' title='bbox 904 4243 1061 4313; x_wconf 78' lang='lat' dir='ltr'><strong>juxta</strong></span> <span class='ocrx_word' id='word_1_552' title='bbox 1092 4241 1407 4295; x_wconf 83' lang='lat' dir='ltr'><strong>dialecticas</strong></span> <span class='ocrx_word' id='word_1_553' title='bbox 1444 4240 1614 4310; x_wconf 83' lang='lat' dir='ltr'><strong>leges.</strong></span> <span class='ocrx_word' id='word_1_554' title='bbox 1652 4240 1838 4293; x_wconf 85' lang='lat' dir='ltr'><strong>Minus</strong></span> 
     </span>
    </p>
   </div>
   <div class='ocr_carea' id='block_1_76' title="bbox 251 4330 1842 4407">
    <p class='ocr_par' dir='ltr' id='par_1_76' title="bbox 251 4330 1842 4407">
     <span class='ocr_line' id='line_1_76' title="bbox 251 4330 1842 4407; baseline -0.004 -16"><span class='ocrx_word' id='word_1_555' title='bbox 251 4338 393 4392; x_wconf 87' lang='lat' dir='ltr'><strong>enim</strong></span> <span class='ocrx_word' id='word_1_556' title='bbox 433 4346 589 4407; x_wconf 87' lang='lat' dir='ltr'><strong>patet</strong></span> <span class='ocrx_word' id='word_1_557' title='bbox 636 4334 1108 4390; x_wconf 87' lang='lat' dir='ltr'><strong>consubstantiale</strong></span> <span class='ocrx_word' id='word_1_558' title='bbox 1155 4348 1222 4387; x_wconf 89' lang='lat' dir='ltr'><strong>eo</strong></span> <span class='ocrx_word' id='word_1_559' title='bbox 1278 4332 1425 4401; x_wconf 91' lang='lat' dir='ltr'><strong>quod</strong></span> <span class='ocrx_word' id='word_1_560' title='bbox 1480 4340 1566 4385; x_wconf 90' lang='lat' dir='ltr'><strong>est</strong></span> <span class='ocrx_word' id='word_1_561' title='bbox 1612 4330 1842 4399; x_wconf 88' lang='lat' dir='ltr'><strong>hujusce</strong></span> 
     </span>
    </p>
   </div>
   <div class='ocr_carea' id='block_1_77' title="bbox 253 4421 1844 4498">
    <p class='ocr_par' dir='ltr' id='par_1_77' title="bbox 253 4421 1844 4498">
     <span class='ocr_line' id='line_1_77' title="bbox 253 4421 1844 4498; baseline -0.006 -14"><span class='ocrx_word' id='word_1_562' title='bbox 253 4446 388 4485; x_wconf 86' lang='lat' dir='ltr'><strong>esse.</strong></span> <span class='ocrx_word' id='word_1_563' title='bbox 424 4432 489 4484; x_wconf 63' lang='lat' dir='ltr'><strong>lat</strong></span> <span class='ocrx_word' id='word_1_564' title='bbox 522 4429 797 4498; x_wconf 89' lang='lat' dir='ltr'><strong>quomodo</strong></span> <span class='ocrx_word' id='word_1_565' title='bbox 822 4427 968 4497; x_wconf 89' lang='lat' dir='ltr'><strong>quod</strong></span> <span class='ocrx_word' id='word_1_566' title='bbox 1011 4425 1194 4480; x_wconf 89' lang='lat' dir='ltr'><strong>minus</strong></span> <span class='ocrx_word' id='word_1_567' title='bbox 1225 4440 1346 4479; x_wconf 89' lang='lat' dir='ltr'><strong>sese</strong></span> <span class='ocrx_word' id='word_1_568' title='bbox 1396 4423 1663 4487; x_wconf 77' lang='lat' dir='ltr'><strong>extendit,</strong></span> <span class='ocrx_word' id='word_1_569' title='bbox 1697 4421 1844 4475; x_wconf 91' lang='lat' dir='ltr'><strong>illius</strong></span> 
     </span>
    </p>
   </div>
   <div class='ocr_carea' id='block_1_78' title="bbox 1931 3226 3510 3301">
    <p class='ocr_par' dir='ltr' id='par_1_78' title="bbox 1931 3226 3510 3301">
     <span class='ocr_line' id='line_1_78' title="bbox 1931 3226 3510 3301; baseline -0.008 -10"><span class='ocrx_word' id='word_1_570' title='bbox 1931 3235 2119 3297; x_wconf 85' lang='lat' dir='ltr'><strong>lativa,</strong></span> <span class='ocrx_word' id='word_1_571' title='bbox 2150 3234 2445 3289; x_wconf 88' lang='lat' dir='ltr'><strong>denotatur</strong></span> <span class='ocrx_word' id='word_1_572' title='bbox 2476 3233 2660 3301; x_wconf 87' lang='lat' dir='ltr'><strong>itaque</strong></span> <span class='ocrx_word' id='word_1_573' title='bbox 2698 3232 2787 3285; x_wconf 91' lang='lat' dir='ltr'><strong>hic</strong></span> <span class='ocrx_word' id='word_1_574' title='bbox 2817 3230 3081 3284; x_wconf 88' lang='lat' dir='ltr'><strong>habitudo</strong></span> <span class='ocrx_word' id='word_1_575' title='bbox 3108 3228 3336 3297; x_wconf 84' lang='lat' dir='ltr'><strong>originis</strong></span> <span class='ocrx_word' id='word_1_576' title='bbox 3372 3226 3510 3295; x_wconf 88' lang='grc'><strong>(86).</strong></span> 
     </span>
    </p>
   </div>
   <div class='ocr_carea' id='block_1_79' title="bbox 1931 3318 3524 3396">
    <p class='ocr_par' dir='ltr' id='par_1_79' title="bbox 1931 3318 3524 3396">
     <span class='ocr_line' id='line_1_79' title="bbox 1931 3318 3524 3396; baseline -0.006 -16"><span class='ocrx_word' id='word_1_577' title='bbox 1931 3326 2118 3396; x_wconf 83' lang='lat' dir='ltr'><strong>Neque</strong></span> <span class='ocrx_word' id='word_1_578' title='bbox 2165 3340 2327 3381; x_wconf 83' lang='lat' dir='ltr'><strong>secus</strong></span> <span class='ocrx_word' id='word_1_579' title='bbox 2375 3326 2516 3380; x_wconf 89' lang='lat' dir='ltr'><strong>ratio</strong></span> <span class='ocrx_word' id='word_1_580' title='bbox 2564 3324 2718 3378; x_wconf 89' lang='lat' dir='ltr'><strong>reddi</strong></span> <span class='ocrx_word' id='word_1_581' title='bbox 2761 3330 2970 3392; x_wconf 85' lang='lat' dir='ltr'><strong>posset,</strong></span> <span class='ocrx_word' id='word_1_582' title='bbox 3029 3336 3129 3377; x_wconf 90' lang='lat' dir='ltr'><strong>cur</strong></span> <span class='ocrx_word' id='word_1_583' title='bbox 3156 3335 3265 3373; x_wconf 86' lang='lat' dir='ltr'><strong>non</strong></span> <span class='ocrx_word' id='word_1_584' title='bbox 3309 3318 3524 3371; x_wconf 87' lang='lat' dir='ltr'><strong>dicatur</strong></span> 
     </span>
    </p>
   </div>
   <div class='ocr_carea' id='block_1_80' title="bbox 1936 3408 3525 3487">
    <p class='ocr_par' dir='ltr' id='par_1_80' title="bbox 1936 3408 3525 3487">
     <span class='ocr_line' id='line_1_80' title="bbox 1936 3408 3525 3487; baseline -0.006 -15"><span class='ocrx_word' id='word_1_585' title='bbox 1936 3418 2107 3473; x_wconf 88' lang='lat' dir='ltr'><strong>Filius</strong></span> <span class='ocrx_word' id='word_1_586' title='bbox 2136 3416 2393 3487; x_wconf 88' lang='lat' dir='ltr'><strong>pr0prius</strong></span> <span class='ocrx_word' id='word_1_587' title='bbox 2434 3415 2672 3486; x_wconf 86' lang='lat' dir='ltr'><strong>Spiritus</strong></span> <span class='ocrx_word' id='word_1_588' title='bbox 2702 3414 2899 3475; x_wconf 90' lang='lat' dir='ltr'><strong>sancti,</strong></span> <span class='ocrx_word' id='word_1_589' title='bbox 2929 3412 3090 3466; x_wconf 88' lang='lat' dir='ltr'><strong>Pater</strong></span> <span class='ocrx_word' id='word_1_590' title='bbox 3119 3410 3372 3481; x_wconf 89' lang='lat' dir='ltr'><strong>proprius</strong></span> <span class='ocrx_word' id='word_1_591' title='bbox 3396 3408 3525 3479; x_wconf 87' lang='lat' dir='ltr'><strong>Spi-</strong></span> 
     </span>
    </p>
   </div>
   <div class='ocr_carea' id='block_1_81' title="bbox 1935 3501 3525 3577">
    <p class='ocr_par' dir='ltr' id='par_1_81' title="bbox 1935 3501 3525 3577">
     <span class='ocr_line' id='line_1_81' title="bbox 1935 3501 3525 3577; baseline -0.006 -14"><span class='ocrx_word' id='word_1_592' title='bbox 1935 3511 2092 3564; x_wconf 85' lang='lat' dir='ltr'><strong>ritus.</strong></span> <span class='ocrx_word' id='word_1_593' title='bbox 2147 3507 2541 3577; x_wconf 85' lang='lat' dir='ltr'><strong>Proprietatem</strong></span> <span class='ocrx_word' id='word_1_594' title='bbox 2576 3521 2686 3559; x_wconf 85' lang='lat' dir='ltr'><strong>non</strong></span> <span class='ocrx_word' id='word_1_595' title='bbox 2728 3506 2895 3559; x_wconf 89' lang='lat' dir='ltr'><strong>habet</strong></span> <span class='ocrx_word' id='word_1_596' title='bbox 2944 3506 3127 3559; x_wconf 86' lang='lat' dir='ltr'><strong>divina</strong></span> <span class='ocrx_word' id='word_1_597' title='bbox 3175 3518 3407 3572; x_wconf 89' lang='lat' dir='ltr'><strong>persona</strong></span> <span class='ocrx_word' id='word_1_598' title='bbox 3469 3501 3525 3554; x_wconf 90' lang='lat' dir='ltr'><strong>in</strong></span> 
     </span>
    </p>
   </div>
   <div class='ocr_carea' id='block_1_82' title="bbox 1936 3595 3528 3667">
    <p class='ocr_par' dir='ltr' id='par_1_82' title="bbox 1936 3595 3528 3667">
     <span class='ocr_line' id='line_1_82' title="bbox 1936 3595 3528 3667; baseline -0.005 -11"><span class='ocrx_word' id='word_1_599' title='bbox 1936 3602 2120 3666; x_wconf 89' lang='lat' dir='ltr'><strong>aliam,</strong></span> <span class='ocrx_word' id='word_1_600' title='bbox 2175 3600 2280 3654; x_wconf 86' lang='lat' dir='ltr'><strong>nisi</strong></span> <span class='ocrx_word' id='word_1_601' title='bbox 2321 3598 2639 3653; x_wconf 89' lang='lat' dir='ltr'><strong>habitudine</strong></span> <span class='ocrx_word' id='word_1_602' title='bbox 2690 3596 2969 3667; x_wconf 82' lang='lat' dir='ltr'><strong>principii.</strong></span> <span class='ocrx_word' id='word_1_603' title='bbox 3032 3595 3365 3651; x_wconf 79' lang='lat' dir='ltr'><strong>Recolantur</strong></span> <span class='ocrx_word' id='word_1_604' title='bbox 3403 3608 3528 3664; x_wconf 83' lang='lat' dir='ltr'><strong>quae</strong></span> 
     </span>
    </p>
   </div>
   <div class='ocr_carea' id='block_1_83' title="bbox 1940 3685 3527 3763">
    <p class='ocr_par' dir='ltr' id='par_1_83' title="bbox 1940 3685 3527 3763">
     <span class='ocr_line' id='line_1_83' title="bbox 1940 3685 3527 3763; baseline -0.008 -15"><span class='ocrx_word' id='word_1_605' title='bbox 1940 3692 1987 3763; x_wconf 84' lang='lat'><strong>(§</strong></span> <span class='ocrx_word' id='word_1_606' title='bbox 2014 3693 2100 3761; x_wconf 77' lang='lat' dir='ltr'><strong>ll)</strong></span> <span class='ocrx_word' id='word_1_607' title='bbox 2133 3709 2200 3747; x_wconf 79' lang='lat' dir='ltr'><strong>ex</strong></span> <span class='ocrx_word' id='word_1_608' title='bbox 2238 3688 2564 3744; x_wconf 88' lang='lat' dir='ltr'><strong>Bessarione</strong></span> <span class='ocrx_word' id='word_1_609' title='bbox 2592 3688 2941 3742; x_wconf 80' lang='lat' dir='ltr'><strong>adduximus.</strong></span> <span class='ocrx_word' id='word_1_610' title='bbox 2967 3685 3181 3752; x_wconf 85' lang='lat' dir='ltr'><strong>Quibus</strong></span> <span class='ocrx_word' id='word_1_611' title='bbox 3208 3685 3307 3738; x_wconf 89' lang='lat' dir='ltr'><strong>ista</strong></span> <span class='ocrx_word' id='word_1_612' title='bbox 3332 3699 3527 3738; x_wconf 89' lang='lat' dir='ltr'><strong>conso-</strong></span> 
     </span>
    </p>
   </div>
   <div class='ocr_carea' id='block_1_84' title="bbox 1937 3772 3529 3851">
    <p class='ocr_par' dir='ltr' id='par_1_84' title="bbox 1937 3772 3529 3851">
     <span class='ocr_line' id='line_1_84' title="bbox 1937 3772 3529 3851; baseline -0.008 -13"><span class='ocrx_word' id='word_1_613' title='bbox 1937 3780 2306 3851; x_wconf 77' lang='lat' dir='ltr'><strong>nantGeorgii</strong></span> <span class='ocrx_word' id='word_1_614' title='bbox 2324 3777 2676 3849; x_wconf 86' lang='lat' dir='ltr'><strong>Trapezuntii</strong></span> <span class='ocrx_word' id='word_1_615' title='bbox 2698 3777 2761 3845; x_wconf 87' lang='grc' dir='ltr'>(Ι.</span> <span class='ocrx_word' id='word_1_616' title='bbox 2785 3792 2833 3829; x_wconf 91' lang='lat' dir='ltr'><strong>c.</strong></span> <span class='ocrx_word' id='word_1_617' title='bbox 2858 3792 2914 3845; x_wconf 93' lang='lat' dir='ltr'><strong>p.</strong></span> <span class='ocrx_word' id='word_1_618' title='bbox 2932 3775 3055 3840; x_wconf 72' lang='grc'><strong>541,</strong></span> <span class='ocrx_word' id='word_1_619' title='bbox 3082 3773 3208 3843; x_wconf 71' lang='grc'><strong>542)</strong></span> <span class='ocrx_word' id='word_1_620' title='bbox 3235 3791 3247 3826; x_wconf 89' lang='lat'><strong>:</strong></span> <span class='ocrx_word' id='word_1_621' title='bbox 3275 3792 3293 3823; x_wconf 85' lang='grc'><strong>‹</strong></span> <span class='ocrx_word' id='word_1_622' title='bbox 3321 3772 3529 3838; x_wconf 88' lang='lat' dir='ltr'><strong>Quem-</strong></span> 
     </span>
    </p>
   </div>
   <div class='ocr_carea' id='block_1_85' title="bbox 1942 3863 3529 3936">
    <p class='ocr_par' dir='ltr' id='par_1_85' title="bbox 1942 3863 3529 3936">
     <span class='ocr_line' id='line_1_85' title="bbox 1942 3863 3529 3936; baseline -0.008 -5"><span class='ocrx_word' id='word_1_623' title='bbox 1942 3875 2235 3931; x_wconf 82' lang='lat' dir='ltr'><strong>admodum</strong></span> <span class='ocrx_word' id='word_1_624' title='bbox 2283 3874 2444 3926; x_wconf 89' lang='lat' dir='ltr'><strong>Pater</strong></span> <span class='ocrx_word' id='word_1_625' title='bbox 2490 3880 2545 3924; x_wconf 90' lang='lat' dir='ltr'><strong>et</strong></span> <span class='ocrx_word' id='word_1_626' title='bbox 2587 3868 2757 3924; x_wconf 84' lang='lat' dir='ltr'><strong>Filius</strong></span> <span class='ocrx_word' id='word_1_627' title='bbox 2781 3869 3003 3922; x_wconf 88' lang='lat' dir='ltr'><strong>nomina</strong></span> <span class='ocrx_word' id='word_1_628' title='bbox 3036 3874 3165 3921; x_wconf 88' lang='lat' dir='ltr'><strong>sunt</strong></span> <span class='ocrx_word' id='word_1_629' title='bbox 3191 3863 3529 3936; x_wconf 79' lang='lat' dir='ltr'><strong>hyposlatioa</strong></span> 
     </span>
    </p>
   </div>
   <div class='ocr_carea' id='block_1_86' title="bbox 1942 3951 3531 4028">
    <p class='ocr_par' dir='ltr' id='par_1_86' title="bbox 1942 3951 3531 4028">
     <span class='ocr_line' id='line_1_86' title="bbox 1942 3951 3531 4028; baseline -0.009 -7"><span class='ocrx_word' id='word_1_630' title='bbox 1942 3965 2164 4021; x_wconf 90' lang='lat' dir='ltr'><strong>modum</strong></span> <span class='ocrx_word' id='word_1_631' title='bbox 2217 3961 2520 4018; x_wconf 82' lang='lat' dir='ltr'><strong>exsistendi</strong></span> <span class='ocrx_word' id='word_1_632' title='bbox 2567 3960 2678 4026; x_wconf 72' lang='grc' dir='ltr'><strong>(τὸν</strong></span> <span class='ocrx_word' id='word_1_633' title='bbox 2714 3958 2916 4028; x_wconf 81' lang='grc' dir='ltr'>τρόπον</span> <span class='ocrx_word' id='word_1_634' title='bbox 2962 3955 3060 4009; x_wconf 81' lang='grc' dir='ltr'>τοῦ</span> <span class='ocrx_word' id='word_1_635' title='bbox 3110 3951 3271 4024; x_wconf 77' lang='grc' dir='ltr'><strong>εἶναι)</strong></span> <span class='ocrx_word' id='word_1_636' title='bbox 3336 3955 3531 4008; x_wconf 89' lang='lat' dir='ltr'><strong>harum</strong></span> 
     </span>
    </p>
   </div>
   <div class='ocr_carea' id='block_1_87' title="bbox 1946 4044 3533 4131">
    <p class='ocr_par' dir='ltr' id='par_1_87' title="bbox 1946 4044 3533 4131">
     <span class='ocr_line' id='line_1_87' title="bbox 1946 4044 3533 4131; baseline -0.011 -17"><span class='ocrx_word' id='word_1_637' title='bbox 1946 4057 2097 4131; x_wconf 77' lang='grc'><strong>[187]</strong></span> <span class='ocrx_word' id='word_1_638' title='bbox 2136 4058 2506 4126; x_wconf 85' lang='lat' dir='ltr'><strong>hypostaseon</strong></span> <span class='ocrx_word' id='word_1_639' title='bbox 2535 4050 2857 4114; x_wconf 83' lang='lat' dir='ltr'><strong>indicantia,</strong></span> <span class='ocrx_word' id='word_1_640' title='bbox 2894 4049 3010 4120; x_wconf 91' lang='lat' dir='ltr'><strong>pari</strong></span> <span class='ocrx_word' id='word_1_641' title='bbox 3034 4047 3245 4101; x_wconf 88' lang='lat' dir='ltr'><strong>ratione</strong></span> <span class='ocrx_word' id='word_1_642' title='bbox 3273 4054 3329 4099; x_wconf 89' lang='lat' dir='ltr'><strong>et</strong></span> <span class='ocrx_word' id='word_1_643' title='bbox 3356 4044 3533 4113; x_wconf 88' lang='lat' dir='ltr'><strong>Spiri-</strong></span> 
     </span>
    </p>
   </div>
   <div class='ocr_carea' id='block_1_88' title="bbox 1944 4137 3535 4217">
    <p class='ocr_par' dir='ltr' id='par_1_88' title="bbox 1944 4137 3535 4217">
     <span class='ocr_line' id='line_1_88' title="bbox 1944 4137 3535 4217; baseline -0.012 -10"><span class='ocrx_word' id='word_1_644' title='bbox 1944 4160 2035 4207; x_wconf 90' lang='lat' dir='ltr'><strong>tus</strong></span> <span class='ocrx_word' id='word_1_645' title='bbox 2096 4163 2298 4217; x_wconf 84' lang='lat' dir='ltr'><strong>nomen</strong></span> <span class='ocrx_word' id='word_1_646' title='bbox 2353 4145 2754 4217; x_wconf 77' lang='lat' dir='ltr'><strong>hypostaticum</strong></span> <span class='ocrx_word' id='word_1_647' title='bbox 2814 4151 2918 4207; x_wconf 90' lang='lat' dir='ltr'><strong>est,</strong></span> <span class='ocrx_word' id='word_1_648' title='bbox 2972 4139 3267 4194; x_wconf 86' lang='lat' dir='ltr'><strong>exsistendi</strong></span> <span class='ocrx_word' id='word_1_649' title='bbox 3313 4137 3535 4191; x_wconf 88' lang='lat' dir='ltr'><strong>modum</strong></span> 
     </span>
    </p>
   </div>
   <div class='ocr_carea' id='block_1_89' title="bbox 1944 4230 3535 4316">
    <p class='ocr_par' dir='ltr' id='par_1_89' title="bbox 1944 4230 3535 4316">
     <span class='ocr_line' id='line_1_89' title="bbox 1944 4230 3535 4316; baseline -0.011 -18"><span class='ocrx_word' id='word_1_650' title='bbox 1944 4244 2120 4316; x_wconf 91' lang='lat' dir='ltr'><strong>ipsius</strong></span> <span class='ocrx_word' id='word_1_651' title='bbox 2156 4240 2535 4297; x_wconf 79' lang='lat' dir='ltr'><strong>manifestans.</strong></span> <span class='ocrx_word' id='word_1_652' title='bbox 2568 4238 2645 4292; x_wconf 83' lang='lat' dir='ltr'><strong>Ex</strong></span> <span class='ocrx_word' id='word_1_653' title='bbox 2678 4237 2839 4291; x_wconf 87' lang='lat' dir='ltr'><strong>Patre</strong></span> <span class='ocrx_word' id='word_1_654' title='bbox 2869 4250 2999 4304; x_wconf 78' lang='lat' dir='ltr'><strong>ergo</strong></span> <span class='ocrx_word' id='word_1_655' title='bbox 3024 4242 3079 4287; x_wconf 89' lang='lat' dir='ltr'><strong>et</strong></span> <span class='ocrx_word' id='word_1_656' title='bbox 3105 4232 3243 4286; x_wconf 89' lang='lat' dir='ltr'><strong>Filio</strong></span> <span class='ocrx_word' id='word_1_657' title='bbox 3274 4230 3535 4300; x_wconf 86' lang='lat' dir='ltr'><strong>spiratur,</strong></span> 
     </span>
    </p>
   </div>
   <div class='ocr_carea' id='block_1_90' title="bbox 1947 4320 3535 4397">
    <p class='ocr_par' dir='ltr' id='par_1_90' title="bbox 1947 4320 3535 4397">
     <span class='ocr_line' id='line_1_90' title="bbox 1947 4320 3535 4397; baseline -0.01 -6"><span class='ocrx_word' id='word_1_658' title='bbox 1947 4351 2072 4391; x_wconf 89' lang='lat' dir='ltr'><strong>cum</strong></span> <span class='ocrx_word' id='word_1_659' title='bbox 2108 4334 2393 4388; x_wconf 86' lang='lat' dir='ltr'><strong>amborum</strong></span> <span class='ocrx_word' id='word_1_660' title='bbox 2438 4330 2509 4385; x_wconf 88' lang='lat' dir='ltr'><strong>sit</strong></span> <span class='ocrx_word' id='word_1_661' title='bbox 2544 4328 2803 4397; x_wconf 89' lang='lat' dir='ltr'><strong>Spiritus.</strong></span> <span class='ocrx_word' id='word_1_662' title='bbox 2845 4344 2885 4378; x_wconf 60' lang='lat'><strong>9&#39;</strong></span> <span class='ocrx_word' id='word_1_663' title='bbox 2914 4323 3021 4394; x_wconf 82' lang='lat' dir='ltr'><strong>(Cl.</strong></span> <span class='ocrx_word' id='word_1_664' title='bbox 3049 4323 3236 4377; x_wconf 91' lang='lat' dir='ltr'><strong>eumd.</strong></span> <span class='ocrx_word' id='word_1_665' title='bbox 3288 4321 3355 4375; x_wconf 88' lang='lat' dir='ltr'><strong>ad</strong></span> <span class='ocrx_word' id='word_1_666' title='bbox 3373 4320 3535 4375; x_wconf 81' lang='lat' dir='ltr'><strong>Joan.</strong></span> 
     </span>
    </p>
   </div>
   <div class='ocr_carea' id='block_1_91' title="bbox 1948 4414 3540 4492">
    <p class='ocr_par' dir='ltr' id='par_1_91' title="bbox 1948 4414 3540 4492">
     <span class='ocr_line' id='line_1_91' title="bbox 1948 4414 3540 4492; baseline -0.011 -9"><span class='ocrx_word' id='word_1_667' title='bbox 1948 4426 2177 4483; x_wconf 84' lang='lat' dir='ltr'><strong>Cubocl.</strong></span> <span class='ocrx_word' id='word_1_668' title='bbox 2216 4441 2265 4479; x_wconf 95' lang='lat' dir='ltr'><strong>c.</strong></span> <span class='ocrx_word' id='word_1_669' title='bbox 2310 4424 2399 4488; x_wconf 81' lang='grc'><strong>10,</strong></span> <span class='ocrx_word' id='word_1_670' title='bbox 2429 4439 2483 4492; x_wconf 91' lang='lat' dir='ltr'><strong>p.</strong></span> <span class='ocrx_word' id='word_1_671' title='bbox 2517 4420 2670 4490; x_wconf 71' lang='grc'>487.)</span> <span class='ocrx_word' id='word_1_672' title='bbox 2705 4418 2951 4481; x_wconf 86' lang='lat' dir='ltr'><strong>Accedit,</strong></span> <span class='ocrx_word' id='word_1_673' title='bbox 2986 4416 3129 4486; x_wconf 90' lang='lat' dir='ltr'><strong>quod</strong></span> <span class='ocrx_word' id='word_1_674' title='bbox 3162 4416 3312 4485; x_wconf 80' lang='lat' dir='ltr'><strong>juxta</strong></span> <span class='ocrx_word' id='word_1_675' title='bbox 3352 4414 3540 4466; x_wconf 89' lang='lat' dir='ltr'><strong>Patres</strong></span> 
     </span>
    </p>
   </div>
   <div class='ocr_carea' id='block_1_92' title="bbox 254 4506 3539 4592">
    <p class='ocr_par' dir='ltr' id='par_1_92' title="bbox 254 4506 3539 4592">
     <span class='ocr_line' id='line_1_92' title="bbox 254 4506 3539 4592; baseline -0.006 -18"><span class='ocrx_word' id='word_1_676' title='bbox 254 4524 392 4590; x_wconf 87' lang='lat' dir='ltr'><strong>quod</strong></span> <span class='ocrx_word' id='word_1_677' title='bbox 436 4522 633 4592; x_wconf 82' lang='lat' dir='ltr'><strong>rragis,</strong></span> <span class='ocrx_word' id='word_1_678' title='bbox 665 4537 886 4575; x_wconf 88' lang='lat' dir='ltr'><strong>causam</strong></span> <span class='ocrx_word' id='word_1_679' title='bbox 913 4535 1035 4574; x_wconf 89' lang='lat' dir='ltr'><strong>esse</strong></span> <span class='ocrx_word' id='word_1_680' title='bbox 1077 4518 1404 4573; x_wconf 71' lang='lat' dir='ltr'><strong>fatebimur?</strong></span> <span class='ocrx_word' id='word_1_681' title='bbox 1439 4517 1613 4568; x_wconf 74' lang='lat' dir='ltr'><strong>Causa</strong></span> <span class='ocrx_word' id='word_1_682' title='bbox 1639 4513 1842 4568; x_wconf 90' lang='lat' dir='ltr'><strong>etenim</strong></span> <span class='ocrx_word' id='word_1_683' title='bbox 1872 4523 1927 4582; x_wconf 84' lang='lat'><strong>])</strong></span> <span class='ocrx_word' id='word_1_684' title='bbox 1952 4520 2172 4576; x_wconf 64' lang='lat' dir='ltr'><strong>amcos</strong></span> <span class='ocrx_word' id='word_1_685' title='bbox 2200 4518 2392 4571; x_wconf 77' lang='lat' dir='ltr'><strong>eodem</strong></span> <span class='ocrx_word' id='word_1_686' title='bbox 2421 4515 2657 4584; x_wconf 70' lang='lat' dir='ltr'><strong>Spiritus</strong></span> <span class='ocrx_word' id='word_1_687' title='bbox 2686 4511 2849 4566; x_wconf 80' lang='lat' dir='ltr'><strong>modo</strong></span> <span class='ocrx_word' id='word_1_688' title='bbox 2872 4510 3130 4580; x_wconf 81' lang='lat' dir='ltr'><strong>proprius</strong></span> <span class='ocrx_word' id='word_1_689' title='bbox 3152 4516 3236 4561; x_wconf 85' lang='lat' dir='ltr'><strong>est</strong></span> <span class='ocrx_word' id='word_1_690' title='bbox 3263 4506 3408 4568; x_wconf 90' lang='lat' dir='ltr'><strong>Filii,</strong></span> <span class='ocrx_word' id='word_1_691' title='bbox 3430 4520 3539 4573; x_wconf 90' lang='lat' dir='ltr'><strong>quo</strong></span> 
     </span>
    </p>
   </div>
   <div class='ocr_carea' id='block_1_93' title="bbox 256 4612 1845 4689">
    <p class='ocr_par' dir='ltr' id='par_1_93' title="bbox 256 4612 1845 4689">
     <span class='ocr_line' id='line_1_93' title="bbox 256 4612 1845 4689; baseline -0.009 -16"><span class='ocrx_word' id='word_1_692' title='bbox 256 4622 319 4673; x_wconf 86' lang='lat' dir='ltr'><strong>de</strong></span> <span class='ocrx_word' id='word_1_693' title='bbox 342 4620 595 4689; x_wconf 85' lang='lat' dir='ltr'><strong>pluribus</strong></span> <span class='ocrx_word' id='word_1_694' title='bbox 630 4617 713 4670; x_wconf 69' lang='lat' dir='ltr'><strong>vel</strong></span> <span class='ocrx_word' id='word_1_695' title='bbox 762 4615 1009 4677; x_wconf 86' lang='lat' dir='ltr'><strong>paribus,</strong></span> <span class='ocrx_word' id='word_1_696' title='bbox 1048 4612 1092 4665; x_wconf 92' lang='lat' dir='ltr'><strong>si</strong></span> <span class='ocrx_word' id='word_1_697' title='bbox 1146 4620 1338 4666; x_wconf 87' lang='lat' dir='ltr'><strong>contra</strong></span> <span class='ocrx_word' id='word_1_698' title='bbox 1374 4618 1650 4672; x_wconf 85' lang='lat' dir='ltr'><strong>versatur,</strong></span> <span class='ocrx_word' id='word_1_699' title='bbox 1698 4622 1845 4660; x_wconf 89' lang='lat' dir='ltr'><strong>nun-</strong></span> 
     </span>
    </p>
   </div>
   <div class='ocr_carea' id='block_1_94' title="bbox 258 4703 1419 4783">
    <p class='ocr_par' dir='ltr' id='par_1_94' title="bbox 258 4703 1419 4783">
     <span class='ocr_line' id='line_1_94' title="bbox 258 4703 1419 4783; baseline -0.008 -18"><span class='ocrx_word' id='word_1_700' title='bbox 258 4729 413 4783; x_wconf 73' lang='lat' dir='ltr'><strong>quam</strong></span> <span class='ocrx_word' id='word_1_701' title='bbox 447 4728 579 4765; x_wconf 73' lang='lat' dir='ltr'><strong>vero</strong></span> <span class='ocrx_word' id='word_1_702' title='bbox 611 4712 678 4764; x_wconf 90' lang='lat' dir='ltr'><strong>de</strong></span> <span class='ocrx_word' id='word_1_703' title='bbox 709 4708 1081 4778; x_wconf 87' lang='lat' dir='ltr'><strong>paucioribus.</strong></span> <span class='ocrx_word' id='word_1_704' title='bbox 1116 4724 1133 4755; x_wconf 73' lang='grc' dir='ltr'><strong>ι</strong></span> <span class='ocrx_word' id='word_1_705' title='bbox 1161 4703 1244 4773; x_wconf 85' lang='grc' dir='ltr'><strong>(Ρ.</strong></span> <span class='ocrx_word' id='word_1_706' title='bbox 1269 4703 1419 4768; x_wconf 76' lang='grc'>593.)</span> 
     </span>
    </p>
   </div>
   <div class='ocr_carea' id='block_1_95' title="bbox 328 4792 1848 4870">
    <p class='ocr_par' dir='ltr' id='par_1_95' title="bbox 328 4792 1848 4870">
     <span class='ocr_line' id='line_1_95' title="bbox 328 4792 1848 4870; baseline -0.008 -12"><span class='ocrx_word' id='word_1_707' title='bbox 328 4808 412 4858; x_wconf 77' lang='lat' dir='ltr'><strong>M.</strong></span> <span class='ocrx_word' id='word_1_708' title='bbox 446 4805 553 4858; x_wconf 83' lang='lat' dir='ltr'><strong>Alii</strong></span> <span class='ocrx_word' id='word_1_709' title='bbox 581 4820 709 4857; x_wconf 83' lang='lat' dir='ltr'><strong>vero</strong></span> <span class='ocrx_word' id='word_1_710' title='bbox 735 4803 775 4855; x_wconf 87' lang='grc' dir='ltr'>Τ</span> <span class='ocrx_word' id='word_1_711' title='bbox 786 4800 996 4870; x_wconf 83' lang='lat' dir='ltr'><strong>heologi</strong></span> <span class='ocrx_word' id='word_1_712' title='bbox 1025 4806 1081 4852; x_wconf 89' lang='lat' dir='ltr'><strong>et</strong></span> <span class='ocrx_word' id='word_1_713' title='bbox 1101 4798 1236 4851; x_wconf 87' lang='lat' dir='ltr'><strong>alias</strong></span> <span class='ocrx_word' id='word_1_714' title='bbox 1266 4795 1556 4866; x_wconf 81' lang='lat' dir='ltr'><strong>proferunt</strong></span> <span class='ocrx_word' id='word_1_715' title='bbox 1587 4792 1848 4857; x_wconf 88' lang='lat' dir='ltr'><strong>rationes,</strong></span> 
     </span>
    </p>
   </div>
   <div class='ocr_carea' id='block_1_96' title="bbox 332 4972 1851 5051">
    <p class='ocr_par' dir='ltr' id='par_1_96' title="bbox 332 4972 1851 5051">
     <span class='ocr_line' id='line_1_96' title="bbox 332 4972 1851 5051; baseline -0.005 -18"><span class='ocrx_word' id='word_1_716' title='bbox 332 4983 444 5051; x_wconf 77' lang='grc'>(85)</span> <span class='ocrx_word' id='word_1_717' title='bbox 491 4975 1285 5051; x_wconf 68' lang='lat' dir='ltr'><strong>Marc.__l‘3phes._in_(lonfess.</strong></span> <span class='ocrx_word' id='word_1_718' title='bbox 1336 4973 1681 5051; x_wconf 3' lang='lat' dir='ltr'><strong>ap_.gGrego_r.</strong></span> <span class='ocrx_word' id='word_1_719' title='bbox 1730 4972 1851 5051; x_wconf 72' lang='lat' dir='ltr'><strong>Lpl_.</strong></span> 
     </span>
    </p>
   </div>
   <div class='ocr_carea' id='block_1_97' title="bbox 269 5042 1854 5121">
    <p class='ocr_par' dir='ltr' id='par_1_97' title="bbox 269 5042 1854 5121">
     <span class='ocr_line' id='line_1_97' title="bbox 269 5042 1854 5121; baseline -0.008 -15"><span class='ocrx_word' id='word_1_720' title='bbox 269 5042 436 5121; x_wconf 57' lang='grc' dir='ltr'><strong>Αροῑξ</strong></span> <span class='ocrx_word' id='word_1_721' title='bbox 492 5052 614 5104; x_wconf 81' lang='lat' dir='ltr'><strong>cod.</strong></span> <span class='ocrx_word' id='word_1_722' title='bbox 650 5042 815 5121; x_wconf 26' lang='lat' dir='ltr'><strong>dMo‘u.</strong></span> <span class='ocrx_word' id='word_1_723' title='bbox 873 5048 941 5100; x_wconf 69' lang='lat'><strong>27</strong></span> <span class='ocrx_word' id='word_1_724' title='bbox 979 5046 1033 5121; x_wconf 26' lang='lat' dir='ltr'><strong>gf.</strong></span> <span class='ocrx_word' id='word_1_725' title='bbox 1232 5061 1282 5099; x_wconf 83' lang='lat' dir='ltr'><strong>a.</strong></span> <span class='ocrx_word' id='word_1_726' title='bbox 1344 5063 1357 5097; x_wconf 92' lang='lat'>:</span> <span class='ocrx_word' id='word_1_727' title='bbox 1402 5044 1562 5121; x_wconf 64' lang='lat' dir='ltr'><strong>&#39;U_6&amp;_</strong></span> <span class='ocrx_word' id='word_1_728' title='bbox 1596 5043 1725 5121; x_wconf 59' lang='lat' dir='ltr'><strong>Tib;</strong></span> <span class='ocrx_word' id='word_1_729' title='bbox 1758 5042 1854 5095; x_wconf 70' lang='grc' dir='ltr'><strong>’ἑοῦ</strong></span> 
     </span>
    </p>
   </div>
   <div class='ocr_carea' id='block_1_98' title="bbox 270 5114 1857 5194">
    <p class='ocr_par' dir='ltr' id='par_1_98' title="bbox 270 5114 1857 5194">
     <span class='ocr_line' id='line_1_98' title="bbox 270 5114 1857 5194; baseline -0.007 -17"><span class='ocrx_word' id='word_1_730' title='bbox 270 5114 408 5177; x_wconf 59' lang='lat' dir='ltr'><strong>Ilva?</strong></span> <span class='ocrx_word' id='word_1_731' title='bbox 421 5140 591 5194; x_wconf 81' lang='grc' dir='ltr'>ματος</span> <span class='ocrx_word' id='word_1_732' title='bbox 616 5118 738 5171; x_wconf 76' lang='grc' dir='ltr'><strong>οὔτε</strong></span> <span class='ocrx_word' id='word_1_733' title='bbox 765 5120 912 5171; x_wconf 76' lang='grc' dir='ltr'><strong>ἔστιν</strong></span> <span class='ocrx_word' id='word_1_734' title='bbox 945 5115 1071 5169; x_wconf 74' lang='grc' dir='ltr'>οὔτε</span> <span class='ocrx_word' id='word_1_735' title='bbox 1098 5116 1319 5184; x_wconf 79' lang='grc' dir='ltr'><strong>λέγεται</strong></span> <span class='ocrx_word' id='word_1_736' title='bbox 1353 5116 1495 5169; x_wconf 77' lang='grc' dir='ltr'>κατὰ</span> <span class='ocrx_word' id='word_1_737' title='bbox 1517 5114 1606 5167; x_wconf 78' lang='grc' dir='ltr'><strong>τὸν</strong></span> <span class='ocrx_word' id='word_1_738' title='bbox 1631 5115 1857 5184; x_wconf 80' lang='grc' dir='ltr'><strong>Νύσσης</strong></span> 
     </span>
    </p>
   </div>
   <div class='ocr_carea' id='block_1_99' title="bbox 270 5196 593 5246">
    <p class='ocr_par' dir='ltr' id='par_1_99' title="bbox 270 5196 593 5246">
     <span class='ocr_line' id='line_1_99' title="bbox 270 5196 593 5246; baseline -0.012 0"><span class='ocrx_word' id='word_1_739' title='bbox 270 5196 593 5246; x_wconf 66' lang='grc' dir='ltr'><strong>Γοττγόοιον.</strong></span> 
     </span>
    </p>
   </div>
   <div class='ocr_carea' id='block_1_100' title="bbox 314 5211 1856 5335">
    <p class='ocr_par' dir='ltr' id='par_1_100' title="bbox 314 5211 1856 5335">
     <span class='ocr_line' id='line_1_100' title="bbox 314 5211 1856 5335; baseline -0.008 -17"><span class='ocrx_word' id='word_1_740' title='bbox 314 5211 694 5335; x_wconf 57' lang='grc' dir='ltr'><strong>ρῖὲῖῧρῗξζπε,</strong></span> <span class='ocrx_word' id='word_1_741' title='bbox 732 5260 917 5335; x_wconf 84' lang='lat' dir='ltr'><strong>Schol.</strong></span> <span class='ocrx_word' id='word_1_742' title='bbox 952 5258 1017 5313; x_wconf 90' lang='lat' dir='ltr'><strong>ad</strong></span> <span class='ocrx_word' id='word_1_743' title='bbox 1047 5273 1167 5326; x_wconf 89' lang='lat' dir='ltr'><strong>cap.</strong></span> <span class='ocrx_word' id='word_1_744' title='bbox 1200 5257 1272 5335; x_wconf 65' lang='lat' dir='ltr'><strong>ia</strong></span> <span class='ocrx_word' id='word_1_745' title='bbox 1312 5254 1532 5335; x_wconf 69' lang='lat' dir='ltr'><strong>Ephesii</strong></span> <span class='ocrx_word' id='word_1_746' title='bbox 1568 5253 1713 5335; x_wconf 80' lang='lat' dir='ltr'><strong>(cod.</strong></span> <span class='ocrx_word' id='word_1_747' title='bbox 1762 5253 1856 5335; x_wconf 63' lang='lat' dir='ltr'><strong>cit.</strong></span> 
     </span>
    </p>
   </div>
   <div class='ocr_carea' id='block_1_101' title="bbox 275 5324 1859 5391">
    <p class='ocr_par' dir='ltr' id='par_1_101' title="bbox 275 5324 1859 5391">
     <span class='ocr_line' id='line_1_101' title="bbox 275 5324 1859 5391; baseline -0.008 -3"><span class='ocrx_word' id='word_1_748' title='bbox 275 5337 312 5389; x_wconf 79' lang='lat' dir='ltr'><strong>f.</strong></span> <span class='ocrx_word' id='word_1_749' title='bbox 344 5324 452 5389; x_wconf 58' lang='grc' dir='ltr'><strong>ὲιύ</strong></span> <span class='ocrx_word' id='word_1_750' title='bbox 484 5336 558 5389; x_wconf 85' lang='lat' dir='ltr'><strong>a.)</strong></span> <span class='ocrx_word' id='word_1_751' title='bbox 607 5324 807 5385; x_wconf 58' lang='lat' dir='ltr'><strong>eiinde</strong></span> <span class='ocrx_word' id='word_1_752' title='bbox 855 5324 1379 5384; x_wconf 76' lang='lat' dir='ltr'><strong>demonstrationem</strong></span> <span class='ocrx_word' id='word_1_753' title='bbox 1429 5342 1459 5378; x_wconf 91' lang='lat' dir='ltr'><strong>a</strong></span> <span class='ocrx_word' id='word_1_754' title='bbox 1497 5325 1702 5378; x_wconf 85' lang='lat' dir='ltr'><strong>Latinis</strong></span> <span class='ocrx_word' id='word_1_755' title='bbox 1750 5324 1859 5391; x_wconf 90' lang='lat' dir='ltr'><strong>peti</strong></span> 
     </span>
    </p>
   </div>
   <div class='ocr_carea' id='block_1_102' title="bbox 276 5394 1859 5473">
    <p class='ocr_par' dir='ltr' id='par_1_102' title="bbox 276 5394 1859 5473">
     <span class='ocr_line' id='line_1_102' title="bbox 276 5394 1859 5473; baseline -0.008 -18"><span class='ocrx_word' id='word_1_756' title='bbox 276 5408 455 5469; x_wconf 83' lang='lat' dir='ltr'><strong>docet,</strong></span> <span class='ocrx_word' id='word_1_757' title='bbox 484 5406 574 5473; x_wconf 83' lang='grc' dir='ltr'><strong>Μὴ</strong></span> <span class='ocrx_word' id='word_1_758' title='bbox 601 5402 711 5455; x_wconf 86' lang='grc' dir='ltr'>δεῖν</span> <span class='ocrx_word' id='word_1_759' title='bbox 735 5403 828 5453; x_wconf 70' lang='grc' dir='ltr'><strong>ἐπὶ</strong></span> <span class='ocrx_word' id='word_1_760' title='bbox 849 5401 957 5452; x_wconf 81' lang='grc' dir='ltr'><strong>τῶν</strong></span> <span class='ocrx_word' id='word_1_761' title='bbox 982 5399 1146 5473; x_wconf 64' lang='grc' dir='ltr'>Οεξων</span> <span class='ocrx_word' id='word_1_762' title='bbox 1170 5399 1336 5473; x_wconf 40' lang='lat' dir='ltr'><strong>eam</strong></span> <span class='ocrx_word' id='word_1_763' title='bbox 1359 5395 1694 5473; x_wconf 50' lang='grc' dir='ltr'><strong>τιγὰρχέςιγ</strong></span> <span class='ocrx_word' id='word_1_764' title='bbox 1719 5394 1859 5461; x_wconf 74' lang='grc' dir='ltr'>πλὴν</span> 
     </span>
    </p>
   </div>
   <div class='ocr_carea' id='block_1_103' title="bbox 275 5463 1863 5562">
    <p class='ocr_par' dir='ltr' id='par_1_103' title="bbox 275 5463 1863 5562">
     <span class='ocr_line' id='line_1_103' title="bbox 275 5463 1863 5562; baseline -0.008 -34"><span class='ocrx_word' id='word_1_765' title='bbox 275 5477 371 5562; x_wconf 66' lang='grc' dir='ltr'><strong>τῇς</strong></span> <span class='ocrx_word' id='word_1_766' title='bbox 399 5463 523 5528; x_wconf 64' lang='grc' dir='ltr'><strong>κᾷτ’</strong></span> <span class='ocrx_word' id='word_1_767' title='bbox 553 5463 735 5526; x_wconf 80' lang='grc' dir='ltr'>ἀίτίαν</span> <span class='ocrx_word' id='word_1_768' title='bbox 761 5474 925 5536; x_wconf 81' lang='grc' dir='ltr'>νοεῖν,</span> <span class='ocrx_word' id='word_1_769' title='bbox 967 5470 1170 5523; x_wconf 77' lang='grc' dir='ltr'><strong>ὁπόταν</strong></span> <span class='ocrx_word' id='word_1_770' title='bbox 1197 5463 1385 5537; x_wconf 67' lang='grc' dir='ltr'>ἕτερον</span> <span class='ocrx_word' id='word_1_771' title='bbox 1415 5463 1604 5535; x_wconf 76' lang='grc' dir='ltr'><strong>ἑτέρου</strong></span> <span class='ocrx_word' id='word_1_772' title='bbox 1633 5463 1863 5534; x_wconf 75' lang='grc' dir='ltr'><strong>λέγηται</strong></span> 
     </span>
    </p>
   </div>
   <div class='ocr_carea' id='block_1_104' title="bbox 278 5563 437 5599">
    <p class='ocr_par' dir='ltr' id='par_1_104' title="bbox 278 5563 437 5599">
     <span class='ocr_line' id='line_1_104' title="bbox 278 5563 437 5599; baseline 0 -1"><span class='ocrx_word' id='word_1_773' title='bbox 278 5563 437 5599; x_wconf 74' lang='grc' dir='ltr'><strong>ειναι.</strong></span> 
     </span>
    </p>
   </div>
   <div class='ocr_carea' id='block_1_105' title="bbox 349 5603 1858 5686">
    <p class='ocr_par' dir='ltr' id='par_1_105' title="bbox 349 5603 1858 5686">
     <span class='ocr_line' id='line_1_105' title="bbox 349 5603 1858 5686; baseline -0.009 -16"><span class='ocrx_word' id='word_1_774' title='bbox 349 5618 464 5686; x_wconf 85' lang='lat'><strong>(87)</strong></span> <span class='ocrx_word' id='word_1_775' title='bbox 503 5613 691 5686; x_wconf 74' lang='lat' dir='ltr'><strong>Cyrill.</strong></span> <span class='ocrx_word' id='word_1_776' title='bbox 718 5612 873 5686; x_wconf 76' lang='lat' dir='ltr'><strong>Alex.</strong></span> <span class='ocrx_word' id='word_1_777' title='bbox 903 5612 958 5665; x_wconf 91' lang='lat' dir='ltr'><strong>in</strong></span> <span class='ocrx_word' id='word_1_778' title='bbox 988 5610 1291 5686; x_wconf 37' lang='grc' dir='ltr'><strong>δοτιΙιηκνι.</strong></span> <span class='ocrx_word' id='word_1_779' title='bbox 1327 5608 1438 5686; x_wconf 65' lang='lat' dir='ltr'><strong>(ap.</strong></span> <span class='ocrx_word' id='word_1_780' title='bbox 1466 5605 1658 5686; x_wconf 48' lang='lat' dir='ltr'><strong>C(Lnst:</strong></span> <span class='ocrx_word' id='word_1_781' title='bbox 1691 5603 1858 5682; x_wconf 55' lang='lat' dir='ltr'><strong>Melit:</strong></span> 
     </span>
    </p>
   </div>
   <div class='ocr_carea' id='block_1_106' title="bbox 284 5673 1865 5752">
    <p class='ocr_par' dir='ltr' id='par_1_106' title="bbox 284 5673 1865 5752">
     <span class='ocr_line' id='line_1_106' title="bbox 284 5673 1865 5752; baseline -0.008 -14"><span class='ocrx_word' id='word_1_782' title='bbox 284 5673 697 5752; x_wconf 44' lang='lat' dir='ltr'><strong>C.‘0.&#39;l|,&#39;67l)</strong></span> <span class='ocrx_word' id='word_1_783' title='bbox 733 5701 746 5737; x_wconf 87' lang='lat'><strong>:</strong></span> <span class='ocrx_word' id='word_1_784' title='bbox 778 5684 989 5752; x_wconf 73' lang='grc' dir='ltr'>Ὥσπερ</span> <span class='ocrx_word' id='word_1_785' title='bbox 1015 5682 1122 5749; x_wconf 76' lang='grc' dir='ltr'>γάρ</span> <span class='ocrx_word' id='word_1_786' title='bbox 1155 5683 1305 5752; x_wconf 63' lang='grc' dir='ltr'>ἐστιν</span> <span class='ocrx_word' id='word_1_787' title='bbox 1336 5673 1493 5752; x_wconf 51' lang='grc' dir='ltr'><strong>ζῷον⁸</strong></span> <span class='ocrx_word' id='word_1_788' title='bbox 1521 5675 1743 5752; x_wconf 30' lang='grc' dir='ltr'><strong>Πνᾳεῦμα</strong></span> <span class='ocrx_word' id='word_1_789' title='bbox 1766 5673 1865 5752; x_wconf 51' lang='grc' dir='ltr'><strong>βιοῦ</strong></span> 
     </span>
    </p>
   </div>
   <div class='ocr_carea' id='block_1_107' title="bbox 286 5746 1864 5823">
    <p class='ocr_par' dir='ltr' id='par_1_107' title="bbox 286 5746 1864 5823">
     <span class='ocr_line' id='line_1_107' title="bbox 286 5746 1864 5823; baseline -0.009 -14"><span class='ocrx_word' id='word_1_790' title='bbox 286 5756 414 5809; x_wconf 75' lang='grc' dir='ltr'><strong>Υἱοῦ</strong></span> <span class='ocrx_word' id='word_1_791' title='bbox 434 5746 754 5823; x_wconf 59' lang='grc' dir='ltr'><strong>φυάικῶέὲν</strong></span> <span class='ocrx_word' id='word_1_792' title='bbox 776 5751 926 5822; x_wconf 83' lang='grc' dir='ltr'><strong>αὑτῷ</strong></span> <span class='ocrx_word' id='word_1_793' title='bbox 949 5746 1197 5823; x_wconf 58' lang='grc' dir='ltr'><strong>ὑπάρχον</strong></span> <span class='ocrx_word' id='word_1_794' title='bbox 1216 5750 1307 5803; x_wconf 74' lang='grc' dir='ltr'><strong>καὶ</strong></span> <span class='ocrx_word' id='word_1_795' title='bbox 1328 5747 1403 5823; x_wconf 59' lang='grc' dir='ltr'><strong>ᾤ’</strong></span> <span class='ocrx_word' id='word_1_796' title='bbox 1420 5746 1615 5823; x_wconf 57' lang='grc' dir='ltr'><strong>ςαξτοῦ</strong></span> <span class='ocrx_word' id='word_1_797' title='bbox 1634 5746 1864 5823; x_wconf 65' lang='grc' dir='ltr'><strong>πρρζςῖν,</strong></span> 
     </span>
    </p>
   </div>
   <div class='ocr_carea' id='block_1_108' title="bbox 285 5815 1862 5894">
    <p class='ocr_par' dir='ltr' id='par_1_108' title="bbox 285 5815 1862 5894">
     <span class='ocr_line' id='line_1_108' title="bbox 285 5815 1862 5894; baseline -0.008 -16"><span class='ocrx_word' id='word_1_798' title='bbox 285 5815 547 5880; x_wconf 59' lang='grc' dir='ltr'><strong>οὖτωὶεαὶ</strong></span> <span class='ocrx_word' id='word_1_799' title='bbox 579 5824 673 5878; x_wconf 79' lang='grc' dir='ltr'><strong>τοῦ</strong></span> <span class='ocrx_word' id='word_1_800' title='bbox 700 5815 933 5894; x_wconf 68' lang='grc' dir='ltr'><strong>Ιιατρόξ.</strong></span> <span class='ocrx_word' id='word_1_801' title='bbox 984 5815 1252 5890; x_wconf 64' lang='lat' dir='ltr'><strong>liespons.</strong></span> <span class='ocrx_word' id='word_1_802' title='bbox 1297 5818 1363 5872; x_wconf 89' lang='lat' dir='ltr'><strong>ad</strong></span> <span class='ocrx_word' id='word_1_803' title='bbox 1410 5817 1622 5872; x_wconf 74' lang='lat' dir='ltr'><strong>Orient.</strong></span> <span class='ocrx_word' id='word_1_804' title='bbox 1680 5815 1862 5872; x_wconf 80' lang='lat' dir='ltr'><strong>(Allat.</strong></span> 
     </span>
    </p>
   </div>
   <div class='ocr_carea' id='block_1_109' title="bbox 1952 4600 3542 4683">
    <p class='ocr_par' dir='ltr' id='par_1_109' title="bbox 1952 4600 3542 4683">
     <span class='ocr_line' id='line_1_109' title="bbox 1952 4600 3542 4683; baseline -0.013 -15"><span class='ocrx_word' id='word_1_805' title='bbox 1952 4622 2037 4668; x_wconf 89' lang='lat' dir='ltr'><strong>est</strong></span> <span class='ocrx_word' id='word_1_806' title='bbox 2081 4610 2335 4683; x_wconf 91' lang='lat' dir='ltr'><strong>proprius</strong></span> <span class='ocrx_word' id='word_1_807' title='bbox 2361 4609 2559 4671; x_wconf 77' lang='lat' dir='ltr'><strong>Patris.</strong></span> <span class='ocrx_word' id='word_1_808' title='bbox 2607 4605 2714 4660; x_wconf 91' lang='lat' dir='ltr'><strong>Sed</strong></span> <span class='ocrx_word' id='word_1_809' title='bbox 2746 4605 2900 4674; x_wconf 82' lang='lat' dir='ltr'><strong>juxta</strong></span> <span class='ocrx_word' id='word_1_810' title='bbox 2955 4603 3173 4657; x_wconf 84' lang='lat' dir='ltr'><strong>eosdem</strong></span> <span class='ocrx_word' id='word_1_811' title='bbox 3208 4600 3394 4653; x_wconf 88' lang='lat' dir='ltr'><strong>Patres</strong></span> <span class='ocrx_word' id='word_1_812' title='bbox 3424 4612 3542 4664; x_wconf 83' lang='lat' dir='ltr'><strong>pro-</strong></span> 
     </span>
    </p>
   </div>
   <div class='ocr_carea' id='block_1_110' title="bbox 1952 4689 3540 4777">
    <p class='ocr_par' dir='ltr' id='par_1_110' title="bbox 1952 4689 3540 4777">
     <span class='ocr_line' id='line_1_110' title="bbox 1952 4689 3540 4777; baseline -0.013 -17"><span class='ocrx_word' id='word_1_813' title='bbox 1952 4706 2106 4777; x_wconf 88' lang='lat' dir='ltr'><strong>prius</strong></span> <span class='ocrx_word' id='word_1_814' title='bbox 2141 4712 2224 4758; x_wconf 89' lang='lat' dir='ltr'><strong>est</strong></span> <span class='ocrx_word' id='word_1_815' title='bbox 2262 4702 2441 4757; x_wconf 88' lang='lat' dir='ltr'><strong>Patris</strong></span> <span class='ocrx_word' id='word_1_816' title='bbox 2475 4708 2535 4753; x_wconf 90' lang='lat' dir='ltr'><strong>ut</strong></span> <span class='ocrx_word' id='word_1_817' title='bbox 2560 4714 2624 4752; x_wconf 82' lang='lat' dir='ltr'><strong>ex</strong></span> <span class='ocrx_word' id='word_1_818' title='bbox 2664 4713 2731 4752; x_wconf 92' lang='lat' dir='ltr'><strong>eo</strong></span> <span class='ocrx_word' id='word_1_819' title='bbox 2760 4694 3093 4765; x_wconf 80' lang='lat' dir='ltr'><strong>procedens;</strong></span> <span class='ocrx_word' id='word_1_820' title='bbox 3137 4692 3289 4760; x_wconf 79' lang='lat' dir='ltr'><strong>juxta</strong></span> <span class='ocrx_word' id='word_1_821' title='bbox 3320 4689 3540 4743; x_wconf 88' lang='lat' dir='ltr'><strong>eosdem</strong></span> 
     </span>
    </p>
   </div>
   <div class='ocr_carea' id='block_1_111' title="bbox 1954 4780 3541 4869">
    <p class='ocr_par' dir='ltr' id='par_1_111' title="bbox 1954 4780 3541 4869">
     <span class='ocr_line' id='line_1_111' title="bbox 1954 4780 3541 4869; baseline -0.011 -18"><span class='ocrx_word' id='word_1_822' title='bbox 1954 4797 2119 4869; x_wconf 72' lang='lat' dir='ltr'><strong>igitur</strong></span> <span class='ocrx_word' id='word_1_823' title='bbox 2146 4793 2500 4865; x_wconf 89' lang='lat' dir='ltr'><strong>estproprius</strong></span> <span class='ocrx_word' id='word_1_824' title='bbox 2544 4790 2669 4847; x_wconf 90' lang='lat' dir='ltr'><strong>Filii</strong></span> <span class='ocrx_word' id='word_1_825' title='bbox 2710 4797 2770 4842; x_wconf 91' lang='lat' dir='ltr'><strong>ut</strong></span> <span class='ocrx_word' id='word_1_826' title='bbox 2802 4788 2870 4841; x_wconf 90' lang='lat' dir='ltr'><strong>ab</strong></span> <span class='ocrx_word' id='word_1_827' title='bbox 2907 4802 2975 4841; x_wconf 89' lang='lat' dir='ltr'><strong>eo</strong></span> <span class='ocrx_word' id='word_1_828' title='bbox 3011 4782 3370 4855; x_wconf 83' lang='lat' dir='ltr'><strong>progrediens</strong></span> <span class='ocrx_word' id='word_1_829' title='bbox 3401 4780 3541 4851; x_wconf 86' lang='lat'><strong>(8&#39;7).</strong></span> 
     </span>
    </p>
   </div>
   <div class='ocr_carea' id='block_1_112' title="bbox 1964 4954 3547 5036">
    <p class='ocr_par' dir='ltr' id='par_1_112' title="bbox 1964 4954 3547 5036">
     <span class='ocr_line' id='line_1_112' title="bbox 1964 4954 3547 5036; baseline -0.015 -9"><span class='ocrx_word' id='word_1_830' title='bbox 1964 4971 2119 5027; x_wconf 82' lang='lat' dir='ltr'><strong>Vind.</strong></span> <span class='ocrx_word' id='word_1_831' title='bbox 2150 4984 2200 5025; x_wconf 87' lang='lat' dir='ltr'><strong>c.</strong></span> <span class='ocrx_word' id='word_1_832' title='bbox 2244 4967 2344 5027; x_wconf 68' lang='lat'><strong>‘26,</strong></span> <span class='ocrx_word' id='word_1_833' title='bbox 2381 4983 2433 5036; x_wconf 90' lang='lat' dir='ltr'><strong>p.</strong></span> <span class='ocrx_word' id='word_1_834' title='bbox 2472 4965 2594 5036; x_wconf 76' lang='lat'><strong>“8)</strong></span> <span class='ocrx_word' id='word_1_835' title='bbox 2624 4980 2636 5036; x_wconf 70' lang='grc' dir='ltr'>ξ</span> <span class='ocrx_word' id='word_1_836' title='bbox 2669 4961 2831 5036; x_wconf 68' lang='grc' dir='ltr'><strong>ἰδιογ</strong></span> <span class='ocrx_word' id='word_1_837' title='bbox 2854 4958 2960 5036; x_wconf 48' lang='grc' dir='ltr'><strong>γᾴρ</strong></span> <span class='ocrx_word' id='word_1_838' title='bbox 2995 4957 3054 5010; x_wconf 77' lang='grc' dir='ltr'><strong>τὸ</strong></span> <span class='ocrx_word' id='word_1_839' title='bbox 3086 4954 3326 5036; x_wconf 52' lang='grc' dir='ltr'><strong>[Ινεῦμῖ</strong></span> <span class='ocrx_word' id='word_1_840' title='bbox 3344 4955 3460 5034; x_wconf 57' lang='lat' dir='ltr'><strong>to}!</strong></span> <span class='ocrx_word' id='word_1_841' title='bbox 3484 4954 3547 5036; x_wconf 57' lang='grc' dir='ltr'><strong>τρ</strong></span> 
     </span>
    </p>
   </div>
   <div class='ocr_carea' id='block_1_113' title="bbox 1963 5024 3549 5109">
    <p class='ocr_par' dir='ltr' id='par_1_113' title="bbox 1963 5024 3549 5109">
     <span class='ocr_line' id='line_1_113' title="bbox 1963 5024 3549 5109; baseline -0.014 -12"><span class='ocrx_word' id='word_1_842' title='bbox 1963 5024 2120 5109; x_wconf 63' lang='grc' dir='ltr'><strong>ἅγιον</strong></span> <span class='ocrx_word' id='word_1_843' title='bbox 2146 5024 2240 5092; x_wconf 63' lang='grc' dir='ltr'><strong>τοῦ</strong></span> <span class='ocrx_word' id='word_1_844' title='bbox 2297 5024 2453 5095; x_wconf 58' lang='lat' dir='ltr'><strong>Ticini,</strong></span> <span class='ocrx_word' id='word_1_845' title='bbox 2503 5034 2757 5109; x_wconf 51' lang='grc' dir='ltr'><strong>λαβάςςερ</strong></span> <span class='ocrx_word' id='word_1_846' title='bbox 2794 5024 3002 5109; x_wconf 43' lang='lat' dir='ltr'><strong>altera</strong></span> <span class='ocrx_word' id='word_1_847' title='bbox 3026 5030 3125 5109; x_wconf 54' lang='grc' dir='ltr'><strong>λιαὶ</strong></span> <span class='ocrx_word' id='word_1_848' title='bbox 3160 5027 3255 5109; x_wconf 54' lang='grc' dir='ltr'>ξοῦ</span> <span class='ocrx_word' id='word_1_849' title='bbox 3289 5024 3549 5109; x_wconf 43' lang='grc' dir='ltr'><strong>Θεοῦλιξὶ</strong></span> 
     </span>
    </p>
   </div>
   <div class='ocr_carea' id='block_1_114' title="bbox 1962 5094 3543 5176">
    <p class='ocr_par' dir='ltr' id='par_1_114' title="bbox 1962 5094 3543 5176">
     <span class='ocr_line' id='line_1_114' title="bbox 1962 5094 3543 5176; baseline -0.011 -10"><span class='ocrx_word' id='word_1_850' title='bbox 1962 5094 2202 5176; x_wconf 48' lang='lat' dir='ltr'><strong>nam.</strong></span> <span class='ocrx_word' id='word_1_851' title='bbox 2234 5094 2596 5176; x_wconf 60' lang='grc' dir='ltr'><strong>88590113.θᾴ</strong></span> <span class='ocrx_word' id='word_1_852' title='bbox 2625 5094 2956 5176; x_wconf 70' lang='lat' dir='ltr'><strong>Theodoret.</strong></span> <span class='ocrx_word' id='word_1_853' title='bbox 2974 5098 3209 5176; x_wconf 51' lang='lat' dir='ltr'><strong>Aliud.</strong></span> <span class='ocrx_word' id='word_1_854' title='bbox 3253 5112 3302 5151; x_wconf 92' lang='lat' dir='ltr'><strong>c.</strong></span> <span class='ocrx_word' id='word_1_855' title='bbox 3337 5112 3396 5176; x_wconf 56' lang='grc' dir='ltr'><strong>ρἒ</strong></span> <span class='ocrx_word' id='word_1_856' title='bbox 3420 5094 3543 5176; x_wconf 69' lang='grc' dir='ltr'>με),</span> 
     </span>
    </p>
   </div>
   <div class='ocr_carea' id='block_1_115' title="bbox 1966 5165 3550 5246">
    <p class='ocr_par' dir='ltr' id='par_1_115' title="bbox 1966 5165 3550 5246">
     <span class='ocr_line' id='line_1_115' title="bbox 1966 5165 3550 5246; baseline -0.014 -10"><span class='ocrx_word' id='word_1_857' title='bbox 1966 5165 2101 5243; x_wconf 64' lang='grc'><strong>120)</strong></span> <span class='ocrx_word' id='word_1_858' title='bbox 2124 5165 2267 5233; x_wconf 67' lang='grc' dir='ltr'><strong>εἾΙν</strong></span> <span class='ocrx_word' id='word_1_859' title='bbox 2300 5165 2409 5246; x_wconf 69' lang='grc' dir='ltr'><strong>γὰρ</strong></span> <span class='ocrx_word' id='word_1_860' title='bbox 2434 5177 2527 5229; x_wconf 72' lang='grc' dir='ltr'><strong>καὶ</strong></span> <span class='ocrx_word' id='word_1_861' title='bbox 2558 5174 2709 5246; x_wconf 55' lang='grc' dir='ltr'><strong>ἔστιν</strong></span> <span class='ocrx_word' id='word_1_862' title='bbox 2743 5170 2908 5246; x_wconf 43' lang='lat' dir='ltr'><strong>adeo?)</strong></span> <span class='ocrx_word' id='word_1_863' title='bbox 2937 5170 2999 5221; x_wconf 80' lang='grc' dir='ltr'>τὸ</span> <span class='ocrx_word' id='word_1_864' title='bbox 3022 5168 3269 5246; x_wconf 37' lang='lat' dir='ltr'><strong>[iv-ﬁge,</strong></span> <span class='ocrx_word' id='word_1_865' title='bbox 3298 5165 3550 5246; x_wconf 55' lang='grc' dir='ltr'><strong>διᾳθέπερ</strong></span> 
     </span>
    </p>
   </div>
   <div class='ocr_carea' id='block_1_116' title="bbox 1964 5235 3547 5321">
    <p class='ocr_par' dir='ltr' id='par_1_116' title="bbox 1964 5235 3547 5321">
     <span class='ocr_line' id='line_1_116' title="bbox 1964 5235 3547 5321; baseline -0.013 -16"><span class='ocrx_word' id='word_1_866' title='bbox 1964 5235 2165 5321; x_wconf 58' lang='grc' dir='ltr'><strong>ἀμέλει</strong></span> <span class='ocrx_word' id='word_1_867' title='bbox 2196 5235 2427 5321; x_wconf 45' lang='lat' dir='ltr'><strong>italae?)</strong></span> <span class='ocrx_word' id='word_1_868' title='bbox 2461 5244 2694 5321; x_wconf 69' lang='grc' dir='ltr'><strong>Πατρὸς,</strong></span> <span class='ocrx_word' id='word_1_869' title='bbox 2721 5260 2781 5321; x_wconf 70' lang='lat' dir='ltr'><strong>_v..</strong></span> <span class='ocrx_word' id='word_1_870' title='bbox 2808 5240 2970 5321; x_wconf 34' lang='grc' dir='ltr'><strong>ἰε-’λη</strong></span> <span class='ocrx_word' id='word_1_871' title='bbox 3017 5239 3112 5321; x_wconf 72' lang='grc' dir='ltr'><strong>11ιή⁹</strong></span> <span class='ocrx_word' id='word_1_872' title='bbox 3142 5238 3362 5321; x_wconf 64' lang='lat' dir='ltr'><strong>adducit.</strong></span> <span class='ocrx_word' id='word_1_873' title='bbox 3392 5235 3547 5321; x_wconf 66' lang='lat' dir='ltr'><strong>Rom.</strong></span> 
     </span>
    </p>
   </div>
   <div class='ocr_carea' id='block_1_117' title="bbox 1966 5304 3551 5385">
    <p class='ocr_par' dir='ltr' id='par_1_117' title="bbox 1966 5304 3551 5385">
     <span class='ocr_line' id='line_1_117' title="bbox 1966 5304 3551 5385; baseline -0.018 -8"><span class='ocrx_word' id='word_1_874' title='bbox 1966 5304 2090 5380; x_wconf 55' lang='lat' dir='ltr'><strong>vin.</strong></span> <span class='ocrx_word' id='word_1_875' title='bbox 2127 5321 2183 5385; x_wconf 90' lang='lat'><strong>8,</strong></span> <span class='ocrx_word' id='word_1_876' title='bbox 2234 5320 2288 5373; x_wconf 82' lang='lat'><strong>9.</strong></span> <span class='ocrx_word' id='word_1_877' title='bbox 2337 5317 2545 5371; x_wconf 81' lang='lat' dir='ltr'><strong>Deinde</strong></span> <span class='ocrx_word' id='word_1_878' title='bbox 2583 5304 2761 5385; x_wconf 75' lang='lat' dir='ltr'><strong>pergit</strong></span> <span class='ocrx_word' id='word_1_879' title='bbox 2785 5330 2815 5385; x_wconf 86' lang='lat'><strong>:_</strong></span> <span class='ocrx_word' id='word_1_880' title='bbox 2849 5309 3241 5385; x_wconf 53' lang='lat' dir='ltr'><strong>&#39;Exjrogederat</strong></span> <span class='ocrx_word' id='word_1_881' title='bbox 3294 5307 3411 5385; x_wconf 42' lang='grc' dir='ltr'><strong>μὲν.</strong></span> <span class='ocrx_word' id='word_1_882' title='bbox 3441 5304 3551 5371; x_wconf 75' lang='grc' dir='ltr'><strong>γὰρ</strong></span> 
     </span>
    </p>
   </div>
   <div class='ocr_carea' id='block_1_118' title="bbox 1968 5374 3547 5455">
    <p class='ocr_par' dir='ltr' id='par_1_118' title="bbox 1968 5374 3547 5455">
     <span class='ocr_line' id='line_1_118' title="bbox 1968 5374 3547 5455; baseline -0.012 -11"><span class='ocrx_word' id='word_1_883' title='bbox 2171 5374 2271 5441; x_wconf 63' lang='grc' dir='ltr'><strong>ἱτοῦ</strong></span> <span class='ocrx_word' id='word_1_884' title='bbox 2320 5387 2455 5439; x_wconf 78' lang='grc' dir='ltr'>Θεοῦ</span> <span class='ocrx_word' id='word_1_885' title='bbox 2497 5374 2600 5438; x_wconf 67' lang='grc' dir='ltr'><strong>καῖ</strong></span> <span class='ocrx_word' id='word_1_886' title='bbox 2647 5374 2861 5455; x_wconf 70' lang='grc' dir='ltr'><strong>Πῖιτρὸς</strong></span> <span class='ocrx_word' id='word_1_887' title='bbox 2909 5379 2973 5455; x_wconf 53' lang='lat' dir='ltr'><strong>re</strong></span> <span class='ocrx_word' id='word_1_888' title='bbox 3022 5374 3247 5447; x_wconf 80' lang='grc' dir='ltr'><strong>Πνεῦμα</strong></span> <span class='ocrx_word' id='word_1_889' title='bbox 3388 5374 3547 5455; x_wconf 43' lang='lat' dir='ltr'><strong>an?!</strong></span> 
     </span>
    </p>
   </div>
   <div class='ocr_carea' id='block_1_119' title="bbox 1970 5441 3544 5527">
    <p class='ocr_par' dir='ltr' id='par_1_119' title="bbox 1970 5441 3544 5527">
     <span class='ocr_line' id='line_1_119' title="bbox 1972 5441 3544 5467; baseline -0.01 4"><span class='ocrx_word' id='word_1_890' title='bbox 1972 5441 2044 5455; x_wconf 43' lang='lat' dir='ltr'><strong>w&#39;</strong></span> <span class='ocrx_word' id='word_1_891' title='bbox 2081 5441 2136 5444; x_wconf 66' lang='grc'><strong>⁷”</strong></span> <span class='ocrx_word' id='word_1_892' title='bbox 2342 5458 2363 5467; x_wconf 88' lang='grc'><strong>..</strong></span> <span class='ocrx_word' id='word_1_893' title='bbox 2537 5455 2557 5465; x_wconf 82' lang='grc'><strong>-</strong></span> <span class='ocrx_word' id='word_1_894' title='bbox 2771 5441 2781 5451; x_wconf 90' lang='grc'>·</span> <span class='ocrx_word' id='word_1_895' title='bbox 2827 5441 2853 5467; x_wconf 61' lang='grc'>,⁷</span> <span class='ocrx_word' id='word_1_896' title='bbox 3173 5441 3183 5447; x_wconf 71' lang='grc' dir='ltr'>ν</span> <span class='ocrx_word' id='word_1_897' title='bbox 3334 5447 3344 5461; x_wconf 83' lang='grc'><strong>,</strong></span> <span class='ocrx_word' id='word_1_898' title='bbox 3464 5441 3544 5459; x_wconf 62' lang='grc' dir='ltr'><strong>..ιι</strong></span> 
     </span>
     <span class='ocr_line' id='line_1_120' title="bbox 1970 5445 3539 5527; baseline -0.015 -12"><span class='ocrx_word' id='word_1_899' title='bbox 1970 5462 2113 5515; x_wconf 85' lang='grc' dir='ltr'>κατὰ</span> <span class='ocrx_word' id='word_1_900' title='bbox 2141 5459 2241 5527; x_wconf 79' lang='grc' dir='ltr'><strong>τὴν</strong></span> <span class='ocrx_word' id='word_1_901' title='bbox 2274 5476 2369 5511; x_wconf 84' lang='grc' dir='ltr'><strong>του</strong></span> <span class='ocrx_word' id='word_1_902' title='bbox 2414 5457 2681 5527; x_wconf 61' lang='grc' dir='ltr'><strong>ΣωτῆροςΔ</strong></span> <span class='ocrx_word' id='word_1_903' title='bbox 2701 5468 2884 5527; x_wconf 49' lang='lat' dir='ltr'><strong>(pg/17v</strong></span> <span class='ocrx_word' id='word_1_904' title='bbox 2930 5449 3110 5527; x_wconf 75' lang='lat' dir='ltr'><strong>(Jpan.</strong></span> <span class='ocrx_word' id='word_1_905' title='bbox 3157 5464 3246 5527; x_wconf 60' lang='lat' dir='ltr'><strong>xv,</strong></span> <span class='ocrx_word' id='word_1_906' title='bbox 3274 5445 3391 5527; x_wconf 51' lang='lat' dir='ltr'><strong>g6),</strong></span> <span class='ocrx_word' id='word_1_907' title='bbox 3427 5446 3539 5527; x_wconf 42' lang='grc' dir='ltr'><strong>ἀλλ’</strong></span> 
     </span>
    </p>
   </div>
   <div class='ocr_carea' id='block_1_120' title="bbox 1970 5509 3554 5598">
    <p class='ocr_par' dir='ltr' id='par_1_120' title="bbox 1970 5509 3554 5598">
     <span class='ocr_line' id='line_1_121' title="bbox 1970 5509 3554 5598; baseline -0.015 -13"><span class='ocrx_word' id='word_1_908' title='bbox 1970 5533 2071 5585; x_wconf 78' lang='grc' dir='ltr'><strong>οὐκ</strong></span> <span class='ocrx_word' id='word_1_909' title='bbox 2103 5509 2384 5598; x_wconf 53' lang='lat' dir='ltr'><strong>ﬂleret.er</strong></span> <span class='ocrx_word' id='word_1_910' title='bbox 2427 5509 2689 5598; x_wconf 62' lang='grc' dir='ltr'><strong>ἐστι”ίξόῦ</strong></span> <span class='ocrx_word' id='word_1_911' title='bbox 2714 5509 2884 5598; x_wconf 33' lang='lat' dir='ltr'><strong>Tim-if</strong></span> <span class='ocrx_word' id='word_1_912' title='bbox 2928 5509 3117 5598; x_wconf 35' lang='lat' dir='ltr'><strong>irati-to;</strong></span> <span class='ocrx_word' id='word_1_913' title='bbox 3135 5509 3383 5598; x_wconf 52' lang='lat' dir='ltr'><strong>ydtp-Exét</strong></span> <span class='ocrx_word' id='word_1_914' title='bbox 3417 5509 3554 5583; x_wconf 81' lang='grc' dir='ltr'><strong>μετὰ</strong></span> 
     </span>
    </p>
   </div>
   <div class='ocr_carea' id='block_1_121' title="bbox 1971 5583 3551 5668">
    <p class='ocr_par' dir='ltr' id='par_1_121' title="bbox 1971 5583 3551 5668">
     <span class='ocr_line' id='line_1_122' title="bbox 1971 5583 3551 5668; baseline -0.013 -15"><span class='ocrx_word' id='word_1_915' title='bbox 1971 5583 2067 5653; x_wconf 49' lang='lat' dir='ltr'><strong>iis</strong></span> <span class='ocrx_word' id='word_1_916' title='bbox 2111 5583 2358 5668; x_wconf 55' lang='grc' dir='ltr'><strong>Πατρὶς,</strong></span> <span class='ocrx_word' id='word_1_917' title='bbox 2388 5599 2483 5668; x_wconf 67' lang='lat' dir='ltr'><strong>xei).</strong></span> <span class='ocrx_word' id='word_1_918' title='bbox 2534 5592 2899 5668; x_wconf 43' lang='lat' dir='ltr'><strong>teutouaiiibn;</strong></span> <span class='ocrx_word' id='word_1_919' title='bbox 2940 5583 3179 5668; x_wconf 57' lang='grc' dir='ltr'>ἐδίδαξεν</span> <span class='ocrx_word' id='word_1_920' title='bbox 3214 5583 3391 5668; x_wconf 52' lang='lat' dir='ltr'><strong>(Jparn.</strong></span> <span class='ocrx_word' id='word_1_921' title='bbox 3436 5597 3551 5668; x_wconf 61' lang='lat' dir='ltr'><strong>va,</strong></span> 
     </span>
    </p>
   </div>
   <div class='ocr_carea' id='block_1_122' title="bbox 1974 5652 3553 5738">
    <p class='ocr_par' dir='ltr' id='par_1_122' title="bbox 1974 5652 3553 5738">
     <span class='ocr_line' id='line_1_123' title="bbox 1974 5652 3553 5738; baseline -0.015 -13"><span class='ocrx_word' id='word_1_922' title='bbox 2119 5652 2288 5723; x_wconf 53' lang='lat' dir='ltr'><strong>ldcn&#39;t.</strong></span> <span class='ocrx_word' id='word_1_923' title='bbox 2316 5652 2383 5721; x_wconf 35' lang='lat' dir='ltr'><strong>’i&#39;u</strong></span> <span class='ocrx_word' id='word_1_924' title='bbox 2414 5667 2568 5738; x_wconf 70' lang='lat' dir='ltr'><strong>loan.</strong></span> <span class='ocrx_word' id='word_1_925' title='bbox 2594 5662 2756 5738; x_wconf 40' lang='lat'><strong>3,59.</strong></span> <span class='ocrx_word' id='word_1_926' title='bbox 2785 5677 2799 5713; x_wconf 91' lang='lat'><strong>:</strong></span> <span class='ocrx_word' id='word_1_927' title='bbox 2826 5662 3035 5738; x_wconf 58' lang='grc' dir='ltr'><strong>’ςΩεπερ</strong></span> <span class='ocrx_word' id='word_1_928' title='bbox 3061 5652 3283 5738; x_wconf 47' lang='grc' dir='ltr'><strong>γὰρεῷ</strong></span> <span class='ocrx_word' id='word_1_929' title='bbox 3319 5652 3553 5738; x_wconf 39' lang='grc' dir='ltr'><strong>Πατξὶὸς,</strong></span> 
     </span>
    </p>
   </div>
   <div class='ocr_carea' id='block_1_123' title="bbox 1972 5703 3553 5808">
    <p class='ocr_par' dir='ltr' id='par_1_123' title="bbox 1972 5703 3553 5808">
     <span class='ocr_line' id='line_1_124' title="bbox 1978 5703 3552 5738; baseline -0.015 -13"><span class='ocrx_word' id='word_1_930' title='bbox 1978 5703 2084 5738; x_wconf 66' lang='grc' dir='ltr'>ιο).</span> <span class='ocrx_word' id='word_1_931' title='bbox 2120 5703 2288 5723; x_wconf 59' lang='lat' dir='ltr'><strong>unum.</strong></span> <span class='ocrx_word' id='word_1_932' title='bbox 2333 5703 2383 5721; x_wconf 83' lang='grc' dir='ltr'><strong>ιη</strong></span> <span class='ocrx_word' id='word_1_933' title='bbox 2414 5703 2568 5720; x_wconf 69' lang='grc' dir='ltr'><strong>υιιυιι-</strong></span> <span class='ocrx_word' id='word_1_934' title='bbox 2607 5703 2644 5729; x_wconf 75' lang='grc' dir='ltr'>ι,</span> <span class='ocrx_word' id='word_1_935' title='bbox 2681 5703 2749 5716; x_wconf 81' lang='grc' dir='ltr'><strong>υ-</strong></span> <span class='ocrx_word' id='word_1_936' title='bbox 2785 5703 2799 5713; x_wconf 90' lang='grc'>.</span> <span class='ocrx_word' id='word_1_937' title='bbox 2851 5703 3031 5738; x_wconf 53' lang='grc' dir='ltr'><strong><em>---η-Ε</em></strong></span> <span class='ocrx_word' id='word_1_938' title='bbox 3071 5703 3162 5725; x_wconf 55' lang='grc' dir='ltr'><strong>...Γ</strong></span> <span class='ocrx_word' id='word_1_939' title='bbox 3200 5703 3275 5736; x_wconf 50' lang='grc'><strong>--1.</strong></span> <span class='ocrx_word' id='word_1_940' title='bbox 3320 5703 3385 5706; x_wconf 55' lang='lat'><strong>_,-</strong></span> <span class='ocrx_word' id='word_1_941' title='bbox 3421 5703 3426 5704; x_wconf 61' lang='lat'><strong><em>,</em></strong></span> <span class='ocrx_word' id='word_1_942' title='bbox 3513 5703 3552 5713; x_wconf 61' lang='grc' dir='ltr'><strong><em>υ</em></strong></span> 
     </span>
     <span class='ocr_line' id='line_1_125' title="bbox 1972 5703 3553 5808; baseline -0.014 -15"><span class='ocrx_word' id='word_1_943' title='bbox 1972 5741 2117 5793; x_wconf 79' lang='grc' dir='ltr'><strong>οὕτω</strong></span> <span class='ocrx_word' id='word_1_944' title='bbox 2148 5739 2215 5808; x_wconf 82' lang='grc' dir='ltr'><strong>δὴ</strong></span> <span class='ocrx_word' id='word_1_945' title='bbox 2243 5739 2336 5789; x_wconf 74' lang='grc' dir='ltr'><strong>καὶ</strong></span> <span class='ocrx_word' id='word_1_946' title='bbox 2366 5736 2457 5789; x_wconf 76' lang='grc' dir='ltr'><strong>τοῦ</strong></span> <span class='ocrx_word' id='word_1_947' title='bbox 2490 5732 2769 5808; x_wconf 17' lang='grc' dir='ltr'><strong>Υἱοῦᾼέᾳστὶ</strong></span> <span class='ocrx_word' id='word_1_948' title='bbox 2798 5731 2859 5783; x_wconf 81' lang='grc' dir='ltr'><strong>τὸ</strong></span> <span class='ocrx_word' id='word_1_949' title='bbox 2888 5703 3553 5808; x_wconf 51' lang='lat' dir='ltr'><strong>Evsppantbnhyltpv.ni::1-</strong></span> 
     </span>
    </p>
   </div>
   <div class='ocr_carea' id='block_1_124' title="bbox 1974 5792 3552 5878">
    <p class='ocr_par' dir='ltr' id='par_1_124' title="bbox 1974 5792 3552 5878">
     <span class='ocr_line' id='line_1_126' title="bbox 1974 5792 3552 5878; baseline -0.011 -11"><span class='ocrx_word' id='word_1_950' title='bbox 1974 5792 2569 5878; x_wconf 61' lang='grc' dir='ltr'><strong>είῑζειάἈιιιριιίιοςιι.</strong></span> <span class='ocrx_word' id='word_1_951' title='bbox 2624 5804 2833 5875; x_wconf 77' lang='lat' dir='ltr'><strong>(Const.</strong></span> <span class='ocrx_word' id='word_1_952' title='bbox 2887 5792 3056 5853; x_wconf 73' lang='lat' dir='ltr'><strong>item;</strong></span> <span class='ocrx_word' id='word_1_953' title='bbox 3103 5796 3167 5852; x_wconf 75' lang='grc' dir='ltr'>ο.</span> <span class='ocrx_word' id='word_1_954' title='bbox 3208 5792 3271 5849; x_wconf 90' lang='lat'><strong>0.</strong></span> <span class='ocrx_word' id='word_1_955' title='bbox 3314 5793 3378 5860; x_wconf 80' lang='grc' dir='ltr'><strong>ιι,</strong></span> <span class='ocrx_word' id='word_1_956' title='bbox 3425 5792 3552 5850; x_wconf 78' lang='grc'><strong>665.</strong></span> 
     </span>
    </p>
   </div>
  </div>
