3956 6422
247 367 352 432 445

976 365 1075 427 DE
1105 362 1168 426 S.
1210 365 1409 425 SPIR.
1447 361 1956 424 MYSTAGOGIA.
1985 385 2057 405 ——
2087 354 2830 418 ANIMADVERSIONES.

3433 355 3541 418 416

249 479 440 536 nalitcr
466 478 582 551 (94)
618 480 949 550 accipiatur;
986 489 1229 534 attamen
1264 496 1361 549 per
1409 494 1468 532 se
1500 495 1606 531 non
1646 478 1718 531 ita
1749 492 1835 529 re-
1865 482 1911 537 Α
1939 474 2149 542 cipium
2167 484 2221 525 et
2256 468 2835 540 principialmn.5icut
2856 469 3005 524 calor
3025 469 3155 524 solis
3175 468 3375 523 dicitur
3394 471 3544 525 calor

245 565 506 621 lationem
554 566 783 638 originis
823 567 1157 629 manifestat,
1197 568 1337 621 sicut
1386 567 1562 622 Patris
1621 574 1677 621 et
1711 565 1836 620 Filii

246 659 493 713 nomina.
544 676 563 709 l
600 656 707 712 Per
752 675 806 712 se
864 658 1010 713 enim
1042 658 1278 729 Spiritus
1304 675 1482 727 neque
1513 660 1578 712 ad
1621 657 1839 712 Patrem

248 749 508 815 refertur,
541 764 722 819 neque
758 751 827 805 ad
859 749 1055 806 Filium
1099 771 1117 802 ι
1161 750 1473 819 (Bessarion
1509 766 1675 820 supra
1711 748 1738 820 §
1771 751 1832 803 11

247 843 483 899 etJoan.
524 843 835 913 Theologus
884 843 1028 897 infra
1060 853 1163 897 art.
1227 858 1343 911 seq.
1396 841 1422 912 §
1483 842 1536 911 1)
1574 861 1591 893 ι
1634 842 1729 896 sed
1773 841 1843 896 ad

246 936 550 1004 spirantem
599 954 617 985 ι
647 934 851 1003 (ibid.).
882 934 961 988 Ex
1006 934 1139 988 hinc
1183 933 1295 1002 jam
1329 934 1620 1002 disparitas
1670 940 1839 1003 patet.

249 1025 398 1098 [191]
480 1026 619 1081 Dum
688 1027 895 1081 dicitur
943 1024 1106 1079 Pater
1143 1024 1299 1091 Filii,
1344 1026 1671 1096 intelligitur
1717 1025 1842 1079 Filii

244 1120 450 1184 Pater;
481 1135 582 1175 nec
619 1128 799 1189 potest
830 1117 1001 1172 Filius
1039 1134 1136 1187 pro
1166 1117 1438 1188 principio
1469 1118 1633 1181 sumi,
1682 1117 1844 1172 Pater

248 1229 349 1284 pro
375 1213 712 1283 principiato
734 1230 747 1275 ;
770 1211 864 1265 sed
902 1211 947 1264 si
979 1211 1178 1265 dicitur
1198 1207 1244 1261 F
1249 1208 1373 1262 ilius
1395 1210 1564 1263 sancti
1588 1208 1840 1278 Spiritus,

247 1305 417 1360 verba
456 1304 705 1360 indicant
736 1302 935 1357 Filium
969 1317 998 1355 a
1047 1299 1258 1371 Spiritu
1301 1301 1569 1371 originem
1612 1302 1840 1366 habere,

251 1396 518 1465 Spiritum
545 1411 667 1450 esse
698 1394 939 1459 Patrem,
979 1393 1122 1462 quod
1153 1393 1478 1447 absurdum.
1528 1392 1690 1447 Pater
1717 1392 1846 1462 Spi-

250 1491 385 1542 ritus
430 1489 539 1543 dici
592 1487 805 1557 nequit,
843 1487 967 1557 quia
1002 1496 1136 1541 tunc
1187 1486 1428 1556 Spiritus
1478 1484 1621 1539 foret
1652 1483 1845 1547 Filius,

254 1578 434 1635 Filius
481 1578 714 1649 Spiritus
753 1578 862 1633 dici
902 1594 1013 1633 non
1047 1587 1247 1649 potest,
1279 1578 1406 1647 quia
1442 1584 1574 1631 tunc
1602 1575 1845 1646 Spiritus

251 1673 393 1728 foret
422 1673 602 1727 Pater.
633 1671 796 1726 Aliud
815 1681 892 1725 est
921 1689 1030 1725 esse
1060 1671 1289 1740 alicujus
1319 1670 1662 1738 simpliciter,
1697 1668 1847 1722 aliud

251 1781 380 1820 esse
420 1764 641 1818 Patrem
669 1763 752 1817 vel
793 1764 990 1818 Filium
1027 1764 1491 1834 alicujus;porro
1532 1762 1692 1817 Pater
1732 1778 1842 1815 non

1944 584 1973 622 a
1991 568 2104 621 sole
2117 574 2395 628 causatus,
2420 562 2562 617 sicut
2581 562 2790 617 fruetus
2804 563 3016 618 arboris
3037 562 3250 618 fructus
3265 564 3334 617 ab
3349 565 3542 619 arbore

1944 658 2269 728 productus,
2305 655 2376 709 ita
2404 654 2647 725 Spiritus
2680 653 2799 709 Filii
2828 663 2914 709 est
2938 654 3184 725 Spiritus
3217 670 3317 725 per
3344 655 3539 710 Filium

1944 749 2208 811 emissus,
2265 756 2327 801 ut
2356 746 2748 817 principiatum
2782 747 3037 818 principii
3075 757 3179 803 est.
3225 747 3376 803 Vane
3411 764 3541 820 ergo

1946 841 2281 912 colliguntur
2307 840 2556 909 exetnpla
2596 839 2860 894 similium
2891 840 3215 905 dictionum,
3247 842 3338 895 ubi
3371 842 3434 895 de
3455 843 3540 894 di-

1946 935 2085 988 vinis
2109 932 2345 1001 personis
2388 948 2568 986 sermo
2626 948 2736 985 non
2794 941 2897 987 est.
2953 932 3139 1003 (Phot.
3181 949 3231 986 c.
3275 933 3341 987 57
3398 934 3540 1004 seq.)

1945 1026 2154 1080 Dicitur
2219 1023 2460 1094 Spiritus
2506 1024 2832 1094 sapientiae,
2902 1024 3129 1095 spiritus
3204 1023 3538 1090 intellectus,

1946 1120 2177 1194 Spiritus
2230 1117 2502 1180 scientia,
2552 1116 2884 1183 dilectionis,
2942 1116 3252 1186 adoptionis
3280 1117 3539 1181 ﬁliorum,

1945 1209 2348 1281 promissionis,
2402 1208 2549 1273 ﬁdei,
2608 1217 2665 1262 et
2715 1208 2819 1262 alia
2873 1208 3189 1277 hujusmodi
3244 1206 3391 1278 (96);
3442 1208 3538 1262 sed

1946 1304 2231 1374 sapientia.
2258 1302 2590 1364 intellectus,
2620 1302 2851 1356 scientia
2872 1343 2887 1365 ,
2919 1311 3055 1366 etc.,
3084 1317 3193 1355 non
3229 1310 3363 1355 sunt
3406 1315 3538 1370 per-

1947 1412 2096 1451 sonae
2137 1395 2369 1459 divinte;
2426 1409 2615 1448 verum
2649 1394 2791 1447 dona
2835 1403 2891 1449 et
2920 1394 3271 1458 charismata,
3325 1412 3343 1445 ε
3398 1408 3535 1462 quo-

1949 1502 2072 1540 rum
2104 1485 2343 1556 Spiritus
2376 1495 2601 1540 sanctus
2632 1485 2757 1539 fons
2786 1501 2849 1539 ac
2874 1485 3100 1556 largitor
3137 1486 3487 1555 gloriﬁcatur,
3516 1503 3535 1535 ι

1951 1588 2012 1633 ut
2068 1579 2186 1648 ipse
2243 1577 2472 1632 Photius
2531 1579 2603 1646 (c.
2659 1577 2751 1648 58)
2822 1577 2962 1632 bene
2993 1577 3183 1643 novit;
3239 1577 3356 1631 haec
3394 1575 3535 1630 ell‘e—

1950 1678 2090 1733 ctus,
2126 1670 2357 1735 fructus,
2413 1669 2760 1732 donationes,
2795 1684 2859 1722 ac
2901 1668 3071 1723 veluti
3104 1666 3379 1737 possessio
3413 1674 3543 1720 sunt

1952 1758 2190 1829 Spiritus
2214 1759 2426 1823 sancti;
2471 1757 2529 1814 in
2580 1758 2667 1812 his
2716 1758 2992 1829 genitivus
3041 1758 3200 1827 longe
3246 1757 3406 1811 aliam
3443 1757 3542 1810 ha-

251 1857 452 1910 dicitur
502 1854 622 1908 Filii
674 1870 796 1909 esse
854 1856 1109 1924 proprius
1161 1823 1514 1925 simpliciter.
1564 1854 1661 1909 sed
1714 1853 1842 1908 Filii
1875 1823 1919 1882 Β
1946 1823 2039 1906 bet
2069 1850 2547 1922 signiﬁcationem.
2581 1869 2599 1901 ι
2632 1823 3019 1920 Nequaquam,
3050 1823 3329 1920 ait'llugo
3368 1848 3541 1905 Ethe-

248 1946 446 2011 Pater;
477 1947 532 2001 id
575 1946 1025 2017 subintelligitur,
1051 1947 1195 2017 quod
1229 1947 1349 2016 ejus
1381 1947 1457 2001 sit
1494 1945 1676 2000 Pater.
1717 1942 1841 1998 Pari

252 2039 417 2090 modo
449 2037 731 2092 diceretur
775 2036 1013 2107 Spiritus
1056 2037 1318 2106 spirantis
1368 2052 1489 2092 esse
1523 2049 1577 2091 et
1626 2036 1844 2106 spirans

251 2128 490 2197 Spiritus
535 2127 709 2182 sancti
750 2128 983 2196 spirator
1030 2142 1126 2182 seu
1157 2127 1459 2199 προϐολεὺς
1494 2126 1843 2197 Πνεύματος.

254 2219 379 2273 lltee
414 2219 676 2273 vocabula
718 2218 821 2274 sibi
860 2218 925 2273 ad
973 2219 1245 2274 amussim
1286 2218 1622 2288 respondent
1674 2226 1729 2271 et
1776 2216 1844 2272 ad

253 2310 396 2363 idem
424 2308 707 2379 pertinent
729 2324 922 2379 genus,
957 2309 1206 2379 adeoque
1229 2310 1612 2365 confusionem
1633 2318 1842 2363 arcent.

256 2399 424 2454 llecte
458 2417 677 2455 rursum
710 2402 915 2456 dicitur
948 2419 963 2456 :
993 2400 1153 2456 Pater
1198 2409 1253 2457 et
1283 2402 1451 2457 Filius
1487 2408 1615 2456 sunt
1646 2401 1847 2472 προϐο-

254 2493 366 2555 λεῖς
401 2493 748 2564 (προϐολεὺς)
798 2493 1140 2565 Πνεύματος,
1184 2495 1282 2549 sed
1318 2510 1429 2550 non
1469 2492 1842 2565 simpliciter:

254 2585 418 2640 Pater
439 2596 491 2638 et
514 2586 682 2640 Filius
713 2595 834 2640 sunt
864 2566 1093 2657 Spiritus
1124 2587 1316 2640 sancti.

326 2676 416 2730 16.
457 2676 649 2746 Neque
676 2692 829 2741 vero,
863 2678 1007 2747 quod
1042 2677 1271 2731 subdole
1298 2691 1363 2730 ac
1400 2692 1659 2746 perverse
1700 2676 1849 2732 Lati-

252 2769 343 2822 nis
409 2768 640 2822 ascribit
682 2768 911 2823 Photius
940 2770 1012 2836 (c.
1055 2769 1168 2839 59),
1201 2768 1239 2821 ii
1271 2784 1511 2837 unquam
1552 2768 1792 2823 docuere
1830 2788 1844 2823 :

251 2858 405 2925 Quod
433 2860 666 2929 alicujus
714 2877 821 2914 esse
851 2861 1065 2924 dicitur,
1097 2877 1161 2914 ea:
1202 2877 1261 2914 eo
1291 2859 1371 2913 vel
1398 2862 1464 2913 ab
1503 2876 1563 2913 eo
1597 2869 1694 2914 est.
1741 2860 1848 2915 Po-

259 2964 369 3007 test
407 2962 558 3008 ccrte
593 2952 695 3006 hoc
721 2952 865 3006 illius
884 2952 991 3007 dici
1019 2951 1103 3005 vel
1137 2958 1196 3005 ut
1234 2950 1509 3021 possessio
1553 2950 1845 3021 possiden—

254 3047 327 3100 tis
355 3045 443 3100 vel
478 3054 537 3099 ut
566 3060 695 3114 pars
734 3043 903 3099 totius
945 3044 1033 3098 vel
1082 3052 1142 3096 ut
1180 3043 1409 3098 eﬁ'ectus
1442 3058 1621 3098 causae
1656 3042 1742 3097 vel
1789 3051 1850 3096 ut

254 3138 433 3192 forma
457 3154 557 3193 seu
575 3139 812 3207 qualitas
837 3136 1094 3206 subjecti,
1119 3145 1249 3201 etc.,
1272 3151 1602 3205 quocunque
1627 3135 1847 3190 demum
1876 3163 1918 3219 ο

253 3232 489 3285 nomine
537 3231 811 3301 genitivus
842 3245 1004 3285 casus
1052 3245 1177 3283 cum
1226 3227 1570 3282 nominativo
1615 3227 1845 3297 subjecti

251 3323 517 3394 conjungi
559 3331 761 3393 potest,
802 3338 908 3393 qua
925 3322 1032 3375 late
1055 3328 1204 3390 patet
1230 3318 1453 3390 genitivi
1486 3335 1636 3373 usus.
1666 3318 1846 3373 Latini

162 3452 171 3461 .
251 3430 366 3469 non
409 3413 604 3468 dicunt
633 3413 701 3467 de
733 3427 1082 3482 quocunque,
1111 3410 1257 3479 quod
1290 3407 1493 3465 dicitur
1526 3424 1646 3464 esse
1675 3408 1850 3463 alicu-

248 3506 365 3577 jus,
400 3506 454 3560 id
490 3506 558 3559 ab
585 3506 691 3559 hoc
724 3504 1032 3567 exsistere;
1061 3503 1155 3557 sed
1179 3502 1233 3556 id
1265 3494 1538 3555 dicuntde
1576 3501 1847 3571 personis,

253 3614 360 3653 nec
383 3598 454 3653 de
493 3597 749 3667 personis
778 3597 1135 3666 quibuslibet,
1161 3596 1258 3650 sed
1288 3596 1354 3649 de
1383 3596 1615 3666 personis
1636 3596 1846 3649 divinis.

257 3692 542 3746 Creaturaa
572 3706 792 3761 quoque
811 3698 940 3744 sunt
969 3689 1148 3744 Patris
1178 3688 1233 3743 et
1260 3689 1417 3755 Filii;
1447 3689 1542 3743 sed
1580 3705 1689 3743 non
1718 3705 1850 3759 pro-

253 3794 445 3855 pterea
483 3798 513 3837 a
552 3783 827 3838 creaturis
871 3782 1179 3851 procedunt
1236 3780 1395 3835 Pater
1440 3791 1491 3835 et
1537 3778 1731 3835 Filius.
1771 3779 1850 3833 Ex

253 3877 523 3947 qualitate
570 3884 736 3945 atque
768 3874 1089 3928 charactere
1142 3873 1375 3941 subjecti
1433 3871 1850 3935 determinatur,

251 3970 535 4040 quomodo
591 3970 657 4022 ad
707 3967 852 4022 aliud
892 3966 1163 4037 pertineat
1204 3967 1280 4032 id,
1318 3966 1460 4036 quod
1497 3967 1618 4033 ejus
1652 3965 1852 4020 dicitur

254 4078 404 4120 esse.
457 4061 787 4130 Quicunque
826 4059 1053 4114 alterius
1087 4057 1309 4122 dicitur,
1343 4058 1411 4112 ad
1449 4073 1575 4111 eum
1614 4057 1850 4128 quodam

253 4155 420 4210 modo
447 4153 718 4223 pertinet;
744 4153 827 4206 vel
846 4164 906 4206 ut
924 4167 1119 4206 servus
1134 4150 1219 4205 vel
1242 4159 1302 4204 ut
1319 4149 1686 4211 necessarius,
1706 4157 1841 4213 etc.,

253 4247 581 4303 relationem
611 4246 680 4301 ad
722 4245 902 4316 ipsum
932 4245 1120 4299 habet.
1164 4243 1333 4298 Porro
1353 4259 1382 4297 a
1415 4242 1619 4297 divinis
1659 4257 1852 4298 omnes

254 4340 291 4393 ii
343 4347 635 4410 respectus
686 4337 1036 4401 excludendi,
1096 4337 1187 4407 qui
1237 4336 1455 4391 divinas
1484 4351 1596 4388 non
1656 4335 1854 4391 decent

256 4436 607 4507 hypostases,
633 4444 694 4489 ut
741 4435 979 4489 servitus
1009 4432 1096 4486 vel
1127 4430 1528 4495 ministerium;
1562 4444 1626 4484 ea
1666 4429 1851 4500 σχέσις

1946 1945 2134 1999 rianus
2163 1944 2221 2012 (l.
2269 1960 2330 2009 ιι,
2419 1960 2469 1998 c.
2514 1943 2604 2009 90,
2638 1959 2691 2013 p.
2737 1943 2921 2014 12⁸56),
2969 1943 3064 1996 hoc
3100 1944 3252 1997 modo
3297 1943 3378 2013 (ut
3413 1942 3541 2010 Spi-

1946 2037 2085 2091 ritus
2156 2036 2398 2099 consilii,
2454 2035 2839 2101 fortitudinis,
2908 2035 3144 2101 timoris,
3200 2037 3332 2105 etc.)
3413 2034 3541 2089 Filii

1945 2136 2296 2197 nuncupatur
2323 2125 2594 2195 Spiritus;
2626 2126 2746 2180 Filii
2778 2141 2911 2181 sane
2936 2126 3199 2197 Spiritus,
3234 2118 3325 2180 uti.
3348 2126 3533 2179 Patris

1947 2234 2096 2288 teque
2145 2234 2209 2270 ac
2255 2218 2614 2286 indifferenter
2660 2225 2940 2271 censetur.
3002 2217 3317 2271 Intellectus
3376 2230 3534 2279 vero,

1947 2310 2241 2381 gratiarum
2278 2319 2334 2363 et
2364 2310 2634 2364 donorum
2674 2308 2875 2362 dicitur
2926 2308 3165 2378 Spiritus
3205 2318 3267 2363 ut
3304 2310 3460 2362 dator
3490 2316 3540 2361 et

1947 2401 2416 2472 eﬂ‘ectivaillorum
2456 2416 2643 2453 causa.
2684 2419 2704 2452 ι
2757 2399 2877 2455 Sed,
2916 2400 3090 2455 multo
3138 2400 3365 2454 uberius
3394 2400 3540 2454 idem

1949 2491 2099 2565 [I93]
2125 2502 2320 2547 auctor
2355 2492 2462 2562 iam
2496 2500 2623 2546 ante
2645 2490 2718 2563 (c.
2743 2492 2825 2547 1⁸5.
2861 2507 2917 2561 p.
2944 2492 3098 2561 l228)
3129 2500 3320 2546 contra
3355 2490 3541 2545 Theo-

1949 2584 2261 2654 phylactum
2289 2584 2538 2638 eamdem
2567 2599 2684 2637 rem
2734 2590 3192 2652 pertractaverat.
3219 2583 3396 2652 Atque
3423 2598 3536 2651 pne

1952 2678 2166 2733 cteteris
2196 2677 2301 2731 hoc
2343 2686 2500 2747 urget
2557 2692 2570 2727 :
2618 2695 2636 2728 ι
2697 2675 2778 2730 Ad
2811 2676 3009 2729 ltoc....
3047 2675 3167 2730 scil.
3217 2675 3365 2728 aliud
3397 2689 3539 2740 esse,

1950 2788 2013 2825 ea:
2040 2770 2242 2840 aliqua,
2277 2778 2330 2823 et
2362 2768 2510 2822 aliud
2542 2767 2795 2837 alicujus,
2821 2767 3011 2823 eadem
3043 2768 3099 2821 in
3140 2768 3390 2838 pluribus
3413 2783 3545 2821 eon-

1948 2862 2138 2916 venire
2162 2862 2540 2916 inveniuntur.
2560 2859 2695 2914 Nam
2716 2875 2842 2930 pars
2860 2860 3083 2931 quidem
3111 2861 3277 2915 totius
3294 2870 3379 2915 est
3399 2869 3453 2915 et
3478 2875 3545 2914 ex

1953 2962 2088 3017 toto,
2111 2965 2165 3007 et
2197 2952 2407 3007 arboris
2439 2951 2650 3006 fructus
2669 2960 2725 3005 et
2745 2966 2811 3006 ex
2835 2952 3051 3017 arbore,
3073 2960 3129 3005 et
3153 2967 3346 3021 spuma
3374 2951 3544 3005 maris

1952 3056 2005 3102 et
2024 3061 2089 3100 ex
2118 3044 2254 3098 mari
2273 3052 2355 3108 ;et
2382 3043 2523 3097 sicut
2547 3042 2869 3113 impossibile
2892 3052 2989 3109 est,
3024 3044 3184 3114 fontis
3211 3060 3318 3097 esse
3347 3060 3544 3113 aquam

1950 3149 1999 3190 et
2030 3154 2133 3190 non
2165 3152 2230 3189 ea:
2248 3137 2409 3205 fonte,
2437 3136 2512 3189 sic
2529 3134 2847 3204 impossibile
2869 3130 2959 3189 est
2978 3134 3242 3205 Spiritum
3276 3153 3386 3189 esse
3416 3133 3545 3188 Filii

1951 3238 2000 3280 et
2025 3244 2127 3279 non
2148 3243 2212 3279 ea:
2244 3226 2406 3289 Filio,
2435 3234 2530 3279 aut
2560 3226 2736 3279 Patris
2768 3235 2823 3279 et
2853 3242 2962 3279 non
3008 3241 3075 3280 ex
3110 3224 3292 3287 Patre,
3347 3224 3544 3278 Filium

1953 3320 2358 3389 Spiritumque;
2386 3319 2552 3373 Pater
2572 3336 2691 3373 vero
2723 3336 2827 3372 non
2849 3320 2904 3373 in
2935 3336 2993 3373 eo
3036 3320 3174 3389 quod
3209 3321 3275 3373 sit
3311 3319 3545 3388 alicujus

1952 3422 2011 3465 ut
2039 3429 2102 3465 ex
2131 3412 2334 3482 aliquo,
2375 3412 2467 3465 sed
2492 3412 2545 3465 in
2593 3428 2676 3476 eo,
2723 3413 2863 3482 quod
2891 3422 3105 3483 generat
3150 3410 3376 3477 Filium,
3429 3411 3546 3480 ejus
3603 3461 3613 3469 .

1950 3507 2165 3560 dicitur.
2220 3522 2239 3557 ι
2304 3504 2617 3559 Secundum
2667 3504 2811 3559 hanc
2879 3503 3185 3559 doctrinam
3236 3502 3380 3557 bene
3423 3502 3537 3556 dici

1951 3607 2148 3670 potest,
2187 3597 2436 3667 quaedam
2475 3596 2548 3651 ita
2586 3596 2819 3665 alicujus
2875 3596 3007 3660 diei,
3044 3604 3103 3649 ut
3157 3596 3321 3650 etiam
3367 3610 3432 3649 ex
3473 3610 3541 3648 eo

1952 3689 2085 3751 sint,
2124 3688 2373 3757 quaedam
2410 3701 2538 3740 vero
2575 3701 2686 3739 non
2720 3686 2832 3750 ita;
2872 3700 2995 3755 quae
3042 3684 3207 3755 priori
3245 3684 3408 3739 modo
3441 3684 3544 3737 ali-

1952 3782 2111 3850 cujus
2138 3779 2418 3841 dicuntur,
2450 3777 2741 3831 manifeste
2776 3777 2904 3831 inde
2958 3776 3223 3847 dignosci,
3249 3776 3392 3845 quod
3440 3774 3545 3829 alia

1955 3874 2112 3939 ratio,
2132 3888 2231 3927 cur
2248 3872 2414 3941 hujus
2433 3871 2707 3937 dicantur,
2732 3869 2912 3923 locum
2932 3869 3159 3922 omnino
3181 3884 3289 3927 non
3318 3868 3540 3930 haheat,

1954 3966 2037 4019 vel
2060 3979 2234 4019 nexus
2257 3962 2537 4018 talisinter
2558 3972 2852 4031 utrumque
2891 3960 3217 4025 intercedat,
3243 3959 3334 4029 qui
3355 3959 3407 4012 id
3436 3975 3536 4026 per

1958 4074 2018 4113 se
2040 4056 2349 4128 patefacere
2377 4054 2570 4125 possit.
2602 4054 2809 4108 Deinde
2842 4054 2909 4107 ad
2941 4053 3073 4107 illud
3093 4050 3485 4121 Theophylacti
3525 4068 3539 4103 :

1958 4170 1977 4203 ι
2015 4149 2222 4205 Dicitur
2244 4148 2484 4219 Spiritus
2511 4162 2631 4202 esse
2664 4145 2805 4210 Filii,
2837 4145 3141 4200 secundum
3176 4143 3321 4214 quod
3355 4141 3540 4196 unitas

1953 4248 2039 4296 est
2051 4239 2223 4295 Filius
2238 4248 2295 4293 et
2321 4239 2495 4293 virtus
2516 4246 2570 4292 et
2588 4235 2878 4306 sapientia,
2897 4247 3119 4289 sanctus
3138 4249 3268 4289 vero
3302 4231 3546 4303 Spiritus

1954 4341 2010 4388 et
2044 4331 2270 4387 unitatis
2291 4339 2347 4385 et
2374 4328 2710 4384 fortitudinis
2732 4337 2782 4382 et
2810 4326 3099 4397 sapientia:
3142 4325 3378 4395 Spiritus
3400 4322 3547 4393 apud

1955 4423 2149 4481 Isaiam
2175 4422 2525 4487 describitur,
2573 4441 2591 4473 ι
2626 4422 2880 4475 observat
2922 4419 3076 4490 llugo
3127 4417 3405 4479 virtutem,
3458 4432 3547 4469 sa-

257 4528 414 4602 [1921
459 4529 774 4591 statuenda,
824 4542 945 4597 qua:
982 4525 1182 4580 divinis
1234 4525 1532 4581 concordat
1557 4522 1692 4593 (95).
1730 4509 1932 4576 IlazeD
1960 4518 2247 4589 pientiam,
2301 4516 2568 4570 unitatem
2634 4514 2810 4568 tribus
2849 4512 3102 4584 personis
3136 4509 3432 4565 convenire
3490 4517 3546 4561 et

256 4639 423 4692 porro
439 4631 528 4677 est
546 4620 774 4692 originis
801 4619 1064 4675 habitudo
1094 4616 1139 4689 (§
1173 4617 1284 4685 14),
1312 4617 1505 4672 relatio
1533 4614 1677 4669 inter
1698 4613 1852 4685 prin-

330 4782 447 4855 (94)
482 4778 751 4855 Videlicet
780 4773 1251 4855 n0men_§piLt'_lus
1280 4781 1397 4855 tum
1433 4770 1712 4855 essentiale
1737 4779 1849 4855 tum

260 4841 543 4923 personati:
573 4865 697 4905 esse
745 4841 1073 4923 po_test._Cf.
1110 4842 1503 4923 ’1Ὶιοιι1ζ8ηιιηἰ
1550 4841 1609 4923 ,
1644 4857 1710 4923 _q.
1750 4843 1850 4923 _5_6,

260 4910 313 4979 Ξ).
352 4925 373 4976 1
410 4924 464 4977 in
492 4937 648 4990 corp.
681 4910 827 4974 et'ad
870 4920 921 4971 l.
946 4916 1067 4971 lam
1104 4917 1242 4987 Aug.
1271 4914 1371 4990 ﬂe
1415 4913 1604 4990 Trinit:
1644 4910 1703 4973 ν,
1742 4913 1804 4966 11
1834 4928 1849 4977 ;

258 4994 378 5055 XV.
419 4994 482 5049 19
508 4991 560 5046 id
596 4982 857 5061 praeclare
885 4996 1108 5061 enarrat
1261 4984 1400 5051 Quia
1455 4982 1695 5061 Spiritus
1724 4998 1853 5061 san:

261 5052 387 5120 ctus
418 5052 709 5117 communis
747 5069 824 5114 est
853 5058 1125 5118 aittbobus,
1151 5056 1204 5110 id
1227 5066 1449 5110 vocatur
1486 5054 1695 5123 proprie
1715 5052 1853 5122 quod

263 5137 422 5189 ambo
474 5132 845 5187 communiter.
895 5148 914 5181 ι
964 5127 1049 5182 Cf.
1086 5137 1143 5181 et
1182 5127 1396 5195 llugon.
1435 5125 1622 5178 Ether.
1680 5124 1713 5175 Ι.
1770 5139 1849 5195 ut,

262 5221 317 5261 εξ.
349 5207 404 5270 5,
437 5221 491 5273 p.
529 5201 670 5256 1240
708 5217 823 5270 seq.
868 5198 1081 5253 Pariter
1130 5194 1308 5250 Patris
1354 5210 1557 5249 nomen
1598 5194 1855 5273 essentia-

266 5263 641 5344 liter'quoque
692 5263 1015 5344 usurpatur,
1053 5284 1166 5344 non
1218 5276 1429 5322 tantum
1471 5263 1853 5344 personaliter;

265 5346 360 5400 sed
423 5335 593 5414 priori
625 5335 1168 5414 modo-nonnishad
1223 5348 1402 5414 extra,
1457 5335 1523 5388 ad
1575 5345 1852 5414 creaturas

267 5402 492 5480 dicitur,
522 5423 579 5467 ut
609 5413 800 5484 Matth.
833 5427 912 5484 γε)
950 5410 1042 5484 ἓςί,
1072 5409 1176 5475 5‘2;
1214 5426 1270 5472 x,
1303 5407 1394 5484 29,
1428 5414 1644 5484 et_tunc
1676 5402 1853 5484 tribus

268 5475 521 5556 personis
549 5483 844 5556 convenit.
881 5481 963 5556 De
991 5481 1094 5556 hac
1128 5477 1458 5556 acceptione
1496 5475 1584 5529 hic
1619 5489 1727 5556 non
1768 5482 1855 5556 est

271 5547 474 5611 sermo.
502 5554 561 5609 Si
615 5554 853 5623 Spiritus
894 5550 1143 5623 alicujus
1175 5564 1296 5604 esse
1337 5547 1558 5623 dicitur,
1600 5552 1660 5597 ut
1705 5552 1853 5623 recte

274 5636 427 5682 notat
450 5614 671 5679 Bessar:
700 5626 790 5693 (ep
841 5621 907 5676 ad
942 5614 1097 5693 Alex.
1124 5621 1345 5693 Lasear.
1381 5617 1656 5693 c._6)_,non
1686 5614 1852 5668 abso-

273 5697 384 5751 lute
418 5712 514 5751 seu
549 5687 916 5749 essentialiter
947 5691 1203 5754 sumitur,
1236 5689 1331 5743 sed
1372 5687 1616 5742 relative.

346 5767 455 5836 (95)
500 5767 723 5836 Egregie
767 5766 875 5836 Leo
904 5760 974 5836 ill.
1021 5752 1198 5836 serm.
1224 5761 1276 5821 l,
1345 5756 1651 5836 de_l_’-_:_ntec.
1687 5752 1847 5836 (ἓξ-11.

278 5824 451 5892 serui:
482 5824 589 5902 75";
634 5824 839 5890 Patrol.
882 5832 969 5890 ed.
1021 5831 1194 5887 MIGNE
1244 5841 1378 5885 tom.
1412 5827 1546 5892 Liv,
1600 5840 1654 5895 p.
1691 5824 1843 5897 405),

1955 4626 2053 4682 per
2085 4625 2146 4665 se
2170 4624 2293 4664 esse
2327 4606 2550 4662 nomina
2581 4604 2925 4670 essentialia;
2977 4603 3022 4657 si
3074 4599 3420 4656 essentialiter
3449 4615 3543 4653 su-

1957 4785 2079 4840 cap.
2108 4768 2143 4822 3
2172 4785 2186 4822 ε
2223 4784 2242 4818 t
2277 4764 2415 4840 cum
2446 4766 2896 4840 in_pe_r_s_onarur_r_i
2940 4757 3373 4840 proprietatibus
3400 4756 3543 4840 alius

1957 4829 2040 4894 sit.
2066 4840 2243 4902 Pater,
2282 4835 2422 4890 alius
2469 4829 2549 4889 sit
2582 4834 2778 4896 Filius,
2820 4829 2961 4902 alius
3011 4829 3249 4898 Spiritus
3294 4836 3541 4902 sanctus,

1956 4924 2066 4964 nou
2114 4897 2297 4963 tamen
2334 4907 2439 4960 alia
2486 4905 2688 4968 Deitas,
2724 4919 2827 4958 nec
2855 4897 3071 4955 diversa
3111 4908 3307 4953 natura
3341 4906 3443 4951 est.
3480 4897 3539 4951 Si

1955 4980 2176 5049 quidem
2207 4994 2331 5031 cum
2381 4986 2437 5030 et
2459 4976 2536 5049 de
2578 4972 2856 5049 Pat_r_e__sit
2908 4970 3091 5049 Filius
3120 4968 3459 5049 unigenitus,
3492 4976 3547 5049 et

1956 5038 2188 5118 Spiritus
2216 5056 2431 5101 sanctus
2451 5045 2628 5100 Patris
2647 5042 2963 5118 Filiique_sit
2998 5038 3387 5118 Spiritushnon
3411 5039 3545 5118 sicut

1958 5108 2280 5190 quwcunque
2316 5127 2586 5190 creatura,
2622 5130 2739 5185 qua:
2780 5108 2829 5165 et
2859 5110 3036 5164 Patris
3076 5119 3124 5162 et
3161 5110 3414 5190 Filiiest,
3456 5108 3547 5161 sed

1955 5181 2091 5243 sicut
2122 5181 2239 5242 cum
2279 5197 2501 5255 utroque
2532 5181 2705 5238 vivens
2737 5193 2785 5236 et
2814 5192 3018 5255 potens,
3044 5190 3094 5233 et
3135 5181 3452 5249 sempiterno
3482 5192 3548 5231 ex

1957 5277 2017 5314 eo
2057 5258 2195 5329 quod
2224 5267 2300 5329 est
2329 5253 2490 5311 Pater
2520 5255 2795 5329 Piliusque
2815 5253 3183 5329 subsistenséi

2030 5318 2143 5399 (96)
2195 5328 2343 5399 Vidit
2400 5335 2559 5399 acute
2615 5318 2874 5399 Pltotius,
2924 5338 3048 5399 cum
3098 5319 3290 5399 Filius
3329 5318 3546 5399 dicatur

1956 5387 2181 5462 veritas,
2212 5398 2407 5461 virtus,
2440 5396 2708 5466 sapientia
2737 5392 3124 5466 expressiones
3150 5389 3374 5466 "vegeat
3412 5387 3545 5455 ἁλη-

1957 5472 2132 5534 θείας,
2156 5459 2686 5539 δυίνάμεςιξςηὰοφίᾳς
2707 5459 2898 5539 eodem
2928 5462 3090 5539 modo
3112 5459 3336 5539 intelligi
3359 5472 3541 5539 posse,

1955 5556 2067 5611 quo
2091 5531 2326 5611 ’Πνεῦμρι
2368 5536 2536 5601 Υῐοῦς
2561 5531 2707 5611 ξίόβο
2734 5533 2909 5611 ponit
2961 5533 3095 5585 alias
3127 5531 3452 5611 dictiones,
3484 5535 3545 5580 ut

1956 5600 2052 5681 Sp.
2097 5600 2370 5681 ﬁdei,'Sp.
2400 5600 2801 5681 promissionis,
2849 5603 2945 5681 Sp.
2994 5600 3372 5681 revelationis,
3403 5605 3539 5681 etc.,

1956 5670 2015 5735 iii
2041 5670 2247 5752 quibus
2267 5670 2716 5752 adversariiFilii
2744 5670 2969 5752 nomina
2995 5670 3544 5752 invenireneque‘ant

1957 5752 2030 5818 (c.
2058 5736 2183 5813 ³58).
2215 5748 2321 5804 Sed
2345 5764 2411 5803 eo
2434 5748 2552 5817 ipso
2571 5748 2682 5818 jam
2704 5745 3010 5818 subjectum
3047 5756 3157 5795 non
3184 5749 3269 5796 est
3308 5736 3545 5809 amplius
3628 5755 3633 5761 ’

1956 5815 2100 5881 idem
2137 5820 2290 5887 illud,
2315 5820 2384 5875 de
2409 5815 2518 5890 quo
2544 5815 2720 5872 Latini
2753 5815 2826 5870 ita
2852 5819 3120 5869 statuunt.
