3956 6466
395 414 501 474 4'27

1530 403 1800 465 PHOTII
1838 399 2350 464 PATRIARCH/E
2386 400 2498 460 (ΣΡ.

3579 388 3689 450 448

394 529 642 587 muntur,
674 519 811 574 nihil
846 534 978 573 sane
1000 518 1092 573 hic
1115 519 1457 589 explicatur;
1489 518 1535 572 si
1565 533 1698 572 vero
1726 533 1985 585 persona-
2012 513 2067 572 Α
2090 529 2216 567 nem
2257 513 2408 566 illum
2449 528 2479 565 a
2515 511 2709 565 Photio
2758 507 2969 564 Latinis
3012 516 3310 576 ascriptum
3373 521 3540 560 nemo
3584 507 3687 560 διι-

397 615 519 669 liter
543 623 598 669 et
625 621 789 683 prout
817 611 955 666 Filio
987 613 1430 681 appropriantur,
1449 611 1638 666 eadem
1667 610 1985 665 Latinorum

397 713 716 772 argumenta
751 711 1057 756 recurrunt.
1099 701 1366 756 Praeterea
1415 702 1662 770 exempla
1711 701 1862 753 varia
1915 699 1986 754 ab

398 795 726 850 adversariis
746 794 906 848 allata
946 793 1027 848 sic
1068 793 1321 863 repellit:
1356 813 1375 845 ι
1406 792 1763 847 Deusdicitur
1791 790 1984 862 (Deus)

397 887 670 941 Abraham
687 897 746 940 ut
759 895 972 941 creator
988 902 1045 942 et
1055 886 1322 940 Dominus
1337 885 1633 949 Abraham,
1653 883 1834 938 forsan
1853 897 1988 938 vero

396 988 453 1034 et
478 989 537 1033 ut
564 979 771 1033 amicus
797 979 977 1044 illius;
1011 980 1323 1034 intellectus
1349 988 1531 1032 autem
1557 986 1612 1033 et
1642 975 1986 1032 fortitudinis

396 1079 453 1122 et
477 1070 734 1124 similium
756 1079 812 1124 ut
831 1071 1053 1139 eﬂiciens
1077 1086 1239 1124 causa
1266 1069 1490 1123 dicitur.
1515 1068 1624 1123 Sed
1651 1067 1888 1138 Spiritus
1904 1067 1988 1122 di-

396 1163 540 1216 citur
563 1163 686 1218 Filii
717 1172 772 1218 et
794 1163 990 1226 Patris,
1021 1172 1163 1217 utex
1184 1163 1292 1218 Deo
1316 1178 1415 1217 ens
1445 1170 1499 1217 et
1526 1161 1645 1232 ipse
1676 1159 1840 1228 Deus,
1869 1177 1986 1216 non

399 1261 460 1306 ut
491 1252 850 1306 adventitium
903 1251 1242 1306 adveniendo
1277 1253 1620 1306 extrinsecus
1660 1251 1788 1318 (hoc
1830 1251 1983 1306 enim

395 1344 518 1413 quis
549 1359 861 1398 asseverare
891 1344 1151 1413 audeat?)
1188 1343 1286 1398 sed
1314 1352 1371 1398 ut
1409 1341 1690 1414 plenitudo
1717 1342 1858 1412 ejus,
1892 1341 1987 1412 qui

396 1443 544 1489 certe
576 1451 685 1488 non
703 1435 860 1489 aliter
875 1451 1010 1490 sano
1031 1436 1308 1489 intellectu
1355 1433 1746 1504 comprehendi
1779 1441 1984 1504 potest,

397 1526 701 1580 secundum
763 1528 908 1595 quod
945 1527 1138 1581 tertius
1170 1527 1369 1581 dicitur
1415 1543 1445 1580 a
1476 1525 1729 1592 Patre...,
1775 1526 1881 1580 nisi
1917 1541 1987 1581 ex

398 1613 535 1669 Filio
565 1617 763 1670 habere
803 1617 1165 1672 substantiam
1193 1617 1527 1687 intelligatur
1561 1624 1618 1671 et
1664 1617 1985 1672 considere-

398 1709 516 1767 tur;
538 1702 626 1756 hic
647 1703 832 1772 utique
855 1703 1092 1772 Spiritus
1113 1705 1263 1772 juxta
1286 1705 1498 1759 Domini
1521 1721 1710 1761 vocem
1738 1707 1986 1761 Veritatis

397 1792 639 1861 est,quia
654 1794 853 1848 dicitur
876 1795 1108 1864 Spiritus
1133 1795 1378 1850 veritatis
1397 1812 1410 1860 ;
1428 1796 1520 1865 qui
1541 1794 1697 1868 [194]
1718 1797 1980 1866 profecto,

397 1884 453 1937 in
481 1895 746 1953 quantum
783 1861 1032 1940 Veritatis
1063 1897 1164 1948 est.
1192 1887 1247 1940 in
1283 1861 1492 1940 tantum
1526 1861 1646 1941 Filii
1674 1861 1905 1951 eisistit,
1929 1895 1986 1943 et
2015 1861 2060 1918 Β

397 1991 467 2030 ex
493 1976 613 2046 ipso
663 1977 1046 2033 exsistentiam
1106 1981 1404 2035 sortitur...
1445 1977 1501 2033 Si
1555 1979 1810 2049 (Spiritus
1858 1995 1988 2035 san-

395 2076 597 2122 ctusex
610 2067 851 2125 Veritate
876 2087 986 2126 non
1017 2072 1183 2126 habet
1204 2086 1347 2134 esse,
1373 2070 1680 2126 adveniens
1703 2079 1758 2126 et
1779 2071 1990 2126 adven-

398 2159 513 2214 titia
536 2172 620 2216 est
637 2162 759 2232 ejus
781 2162 982 2218 veritas
1005 2179 1018 2226 ;
1039 2178 1163 2217 cum
1193 2163 1311 2234 ipse
1335 2161 1598 2218 Veritatis
1632 2164 1985 2234 praedicetur,

396 2261 452 2306 et
465 2252 585 2321 ejus
605 2253 818 2308 dicatur
845 2269 988 2309 esse.
1019 2254 1189 2326 Igitur
1224 2255 1367 2310 sicut
1391 2264 1476 2311 est
1508 2253 1787 2320 Veritatis,
1823 2256 1903 2310 sic
1932 2265 1989 2310 et

395 2363 518 2402 esse
537 2355 593 2401 et
612 2347 912 2402 subsistere
930 2347 1094 2401 habet
1121 2363 1184 2401 ea
1213 2347 1473 2413 Veritate,
1498 2359 1555 2404 et
1579 2365 1644 2404 ex
1682 2349 1820 2420 ipsa,
1855 2348 1991 2403 Filio

396 2437 626 2503 scilicet,
660 2437 910 2508 procedit
935 2439 1238 2494 secundum
1269 2454 1626 2510 personarum
1662 2440 1933 2496 ordinem.
1965 2460 1985 2493 ι

467 2530 556 2583 ΓΙ.
597 2529 796 2600 Objicit
827 2531 929 2585 sibi
955 2529 1188 2586 Photius
1222 2532 1370 2602 (cap.
1412 2533 1503 2600 59)
1532 2533 1588 2586 in
1610 2532 1860 2588 adductis
1900 2532 1991 2586 Bi-

395 2622 631 2678 bliornm
700 2622 1029 2678 testimoniis
1086 2623 1156 2693 (c.
1217 2624 1330 2693 57),
1368 2633 1426 2678 ut
1476 2625 1587 2678 Isa.
1647 2641 1720 2689 xt,
1782 2624 1857 2688 2;
1909 2624 1988 2686 II,

406 2712 542 2766 Tim.
579 2728 616 2778 I,
647 2710 713 2778 7;
756 2713 940 2769 (ἔπιθι.
975 2731 1051 2778 v1,
1085 2714 1149 2780 ις
1181 2715 1353 2769 Exod.
1379 2733 1530 2780 XXXI,
1561 2716 1617 2781 2,
1648 2716 1703 2781 3,
1737 2716 1988 2786 aliisque,

397 2821 509 2858 non
559 2805 736 2874 ipsum
786 2804 1055 2876 Spiritum
1096 2816 1346 2862 sanctum
1399 2809 1990 2880 intelligendum.'sed

399 2899 542 2953 dona
574 2908 630 2953 et
654 2900 984 2955 charismata
1016 2902 1085 2956 ab
1112 2917 1179 2956 eo
1202 2904 1580 2973 promanantia
1609 2918 1840 2974 qumque
1877 2903 1994 2973 ipse

398 2989 664 3059 largitur;
693 2993 788 3046 sed
807 2993 943 3046 nihil
963 2993 1065 3048 hoc
1091 2995 1435 3049 adversarios
1454 2995 1648 3065 juvare
1677 2996 1988 3057 contendit,

401 3082 530 3152 quia
561 3084 862 3139 secundum
891 3100 1080 3140 eorum
1114 3086 1288 3156 legem
1322 3088 1634 3143 ratiocinari
1666 3087 1740 3144 ita
1789 3089 1991 3143 debea-

2090 605 2467 658 mittiteorum
2509 602 2555 672 (§
2587 601 2673 673 16)
2713 609 2771 656 et
2817 600 2951 654 hinc
2991 599 3334 654 ratiocinatio
3379 597 3459 650 illi
3503 598 3677 661 unice,

2089 703 2450 765 superstructa
2477 693 2660 756 cadit;
2707 707 2817 746 non
2871 701 2957 746 est
3008 690 3284 762 genitivus
3328 689 3419 745 hic
3456 705 3681 743 causam

2090 787 2364 849 indicans,
2407 785 2502 839 sed
2559 783 2820 839 effectum
2854 783 3117 845 denotat;
3152 797 3264 836 non
3303 791 3434 835 sunt
3483 781 3690 835 divinae

2095 894 2346 951 persona:
2373 877 2661 948 sapientia,
2690 877 2850 938 ﬁdes,
2889 874 3181 938 revelatio,
3220 881 3328 928 etc.
3359 873 3536 943 Atque
3556 864 3691 928 licét

2091 987 2260 1027 sensu
2278 985 2410 1026 vero
2446 977 2502 1024 et
2522 969 2725 1023 biblico
2749 967 3041 1038 πνεύματα
3069 967 3330 1022 dicantur
3353 966 3692 1020 charismata

2097 1073 2155 1119 et
2182 1071 2260 1117 tot
2303 1061 2518 1132 possint
2563 1060 2753 1114 haberi
2799 1057 3092 1128 πνεύματα
3126 1059 3229 1112 hac
3281 1057 3692 1128 signiﬁcatione

2090 1163 2328 1223 sumpta,
2342 1159 2476 1222 quot
2494 1151 2826 1205 charismata
2853 1167 2866 1202 :
2887 1158 3069 1203 tamen
3095 1148 3214 1202 hac
3233 1163 3342 1201 non
3356 1148 3690 1202 dividuntur

2089 1247 2144 1301 in
2162 1247 2292 1308 duo,
2311 1254 2449 1300 utex
2475 1243 2613 1298 falso
2628 1242 2908 1313 supposito
2919 1242 3097 1313 arguit
3114 1239 3343 1295 Pbotius
3359 1241 3435 1311 (c.
3453 1242 3542 1306 59,
3561 1241 3686 1310 60).

2089 1338 2198 1394 Sed
2233 1338 2320 1392 his
2367 1335 2668 1408 puerilibus
2696 1334 2838 1389 ludis
2861 1350 2974 1389 non
3007 1343 3093 1388 est
3120 1333 3546 1388 immorandum.

2165 1431 2248 1484 i8.
2283 1428 2390 1484 Sed
2425 1429 2560 1483 alias
2582 1440 2800 1498 quoque
2838 1426 3080 1481 rationes
3123 1426 3181 1479 in
3212 1435 3466 1495 promptu
3516 1425 3692 1479 habet

2088 1525 2343 1590 Photius,
2384 1538 2556 1593 quare
2586 1521 2827 1593 Spiritus
2860 1520 2981 1574 Filii
3031 1519 3266 1575 dicatur.
3300 1519 3542 1587 Quarum
3575 1537 3692 1575 una

2089 1617 2218 1673 licet
2237 1617 2296 1672 in
2321 1632 2491 1688 opere
2518 1632 2630 1671 non
2668 1614 2846 1668 fusius
2875 1613 3166 1684 explicata,
3201 1622 3385 1668 tamen
3431 1614 3484 1667 in
3524 1614 3692 1669 titulo

2088 1722 2345 1778 expressa
2376 1715 2433 1761 et
2462 1705 2664 1776 saepius
2690 1705 2968 1759 insinuata
2991 1703 3103 1775 (97)
3146 1712 3230 1758 est
3262 1721 3274 1756 :
3308 1704 3454 1771 quod
3495 1703 3690 1767 Spiri-

2091 1809 2178 1856 tus
2209 1818 2243 1854 a
2271 1799 2407 1854 Filio
2427 1799 2672 1852 mittatur
2717 1805 2766 1851 et
2807 1797 3174 1866 suppeditetur
3215 1795 3387 1866 dignis
3419 1795 3686 1864 ﬁdelibus.

2091 1893 2242 1949 Hanc
2271 1892 2535 1946 rationem
2589 1889 2778 1945 sedulo
2821 1897 3159 1942 exornarunt
3188 1887 3365 1943 Photii
3421 1903 3694 1957 sequaces

2091 1998 2324 2054 eamque
2398 1981 2654 2037 catholici
2729 1980 2964 2051 theologi
3039 1989 3295 2034 accurate
3351 1980 3690 2034 refutarunt.

2090 2075 2307 2132 Etenim
2362 2074 2403 2145 Ι)
2456 2073 2785 2129 ειίωιιεί·ε‹1
2835 2073 3157 2128 missionem
3207 2073 3479 2129 referatur
3537 2072 3692 2144 quod

2094 2167 2331 2237 Spiritus
2350 2167 2552 2222 dicitur
2580 2166 2722 2231 Filii,
2739 2166 2918 2221 adhuc
2941 2167 3220 2236 processio
3242 2166 3439 2220 exinde
3470 2166 3574 2220 dcd
3592 2165 3690 2220 uci

2092 2268 2292 2330 potest,
2328 2276 2453 2314 cum
2488 2259 2676 2314 missio
2723 2258 3039 2327 temporalis
3079 2266 3298 2313 atemze
3337 2257 3686 2328 processioni

2092 2353 2356 2409 innitatur
2389 2351 2465 2422 (ξς
2513 2351 2573 2418 3,
2611 2353 2687 2421 4).
2727 2351 2792 2422 ΙΙ)
2846 2351 3082 2422 Spiritus
3115 2367 3146 2405 a
3201 2349 3456 2406 Patribus
3485 2350 3693 2406 dicitur

2094 2443 2344 2514 proprius
2372 2443 2489 2497 Filii
2517 2443 2817 2498 secundum
2853 2454 3138 2506 naturam;
3168 2442 3246 2496 sic
3274 2441 3511 2497 Basilius
3544 2443 3582 2496 l.
3642 2457 3690 2505 t,

2095 2552 2146 2590 c.
2207 2535 2438 2589 Eunom.
2499 2534 2739 2603 explicat
2799 2532 3353 2605 Πνεῦμα-Χριστοῦ.
3405 2533 3483 2598 ὡς
3541 2534 3694 2587 κατὰ

2092 2627 2258 2696 φύσιν
2298 2627 2650 2698 ᾠκειωμένον
2730 2625 2878 2695 αὐτῷ
2951 2625 3202 2698 (Gregor.
3279 2627 3400 2696 Cpl.
3462 2627 3688 2697 Apolog.

2094 2729 2275 2772 contra
2309 2717 2380 2771 M.
2417 2717 2604 2785 Ephes.
2642 2715 2877 2788 Coufess.
2905 2717 3028 2772 cod.
3078 2717 3232 2771 Mon.
3279 2716 3348 2770 27
3389 2717 3426 2772 f.
3484 2718 3581 2770 117
3625 2719 3685 2785 Ι),

2095 2813 2201 2866 hoc
2224 2821 2371 2866 textu
2401 2821 2599 2881 praeter
2620 2811 2756 2866 alios
2778 2810 2973 2878 utitur)
2997 2826 3011 2875 ;
3040 2812 3135 2865 sed
3159 2818 3354 2864 natura
3371 2820 3458 2866 est
3481 2820 3691 2866 aeterna

2093 2914 2150 2959 et
2174 2905 2216 2959 si
2253 2904 2384 2974 quid
2426 2913 2621 2958 natura
2654 2903 2936 2974 pr0prium
2969 2903 3216 2967 alterius,
3257 2903 3380 2972 ejus
3429 2902 3506 2956 rei
3545 2903 3690 2957 ratio

2096 2997 2288 3067 nequit
2323 3012 2387 3051 ex
2424 2996 2772 3066 temporariis
2802 2995 3014 3064 repeti;
3050 3003 3134 3050 est
3179 2995 3412 3065 proinde
3453 2993 3694 3065 Spiritus

2095 3091 2349 3160 proprius
2377 3088 2497 3142 Filii
2532 3104 2640 3142 non
2683 3087 2865 3157 aliquo
2906 3087 3016 3141 alio
3064 3097 3348 3157 respectu,
3393 3088 3490 3142 sed
3526 3097 3694 3157 prout

401 3191 526 3230 mus
554 3177 712 3232 :inde
738 3179 982 3247 procedit
1005 3177 1264 3248 Spiritus,
1289 3181 1447 3246 cujus
1467 3181 1684 3246 dicitur,
1711 3181 1829 3236 sive
1863 3197 1986 3250 per-
2020 3202 2066 3262 ο
2100 3191 2186 3236 est
2213 3180 2396 3235 divina
2427 3194 2682 3249 persona,
2703 3189 2760 3235 et
2791 3179 2918 3234 inde
2957 3194 3022 3233 ex
3053 3179 3173 3248 ipso
3203 3187 3305 3234 est.
3332 3176 3447 3249 Ill).
3481 3178 3686 3242 Causa,

403 3285 535 3324 sona
571 3270 808 3341 Spiritus
848 3271 964 3325 sive
989 3271 1263 3325 charisma
1319 3273 1690 3344 intelligatur;
1716 3289 1849 3345 ergo
1879 3291 1993 3328 non

402 3360 672 3414 charisma
691 3361 1300 3431 producitsapientiam,
1317 3361 1658 3425 ﬁliationem,
1675 3361 1996 3428 ﬁdem,etc.,

403 3453 500 3508 sed
531 3453 822 3523 sapientia,
857 3454 1068 3520 filiatio,
1103 3453 1258 3520 ﬁdes,
1288 3464 1420 3519 etc.,
1457 3455 1770 3524 producunt
1811 3455 1997 3509 chari-

406 3554 602 3599 smata.
637 3546 753 3600 lmo
785 3561 908 3600 cum
942 3547 1097 3616 juxta
1124 3545 1468 3601 adversarios
1511 3546 1654 3601 idem
1695 3547 1768 3601 sit
1809 3547 1999 3602 dicere

405 3637 636 3707 Πνεῦμα
655 3655 718 3694 ac
743 3639 926 3694 dicere
946 3640 1240 3702 charisma,
1255 3647 1334 3694 tot
1359 3649 1522 3694 erunt
1545 3639 1680 3708 ipsis
1701 3639 1840 3692 Πνεύ
1849 3657 1998 3710 ματα

405 3739 539 3800 quot
561 3731 875 3803 χαρίσματα
899 3742 955 3786 et
970 3733 1252 3803 quodlibet
1277 3737 1470 3787 horum
1495 3743 1854 3802 pneumatum
1879 3733 1998 3788 sive

406 3823 797 3878 charismatum
825 3825 880 3879 in
904 3825 1014 3880 duo
1039 3825 1333 3889 dividetur,
1363 3840 1598 3895 quorum
1639 3840 1814 3879 unum
1862 3841 1995 3895 pro-

405 3916 591 3980 ducat,
624 3917 854 3972 alterum
879 3917 1240 3988 producatur,
1287 3933 1458 3972 unum
1509 3918 1704 3982 donet,
1765 3917 1998 3972 alterum

407 4009 662 4072 donetur,
689 4009 824 4064 ﬁdes
859 4009 1017 4063 ﬁdem
1040 4051 1054 4074 ,
1089 4009 1399 4064 intellectus
1450 4009 1790 4064 intellectum
1829 4019 1886 4064 et
1917 4009 1999 4064 sic

408 4098 670 4168 deinceps
704 4099 895 4153 donet.
926 4097 1032 4153 Sed
1067 4097 1317 4154 absurda:
1347 4099 1505 4168 plane
1557 4100 1826 4167 ejusmodi
1870 4109 2000 4156 sunt

408 4192 810 4246 conclusiones.
842 4192 902 4245 In
939 4193 1131 4261 primis
1178 4192 1379 4248 docent
1433 4193 1637 4259 Latini,
1679 4193 1998 4264 πνεύματος

408 4291 600 4331 vocem
625 4278 998 4348 multipliciter
1034 4279 1323 4349 usurpari;
1371 4279 1684 4351 signiﬁcare
1712 4282 1996 4337 interdum

407 4370 711 4438 ἐνέργειαν,
739 4369 968 4440 δύναμιν
993 4371 1138 4426 haud
1166 4386 1263 4441 per
1293 4387 1353 4426 se
1376 4373 1789 4436 subsistentem,
1809 4373 1997 4445 signi-

409 4477 538 4516 care
574 4477 722 4524 aera,
759 4474 1008 4524 ventum.
1033 4463 1244 4526 ﬁatum,
1271 4471 1413 4531 etc.;
1444 4481 1569 4519 cum
1600 4481 1731 4520 vero
1757 4481 1881 4520 cum
1905 4481 1996 4520 ar-

410 4555 577 4611 ticulo
591 4565 844 4626 ponatur,
863 4557 1185 4628 plerumque
1205 4574 1318 4612 rem
1338 4568 1566 4622 certam,
1587 4560 1918 4630 singularem
1932 4575 1998 4615 ac
2029 4549 2074 4606 Β

408 4647 733 4718 regulariter
760 4647 1152 4702 subsistentem
1203 4659 1426 4715 notare;
1461 4649 1515 4702 in
1554 4649 1765 4714 Bibliis,
1803 4659 1860 4704 ut
1883 4650 1994 4720 jam

409 4738 642 4792 advertit
675 4738 951 4808 Didymus.
977 4738 1014 4792 Ι.
1041 4756 1058 4794 ι
1092 4738 1168 4791 De
1192 4738 1362 4804 Trin.,
1391 4739 1451 4792 τὸ
1484 4739 1996 4811 Πνεῦμαυοιιηηυ-

413 4828 554 4882 niter
601 4831 706 4884 dici
766 4830 1030 4901 Spiritum
1086 4842 1374 4897 sanctum;
1429 4847 1594 4902 posse
1656 4847 1788 4888 vero
1845 4843 1901 4890 et
1935 4835 1997 4888 τὸ

413 4920 636 4988 Πνεῦμα
667 4921 808 4977 dona
856 4924 1096 4995 Spiritus
1130 4925 1304 4980 sancti
1337 4925 1657 4995 signiﬁcare.
1678 4925 1847 4997 ﬁgura
1878 4943 1998 4982 me-

415 5015 684 5082 tonymiae,
719 5031 823 5083 qua
847 5033 944 5087 pro
979 5017 1276 5072 effectibus
1308 5033 1540 5088 persona
1566 5018 1815 5072 effectrix
1836 5019 1996 5089 poni-

417 5115 521 5168 tur,
561 5115 618 5159 ut
643 5105 827 5175 Ephes.
867 5127 940 5175 tv,
983 5111 1085 5177 23;
1121 5112 1148 5165 I
1175 5111 1348 5166 Thess.
1373 5112 1557 5176 v.19;
1597 5110 1626 5165 Ι
1653 5112 1812 5166 Joan.
1841 5129 1916 5180 IV,
1965 5114 1989 5168 1

416 5194 504 5262 (ll.
564 5195 768 5250 Kilber.
827 5199 1018 5255 Theol.
1066 5201 1236 5256 Wirc.
1300 5203 1478 5257 Tract.
1529 5202 1604 5257 De
1636 5203 1745 5258 Deo
1789 5221 1894 5258 uno
1947 5214 1995 5260 et

415 5291 556 5341 trino
587 5288 726 5357 disp.
766 5289 821 5354 6,
850 5307 900 5345 c.
929 5293 997 5355 εὶς
1022 5301 1128 5347 art.
1165 5295 1188 5346 l
1227 5293 1322 5349 ﬁn.
1354 5311 1413 5350 n.
1444 5295 1595 5363 545).
1633 5297 1701 5350 Et
1745 5307 1895 5350 recte
1940 5295 1996 5350 in

312 5381 322 5388 ’
412 5380 598 5435 multis
640 5379 937 5435 Bililiorum
982 5384 1117 5439 locis
1151 5401 1248 5455 per
1297 5387 1562 5457 Spiritum
1597 5386 1749 5460 U95]
1797 5388 1966 5442 intelli

411 5485 547 5542 gunt
593 5472 942 5538 charismata,
1009 5484 1068 5529 ut
1111 5475 1223 5545 jam
1289 5479 1517 5548 pluralis
1569 5480 1639 5532 τὰ
1703 5481 1998 5552 πνεύματα

410 5581 464 5618 v.
494 5581 575 5634 gr.
610 5563 637 5617 I
667 5563 825 5618 Joan.
865 5578 942 5630 iv,
999 5566 1045 5630 Ι,
1099 5569 1354 5623 ostendit.
1427 5569 1534 5623 Sed
1584 5571 1710 5625 inde
1764 5588 1874 5626 non
1905 5587 1997 5628 se-

411 5665 676 5726 quuntur,
712 5671 833 5726 quze
871 5655 1306 5713 comminiscitur
1349 5659 1618 5729 Photius;
1663 5678 1788 5717 nam
1832 5679 1998 5719 cano-

489 5856 598 5923 (97)
630 5857 764 5913 Vide
798 5871 900 5914 art.
936 5862 1170 5932 pra‘ccd.
1201 5864 1282 5933 Si)

2100 3275 2179 3328 sic
2210 3272 2566 3328 ratiocinatur
2589 3271 2853 3342 Georgius
2887 3271 3267 3342 Pachymeres,
3295 3271 3356 3338 (l.
3391 3285 3444 3325 c.
3501 3270 3566 3327 G.
3618 3270 3688 3326 0.

2101 3362 2144 3426 Ι,
2177 3362 2282 3416 590
2311 3363 2472 3431 seq.),
2514 3360 2668 3431 prius
2710 3360 2936 3432 intelligi
2982 3360 3147 3416 debet
3201 3376 3370 3431 quam
3417 3361 3690 3428 effectus;

2101 3461 2158 3508 et
2207 3451 2606 3522 sempiternum
2658 3451 2715 3505 iu
2761 3450 3015 3522 personis
3071 3450 3280 3506 divinis
3325 3451 3477 3521 prius
3523 3467 3689 3522 quam

2100 3543 2330 3599 effectus
2355 3559 2542 3597 earum
2567 3541 2720 3615 [l96]
2754 3543 2847 3613 qui
2883 3551 3013 3598 sunt
3060 3544 3406 3613 temporales.
3450 3544 3692 3615 Spiritus

2102 3647 2324 3691 sanctus
2377 3637 2498 3690 ideo
2540 3635 2593 3690 in
2627 3646 2874 3706 tempore
2915 3638 3297 3707 suppeditatur
3360 3637 3611 3692 ﬁdelibus
3657 3651 3693 3691 a

2103 3729 2262 3796 Filio,
2287 3732 2413 3800 quia
2437 3737 2594 3783 estet
2636 3729 2840 3784 dicitur
2867 3729 3106 3799 Spiritus
3135 3728 3287 3794 Filii;
3330 3729 3436 3784 hoc
3467 3738 3552 3784 est
3592 3744 3691 3784 ve-

2101 3821 2199 3875 luti
2232 3835 2414 3883 causa,
2442 3817 2575 3872 illud
2611 3819 2778 3872 veluti
2810 3818 3058 3873 effectus.
3098 3819 3238 3888 Ergo
3268 3819 3412 3888 quod
3448 3817 3690 3888 Spiritus

2101 3913 2314 3968 dicatur
2354 3910 2496 3976 Filii,
2525 3927 2590 3965 ex
2633 3927 2700 3967 eo
2756 3912 2898 3966 ratio
2956 3927 3068 3965 non
3122 3911 3232 3981 peti
3288 3919 3488 3981 potest,
3542 3911 3691 3980 quod

2101 4006 2337 4062 donetur
2373 4021 2403 4059 a
2453 4005 2594 4060 Filio
2649 4004 2853 4074 dignis.
2907 4004 3110 4059 Eodem
3171 4005 3332 4059 modo
3396 4005 3688 4058 Bessarion

2102 4099 2288 4170 (epist.
2313 4098 2380 4153 ad
2411 4097 2566 4152 Alex.
2587 4097 2748 4152 Lasc.
2777 4112 2827 4151 c.
2862 4095 2924 4162 7;
2947 4095 3115 4151 llard.
3135 4095 3228 4159 IX,
3256 4096 3444 4166 1067):
3483 4116 3500 4147 ί
3530 4095 3689 4162 Quod

2102 4192 2146 4246 si
2177 4191 2302 4261 quis
2328 4191 2511 4246 dicat:
2548 4189 2678 4245 Ideo
2700 4190 2903 4245 dicitur
2937 4188 3185 4260 Spiritus
3243 4189 3386 4254 Filii,
3430 4189 3557 4259 quia
3618 4204 3688 4243 ex

2101 4300 2168 4340 co
2201 4283 2459 4349 mittitur,
2515 4282 2646 4339 falsa
2688 4292 2776 4338 est
2809 4283 2984 4348 ratio;
3048 4298 3080 4338 e
3129 4298 3398 4337 converso
3451 4298 3690 4352 namque

2101 4376 2227 4446 quia
2255 4376 2376 4446 ejus
2414 4385 2520 4437 est,
2577 4374 2816 4429 mittitur
2862 4375 2932 4429 ab
2989 4390 3090 4439 eo;
3149 4374 3331 4444 priora
3363 4373 3509 4427 enim
3560 4382 3692 4428 sunt

2101 4485 2268 4525 causa
2306 4469 2674 4540 posteriorum
2734 4468 2865 4540 (non
2893 4467 3013 4523 vice
3041 4465 3243 4538 versa).
3301 4465 3458 4521 Prius
3502 4475 3688 4520 autem

2101 4571 2206 4626 est,
2229 4563 2373 4631 quod
2397 4559 2638 4630 Spiritus
2669 4559 2742 4614 sit
2773 4557 3010 4628 Spiritus
3043 4556 3201 4624 Filii;
3237 4557 3512 4628 posterius
3533 4571 3686 4619 vero.

2100 4652 2246 4722 quod
2274 4651 2523 4705 mittatur
2550 4651 2618 4704 ab
2657 4665 2745 4704 eo.
2790 4669 2809 4701 ι
2848 4649 2938 4718 IV)
2983 4649 3106 4704 Non
3156 4650 3337 4704 minus
3381 4659 3689 4719 opportuna

2100 4755 2251 4811 sunt,
2281 4761 2402 4816 qua:
2437 4745 2682 4815 disputat
2715 4743 2872 4812 litigo
2906 4742 3247 4799 Etherianus
3274 4742 3335 4809 (l.
3384 4758 3446 4804 ιι,
3478 4757 3528 4796 c.
3590 4743 3683 4809 20,

2099 4853 2154 4908 p.
2192 4837 2349 4905 1255)
2387 4855 2402 4892 :
2443 4857 2462 4888 ‹
2496 4837 2612 4891 Non
2666 4835 2870 4890 dicitur
2903 4834 3143 4904 Spiritus
3188 4834 3307 4888 Filii
3351 4845 3408 4889 ut
3449 4836 3688 4890 consub-

2107 4927 2364 4981 stantiale
2385 4935 2442 4980 et
2470 4927 2560 4996 qui
2591 4925 2828 4980 mittitur
2855 4941 2954 4995 per
2976 4926 3179 4994 ipsum,
3204 4933 3265 4979 ut
3294 4924 3470 4980 Photii
3499 4925 3687 4980 decla-

2100 5027 2186 5073 rat
2210 5017 2520 5089 descripto;
2542 5033 2636 5072 aut
2669 5019 2815 5072 enim
2849 5017 3179 5072 :eternaliter
3209 5025 3290 5071 est
3336 5015 3454 5069 Filii
3481 5031 3686 5086 perque

2099 5112 2280 5181 ipsum
2310 5109 2646 5165 azternalitcr
2691 5109 2948 5172 mittitur,
3002 5118 3098 5164 aut
3157 5110 3317 5179 prius
3358 5108 3477 5162 Filii
3538 5118 3678 5172 erat,

2099 5218 2260 5272 quam
2301 5217 2401 5271 per
2452 5201 2634 5270 ipsum
2693 5201 3024 5254 mitteretur.
3091 5199 3248 5266 Quod
3295 5200 3340 5254 si
3389 5207 3682 5268 antequam

2099 5293 2434 5358 mitteretur,
2458 5291 2579 5346 Filii
2605 5301 2723 5345 erat
2759 5291 3024 5365 Spiritus,
3071 5308 3176 5346 non
3199 5291 3322 5362 quia
3357 5306 3452 5358 per
3503 5292 3680 5360 ipsum

2102 5385 2356 5450 mittitur,
2388 5385 2509 5454 ejus
2543 5385 2781 5439 exsistit.
2817 5387 3094 5440 Etrursus
3121 5384 3164 5437 si
3191 5399 3289 5454 per
3326 5381 3522 5437 Filium
3557 5381 3682 5450 Spi-

2100 5479 2241 5534 ritus
2274 5478 2608 5532 aetcrualitcr
2632 5478 2888 5541 mittitur,
2940 5488 3036 5532 aut
3097 5479 3331 5532 mittitur
3389 5475 3524 5528 Filio
3558 5489 3682 5528 cum

2100 5572 2262 5626 Patre
2286 5571 2541 5625 mittente
2574 5571 2779 5639 ipsum,
2803 5580 2898 5624 aut
2922 5580 3181 5640 tauquam
3214 5585 3311 5640 per
3345 5569 3683 5622 instrumen-

2102 5673 2214 5719 tum
2244 5662 2480 5716 tnittitur
2509 5675 2604 5732 per
2628 5659 2847 5726 Filium,
2883 5661 3054 5716 veluti
3090 5677 3189 5730 per
3219 5675 3404 5715 arcum
3447 5656 3682 5711 mittitur
