3956 6462
289 379 389 442 449
984 384 1080 444 DE
1120 384 1182 444 S.
1219 381 1418 442 SPIR.

1491 377 2000 441 MYS'IAGOGIA.
2041 389 2114 414 -"
2143 378 2892 441 ANIMADVEBSIONES;

3463 380 3574 449 450

293 487 512 559 sagitta;
546 487 644 543 sed
681 487 786 544 hoc
815 497 902 543 est
923 489 1297 560 impossibile,
1333 503 1401 542 eo
1437 487 1584 557 quod
1637 485 1740 540 alia
1772 501 1874 538 na-
1905 494 1946 547 Α
1977 485 2184 553 gratia’.
2218 485 2288 538 At
2319 484 2415 539 Dci
2459 484 2697 540 Verbum
2747 487 2886 541 nihil
2909 503 2976 542 ex
3024 489 3217 558 gratia,
3238 491 3366 560 quia
3429 493 3576 548 Deus

292 591 402 633 tura
427 580 501 633 sit
537 595 741 644 Causae,
779 588 834 633 et
862 579 968 633 alia
1018 577 1403 644 instrumenti;
1459 576 1676 630 alienus
1730 574 1875 628 foret

290 672 451 727 Filius
486 687 515 725 a
540 669 726 736 Patre,
753 680 812 725 ut
849 671 1280 725 instrumentum
1318 669 1388 724 ab
1416 667 1645 722 artifice.
1693 665 1876 732 Quare

286 763 449 818 mittit
477 760 653 816 Filius
691 775 748 816 et
782 763 951 818 habet
1008 762 1276 831 Spiritum
1325 759 1574 821 omnino,
1608 760 1876 827 quemad-

287 857 507 912 modum
537 864 593 911 et
629 853 822 919 Pater,
869 855 960 924 qui
990 854 1208 910 scilicet
1233 852 1471 923 Spiritus
1499 865 1680 921 neque
1712 850 1768 904 in
1808 864 1876 903 eo

285 947 427 1018 quod
460 947 703 1002 mittitur
731 947 932 1003 alicubi
953 946 1012 1017 (Ι.
1043 946 1230 1015 alicui)
1257 943 1746 1000 consubstantialis
1767 951 1870 996 est.

287 1042 541 1098 Profecto
564 1057 688 1111 quae
716 1042 950 1096 minime
1002 1038 1442 1096 substantialiter
1479 1037 1696 1102 insunt,
1737 1035 1873 1090 sub-

289 1135 570 1191 stantialis
603 1149 726 1190 esse
748 1149 860 1189 non
891 1141 1142 1204 possunt.
1169 1131 1456 1198 Quomodo
1493 1130 1641 1185 enim
1673 1145 1702 1183 a
1747 1145 1875 1199 pro-

292 1227 620 1297 prietatibus
658 1227 727 1281 ad
783 1225 1172 1282 substantiales
1212 1224 1531 1294 qualitates,
1579 1222 1698 1278 scil.
1743 1223 1873 1276 sub-

279 1319 567 1375 stantiales
595 1320 936 1374 differentias
961 1319 1229 1372 rationem
1259 1315 1540 1372 transferri
1565 1315 1862 1385 possibile?

281 1413 548 1468 Existimo
578 1427 687 1466 non
719 1420 891 1466 recte.
925 1410 1043 1464 Non
1075 1409 1221 1463 enim
1260 1417 1346 1462 est
1377 1407 1686 1476 proprietas
1726 1406 1871 1460 idem

277 1504 628 1560 substantiali
657 1502 905 1572 qualitati
930 1519 945 1569 ;
974 1511 1265 1572 propterea
1286 1515 1396 1554 non
1429 1506 1615 1570 potest
1643 1496 1870 1569 transigi

275 1597 749 1654 consubstantiale
822 1596 878 1650 in
936 1595 1342 1665 proprietatum
1391 1589 1870 1646 communitatem.

275 1691 418 1762 Ergo
444 1689 620 1744 Filius
650 1689 744 1744 Dei
783 1696 868 1743 est
899 1687 1140 1758 Spiritus
1181 1686 1338 1741 dator
1382 1693 1440 1740 et
1468 1685 1589 1754 ejus
1639 1682 1874 1738 emissor

279 1793 341 1838 ut
382 1798 497 1837 sua:
530 1780 914 1852 plenitudinis.
946 1779 1042 1834 Est
1066 1777 1216 1832 enim
1258 1777 1377 1846 ejus
1406 1775 1675 1844 plenitudo
1701 1771 1873 1844 Spiri-

1983 584 2089 640 est,
2121 575 2408 646 possidet;
2461 592 2633 646 quare
2682 578 2821 632 nihil
2871 579 3171 650 adjectum,
3215 582 3352 637 nihil
3409 584 3578 641 habet

1983 683 2163 738 nuper
2201 669 2525 734 adveniens,
2560 671 2658 726 sed
2708 681 2768 724 ut
2813 686 2845 726 a
2876 672 3151 742 principio
3213 678 3579 733 constiterant

1979 760 2355 816 exuberantia
2393 761 2595 816 divinae
2635 762 2850 817 ratione
2881 765 3192 819 consistunt
3235 775 3470 832 naturae,
3499 771 3579 823 vi-

1977 850 2182 907 delicet
2237 853 2584 909 naturaliter.
2624 873 2644 906 ι
2683 855 2952 912 Similiter
2989 857 3197 914 Beccus
3253 860 3308 913 in
3362 863 3574 916 (laniat.

1977 944 2261 1000 Animadv.
2297 960 2349 1000 c.
2379 946 2413 1000 2
2439 945 2526 1016 (G.
2570 946 2634 1013 0,
2666 947 2879 1019 11,994)
2921 967 2935 1004 :
2978 969 2996 1001 ι
3028 948 3085 1004 Si
3125 966 3156 1005 a
3192 951 3352 1008 Patre
3397 953 3478 1007 uti
3504 969 3574 1008 ex

1975 1051 2043 1090 eo
2067 1037 2342 1092 exsistcns
2369 1039 2530 1092 datur
2554 1038 2816 1109 Spiritus,
2841 1056 2941 1112 per
2959 1040 3156 1097 Filium
3192 1059 3322 1098 vero
3343 1059 3454 1100 non
3489 1047 3566 1098 uti

1976 1143 2047 1182 ex
2085 1144 2153 1184 eo
2188 1130 2482 1197 exsistens,
2513 1132 2637 1201 quis
2661 1132 2882 1187 demum
2923 1149 3034 1188 non
3068 1134 3467 1190 existimaverit
3492 1135 3573 1190 uti

1975 1235 2008 1274 a
2041 1235 2202 1275 servo
2223 1228 2280 1276 et
2301 1223 2629 1278 administro
2680 1226 3023 1295 (διακονικῶς
3074 1229 3168 1281 καὶ
3202 1228 3572 1299 ὑπηρετικῶς)

1977 1328 2078 1382 per
2114 1313 2311 1368 Filium
2339 1315 2605 1384 Spiritum
2632 1317 2786 1372 dari?
2826 1339 2845 1370 ι

2049 1406 2141 1462 19.
2184 1407 2614 1464 Usitatissimum
2656 1410 2861 1466 Graecis
2913 1412 3269 1468 heterodoxis
3302 1412 3568 1486 effugium

1978 1497 2084 1552 hoc
2118 1498 2236 1552 loco
2256 1503 2800 1557 commemorandum
2841 1512 2947 1563 est.
3009 1520 3121 1574 quo
3163 1513 3411 1560 statuun'
3465 1524 3572 1562 sae-

1977 1604 2284 1659 penumero
2312 1592 2501 1648 Patres
2542 1593 3180 1664 largitionemdonorum
3239 1605 3295 1652 et
3349 1599 3570 1654 missio-
3636 1655 3641 1660 _

1981 1696 2110 1735 nem
2143 1683 2502 1753 temporalem
2526 1684 2886 1751 intellexisse,
2919 1685 3068 1760 [198]
3108 1705 3218 1744 non
3254 1705 3386 1745 vero
3406 1699 3569 1746 atter-

1977 1787 2104 1826 nam
2132 1775 2544 1844 processionem
2570 1777 2706 1846 (98),
2758 1779 2892 1834 dum
2924 1782 3191 1850 Spiritum
3239 1798 3337 1852 per
3368 1781 3566 1840 Filium

273 1885 362 1930 tus
392 1847 568 1930 saucii
597 1873 741 1928 sicut
761 1872 1001 1927 Joannes
1029 1870 1206 1940 inquit
1241 1884 1256 1920 :
1296 1868 1406 1922 Nos
1442 1869 1506 1921 de
1546 1865 1872 1934 plenitudine
1902 1847 1946 1902 Β
1973 1864 2207 1932 edundi.
2237 1870 2479 1939 prodire,
2503 1870 2846 1926 manifestari
2881 1889 2946 1928 ac
2966 1847 3306 1945 suppeditari
3346 1877 3562 1934 dicunt.

272 1968 395 2037 ejus
433 1982 616 2020 omnes
655 1963 808 2036 [197]
841 1963 1139 2032 accepimus
1198 1959 1382 2018 (Joan.
1407 1959 1580 2021 1,16),
1619 1956 1872 2010 videlicet

272 2060 345 2114 de
372 2058 580 2130 Spiritu
620 2058 760 2127 eius.
789 2054 944 2122 Quod
973 2055 1020 2108 si
1057 2053 1296 2124 Spiritus
1346 2052 1400 2106 in
1431 2067 1498 2106 eo
1557 2049 1702 2119 quod
1738 2063 1861 2118 pcr-

267 2167 434 2217 sona,
468 2149 615 2204 Filio
645 2165 758 2204 non
802 2148 1195 2210 communicat,
1260 2144 1546 2215 plenitudo
1594 2141 1716 2195 Filii
1755 2155 1866 2194 non

265 2242 638 2298 communicat
667 2240 843 2304 Filio;
877 2239 1008 2294 item
1039 2238 1084 2292 si
1108 2236 1346 2308 Spiritus
1369 2251 1480 2289 non
1511 2244 1597 2290 est
1623 2249 1687 2288 ex
1708 2231 1864 2297 Filio,

263 2335 415 2404 quod
443 2342 531 2388 est
575 2331 1009 2395 inconveniens;
1052 2345 1177 2384 cum
1222 2343 1354 2398 ergo
1388 2343 1456 2381 ex
1499 2324 1661 2388 Filio,
1693 2334 1751 2380 et
1797 2339 1862 2378 ex

269 2433 394 2500 ipso
427 2430 703 2501 procedit.
746 2429 861 2484 Hoc
891 2427 985 2497 qui
1027 2433 1248 2498 negant.
1306 2440 1558 2480 asserere
1609 2424 1866 2478 videntur

265 2538 380 2577 non
399 2522 618 2594 propria
643 2521 846 2574 virtute
873 2535 969 2590 per
1003 2518 1272 2588 Spiritum
1307 2516 1502 2570 fecisse
1527 2515 1810 2569 miracula.
1836 2532 1856 2566 ι

265 2615 545 2670 Praterea
576 2613 644 2680 ν)
707 2613 753 2667 si
817 2610 986 2666 Filius
1032 2612 1124 2666 dat
1165 2611 1455 2678 Spiritum,
1492 2622 1626 2662 sane
1681 2607 1859 2676 ipsum

265 2709 466 2775 habet;
525 2706 621 2761 sed
666 2705 934 2776 quidquid
989 2705 1155 2759 habet
1189 2715 1244 2757 nt
1285 2703 1472 2762 Filius,
1536 2700 1589 2756 id
1619 2715 1728 2754 non
1792 2714 1859 2753 ex

260 2801 440 2871 gratia
497 2799 850 2864 habet,.sed
899 2807 1115 2861 natura,
1178 2797 1230 2850 id
1289 2796 1360 2850 ab
1407 2805 1616 2849 aiterno
1673 2792 1856 2846 habet.

261 2893 404 2946 Hinc
425 2907 645 2945 rursum
666 2889 820 2961 Hugo
845 2889 1178 2944 Etlieriauus
1199 2889 1256 2956 (l.
1289 2904 1348 2947 ιι,
1377 2903 1427 2941 c.
1456 2887 1542 2947 1|,
1571 2901 1627 2955 p.
1663 2884 1852 2952 19.26):

267 3004 285 3035 ι
317 2981 446 3051 ,Νοιι
498 2983 667 3037 habet
718 2981 891 3035 Filius
926 2979 1187 3049 Spiritum
1239 2980 1528 3032 secundum
1563 2977 1856 3045 participa-

257 3078 481 3136 tionem.
511 3075 603 3144 qui
639 3090 733 3144 per
770 3090 830 3128 se
861 3074 990 3136 vita,
1024 3087 1123 3142 per
1161 3086 1222 3126 se
1266 3073 1378 3134 lux,
1420 3080 1474 3124 et
1508 3085 1610 3140 per
1671 3085 1728 3123 se
1761 3083 1855 3122 ve-

257 3170 395 3224 ritas
418 3167 667 3234 exsistit;
705 3182 808 3221 nec
831 3167 899 3220 ab
922 3167 1028 3221 alio
1065 3164 1337 3218 modicum
1370 3163 1500 3232 quid
1529 3163 1702 3233 ipsius
1727 3159 1852 3230 Spi-
1876 3189 1920 3251 ρ

256 3264 400 3314 ritus
438 3260 661 3328 accipit,
691 3267 754 3312 ut
792 3258 917 3312 ideo
951 3257 1225 3327 impotens
1270 3255 1341 3310 sit
1365 3257 1618 3308 emittere
1647 3254 1846 3322 ipsum,

254 3366 385 3404 cum
413 3348 579 3404 Pater
607 3349 674 3404 ad
704 3350 926 3419 plenum
953 3349 1057 3402 hoc
1083 3357 1248 3418 queat
1273 3346 1474 3401 facere.
1506 3345 1661 3412 Quod
1704 3360 1849 3399 sem-

255 3457 359 3511 per
381 3441 594 3503 habuit,
623 3441 899 3510 quomodo
928 3442 996 3494 ab
1029 3440 1136 3492 alio
1192 3439 1448 3508 accepit?
1499 3437 1638 3502 Quid
1664 3446 1847 3491 autem

254 3534 523 3602 Apostolis
545 3533 661 3602 plus
689 3534 864 3592 habet.
898 3533 941 3586 si
975 3532 1191 3586 Patrem
1239 3530 1625 3598 interpellando
1665 3531 1846 3582 mittat

253 3624 540 3694 Spiritum,
571 3641 678 3678 non
715 3624 924 3679 habens
949 3638 1046 3690 per
1074 3637 1134 3676 se
1163 3637 1340 3691 neque
1369 3639 1436 3676 ex
1475 3637 1535 3676 se
1567 3621 1848 3690 prodeun-

255 3720 408 3770 tem?
433 3717 616 3782 Quare
645 3715 816 3770 mittit
849 3723 905 3768 et
933 3713 1137 3768 emittit
1185 3711 1357 3768 Filius
1381 3713 1671 3783 Spiritum,
1705 3712 1850 3767 sicut

254 3807 490 3863 Pater...
537 3807 594 3862 In
648 3807 962 3878 prophetis,
997 3805 1052 3859 in
1095 3805 1360 3875 apostolis
1397 3814 1460 3860 et'
1517 3804 1572 3858 in
1629 3803 1849 3859 Christo

253 3917 401 3956 unus
433 3900 673 3970 Spiritus
708 3907 932 3954 sanctus
959 3898 1302 3968 loquebatur,
1343 3896 1439 3950 sed
1485 3903 1666 3952 tamen
1690 3895 1849 3950 aliter

251 3992 448 4045 abillis
487 3999 544 4044 et
573 3991 731 4044 aliter
763 4004 791 4042 a
822 3987 1043 4042 Christo
1068 3986 1211 4040 idem
1246 3985 1486 4054 Spiritus
1522 3985 1846 4040 habebatur.

252 4081 391 4136 Nam
419 4083 674 4136 Christus
697 4097 790 4146 per
807 4097 862 4134 se
893 4079 1182 4150 Spiritum,
1216 4077 1292 4130 illi
1317 4091 1445 4130 vero
1474 4092 1566 4144 per
1583 4075 1848 4131 Christum

254 4176 554 4230 habebant.
599 4193 616 4226 ι
677 4175 744 4228 Et
797 4175 986 4228 denuo
1039 4171 1105 4238 (l.
1143 4185 1228 4234 ιιι,
1279 4184 1330 4222 c.
1392 4167 1481 4231 12,
1540 4185 1592 4237 p.
1639 4167 1845 4236 1248):

261 4287 276 4318 ι
318 4267 559 4336 spiritus
588 4266 708 4321 Filii
732 4275 816 4321 est
845 4272 939 4318 aut
996 4263 1209 4317 ratione
1241 4269 1448 4313 natura!
1500 4270 1595 4314 aut
1634 4259 1848 4316 ratione

321 4436 438 4505 (98)
473 4436 528 4489 id
565 4445 718 4505 urget
769 4433 1119 4505 potissimum
1162 4431 1533 4502 Theophanes
1571 4431 1846 4505 Procopo-

255 4507 414 4569 wicz,
443 4523 536 4575 op.
571 4504 666 4558 cit.
690 4504 808 4571 cap.
842 4509 893 4567 1,
926 4521 977 4574 p.
1003 4505 1057 4563 3.
1089 4504 1174 4558 14.
1214 4505 1295 4566 15,
1323 4505 1556 4575 abutens
1581 4504 1660 4556 vel
1685 4504 1843 4558 inscii

1972 1957 2243 2016 Evertunt
2272 1962 2416 2016 hanc
2449 1964 2832 2034 exceptionem
2850 1981 2974 2035 quae
3001 1967 3392 2036 praemisimus,
3410 1984 3567 2024 ever-

1972 2057 2096 2104 tunt
2127 2051 2241 2122 ipsa
2266 2053 2491 2109 Patrum
2520 2056 2711 2122 verba,
2737 2057 2938 2126 quibus
2965 2059 3157 2114 dicunt
3201 2059 3464 2130 Spiritum
3487 2063 3568 2117 ef-

1968 2139 2124 2196 fundi
2149 2157 2181 2196 a
2213 2141 2497 2198 Filiosicut
2530 2164 2563 2200 a
2591 2145 2755 2202 Patre
2775 2157 2831 2202 et
2861 2149 2934 2204 ita
2968 2159 3028 2204 ut
3053 2152 3421 2206 connaturalis
3441 2152 3566 2222 Spi-

1969 2237 2104 2286 ritus
2131 2234 2180 2288 ei
2199 2235 2290 2300 sit,
2325 2236 2472 2305 quod
2497 2239 2566 2293 de
2587 2237 2747 2293 donis
2772 2254 2872 2308 per
2895 2255 2953 2293 se
2973 2239 3078 2295 dici
3104 2241 3316 2310 nequit,
3342 2242 3550 2298 effundi

1970 2322 2234 2394 Spiritum
2266 2341 2297 2378 a
2347 2325 2489 2380 Filio
2519 2342 2584 2383 ex
2616 2328 2835 2397 propria
2861 2338 3055 2382 natura
3088 2340 3248 2399 atque
3300 2331 3557 2385 substan-

1965 2417 2044 2470 tia
2069 2416 2204 2487 (99),
2230 2417 2446 2487 aliaque
2477 2419 2794 2488 huiusmodi
2813 2431 3098 2475 sexcenta.
3127 2422 3322 2492 Neque
3379 2424 3560 2478 solum

1961 2510 2102 2564 dona
2133 2527 2197 2565 ac
2221 2511 2554 2567 charismata
2579 2511 2832 2566 fidelibus
2854 2512 3078 2571 dantur.
3109 2513 3203 2567 sed
3233 2514 3353 2583 ipse
3374 2514 3551 2580 Spiri-

1962 2611 2052 2658 tus
2071 2614 2297 2659 sanctus
2317 2605 2409 2675 qui
2430 2606 2486 2659 in
2513 2606 2594 2660 eis
2620 2605 2898 2660 inhabitat
2916 2604 3127 2673 (Petav.
3150 2607 3228 2660 De
3254 2608 3400 2664 Trin.
3432 2625 3559 2671 vm.

1958 2695 1994 2749 4
2025 2697 2193 2766 seq.),
2225 2697 2371 2765 quod
2394 2696 2595 2750 frustra
2627 2711 2658 2750 a
2692 2695 2902 2751 Graecis
2937 2698 3099 2766 plane
3129 2708 3381 2767 negatur.
3416 2697 3555 2754 Late

1959 2786 2116 2860 “99]
2161 2789 2229 2843 de
2269 2788 2356 2843 his
2382 2789 2668 2858 disputant
2704 2787 2862 2859 llugo
2887 2787 3072 2842 Ether.
3108 2790 3168 2859 (1.
3210 2808 3302 2851 ιιι.
3356 2807 3406 2845 c.
3463 2793 3557 2854 18,

1956 2895 2014 2948 ιι.
2044 2879 2180 2933 1254
2206 2895 2321 2950 seq.
2354 2880 2441 2935 Cf.
2487 2882 2556 2945 ll,
2606 2882 2692 2945 15,
2725 2881 2811 2947 14,
2855 2882 3076 2951 p.1228
3119 2882 3319 2953 seq.);
3349 2883 3559 2939 Beccus

1955 2970 2150 3038 (Orat.
2181 2973 2245 3026 de
2269 2989 2359 3026 un.
2389 2972 2540 3026 Eccl.
2585 2988 2634 3027 c.
2687 2972 2855 3027 16-19
2878 2975 2944 3026 ad
2971 2971 3192 3028 Theod.
3220 2975 3254 3026 I.
3283 2989 3321 3037 t,
3351 2989 3402 3028 c.
3433 2975 3468 3028 2
3497 2975 3550 3027 in

1954 3064 2165 3118 Camat.
2197 3064 2556 3120 Animadv.et
2582 3065 2755 3136 epigr.
2781 3065 2832 3128 8,
2865 3065 2929 3121 G.
2951 3065 3013 3120 0.
3048 3064 3090 3127 Ι,
3123 3067 3224 3121 104
3250 3082 3365 3136 seq.
3400 3067 3466 3131 ll,
3492 3067 3562 3121 89

1954 3165 2071 3220 seq.
2089 3150 2354 3212 520-525,
2376 3151 2479 3206 586
2503 3157 2668 3222 seq.);
2689 3153 3040 3208 Coustantin.
3060 3153 3302 3209 Meliten.
3322 3165 3482 3215 (orat.
3505 3158 3556 3220 1,

1957 3255 2008 3294 c.
2036 3241 2142 3304 2ος
2169 3241 2244 3296 ib.
2275 3243 2330 3305 2,
2356 3241 2461 3296 682
2495 3242 2648 3311 seq.)
2671 3259 2688 3308 ;
2711 3242 2976 3314 Georgius
3000 3245 3402 3312 Trapezuntius
3435 3246 3451 3312 (
3482 3245 3558 3298 De

1956 3347 2100 3400 proc.
2137 3330 2369 3401 Spiritus
2409 3335 2583 3387 sancti
2631 3334 2698 3388 ad
2753 3335 2910 3389 Joan.
2963 3336 3106 3390 Cub.
3149 3336 3211 3393 G.
3262 3340 3326 3391 ο.
3367 3337 3406 3404 1,
3454 3339 3562 3394 479

1956 3440 2068 3494 seq.
2102 3423 2210 3478 482
2249 3427 2434 3494 seq.);
2485 3426 2772 3480 Bessarion
2809 3426 2942 3497 (ον.
2983 3429 3159 3498 dogm.
3203 3444 3255 3482 c.
3292 3431 3346 3484 8.
3385 3430 3552 3500 epist.

1955 3515 2024 3568 ad
2065 3516 2222 3569 Alex.
2265 3515 2420 3570 Lasc.
2460 3517 2523 3580 7,
2551 3515 2714 3571 ﬂard.
2752 3518 2844 3583 ΙΧ,
2882 3520 3024 3583 561,
3063 3519 3261 3591 1063);
3301 3521 3558 3579 Bellum.

1956 3606 2036 3660 De
2066 3606 2189 3662 Chr.
2218 3607 2282 3671 Il,
2308 3607 2425 3679 22);
2455 3609 2564 3663 Leo
2596 3609 2823 3664 Allatius
2851 3611 3029 3666 (Vind.
3057 3628 3172 3680 εμπ.
3212 3612 3352 3680 Eph.
3383 3629 3433 3668 c.
3464 3617 3556 3675 47,

1955 3713 2012 3768 p.
2038 3697 2144 3752 229
2173 3713 2288 3768 seq.
2319 3714 2370 3753 c.
2400 3699 2490 3763 51,
2517 3715 2571 3769 p.
2596 3699 2736 3766 286;
2764 3715 2816 3754 c.
2841 3700 2932 3766 55,
2966 3717 3023 3772 p.
3047 3701 3341 3773 354-357).
3374 3704 3556 3760 lltnnu

1957 3789 2238 3862 llugonem
2284 3790 2636 3845 Etherianum
2669 3792 3006 3848 adducamus
3028 3834 3042 3857 ,
3077 3793 3166 3862 qui
3198 3795 3258 3865 (1.
3303 3798 3379 3864 c.)
3418 3796 3560 3850 scri-

1954 3881 2080 3938 bit:
2142 3900 2161 3934 ι
2213 3880 2365 3936 Licet
2415 3883 2647 3952 apostoli
2701 3893 2756 3938 et
2798 3884 3080 3953 propheta:
3123 3885 3179 3938 in
3229 3894 3477 3956 tempore
3524 3904 3556 3942 a

1955 3974 2177 4029 Christo
2223 3972 2493 4042 Spiritum
2522 3975 2858 4043 acceperint,
2893 3974 2988 4031 Dei
3022 3986 3202 4030 tamen
3241 3977 3413 4032 Filius
3443 3995 3555 4033 non

1956 4065 2012 4119 in
2061 4074 2308 4132 tempore
2361 4065 2624 4135 Spiritum
2680 4067 2884 4122 habere
2929 4068 3125 4138 cmpit,
3178 4085 3358 4138 neque
3411 4070 3554 4124 idem

1957 4156 2198 4226 Spiritus
2236 4174 2267 4211 a
2312 4155 2452 4211 Filio
2479 4159 2631 4212 exire
2665 4158 2882 4214 initium
2923 4160 3158 4228 sumpsit
3201 4176 3298 4230 per
3341 4169 3558 4230 tempus

1955 4249 2174 4320 aliquod
2197 4250 2299 4322 (1)..
2333 4251 2478 4306 Sane
2506 4267 2538 4305 a
2570 4251 2765 4306 diebus
2789 4253 3148 4320 mtcruitatis,
3197 4253 3343 4309 sicut
3385 4253 3557 4310 Filius

2029 4429 2143 4506 (99)
2269 4430 2574 4506 Qr._Cyri_ll.
2604 4432 2671 4506 ad
2706 4433 2917 4488 Theod.
2967 4433 3152 4506 (Allat.
3202 4432 3358 4490 Vind.
3424 4437 3552 4506 555)

1965 4501 2057 4565 Ὠς
2090 4504 2155 4575 ἐκ
2181 4501 2316 4575 Θεοῦ
2345 4501 2559 4575 Harpe»;
2594 4504 2772 4572 Λόγος
2796 4521 2810 4535 ο
2849 4506 2943 4556 καὶ
2976 4501 3042 4568 ἐξ
3077 4506 3212 4566 ἰδίας
3249 4507 3382 4575 ἡμῖν
3417 4501 3550 4559 ἅναξ

253 4588 305 4632 et
336 4548 703 4646 inipr'udeutis
750 4548 835 4628 vel
872 4548 1333 4646 etiain'tnalevoli
1361 4574 1417 4646 in
1455 4575 1558 4627 hac
1616 4575 1844 4646 materia
1879 4548 1927 4608 Ι)
1954 4548 2192 4646 τεηῗγᾲζει
2223 4548 2636 4646 φιξςςεωςῖιιῖθιη
2665 4548 2719 4627 iii
2745 4548 2909 4628 verba
2943 4548 3120 4646 :i’idi
3151 4548 3548 4629 άξεεὲτιαρηιρηι

253 4643 528 4700 Anastasii
555 4646 963 4700 Bibliothecarii
1003 4645 1207 4707 verbis,
1247 4644 1338 4714 qui
1371 4644 1429 4714 in
1463 4660 1565 4714 ep.
1599 4644 1666 4696 ad
1711 4643 1840 4710 Joh.

257 4717 406 4770 Diae.
449 4716 719 4787 (Galland.
765 4715 902 4769 Bibl.
939 4715 1053 4768 PP.
1107 4713 1272 4787 XIII,
1304 4731 1357 4782 p.
1414 4713 1504 4782 51)
1556 4715 1843 4787 ista_scri-

256 4783 480 4855 pserat‘:
514 4805 532 4843 ι
568 4785 834 4840 Praeterea
885 4786 1226 4854 interpretati
1270 4799 1460 4838 sumus
1505 4799 1571 4855 ex
1609 4783 1841 4853 epistola

253 4853 500 4923 ejusdem
533 4857 708 4910 sancti
742 4857 954 4909 Maximi
1003 4853 1071 4908 ad
1110 4855 1382 4908 Marinum
1414 4853 1616 4922 scripta
1653 4856 1838 4923 presb.

254 4926 719 4982 circumstantiam
752 4928 820 4980 de
847 4925 1082 4995 Spiritus
1116 4924 1705 4995 saucthprocessione.
1749 4925 1841 4980 ubi

258 5001 458 5051 frustra
479 4997 688 5051 causari
719 4993 910 5050 contra
947 5011 1045 5048 nos
1085 4995 1260 5048 iunuil
1290 4993 1530 5056 Graecos,
1557 5010 1680 5047 cum
1737 5011 1839 5051 nos

255 5082 361 5120 non
399 5084 615 5121 causam
645 5065 724 5119 vel
745 5066 1062 5136 principium
1097 5063 1293 5117 Filium
1326 5065 1586 5136 dicamus
1602 5065 1841 5133 Spiritus

256 5140 453 5202 sancti,
487 5149 543 5190 ut
567 5133 878 5200 autumant,
908 5133 999 5190 sed
1027 5136 1287 5188 unitatem
1320 5133 1640 5188 substantiae
1661 5136 1840 5192 Patris

257 5223 320 5260 ac
352 5207 472 5260 Filii
499 5223 606 5261 non
641 5207 972 5270 nescientes,
999 5207 1140 5259 sicut
1167 5205 1415 5272 procedit
1441 5219 1507 5257 ex
1553 5203 1732 5269 Patre,
1764 5206 1839 5260 ita

258 5290 380 5330 eum
405 5279 701 5346 procedere
752 5293 818 5330 ex
843 5275 1000 5339 Filio,
1046 5276 1348 5329 missionem
1403 5273 1658 5346 nimirum
1709 5291 1836 5344 pro—

261 5344 534 5400 cessionem
584 5347 952 5416 intelligentes,
990 5346 1076 5414 pie
1108 5348 1494 5416 interpretans,
1548 5344 1836 5416 utriusque

261 5417 454 5486 lingua:
500 5433 699 5487 gnaros
736 5414 803 5471 ad
853 5432 1039 5486 pacem
1087 5415 1571 5487 enutrieus,_dum
1613 5414 1758 5487 scil.)
1782 5425 1838 5470 et

260 5484 359 5541 nos
383 5497 438 5541 ct
475 5484 692 5543 Graecos
725 5484 918 5541 edocet
944 5487 1227 5539 secundum
1263 5484 1516 5554 quiddam
1554 5486 1837 5551 procedere

261 5561 612 5628 etsecuudum
661 5557 914 5628 quiddam
967 5573 1070 5608 non
1117 5553 1396 5628 procedere
1445 5553 1710 5628 Spiritum
1769 5572 1838 5610 ex

264 5624 426 5686 Filio;
467 5624 836 5682 difﬁcultatem
863 5626 1200 5696 exprimendi
1233 5625 1300 5678 de
1345 5626 1570 5679 alterius
1613 5627 1665 5678 in
1695 5635 1836 5680 alte-

264 5696 372 5749 rius
406 5698 600 5768 lingua:
629 5699 1014 5767 proprietatem
1046 5696 1380 5768 significans.
1417 5714 1450 5768 (_
1481 5696 1654 5768 Quum
1705 5712 1833 5768 seu-

268 5764 697 5835 t_euti.'uu'mcrito
730 5764 801 5828 ut
836 5764 1362 5835 insulsamcastigat
1419 5764 1701 5833 Petavius,
1758 5767 1834 5820 De

268 5832 403 5890 Trin.
437 5840 470 5891 l.
507 5855 601 5904 vn,
628 5855 676 5893 c.
721 5839 810 5908 1'7,
844 5855 902 5891 n.
938 5836 1018 5902 12,
1047 5836 1102 5889 in
1135 5835 1265 5890 fine.

1952 4642 2216 4712 Spiritum
2256 4642 2406 4715 (Bec.
2451 4645 2627 4715 epigr.
2669 4646 2723 4710 4,
2765 4645 2909 4715 561,_
2925 4644 3051 4712 562)
3083 4646 3204 4715 ,Αυύ
3236 4648 3344 4715 γὰρ
3373 4647 3549 4714 δήπου

1951 4714 2412 4785 πρὸς-,τοσαύτην
2465 4713 2689 4785 ἀλόγίαν
2733 4713 3189 4785 κατᾳῦησόμεθα-
3219 4713 3542 4785 καὶλὴμέείς,

2067 4781 2318 4856 ρῖεσθᾲαιᾼ
2359 4781 2622 4853 pedamen
2677 4787 2735 4856 ὲν
2766 4781 3283 4856 ντῷάᾳὶατὰίφύσιν
3337 4781 3451 4856 Υἶῴ
3489 4787 3551 4839 τὸ

1950 4853 2506 4925 Πνεῦμαῌὺπάρχειν,
2534 4856 2632 4925 καὶ
2662 4854 2787 4925 οὐχὶ
2815 4853 3324 4925 μᾶλλονηούσιωδῶς
3369 4853 3548 4925 ἐμπε-

1951 4923 2614 5003 φρκὸςκῶρ-περιάμέξει
2663 4923 2762 5003 ita).
2787 4925 2942 5003 abet};
2967 4924 3054 5003 τῇ
3099 4925 3316 5003 [Ι-ᾳτρις
3354 4923 3550 5003 ὥσπερ

1949 4993 2185 5065 γὰρ-τοῦ
2231 4993 2472 5065 Παίρὸς,
2500 4995 2645 5048 οὕτω
2699 4993 2920 5065 δὴ-καὶή
2961 4993 3058 5046 τοῦ
3108 4993 3241 5047 Υἱοῦ
3291 4996 3440 5049 ἐστὶν
3489 4993 3550 5048 τὸ

1949 5061 2188 5136 Ηνεγιξμσἒ
2209 5063 2270 5116 τὸ
2307 5061 2713 5136 amtor/"avrum
2735 5061 2837 5136 ’ὀῦν
2895 5065 3101 5135 τρόπον
3127 5066 3548 5136 ἁπομεριοῦμεν

1947 5136 2013 5186 τὸ
2053 5133 2280 5206 Πνεῦμα
2310 5135 2404 5187 τοῦ
2453 5134 2698 5206 Υἱοῦμτὸ
2722 5135 2909 5206 (οὕτως
2935 5133 3285 5206 spumaue;
3308 5133 3406 5189 ita).
3450 5133 3550 5189 ὀὐ-

1950 5203 2160 5266 σιωόὡς
2211 5205 2514 5275 ἡνωμένον,
2554 5204 2623 5258 δι’
2670 5205 2856 5275 αὑτοῦ(
2903 5222 2965 5259 τε
3001 5203 3401 5274 ’προσκύπτον,
3433 5207 3550 5275 Δειισιὶ

1947 5275 2197 5346 ὑπάρχον
2229 5271 2286 5325 ἐν
2320 5271 2470 5346 ista
2501 5271 2772 5345 φυσικῶς,
2832 5274 2909 5337 ὡς
2962 5271 3135 5346 μηδὲν
3167 5276 3358 5345 ἕτερον
3405 5271 3548 5328 εἶναι

1945 5345 2266 5417 νομίζεσ-οαι
2322 5344 2454 5416 παρ⁴
2508 5344 2800 5417 nassum
2841 5344 3323 5417 ν-ῘΑπαράλλωιτὸς
3378 5346 3547 5417 ﬁco?

1944 5414 2186 5487 Χριστοῦ
2231 5414 2488 5485 deorum;
2526 5416 2661 5487 πρὸς
2720 5420 2787 5469 τὸ
2835 5415 2992 5470 ἴδιον
3022 5414 3233 5487 ἀὐτοῦ
3275 5417 3370 5469 καὶ
3402 5414 3547 5483 παρ’

1943 5485 2145 5556 αὐτοῦ
2161 5487 2314 5538 κατὰ
2343 5489 2537 5554 φύσιν
2566 5485 2980 5556 προχεόμενον
3009 5485 3271 5554 Πνεῦμα.

2019 5558 2094 5626 (1)
2129 5555 2276 5608 Idem
2307 5551 2355 5608 lf
2388 5573 2446 5614 n.
2477 5573 2530 5611 c.
2567 5551 2655 5620 13,
2683 5551 2755 5612 ’16
2781 5551 2802 5618 ξ
2824 5574 2874 5626 p.
2906 5557 3068 5619 1229,
3097 5551 3237 5610 1230
3264 5571 3327 5626 ex
3355 5551 3548 5626 Bibliis

1943 5635 1999 5678 et
2029 5623 2279 5680 Patribus
2313 5627 2701 5692 inculcaverat,
2733 5623 3014 5682 Chi-istum
3051 5642 3158 5680 non
3191 5623 3548 5679 accidentall-

1945 5707 2045 5759 ων.
2096 5713 2205 5749 ιιυιι
2253 5711 2318 5749 ex
2354 5698 2661 5766 adjectione
2709 5699 2794 5751 vel
2850 5698 3232 5756 extrinsecus,
3263 5699 3356 5766 sed
3390 5713 3452 5746 ex
3489 5710 3548 5748 se

1943 5766 2063 5834 ipso
2094 5776 2153 5838 ut
2179 5766 2272 5820 Dei
2311 5765 2507 5821 Filium
2537 5768 2776 5836 Spiritus
2809 5767 3225 5838 plenitudinem
3251 5765 3545 5838 habuisse,

1945 5852 2106 5905 quam
2141 5837 2195 5890 in
2230 5853 2344 5890 rem
2375 5849 2430 5892 et
2475 5834 2660 5909 Cyrilli
2692 5834 3045 5891 Alexandrini
3081 5834 3542 5892 anathematismo
