3956 6436
459 355 563 425 451
599 353 622 372 ’

1603 357 1701 418 ΡΗ
1710 357 1872 418 OTlI
1906 355 2417 419 PATRIARCHIE
2454 359 2566 421 CP.

3637 371 3739 435 452

447 490 479 528 a
514 472 671 526 Patre
703 480 1015 542 generatur,
1047 469 1122 525 ita
1169 470 1407 540 Spiritus
1441 479 1667 525 sanctus
1697 471 1766 524 ab
1807 481 2040 540 utroque
2066 474 2119 533 Α
2141 471 2400 528 omnibus
2440 474 2723 544 disciplina
2755 482 3032 530 censetur.
3085 474 3202 530 Lux
3233 491 3448 548 quoque
3478 481 3607 538 solis
3635 501 3734 556 pe-

448 565 584 631 exit,
601 563 671 618 ab
694 572 924 632 utroque
953 561 1188 617 mittitur
1215 560 1570 628 :eternaliter,
1600 570 1656 615 et
1680 561 1749 616 ab
1775 571 2008 631 utroque
2028 602 2045 627 ,

449 667 508 712 ut
542 666 823 711 ostensum
851 663 968 717 est,
1003 656 1222 708 uniuoce
1262 653 1533 724 procedit.
1571 651 1707 707 Nam
1748 654 1893 723 apud
1937 663 2050 708 tres

449 749 587 804 nihil
615 748 879 818 praeterit,
903 746 1043 800 nihil
1067 746 1312 800 futurum
1344 755 1457 812 est;
1478 747 1621 816 apud
1651 754 1762 801 tres
1783 761 2052 816 personas

449 857 560 895 non
583 849 667 894 est
688 838 1071 894 transmutatio
1091 853 1194 892 nec
1210 838 1609 893 vicissitudinis
1632 837 2049 892 obumbratio...

451 933 721 999 Quantum
742 933 812 985 ad
837 932 976 1001 ipsos
1011 930 1268 1001 (Patrem
1294 941 1349 987 et
1394 930 1590 985 Filium
1621 934 1897 1000 )spectat,
1923 939 2052 985 ante

450 1027 632 1080 omnia
656 1024 853 1080 saecula
881 1025 1107 1079 mittunt
1127 1031 1184 1079 et
1209 1024 1415 1078 donant
1435 1022 1719 1093 (Spiritum
1752 1021 2047 1091 sanctum).

451 1117 856 1174 Exsistentibus
877 1126 1058 1172 autem
1082 1117 1228 1171 dono
1251 1116 1584 1172 missioneve
1605 1115 1785 1188 dignis
1806 1116 2050 1186 incipere

451 1209 708 1264 dicuntur
737 1211 957 1264 mittere
982 1210 1065 1263 vel
1103 1209 1346 1274 donare;
1392 1225 1733 1278 nequaquam
1760 1207 2051 1261 secundum

451 1319 528 1366 se,
564 1301 706 1370 (sed)
743 1309 1000 1372 quantum
1032 1301 1103 1354 ad
1141 1301 1503 1370 suscipientes.
1542 1299 1718 1370 Igitur
1741 1299 1788 1354 si
1828 1300 2051 1355 mittere

453 1403 763 1459 mter-num,
811 1401 868 1446 et
925 1392 1151 1458 missio;
1215 1407 1480 1461 versaque
1537 1392 1698 1446 vice:
1755 1391 1800 1446 si
1859 1392 2053 1446 missio

453 1494 690 1545 aeterna,
727 1492 782 1538 et
825 1483 1064 1538 mittere.
1107 1484 1269 1554 Atqui
1318 1484 1506 1538 missio
1543 1495 1750 1538 aeterna
1793 1493 1899 1538 est.
1933 1483 2053 1537 Non

455 1575 603 1630 enim
635 1585 695 1630 ut
736 1576 791 1630 in
819 1575 1144 1631 lithotomon
1191 1575 1314 1648 (sic)
1347 1577 1486 1631 ratio
1529 1578 1694 1631 turris
1721 1575 2055 1631 fabricanda:

462 1667 880 1724 fabricationem
929 1668 1191 1738 praecedit
1232 1678 1288 1724 et
1329 1669 1399 1722 ab
1439 1685 1503 1724 ea
1539 1667 1820 1734 dividitur,
1874 1669 1949 1723 ita
1997 1668 2053 1721 in

455 1761 592 1816 Filio
621 1771 676 1816 et
703 1761 861 1816 Patre
890 1759 1044 1834 [200]
1067 1761 1205 1815 ratio
1235 1760 1510 1814 missionis
1539 1760 1781 1830 Spiritus
1815 1759 2040 1814 missio-

2153 564 2342 619 rennis
2388 573 2508 630 est;
2551 566 2795 635 quandiu
2834 565 2997 620 nobis
3038 565 3235 629 oritur.
3277 567 3421 622 diem
3452 585 3739 642 vocamus,

2150 655 2319 710 breve
2370 655 2732 710 attribuentes
2777 657 2828 710 ei
2863 655 3126 726 temporis
3160 657 3420 727 spatium.
3464 676 3485 709 ι
3540 659 3742 726 Quibus

2151 741 2422 817 exemplis
2452 746 2603 800 aliud
2635 747 2861 817 copulat
2891 747 3031 802 duce
3059 746 3389 820 Hieronymo
3417 765 3484 803 ex
3509 750 3744 808 incarna-

2151 835 2301 892 tione
2343 837 2694 907 desumptum
2722 879 2737 904 ,
2768 855 2890 909 quae
2920 839 3074 895 velut
3102 839 3216 908 jam
3258 839 3328 896 ab
3372 841 3531 898 initio
3568 847 3743 901 saeculi

2153 929 2295 985 facta
2346 931 2691 999 perhibetur.
2733 949 2798 987 ac
2834 931 3035 988 deinde
3079 934 3161 1003 (ι).
3213 933 3352 989 1255
3383 933 3475 1004 C.)
3523 938 3740 1009 pergit:

2158 1040 2179 1073 ‹
2207 1020 2366 1087 Quod
2409 1022 2454 1076 si
2497 1023 2680 1078 unitas
2723 1023 2967 1093 mysterii
3017 1023 3312 1101 Dominicae
3355 1025 3746 1084 incarnationis

2155 1113 2213 1169 in
2282 1113 2418 1168 Filio
2475 1113 2806 1185 principium
2857 1116 3124 1186 temporis
3150 1130 3288 1171 non
3319 1115 3536 1182 habuit,
3582 1118 3746 1173 multo

2154 1207 2336 1262 minus
2410 1207 2674 1262 credibile
2735 1215 2843 1261 est.
2890 1207 3208 1263 missionem
3280 1208 3520 1279 Spiritus
3583 1211 3746 1265 sancti

2154 1311 2186 1350 a
2228 1297 2388 1350 Patre
2421 1311 2486 1350 ac
2515 1295 2658 1350 Filio
2712 1296 2766 1350 in
2817 1295 3083 1351 alterutro
3108 1312 3300 1352 eorum
3351 1297 3624 1368 incepisse
3652 1300 3747 1354 sub

2157 1399 2422 1459 tempore.
2481 1408 2500 1441 ι
2551 1388 2820 1444 Praeterea
2874 1389 3020 1443 idem
3083 1399 3277 1444 auctor
3326 1399 3522 1444 contra
3579 1390 3748 1464 Theo-

2154 1483 2469 1552 phylactum
2512 1481 2794 1555 aliosque,
2835 1480 2930 1554 qui
2989 1481 3296 1552 arguebant
3341 1480 3608 1552 Spiritum
3643 1497 3746 1536 non

2156 1583 2240 1628 ter
2271 1573 2358 1628 vel
2387 1574 2590 1643 szepius
2615 1574 2803 1629 datum
2835 1573 3140 1644 discipulis,
3173 1571 3325 1645 [ΞΜ]
3357 1589 3542 1643 neque
3573 1575 3746 1629 verbis

2154 1665 2318 1720 Joan.
2354 1681 2426 1719 xx
2447 1706 2462 1730 ,
2493 1665 2568 1718 21
2589 1705 2604 1730 ,
2644 1680 2824 1734 neque
2852 1673 2980 1719 ante
3008 1664 3214 1719 Christi
3251 1679 3283 1718 e
3311 1663 3522 1718 mundo
3549 1664 3747 1719 disces-

2158 1773 2318 1822 sum,
2355 1758 2450 1812 sed
2483 1758 2695 1827 priores
2737 1767 2867 1812 ante
2910 1759 3275 1812 Pentecosten
3322 1757 3648 1812 donationes
3686 1760 3747 1813 ad

455 1868 582 1907 nem
627 1821 908 1922 przevenit‘
929 1861 984 1906 et
1015 1821 1084 1906 ab
1119 1852 1235 1922 ipsa
1281 1821 1595 1922 separatur:
1641 1852 1774 1906 Nam
1815 1853 1861 1907 si
1914 1852 2050 1906 ratio
2082 1821 2130 1880 Β
2159 1848 2394 1918 Spiritus
2421 1821 2564 1902 dona
2599 1863 2722 1902 esse
2762 1847 3049 1902 referenda
3076 1887 3091 1912 ,
3127 1862 3194 1902 ac
3240 1846 3402 1901 Joan.
3451 1863 3554 1913 xx,
3584 1847 3655 1902 22
3688 1850 3749 1904 ad

455 1944 732 2000 missionis
768 1943 1004 2015 Spiritus
1042 1945 1214 1999 sancti
1248 1945 1316 1999 ab
1345 1953 1553 1999 aeterno
1585 1944 1640 1998 in
1670 1943 1812 1998 Filio
1843 1953 1961 2009 est,
1997 1954 2054 1998 et

457 2036 646 2090 missio
677 2035 845 2106 ipsius
874 2034 1112 2104 Spiritus
1141 2033 1470 2102 erepitesse
1509 2033 1561 2087 in
1599 2033 1736 2088 Filio
1772 2033 1840 2087 ab
1869 2032 2054 2102 aliquo

459 2137 723 2198 tempore,
750 2130 903 2197 prius
933 2137 984 2181 et
1012 2127 1315 2197 posterius,
1348 2126 1624 2196 adjectum
1656 2135 1712 2181 et
1741 2125 2052 2195 separabile

459 2221 625 2275 habet
654 2219 824 2274 Filius
865 2229 922 2274 et
954 2219 1320 2274 accidentium
1355 2234 1466 2273 non
1505 2218 1695 2289 eﬂugit
1731 2217 2055 2288 multiplici-

459 2320 649 2366 tatem.
685 2310 876 2366 Nonne
901 2311 982 2366 soi
1009 2326 1134 2365 cum
1164 2310 1438 2365 illuminat
1462 2311 1710 2374 domum,
1735 2310 1917 2380 aliqua
1951 2311 2054 2364 ho-

455 2406 545 2462 die
594 2405 786 2475 incipit
834 2404 1138 2469 irradiare;
1187 2403 1416 2475 pretiosi
1462 2402 1716 2458 similiter
1764 2403 2056 2473 splendent

450 2499 654 2570 jugiter
695 2497 924 2567 lapides,
958 2497 1131 2552 stella:
1159 2512 1411 2567 quoque;
1460 2505 1705 2550 attamen
1743 2496 1961 2550 illarum
1993 2495 2051 2550 in

459 2589 731 2656 tenebris,
773 2589 967 2643 harum
1002 2603 1132 2643 vero
1167 2588 1223 2642 in
1262 2588 1385 2643 luce
1419 2587 1645 2641 minime
1674 2587 1935 2657 splendor
1967 2605 2059 2642 ru-

460 2681 612 2746 tilat,
651 2697 754 2734 non
783 2697 849 2734 ex
882 2681 1260 2748 interceptione
1299 2679 1593 2749 splendoris
1616 2721 1631 2746 ,
1661 2681 1755 2734 sed
1804 2697 1868 2734 ex
1910 2683 2058 2750 aspi-

459 2775 711 2829 cientium
744 2773 1168 2828 imbecillitate?
1219 2773 1473 2844 Amplius
1518 2791 1531 2827 :
1586 2773 1775 2828 missio
1821 2773 2060 2844 Spiritus

459 2865 636 2921 sancti
664 2873 720 2920 et
747 2865 989 2936 cognitio
1036 2864 1318 2919 missionis
1365 2865 1525 2919 sim-ul
1559 2873 1688 2919 sunt
1721 2865 1774 2918 in
1811 2865 1970 2920 Patre
2005 2873 2062 2919 et

463 2955 638 3021 Filio;
679 2965 937 3032 neutrum
967 2955 1114 3010 enim
1156 2955 1352 3009 horum
1383 2956 1618 3010 duorum
1651 2968 1868 3026 tempus
1917 2972 2060 3026 prte-

459 3047 700 3119 judicat;
730 3057 786 3103 at
813 3064 945 3102 vero
975 3048 1203 3118 cognitio
1233 3057 1440 3103 aeterna
1482 3059 1599 3116 est;
1633 3066 1762 3122 ergo
1792 3057 1846 3102 et
1875 3049 2062 3104 missio

465 3140 703 3211 Spiritus
732 3141 910 3195 sancti
954 3141 1023 3195 ab
1069 3149 1304 3208 utroque
1347 3149 1553 3195 aeterna
1604 3151 1691 3196 est
1731 3151 1789 3196 et
1835 3152 2064 3210 uterque

464 3231 746 3302 requaliter
770 3239 826 3286 et
866 3231 1200 3286 :zeternaliter
1229 3249 1393 3287 causa
1439 3231 1719 3286 missionis
1749 3231 2064 3302 Spiritus...

467 3319 528 3374 Si
578 3320 766 3390 utique
811 3318 1013 3391 (Pater)
1061 3335 1230 3375 causa
1277 3337 1393 3386 cSt,
1435 3330 1490 3376 et
1541 3319 1710 3376 Filius
1751 3329 1836 3376 est
1889 3322 2070 3391 aliqua

465 3425 632 3466 causa
673 3411 909 3482 Spiritus
938 3412 1110 3467 sancti
1146 3430 1162 3479 ;
1205 3412 1252 3468 si
1297 3421 1492 3467 neuter
1521 3419 1607 3466 est
1645 3427 1808 3466 causa
1834 3463 1846 3476 ,
1879 3411 2070 3467 ηιίεὲίο

471 3499 711 3572 Spiritus
760 3502 935 3556 sancti
979 3517 1085 3556 nec
1118 3517 1336 3558 causam
1376 3503 1542 3557 habet
1570 3517 1674 3556 nec
1699 3501 2028 3572 principium
2051 3543 2067 3568 ,

469 3593 618 3663 quod
668 3602 754 3648 est
808 3594 980 3648 solius
1031 3595 1208 3649 Patris
1261 3595 1605 3666 privilegium
1666 3595 1723 3649 in
1772 3595 2065 3650 Trinitate.

470 3685 654 3751 Quare
693 3683 926 3740 forsitan
971 3700 1080 3741 non
1127 3687 1199 3742 sit
1240 3687 1676 3753 inconveniens,
1716 3687 1760 3742 si
1790 3689 2071 3758 processio

471 3777 710 3849 Spiritus
736 3778 914 3834 sancti
946 3778 1280 3834 aeternaliter
1304 3780 1372 3835 de
1395 3779 1557 3834 Patre
1585 3795 1651 3835 ac
1682 3778 1816 3834 Filio
1842 3796 2070 3843 manans

473 3884 643 3939 penes
666 3869 1033 3940 suscipientes
1070 3879 1355 3924 creaturas
1377 3871 1578 3934 missio,
1614 3870 1871 3926 usitatius
1899 3872 2070 3924 dona-

472 3963 548 4016 tio
573 3969 629 4016 et
657 3963 700 4016 si
743 3962 873 4032 quid
907 3961 1055 4016 aliud
1105 3961 1423 4030 hujusmodi
1465 3970 1835 4032 nuncupetur,
1882 3961 2071 4016 subli-

474 4053 740 4109 mioribus
767 4053 986 4124 quidem
1020 4067 1239 4123 semper
1275 4052 1464 4107 divino
1487 4095 1501 4116 ,
1541 4052 1895 4108 inferioribus
1930 4067 2060 4107 vero

471 4161 695 4215 semper
739 4152 926 4200 creato
970 4145 1295 4200 referendis.
1341 4142 1480 4200 Nam
1528 4145 1673 4200 idem
1712 4144 2069 4216 Evangelium

475 4239 528 4292 in
582 4235 808 4291 Christo
867 4238 1152 4303 doctrina,
1197 4236 1254 4290 in
1298 4237 1561 4307 apostolis
1614 4252 1750 4292 vero
1798 4237 2070 4306 nobisque

473 4365 620 4404 nono
653 4350 828 4404 utitur
873 4349 1176 4406 adnectens
1209 4348 1543 4405 Theodoreti
1574 4350 1978 4420 Oppositionem
2003 4365 2070 4405 ac

471 4421 685 4492 Cyrillir
721 4426 1044 4492 responsum
1089 4436 1199 4474 una
1232 4437 1360 4476 cum
1392 4421 1708 4476 testimonio
1748 4436 1815 4474 ex
1853 4422 1972 4490 ejus
2000 4421 2070 4476 ad

473 4491 785 4546 Nestorium
809 4491 1076 4560 epistolis.

1111 4561 1258 4642 apud
1297 4559 1516 4642 Hugon.
1561 4559 1846 4642 Inl’,_l3,_‘p.
1891 4559 2066 4642 _12'_2_8;
2093 4531 2149 4592 Β

473 4630 616 4702 apud
649 4630 882 4702 Beceuin
910 4630 1014 4686 'Gr.
1049 4630 1191 4702 ortli.
1222 4632 1262 4694 I,
1298 4647 1355 4701 p.
1380 4630 1513 4702 220,
1551 4630 1661 4702 2‘2!
1693 4647 1709 4696 ;
1750 4630 1926 4686 Nicol.
1962 4631 2076 4702 ne.

475 4700 865 4774 then.Sgllog‘.
900 4702 953 4774 in
984 4702 1108 4756 cod.
1143 4700 1398 4774 names
1432 4702 1472 4774 f.
1503 4701 1655 4774 81gb.
1680 4717 1819 4774 cap.
1850 4702 1922 4755 55
1955 4719 1968 4756 :
2006 4700 2073 4755 Ei

429 4827 436 4830 _
475 4771 1080 4844 oaozoc'ﬂapdnkncoq
1103 4772 1261 4842 ἐδόθη
1284 4772 1406 4844 τοτε
1438 4771 1529 4824 διὰ
1552 4772 1650 4844 ῖῆς
1669 4773 2036 4844 ἐμφυσήσεως
2055 4810 2071 4835 ,

477 4842 614 4915 arma
640 4844 716 4915 μὴ
745 4841 1082 4915 ’ξδ’-χάρισμα
1109 4845 1213 4915 τῆς
1236 4841 1488 4915 ἁφὲεεως
1513 4841 1632 4915 sint
1657 4841 2074 4915 apapuav,_o;

480 4911 677 4965 αὐτίκο.
693 4911 1275 4983 δεδήλωᾶςενήὲπειπὼγ
1289 4911 1323 4968 ίό
1345 4912 1536 4983 Σωτὴρ
1583 4913 1684 4983 Ἂν
1707 4929 1870 4983 τινευν
1896 4913 2074 4983 ἀφῆτε

479 4983 578 5067 fa;
597 4978 891 5067 ἁμᾳρξίξις.
927 4983 1177 5067 ἀφίενται
1214 4978 1547 5067 (ἔθεμμῐ,
1586 4982 1711 5067 25)·
1755 4978 1864 5035 οἶδε
1903 4978 2074 5067 rip-6

482 5049 642 5125 λόγος
674 5049 770 5125 nat
798 5052 868 5125 τίνι
917 5049 1235 5125 χάρὶσματά
1281 5052 1474 5125 καλεῖν
1505 5049 1793 5125 «vespae;
1816 5068 1830 5081 ·
1863 5049 2006 5125 sive;
2037 5053 2072 5121 ἡ
2103 5063 2107 5068 ‘

481 5119 626 5194 me
653 5119 752 5194 τὴν
785 5121 890 5194 γῆν
919 5119 1223 5191 responsio;
1263 5123 1298 5194 ἢ
1335 5124 1446 5191 γὰρ
1491 5122 1586 5175 τοῦ
1631 5119 1796 5176 ἀύτοῦ
1830 5123 1924 5176 καὶ
1973 5119 2071 5174 ita;

484 5189 741 5261 Plt‘ﬁhﬁ
779 5189 1122 5261 ἑτέρουίκαὶ
1155 5189 1306 5246 ποῖού
1337 5189 1533 5259 ’ἐοῦτο;

554 5258 930 5334 (5)1Pra3elare
960 5262 1118 5332 Greg.
1149 5263 1352 5318 Nazian
1380 5272 1535 5334 rorat.
1567 5263 1658 5329 37,
1693 5280 1747 5334 p.
1799 5263 1926 5329 608,
1959 5271 2071 5318 tres

481 5329 654 5404 veluti
679 5329 882 5398 gradus
909 5329 1420 5404 communicationis
1445 5329 2011 5404 Spiritus—distinguit
2052 5350 2067 5387 :

479 5403 716 5474 primum
748 5403 830 5474 (τρ
861 5400 1102 5474 patina)
1122 5405 1195 5474 ev
1225 5404 1366 5474 ἀρχῇ
1391 5400 1504 5474 7τοῦ
1555 5405 1881 5473 εὐαγγελίου
1901 5400 2072 5457 δυνά-

482 5467 603 5543 ξιεις
637 5467 943 5544 ὲπιέελοῆν,
970 5467 1169 5526 deinde
1191 5467 1579 5544 ὲκξρῦἇώμενον
1605 5467 1784 5544 (Joan.
1812 5491 1901 5536 xx.
1937 5475 2031 5541 ‘22)
2051 5516 2067 5540 ,

480 5541 672 5616 postea
725 5544 785 5594 ὲν
838 5541 1430 5616 γλώσσαις-πυρίγμιςή
1461 5541 1808 5616 φαινόμενον.
1839 5545 2070 5616 ᾲιηείειιί

477 5611 771 5668 verborum
806 5613 1091 5679 majestate
1123 5611 1246 5666 Leo
1284 5611 1355 5666 M.
1387 5611 1641 5668 sermone
1675 5616 1712 5668 2
1743 5615 1810 5670 de
1839 5611 2067 5670 Pentec.

477 5697 529 5736 c.
555 5685 621 5756 2'9.
644 5682 698 5734 4.
735 5685 752 5749 (
778 5680 975 5735 Baller.
1001 5681 1102 5756 _76,
1133 5683 1334 5756 p._40§_
1356 5696 1472 5756 seq.
1503 5683 1591 5737 ed.
1623 5683 1818 5756 MIGNE)

477 5751 836 5824 ambiganrus,
860 5752 1015 5824 quod
1043 5751 1170 5807 cum
1201 5753 1256 5824 in
1284 5752 1370 5824 die
1392 5752 1743 5824 Pentecostes
1770 5751 2069 5824 discipulos

482 5818 698 5884 Domini
727 5818 964 5893 Spiritus
988 5832 1212 5882 sanctus
1240 5821 1506 5894 implevit,
1544 5839 1648 5880 non
1679 5825 1780 5880 fuit
1801 5818 2067 5881 inchoatio

1842 5703 1856 5737 :
1897 5704 1914 5736 ε
1948 5685 2089 5749 Non,

2161 1940 2371 1995 donum
2401 1940 2669 1995 duntaxat
2710 1939 3020 1994 dimittendi
3065 1949 3286 2010 peccata
3317 1939 3420 2009 (2),
3469 1939 3613 1994 inter
3652 1941 3750 1994 alia

2161 2031 2324 2087 docet
2351 2032 2421 2102 (l.
2454 2049 2514 2095 ιι,
2551 2033 2638 2096 15,
2667 2047 2724 2100 p.
2764 2032 2926 2102 1228)
2951 2048 3015 2086 ex
3043 2031 3310 2103 Gregorio
3329 2030 3679 2088 Nazianzeno
3699 2044 3750 2087 et

2161 2123 2430 2195 Gregorio
2459 2124 2500 2178 Ι.
2545 2123 2828 2190 Romano,
2867 2124 3145 2179 Christum
3188 2140 3296 2180 non
3337 2125 3560 2181 dedisse
3586 2125 3751 2181 solum

2161 2217 2365 2273 donum
2419 2218 2727 2288 quoddam,
2787 2217 2882 2272 sed
2932 2217 3107 2286 ipsum
3162 2215 3431 2285 Spiritum
3492 2226 3748 2272 sanctum.

2162 2311 2317 2378 Quod
2350 2311 2533 2366 denuo
2566 2311 2639 2381 (c.
2671 2308 2759 2373 15,
2801 2325 2858 2379 p.
2895 2309 3062 2378 .1229)
3098 2308 3219 2362 aliis
3264 2309 3606 2380 argumentis
3629 2324 3753 2364 eon-

2165 2404 2386 2459 firmare
2428 2405 2612 2460 studet
2640 2442 2656 2467 ,
2695 2401 3070 2474 Chrysostomi
3095 2443 3112 2468 ,
3161 2419 3285 2472 quas
3318 2403 3596 2458 contraria
3642 2413 3754 2460 esse

2164 2497 2334 2551 verba
2380 2497 2730 2560 videbantur,
2787 2495 3089 2565 explanatis
3132 2505 3189 2550 ct
3239 2496 3293 2550 in
3342 2496 3531 2551 verbis
3573 2497 3700 2566 ipsis
3737 2514 3752 2551 :

2164 2589 2398 2659 Accipite
2438 2588 2703 2658 Spiritum
2739 2597 2988 2642 sanctum
3039 2589 3325 2643 insistens.
3377 2589 3438 2643 Si
3480 2589 3604 2660 quis
3635 2593 3754 2644 vero

2173 2683 2322 2740 dicat
2376 2681 2598 2737 nonnisi
2659 2681 2863 2735 donum
2919 2681 3232 2736 remittendi
3297 2690 3525 2751 peccata
3573 2683 3750 2738 datum

2168 2776 2372 2841 fuisse,
2422 2793 2440 2826 α
2479 2774 2765 2834 attendat.
2798 2772 2874 2828 ait
2906 2772 3093 2844 Hugo,
3139 2772 3185 2827 si
3235 2773 3556 2842 hujusmodi
3595 2773 3756 2827 virtus

2167 2865 2485 2932 separabilis
2519 2865 2611 2919 sit.
2647 2864 2752 2919 Sed
2791 2873 2959 2934 patet,
2985 2864 3132 2933 quod
3163 2880 3276 2918 non
3303 2865 3376 2919 sit
3401 2864 3718 2935 separabilis
3737 2903 3752 2927 .

2168 2975 2295 3014 cum
2331 2957 2470 3011 nihil
2497 2959 2804 3012 secundum
2833 2956 3093 3011 accidens
3117 2956 3318 3011 divinis
3349 2957 3483 3011 insit
3515 2957 3756 3026 hyposta-

2170 3053 2360 3114 sibus;
2391 3065 2522 3121 ergo
2549 3050 2678 3104 dum
2723 3051 2816 3104 dat
2847 3047 3106 3118 Spiritum
3129 3090 3143 3110 ,
3174 3050 3404 3121 largitur
3435 3058 3633 3113 totum,
3662 3065 3754 3101 non

2097 3188 2142 3247 Ο
2175 3153 2405 3215 partem.
2444 3163 2463 3196 ι
2502 3142 2706 3198 Deinde
2749 3143 2916 3247 docet1
2953 3142 3236 3198 Christum
3274 3143 3329 3196 in
3392 3143 3486 3198 die
3523 3157 3755 3197 resurre-

2175 3236 2378 3293 ctionis
2415 3236 2632 3291 dedisse
2679 3245 2845 3290 totum
2878 3234 3157 3305 Spiritum,
3190 3237 3284 3290 sed
3338 3252 3443 3289 non
3484 3236 3766 3289 secundum-

2173 3345 2379 3383 omnem
2405 3327 2728 3396 operationis
2757 3327 2982 3395 speciem
3007 3368 3022 3391 ,
3055 3325 3109 3379 in
3143 3325 3233 3381 die
3261 3341 3391 3382 vero
3411 3324 3754 3381 Pentecostes

2174 3421 2396 3476 dedisse
2439 3420 2726 3473 secundum
2769 3434 2974 3472 carnem
3016 3419 3072 3471 in
3118 3418 3246 3487 ipsis
3293 3419 3616 3486 operationis
3647 3436 3754 3486 spe-

2173 3513 2344 3576 ciem;
2379 3512 2766 3567 distinctioncs
2815 3510 2928 3564 fieri
2977 3511 3044 3565 ad
3079 3525 3441 3580 personarum
3483 3511 3755 3566 discretio-

2173 3619 2298 3659 nem
2327 3612 2382 3659 et
2414 3613 2643 3674 propter
2683 3603 3069 3672 opt-rationum
3098 3603 3154 3656 in
3188 3602 3322 3673 ipsis
3361 3602 3626 3673 apostolis
3649 3604 3754 3657 clli—

2172 3694 2380 3751 caciam
2411 3696 2512 3765 (5).
2549 3713 2569 3745 ‹
2613 3694 2694 3748 Ad
2741 3695 2848 3750 hoc
2882 3725 2952 3736 --
3002 3693 3153 3766 [202]
3210 3694 3287 3749 ita
3331 3695 3755 3765 prosequitur—-

2172 3785 2482 3840 insuiilasse
2517 3784 2770 3840 Christus
2806 3793 2865 3840 ut
2899 3785 3130 3840 emissor
3159 3785 3215 3840 in
3253 3800 3320 3841 eo
3350 3788 3492 3857 quod
3524 3787 3656 3841 Deus
3701 3785 3748 3838 in

2171 3876 2367 3932 faciem
2397 3876 2788 3945 discipulorum
2816 3875 3079 3942 creditur,
3113 3884 3229 3930 tum
3255 3887 3318 3930 ut
3341 3892 3441 3947 per
3469 3879 3576 3930 hoc
3604 3876 3754 3930 ἱιιιιιιο

2172 3968 2466 4040 ligeremus
2507 3967 2773 4038 Spiritum
2819 3983 2950 4024 vere
3002 3967 3072 4022 de
3123 3967 3214 4022 illo
3246 3967 3577 4038 procedere.
3612 3977 3667 4022 ut
3695 3968 3754 4020 tie

2173 4059 2446 4131 profundo
2473 4059 2724 4129 corporis
2750 4059 2871 4129 ejus
2907 4059 3000 4114 ille
3028 4059 3192 4115 flatus
3229 4059 3563 4129 evaporabat
3590 4057 3753 4112 sensi-

2171 4152 2482 4222 biliterﬂ),
2514 4160 2630 4206 tum
2672 4152 2819 4221 quod
2858 4151 2926 4206 ad
2975 4151 3288 4206 habendum
3327 4161 3384 4206 et
3407 4151 3562 4221 quasi
3598 4148 3754 4218 possi—

2172 4243 2415 4301 dendum
2443 4241 2709 4313 Spiritum
2737 4243 2818 4297 eis
2845 4243 3023 4311 daret,
3048 4244 3196 4314 quod
3223 4244 3278 4298 in
3305 4244 3393 4299 die
3418 4243 3752 4298 Pentecostcs

2172 4356 2428 4420 muneris,
2461 4355 2551 4426 sed
2577 4354 2807 4423 adjectio
2839 4354 3135 4426 largitatis;
3164 4356 3423 4426 quoniam
3451 4365 3508 4410 et
3537 4355 3751 4426 patriar:

2173 4428 2292 4482 Cha:
2313 4433 2369 4480 et
2399 4425 2679 4495 propheta:
2702 4437 2757 4479 et
2786 4425 3100 4480 sacerdotes
3125 4425 3426 4496 omnesque
3450 4426 3642 4487 sancti,
3667 4425 3747 4492 qui

2174 4496 2449 4568 prioribus
2485 4498 2638 4568 fuere
2665 4497 3042 4568 temporibus,
3077 4499 3322 4567 ejusdem
3362 4505 3494 4550 sunt
3529 4496 3751 4568 Spiritus

2178 4565 2611 4622 sanctificatione
2637 4567 2892 4636 vegetati,
2926 4577 2981 4620 et
3003 4565 3122 4621 sine
3147 4569 3250 4622 hac
3283 4569 3453 4633 gratia
3477 4567 3618 4620 nulla
3659 4581 3750 4618 un-

2177 4652 2342 4708 quam
2394 4637 2644 4691 instituta
2691 4647 3071 4702 sacramenta,
3123 4638 3270 4691 nulla
3320 4646 3449 4692 sunt
3494 4636 3746 4708 celebrata

2177 4706 2436 4778 mysteria
2461 4746 2476 4769 ,
2508 4716 2568 4778 ut
2600 4714 2784 4760 eadem
2815 4723 3033 4776 semper
3069 4709 3235 4762 fuerit
3269 4711 3435 4761 virtus
3473 4706 3749 4760 charisma-

2179 4777 2312 4843 tum,
2345 4777 2595 4847 quamvis
2637 4794 2742 4830 non
2785 4779 2966 4831 eadem
2994 4779 3181 4832 fuerit'
3209 4794 3454 4832 mensium
3483 4779 3744 4847 donorum.

2177 4847 2284 4918 ipsi
2313 4845 2534 4917 quoque
2583 4848 2726 4902 beati
2757 4849 3004 4917 Apostoli
3060 4858 3183 4902 ante
3213 4849 3510 4917 passionem
3549 4845 3747 4918 Domini

2177 4916 2370 4972 sancto
2407 4918 2613 4987 Spiritu
2643 4935 2746 4972 non
2776 4916 3050 4985 carebant,
3077 4934 3179 4973 nec
3201 4916 3444 4988 potentia
3472 4916 3630 4988 hujus
3651 4919 3746 4988 vir:

2178 4988 2312 5064 tutis
2343 4983 2533 5064 aberat
2569 4990 2638 5042 ab
2682 4987 2942 5064 operibus
2989 4983 3351 5064 Salvam—risu.
3384 5027 3399 5041 .
3432 5027 3447 5042 .
3474 5029 3496 5064 _.
3533 4983 3634 5041 Sed
3673 4983 3744 5064 illi

2175 5059 2499 5129 perfectioni
2520 5073 2690 5130 ,qnze
2733 5067 2850 5130 erat
2877 5059 3162 5130 discipulis
3190 5059 3520 5130 conferenda
3539 5097 3556 5122 ,
3587 5059 3744 5124 major

2175 5129 2348 5200 gratia
2404 5139 2459 5182 et
2507 5129 2876 5184 abundantior
2928 5129 3212 5197 inspiratio
3268 5129 3600 5192 servabatur,
3654 5139 3742 5194 per

2174 5215 2340 5270 quam
2368 5208 2424 5253 et
2449 5216 2570 5268 quae
2599 5201 2843 5254 nondum
2889 5209 3238 5270 acceperant,
3270 5207 3546 5252 sumerent
3574 5206 3740 5270 etes-

2177 5265 2484 5340 cellentius
2499 5279 2726 5338 possent
2757 5271 2961 5324 habere
2985 5265 3106 5340 quas
3137 5265 3502 5340 sumpserant.
3533 5287 3551 5318 ι
3585 5265 3669 5340 Cf.
3691 5271 3740 5340 et

2175 5339 2432 5405 Beccum,
2456 5334 2550 5393 Ur.
2579 5345 2641 5394 de
2667 5349 2769 5393 una
2801 5341 2945 5394 Eccl.
2970 5334 3020 5395 c'.
3047 5344 3114 5394 68
3140 5339 3228 5409 (ϐ.
3252 5334 3308 5397 Ο.
3344 5339 3411 5404 ll,
3438 5340 3557 5400 ‘220.
3584 5335 3672 5390 2‘3!
3697 5334 3736 5403 )ιι

2187 5409 2277 5475 Ἐξ
2306 5412 2447 5482 ,δῖον
2487 5413 2592 5480 γὰρ
2641 5412 2720 5482 τῷ
2770 5408 3183 5482 πρωτοπλὰστῳ
3221 5411 3536 5482 νεὶςίψυχὴν
3575 5408 3738 5482 (cesar

2173 5481 2328 5552 παρὰ
2347 5480 2443 5533 τοῦ
2471 5477 2946 5552 Δημιουργοῦντος
2972 5477 3300 5551 ἐνεφυὲήθη,
3324 5477 3602 5552 διᾶςροραις
3629 5477 3736 5552 int:

2173 5542 2396 5623 ᾐιὶὶαις
2429 5542 2744 5623 @6312pr
2792 5542 3124 5618 τοίς-ἀξιοῖς
3168 5542 3602 5623 ήαὲαπεφὸᾷξηκε
3651 5542 3735 5612 (τὸ

2175 5620 2325 5691 Πν.)⁶
2358 5622 2474 5676 ἀλλ’
2508 5620 2661 5692 ὃμωξ
2679 5637 2694 5650 '
2735 5625 2783 5675 εἰ
2813 5625 2909 5675 καὶ
2939 5623 3154 5686 πολλοῖς
3184 5623 3280 5676 καὶ
3307 5622 3561 5693 πολρξὰκις
3588 5629 3735 5693 nata-

2175 5690 2801 5765 «meisquemjowspia
2827 5694 2938 5745 τῶν
2965 5693 3145 5747 αὐτῶν
3168 5690 3481 5765 παρουσῶν
3503 5690 3726 5758 περιττῇ.

2244 5762 2324 5833 (4)
2362 5761 2494 5820 Vide
2529 5763 2556 5834 §
2588 5763 2641 5829 5,
2673 5761 2859 5818 notam
2893 5765 2949 5819 2.
