3956 6424
310 392 406 459 157

1014 396 1114 458 DE
1155 398 1219 458 S.
1259 398 1456 458 SPIR.
1500 396 1896 458 MYSTAGOG
1919 398 2019 458 ΙΑ.
2047 422 2113 434 ·-
2144 396 2887 467 ANIMADVERSIONES;

3464 396 3570 462 458

304 505 701 576 ἐκπορεύεσθαι
731 504 796 558 ἐκ
824 504 1041 575 Πατρδς
1068 506 1131 559 τὸ
1170 506 1429 577 Πνεῦμα,
1460 507 1604 561 aliud
1645 508 1710 561 ἐκ
1750 506 1877 560 Θεοῦ

1992 507 2284 563 exclamat.
2347 524 2367 559 ‹
2435 506 2621 577 Neque
2673 506 2819 560 enim
2873 503 3176 561 sufﬁciebat
3215 504 3379 576 ipsis,
3421 509 3569 577 quod

301 600 358 653 τὸ
382 596 610 667 Πνεῦμα
638 597 773 662 dici,
804 608 968 667 atque
992 600 1067 653 ita
1100 600 1417 654 concludit:
1457 620 1475 651 ι
1513 601 1678 655 Multo
1714 600 1884 670 magis

301 689 514 753 veritati
539 705 844 743 consonum
880 699 987 749 est.
1014 691 1260 759 ejusdem
1295 707 1417 745 cum
1452 691 1607 745 Patre
1632 690 1884 745 essentia:

300 782 477 835 dicere
537 779 840 850 Spiritum,
900 781 1025 850 quia
1059 797 1125 836 ex
1160 782 1317 836 Patre
1366 791 1484 844 est,
1533 790 1589 837 et
1635 782 1882 852 ejusdem

293 873 549 929 essentia:
573 889 702 927 cum
727 874 884 938 Filio,
910 874 1035 944 quia
1064 892 1160 943 per
1186 876 1405 939 Filium,
1429 893 1590 946 quam
1621 877 1880 947 Spiritum

295 964 413 1017 Filii
448 971 505 1017 et
533 980 633 1034 per
657 964 853 1018 Filium
884 965 1171 1035 Spiritum,
1204 968 1350 1037 quod
1382 968 1631 1037 ejusdem
1656 968 1729 1022 sit
1758 984 1881 1023 cum

293 1056 431 1109 Filio
464 1056 740 1111 essentia;
772 1057 959 1127 Neque
991 1059 1139 1112 enim
1175 1060 1302 1128 quia
1336 1060 1568 1127 ejusdem
1597 1076 1720 1114 cum
1750 1060 1885 1114 Filio

288 1149 533 1201 essentia:
567 1157 685 1212 est,
729 1149 853 1203 ideo
904 1158 961 1203 et
998 1147 1239 1220 Spiritus
1286 1149 1409 1205 Filii
1449 1161 1503 1205 et
1548 1167 1643 1220 per
1685 1151 1883 1205 Filium

292 1238 495 1291 dicitur
536 1239 1033 1311 (quemadmodum
1086 1242 1176 1311 qui
1221 1242 1385 1312 hujus
1439 1242 1518 1297 rei
1562 1254 1885 1313 argumenta

296 1330 605 1385 hauserunt
635 1347 701 1386 ex
746 1331 944 1387 Photio
978 1342 1253 1403 nugantur
1300 1335 1402 1389 hoc
1433 1333 1750 1403 tempore),
1789 1334 1885 1388 sed

286 1420 423 1489 quia
457 1436 521 1475 ex
557 1421 715 1474 Patre
746 1437 843 1490 per
882 1421 1075 1476 Filium
1118 1422 1495 1476 exsistentiam
1528 1423 1725 1485 habet,
1759 1439 1887 1492 pro:

292 1518 484 1577 ptcrea
543 1519 600 1564 et
650 1508 894 1579 Spiritus
948 1510 1072 1565 Filii
1115 1522 1173 1567 et
1216 1512 1354 1566 Filio
1406 1513 1886 1567 eonsubstantialis

283 1603 377 1648 est
412 1595 548 1665 (l5).
597 1615 615 1647 ι
676 1596 961 1652 Postremo
1006 1599 1213 1653 Beccus
1240 1599 1351 1655 illis
1390 1616 1514 1670 qua:
1548 1601 1775 1655 Photius
1817 1618 1885 1656 ex

282 1685 534 1754 Spiritus
558 1688 732 1743 sancti
761 1705 925 1759 super
950 1690 1229 1745 Christum
1252 1692 1588 1762 baptizatum
1617 1694 1884 1748 descensu

286 1775 536 1839 deducit,
585 1779 769 1848 magni
804 1780 1091 1834 Athanasii
1140 1782 1402 1851 praeclara
1442 1784 1606 1837 verba
1633 1784 1881 1853 opponit,

283 1866 493 1935 quibus
548 1868 789 1924 declarat

278 1959 432 2012 cado
457 1960 605 2014 misit
643 1971 702 2015 ut
752 1960 908 2027 Deus,
936 1971 991 2016 et
1024 1964 1138 2031 ipse
1184 1964 1332 2017 illum
1381 1964 1433 2017 in
1468 1974 1609 2017 terra
1646 1966 1885 2035 suscepit

287 2061 349 2103 ut
384 2051 557 2104 Ιιοηῖο.
593 2052 678 2105 Ex
721 2054 833 2122 ipso
876 2053 1061 2123 itaque
1095 2054 1149 2107 in
1193 2056 1364 2123 ipsum
1391 2056 1779 2121 descendebat,
1814 2072 1881 2111 ex

284 2142 578 2199 divinitate
640 2146 813 2215 ipsius
869 2147 921 2200 in
982 2148 1377 2203 humanitatem
1436 2149 1609 2218 ipsius
1668 2150 1806 2219 (16).
1858 2171 1877 2203 ι

278 2236 426 2300 Quae
452 2251 559 2289 non
588 2238 764 2291 solum
794 2236 944 2309 [209]
975 2240 1043 2293 ad
1075 2249 1399 2309 prasentem
1430 2239 1610 2294 Photii
1638 2241 1883 2310 disputa-

280 2329 499 2383 tionem
539 2330 753 2401 egregie
783 2330 1013 2395 faciunt,
1041 2348 1233 2386 verum
1263 2340 1318 2386 et
1348 2348 1415 2386 ex
1443 2332 1579 2387 Filio
1612 2332 1881 2403 Spiritum

275 2438 415 2477 esse
454 2422 810 2478 Athanasium
859 2424 1143 2478 censuisse
1180 2425 1531 2494 persuadent.
1580 2424 1672 2479 Sic
1738 2425 1881 2480 idem

270 2515 615 2570 Athanasius
679 2516 816 2571 dicit
875 2517 1155 2571 Christum
1217 2529 1444 2572 unctum
1498 2535 1528 2573 a
1574 2519 1783 2589 Spiritu
1823 2529 1884 2574 ut

280 2609 591 2674 hominem,
645 2610 867 2664 dantem
906 2626 1035 2665 vero
1086 2611 1264 2680 ipsum
1300 2611 1553 2666 ﬁdelibus
1592 2621 1651 2666 ut
1679 2612 1879 2681 Deum;

274 2701 648 2770 accipientem
687 2701 949 2772 Spiritum
975 2718 1073 2772 pro
1102 2712 1295 2757 natura
1341 2704 1603 2766 humana,
1631 2719 1880 2759 commu-

284 2795 568 2849 nicantem
598 2809 727 2849 vero
765 2796 1017 2850 eumdem
1048 2811 1147 2865 pro
1172 2804 1365 2849 natura
1395 2796 1601 2851 divina.
1643 2797 1749 2853 Sed
1772 2797 1878 2862 his,

283 2887 419 2941 licet
444 2886 596 2957 plura
623 2887 900 2957 supersint
931 2887 1182 2952 dicenda,
1210 2888 1374 2942 ﬁnem
1410 2890 1778 2959 imponamus,
1814 2904 1882 2944 ne

283 2978 428 3033 ﬁnes
474 2978 813 3033 tractationis
860 2978 1024 3036 nimis
1062 2979 1410 3035 excedamus.
1449 2981 1550 3047 Qui
1580 2982 1646 3036 de
1670 2990 1883 3051 postre-

277 3089 380 3127 mo
410 3073 564 3127 dictis
590 3073 745 3142 plura
769 3073 943 3141 cupit,
964 3072 1133 3126 adeat
1154 3072 1273 3126 Nic.
1314 3074 1667 3129 Blemmidam
1698 3074 1782 3147 (G.
1814 3074 1878 3129 0.

1986 599 2151 653 verba
2178 598 2391 653 Domini
2424 614 2584 667 prava
2610 598 2950 667 expositione
2972 606 3570 667 perverterunt,neque

1987 688 2130 756 quod
2150 687 2367 757 pietatis
2392 703 2697 756 prarconcm
2724 687 2775 741 in
2798 687 3131 757 impietatem
3155 684 3569 741 violentomodo

1986 781 2361 845 abduxerunt;
2394 796 2581 834 verum
2603 779 2921 851 imperfecta
2956 794 3053 834 sua
3083 778 3257 833 studia
3295 778 3569 831 arbitran-

1983 882 2096 936 tur,
2144 870 2292 945 [210]
2342 873 2448 927 nisi
2494 883 2710 943 etquos
2748 874 2935 927 Patres
2970 872 3271 935 celebrant,
3329 887 3567 941 quonam

1986 974 2148 1035 pacto
2203 967 2553 1020 contumeliis
2606 974 2819 1037 petant,
2869 965 3231 1035 exquisierint
3269 970 3338 1033 (c.
3386 965 3497 1033 66),
3542 982 3563 1014 ι

1986 1054 2099 1111 llos
2146 1056 2295 1110 enim
2365 1056 2552 1113 Patres
2610 1066 2809 1111 vocant
2874 1057 3099 1123 nomine
3153 1067 3332 1120 tenus,
3388 1056 3565 1125 reipsa

1988 1162 2118 1201 vero
2170 1145 2387 1201 Patrum
2458 1147 2537 1202 eis
2573 1148 2958 1219 praerogativas
3002 1147 3273 1206 adimunt.
3309 1162 3432 1201 cum
3469 1160 3565 1200 eos

1982 1233 2205 1290 Christo
2256 1236 2696 1292 contradicentes
2746 1236 3059 1307 confingant
3111 1237 3184 1306 (c.
3237 1236 3352 1307 67).
3429 1234 3567 1289 Hinc

1987 1326 2141 1394 quasi
2185 1326 2408 1381 Patrum
2455 1328 2669 1381 iliurum
2717 1328 2982 1382 honorem
3022 1328 3399 1381 vindicaturus
3444 1343 3567 1380 om-

1987 1433 2112 1471 nem
2152 1418 2209 1471 in
2263 1433 2328 1472 eo
2366 1419 2595 1473 collocat
2634 1435 2889 1489 operam,
2924 1428 2981 1472 ut
3035 1418 3435 1487 quadamtenus
3471 1435 3567 1474 eos

1986 1518 2231 1573 excuset,
2263 1524 2328 1563 ex
2367 1510 2603 1564 humana
2638 1511 3005 1565 imbecillitate
3031 1520 3088 1564 et
3133 1512 3463 1581 ignorantia,
3498 1527 3567 1565 ex

1988 1600 2129 1654 bona
2187 1600 2290 1656 ﬁde
2338 1618 2461 1656 cum
2516 1602 2730 1657 defectu
2779 1603 3104 1657 necessaria:
3148 1603 3562 1672 correptionis,

1985 1700 2151 1761 atque
2205 1708 2270 1748 ex
2316 1708 2386 1747 eo
2444 1694 2588 1764 quod
2645 1710 2756 1749 non
2801 1695 2995 1766 dogma
3039 1696 3124 1750 vel
3157 1695 3329 1766 legem
3360 1696 3566 1750 consti-

1990 1792 2144 1840 tuere
2178 1787 2451 1841 voluerint
2487 1789 2559 1856 (c'.
2586 1788 2699 1859 68).
2727 1788 2834 1842 Sed
2884 1798 3340 1860 quantuscunque
3387 1790 3564 1844 honor

848 1888 861 1923 :
913 1890 931 1923 ε
995 1872 1115 1940 ipse
1160 1871 1457 1944 (Christus)
1501 1874 1766 1943 Spiritum
1815 1876 1883 1930 de
1915 1857 1958 1912 Β
1988 1876 2067 1931 eis
2101 1878 2403 1943 tribuatur,
2438 1896 2549 1933 non
2608 1857 3017 1950 obsequendum
3084 1897 3206 1937 esse
3251 1857 3415 1952 urget
3462 1882 3567 1938 illis

1984 1983 2104 2037 qua:
2143 1979 2341 2039 prmtcr
2381 1971 2584 2025 Christi
2636 1981 2689 2026 et
2745 1973 3117 2041 apostolorum
3164 1974 3565 2029 institutionem

1986 2059 2289 2128 docuerint,
2319 2079 2444 2117 cum
2477 2079 2654 2132 neque
2682 2064 2874 2133 angelo
2902 2064 2968 2119 de
2997 2065 3135 2119 coelo
3183 2064 3317 2119 ﬁdes
3354 2066 3423 2119 sit
3465 2063 3566 2118 ha-

1986 2149 2163 2206 benda
2196 2162 2393 2222 przeter
2426 2155 2779 2224 Evangel'ium
2820 2156 2949 2225 quid
2982 2157 3302 2225 praedicanti
3330 2156 3404 2225 (c.
3436 2157 3563 2228 69);

1984 2245 2166 2315 potius
2216 2246 2518 2301 obvelauda
2574 2247 2744 2302 fuisse
2800 2263 2923 2316 qum
2982 2249 3038 2302 in
3086 2265 3275 2303 eorum
3324 2250 3565 2304 dedecus

1984 2346 2212 2407 vergunt
2264 2337 2497 2392 ﬁliorum
2543 2338 2655 2393 Noe
2686 2339 2958 2407 exemplo,
2989 2355 3151 2410 quam
3188 2356 3375 2395 coram
3430 2342 3567 2396 orbe

1986 2435 2248 2481 terrarum
2282 2428 2682 2483 manifestanda
2720 2430 2789 2499 (c.
2817 2429 2929 2499 70).
2967 2428 3240 2485 Praeterea
3285 2446 3410 2485 cum
3455 2439 3566 2485 tam

1985 2517 2204 2587 longum
2250 2525 2471 2589 tempus
2526 2520 2733 2574 interea
2788 2520 3078 2585 effinxerit,
3130 2522 3395 2577 incertam
3444 2539 3567 2577 esse

1984 2610 2245 2664 librorum
2280 2611 2461 2677 ﬁdem,
2504 2611 2595 2681 qui
2632 2612 2863 2667 fortasse
2886 2614 3194 2682 interpolati
3228 2629 3290 2667 ac
3320 2616 3567 2685 corrupti

1984 2700 2189 2756 fuerint
2215 2703 2289 2773 (c.
2324 2704 2447 2774 7l);
2482 2704 2681 2759 deinde
2721 2704 2880 2780 facile
2910 2705 3166 2761 accidere
3215 2707 3482 2776 potuisse,
3506 2718 3569 2762 ut
3623 2726 3629 2731 '

1987 2793 2233 2850 Pati-ibus
2254 2796 2359 2850 illis
2386 2811 2509 2851 cum
2534 2797 2905 2868 gentilibuset
2925 2814 3051 2853 cum
3085 2799 3357 2861 haereticis
3373 2800 3568 2854 decer-

1985 2888 2227 2943 tantibus
2245 2905 2345 2944 vox
2363 2891 2611 2958 quaedam
2632 2890 2815 2946 minus
2831 2900 3089 2947 accurata
3106 2892 3390 2957 exciderit,
3415 2893 3568 2961 ἀγω-

1983 2984 2241 3045 νιστικῶς
2276 2998 2371 3037 seu
2401 2984 2666 3053 polemice
2701 2985 2863 3051 dicta,
2890 3002 2998 3040 non
3031 3002 3165 3041 vero
3198 2987 3568 3056 δογματικῶς.

1983 3073 2154 3127 velut
2182 3076 2486 3128 (economia
2529 3076 2763 3145 quadam
2816 3077 2895 3131 usi
2923 3077 3130 3132 fuerint
3185 3077 3371 3149 (c.72)
3414 3078 3568 3133 Pauli

280 3164 325 3228 Ι,
377 3164 500 3231 50);
541 3163 779 3219 Beccum
833 3166 928 3236 (ib.
965 3164 1005 3229 Ι,
1038 3163 1202 3233 9.0!);
1243 3163 1441 3235 Georg.
1494 3166 1728 3221 Metoch.
1778 3167 1877 3237 (ib.
1907 3191 1950 3249 ο
1987 3166 2170 3234 (c.75,
2199 3166 2289 3236 74)
2314 3178 2365 3220 et
2389 3164 2645 3237 Basilii(c.
2683 3167 2770 3235 77)
2814 3168 3006 3237 agendi
3040 3168 3308 3222 rationem
3351 3170 3564 3231 secuti;

279 3256 352 3319 ll,
397 3256 498 3310 968
560 3257 724 3326 seq.),
767 3266 824 3311 et
888 3255 1058 3311 Leon.
1119 3258 1281 3311 Allat.
1348 3256 1524 3326 (Vind.
1576 3274 1694 3327 syn.
1740 3258 1876 3327 Eph.

279 3364 337 3403 c.
362 3350 448 3410 75,
471 3365 523 3418 p.
549 3349 653 3403 574
672 3349 814 3419 seq.)
842 3365 1018 3418 neque
1045 3348 1228 3420 Cyrilli
1252 3349 1599 3403 Alexandrini
1620 3351 1879 3419 praeclara

276 3443 457 3496 verba
483 3442 534 3494 in
559 3442 718 3496 Joan.
746 3443 846 3497 Ev.
873 3442 1275 3511 prretermiltat,
1308 3458 1429 3510 quae
1457 3441 1665 3496 Bcccus
1697 3441 1782 3511 (G.
1812 3442 1875 3500 0.

276 3535 355 3599 ll,
416 3534 655 3589 56l-567
722 3546 865 3605 seq.)
922 3551 1035 3590 suae
1100 3535 1492 3590 sententiarum
1566 3536 1876 3591 collectioni

277 3628 483 3682 merito
509 3628 715 3682 inserta
745 3627 916 3683 voluit
941 3626 1080 3699 (17).

354 3719 450 3773 2'2.
506 3719 748 3774 Tandem
806 3718 1151 3790 Photius.(c.
1205 3719 1274 3775 66
1330 3720 1467 3790 seq.)
1521 3719 1867 3776 adversarios

275 3811 499 3865 inducit
528 3811 825 3876 Ambrosii,
844 3811 1135 3883 Augustini
1151 3852 1165 3875 ,
1195 3811 1507 3883 llieronymi
1529 3813 1873 3884 aliorumque

274 3905 575 3957 doctorum
602 3901 1042 3960 Occidentalium
1097 3906 1424 3961 auctoritate
1467 3906 1766 3962 innitentes
1812 3922 1877 3962 ac

272 3995 438 4049 hunc
475 3994 529 4048 in
557 3996 779 4050 modum
811 3996 1195 4066 disputantes:
1229 4016 1248 4050 ι
1291 3999 1400 4052 Aut
1430 3998 1515 4053 isti
1561 3998 1747 4053 Patres
1783 4000 1874 4069 pia

277 4089 538 4155 dogmata
587 4086 927 4142 tradiderunt
996 4096 1051 4143 et
1085 4082 1233 4143 tunc
1321 4089 1634 4159 quicunque
1685 4089 1875 4145 Patres

268 4193 385 4232 ens
414 4194 535 4234 cum
568 4180 779 4235 honore
829 4190 1169 4251 nuncupant,
1201 4195 1392 4235 eorum
1447 4181 1735 4235 sententiae
1784 4198 1875 4235 as-

270 4272 596 4327 sentiuntur
640 4282 894 4343 oportet;
948 4284 1043 4329 aut
1088 4274 1379 4344 impiorum
1421 4274 1736 4344 dogmatum
1786 4274 1873 4327 in-

275 4375 541 4420 ventores
578 4377 1068 4437 propagatoresque
1116 4367 1395 4430 exstitere,
1446 4376 1502 4421 et
1550 4376 1681 4422 tunc
1710 4367 1871 4421 simul

270 4472 414 4511 cum
462 4472 558 4511 sua
614 4458 859 4512 doctrina
901 4458 1051 4513 velut
1090 4458 1243 4528 impii
1299 4459 1641 4527 rejiciantur.
1695 4477 1713 4511 ι
1750 4457 1870 4513 Non

1983 3258 2221 3327 denique
2283 3273 2459 3326 neque
2493 3258 2680 3312 deesse
2729 3256 3208 3328 Patres,quorum
3260 3258 3568 3315 sententias

1983 3348 2226 3403 Ecclesia
2262 3348 2407 3402 haud
2463 3349 2789 3418 susceperit,
2819 3349 2948 3402 licet
2976 3350 3218 3417 alioquin
3263 3349 3445 3419 magni
3471 3364 3567 3404 eos

1979 3440 2146 3494 faciat
2176 3440 2247 3511 (c.
2280 3439 2406 3509 75);
2436 3450 2597 3509 atque
2647 3442 2726 3494 sic
2780 3455 2969 3494 revera
3024 3441 3325 3510 parricidas
3364 3455 3567 3496 manus

1979 3550 2074 3589 eos
2125 3534 2374 3589 Pati-ibus
2436 3534 2684 3605 injicere,
2714 3534 2805 3604 qui
2852 3542 3040 3588 contra
3082 3534 3323 3603 ipsorum
3384 3533 3567 3587 inten-

1980 3629 2184 3683 tionem
2241 3628 2453 3681 illorum
2495 3626 2941 3697 expressionibus
2981 3626 3054 3680 ad
3133 3625 3565 3695 impugnandam

1979 3720 2183 3775 Christi
2221 3719 2635 3773 saluberrimam
2664 3718 2967 3773 doctrinam
2998 3719 3327 3781 abutantur;
3363 3717 3417 3769 in
3464 3716 3565 3769 hos

1979 3812 2170 3867 Patres
2202 3812 2349 3882 ipsos
2402 3813 2811 3866 insurrecturos
2853 3818 2910 3863 ct
2952 3817 3147 3864 contra
3189 3817 3431 3868 mentem
3459 3807 3562 3862 sibi

1979 3905 2217 3959 afﬁctam
2244 3904 2564 3959 solemniter
2599 3911 2996 3973 protestaturos
3039 3892 3119 3971 ’(c.
3153 3899 3266 3967 76).
3298 3899 3403 3954 Sed
3453 3913 3566 3969 quo

1981 3996 2137 4065 plura
2170 3996 2270 4049 hac
2300 3994 2355 4049 in
2388 4010 2446 4048 re
2472 3993 2723 4063 congerit
2756 3990 3004 4053 Photius,
3047 4005 3113 4045 eo
3162 3989 3438 4045 infelicior
3475 4000 3565 4045 est

1980 4102 2158 4158 pugna
2204 4097 2263 4141 et
2305 4086 2528 4156 quidem
2572 4084 2752 4154 quoad
2786 4097 2978 4136 omnes
3008 4090 3214 4151 partes.
3244 4080 3564 4135 Consultius

1978 4179 2305 4249 Photio,qui
2358 4177 2574 4232 nonnisi
2631 4176 2961 4247 paucissima
3010 4173 3330 4228 Latinorum
3369 4174 3561 4229 docto-

1979 4289 2101 4327 rum
2125 4272 2326 4343 scripta
2351 4280 2600 4331 noverat,
2653 4279 2801 4325 certe
2839 4269 3015 4323 fuerat
3058 4268 3110 4320 in
3167 4267 3309 4321 banc
3335 4282 3560 4321 arenam

1978 4380 2089 4417 non
2121 4362 2475 4417 descendere.
2502 4362 2714 4415 Etenim
2762 4361 2814 4414 in
2854 4359 3044 4430 primis
3074 4374 3184 4412 non
3245 4358 3422 4413 solum
3485 4358 3561 4411 illi

1981 4464 2093 4509 tres
2135 4469 2260 4509 cum
2314 4453 2436 4507 aliis
2481 4452 2674 4523 paucis
2714 4440 3304 4521 tradiderefSpiritum
3352 4465 3381 4503 a
3425 4449 3563 4523 Filio

276 4547 452 4602 audet
476 4547 702 4604 Photius
720 4550 1147 4605 Occidentalium
1193 4551 1478 4606 doctorum
1528 4550 1748 4621 penitus
1785 4567 1870 4605 re-
1907 4531 1952 4586 Ῑ)
1976 4560 2195 4616 quoque
2246 4543 2562 4614 procedere,
2586 4559 2774 4597 verum
2811 4542 2959 4613 [211]
2990 4541 3165 4597 Latini
3196 4541 3447 4597 doctores
3492 4541 3563 4597 ad

274 4656 483 4710 spuere
530 4642 944 4707 auctoritatem;
996 4643 1575 4713 tergiversationibus,
1606 4641 1868 4713 argutiis,

270 4732 692 4801 suspicionibus
718 4743 775 4788 et
799 4734 1214 4804 exceptionibus
1244 4734 1408 4789 variis
1430 4734 1622 4796 utitur,
1650 4733 1868 4795 callide,

274 4827 435 4881 velut
466 4827 510 4881 si
539 4843 661 4897 quae
691 4828 758 4882 de
790 4827 1090 4882 Bibliorum
1132 4827 1461 4882 testimoniis
1510 4828 1868 4892 disseruerat,

270 4927 435 4971 certa
500 4919 682 4973 omnia
735 4919 934 4985 forent,
960 4928 1126 4989 atque
1175 4919 1513 4984 indubitata,
1570 4919 1871 4990 ignominia

264 5013 623 5066 adversarios
682 5011 864 5083 ipsos,
928 5027 1066 5082 quos
1105 5011 1331 5066 laudant
1390 5010 1603 5079 Patres,
1651 5011 1872 5066 afﬁcere

352 5203 467 5285 (i5)
498 5219 555 5288 ηε
582 5204 640 5288 ἒ.
670 5219 726 5284 p_.
760 5205 908 5288 14:7)”:
932 5201 1016 5284 ρύ
1047 5201 1157 5288 γὰρ
1184 5202 1269 5288 ῥτι
1298 5197 1747 5288 discedam);

269 5269 557 5345 τοῦτο’κατὶ
579 5269 803 5345 Πνεῦμα
826 5272 983 5345 Υνὶοὗ,
1005 5269 1099 5325 καὶ
1118 5269 1208 5345 δεὰ
1230 5269 1505 5345 courier},
1523 5269 1610 5345 _tb;
1633 5271 1692 5345 oi
1720 5272 1872 5345 πᾳρὰ

270 5344 486 5398 Φωτίου
525 5340 786 5408 λαϐόντες
824 5344 923 5406 τὰς
956 5343 1213 5414 ἀφορμὰς
1259 5340 1713 5414 ὲρεσχελρῦσι-τᾴ
1736 5340 1830 5393 νῦν
1851 5377 1869 5403 ,

270 5416 499 5482 λέγεται
516 5429 528 5441 ⁸
564 5416 678 5467 ἀλλ’
721 5416 802 5468 ὅτι
835 5414 928 5467 διὰ
953 5408 1047 5466 τόῦ
1070 5408 1213 5466 Tim")
1238 5408 1337 5483 τῆν
1360 5408 1425 5483 ἐξ
1452 5410 1665 5480 Harpe;
1690 5408 1871 5483 ὕπαρ-

272 5481 365 5548 ξω
397 5485 531 5555 ἔχει,
563 5484 651 5539 διὰ
683 5485 841 5538 τοῦτο
869 5485 964 5538 καὶ
1006 5483 1234 5554 Πνεῦμα
1272 5481 1405 5536 Υἱοῦ
1453 5484 1545 5535 καὶ
1583 5481 1870 5551 ὁμοούσιον

272 5555 419 5609 Υἰῶ.

358 5575 469 5696 3.6)
501 5626 701 5680 Athan.
743 5626 822 5680 De
852 5626 1074 5696 incarn.
1101 5640 1121 5678 :
1147 5623 1319 5696 Αὐτὸς
1351 5622 1629 5696 γὰρᾼαὺτὸ
1663 5620 1873 5696 ἄᾼνῳθεν

272 5693 530 5765 ἔπεμπεν
556 5697 629 5757 ὼς
652 5697 808 5758 Θεὸς,
832 5698 928 5750 καὶ
959 5694 1280 5765 αὑτὸςῌαὺτδ
1306 5693 1554 5748 κάτωθεν
1582 5694 1875 5765 ὑπεδέχετο

271 5772 358 5831 ὡς
389 5761 697 5837 ἅνθρωπος.
738 5766 828 5830 Ἐξ
870 5766 1037 5820 αὐτοῦ
1081 5761 1176 5820 οὖν
1214 5765 1504 5837 εἰςᾼαύτὸγ
1546 5761 1779 5837 mmet,
1810 5764 1875 5837 εκ

251 5839 380 5908 πῆς
414 5832 673 5907 βεάτητος
732 5837 896 5889 αὑτοῦ
955 5838 1037 5900 εἰς
1081 5840 1179 5909 τὴν
1234 5832 1870 5910 ἀνθρωπότηταᾶὺτοῦ.

518 5932 791 5997 Ρλτῐιοι.
834 5932 950 5993 Gn.
996 5931 1125 5993 Cll.

1977 4653 2149 4692 unum
2181 4651 2391 4698 omnes,
2428 4642 2697 4704 quotquot
2731 4632 2907 4686 fusius
2949 4632 3016 4686 de
3054 4630 3239 4685 divina
3290 4630 3561 4685 Trinitate

1975 4737 2241 4802 egerunt;
2273 4736 2332 4781 ut
2387 4725 2783 4781 Tertullianum
2835 4731 3247 4793 praetereamus,
3269 4721 3382 4790 jam
3433 4729 3563 4776 ante

1975 4819 2323 4875 Ambrosium
2370 4817 2421 4872 id
2475 4817 2712 4871 docuere
2766 4814 2969 4869 Marius
3011 4811 3329 4867 Victorinus
3359 4821 3417 4866 et
3462 4827 3561 4867 co-

1974 4912 2287 4982 piosissime
2314 4908 2550 4963 llilarius
2582 4894 2935 4962 Pictavicnsis
2971 4906 3120 4975 (18);
3155 4906 3207 4960 id
3230 4921 3354 4960 cum
3379 4905 3563 4977 Auge.

1974 5005 2123 5060 stino
2169 5000 2454 5062 innumeri
2503 5000 2758 5056 doctores
2800 5013 2864 5053 ac
2898 4998 3133 5053 concilia
3187 4996 3460 5067 Hispania:
3508 5007 3567 5053 et

1975 5195 2180 5251 Eodem
2222 5190 2535 5247 testimonio
2575 5194 2791 5244 rursum
2831 5187 3040 5244 Beccus
3080 5189 3256 5243 utitur
3300 5186 3456 5241 Orat.
3501 5188 3566 5241 de

1974 5283 2105 5320 una.
2133 5264 2277 5319 Eccl.
2313 5278 2360 5316 e.
2387 5263 2486 5327 60;
2528 5260 2593 5315 de
2618 5277 2763 5330 prec.
2794 5259 2983 5330 Spirit.
3016 5269 3187 5313 sanet.
3224 5257 3565 5330 Epigr.if.i_n

1974 5283 2105 5320 una.
2133 5274 2277 5319 Eccl.
2313 5278 2360 5316 e.
2387 5274 2486 5327 tiu;
2528 5274 2593 5315 ae
2618 5277 2763 5330 prec.
2794 5274 2983 5330 opim.
3016 5274 3187 5313 sanet.
3224 5274 3263 5312 IL
3307 5276 3318 5311 ι
3360 5275 3406 5312 r.
3434 5274 3565 5314 mn

1971 5336 2183 5411 Carpat.
2219 5350 2272 5389 c.
2405 5332 2490 5411 (ίξΣ
2613 5332 2654 5395 I,
2682 5330 2819 5411 202.
2838 5330 2977 5411 529;
3007 5274 3565 5411 ΙιλέξὲῚηὲὅξ-,ηξᾷιλ

1974 5415 2030 5463 et
2058 5398 2422 5461 Constantin.‘
2442 5400 2683 5456 Meliten.
2708 5410 2846 5455 orat.
2884 5402 2943 5463 2,
2979 5416 3029 5454 c.
3059 5398 3215 5470 97(ib.
3241 5399 3309 5462 ll,
3338 5398 3490 5470 79l).

2049 5476 2162 5547 (I7)
2192 5475 2456 5547 Quasdam
2490 5488 2553 5526 ex
2582 5473 2673 5547 his
2697 5471 2868 5547 babes
2898 5469 3235 5547 supra_§'l9,
3275 5477 3404 5547 nota
3432 5469 3488 5521 2.
3635 5490 3648 5518 :

2050 5538 2164 5616 (l8)
2190 5538 2328 5599 Vide
2368 5542 2645 5617 Hilar_._De
2695 5538 2997 5617 Trin._wtt',
3020 5538 3131 5604 20';
3164 5539 3311 5617 apud
3339 5538 3561 5617 liugpn.

1975 5606 2164 5673 Ether'.
2196 5617 2230 5669 l.
2267 5630 2349 5677 nt,
2403 5629 2453 5667 c.
2508 5612 2596 5676 17,
2638 5627 2692 5681 p.
2739 5612 2881 5667 1255
2918 5627 3035 5681 seq.
3063 5618 3121 5664 et
3159 5606 3303 5678 apud
3361 5606 3563 5661 Maium

1976 5686 2162 5757 Spicil.
2196 5685 2359 5757 Rom.
2415 5683 2677 5757 l84|,_t.
2718 5681 2804 5744 Vl,
2842 5682 3003 5757 Praef.
3056 5696 3113 5757 Β.
3167 5694 3343 5757 xxxv“;
3399 5686 3565 5757 atque

1978 5747 2200 5813 Patrum
2252 5747 2569 5809 Latinorum
2590 5750 2805 5807 'sertem
2836 5752 2980 5824 apud
3029 5747 3264 5806 Aineam
3297 5747 3474 5803 Paris.
3508 5752 3567 5802 et

1980 5829 2165 5885 l’etav.
2196 5826 2273 5882 De
2304 5825 2447 5881 Trin.
2482 5826 2519 5879 l.
2554 5840 2650 5891 vn,
2680 5839 2728 5879 c.
2770 5824 2824 5878 8.
3196 5838 3201 5843 ·

3136 5914 3237 5975 ’15
