3956 6482
531 434 640 498 459

1677 431 1944 494 PHOTII
1981 431 2490 495 PATRIARCHE
2524 418 2637 496 ce.

3713 437 3814 504 480'

529 547 723 602 Gallia:
786 543 1152 601 tradiderunt.
1197 543 1385 615 Neque
1448 544 1615 600 semel
1675 557 1729 600 et
1775 547 1976 601 iterum
2024 545 2132 601 illis
2159 549 2209 608 A
2237 563 2354 602 rem
2379 547 2515 618 (20).
2551 565 2570 597 ι
2603 545 2748 602 Sane
2769 546 2813 602 si
2837 546 3179 620 Augustinus
3207 545 3260 601 in
3298 544 3597 604 Occidente
3626 549 3805 608 adver-

529 638 803 708 ejusmodi
829 653 932 691 vox
967 635 1198 702 excidit;
1231 639 1324 691 sed
1354 647 1655 692 constanter
1676 647 1731 691 et
1759 639 1949 708 ubique
1981 633 2122 693 hanc

525 729 690 784 fidem
731 711 861 783 sunt
897 727 1129 798 professi
1177 737 1238 781 ut
1286 725 1542 783 Ecl-lesia:
1589 727 1770 783 fidem.
1802 727 1900 782 Vel
1949 743 2120 783 unum

524 821 819 893 Augustini
863 820 1125 876 eximium
1179 821 1257 874 De
1297 820 1551 876 Trinitate
1591 837 1729 892 opus
1768 820 1900 876 illud
1939 837 2122 876 asser-

528 925 644 971 tum
693 914 912 970 abunde
950 913 1171 968 refellit.
1206 913 1318 968 lmo
1373 914 1758 970 universalitas
1809 929 1874 969 ac
1919 929 2121 970 conso-

528 1006 716 1059 nantia
753 1004 921 1075 hujus
959 1005 1271 1061 traditionis
1313 1005 1367 1058 in
1400 1003 1700 1060 Occidente
1752 1020 1964 1059 summa
1993 1019 2118 1060 cum

525 1096 922 1168 perSpicuitate
953 1096 1216 1168 effulget;
1249 1097 1494 1152 ridiculae
1526 1096 1756 1168 proinde
1785 1107 1915 1151 sunt
1938 1096 2119 1152 Photii

532 1185 869 1261 hypothes‘es
904 1189 973 1242 de
1021 1187 1299 1259 corruptis
1343 1204 1533 1243 eorum
1585 1187 1807 1242 Patrum
1849 1188 2022 1252 libris,
2050 1187 2120 1244 de

525 1282 898 1353 quorumdam
951 1288 1266 1336 sanctorum
1305 1281 1636 1345 (economia,
1666 1281 1892 1350 alimque
1921 1279 2118 1351 hujus--

524 1375 696 1431 modi.
731 1375 921 1444 Neque
945 1389 1126 1429 sermo
1169 1388 1290 1428 esse
1325 1381 1506 1444 potest
1532 1373 1599 1428 de
1630 1373 1792 1427 unius
1826 1373 2120 1428 alteriusve

524 1466 705 1522 Patris
735 1482 945 1533 errore,
975 1467 1074 1522 sed
1097 1467 1165 1521 de
1189 1465 1466 1522 communi
1501 1463 1936 1520 Occidentalium
1967 1463 2073 1519 fide
2098 1480 2114 1532 ;

527 1574 631 1614 nec
669 1558 870 1631 erroris
908 1559 1086 1628 arguit
1115 1557 1344 1611 Photius
1371 1559 1546 1610 solum
1573 1570 1776 1624 paucos
1795 1554 2113 1624 scriptores,

525 1667 716 1707 verum
783 1649 1216 1706 Occidentalium
1282 1646 1581 1703 Ecclesium
1633 1645 1969 1711 universam,
2006 1661 2118 1700 non

527 1745 715 1800 saeculi
747 1744 878 1800 noni
907 1753 1142 1806 tantum,
1174 1743 1268 1796 sed
1304 1750 1450 1796 retro
1489 1738 1734 1794 omnium
1766 1739 2114 1796 steculorum.

517 1840 606 1895 Ἐκ
629 1839 762 1910 ipsis
800 1853 932 1892 vero
973 1836 1288 1892 Graecorum
1329 1833 1613 1905 principiis
1671 1833 1887 1903 egregie
1935 1833 2113 1904 arguit

2229 637 2409 690 sarios
2436 636 2651 701 habuit,
2683 637 2774 706 qui
2809 637 2931 707 ejus
2977 638 3120 692 circa
3153 638 3380 709 gratiam
3419 648 3476 692 et
3515 639 3807 699 libertatem

2229 726 2560 798 theologiam
2610 728 3026 798 impugnarent.
3054 730 3098 783 si
3134 729 3398 783 nonnulla
3429 727 3486 782 in
3527 729 3646 799 ejus
3681 735 3805 788 scri-

2228 819 2338 888 ptis
2367 819 2538 874 variis
2567 818 2971 889 displicuerunt
3000 820 3168 890 :quid
3195 821 3398 875 factum
3432 829 3598 885 esset,
3638 822 3680 875 si
3716 839 3806 878 no-

2227 925 2353 962 vam
2385 911 2453 964 de
2487 909 2727 980 Spiritus
2751 911 2925 965 sancti
2944 912 3300 982 processi‘one
3318 911 3624 966 doctrinam
3665 914 3803 972 inve-

2229 1003 2452 1058 hentem
2469 1003 2850 1082 Occidentales
2869 1004 3371 1072 deprehendissent
3384 1006 3408 1058 ?
3423 1005 3466 1060 Ν
3475 1006 3734 1061 ullatenus
3757 1011 3806 1065 id

2227 1097 2347 1151 fieri
2374 1113 2566 1168 passus
2588 1105 2734 1152 esset
2753 1097 3044 1159 Occidens.
3079 1113 3256 1168 neque
3277 1097 3474 1154 Oriens
3501 1099 3552 1154 id
3584 1099 3801 1168 tulisset,

2225 1189 2447 1259 quando
2468 1190 2552 1245 vel
2583 1191 2864 1245 levissima
2913 1185 3286 1245 innovationis
3329 1192 3472 1246 circa
3519 1191 3678 1247 fidem
3715 1210 3806 1249 su-

2224 1283 2397 1354 spicio
2424 1299 2650 1355 magnas
2669 1284 2928 1339 excitavit
2945 1284 3152 1338 turbas.
3180 1282 3248 1336 Et
3266 1285 3542 1353 quomodo
3560 1295 3638 1339 tot
3660 1285 3804 1359 [illi]

2225 1373 2490 1430 Doctores
2545 1376 2680 1430 locis
2750 1376 3200 1446 temporibusque
3276 1376 3498 1441 dissiiti,
3541 1380 3809 1446 quomodo

2223 1464 2365 1530 ltali,
2390 1464 2652 1531 Africani,
2681 1464 2819 1520 Galli
2854 1475 3016 1536 atque
3042 1465 3265 1534 Hispani
3307 1468 3362 1520 in
3412 1468 3660 1522 eamdem
3687 1484 3807 1524 sen-

2224 1556 2452 1610 tentiam
2484 1559 2915 1627 conspirassent,
2949 1557 3056 1613 nisi
3095 1573 3126 1612 a
3165 1557 3476 1614 Christiana
3521 1559 3808 1618 traditione

2225 1647 2294 1704 ad
2322 1663 2417 1704 eos
2443 1651 2822 1719 pervenisset?
2851 1689 2858 1696 -

2291 1741 2383 1797 25.
2419 1741 2526 1798 Sed
2558 1744 3038 1815 opponitPhotius
3069 1747 3148 1814 (c.
3183 1747 3374 1817 78-89)
3399 1747 3689 1802 recensitis
3710 1747 3809 1802 La-

2222 1831 2354 1888 tinis
2371 1832 2625 1890 Patribus
2645 1835 2920 1891 Romanos
2952 1837 3262 1907 pontifices,
3289 1849 3425 1894 eteo
3447 1839 3670 1909 quidem
3691 1841 3809 1895 seio

525 1907 814 1987 Bessarion
868 1928 1042 2000 (Orat.
1075 1930 1253 2000 dogm.
1279 1942 1330 1981 c.
1371 1926 1427 1992 2,
1451 1927 1507 1992 4,
1549 1925 1649 1991 1ος
1681 1923 1849 1979 llard.
1879 1923 1972 1990 lX,
2009 1925 2115 1980 5‘25
2148 1907 2188 1964 Β
2219 1925 2399 1991 titulo,
2429 1928 2577 1997 quod
2617 1927 2670 1981 in
2699 1928 2820 1982 fidei
2852 1930 3200 1999 professione
3241 1907 3506 2001 Spiritum
3557 1942 3807 1987 sanctum

527 2041 647 2094 seq.
693 2024 818 2086 552,
849 2021 955 2076 568
992 2022 1157 2090 seq),
1183 2021 1437 2074 doctores
1486 2027 1600 2072 tum
1649 2015 1958 2072 Orientales
1997 2026 2113 2072 tum

523 2097 905 2170 Occidentales
949 2111 1050 2165 sibi
1094 2109 1322 2164 omnino
1353 2107 1653 2163 concordes
1684 2122 1802 2163 esse
1842 2107 2112 2177 putandos

522 2216 580 2260 et
605 2203 797 2258 Patres
826 2202 1012 2272 minus
1041 2202 1187 2256 clare
1215 2201 1499 2271 loquentes
1531 2214 1597 2255 ex
1627 2199 1714 2261 iis.
1745 2199 1838 2269 qui
1868 2200 2115 2270 apertius

523 2300 848 2368 loquuntur,
885 2293 1271 2365 explicandos;
1304 2307 1399 2348 eos
1434 2292 1526 2348 ubi
1561 2291 1935 2358 consentiunt,
1963 2292 2113 2348 velut

520 2399 691 2444 testes
719 2388 842 2443 fidei
875 2387 930 2440 in
959 2385 1220 2441 omnibus
1235 2385 1622 2440 admittendos.
1658 2383 1765 2440 Sed
1801 2385 2110 2439 dissensum

519 2481 844 2536 Latinorum
897 2495 1022 2534 enin
1059 2477 1264 2533 Graecis
1308 2475 1564 2530 Pati-ibus
1611 2476 1695 2530 vel
1748 2492 1871 2530 cum
1907 2475 2110 2531 Christi

519 2577 698 2646 ipsius
731 2574 1004 2634 doctrina,
1041 2588 1204 2642 quem
1243 2570 1502 2641 supponit
1529 2569 1779 2634 Photius,
1804 2569 1941 2623 falso
1981 2583 2113 2622 con-

519 2670 672 2740 tingi,
731 2682 1065 2722 consensum
1118 2663 1555 2720 luculentissimc
1627 2662 1866 2733 probari,
1903 2661 2111 2730 liquido

516 2768 734 2817 constat
772 2761 868 2831 (cf.
903 2759 930 2831 §
967 2759 999 2813 6
1021 2758 1186 2829 seq.),
1215 2755 1598 2812 Occidentales
1622 2755 1726 2810 hac
1763 2755 1820 2809 in
1859 2769 1919 2808 re
1948 2769 2110 2823 aper-

518 2855 730 2909 tissime
759 2853 974 2908 locutos
1007 2851 1348 2922 exploratum
1379 2858 1495 2914 est,
1537 2847 1698 2903 ﬁdem
1734 2848 1935 2902 veteris
1962 2845 2110 2901 θαί-

515 2945 754 3001 dentalis
787 2944 1048 2999 Ecclesia:
1094 2949 1437 2997 constantem
1472 2940 1954 3009 universalenique
1987 2952 2110 2992 esse

515 3037 733 3092 nonnisi
757 3037 1212 3091 documentorum
1228 3034 1348 3102 ejus
1371 3033 1528 3103 plane
1550 3031 1700 3086 rudis
1714 3030 1951 3100 negabit.
1969 3027 2109 3084 llinc

514 3127 976 3183 nieritoPhotium
995 3125 1258 3196 injurium
1279 3124 1330 3177 in
1346 3121 1722 3178 Occidentales
1741 3119 1796 3192 [2
1811 3119 2104 3192 l2'1Patres,

512 3237 652 3292 quos
676 3220 920 3275 Orientis
975 3221 1229 3274 doctores
1254 3231 1470 3270 summo
1505 3230 1630 3271 cum
1663 3216 1872 3269 honore
1915 3228 2104 3284 prose-

509 3311 844 3380 quebantur,
879 3325 1017 3380 quos
1049 3309 1238 3378 quinta
1269 3306 1508 3378 synodus
1536 3305 1850 3360 solemniter
1900 3319 2102 3374 appro-

512 3403 663 3460 bavit
709 3402 849 3474 (l9),
889 3417 1028 3472 quos
1088 3417 1248 3456 nemo
1283 3414 1510 3454 suorum
1544 3407 1852 3468 temporum
1902 3397 2106 3477 erroris

511 3496 565 3551 in
607 3512 674 3552 eo
701 3497 952 3566 dogmate
985 3493 1276 3558 incusavit,
1310 3491 1520 3547 Beccus
1547 3490 1748 3560 aliique
1784 3489 2100 3545 traducunt.

519 3609 537 3641 ε
570 3587 627 3643 Si
658 3598 714 3644 et
741 3589 1002 3659 allegatos
1046 3585 1307 3640 Romanae
1341 3583 1596 3638 Ecclesia:
1624 3582 1833 3648 Patres,
1860 3586 1936 3638 ait
1967 3581 2100 3638 Bec-

509 3697 610 3736 eus
632 3680 754 3752 (Or.
807 3681 870 3734 de
895 3695 1025 3733 una.
1078 3676 1228 3734 Eccl.
1283 3692 1333 3731 c.
1366 3675 1455 3741 45,
1478 3673 1541 3729 G.
1578 3674 1645 3728 0.
1679 3671 1718 3741 l,
1769 3689 1824 3744 p.
1855 3674 2003 3744 ΠΟ),
2035 3673 2104 3729 ab

509 3781 762 3828 accurata
788 3787 974 3827 rerum
1016 3769 1210 3824 notitia
1241 3767 1511 3824 excidisse
1556 3768 1964 3838 cognovissent,
1987 3775 2100 3820 tum

507 3865 600 3918 alii
647 3863 909 3918 Ecclesia:
961 3860 1224 3918 Romanae
1267 3861 1496 3926 Patres,
1544 3875 1684 3930 quos
1729 3857 1996 3928 plurimos
2047 3865 2102 3912 et

509 3969 756 4012 summos
789 3970 854 4008 ea
893 3961 1024 4010 a‘tas
1065 3953 1187 4008 tulit
1223 3952 1374 4023 (saec.
1420 3968 1473 4007 ιν
1524 3961 1580 4006 et
1625 3968 1659 4005 v
1707 3949 2096 4021 potissimum),

509 4056 626 4102 tum
674 4045 1179 4107 Ecclesiaenostrae
1217 4044 1449 4110 lumina,
1489 4044 1580 4114 qui
1648 4043 1701 4099 id
1745 4051 1964 4114 tempus
2006 4045 2103 4098 Ee-

507 4141 800 4197 clesiarum
844 4142 1106 4195 unionem
1154 4139 1637 4204 exosculabantur,
1675 4144 1786 4193 non
1826 4137 2096 4209 neglexis-

508 4243 681 4299 sent,
745 4233 840 4288 sed
903 4233 1111 4302 scripto
1162 4232 1469 4303 signassent
1529 4229 1876 4302 postmodum
1939 4230 2099 4285 nobis

506 4336 767 4392 enatum,
826 4324 1208 4398 dignissimum
1259 4339 1393 4380 sane
1440 4325 1533 4394 qui
1600 4321 1835 4379 sciretur
1868 4364 1884 4386 ,
1943 4336 2095 4378 erro-

577 4477 690 4546 (l9)
746 4475 928 4530 Monet
987 4475 1215 4547 Gregor.
1252 4475 1369 4544 Cpl.
1412 4483 1604 4547 contra
1650 4473 1829 4547 Marci
1871 4474 2092 4546 Ephesii

504 4545 868 4617 petulantiam
921 4547 1013 4616 (ad
1058 4545 1122 4601 cI
1163 4546 1261 4617 771,
1299 4553 1428 4600 nota
1479 4545 1554 4615 l.)
1591 4545 1644 4617 in
1699 4546 1855 4617 Apol.
1899 4558 2090 4603 contra

2222 2015 2546 2086 simpliciter
2573 2033 2640 2072 ex
2674 2017 2832 2073 Patre
2861 2019 3161 2088 procedere
3200 2021 3622 2083 dcclaraverint,
3656 2023 3807 2091 quasi

2224 2107 2330 2161 hoc
2364 2109 2770 2178 processionem
2814 2125 2879 2164 ex
2928 2109 3064 2165 Filio
3111 2111 3385 2175 excludat,
3419 2126 3582 2181 quam
3627 2118 3808 2166 tamen

2220 2200 2466 2270 plerique
2528 2201 2733 2257 diserte
2789 2203 3116 2258 docuerunt.
3172 2202 3329 2269 Quod
3405 2203 3672 2273 implicito
3754 2204 3806 2257 in

2219 2292 2466 2363 symbolo
2512 2294 2929 2359 continebatur,
2992 2294 3046 2350 id
3095 2295 3351 2365 explieite
3398 2304 3454 2350 et
3505 2293 3610 2364 ipsi
3669 2294 3811 2349 sicut

2222 2383 2495 2456 Hispaniae
2551 2387 2785 2441 concilia
2857 2387 2969 2460 (2|)
3032 2388 3188 2458 plura
3247 2389 3580 2443 docuerunt.
3642 2387 3810 2442 Recte

2219 2477 2477 2532 observat
2521 2477 2725 2533 Beccus
2755 2479 2815 2546 (l.
2854 2495 2883 2534 c
2911 2480 2954 2552 ),
2989 2481 3210 2535 Latinos
3236 2480 3552 2535 Graecorum
3592 2481 3809 2552 symbo-

2217 2569 2329 2623 lum
2359 2586 2540 2640 neque
2567 2571 2863 2627 hodiedum
2899 2573 3145 2639 rejicere,
3171 2573 3266 2629 sed
3292 2574 3438 2629 tacto
3477 2573 3809 2638 ostendisse,

2219 2678 2330 2717 non
2378 2664 2582 2739 verbis,
2629 2665 2726 2720 sed
2767 2665 3058 2729 sententiis
3111 2666 3368 2736 pietatem
3400 2665 3470 2720 ab
3519 2665 3656 2736 ipsis
3707 2666 3808 2720 coli

2219 2755 2389 2825 (quod
2429 2754 2745 2810 Florentina
2763 2757 3003 2828 synodus
3031 2757 3336 2812 luculenter
3365 2774 3558 2813 rursus
3611 2757 3809 2812 contir-

2215 2847 2407 2916 mavit)
2435 2863 2452 2914 ;
2477 2846 2704 2901 minime
2743 2861 2839 2902 eos
2875 2847 3295 2920 Evangeliorum
3328 2849 3614 2904 codicibus
3653 2850 3810 2904 addi-

2215 2946 2516 2992 tamentum
2569 2939 2891 3005 inseruisse,
2929 2941 3023 2995 sed
3077 2955 3294 3012 semper
3338 2941 3608 3007 tenuisse,
3641 2942 3813 3013 Spiri-

2212 3039 2330 3085 tum
2363 3046 2428 3085 ex
2445 3031 2604 3086 Patre
2633 3032 2934 3102 procedere
2981 3033 3058 3087 nil
3090 3033 3236 3088 aliud
3263 3033 3440 3103 reipsa
3471 3033 3807 3104 signiﬁcare,

2210 3137 2374 3193 quam
2399 3123 2697 3194 procedere
2735 3139 2804 3178 ex
2842 3122 3002 3179 Patre
3028 3133 3083 3179 et
3114 3124 3273 3179 Filio.
3308 3144 3326 3176 ι
3361 3123 3481 3178 Non
3525 3126 3715 3194 itaque
3747 3139 3812 3177 eo

2211 3215 2358 3285 quod
2399 3230 2508 3274 non
2540 3215 2704 3270 simul
2755 3217 3143 3286 pronuntiatur
3187 3217 3674 3288 (συνεκφωνεῖται)
3712 3216 3809 3270 ali-

2209 3308 2430 3378 quando
2461 3307 2651 3373 Filius,
2684 3323 2795 3362 non
2830 3325 2939 3364 una
2983 3309 3144 3364 simul
3177 3308 3515 3379 intelligetur
3569 3311 3812 3379 (συνεπιο

2209 3400 2562 3474 νοηθήσεται)
2592 3418 2717 3456 cum
2757 3401 2939 3468 Patre,
2966 3403 3060 3458 sed
3093 3405 3237 3474 quod
3275 3419 3400 3458 cum
3440 3402 3610 3458 Patre
3644 3403 3806 3459 simul

2209 3491 2550 3562 intelligitur,
2581 3494 2746 3549 simul
2775 3497 3094 3550 enuntiatur
3127 3506 3378 3566 tempore
3422 3505 3478 3551 et
3527 3497 3720 3562 modo,
3755 3503 3813 3549 ut

2207 3581 2474 3651 placuerit
2509 3582 2579 3648 ei,
2606 3585 2696 3654 qui
2728 3586 2895 3640 verba
2925 3586 2992 3640 de
3015 3585 3172 3641 Patre
3201 3597 3258 3642 et
3292 3585 3429 3641 Filio
3470 3586 3806 3649 instituerit,

2205 3674 2502 3729 dummodo
2557 3676 2713 3746 juxta
2765 3677 2910 3748 piam
2960 3679 3294 3734 sententiam
3347 3679 3515 3734 simul
3567 3696 3700 3736 cum
3746 3693 3811 3734 eo

2204 3765 2563 3836 intelligatur,
2609 3767 2740 3822 licet
2791 3783 2902 3822 non
2932 3769 3276 3836 enuntiatus,
3326 3778 3382 3825 et
3408 3771 3583 3826 simul
3616 3786 3807 3825 rursus

2205 3858 2587 3912 enuntiabitur
2621 3866 2878 3929 tanquam
2937 3861 3053 3931 qui'
3086 3862 3250 3917 simul
3304 3879 3429 3919 cum
3487 3881 3560 3920 eo
3605 3866 3809 3921 intelli-

2203 3950 2368 4020 gitur.
2416 3968 2435 4002 ι
2497 3950 2774 4008 Praeterea
2827 3953 2969 4009 nihil
3021 3955 3187 4011 habet
3253 3955 3484 4013 Photius
3517 3959 3671 4029 quod
3725 3959 3810 4013 af-

2202 4041 2362 4108 ferat,
2406 4044 2514 4099 nisi
2578 4045 2724 4114 quod
2775 4046 2852 4100 illi
2901 4048 3192 4127 pontifices
3249 4049 3470 4105 concilii
3511 4050 3737 4122 Cpltani
3767 4067 3806 4117 ι,

2205 4133 2526 4207 Symbolum
2580 4137 2922 4194 firmaverint
2951 4183 2965 4208 ,
3010 4140 3176 4211 idque
3247 4141 3368 4212 ejus
3425 4143 3651 4199 intento
3695 4160 3804 4199 non

2203 4229 2426 4286 sullicit.
2454 4230 2784 4286 Nominatim
2810 4232 3049 4303 appellat
3091 4235 3384 4290 Damasum
3409 4236 3552 4308 (22),
3593 4238 3808 4294 Canes»

2207 4324 2382 4379 tinum
2428 4334 2486 4380 et
2537 4325 2776 4380 Leonem
2830 4325 3101 4398 Magnum,
3150 4325 3306 4400 [2H]
3345 4326 3630 4401 Vigilium,
3665 4331 3808 4403 Aga-

2146 4504 2150 4508 -
2198 4477 2233 4547 ἡ
2286 4476 2426 4532 τῶν
2465 4477 2806 4551 Ἐκιιλησιῶν
2856 4480 2976 4533 τότε
3023 4480 3304 4551 ἠσπάζετο
3330 4481 3555 4547 ἓνωσις,
3595 4483 3700 4536 οὐκ
3740 4483 3804 4534 ἄν

2199 4564 2330 4623 atare
2375 4549 2649 4623 _7§ap_si6ov
2709 4549 3195 4623 dventcﬁitathov,
3251 4552 3314 4604 τὸ
3354 4551 3511 4623 οὕτω
3572 4553 3802 4622 γεγονὸς

503 4607 758 4690 eumdem
791 4607 1192 4690 (Gottingae
1240 4607 1362 4690 is},
1396 4607 1782 4690 152)’;Εἰοῇ’ν
1827 4617 1928 4669 οὐκ
1973 4617 2088 4690 ἐδο-

2209 4620 2346 4690 ἡμῖγξ
2363 4607 2720 4690 ἀξμόζήττιτον
2756 4607 3000 4690 σφάλιὶὂιο

502 4686 864 4759 κιμάσοτράν
907 4689 964 4759 αἱ
998 4688 1106 4740 τῶν
1135 4686 1368 4759 δυτικών
1397 4687 1571 4759 ἁγὶῳν
1599 4686 1860 4759 Πᾳτέρων
1888 4689 2086 4754 φωναὶ,

502 4757 603 4810 οὐκ
659 4757 768 4811 ἒ,δεί
812 4758 1011 4819 αὐτοὺς
1046 4759 1236 4824 ἁγίους
1266 4758 1586 4826 ἀποκαλεῖν,
1621 4757 1684 4809 οὐ
1711 4758 1835 4826 ντὰς
1889 4773 2092 4826 προκο-

509 4829 804 4898 μιζομένας
843 4828 1024 4881 αὐτῶν
1059 4828 1369 4898 μαρτυρίας
1403 4827 1496 4879 ἐπὶ
1528 4825 1820 4898 βεᾷαιώσει
1849 4825 1960 4880 τῶν
1997 4829 2091 4898 ὁρ-

504 4897 930 4968 υῶννδογμάτων
951 4896 1353 4968 προέπδέχεσθαι
1379 4898 1533 4966 παρὰ
1563 4896 1671 4968 τῷν
1691 4896 2088 4968 οἰκουμενικῶν

507 4965 762 5028 συνόδων,
831 4969 944 5022 ἀλλ’
979 4965 1428 5037 ἀποστρέφεσθαι
1467 4965 1476 4966 ί
1522 4965 1727 5037 saturet;
1806 4965 1901 5020 κὰὶ
1947 4971 2087 5021 ἁπο-

507 5037 858 5106 στρακὶζειν,
917 5039 1005 5091 διὰ
1049 5039 1111 5090 τὺ
1164 5033 1564 5106 ἆδοκιμάστους
1623 5033 1784 5099 εἶναι,
1829 5037 1903 5101 ὡς
1925 5039 2088 5102 αὐτὸς

505 5106 808 5174 νομοθετῶν
836 5108 1057 5175 φάσκει.
1093 5107 1264 5161 Τοῦτο
1293 5109 1350 5160 δὲ
1372 5108 1482 5161 οὐδ’
1506 5111 1564 5162 ὲν
1589 5109 1686 5176 μιᾷ
1710 5109 1818 5159 τῶν
1851 5109 2087 5162 συνόδων

502 5178 694 5261 γέγογεε
731 5191 746 5206 ο
809 5177 1293 5261 προξκομισθησαγ
1353 5181 1482 5261 map
1571 5177 1902 5261 ’ᾼμὸροσςου
1947 5249 1959 5261 _
1977 5179 2086 5261 ἒςςιὶ

533 5244 744 5314 Παρίου
793 5244 886 5299 xuii.
924 5244 1292 5316 Aéovrog'xai.
1337 5244 1730 5316 Αὖγόυστινου,
1762 5248 1857 5301 καὶ
1907 5249 2085 5314 οὐδεὶς

476 5317 583 5397 ⁸εςς
611 5313 1088 5397 τοξὶῖομετολμή-σας
1119 5313 1337 5397 ἦλθεν.-
1493 5318 1739 5397 τονρῦεὸν
1768 5335 1840 5397 τι·
1861 5313 2087 5397 ἐρεύξῂαέ

503 5387 652 5462 pilai.
673 5386 738 5437 Τί
769 5386 825 5439 δὲ
849 5386 999 5462 oens}
1023 5386 1173 5462 αὑτῴ
1199 5391 1232 5458 ἡ
1251 5388 1342 5462 rei
1359 5390 1515 5462 ἁγίου
1536 5387 1792 5462 Μαξίμου
1825 5386 2083 5462 ὲπίστολὴ

499 5455 736 5529 λέγουσα
781 5457 908 5529 τοὺς
958 5455 1231 5529 suum;
1260 5455 1510 5529 Πᾳτέῥας
1570 5455 1773 5527 λέγείν,
1841 5463 1935 5514 καὶ
1987 5455 2081 5514 τοῦ

500 5526 1052 5599 Υἱοῦμὲκιιορεὺξσθαι
1094 5527 1153 5580 τὸ
1184 5526 1501 5599 Πνεῦμαίτὸ
1533 5526 1722 5597 amr;

573 5597 794 5672 ('20)__E_l
837 5597 970 5672 γοῇν
1011 5599 1134 5672 -καὶ,
1161 5599 1286 5659 τοὺς
1337 5597 1606 5672 ’ρηθένςας
1661 5601 1916 5672 Π-ατέρας
1947 5671 1953 5672 γ
1980 5601 2082 5670 τῆς

510 5667 832 5743 Terracina;
875 5667 1202 5743 ’E_gt_ithaiat;
1240 5669 1630 5743 rtgpacupﬁvat
1664 5670 1761 5740 τῆς
1792 5667 2081 5743 ἀκριϐείαις

461 5732 810 5810 “Eidem/owe?
835 5732 1074 5810 caditat
1112 5741 1212 5810 τῆς
1253 5732 1925 5810 ῬῲμαῖέεῆςνἘκιὶλησίὰς
1963 5732 2080 5796 Ila;

499 5813 557 5882 -ιτέ
567 5823 692 5882 ρεςι
707 5807 798 5871 οὓς
819 5808 1050 5882 ’πολλοὺς
1065 5806 1453 5882 κᾳιϊμεγρριους
1475 5811 1502 5861 ὁ
1525 5806 1646 5882 seu
1671 5806 1858 5882 xpévo;
1875 5814 2026 5866 ἁνέδε
2036 5833 2080 5866 ι-

499 5880 613 5948 ξεν,
638 5878 692 5931 οἵ
722 5879 908 5952 rari};
943 5878 1219 5953 ἡμετέρας
1285 5878 1614 5951 Ἐκκλησίας
1647 5878 1954 5954 φώστῆρες,
1984 5883 2078 5950 οὓς

2269 4688 2378 4757 (21)
2411 4688 2582 4744 Cone.
2611 4688 2827 4745 Bracar.
2862 4688 2984 4756 i,'a.
3013 4693 3148 4759 Ml;
3185 4689 3362 4747 Tolet.
3398 4709 3484 4759 ιιι,
3533 4693 3685 4759 589;
3729 4708 3798 4757 iv,

2193 4757 2336 4812 653:
2363 4775 2482 4812 viti.
2511 4759 2616 4812 653
2650 4769 2705 4812 et.
2725 4760 3034 4812 sequentia.
3684 4775 3696 4784 '

2231 4759 2336 4824 55;
2363 4775 2482 4825 vm,
2511 4759 2616 4814 653
2650 4769 2705 4814 et
2725 4760 3034 4830 sequentia.
3684 4775 3696 4784 '

2265 4829 2397 4914 (2‘2),
2414 4829 2606 4914 Simpn
2631 4829 2868 4914 Opl._ep.
2894 4833 2990 4914 cit:
3035 4830 3083 4902 (§
3114 4831 3166 4903 7)
3184 4850 3213 4914 ;_
3229 4847 3317 4914 a_p_.
3361 4832 3532 4914 Allat.
3561 4850 3615 4914 _c.
3646 4834 3797 4914 l-lott.

2191 4897 2230 4952 l.
2265 4897 2340 4962 c.,
2369 4898 2616 4974 Jos_eph._
2651 4897 2913 4974 nemon,
2939 4897 3089 4972 Resp.
3143 4897 3213 4956 ad
3245 4897 3416 4958 Marc.
3461 4903 3636 4974 Eph"
3673 4905 3798 4974 Cale

2191 4984 2321 5024 ceas
2364 4969 2838 5044 etGenebrardus
2892 4969 3182 5044 formulam
3241 4976 3308 5028 de
3360 4969 3557 5044 Spirit.
3620 4973 3796 5030 sancti

2173 5040 2547 5165 Bi'ocessione
2569 5057 2638 5095 ex
2663 5042 2826 5098 Patre
2862 5053 2918 5098 et
2962 5044 3098 5097 Filio
3141 5043 3370 5097 Damaso
3399 5040 3626 5100 auctori
3695 5047 3795 5099 tri-

2231 5120 2453 5165 uerunt.
2493 5126 2684 5165 verum
2729 5129 2795 5165 ea
2831 5128 2918 5165 res
2948 5115 3168 5165 nrohari
3214 5115 3539 5165 nullatenus
3586 5126 3772 5165 notest

2231 5120 2453 5185 uerunt,
2493 5126 2689 5185 verum
2729 5129 2795 5166 ea
2831 5128 2918 5167 res
2947 5115 3168 5185 probari
3214 5115 3539 5185 nullatenus
3586 5126 3772 5185 potest

2188 5182 2274 5236 Cf.
2301 5180 2486 5235 Petav.
2544 5182 2616 5235 De
2649 5182 2793 5236 Trin.
2829 5200 2925 5248 vn,
2947 5180 3026 5248 ’ἐς
3076 5184 3262 5238 Kilber
3294 5183 3493 5239 Theol.
3542 5180 3771 5240 Wirccb

2187 5252 2226 5306 l.
2258 5267 2308 5305 c.
2341 5267 2397 5326 ῃ.
2432 5252 2637 5326 4ρ8,ρ.
2668 5253 2794 5307 584.
2826 5252 3090 5310 Ριειιΐιιιιιε
3117 5255 3527 5326 Κὶιιιειη-ΗΟ,
3557 5259 3787 5326 proh.5,

2187 5321 2510 5397 c_um_Natali
2543 5321 2697 5397 Alex.
2734 5327 2881 5394 (szec.
2909 5341 2981 5391 iv,
3008 5327 3141 5380 diss.
3185 5324 3352 5397 57,:1.
3385 5326 3441 5397 5)
3479 5321 3788 5390 existimat,

2185 5392 2468 5467 Nicolaum
2497 5393 2521 5467 l_
2549 5392 2980 5467 additamentum
3016 5399 3070 5450 in
3119 5392 3442 5466 Symbolum
3476 5399 3784 5467 recepisse.

2188 5464 2333 5537 quod
2373 5472 2430 5517 et
2472 5464 2662 5537 plures
2683 5465 2772 5537 alii
2814 5464 3308 5531 docuere;.verum
3367 5483 3554 5537 neque
3604 5464 3784 5520 Photii

2185 5535 2444 5607 verbaex
2477 5535 2687 5607 encycl.
2721 5536 2789 5590 ab
2811 5551 2878 5590 eo
2901 5537 3138 5607 alligata.
3166 5553 3288 5605 qua:
3311 5535 3490 5592 solum
3527 5539 3726 5593 dicunt
3753 5554 3782 5591 a

2184 5620 2215 5658 a
2249 5604 2460 5675 Latinis
2481 5605 2785 5675 symbolum
2814 5608 2970 5661 vanis
2998 5604 3054 5662 et
3087 5604 3406 5662 adulterinis
3426 5609 3784 5662 sermonibus

2185 5673 2462 5749 corrumpi
2499 5673 2710 5749 eosque
2756 5677 3075 5746 praedicare,
3105 5679 3271 5733 etiam
3304 5695 3369 5749 ex
3407 5678 3553 5732 Filio
3591 5694 3784 5749 ιιι-ορε-

2183 5745 2314 5800 dere
2368 5744 2655 5814 Spiritum,
2706 5744 2886 5816 neque
2933 5749 3215 5803 ltatramni
3271 5744 3607 5814 affirmatio;
3635 5749 3780 5803 idem

2186 5816 2368 5890 licere
2408 5817 2657 5890 Romano
2696 5818 2940 5890 pontifici
2971 5821 3137 5888 quod
3180 5820 3414 5874 concilio
3459 5819 3776 5890 Cpolitano,

2184 5885 2237 5942 id
2268 5886 2401 5943 satis
2431 5885 2832 5946 demonstrant.
2873 5889 2955 5946 Cf.
2987 5885 3104 5948 not.
3142 5892 3196 5962 8,
3228 5893 3295 5948 ad
3325 5885 3656 5963 Plautii—cap.
3685 5890 3774 5947 88.
