  <div class='ocr_page' id='page_1' title='image "/cluster/home/n/w/nwhite01/storage/ocr_20150623/102:no.2/coo.31924054870062/244.png"; bbox 0 0 3956 6418; ppageno 0'>
   <div class='ocr_carea' id='block_1_1' title="bbox 186 363 315 432">
    <p class='ocr_par' dir='ltr' id='par_1_1' title="bbox 186 363 315 432">
     <span class='ocr_line' id='line_1_1' title="bbox 186 363 315 432; baseline 0.016 -2"><span class='ocrx_word' id='word_1_1' title='bbox 186 363 315 432; x_wconf 57' lang='lat' dir='ltr'><strong>itii</strong></span> 
     </span>
    </p>
   </div>
   <div class='ocr_carea' id='block_1_2' title="bbox 893 360 2733 449">
    <p class='ocr_par' dir='ltr' id='par_1_2' title="bbox 893 360 2733 449">
     <span class='ocr_line' id='line_1_2' title="bbox 893 360 2733 449; baseline 0.004 -20"><span class='ocrx_word' id='word_1_2' title='bbox 893 368 991 429; x_wconf 90' lang='lat' dir='ltr'><strong>DE</strong></span> <span class='ocrx_word' id='word_1_3' title='bbox 1031 370 1091 430; x_wconf 94' lang='lat' dir='ltr'><strong>S.</strong></span> <span class='ocrx_word' id='word_1_4' title='bbox 1134 370 1328 430; x_wconf 82' lang='lat' dir='ltr'><strong>SPIR.</strong></span> <span class='ocrx_word' id='word_1_5' title='bbox 1370 370 1873 449; x_wconf 61' lang='lat' dir='ltr'><strong>MYSTAGOGIA;</strong></span> <span class='ocrx_word' id='word_1_6' title='bbox 1897 360 1966 412; x_wconf 67' lang='grc' dir='ltr'><strong>-ῖ-</strong></span> <span class='ocrx_word' id='word_1_7' title='bbox 1994 376 2733 440; x_wconf 74' lang='lat' dir='ltr'><strong>ANIMADVERSIONES.</strong></span> 
     </span>
    </p>
   </div>
   <div class='ocr_carea' id='block_1_3' title="bbox 3364 374 3473 438">
    <p class='ocr_par' dir='ltr' id='par_1_3' title="bbox 3364 374 3473 438">
     <span class='ocr_line' id='line_1_3' title="bbox 3364 374 3473 438; baseline 0.009 -1"><span class='ocrx_word' id='word_1_8' title='bbox 3364 374 3473 438; x_wconf 73' lang='grc'><strong>102</strong></span> 
     </span>
    </p>
   </div>
   <div class='ocr_carea' id='block_1_4' title="bbox 189 475 3509 560">
    <p class='ocr_par' dir='ltr' id='par_1_4' title="bbox 189 475 3509 560">
     <span class='ocr_line' id='line_1_4' title="bbox 189 475 3509 560; baseline 0.002 -26"><span class='ocrx_word' id='word_1_9' title='bbox 189 479 445 545; x_wconf 67' lang='lat' dir='ltr'><strong>tironem,</strong></span> <span class='ocrx_word' id='word_1_10' title='bbox 472 475 794 549; x_wconf 78' lang='lat' dir='ltr'><strong>Gregorium</strong></span> <span class='ocrx_word' id='word_1_11' title='bbox 813 478 1091 551; x_wconf 83' lang='lat' dir='ltr'><strong>Magnum,</strong></span> <span class='ocrx_word' id='word_1_12' title='bbox 1110 482 1449 550; x_wconf 71' lang='lat' dir='ltr'><strong>Zachariam,</strong></span> <span class='ocrx_word' id='word_1_13' title='bbox 1470 483 1707 539; x_wconf 83' lang='lat' dir='ltr'><strong>Leonem</strong></span> <span class='ocrx_word' id='word_1_14' title='bbox 1727 486 1792 542; x_wconf 92' lang='lat' dir='ltr'><strong>lll</strong></span> <span class='ocrx_word' id='word_1_15' title='bbox 1821 495 1872 551; x_wconf 77' lang='grc' dir='ltr'>Α</span> <span class='ocrx_word' id='word_1_16' title='bbox 1901 487 2100 543; x_wconf 88' lang='lat' dir='ltr'><strong>festum</strong></span> <span class='ocrx_word' id='word_1_17' title='bbox 2134 498 2224 544; x_wconf 89' lang='lat' dir='ltr'><strong>est</strong></span> <span class='ocrx_word' id='word_1_18' title='bbox 2268 490 2538 560; x_wconf 84' lang='lat' dir='ltr'><strong>ejusmodi</strong></span> <span class='ocrx_word' id='word_1_19' title='bbox 2605 490 2836 545; x_wconf 81' lang='lat' dir='ltr'><strong>vetitum</strong></span> <span class='ocrx_word' id='word_1_20' title='bbox 2882 487 3103 542; x_wconf 79' lang='lat' dir='ltr'><strong>nonnisi</strong></span> <span class='ocrx_word' id='word_1_21' title='bbox 3148 489 3509 546; x_wconf 73' lang='lat' dir='ltr'><strong>contrariam.</strong></span> 
     </span>
    </p>
   </div>
   <div class='ocr_carea' id='block_1_5' title="bbox 186 569 1789 645">
    <p class='ocr_par' dir='ltr' id='par_1_5' title="bbox 186 569 1789 645">
     <span class='ocr_line' id='line_1_5' title="bbox 186 569 1789 645; baseline 0.004 -20"><span class='ocrx_word' id='word_1_22' title='bbox 186 571 273 625; x_wconf 81' lang='lat' dir='ltr'><strong>vel</strong></span> <span class='ocrx_word' id='word_1_23' title='bbox 311 569 405 632; x_wconf 83' lang='lat' dir='ltr'><strong>IV,</strong></span> <span class='ocrx_word' id='word_1_24' title='bbox 446 569 805 625; x_wconf 70' lang='lat' dir='ltr'><strong>Benedictum</strong></span> <span class='ocrx_word' id='word_1_25' title='bbox 862 572 955 637; x_wconf 92' lang='lat' dir='ltr'><strong>lll,</strong></span> <span class='ocrx_word' id='word_1_26' title='bbox 979 571 1252 645; x_wconf 78' lang='lat' dir='ltr'><strong>Joannem</strong></span> <span class='ocrx_word' id='word_1_27' title='bbox 1304 574 1420 629; x_wconf 72' lang='lat' dir='ltr'><strong>Vlll</strong></span> <span class='ocrx_word' id='word_1_28' title='bbox 1484 584 1539 630; x_wconf 84' lang='lat' dir='ltr'><strong>et</strong></span> <span class='ocrx_word' id='word_1_29' title='bbox 1590 577 1789 632; x_wconf 81' lang='lat' dir='ltr'><strong>Adria-</strong></span> 
     </span>
    </p>
   </div>
   <div class='ocr_carea' id='block_1_6' title="bbox 186 662 1787 738">
    <p class='ocr_par' dir='ltr' id='par_1_6' title="bbox 186 662 1787 738">
     <span class='ocr_line' id='line_1_6' title="bbox 186 662 1787 738; baseline 0.004 -20"><span class='ocrx_word' id='word_1_30' title='bbox 186 680 320 718; x_wconf 89' lang='lat' dir='ltr'><strong>num</strong></span> <span class='ocrx_word' id='word_1_31' title='bbox 348 662 440 717; x_wconf 86' lang='grc'><strong>111.</strong></span> <span class='ocrx_word' id='word_1_32' title='bbox 474 663 649 730; x_wconf 88' lang='lat' dir='ltr'><strong>Quam</strong></span> <span class='ocrx_word' id='word_1_33' title='bbox 684 672 891 720; x_wconf 87' lang='lat' dir='ltr'><strong>temere</strong></span> <span class='ocrx_word' id='word_1_34' title='bbox 932 666 1255 738; x_wconf 85' lang='lat' dir='ltr'><strong>Gregorium</strong></span> <span class='ocrx_word' id='word_1_35' title='bbox 1294 668 1313 723; x_wconf 93' lang='lat' dir='ltr'><strong>l</strong></span> <span class='ocrx_word' id='word_1_36' title='bbox 1361 679 1555 726; x_wconf 85' lang='lat' dir='ltr'><strong>testem</strong></span> <span class='ocrx_word' id='word_1_37' title='bbox 1609 670 1787 725; x_wconf 83' lang='lat' dir='ltr'><strong>addu-</strong></span> 
     </span>
    </p>
   </div>
   <div class='ocr_carea' id='block_1_7' title="bbox 186 756 1788 830">
    <p class='ocr_par' dir='ltr' id='par_1_7' title="bbox 186 756 1788 830">
     <span class='ocr_line' id='line_1_7' title="bbox 186 756 1788 830; baseline 0.007 -20"><span class='ocrx_word' id='word_1_38' title='bbox 186 765 297 816; x_wconf 76' lang='lat' dir='ltr'><strong>cat.</strong></span> <span class='ocrx_word' id='word_1_39' title='bbox 364 757 477 825; x_wconf 90' lang='lat' dir='ltr'><strong>jam</strong></span> <span class='ocrx_word' id='word_1_40' title='bbox 526 764 808 811; x_wconf 91' lang='lat' dir='ltr'><strong>ostensum</strong></span> <span class='ocrx_word' id='word_1_41' title='bbox 842 756 949 813; x_wconf 83' lang='lat' dir='ltr'><strong>fuit</strong></span> <span class='ocrx_word' id='word_1_42' title='bbox 990 760 1137 830; x_wconf 78' lang='lat'><strong>(25);</strong></span> <span class='ocrx_word' id='word_1_43' title='bbox 1185 761 1328 816; x_wconf 88' lang='lat' dir='ltr'><strong>idem</strong></span> <span class='ocrx_word' id='word_1_44' title='bbox 1377 763 1671 818; x_wconf 87' lang='lat' dir='ltr'><strong>dicendum</strong></span> <span class='ocrx_word' id='word_1_45' title='bbox 1719 766 1788 821; x_wconf 90' lang='lat' dir='ltr'><strong>de</strong></span> 
     </span>
    </p>
   </div>
   <div class='ocr_carea' id='block_1_8' title="bbox 188 844 1786 921">
    <p class='ocr_par' dir='ltr' id='par_1_8' title="bbox 188 844 1786 921">
     <span class='ocr_line' id='line_1_8' title="bbox 188 844 1786 921; baseline 0.009 -23"><span class='ocrx_word' id='word_1_46' title='bbox 188 844 379 899; x_wconf 83' lang='lat' dir='ltr'><strong>Leone</strong></span> <span class='ocrx_word' id='word_1_47' title='bbox 422 844 616 916; x_wconf 78' lang='lat' dir='ltr'><strong>Magno</strong></span> <span class='ocrx_word' id='word_1_48' title='bbox 648 888 663 910; x_wconf 97' lang='lat'><strong>,</strong></span> <span class='ocrx_word' id='word_1_49' title='bbox 704 847 798 917; x_wconf 91' lang='lat' dir='ltr'><strong>qui</strong></span> <span class='ocrx_word' id='word_1_50' title='bbox 860 848 985 904; x_wconf 88' lang='lat' dir='ltr'><strong>licet</strong></span> <span class='ocrx_word' id='word_1_51' title='bbox 1036 848 1353 921; x_wconf 83' lang='lat' dir='ltr'><strong>Symbolum</strong></span> <span class='ocrx_word' id='word_1_52' title='bbox 1415 862 1630 909; x_wconf 86' lang='lat' dir='ltr'><strong>vetusta</strong></span> <span class='ocrx_word' id='word_1_53' title='bbox 1689 871 1786 911; x_wconf 87' lang='lat' dir='ltr'><strong>sua</strong></span> 
     </span>
    </p>
   </div>
   <div class='ocr_carea' id='block_1_9' title="bbox 189 935 1787 1015">
    <p class='ocr_par' dir='ltr' id='par_1_9' title="bbox 189 935 1787 1015">
     <span class='ocr_line' id='line_1_9' title="bbox 189 935 1787 1015; baseline 0.008 -26"><span class='ocrx_word' id='word_1_54' title='bbox 189 935 370 990; x_wconf 80' lang='lat' dir='ltr'><strong>forma</strong></span> <span class='ocrx_word' id='word_1_55' title='bbox 416 935 727 1000; x_wconf 88' lang='lat' dir='ltr'><strong>retinuerit,</strong></span> <span class='ocrx_word' id='word_1_56' title='bbox 758 948 942 993; x_wconf 88' lang='lat' dir='ltr'><strong>tamen</strong></span> <span class='ocrx_word' id='word_1_57' title='bbox 976 949 1166 1010; x_wconf 87' lang='lat' dir='ltr'><strong>aperte</strong></span> <span class='ocrx_word' id='word_1_58' title='bbox 1215 943 1403 997; x_wconf 91' lang='lat' dir='ltr'><strong>docuit</strong></span> <span class='ocrx_word' id='word_1_59' title='bbox 1444 944 1710 1015; x_wconf 79' lang='lat' dir='ltr'><strong>Spiritum</strong></span> <span class='ocrx_word' id='word_1_60' title='bbox 1752 963 1787 1003; x_wconf 86' lang='lat' dir='ltr'><strong>a</strong></span> 
     </span>
    </p>
   </div>
   <div class='ocr_carea' id='block_1_10' title="bbox 188 1025 1788 1107">
    <p class='ocr_par' dir='ltr' id='par_1_10' title="bbox 188 1025 1788 1107">
     <span class='ocr_line' id='line_1_10' title="bbox 188 1025 1788 1107; baseline 0.009 -29"><span class='ocrx_word' id='word_1_61' title='bbox 188 1025 353 1080; x_wconf 80' lang='lat' dir='ltr'><strong>l’atre</strong></span> <span class='ocrx_word' id='word_1_62' title='bbox 385 1036 441 1081; x_wconf 89' lang='lat' dir='ltr'><strong>et</strong></span> <span class='ocrx_word' id='word_1_63' title='bbox 484 1027 622 1082; x_wconf 86' lang='lat' dir='ltr'><strong>Filio</strong></span> <span class='ocrx_word' id='word_1_64' title='bbox 652 1031 954 1099; x_wconf 80' lang='lat' dir='ltr'><strong>procedere</strong></span> <span class='ocrx_word' id='word_1_65' title='bbox 1004 1033 1140 1104; x_wconf 75' lang='grc'><strong>(24).</strong></span> <span class='ocrx_word' id='word_1_66' title='bbox 1174 1034 1365 1105; x_wconf 83' lang='lat' dir='ltr'><strong>Neque</strong></span> <span class='ocrx_word' id='word_1_67' title='bbox 1408 1036 1588 1106; x_wconf 87' lang='lat' dir='ltr'><strong>ipsum</strong></span> <span class='ocrx_word' id='word_1_68' title='bbox 1625 1038 1788 1107; x_wconf 63' lang='lat' dir='ltr'><strong>juvat</strong></span> 
     </span>
    </p>
   </div>
   <div class='ocr_carea' id='block_1_11' title="bbox 186 1117 1784 1197">
    <p class='ocr_par' dir='ltr' id='par_1_11' title="bbox 186 1117 1784 1197">
     <span class='ocr_line' id='line_1_11' title="bbox 186 1117 1784 1197; baseline 0.009 -27"><span class='ocrx_word' id='word_1_69' title='bbox 186 1117 336 1185; x_wconf 86' lang='lat' dir='ltr'><strong>quod</strong></span> <span class='ocrx_word' id='word_1_70' title='bbox 377 1118 522 1189; x_wconf 85' lang='lat' dir='ltr'><strong>(cap.</strong></span> <span class='ocrx_word' id='word_1_71' title='bbox 554 1119 644 1191; x_wconf 89' lang='lat'><strong>88)</strong></span> <span class='ocrx_word' id='word_1_72' title='bbox 679 1136 710 1175; x_wconf 88' lang='lat' dir='ltr'><strong>a</strong></span> <span class='ocrx_word' id='word_1_73' title='bbox 747 1121 932 1178; x_wconf 84' lang='lat' dir='ltr'><strong>Leone</strong></span> <span class='ocrx_word' id='word_1_74' title='bbox 962 1124 1033 1179; x_wconf 90' lang='lat' dir='ltr'><strong>lll</strong></span> <span class='ocrx_word' id='word_1_75' title='bbox 1065 1126 1151 1180; x_wconf 87' lang='lat' dir='ltr'><strong>vel</strong></span> <span class='ocrx_word' id='word_1_76' title='bbox 1203 1126 1271 1180; x_wconf 76' lang='grc' dir='ltr'>ιν</span> <span class='ocrx_word' id='word_1_77' title='bbox 1326 1127 1530 1183; x_wconf 87' lang='lat' dir='ltr'><strong>factum</strong></span> <span class='ocrx_word' id='word_1_78' title='bbox 1579 1129 1784 1197; x_wconf 89' lang='lat' dir='ltr'><strong>refert;</strong></span> 
     </span>
    </p>
   </div>
   <div class='ocr_carea' id='block_1_12' title="bbox 188 1211 1783 1291">
    <p class='ocr_par' dir='ltr' id='par_1_12' title="bbox 188 1211 1783 1291">
     <span class='ocr_line' id='line_1_12' title="bbox 188 1211 1783 1291; baseline 0.007 -29"><span class='ocrx_word' id='word_1_79' title='bbox 188 1226 339 1274; x_wconf 88' lang='lat' dir='ltr'><strong>nam,</strong></span> <span class='ocrx_word' id='word_1_80' title='bbox 374 1220 435 1263; x_wconf 90' lang='lat' dir='ltr'><strong>ut</strong></span> <span class='ocrx_word' id='word_1_81' title='bbox 459 1211 538 1264; x_wconf 87' lang='lat' dir='ltr'><strong>ait</strong></span> <span class='ocrx_word' id='word_1_82' title='bbox 584 1212 794 1268; x_wconf 83' lang='lat' dir='ltr'><strong>Natalis</strong></span> <span class='ocrx_word' id='word_1_83' title='bbox 846 1216 1156 1272; x_wconf 78' lang='lat' dir='ltr'><strong>Alexander</strong></span> <span class='ocrx_word' id='word_1_84' title='bbox 1199 1218 1259 1288; x_wconf 92' lang='grc' dir='ltr'>(Ι.</span> <span class='ocrx_word' id='word_1_85' title='bbox 1296 1235 1425 1291; x_wconf 84' lang='lat' dir='ltr'><strong>c.p.</strong></span> <span class='ocrx_word' id='word_1_86' title='bbox 1459 1221 1567 1275; x_wconf 80' lang='grc'><strong>525</strong></span> <span class='ocrx_word' id='word_1_87' title='bbox 1616 1223 1783 1291; x_wconf 86' lang='lat' dir='ltr'><strong>seq.),</strong></span> 
     </span>
    </p>
   </div>
   <div class='ocr_carea' id='block_1_13' title="bbox 189 1302 1786 1384">
    <p class='ocr_par' dir='ltr' id='par_1_13' title="bbox 189 1302 1786 1384">
     <span class='ocr_line' id='line_1_13' title="bbox 189 1302 1786 1384; baseline 0.008 -29"><span class='ocrx_word' id='word_1_88' title='bbox 189 1302 409 1356; x_wconf 83' lang='lat' dir='ltr'><strong>tametsi</strong></span> <span class='ocrx_word' id='word_1_89' title='bbox 460 1302 572 1359; x_wconf 88' lang='lat' dir='ltr'><strong>Leo</strong></span> <span class='ocrx_word' id='word_1_90' title='bbox 626 1302 697 1358; x_wconf 85' lang='grc'><strong>111</strong></span> <span class='ocrx_word' id='word_1_91' title='bbox 748 1305 879 1361; x_wconf 85' lang='lat' dir='ltr'><strong>illud</strong></span> <span class='ocrx_word' id='word_1_92' title='bbox 948 1308 1190 1378; x_wconf 74' lang='lat' dir='ltr'><strong>Filioque</strong></span> <span class='ocrx_word' id='word_1_93' title='bbox 1222 1310 1349 1365; x_wconf 84' lang='lat' dir='ltr'><strong>addi</strong></span> <span class='ocrx_word' id='word_1_94' title='bbox 1410 1311 1670 1384; x_wconf 85' lang='lat' dir='ltr'><strong>Symbolo</strong></span> <span class='ocrx_word' id='word_1_95' title='bbox 1729 1323 1786 1368; x_wconf 91' lang='lat' dir='ltr'><strong>et</strong></span> 
     </span>
    </p>
   </div>
   <div class='ocr_carea' id='block_1_14' title="bbox 187 1390 1785 1474">
    <p class='ocr_par' dir='ltr' id='par_1_14' title="bbox 187 1390 1785 1474">
     <span class='ocr_line' id='line_1_14' title="bbox 187 1390 1785 1474; baseline 0.009 -29"><span class='ocrx_word' id='word_1_96' title='bbox 187 1390 401 1445; x_wconf 79' lang='lat' dir='ltr'><strong>cantari</strong></span> <span class='ocrx_word' id='word_1_97' title='bbox 438 1407 555 1445; x_wconf 77' lang='lat' dir='ltr'><strong>non</strong></span> <span class='ocrx_word' id='word_1_98' title='bbox 579 1397 916 1463; x_wconf 80' lang='lat' dir='ltr'><strong>probaverit,</strong></span> <span class='ocrx_word' id='word_1_99' title='bbox 941 1398 1092 1454; x_wconf 87' lang='lat' dir='ltr'><strong>nulla</strong></span> <span class='ocrx_word' id='word_1_100' title='bbox 1129 1415 1296 1455; x_wconf 85' lang='lat' dir='ltr'><strong>causa</strong></span> <span class='ocrx_word' id='word_1_101' title='bbox 1334 1411 1468 1459; x_wconf 84' lang='lat' dir='ltr'><strong>tunc</strong></span> <span class='ocrx_word' id='word_1_102' title='bbox 1492 1404 1546 1459; x_wconf 92' lang='lat' dir='ltr'><strong>id</strong></span> <span class='ocrx_word' id='word_1_103' title='bbox 1593 1416 1785 1474; x_wconf 86' lang='lat' dir='ltr'><strong>postu-</strong></span> 
     </span>
    </p>
   </div>
   <div class='ocr_carea' id='block_1_15' title="bbox 190 1483 1788 1569">
    <p class='ocr_par' dir='ltr' id='par_1_15' title="bbox 190 1483 1788 1569">
     <span class='ocr_line' id='line_1_15' title="bbox 190 1483 1788 1569; baseline 0.011 -33"><span class='ocrx_word' id='word_1_104' title='bbox 190 1483 367 1548; x_wconf 81' lang='lat' dir='ltr'><strong>laute,</strong></span> <span class='ocrx_word' id='word_1_105' title='bbox 394 1486 547 1539; x_wconf 82' lang='lat' dir='ltr'><strong>nulla</strong></span> <span class='ocrx_word' id='word_1_106' title='bbox 588 1497 816 1558; x_wconf 76' lang='lat' dir='ltr'><strong>urgente</strong></span> <span class='ocrx_word' id='word_1_107' title='bbox 848 1491 1203 1569; x_wconf 81' lang='lat' dir='ltr'><strong>necessitate,</strong></span> <span class='ocrx_word' id='word_1_108' title='bbox 1231 1502 1288 1547; x_wconf 88' lang='lat' dir='ltr'><strong>et</strong></span> <span class='ocrx_word' id='word_1_109' title='bbox 1315 1492 1630 1565; x_wconf 78' lang='lat' dir='ltr'><strong>Symbolum</strong></span> <span class='ocrx_word' id='word_1_110' title='bbox 1665 1498 1788 1553; x_wconf 89' lang='lat' dir='ltr'><strong>abs-</strong></span> 
     </span>
    </p>
   </div>
   <div class='ocr_carea' id='block_1_16' title="bbox 186 1576 1784 1654">
    <p class='ocr_par' dir='ltr' id='par_1_16' title="bbox 186 1576 1784 1654">
     <span class='ocr_line' id='line_1_16' title="bbox 186 1576 1784 1654; baseline 0.011 -26"><span class='ocrx_word' id='word_1_111' title='bbox 186 1590 298 1645; x_wconf 87' lang='lat' dir='ltr'><strong>que</strong></span> <span class='ocrx_word' id='word_1_112' title='bbox 344 1576 441 1631; x_wconf 81' lang='lat' dir='ltr'><strong>illa</strong></span> <span class='ocrx_word' id='word_1_113' title='bbox 496 1578 778 1633; x_wconf 86' lang='lat' dir='ltr'><strong>additione</strong></span> <span class='ocrx_word' id='word_1_114' title='bbox 831 1580 887 1634; x_wconf 91' lang='lat' dir='ltr'><strong>in</strong></span> <span class='ocrx_word' id='word_1_115' title='bbox 936 1584 1209 1654; x_wconf 83' lang='lat' dir='ltr'><strong>argenteis</strong></span> <span class='ocrx_word' id='word_1_116' title='bbox 1258 1586 1460 1642; x_wconf 79' lang='lat' dir='ltr'><strong>tabulis</strong></span> <span class='ocrx_word' id='word_1_117' title='bbox 1501 1598 1784 1645; x_wconf 86' lang='lat' dir='ltr'><strong>exaratum</strong></span> 
     </span>
    </p>
   </div>
   <div class='ocr_carea' id='block_1_17' title="bbox 189 1669 1787 1750">
    <p class='ocr_par' dir='ltr' id='par_1_17' title="bbox 189 1669 1787 1750">
     <span class='ocr_line' id='line_1_17' title="bbox 189 1669 1787 1750; baseline 0.009 -28"><span class='ocrx_word' id='word_1_118' title='bbox 189 1669 401 1723; x_wconf 81' lang='lat' dir='ltr'><strong>servari</strong></span> <span class='ocrx_word' id='word_1_119' title='bbox 462 1670 692 1740; x_wconf 77' lang='lat' dir='ltr'><strong>jusserit</strong></span> <span class='ocrx_word' id='word_1_120' title='bbox 736 1671 854 1743; x_wconf 75' lang='lat'><strong>(25)</strong></span> <span class='ocrx_word' id='word_1_121' title='bbox 935 1674 1005 1729; x_wconf 90' lang='lat' dir='ltr'><strong>ad</strong></span> <span class='ocrx_word' id='word_1_122' title='bbox 1059 1679 1386 1733; x_wconf 83' lang='lat' dir='ltr'><strong>memoriam</strong></span> <span class='ocrx_word' id='word_1_123' title='bbox 1448 1681 1787 1750; x_wconf 79' lang='lat' dir='ltr'><strong>posteritatis</strong></span> 
     </span>
    </p>
   </div>
   <div class='ocr_carea' id='block_1_18' title="bbox 189 1762 1785 1842">
    <p class='ocr_par' dir='ltr' id='par_1_18' title="bbox 189 1762 1785 1842">
     <span class='ocr_line' id='line_1_18' title="bbox 189 1762 1785 1842; baseline 0.009 -27"><span class='ocrx_word' id='word_1_124' title='bbox 189 1762 614 1831; x_wconf 81' lang='lat' dir='ltr'><strong>sempiternam,</strong></span> <span class='ocrx_word' id='word_1_125' title='bbox 654 1772 834 1819; x_wconf 90' lang='lat' dir='ltr'><strong>tamen</strong></span> <span class='ocrx_word' id='word_1_126' title='bbox 894 1769 1304 1836; x_wconf 87' lang='lat' dir='ltr'><strong>prooessionem</strong></span> <span class='ocrx_word' id='word_1_127' title='bbox 1340 1772 1581 1842; x_wconf 83' lang='lat' dir='ltr'><strong>Spiritus</strong></span> <span class='ocrx_word' id='word_1_128' title='bbox 1610 1774 1785 1828; x_wconf 85' lang='lat' dir='ltr'><strong>sancti</strong></span> 
     </span>
    </p>
   </div>
   <div class='ocr_carea' id='block_1_19' title="bbox 1893 572 3494 651">
    <p class='ocr_par' dir='ltr' id='par_1_19' title="bbox 1893 572 3494 651">
     <span class='ocr_line' id='line_1_19' title="bbox 1893 572 3494 651; baseline 0 -18"><span class='ocrx_word' id='word_1_129' title='bbox 1893 580 2015 634; x_wconf 90' lang='lat' dir='ltr'><strong>ﬁdei</strong></span> <span class='ocrx_word' id='word_1_130' title='bbox 2045 581 2446 650; x_wconf 84' lang='lat' dir='ltr'><strong>expositionem</strong></span> <span class='ocrx_word' id='word_1_131' title='bbox 2492 580 2836 651; x_wconf 81' lang='lat' dir='ltr'><strong>proscribere</strong></span> <span class='ocrx_word' id='word_1_132' title='bbox 2877 596 2943 635; x_wconf 89' lang='lat' dir='ltr'><strong>ac</strong></span> <span class='ocrx_word' id='word_1_133' title='bbox 2991 581 3200 650; x_wconf 81' lang='lat' dir='ltr'><strong>privata</strong></span> <span class='ocrx_word' id='word_1_134' title='bbox 3241 572 3494 633; x_wconf 51' lang='lat' dir='ltr'><strong>auctori;</strong></span> 
     </span>
    </p>
   </div>
   <div class='ocr_carea' id='block_1_20' title="bbox 1891 670 3478 741">
    <p class='ocr_par' dir='ltr' id='par_1_20' title="bbox 1891 670 3478 741">
     <span class='ocr_line' id='line_1_20' title="bbox 1891 670 3478 741; baseline 0 -17"><span class='ocrx_word' id='word_1_135' title='bbox 1891 678 2003 735; x_wconf 87' lang='lat' dir='ltr'><strong>tate</strong></span> <span class='ocrx_word' id='word_1_136' title='bbox 2033 671 2385 738; x_wconf 88' lang='lat' dir='ltr'><strong>factam,non</strong></span> <span class='ocrx_word' id='word_1_137' title='bbox 2410 687 2540 727; x_wconf 89' lang='lat' dir='ltr'><strong>vero</strong></span> <span class='ocrx_word' id='word_1_138' title='bbox 2572 672 2973 741; x_wconf 75' lang='lat' dir='ltr'><strong>expositidnem</strong></span> <span class='ocrx_word' id='word_1_139' title='bbox 2998 670 3125 725; x_wconf 88' lang='lat' dir='ltr'><strong>ﬁdei</strong></span> <span class='ocrx_word' id='word_1_140' title='bbox 3144 671 3478 736; x_wconf 77' lang='lat' dir='ltr'><strong>uberiorem,</strong></span> 
     </span>
    </p>
   </div>
   <div class='ocr_carea' id='block_1_21' title="bbox 1889 760 3483 833">
    <p class='ocr_par' dir='ltr' id='par_1_21' title="bbox 1889 760 3483 833">
     <span class='ocr_line' id='line_1_21' title="bbox 1889 760 3483 833; baseline -0.001 -18"><span class='ocrx_word' id='word_1_141' title='bbox 1889 776 2123 831; x_wconf 85' lang='lat' dir='ltr'><strong>eamque</strong></span> <span class='ocrx_word' id='word_1_142' title='bbox 2150 777 2182 816; x_wconf 89' lang='lat' dir='ltr'><strong>a</strong></span> <span class='ocrx_word' id='word_1_143' title='bbox 2216 762 2456 833; x_wconf 88' lang='lat' dir='ltr'><strong>legitima</strong></span> <span class='ocrx_word' id='word_1_144' title='bbox 2489 762 2817 817; x_wconf 86' lang='lat' dir='ltr'><strong>auctoritate</strong></span> <span class='ocrx_word' id='word_1_145' title='bbox 2841 762 3064 817; x_wconf 87' lang='lat' dir='ltr'><strong>factam.</strong></span> <span class='ocrx_word' id='word_1_146' title='bbox 3086 760 3255 815; x_wconf 87' lang='lat' dir='ltr'><strong>Porro</strong></span> <span class='ocrx_word' id='word_1_147' title='bbox 3275 760 3483 814; x_wconf 84' lang='lat' dir='ltr'><strong>Catho-</strong></span> 
     </span>
    </p>
   </div>
   <div class='ocr_carea' id='block_1_22' title="bbox 1888 852 3482 923">
    <p class='ocr_par' dir='ltr' id='par_1_22' title="bbox 1888 852 3482 923">
     <span class='ocr_line' id='line_1_22' title="bbox 1888 852 3482 923; baseline -0.001 -17"><span class='ocrx_word' id='word_1_148' title='bbox 1888 853 1979 908; x_wconf 91' lang='lat' dir='ltr'><strong>lici</strong></span> <span class='ocrx_word' id='word_1_149' title='bbox 2007 855 2385 909; x_wconf 87' lang='lat' dir='ltr'><strong>demonstrant</strong></span> <span class='ocrx_word' id='word_1_150' title='bbox 2418 855 2855 909; x_wconf 88' lang='lat' dir='ltr'><strong>additamentum</strong></span> <span class='ocrx_word' id='word_1_151' title='bbox 2896 855 3029 909; x_wconf 85' lang='lat' dir='ltr'><strong>illud</strong></span> <span class='ocrx_word' id='word_1_152' title='bbox 3055 852 3302 923; x_wconf 78' lang='lat' dir='ltr'><strong>Filioque</strong></span> <span class='ocrx_word' id='word_1_153' title='bbox 3336 868 3482 907; x_wconf 86' lang='lat' dir='ltr'><strong>non-</strong></span> 
     </span>
    </p>
   </div>
   <div class='ocr_carea' id='block_1_23' title="bbox 1888 942 3481 1013">
    <p class='ocr_par' dir='ltr' id='par_1_23' title="bbox 1888 942 3481 1013">
     <span class='ocr_line' id='line_1_23' title="bbox 1888 942 3481 1013; baseline -0.001 -17"><span class='ocrx_word' id='word_1_154' title='bbox 1888 943 1996 996; x_wconf 87' lang='lat' dir='ltr'><strong>nisi</strong></span> <span class='ocrx_word' id='word_1_155' title='bbox 2025 943 2448 1013; x_wconf 84' lang='lat' dir='ltr'><strong>explicationem</strong></span> <span class='ocrx_word' id='word_1_156' title='bbox 2487 959 2613 999; x_wconf 88' lang='lat' dir='ltr'><strong>esse</strong></span> <span class='ocrx_word' id='word_1_157' title='bbox 2671 946 2963 999; x_wconf 81' lang='lat' dir='ltr'><strong>verborum</strong></span> <span class='ocrx_word' id='word_1_158' title='bbox 2985 944 3097 1013; x_wconf 89' lang='lat' dir='ltr'><strong>jam</strong></span> <span class='ocrx_word' id='word_1_159' title='bbox 3124 944 3178 997; x_wconf 86' lang='lat' dir='ltr'><strong>in</strong></span> <span class='ocrx_word' id='word_1_160' title='bbox 3222 942 3481 1013; x_wconf 71' lang='lat' dir='ltr'><strong>Symbolo</strong></span> 
     </span>
    </p>
   </div>
   <div class='ocr_carea' id='block_1_24' title="bbox 1889 1034 3482 1108">
    <p class='ocr_par' dir='ltr' id='par_1_24' title="bbox 1889 1034 3482 1108">
     <span class='ocr_line' id='line_1_24' title="bbox 1889 1034 3482 1108; baseline 0.001 -18"><span class='ocrx_word' id='word_1_161' title='bbox 1889 1050 2274 1105; x_wconf 83' lang='lat' dir='ltr'><strong>expressorum</strong></span> <span class='ocrx_word' id='word_1_162' title='bbox 2322 1034 2477 1108; x_wconf 77' lang='lat'><strong>[216]</strong></span> <span class='ocrx_word' id='word_1_163' title='bbox 2509 1036 2562 1108; x_wconf 62' lang='grc' dir='ltr'>(ᾗ</span> <span class='ocrx_word' id='word_1_164' title='bbox 2591 1038 2713 1092; x_wconf 87' lang='lat' dir='ltr'><strong>2et</strong></span> <span class='ocrx_word' id='word_1_165' title='bbox 2768 1040 2821 1107; x_wconf 90' lang='lat'><strong>7)</strong></span> <span class='ocrx_word' id='word_1_166' title='bbox 2864 1052 3096 1106; x_wconf 86' lang='lat' dir='ltr'><strong>eamque</strong></span> <span class='ocrx_word' id='word_1_167' title='bbox 3147 1037 3482 1091; x_wconf 88' lang='lat' dir='ltr'><strong>auctoritate</strong></span> 
     </span>
    </p>
   </div>
   <div class='ocr_carea' id='block_1_25' title="bbox 1890 1124 3481 1200">
    <p class='ocr_par' dir='ltr' id='par_1_25' title="bbox 1890 1124 3481 1200">
     <span class='ocr_line' id='line_1_25' title="bbox 1890 1124 3481 1200; baseline 0.003 -21"><span class='ocrx_word' id='word_1_168' title='bbox 1890 1124 2169 1190; x_wconf 67' lang='lat' dir='ltr'><strong>Ecclesiae,</strong></span> <span class='ocrx_word' id='word_1_169' title='bbox 2192 1142 2255 1181; x_wconf 89' lang='lat' dir='ltr'><strong>ac</strong></span> <span class='ocrx_word' id='word_1_170' title='bbox 2287 1127 2517 1182; x_wconf 73' lang='lat' dir='ltr'><strong>Romani</strong></span> <span class='ocrx_word' id='word_1_171' title='bbox 2544 1130 2818 1199; x_wconf 84' lang='lat' dir='ltr'><strong>pontiﬁcis</strong></span> <span class='ocrx_word' id='word_1_172' title='bbox 2843 1130 2896 1183; x_wconf 91' lang='lat' dir='ltr'><strong>in</strong></span> <span class='ocrx_word' id='word_1_173' title='bbox 2921 1130 3481 1200; x_wconf 81' lang='lat' dir='ltr'><strong>primis,synodorum</strong></span> 
     </span>
    </p>
   </div>
   <div class='ocr_carea' id='block_1_26' title="bbox 1888 1212 3481 1289">
    <p class='ocr_par' dir='ltr' id='par_1_26' title="bbox 1888 1212 3481 1289">
     <span class='ocr_line' id='line_1_26' title="bbox 1888 1212 3481 1289; baseline 0.005 -24"><span class='ocrx_word' id='word_1_174' title='bbox 1888 1212 2246 1282; x_wconf 88' lang='lat' dir='ltr'><strong>plurimarum</strong></span> <span class='ocrx_word' id='word_1_175' title='bbox 2290 1224 2345 1269; x_wconf 87' lang='lat' dir='ltr'><strong>et</strong></span> <span class='ocrx_word' id='word_1_176' title='bbox 2374 1217 2596 1271; x_wconf 90' lang='lat' dir='ltr'><strong>demum</strong></span> <span class='ocrx_word' id='word_1_177' title='bbox 2638 1217 2894 1289; x_wconf 83' lang='lat' dir='ltr'><strong>Lugdun.</strong></span> <span class='ocrx_word' id='word_1_178' title='bbox 2948 1236 3014 1279; x_wconf 85' lang='grc' dir='ltr'><strong>ιι.</strong></span> <span class='ocrx_word' id='word_1_179' title='bbox 3070 1228 3125 1274; x_wconf 90' lang='lat' dir='ltr'><strong>et</strong></span> <span class='ocrx_word' id='word_1_180' title='bbox 3176 1219 3481 1274; x_wconf 87' lang='lat' dir='ltr'><strong>Florentini</strong></span> 
     </span>
    </p>
   </div>
   <div class='ocr_carea' id='block_1_27' title="bbox 1889 1306 3479 1384">
    <p class='ocr_par' dir='ltr' id='par_1_27' title="bbox 1889 1306 3479 1384">
     <span class='ocr_line' id='line_1_27' title="bbox 1889 1306 3479 1384; baseline 0.008 -25"><span class='ocrx_word' id='word_1_181' title='bbox 1889 1306 2105 1360; x_wconf 89' lang='lat' dir='ltr'><strong>concilii</strong></span> <span class='ocrx_word' id='word_1_182' title='bbox 2133 1308 2456 1364; x_wconf 83' lang='lat' dir='ltr'><strong>stabilitam.</strong></span> <span class='ocrx_word' id='word_1_183' title='bbox 2496 1309 2653 1376; x_wconf 82' lang='lat' dir='ltr'><strong>Quod</strong></span> <span class='ocrx_word' id='word_1_184' title='bbox 2673 1312 2719 1365; x_wconf 90' lang='lat' dir='ltr'><strong>si</strong></span> <span class='ocrx_word' id='word_1_185' title='bbox 2744 1313 2949 1367; x_wconf 91' lang='lat' dir='ltr'><strong>nullam</strong></span> <span class='ocrx_word' id='word_1_186' title='bbox 2982 1312 3346 1384; x_wconf 83' lang='lat' dir='ltr'><strong>dogmaticam</strong></span> <span class='ocrx_word' id='word_1_187' title='bbox 3375 1315 3479 1371; x_wconf 90' lang='lat' dir='ltr'><strong>de-</strong></span> 
     </span>
    </p>
   </div>
   <div class='ocr_carea' id='block_1_28' title="bbox 1888 1396 3484 1477">
    <p class='ocr_par' dir='ltr' id='par_1_28' title="bbox 1888 1396 3484 1477">
     <span class='ocr_line' id='line_1_28' title="bbox 1888 1396 3484 1477; baseline 0.008 -28"><span class='ocrx_word' id='word_1_188' title='bbox 1888 1396 2192 1452; x_wconf 87' lang='lat' dir='ltr'><strong>ﬁnitionem</strong></span> <span class='ocrx_word' id='word_1_189' title='bbox 2218 1400 2496 1455; x_wconf 88' lang='lat' dir='ltr'><strong>sanciendi</strong></span> <span class='ocrx_word' id='word_1_190' title='bbox 2532 1412 2655 1471; x_wconf 90' lang='lat' dir='ltr'><strong>post</strong></span> <span class='ocrx_word' id='word_1_191' title='bbox 2684 1403 2896 1457; x_wconf 82' lang='lat' dir='ltr'><strong>tertiam</strong></span> <span class='ocrx_word' id='word_1_192' title='bbox 2931 1412 2987 1457; x_wconf 92' lang='lat' dir='ltr'><strong>et</strong></span> <span class='ocrx_word' id='word_1_193' title='bbox 3017 1413 3265 1472; x_wconf 84' lang='lat' dir='ltr'><strong>quartam</strong></span> <span class='ocrx_word' id='word_1_194' title='bbox 3313 1422 3484 1477; x_wconf 82' lang='lat' dir='ltr'><strong>syno-</strong></span> 
     </span>
    </p>
   </div>
   <div class='ocr_carea' id='block_1_29' title="bbox 1889 1488 3485 1561">
    <p class='ocr_par' dir='ltr' id='par_1_29' title="bbox 1889 1488 3485 1561">
     <span class='ocr_line' id='line_1_29' title="bbox 1889 1488 3485 1561; baseline 0.002 -18"><span class='ocrx_word' id='word_1_195' title='bbox 1889 1488 2019 1543; x_wconf 88' lang='lat' dir='ltr'><strong>dum</strong></span> <span class='ocrx_word' id='word_1_196' title='bbox 2044 1488 2291 1553; x_wconf 84' lang='lat' dir='ltr'><strong>Ecclesia</strong></span> <span class='ocrx_word' id='word_1_197' title='bbox 2327 1488 2555 1544; x_wconf 87' lang='lat' dir='ltr'><strong>haberet</strong></span> <span class='ocrx_word' id='word_1_198' title='bbox 2605 1498 2957 1559; x_wconf 89' lang='lat' dir='ltr'><strong>potestatem,</strong></span> <span class='ocrx_word' id='word_1_199' title='bbox 2990 1491 3222 1545; x_wconf 85' lang='lat' dir='ltr'><strong>absurda</strong></span> <span class='ocrx_word' id='word_1_200' title='bbox 3258 1492 3485 1561; x_wconf 47' lang='lat' dir='ltr'><strong>cvidene</strong></span> 
     </span>
    </p>
   </div>
   <div class='ocr_carea' id='block_1_30' title="bbox 1891 1580 3485 1653">
    <p class='ocr_par' dir='ltr' id='par_1_30' title="bbox 1891 1580 3485 1653">
     <span class='ocr_line' id='line_1_30' title="bbox 1891 1580 3485 1653; baseline 0.003 -19"><span class='ocrx_word' id='word_1_201' title='bbox 1891 1580 2097 1635; x_wconf 85' lang='lat' dir='ltr'><strong>tissima</strong></span> <span class='ocrx_word' id='word_1_202' title='bbox 2138 1591 2521 1651; x_wconf 88' lang='lat' dir='ltr'><strong>sequerentur.</strong></span> <span class='ocrx_word' id='word_1_203' title='bbox 2566 1581 2673 1637; x_wconf 87' lang='lat' dir='ltr'><strong>Sed</strong></span> <span class='ocrx_word' id='word_1_204' title='bbox 2719 1598 2807 1638; x_wconf 91' lang='lat' dir='ltr'><strong>res</strong></span> <span class='ocrx_word' id='word_1_205' title='bbox 2847 1582 2964 1638; x_wconf 66' lang='lat' dir='ltr'><strong>haec</strong></span> <span class='ocrx_word' id='word_1_206' title='bbox 3012 1583 3161 1638; x_wconf 84' lang='lat' dir='ltr'><strong>oumi</strong></span> <span class='ocrx_word' id='word_1_207' title='bbox 3194 1598 3262 1638; x_wconf 88' lang='lat' dir='ltr'><strong>ex</strong></span> <span class='ocrx_word' id='word_1_208' title='bbox 3329 1598 3485 1653; x_wconf 78' lang='lat' dir='ltr'><strong>parte</strong></span> 
     </span>
    </p>
   </div>
   <div class='ocr_carea' id='block_1_31' title="bbox 1889 1671 3482 1745">
    <p class='ocr_par' dir='ltr' id='par_1_31' title="bbox 1889 1671 3482 1745">
     <span class='ocr_line' id='line_1_31' title="bbox 1889 1671 3482 1745; baseline 0.004 -19"><span class='ocrx_word' id='word_1_209' title='bbox 1889 1673 1945 1727; x_wconf 88' lang='lat' dir='ltr'><strong>in</strong></span> <span class='ocrx_word' id='word_1_210' title='bbox 1978 1671 2294 1728; x_wconf 86' lang='lat' dir='ltr'><strong>Florentina</strong></span> <span class='ocrx_word' id='word_1_211' title='bbox 2325 1675 2529 1744; x_wconf 83' lang='lat' dir='ltr'><strong>synodo</strong></span> <span class='ocrx_word' id='word_1_212' title='bbox 2579 1683 2911 1745; x_wconf 82' lang='lat' dir='ltr'><strong>pertractata</strong></span> <span class='ocrx_word' id='word_1_213' title='bbox 2958 1686 3015 1730; x_wconf 91' lang='lat' dir='ltr'><strong>et</strong></span> <span class='ocrx_word' id='word_1_214' title='bbox 3044 1676 3313 1732; x_wconf 87' lang='lat' dir='ltr'><strong>illustrata</strong></span> <span class='ocrx_word' id='word_1_215' title='bbox 3355 1676 3482 1732; x_wconf 90' lang='lat' dir='ltr'><strong>fuit.</strong></span> 
     </span>
    </p>
   </div>
   <div class='ocr_carea' id='block_1_32' title="bbox 1887 1764 3483 1835">
    <p class='ocr_par' dir='ltr' id='par_1_32' title="bbox 1887 1764 3483 1835">
     <span class='ocr_line' id='line_1_32' title="bbox 1887 1764 3483 1835; baseline 0.004 -16"><span class='ocrx_word' id='word_1_216' title='bbox 1887 1764 1972 1820; x_wconf 77' lang='lat' dir='ltr'><strong>Cf.</strong></span> <span class='ocrx_word' id='word_1_217' title='bbox 2010 1776 2272 1835; x_wconf 58' lang='lat' dir='ltr'><strong>praetcrea</strong></span> <span class='ocrx_word' id='word_1_218' title='bbox 2300 1766 2650 1823; x_wconf 82' lang='lat' dir='ltr'><strong>Natal.Alex.</strong></span> <span class='ocrx_word' id='word_1_219' title='bbox 2678 1771 2746 1821; x_wconf 82' lang='grc' dir='ltr'><strong>Η.</strong></span> <span class='ocrx_word' id='word_1_220' title='bbox 2778 1769 2846 1823; x_wconf 82' lang='grc' dir='ltr'><strong>Ε.</strong></span> <span class='ocrx_word' id='word_1_221' title='bbox 2880 1784 3007 1823; x_wconf 66' lang='lat' dir='ltr'><strong>saac.</strong></span> <span class='ocrx_word' id='word_1_222' title='bbox 3044 1784 3121 1833; x_wconf 77' lang='lat' dir='ltr'><strong>Ix,</strong></span> <span class='ocrx_word' id='word_1_223' title='bbox 3146 1770 3367 1825; x_wconf 89' lang='lat' dir='ltr'><strong>dissert.</strong></span> <span class='ocrx_word' id='word_1_224' title='bbox 3382 1771 3483 1834; x_wconf 77' lang='lat' dir='ltr'><strong>l8,</strong></span> 
     </span>
    </p>
   </div>
   <div class='ocr_carea' id='block_1_33' title="bbox 186 1842 3481 1930">
    <p class='ocr_par' dir='ltr' id='par_1_33' title="bbox 186 1842 3481 1930">
     <span class='ocr_line' id='line_1_33' title="bbox 186 1842 3481 1930; baseline 0.005 -24"><span class='ocrx_word' id='word_1_225' title='bbox 186 1868 218 1906; x_wconf 87' lang='lat' dir='ltr'><strong>a</strong></span> <span class='ocrx_word' id='word_1_226' title='bbox 257 1853 426 1909; x_wconf 87' lang='lat' dir='ltr'><strong>Patre</strong></span> <span class='ocrx_word' id='word_1_227' title='bbox 469 1865 526 1912; x_wconf 88' lang='lat' dir='ltr'><strong>et</strong></span> <span class='ocrx_word' id='word_1_228' title='bbox 555 1856 691 1911; x_wconf 83' lang='lat' dir='ltr'><strong>Filio</strong></span> <span class='ocrx_word' id='word_1_229' title='bbox 720 1873 822 1912; x_wconf 91' lang='lat' dir='ltr'><strong>ceu</strong></span> <span class='ocrx_word' id='word_1_230' title='bbox 862 1859 1060 1930; x_wconf 86' lang='lat' dir='ltr'><strong>dogma</strong></span> <span class='ocrx_word' id='word_1_231' title='bbox 1093 1862 1219 1917; x_wconf 85' lang='lat' dir='ltr'><strong>ﬁdei</strong></span> <span class='ocrx_word' id='word_1_232' title='bbox 1252 1864 1325 1917; x_wconf 89' lang='lat' dir='ltr'><strong>ab</strong></span> <span class='ocrx_word' id='word_1_233' title='bbox 1364 1864 1608 1920; x_wconf 83' lang='lat' dir='ltr'><strong>Ecclesia</strong></span> <span class='ocrx_word' id='word_1_234' title='bbox 1636 1867 1786 1921; x_wconf 90' lang='lat' dir='ltr'><strong>credi</strong></span> <span class='ocrx_word' id='word_1_235' title='bbox 1823 1842 1863 1896; x_wconf 75' lang='grc' dir='ltr'>Β</span> <span class='ocrx_word' id='word_1_236' title='bbox 1890 1865 2084 1910; x_wconf 64' lang='grc' dir='ltr'><strong>θεεθηο</strong></span> <span class='ocrx_word' id='word_1_237' title='bbox 2110 1856 2195 1922; x_wconf 63' lang='grc'><strong>“2;</strong></span> <span class='ocrx_word' id='word_1_238' title='bbox 2232 1868 2288 1911; x_wconf 72' lang='lat' dir='ltr'><strong>el</strong></span> <span class='ocrx_word' id='word_1_239' title='bbox 2345 1857 2634 1927; x_wconf 75' lang='grc' dir='ltr'><strong>Ρίῑῑίνίωιὶ</strong></span> <span class='ocrx_word' id='word_1_240' title='bbox 2662 1857 2910 1928; x_wconf 64' lang='grc' dir='ltr'><strong>ιιἘθίὶδε</strong></span> <span class='ocrx_word' id='word_1_241' title='bbox 2952 1859 3216 1914; x_wconf 68' lang='grc' dir='ltr'><strong>ονὶεηιαιε</strong></span> <span class='ocrx_word' id='word_1_242' title='bbox 3248 1860 3287 1927; x_wconf 83' lang='grc' dir='ltr'><strong>Ι,</strong></span> <span class='ocrx_word' id='word_1_243' title='bbox 3329 1876 3386 1930; x_wconf 77' lang='lat' dir='ltr'><strong>p-</strong></span> <span class='ocrx_word' id='word_1_244' title='bbox 3411 1859 3481 1914; x_wconf 74' lang='grc'><strong>27</strong></span> 
     </span>
    </p>
   </div>
   <div class='ocr_carea' id='block_1_34' title="bbox 190 1946 1790 2031">
    <p class='ocr_par' dir='ltr' id='par_1_34' title="bbox 190 1946 1790 2031">
     <span class='ocr_line' id='line_1_34' title="bbox 190 1946 1790 2031; baseline 0.01 -31"><span class='ocrx_word' id='word_1_245' title='bbox 190 1946 481 2017; x_wconf 76' lang='lat' dir='ltr'><strong>professus</strong></span> <span class='ocrx_word' id='word_1_246' title='bbox 505 1960 612 2015; x_wconf 89' lang='lat' dir='ltr'><strong>est,</strong></span> <span class='ocrx_word' id='word_1_247' title='bbox 641 1961 700 2006; x_wconf 89' lang='lat' dir='ltr'><strong>ut</strong></span> <span class='ocrx_word' id='word_1_248' title='bbox 732 1964 955 2009; x_wconf 88' lang='lat' dir='ltr'><strong>constat</strong></span> <span class='ocrx_word' id='word_1_249' title='bbox 978 1971 1044 2009; x_wconf 86' lang='lat' dir='ltr'><strong>ex</strong></span> <span class='ocrx_word' id='word_1_250' title='bbox 1087 1957 1221 2011; x_wconf 83' lang='lat' dir='ltr'><strong>actis</strong></span> <span class='ocrx_word' id='word_1_251' title='bbox 1254 1958 1559 2015; x_wconf 89' lang='lat' dir='ltr'><strong>collationis</strong></span> <span class='ocrx_word' id='word_1_252' title='bbox 1584 1960 1790 2031; x_wconf 84' lang='lat' dir='ltr'><strong>legato-</strong></span> 
     </span>
    </p>
   </div>
   <div class='ocr_carea' id='block_1_35' title="bbox 188 2039 1787 2121">
    <p class='ocr_par' dir='ltr' id='par_1_35' title="bbox 188 2039 1787 2121">
     <span class='ocr_line' id='line_1_35' title="bbox 188 2039 1787 2121; baseline 0.009 -30"><span class='ocrx_word' id='word_1_253' title='bbox 188 2053 311 2093; x_wconf 75' lang='lat' dir='ltr'><strong>rum</strong></span> <span class='ocrx_word' id='word_1_254' title='bbox 344 2039 646 2097; x_wconf 75' lang='lat' dir='ltr'><strong>Gallicana:</strong></span> <span class='ocrx_word' id='word_1_255' title='bbox 674 2044 936 2100; x_wconf 66' lang='lat' dir='ltr'><strong>Ecclesia:</strong></span> <span class='ocrx_word' id='word_1_256' title='bbox 954 2056 1009 2101; x_wconf 91' lang='lat' dir='ltr'><strong>et</strong></span> <span class='ocrx_word' id='word_1_257' title='bbox 1027 2047 1210 2103; x_wconf 88' lang='lat' dir='ltr'><strong>Caroli</strong></span> <span class='ocrx_word' id='word_1_258' title='bbox 1230 2048 1409 2121; x_wconf 81' lang='lat' dir='ltr'><strong>Magni</strong></span> <span class='ocrx_word' id='word_1_259' title='bbox 1440 2051 1787 2121; x_wconf 87' lang='lat' dir='ltr'><strong>imperatoris</strong></span> 
     </span>
    </p>
   </div>
   <div class='ocr_carea' id='block_1_36' title="bbox 191 2132 1791 2210">
    <p class='ocr_par' dir='ltr' id='par_1_36' title="bbox 191 2132 1791 2210">
     <span class='ocr_line' id='line_1_36' title="bbox 191 2132 1791 2210; baseline 0.011 -29"><span class='ocrx_word' id='word_1_260' title='bbox 191 2144 254 2181; x_wconf 86' lang='lat' dir='ltr'><strong>ex</strong></span> <span class='ocrx_word' id='word_1_261' title='bbox 285 2132 499 2200; x_wconf 76' lang='lat' dir='ltr'><strong>synodo</strong></span> <span class='ocrx_word' id='word_1_262' title='bbox 542 2133 971 2205; x_wconf 81' lang='lat' dir='ltr'><strong>Aquisgranensi</strong></span> <span class='ocrx_word' id='word_1_263' title='bbox 1013 2138 1081 2192; x_wconf 88' lang='lat' dir='ltr'><strong>ad</strong></span> <span class='ocrx_word' id='word_1_264' title='bbox 1122 2140 1309 2194; x_wconf 91' lang='lat' dir='ltr'><strong>sedem</strong></span> <span class='ocrx_word' id='word_1_265' title='bbox 1339 2143 1531 2210; x_wconf 82' lang='lat' dir='ltr'><strong>Apost.</strong></span> <span class='ocrx_word' id='word_1_266' title='bbox 1554 2142 1791 2198; x_wconf 87' lang='lat' dir='ltr'><strong>directo-</strong></span> 
     </span>
    </p>
   </div>
   <div class='ocr_carea' id='block_1_37' title="bbox 190 2223 1789 2302">
    <p class='ocr_par' dir='ltr' id='par_1_37' title="bbox 190 2223 1789 2302">
     <span class='ocr_line' id='line_1_37' title="bbox 190 2223 1789 2302; baseline 0.011 -30"><span class='ocrx_word' id='word_1_267' title='bbox 190 2230 310 2273; x_wconf 62' lang='lat' dir='ltr'><strong>rem</strong></span> <span class='ocrx_word' id='word_1_268' title='bbox 328 2236 459 2275; x_wconf 86' lang='lat' dir='ltr'><strong>cum</strong></span> <span class='ocrx_word' id='word_1_269' title='bbox 480 2223 660 2279; x_wconf 81' lang='lat' dir='ltr'><strong>Leone</strong></span> <span class='ocrx_word' id='word_1_270' title='bbox 678 2226 765 2290; x_wconf 87' lang='grc'><strong>111,</strong></span> <span class='ocrx_word' id='word_1_271' title='bbox 791 2242 913 2296; x_wconf 64' lang='lat' dir='ltr'><strong>quae</strong></span> <span class='ocrx_word' id='word_1_272' title='bbox 930 2243 995 2281; x_wconf 84' lang='lat' dir='ltr'><strong>ex</strong></span> <span class='ocrx_word' id='word_1_273' title='bbox 1011 2229 1213 2285; x_wconf 83' lang='lat' dir='ltr'><strong>abbate</strong></span> <span class='ocrx_word' id='word_1_274' title='bbox 1231 2231 1531 2302; x_wconf 82' lang='lat' dir='ltr'><strong>Smaragdo</strong></span> <span class='ocrx_word' id='word_1_275' title='bbox 1541 2231 1789 2289; x_wconf 88' lang='lat' dir='ltr'><strong>Sirmon—</strong></span> 
     </span>
    </p>
   </div>
   <div class='ocr_carea' id='block_1_38' title="bbox 189 2311 1791 2394">
    <p class='ocr_par' dir='ltr' id='par_1_38' title="bbox 189 2311 1791 2394">
     <span class='ocr_line' id='line_1_38' title="bbox 189 2311 1791 2394; baseline 0.01 -29"><span class='ocrx_word' id='word_1_276' title='bbox 189 2311 294 2366; x_wconf 86' lang='lat' dir='ltr'><strong>dus</strong></span> <span class='ocrx_word' id='word_1_277' title='bbox 316 2314 618 2385; x_wconf 82' lang='lat' dir='ltr'><strong>descripsit</strong></span> <span class='ocrx_word' id='word_1_278' title='bbox 646 2318 784 2388; x_wconf 85' lang='lat'><strong>(26).</strong></span> <span class='ocrx_word' id='word_1_279' title='bbox 815 2339 833 2370; x_wconf 75' lang='grc' dir='ltr'><strong>ι</strong></span> <span class='ocrx_word' id='word_1_280' title='bbox 866 2319 1047 2375; x_wconf 83' lang='lat' dir='ltr'><strong>Lectis</strong></span> <span class='ocrx_word' id='word_1_281' title='bbox 1069 2323 1215 2377; x_wconf 79' lang='lat' dir='ltr'><strong>enim</strong></span> <span class='ocrx_word' id='word_1_282' title='bbox 1238 2339 1271 2377; x_wconf 86' lang='lat' dir='ltr'><strong>a</strong></span> <span class='ocrx_word' id='word_1_283' title='bbox 1298 2325 1577 2394; x_wconf 57' lang='lat' dir='ltr'><strong>praedictis</strong></span> <span class='ocrx_word' id='word_1_284' title='bbox 1602 2326 1791 2381; x_wconf 80' lang='lat' dir='ltr'><strong>missis</strong></span> 
     </span>
    </p>
   </div>
   <div class='ocr_carea' id='block_1_39' title="bbox 191 2399 1790 2476">
    <p class='ocr_par' dir='ltr' id='par_1_39' title="bbox 191 2399 1790 2476">
     <span class='ocr_line' id='line_1_39' title="bbox 191 2399 1790 2476; baseline 0.01 -23"><span class='ocrx_word' id='word_1_285' title='bbox 191 2399 347 2473; x_wconf 79' lang='grc'><strong>[215]</strong></span> <span class='ocrx_word' id='word_1_286' title='bbox 418 2403 709 2472; x_wconf 86' lang='lat' dir='ltr'><strong>(Bernario</strong></span> <span class='ocrx_word' id='word_1_287' title='bbox 762 2408 1190 2476; x_wconf 78' lang='lat' dir='ltr'><strong>Wormatiensi,</strong></span> <span class='ocrx_word' id='word_1_288' title='bbox 1211 2411 1367 2467; x_wconf 87' lang='lat' dir='ltr'><strong>Jesse</strong></span> <span class='ocrx_word' id='word_1_289' title='bbox 1433 2413 1790 2469; x_wconf 87' lang='lat' dir='ltr'><strong>Ambianensi</strong></span> 
     </span>
    </p>
   </div>
   <div class='ocr_carea' id='block_1_40' title="bbox 191 2495 1790 2576">
    <p class='ocr_par' dir='ltr' id='par_1_40' title="bbox 191 2495 1790 2576">
     <span class='ocr_line' id='line_1_40' title="bbox 191 2495 1790 2576; baseline 0.009 -30"><span class='ocrx_word' id='word_1_290' title='bbox 191 2495 474 2566; x_wconf 84' lang='lat' dir='ltr'><strong>episcopis</strong></span> <span class='ocrx_word' id='word_1_291' title='bbox 503 2507 563 2551; x_wconf 92' lang='lat' dir='ltr'><strong>et</strong></span> <span class='ocrx_word' id='word_1_292' title='bbox 591 2498 863 2554; x_wconf 75' lang='lat' dir='ltr'><strong>Adalardo</strong></span> <span class='ocrx_word' id='word_1_293' title='bbox 901 2501 1105 2557; x_wconf 85' lang='lat' dir='ltr'><strong>abbate</strong></span> <span class='ocrx_word' id='word_1_294' title='bbox 1128 2503 1471 2576; x_wconf 86' lang='lat' dir='ltr'><strong>Corbeiensi)</strong></span> <span class='ocrx_word' id='word_1_295' title='bbox 1500 2521 1603 2575; x_wconf 89' lang='lat' dir='ltr'><strong>per</strong></span> <span class='ocrx_word' id='word_1_296' title='bbox 1640 2505 1790 2560; x_wconf 86' lang='lat' dir='ltr'><strong>ordi-</strong></span> 
     </span>
    </p>
   </div>
   <div class='ocr_carea' id='block_1_41' title="bbox 191 2586 1791 2666">
    <p class='ocr_par' dir='ltr' id='par_1_41' title="bbox 191 2586 1791 2666">
     <span class='ocr_line' id='line_1_41' title="bbox 191 2586 1791 2666; baseline 0.006 -25"><span class='ocrx_word' id='word_1_297' title='bbox 191 2602 319 2641; x_wconf 76' lang='lat' dir='ltr'><strong>nem</strong></span> <span class='ocrx_word' id='word_1_298' title='bbox 356 2590 692 2645; x_wconf 87' lang='lat' dir='ltr'><strong>testimoniis</strong></span> <span class='ocrx_word' id='word_1_299' title='bbox 748 2591 849 2662; x_wconf 87' lang='lat' dir='ltr'><strong>(De</strong></span> <span class='ocrx_word' id='word_1_300' title='bbox 896 2608 1120 2661; x_wconf 75' lang='lat' dir='ltr'><strong>process.</strong></span> <span class='ocrx_word' id='word_1_301' title='bbox 1155 2586 1249 2665; x_wconf 84' lang='lat' dir='ltr'><strong>Sp.</strong></span> <span class='ocrx_word' id='word_1_302' title='bbox 1296 2594 1361 2651; x_wconf 85' lang='lat' dir='ltr'><strong>S.</strong></span> <span class='ocrx_word' id='word_1_303' title='bbox 1424 2614 1457 2651; x_wconf 88' lang='lat' dir='ltr'><strong>a</strong></span> <span class='ocrx_word' id='word_1_304' title='bbox 1512 2596 1578 2653; x_wconf 91' lang='grc' dir='ltr'><strong>Ρ.</strong></span> <span class='ocrx_word' id='word_1_305' title='bbox 1609 2607 1657 2651; x_wconf 82' lang='lat' dir='ltr'><strong>et</strong></span> <span class='ocrx_word' id='word_1_306' title='bbox 1703 2596 1791 2666; x_wconf 65' lang='grc' dir='ltr'><strong>Ε.)</strong></span> 
     </span>
    </p>
   </div>
   <div class='ocr_carea' id='block_1_42' title="bbox 192 2680 1791 2753">
    <p class='ocr_par' dir='ltr' id='par_1_42' title="bbox 192 2680 1791 2753">
     <span class='ocr_line' id='line_1_42' title="bbox 192 2680 1791 2753; baseline 0.006 -23"><span class='ocrx_word' id='word_1_307' title='bbox 192 2688 360 2748; x_wconf 80' lang='lat' dir='ltr'><strong>atque</strong></span> <span class='ocrx_word' id='word_1_308' title='bbox 384 2694 419 2731; x_wconf 90' lang='lat' dir='ltr'><strong>a</strong></span> <span class='ocrx_word' id='word_1_309' title='bbox 442 2680 677 2735; x_wconf 89' lang='lat' dir='ltr'><strong>Domino</strong></span> <span class='ocrx_word' id='word_1_310' title='bbox 700 2684 1002 2752; x_wconf 90' lang='lat' dir='ltr'><strong>apostolico</strong></span> <span class='ocrx_word' id='word_1_311' title='bbox 1020 2684 1436 2753; x_wconf 77' lang='lat' dir='ltr'><strong>diligentissime</strong></span> <span class='ocrx_word' id='word_1_312' title='bbox 1454 2686 1663 2740; x_wconf 76' lang='lat' dir='ltr'><strong>auditis</strong></span> <span class='ocrx_word' id='word_1_313' title='bbox 1687 2687 1791 2740; x_wconf 88' lang='lat' dir='ltr'><strong>ait:</strong></span> 
     </span>
    </p>
   </div>
   <div class='ocr_carea' id='block_1_43' title="bbox 196 2769 1795 2841">
    <p class='ocr_par' dir='ltr' id='par_1_43' title="bbox 196 2769 1795 2841">
     <span class='ocr_line' id='line_1_43' title="bbox 196 2769 1795 2841; baseline 0.004 -17"><span class='ocrx_word' id='word_1_314' title='bbox 196 2769 273 2824; x_wconf 70' lang='grc' dir='ltr'>ιω</span> <span class='ocrx_word' id='word_1_315' title='bbox 305 2772 514 2838; x_wconf 89' lang='lat' dir='ltr'><strong>sentio,</strong></span> <span class='ocrx_word' id='word_1_316' title='bbox 544 2772 619 2827; x_wconf 87' lang='lat' dir='ltr'><strong>ita</strong></span> <span class='ocrx_word' id='word_1_317' title='bbox 675 2784 856 2841; x_wconf 90' lang='lat' dir='ltr'><strong>teneo,</strong></span> <span class='ocrx_word' id='word_1_318' title='bbox 893 2791 1014 2829; x_wconf 87' lang='lat' dir='ltr'><strong>cum</strong></span> <span class='ocrx_word' id='word_1_319' title='bbox 1060 2776 1145 2831; x_wconf 86' lang='lat' dir='ltr'><strong>his</strong></span> <span class='ocrx_word' id='word_1_320' title='bbox 1167 2778 1489 2832; x_wconf 84' lang='lat' dir='ltr'><strong>auctoribus</strong></span> <span class='ocrx_word' id='word_1_321' title='bbox 1525 2786 1581 2831; x_wconf 89' lang='lat' dir='ltr'><strong>et</strong></span> <span class='ocrx_word' id='word_1_322' title='bbox 1620 2792 1795 2832; x_wconf 69' lang='lat' dir='ltr'><strong>sacrae</strong></span> 
     </span>
    </p>
   </div>
   <div class='ocr_carea' id='block_1_44' title="bbox 193 2864 1795 2939">
    <p class='ocr_par' dir='ltr' id='par_1_44' title="bbox 193 2864 1795 2939">
     <span class='ocr_line' id='line_1_44' title="bbox 193 2864 1795 2939; baseline 0.003 -20"><span class='ocrx_word' id='word_1_323' title='bbox 193 2864 499 2935; x_wconf 63' lang='lat' dir='ltr'><strong>Scriptura:</strong></span> <span class='ocrx_word' id='word_1_324' title='bbox 538 2868 983 2924; x_wconf 81' lang='lat' dir='ltr'><strong>auctoritatibus.</strong></span> <span class='ocrx_word' id='word_1_325' title='bbox 1030 2868 1088 2923; x_wconf 92' lang='lat' dir='ltr'><strong>Si</strong></span> <span class='ocrx_word' id='word_1_326' title='bbox 1139 2870 1261 2939; x_wconf 88' lang='lat' dir='ltr'><strong>quis</strong></span> <span class='ocrx_word' id='word_1_327' title='bbox 1309 2870 1467 2924; x_wconf 89' lang='lat' dir='ltr'><strong>a|iter</strong></span> <span class='ocrx_word' id='word_1_328' title='bbox 1488 2870 1557 2924; x_wconf 89' lang='lat' dir='ltr'><strong>de</strong></span> <span class='ocrx_word' id='word_1_329' title='bbox 1593 2869 1697 2925; x_wconf 87' lang='lat' dir='ltr'><strong>hac</strong></span> <span class='ocrx_word' id='word_1_330' title='bbox 1736 2884 1795 2924; x_wconf 86' lang='lat' dir='ltr'><strong>re</strong></span> 
     </span>
    </p>
   </div>
   <div class='ocr_carea' id='block_1_45' title="bbox 196 2958 1792 3025">
    <p class='ocr_par' dir='ltr' id='par_1_45' title="bbox 196 2958 1792 3025">
     <span class='ocr_line' id='line_1_45' title="bbox 196 2958 1792 3025; baseline 0.003 -15"><span class='ocrx_word' id='word_1_331' title='bbox 196 2958 410 3012; x_wconf 88' lang='lat' dir='ltr'><strong>sentire</strong></span> <span class='ocrx_word' id='word_1_332' title='bbox 439 2958 525 3013; x_wconf 90' lang='lat' dir='ltr'><strong>vel</strong></span> <span class='ocrx_word' id='word_1_333' title='bbox 551 2959 753 3014; x_wconf 81' lang='lat' dir='ltr'><strong>dooere</strong></span> <span class='ocrx_word' id='word_1_334' title='bbox 774 2960 1028 3025; x_wconf 82' lang='lat' dir='ltr'><strong>voluerit,</strong></span> <span class='ocrx_word' id='word_1_335' title='bbox 1062 2960 1320 3025; x_wconf 89' lang='lat' dir='ltr'><strong>defendo,</strong></span> <span class='ocrx_word' id='word_1_336' title='bbox 1349 2970 1406 3016; x_wconf 90' lang='lat' dir='ltr'><strong>et</strong></span> <span class='ocrx_word' id='word_1_337' title='bbox 1435 2961 1539 3015; x_wconf 89' lang='lat' dir='ltr'><strong>nisi</strong></span> <span class='ocrx_word' id='word_1_338' title='bbox 1556 2977 1792 3016; x_wconf 82' lang='lat' dir='ltr'><strong>conver-</strong></span> 
     </span>
    </p>
   </div>
   <div class='ocr_carea' id='block_1_46' title="bbox 198 3048 1797 3114">
    <p class='ocr_par' dir='ltr' id='par_1_46' title="bbox 198 3048 1797 3114">
     <span class='ocr_line' id='line_1_46' title="bbox 198 3048 1797 3114; baseline 0 -13"><span class='ocrx_word' id='word_1_339' title='bbox 198 3063 291 3102; x_wconf 85' lang='lat' dir='ltr'><strong>sus</strong></span> <span class='ocrx_word' id='word_1_340' title='bbox 339 3048 619 3114; x_wconf 79' lang='lat' dir='ltr'><strong>fuerit,ct</strong></span> <span class='ocrx_word' id='word_1_341' title='bbox 674 3050 978 3104; x_wconf 89' lang='lat' dir='ltr'><strong>secundum</strong></span> <span class='ocrx_word' id='word_1_342' title='bbox 1030 3050 1177 3104; x_wconf 92' lang='lat' dir='ltr'><strong>hunc</strong></span> <span class='ocrx_word' id='word_1_343' title='bbox 1226 3064 1449 3104; x_wconf 90' lang='lat' dir='ltr'><strong>sensum</strong></span> <span class='ocrx_word' id='word_1_344' title='bbox 1482 3057 1668 3103; x_wconf 90' lang='lat' dir='ltr'><strong>tenere</strong></span> <span class='ocrx_word' id='word_1_345' title='bbox 1702 3063 1797 3102; x_wconf 78' lang='lat' dir='ltr'><strong>vo-</strong></span> 
     </span>
    </p>
   </div>
   <div class='ocr_carea' id='block_1_47' title="bbox 199 3140 1798 3211">
    <p class='ocr_par' dir='ltr' id='par_1_47' title="bbox 199 3140 1798 3211">
     <span class='ocr_line' id='line_1_47' title="bbox 199 3140 1798 3211; baseline 0.001 -18"><span class='ocrx_word' id='word_1_346' title='bbox 199 3140 386 3206; x_wconf 87' lang='lat' dir='ltr'><strong>luerit,</strong></span> <span class='ocrx_word' id='word_1_347' title='bbox 437 3141 716 3196; x_wconf 81' lang='lat' dir='ltr'><strong>contraria</strong></span> <span class='ocrx_word' id='word_1_348' title='bbox 772 3141 1399 3206; x_wconf 70' lang='lat' dir='ltr'><strong>sentientenrfunditus</strong></span> <span class='ocrx_word' id='word_1_349' title='bbox 1436 3140 1656 3211; x_wconf 84' lang='lat' dir='ltr'><strong>abjici-o.</strong></span> <span class='ocrx_word' id='word_1_350' title='bbox 1687 3140 1798 3195; x_wconf 82' lang='lat' dir='ltr'><strong>Ro-</strong></span> 
     </span>
    </p>
   </div>
   <div class='ocr_carea' id='block_1_48' title="bbox 200 3238 1797 3311">
    <p class='ocr_par' dir='ltr' id='par_1_48' title="bbox 200 3238 1797 3311">
     <span class='ocr_line' id='line_1_48' title="bbox 200 3238 1797 3311; baseline 0.001 -20"><span class='ocrx_word' id='word_1_351' title='bbox 200 3239 459 3306; x_wconf 80' lang='lat' dir='ltr'><strong>gantibus</strong></span> <span class='ocrx_word' id='word_1_352' title='bbox 533 3238 735 3294; x_wconf 87' lang='lat' dir='ltr'><strong>deinde</strong></span> <span class='ocrx_word' id='word_1_353' title='bbox 800 3240 1031 3311; x_wconf 81' lang='lat' dir='ltr'><strong>legatis,</strong></span> <span class='ocrx_word' id='word_1_354' title='bbox 1070 3256 1168 3295; x_wconf 87' lang='lat' dir='ltr'><strong>cur</strong></span> <span class='ocrx_word' id='word_1_355' title='bbox 1228 3254 1341 3294; x_wconf 91' lang='lat' dir='ltr'><strong>non</strong></span> <span class='ocrx_word' id='word_1_356' title='bbox 1396 3249 1547 3293; x_wconf 88' lang='lat' dir='ltr'><strong>esset</strong></span> <span class='ocrx_word' id='word_1_357' title='bbox 1593 3239 1797 3293; x_wconf 91' lang='lat' dir='ltr'><strong>bonum</strong></span> 
     </span>
    </p>
   </div>
   <div class='ocr_carea' id='block_1_49' title="bbox 203 3331 1801 3403">
    <p class='ocr_par' dir='ltr' id='par_1_49' title="bbox 203 3331 1801 3403">
     <span class='ocr_line' id='line_1_49' title="bbox 203 3331 1801 3403; baseline 0.001 -20"><span class='ocrx_word' id='word_1_358' title='bbox 203 3331 455 3387; x_wconf 85' lang='lat' dir='ltr'><strong>inserere</strong></span> <span class='ocrx_word' id='word_1_359' title='bbox 499 3332 757 3403; x_wconf 79' lang='lat' dir='ltr'><strong>Symbolo</strong></span> <span class='ocrx_word' id='word_1_360' title='bbox 778 3342 836 3387; x_wconf 91' lang='lat' dir='ltr'><strong>et</strong></span> <span class='ocrx_word' id='word_1_361' title='bbox 863 3343 1111 3397; x_wconf 77' lang='lat' dir='ltr'><strong>cantare,</strong></span> <span class='ocrx_word' id='word_1_362' title='bbox 1142 3333 1289 3403; x_wconf 92' lang='lat' dir='ltr'><strong>quod</strong></span> <span class='ocrx_word' id='word_1_363' title='bbox 1328 3333 1554 3387; x_wconf 90' lang='lat' dir='ltr'><strong>credere</strong></span> <span class='ocrx_word' id='word_1_364' title='bbox 1594 3332 1801 3387; x_wconf 90' lang='lat' dir='ltr'><strong>bonum</strong></span> 
     </span>
    </p>
   </div>
   <div class='ocr_carea' id='block_1_50' title="bbox 204 3424 1803 3494">
    <p class='ocr_par' dir='ltr' id='par_1_50' title="bbox 204 3424 1803 3494">
     <span class='ocr_line' id='line_1_50' title="bbox 204 3424 1803 3494; baseline 0.002 -17"><span class='ocrx_word' id='word_1_365' title='bbox 204 3432 337 3485; x_wconf 84' lang='lat' dir='ltr'><strong>erat.</strong></span> <span class='ocrx_word' id='word_1_366' title='bbox 392 3425 693 3494; x_wconf 76' lang='lat' dir='ltr'><strong>respondet</strong></span> <span class='ocrx_word' id='word_1_367' title='bbox 746 3424 1039 3483; x_wconf 78' lang='lat' dir='ltr'><strong>Pontifex:</strong></span> <span class='ocrx_word' id='word_1_368' title='bbox 1073 3425 1283 3480; x_wconf 89' lang='lat' dir='ltr'><strong>Bonum</strong></span> <span class='ocrx_word' id='word_1_369' title='bbox 1339 3433 1490 3479; x_wconf 87' lang='lat' dir='ltr'><strong>certe</strong></span> <span class='ocrx_word' id='word_1_370' title='bbox 1537 3433 1595 3478; x_wconf 91' lang='lat' dir='ltr'><strong>et</strong></span> <span class='ocrx_word' id='word_1_371' title='bbox 1642 3424 1803 3480; x_wconf 79' lang='lat' dir='ltr'><strong>valde</strong></span> 
     </span>
    </p>
   </div>
   <div class='ocr_carea' id='block_1_51' title="bbox 204 3513 1799 3585">
    <p class='ocr_par' dir='ltr' id='par_1_51' title="bbox 204 3513 1799 3585">
     <span class='ocr_line' id='line_1_51' title="bbox 204 3513 1799 3585; baseline -0.001 -17"><span class='ocrx_word' id='word_1_372' title='bbox 204 3513 435 3578; x_wconf 83' lang='lat' dir='ltr'><strong>bonum,</strong></span> <span class='ocrx_word' id='word_1_373' title='bbox 494 3524 687 3585; x_wconf 87' lang='lat' dir='ltr'><strong>utpote</strong></span> <span class='ocrx_word' id='word_1_374' title='bbox 731 3516 842 3584; x_wconf 87' lang='lat' dir='ltr'><strong>jam</strong></span> <span class='ocrx_word' id='word_1_375' title='bbox 890 3515 1015 3570; x_wconf 88' lang='lat' dir='ltr'><strong>ﬁdei</strong></span> <span class='ocrx_word' id='word_1_376' title='bbox 1055 3524 1461 3571; x_wconf 86' lang='lat' dir='ltr'><strong>sacramentum</strong></span> <span class='ocrx_word' id='word_1_377' title='bbox 1520 3528 1799 3585; x_wconf 79' lang='lat' dir='ltr'><strong>magnum,</strong></span> 
     </span>
    </p>
   </div>
   <div class='ocr_carea' id='block_1_52' title="bbox 206 3604 1805 3677">
    <p class='ocr_par' dir='ltr' id='par_1_52' title="bbox 206 3604 1805 3677">
     <span class='ocr_line' id='line_1_52' title="bbox 206 3604 1805 3677; baseline -0.001 -17"><span class='ocrx_word' id='word_1_378' title='bbox 206 3607 347 3676; x_wconf 81' lang='lat' dir='ltr'><strong>quod</strong></span> <span class='ocrx_word' id='word_1_379' title='bbox 383 3622 494 3661; x_wconf 89' lang='lat' dir='ltr'><strong>non</strong></span> <span class='ocrx_word' id='word_1_380' title='bbox 535 3607 666 3661; x_wconf 88' lang='lat' dir='ltr'><strong>licet</strong></span> <span class='ocrx_word' id='word_1_381' title='bbox 706 3606 814 3660; x_wconf 80' lang='lat' dir='ltr'><strong>non</strong></span> <span class='ocrx_word' id='word_1_382' title='bbox 859 3607 1105 3673; x_wconf 87' lang='lat' dir='ltr'><strong>credere,</strong></span> <span class='ocrx_word' id='word_1_383' title='bbox 1131 3607 1379 3677; x_wconf 86' lang='lat' dir='ltr'><strong>quisquis</strong></span> <span class='ocrx_word' id='word_1_384' title='bbox 1424 3605 1492 3659; x_wconf 88' lang='lat' dir='ltr'><strong>ad</strong></span> <span class='ocrx_word' id='word_1_385' title='bbox 1533 3605 1640 3659; x_wconf 87' lang='lat' dir='ltr'><strong>hoc</strong></span> <span class='ocrx_word' id='word_1_386' title='bbox 1660 3604 1805 3659; x_wconf 76' lang='lat' dir='ltr'><strong>valet</strong></span> 
     </span>
    </p>
   </div>
   <div class='ocr_carea' id='block_1_53' title="bbox 208 3694 1805 3776">
    <p class='ocr_par' dir='ltr' id='par_1_53' title="bbox 208 3694 1805 3776">
     <span class='ocr_line' id='line_1_53' title="bbox 208 3694 1805 3776; baseline -0.002 -23"><span class='ocrx_word' id='word_1_387' title='bbox 208 3701 547 3776; x_wconf 78' lang='lat' dir='ltr'><strong>pertingere.</strong></span> <span class='ocrx_word' id='word_1_388' title='bbox 582 3718 603 3750; x_wconf 76' lang='grc' dir='ltr'><strong>ο</strong></span> <span class='ocrx_word' id='word_1_389' title='bbox 643 3699 701 3752; x_wconf 90' lang='lat' dir='ltr'><strong>In</strong></span> <span class='ocrx_word' id='word_1_390' title='bbox 729 3699 1093 3769; x_wconf 87' lang='lat' dir='ltr'><strong>sequentibus</strong></span> <span class='ocrx_word' id='word_1_391' title='bbox 1141 3707 1349 3770; x_wconf 81' lang='lat' dir='ltr'><strong>perstat</strong></span> <span class='ocrx_word' id='word_1_392' title='bbox 1380 3697 1622 3769; x_wconf 83' lang='lat' dir='ltr'><strong>pontifex</strong></span> <span class='ocrx_word' id='word_1_393' title='bbox 1665 3694 1805 3767; x_wconf 88' lang='lat' dir='ltr'><strong>peti-</strong></span> 
     </span>
    </p>
   </div>
   <div class='ocr_carea' id='block_1_54' title="bbox 209 3788 1806 3859">
    <p class='ocr_par' dir='ltr' id='par_1_54' title="bbox 209 3788 1806 3859">
     <span class='ocr_line' id='line_1_54' title="bbox 209 3788 1806 3859; baseline -0.002 -13"><span class='ocrx_word' id='word_1_394' title='bbox 209 3792 420 3847; x_wconf 84' lang='lat' dir='ltr'><strong>tionem</strong></span> <span class='ocrx_word' id='word_1_395' title='bbox 451 3790 748 3846; x_wconf 74' lang='lat' dir='ltr'><strong>abnuendo</strong></span> <span class='ocrx_word' id='word_1_396' title='bbox 800 3806 987 3845; x_wconf 88' lang='lat' dir='ltr'><strong>amore</strong></span> <span class='ocrx_word' id='word_1_397' title='bbox 1048 3791 1423 3845; x_wconf 72' lang='lat' dir='ltr'><strong>custodiendae</strong></span> <span class='ocrx_word' id='word_1_398' title='bbox 1465 3788 1806 3859; x_wconf 84' lang='lat' dir='ltr'><strong>antiquitatis</strong></span> 
     </span>
    </p>
   </div>
   <div class='ocr_carea' id='block_1_55' title="bbox 211 3872 1805 3952">
    <p class='ocr_par' dir='ltr' id='par_1_55' title="bbox 211 3872 1805 3952">
     <span class='ocr_line' id='line_1_55' title="bbox 211 3872 1805 3952; baseline -0.003 -15"><span class='ocrx_word' id='word_1_399' title='bbox 211 3891 264 3937; x_wconf 87' lang='lat' dir='ltr'><strong>et</strong></span> <span class='ocrx_word' id='word_1_400' title='bbox 292 3883 584 3938; x_wconf 68' lang='lat' dir='ltr'><strong>servandae</strong></span> <span class='ocrx_word' id='word_1_401' title='bbox 609 3882 761 3952; x_wconf 82' lang='lat' dir='ltr'><strong>pacis</strong></span> <span class='ocrx_word' id='word_1_402' title='bbox 804 3898 932 3937; x_wconf 82' lang='lat' dir='ltr'><strong>cum</strong></span> <span class='ocrx_word' id='word_1_403' title='bbox 956 3880 1167 3937; x_wconf 54' lang='lat' dir='ltr'><strong>Graecis</strong></span> <span class='ocrx_word' id='word_1_404' title='bbox 1206 3872 1389 3936; x_wconf 70' lang='lat' dir='ltr'><strong>studio</strong></span> <span class='ocrx_word' id='word_1_405' title='bbox 1441 3881 1663 3945; x_wconf 79' lang='lat' dir='ltr'><strong>(luctus,</strong></span> <span class='ocrx_word' id='word_1_406' title='bbox 1695 3895 1805 3934; x_wconf 89' lang='lat' dir='ltr'><strong>non</strong></span> 
     </span>
    </p>
   </div>
   <div class='ocr_carea' id='block_1_56' title="bbox 211 3975 1806 4044">
    <p class='ocr_par' dir='ltr' id='par_1_56' title="bbox 211 3975 1806 4044">
     <span class='ocr_line' id='line_1_56' title="bbox 211 3975 1806 4044; baseline -0.001 -15"><span class='ocrx_word' id='word_1_407' title='bbox 211 3986 395 4033; x_wconf 85' lang='lat' dir='ltr'><strong>autem</strong></span> <span class='ocrx_word' id='word_1_408' title='bbox 429 3993 461 4030; x_wconf 88' lang='lat' dir='ltr'><strong>a</strong></span> <span class='ocrx_word' id='word_1_409' title='bbox 489 3975 738 4031; x_wconf 85' lang='lat' dir='ltr'><strong>doctrina</strong></span> <span class='ocrx_word' id='word_1_410' title='bbox 768 3975 1097 4041; x_wconf 85' lang='lat' dir='ltr'><strong>abhorrens,</strong></span> <span class='ocrx_word' id='word_1_411' title='bbox 1125 3989 1289 4044; x_wconf 84' lang='lat' dir='ltr'><strong>quam</strong></span> <span class='ocrx_word' id='word_1_412' title='bbox 1329 3982 1385 4028; x_wconf 93' lang='lat' dir='ltr'><strong>et</strong></span> <span class='ocrx_word' id='word_1_413' title='bbox 1417 3988 1571 4028; x_wconf 85' lang='lat' dir='ltr'><strong>suam</strong></span> <span class='ocrx_word' id='word_1_414' title='bbox 1613 3985 1806 4042; x_wconf 90' lang='lat' dir='ltr'><strong>aperte</strong></span> 
     </span>
    </p>
   </div>
   <div class='ocr_carea' id='block_1_57' title="bbox 213 4061 1808 4136">
    <p class='ocr_par' dir='ltr' id='par_1_57' title="bbox 213 4061 1808 4136">
     <span class='ocr_line' id='line_1_57' title="bbox 213 4061 1808 4136; baseline -0.003 -17"><span class='ocrx_word' id='word_1_415' title='bbox 213 4068 504 4136; x_wconf 87' lang='lat' dir='ltr'><strong>proﬁtetur</strong></span> <span class='ocrx_word' id='word_1_416' title='bbox 530 4067 602 4136; x_wconf 62' lang='lat' dir='ltr'><strong>{et</strong></span> <span class='ocrx_word' id='word_1_417' title='bbox 639 4082 799 4136; x_wconf 92' lang='lat' dir='ltr'><strong>quam</strong></span> <span class='ocrx_word' id='word_1_418' title='bbox 848 4065 904 4120; x_wconf 91' lang='lat' dir='ltr'><strong>in</strong></span> <span class='ocrx_word' id='word_1_419' title='bbox 958 4080 1054 4126; x_wconf 89' lang='lat' dir='ltr'><strong>sua</strong></span> <span class='ocrx_word' id='word_1_420' title='bbox 1112 4078 1329 4133; x_wconf 90' lang='lat' dir='ltr'><strong>quoque</strong></span> <span class='ocrx_word' id='word_1_421' title='bbox 1376 4062 1446 4117; x_wconf 89' lang='lat' dir='ltr'><strong>ad</strong></span> <span class='ocrx_word' id='word_1_422' title='bbox 1504 4061 1808 4117; x_wconf 84' lang='lat' dir='ltr'><strong>Orientales</strong></span> 
     </span>
    </p>
   </div>
   <div class='ocr_carea' id='block_1_58' title="bbox 213 4154 1808 4230">
    <p class='ocr_par' dir='ltr' id='par_1_58' title="bbox 213 4154 1808 4230">
     <span class='ocr_line' id='line_1_58' title="bbox 213 4154 1808 4230; baseline -0.004 -18"><span class='ocrx_word' id='word_1_423' title='bbox 213 4160 446 4229; x_wconf 88' lang='lat' dir='ltr'><strong>epistola</strong></span> <span class='ocrx_word' id='word_1_424' title='bbox 495 4154 612 4230; x_wconf 81' lang='lat'><strong>(27)</strong></span> <span class='ocrx_word' id='word_1_425' title='bbox 677 4158 952 4230; x_wconf 90' lang='lat' dir='ltr'><strong>expressit</strong></span> <span class='ocrx_word' id='word_1_426' title='bbox 1019 4157 1330 4227; x_wconf 78' lang='lat' dir='ltr'><strong>diligenter.</strong></span> <span class='ocrx_word' id='word_1_427' title='bbox 1392 4154 1614 4211; x_wconf 85' lang='lat' dir='ltr'><strong>Additio</strong></span> <span class='ocrx_word' id='word_1_428' title='bbox 1674 4168 1808 4209; x_wconf 82' lang='lat' dir='ltr'><strong>vero</strong></span> 
     </span>
    </p>
   </div>
   <div class='ocr_carea' id='block_1_59' title="bbox 216 4242 1809 4314">
    <p class='ocr_par' dir='ltr' id='par_1_59' title="bbox 216 4242 1809 4314">
     <span class='ocr_line' id='line_1_59' title="bbox 216 4242 1809 4314; baseline -0.003 -11"><span class='ocrx_word' id='word_1_429' title='bbox 216 4250 497 4303; x_wconf 83' lang='lat' dir='ltr'><strong>sensimin</strong></span> <span class='ocrx_word' id='word_1_430' title='bbox 533 4249 700 4304; x_wconf 84' lang='lat' dir='ltr'><strong>variis</strong></span> <span class='ocrx_word' id='word_1_431' title='bbox 726 4248 1040 4304; x_wconf 88' lang='lat' dir='ltr'><strong>Occidentis</strong></span> <span class='ocrx_word' id='word_1_432' title='bbox 1071 4246 1323 4302; x_wconf 89' lang='lat' dir='ltr'><strong>ecclesiis</strong></span> <span class='ocrx_word' id='word_1_433' title='bbox 1360 4242 1578 4314; x_wconf 84' lang='lat' dir='ltr'><strong>recepta</strong></span> <span class='ocrx_word' id='word_1_434' title='bbox 1616 4244 1809 4314; x_wconf 86' lang='lat' dir='ltr'><strong>paula-</strong></span> 
     </span>
    </p>
   </div>
   <div class='ocr_carea' id='block_1_60' title="bbox 216 4326 1808 4396">
    <p class='ocr_par' dir='ltr' id='par_1_60' title="bbox 216 4326 1808 4396">
     <span class='ocr_line' id='line_1_60' title="bbox 216 4326 1808 4396; baseline -0.002 -3"><span class='ocrx_word' id='word_1_435' title='bbox 216 4340 308 4395; x_wconf 88' lang='lat' dir='ltr'><strong>tim</strong></span> <span class='ocrx_word' id='word_1_436' title='bbox 342 4342 400 4395; x_wconf 91' lang='lat' dir='ltr'><strong>in</strong></span> <span class='ocrx_word' id='word_1_437' title='bbox 426 4326 709 4396; x_wconf 38' lang='lat' dir='ltr'><strong>.universo</strong></span> <span class='ocrx_word' id='word_1_438' title='bbox 748 4340 1047 4396; x_wconf 87' lang='lat' dir='ltr'><strong>Occidente</strong></span> <span class='ocrx_word' id='word_1_439' title='bbox 1088 4338 1328 4393; x_wconf 90' lang='lat' dir='ltr'><strong>obtinuit</strong></span> <span class='ocrx_word' id='word_1_440' title='bbox 1354 4346 1409 4392; x_wconf 87' lang='lat' dir='ltr'><strong>et</strong></span> <span class='ocrx_word' id='word_1_441' title='bbox 1445 4335 1626 4391; x_wconf 90' lang='lat' dir='ltr'><strong>Photii</strong></span> <span class='ocrx_word' id='word_1_442' title='bbox 1677 4335 1808 4391; x_wconf 92' lang='lat' dir='ltr'><strong>doo—</strong></span> 
     </span>
    </p>
   </div>
   <div class='ocr_carea' id='block_1_61' title="bbox 217 4427 1811 4502">
    <p class='ocr_par' dir='ltr' id='par_1_61' title="bbox 217 4427 1811 4502">
     <span class='ocr_line' id='line_1_61' title="bbox 217 4427 1811 4502; baseline -0.001 -20"><span class='ocrx_word' id='word_1_443' title='bbox 217 4434 357 4486; x_wconf 81' lang='lat' dir='ltr'><strong>trina</strong></span> <span class='ocrx_word' id='word_1_444' title='bbox 390 4432 760 4487; x_wconf 87' lang='lat' dir='ltr'><strong>necessariam</strong></span> <span class='ocrx_word' id='word_1_445' title='bbox 808 4433 928 4502; x_wconf 86' lang='lat' dir='ltr'><strong>ejus</strong></span> <span class='ocrx_word' id='word_1_446' title='bbox 976 4438 1223 4501; x_wconf 81' lang='lat' dir='ltr'><strong>apertam</strong></span> <span class='ocrx_word' id='word_1_447' title='bbox 1278 4428 1335 4483; x_wconf 89' lang='lat' dir='ltr'><strong>in</strong></span> <span class='ocrx_word' id='word_1_448' title='bbox 1362 4427 1685 4498; x_wconf 86' lang='lat' dir='ltr'><strong>Symbolum</strong></span> <span class='ocrx_word' id='word_1_449' title='bbox 1722 4441 1811 4481; x_wconf 90' lang='lat' dir='ltr'><strong>re-</strong></span> 
     </span>
    </p>
   </div>
   <div class='ocr_carea' id='block_1_62' title="bbox 1892 1951 2291 2021">
    <p class='ocr_par' dir='ltr' id='par_1_62' title="bbox 1892 1951 2291 2021">
     <span class='ocr_line' id='line_1_62' title="bbox 1892 1951 2291 2021; baseline -0.005 -16"><span class='ocrx_word' id='word_1_450' title='bbox 1892 1965 2009 2017; x_wconf 84' lang='lat' dir='ltr'><strong>seq.</strong></span> <span class='ocrx_word' id='word_1_451' title='bbox 2047 1951 2150 2005; x_wconf 75' lang='grc'><strong>115</strong></span> <span class='ocrx_word' id='word_1_452' title='bbox 2173 1966 2291 2021; x_wconf 90' lang='lat' dir='ltr'><strong>seq.</strong></span> 
     </span>
    </p>
   </div>
   <div class='ocr_carea' id='block_1_63' title="bbox 1896 2110 3486 2184">
    <p class='ocr_par' dir='ltr' id='par_1_63' title="bbox 1896 2110 3486 2184">
     <span class='ocr_line' id='line_1_63' title="bbox 1896 2110 3486 2184; baseline 0.001 -20"><span class='ocrx_word' id='word_1_453' title='bbox 1896 2110 1985 2165; x_wconf 87' lang='lat' dir='ltr'><strong>Ill.</strong></span> <span class='ocrx_word' id='word_1_454' title='bbox 2022 2111 2536 2168; x_wconf 81' lang='lat' dir='ltr'><strong>--Cousiderantur</strong></span> <span class='ocrx_word' id='word_1_455' title='bbox 2569 2114 2832 2182; x_wconf 79' lang='lat' dir='ltr'><strong>principia</strong></span> <span class='ocrx_word' id='word_1_456' title='bbox 2877 2113 3163 2184; x_wconf 79' lang='lat' dir='ltr'><strong>theologica</strong></span> <span class='ocrx_word' id='word_1_457' title='bbox 3212 2131 3245 2167; x_wconf 92' lang='lat' dir='ltr'><strong>a</strong></span> <span class='ocrx_word' id='word_1_458' title='bbox 3294 2110 3486 2167; x_wconf 78' lang='lat' dir='ltr'><strong>Pltotio</strong></span> 
     </span>
    </p>
   </div>
   <div class='ocr_carea' id='block_1_64' title="bbox 2505 2194 2862 2255">
    <p class='ocr_par' dir='ltr' id='par_1_64' title="bbox 2505 2194 2862 2255">
     <span class='ocr_line' id='line_1_64' title="bbox 2505 2194 2862 2255; baseline 0.003 -18"><span class='ocrx_word' id='word_1_459' title='bbox 2505 2194 2862 2255; x_wconf 75' lang='lat' dir='ltr'><strong>propugnant.</strong></span> 
     </span>
    </p>
   </div>
   <div class='ocr_carea' id='block_1_65' title="bbox 1968 2314 3484 2387">
    <p class='ocr_par' dir='ltr' id='par_1_65' title="bbox 1968 2314 3484 2387">
     <span class='ocr_line' id='line_1_65' title="bbox 1968 2314 3484 2387; baseline 0.001 -18"><span class='ocrx_word' id='word_1_460' title='bbox 1968 2316 2021 2369; x_wconf 83' lang='grc'><strong>1.</strong></span> <span class='ocrx_word' id='word_1_461' title='bbox 2052 2314 2206 2381; x_wconf 89' lang='lat' dir='ltr'><strong>Quod</strong></span> <span class='ocrx_word' id='word_1_462' title='bbox 2226 2316 2341 2371; x_wconf 85' lang='lat' dir='ltr'><strong>fere</strong></span> <span class='ocrx_word' id='word_1_463' title='bbox 2361 2317 2563 2387; x_wconf 89' lang='lat' dir='ltr'><strong>ubique</strong></span> <span class='ocrx_word' id='word_1_464' title='bbox 2578 2316 2803 2371; x_wconf 86' lang='lat' dir='ltr'><strong>Photius</strong></span> <span class='ocrx_word' id='word_1_465' title='bbox 2823 2324 2885 2371; x_wconf 88' lang='lat' dir='ltr'><strong>et</strong></span> <span class='ocrx_word' id='word_1_466' title='bbox 2929 2315 3183 2373; x_wconf 89' lang='lat' dir='ltr'><strong>Photiani</strong></span> <span class='ocrx_word' id='word_1_467' title='bbox 3206 2324 3484 2379; x_wconf 87' lang='lat' dir='ltr'><strong>astrunnt,</strong></span> 
     </span>
    </p>
   </div>
   <div class='ocr_carea' id='block_1_66' title="bbox 1895 2405 3487 2478">
    <p class='ocr_par' dir='ltr' id='par_1_66' title="bbox 1895 2405 3487 2478">
     <span class='ocr_line' id='line_1_66' title="bbox 1895 2405 3487 2478; baseline 0.003 -19"><span class='ocrx_word' id='word_1_468' title='bbox 1895 2405 2034 2460; x_wconf 82' lang='lat' dir='ltr'><strong>Filio</strong></span> <span class='ocrx_word' id='word_1_469' title='bbox 2068 2424 2270 2477; x_wconf 83' lang='lat' dir='ltr'><strong>quoque</strong></span> <span class='ocrx_word' id='word_1_470' title='bbox 2294 2409 2524 2462; x_wconf 82' lang='lat' dir='ltr'><strong>tribuere</strong></span> <span class='ocrx_word' id='word_1_471' title='bbox 2540 2409 2888 2478; x_wconf 77' lang='lat' dir='ltr'><strong>spiratiouem</strong></span> <span class='ocrx_word' id='word_1_472' title='bbox 2911 2406 3141 2478; x_wconf 77' lang='lat' dir='ltr'><strong>Spiritus</strong></span> <span class='ocrx_word' id='word_1_473' title='bbox 3160 2410 3328 2462; x_wconf 77' lang='lat' dir='ltr'><strong>sancti</strong></span> <span class='ocrx_word' id='word_1_474' title='bbox 3344 2410 3487 2463; x_wconf 81' lang='lat' dir='ltr'><strong>idem</strong></span> 
     </span>
    </p>
   </div>
   <div class='ocr_carea' id='block_1_67' title="bbox 1896 2501 3486 2571">
    <p class='ocr_par' dir='ltr' id='par_1_67' title="bbox 1896 2501 3486 2571">
     <span class='ocr_line' id='line_1_67' title="bbox 1896 2501 3486 2571; baseline 0.002 -19"><span class='ocrx_word' id='word_1_475' title='bbox 1896 2516 2005 2553; x_wconf 84' lang='lat' dir='ltr'><strong>esse</strong></span> <span class='ocrx_word' id='word_1_476' title='bbox 2022 2516 2083 2552; x_wconf 89' lang='lat' dir='ltr'><strong>ac</strong></span> <span class='ocrx_word' id='word_1_477' title='bbox 2101 2502 2211 2554; x_wconf 83' lang='lat' dir='ltr'><strong>duo</strong></span> <span class='ocrx_word' id='word_1_478' title='bbox 2228 2503 2283 2554; x_wconf 85' lang='lat' dir='ltr'><strong>in</strong></span> <span class='ocrx_word' id='word_1_479' title='bbox 2305 2501 2559 2556; x_wconf 74' lang='lat' dir='ltr'><strong>Trinitate</strong></span> <span class='ocrx_word' id='word_1_480' title='bbox 2584 2512 2815 2556; x_wconf 78' lang='lat' dir='ltr'><strong>statuere</strong></span> <span class='ocrx_word' id='word_1_481' title='bbox 2834 2502 3099 2571; x_wconf 74' lang='lat' dir='ltr'><strong>principia</strong></span> <span class='ocrx_word' id='word_1_482' title='bbox 3126 2519 3191 2555; x_wconf 78' lang='lat' dir='ltr'><strong>ac</strong></span> <span class='ocrx_word' id='word_1_483' title='bbox 3220 2503 3486 2571; x_wconf 72' lang='lat' dir='ltr'><strong>duplicent</strong></span> 
     </span>
    </p>
   </div>
   <div class='ocr_carea' id='block_1_68' title="bbox 1895 2591 3486 2663">
    <p class='ocr_par' dir='ltr' id='par_1_68' title="bbox 1895 2591 3486 2663">
     <span class='ocr_line' id='line_1_68' title="bbox 1895 2591 3486 2663; baseline 0.003 -21"><span class='ocrx_word' id='word_1_484' title='bbox 1895 2591 2169 2662; x_wconf 78' lang='grc' dir='ltr'><strong>προϐολήν</strong></span> <span class='ocrx_word' id='word_1_485' title='bbox 2201 2591 2291 2647; x_wconf 85' lang='lat' dir='ltr'><strong>:id</strong></span> <span class='ocrx_word' id='word_1_486' title='bbox 2316 2592 2429 2662; x_wconf 86' lang='lat' dir='ltr'><strong>jam</strong></span> <span class='ocrx_word' id='word_1_487' title='bbox 2466 2608 2587 2663; x_wconf 89' lang='lat' dir='ltr'><strong>cap.</strong></span> <span class='ocrx_word' id='word_1_488' title='bbox 2622 2593 2655 2646; x_wconf 76' lang='grc'>4</span> <span class='ocrx_word' id='word_1_489' title='bbox 2684 2593 2886 2647; x_wconf 88' lang='lat' dir='ltr'><strong>diserte</strong></span> <span class='ocrx_word' id='word_1_490' title='bbox 2912 2592 3251 2647; x_wconf 87' lang='lat' dir='ltr'><strong>enuntiatur.</strong></span> <span class='ocrx_word' id='word_1_491' title='bbox 3285 2592 3486 2647; x_wconf 73' lang='lat' dir='ltr'><strong>Verum</strong></span> 
     </span>
    </p>
   </div>
   <div class='ocr_carea' id='block_1_69' title="bbox 1896 2682 3533 2754">
    <p class='ocr_par' dir='ltr' id='par_1_69' title="bbox 1896 2682 3533 2754">
     <span class='ocr_line' id='line_1_69' title="bbox 1896 2682 3533 2754; baseline 0.002 -18"><span class='ocrx_word' id='word_1_492' title='bbox 1896 2682 1949 2737; x_wconf 90' lang='lat' dir='ltr'><strong>id</strong></span> <span class='ocrx_word' id='word_1_493' title='bbox 1981 2683 2131 2738; x_wconf 81' lang='lat' dir='ltr'><strong>nullo</strong></span> <span class='ocrx_word' id='word_1_494' title='bbox 2157 2684 2317 2738; x_wconf 91' lang='lat' dir='ltr'><strong>modo</strong></span> <span class='ocrx_word' id='word_1_495' title='bbox 2355 2685 2568 2738; x_wconf 87' lang='lat' dir='ltr'><strong>ostendi</strong></span> <span class='ocrx_word' id='word_1_496' title='bbox 2599 2700 2778 2754; x_wconf 86' lang='lat' dir='ltr'><strong>posse,</strong></span> <span class='ocrx_word' id='word_1_497' title='bbox 2812 2684 2921 2739; x_wconf 89' lang='lat' dir='ltr'><strong>imo</strong></span> <span class='ocrx_word' id='word_1_498' title='bbox 2971 2683 3324 2740; x_wconf 83' lang='lat' dir='ltr'><strong>falsissimum</strong></span> <span class='ocrx_word' id='word_1_499' title='bbox 3364 2700 3489 2739; x_wconf 89' lang='lat' dir='ltr'><strong>esse</strong></span> <span class='ocrx_word' id='word_1_500' title='bbox 3521 2721 3533 2727; x_wconf 83' lang='lat'><strong>-</strong></span> 
     </span>
    </p>
   </div>
   <div class='ocr_carea' id='block_1_70' title="bbox 1896 2775 3489 2845">
    <p class='ocr_par' dir='ltr' id='par_1_70' title="bbox 1896 2775 3489 2845">
     <span class='ocr_line' id='line_1_70' title="bbox 1896 2775 3489 2845; baseline 0.001 -16"><span class='ocrx_word' id='word_1_501' title='bbox 1896 2775 2252 2830; x_wconf 87' lang='lat' dir='ltr'><strong>manifestum</strong></span> <span class='ocrx_word' id='word_1_502' title='bbox 2293 2783 2398 2841; x_wconf 91' lang='lat' dir='ltr'><strong>est,</strong></span> <span class='ocrx_word' id='word_1_503' title='bbox 2431 2791 2556 2831; x_wconf 89' lang='lat' dir='ltr'><strong>cum</strong></span> <span class='ocrx_word' id='word_1_504' title='bbox 2582 2776 2740 2830; x_wconf 85' lang='lat' dir='ltr'><strong>Pater</strong></span> <span class='ocrx_word' id='word_1_505' title='bbox 2769 2785 2826 2831; x_wconf 91' lang='lat' dir='ltr'><strong>et</strong></span> <span class='ocrx_word' id='word_1_506' title='bbox 2875 2776 3046 2832; x_wconf 89' lang='lat' dir='ltr'><strong>Filius</strong></span> <span class='ocrx_word' id='word_1_507' title='bbox 3083 2776 3140 2830; x_wconf 93' lang='lat' dir='ltr'><strong>in</strong></span> <span class='ocrx_word' id='word_1_508' title='bbox 3184 2775 3489 2845; x_wconf 86' lang='lat' dir='ltr'><strong>spiratione</strong></span> 
     </span>
    </p>
   </div>
   <div class='ocr_carea' id='block_1_71' title="bbox 1899 2867 3494 2938">
    <p class='ocr_par' dir='ltr' id='par_1_71' title="bbox 1899 2867 3494 2938">
     <span class='ocr_line' id='line_1_71' title="bbox 1899 2867 3494 2938; baseline 0.003 -17"><span class='ocrx_word' id='word_1_509' title='bbox 1899 2867 2119 2922; x_wconf 88' lang='lat' dir='ltr'><strong>nonnisi</strong></span> <span class='ocrx_word' id='word_1_510' title='bbox 2171 2885 2337 2921; x_wconf 84' lang='lat' dir='ltr'><strong>unum</strong></span> <span class='ocrx_word' id='word_1_511' title='bbox 2395 2868 2647 2924; x_wconf 84' lang='lat' dir='ltr'><strong>dicantur</strong></span> <span class='ocrx_word' id='word_1_512' title='bbox 2671 2869 3015 2938; x_wconf 81' lang='lat' dir='ltr'><strong>principium,</strong></span> <span class='ocrx_word' id='word_1_513' title='bbox 3035 2883 3140 2923; x_wconf 91' lang='lat' dir='ltr'><strong>nec</strong></span> <span class='ocrx_word' id='word_1_514' title='bbox 3191 2869 3403 2938; x_wconf 89' lang='lat' dir='ltr'><strong>spirent</strong></span> <span class='ocrx_word' id='word_1_515' title='bbox 3429 2879 3494 2925; x_wconf 73' lang='lat' dir='ltr'><strong>ut</strong></span> 
     </span>
    </p>
   </div>
   <div class='ocr_carea' id='block_1_72' title="bbox 1901 2960 3492 3030">
    <p class='ocr_par' dir='ltr' id='par_1_72' title="bbox 1901 2960 3492 3030">
     <span class='ocr_line' id='line_1_72' title="bbox 1901 2960 3492 3030; baseline 0.002 -16"><span class='ocrx_word' id='word_1_516' title='bbox 1901 2960 2227 3030; x_wconf 82' lang='lat' dir='ltr'><strong>hypostases</strong></span> <span class='ocrx_word' id='word_1_517' title='bbox 2266 2961 2561 3025; x_wconf 68' lang='lat' dir='ltr'><strong>distincta),</strong></span> <span class='ocrx_word' id='word_1_518' title='bbox 2592 2977 2697 3016; x_wconf 90' lang='lat' dir='ltr'><strong>nec</strong></span> <span class='ocrx_word' id='word_1_519' title='bbox 2751 2977 2819 3017; x_wconf 88' lang='lat' dir='ltr'><strong>ex</strong></span> <span class='ocrx_word' id='word_1_520' title='bbox 2862 2961 3197 3017; x_wconf 87' lang='lat' dir='ltr'><strong>distinctivis</strong></span> <span class='ocrx_word' id='word_1_521' title='bbox 3230 2961 3362 3025; x_wconf 83' lang='lat' dir='ltr'><strong>suis,</strong></span> <span class='ocrx_word' id='word_1_522' title='bbox 3392 2963 3492 3017; x_wconf 89' lang='lat' dir='ltr'><strong>sed</strong></span> 
     </span>
    </p>
   </div>
   <div class='ocr_carea' id='block_1_73' title="bbox 1902 3052 3492 3119">
    <p class='ocr_par' dir='ltr' id='par_1_73' title="bbox 1902 3052 3492 3119">
     <span class='ocr_line' id='line_1_73' title="bbox 1902 3052 3492 3119; baseline 0.001 -12"><span class='ocrx_word' id='word_1_523' title='bbox 1902 3068 1969 3107; x_wconf 83' lang='lat' dir='ltr'><strong>ex</strong></span> <span class='ocrx_word' id='word_1_524' title='bbox 1987 3054 2389 3108; x_wconf 74' lang='lat' dir='ltr'><strong>communibus</strong></span> <span class='ocrx_word' id='word_1_525' title='bbox 2422 3054 2827 3109; x_wconf 85' lang='lat' dir='ltr'><strong>essentiaiibus.</strong></span> <span class='ocrx_word' id='word_1_526' title='bbox 2857 3052 3333 3119; x_wconf 82' lang='lat' dir='ltr'><strong>Quemadmodum</strong></span> <span class='ocrx_word' id='word_1_527' title='bbox 3359 3071 3492 3109; x_wconf 85' lang='lat' dir='ltr'><strong>con-</strong></span> 
     </span>
    </p>
   </div>
   <div class='ocr_carea' id='block_1_74' title="bbox 1900 3145 3494 3217">
    <p class='ocr_par' dir='ltr' id='par_1_74' title="bbox 1900 3145 3494 3217">
     <span class='ocr_line' id='line_1_74' title="bbox 1900 3145 3494 3217; baseline 0.001 -17"><span class='ocrx_word' id='word_1_528' title='bbox 1900 3145 2089 3200; x_wconf 82' lang='lat' dir='ltr'><strong>cilium</strong></span> <span class='ocrx_word' id='word_1_529' title='bbox 2139 3145 2507 3216; x_wconf 78' lang='lat' dir='ltr'><strong>Lugdunense</strong></span> <span class='ocrx_word' id='word_1_530' title='bbox 2549 3163 2587 3201; x_wconf 83' lang='grc' dir='ltr'><strong>ιι</strong></span> <span class='ocrx_word' id='word_1_531' title='bbox 2640 3147 2818 3213; x_wconf 86' lang='lat' dir='ltr'><strong>docet,</strong></span> <span class='ocrx_word' id='word_1_532' title='bbox 2846 3146 3111 3217; x_wconf 84' lang='lat' dir='ltr'><strong>Spiritum</strong></span> <span class='ocrx_word' id='word_1_533' title='bbox 3143 3159 3391 3202; x_wconf 81' lang='lat' dir='ltr'><strong>sanctum</strong></span> <span class='ocrx_word' id='word_1_534' title='bbox 3422 3164 3494 3203; x_wconf 86' lang='lat' dir='ltr'><strong>ex</strong></span> 
     </span>
    </p>
   </div>
   <div class='ocr_carea' id='block_1_75' title="bbox 1902 3235 3496 3307">
    <p class='ocr_par' dir='ltr' id='par_1_75' title="bbox 1902 3235 3496 3307">
     <span class='ocr_line' id='line_1_75' title="bbox 1902 3235 3496 3307; baseline 0.001 -18"><span class='ocrx_word' id='word_1_535' title='bbox 1902 3235 2067 3290; x_wconf 85' lang='lat' dir='ltr'><strong>Patre</strong></span> <span class='ocrx_word' id='word_1_536' title='bbox 2101 3244 2155 3290; x_wconf 87' lang='lat' dir='ltr'><strong>et</strong></span> <span class='ocrx_word' id='word_1_537' title='bbox 2185 3236 2320 3291; x_wconf 87' lang='lat' dir='ltr'><strong>Filio</strong></span> <span class='ocrx_word' id='word_1_538' title='bbox 2358 3236 2691 3291; x_wconf 67' lang='lat' dir='ltr'><strong>aaternaliter</strong></span> <span class='ocrx_word' id='word_1_539' title='bbox 2720 3252 2831 3291; x_wconf 86' lang='lat' dir='ltr'><strong>non</strong></span> <span class='ocrx_word' id='word_1_540' title='bbox 2885 3246 3141 3307; x_wconf 86' lang='lat' dir='ltr'><strong>tanquam</strong></span> <span class='ocrx_word' id='word_1_541' title='bbox 3173 3253 3239 3291; x_wconf 82' lang='lat' dir='ltr'><strong>ex</strong></span> <span class='ocrx_word' id='word_1_542' title='bbox 3277 3237 3496 3291; x_wconf 83' lang='lat' dir='ltr'><strong>duobus</strong></span> 
     </span>
    </p>
   </div>
   <div class='ocr_carea' id='block_1_76' title="bbox 1903 3328 3495 3399">
    <p class='ocr_par' dir='ltr' id='par_1_76' title="bbox 1903 3328 3495 3399">
     <span class='ocr_line' id='line_1_76' title="bbox 1903 3328 3495 3399; baseline 0.001 -17"><span class='ocrx_word' id='word_1_543' title='bbox 1903 3328 2210 3399; x_wconf 86' lang='lat' dir='ltr'><strong>principiis,</strong></span> <span class='ocrx_word' id='word_1_544' title='bbox 2267 3329 2362 3383; x_wconf 91' lang='lat' dir='ltr'><strong>sed</strong></span> <span class='ocrx_word' id='word_1_545' title='bbox 2418 3337 2679 3397; x_wconf 87' lang='lat' dir='ltr'><strong>tanquam</strong></span> <span class='ocrx_word' id='word_1_546' title='bbox 2731 3329 2799 3384; x_wconf 89' lang='lat' dir='ltr'><strong>ab</strong></span> <span class='ocrx_word' id='word_1_547' title='bbox 2860 3345 2971 3383; x_wconf 91' lang='lat' dir='ltr'><strong>uno</strong></span> <span class='ocrx_word' id='word_1_548' title='bbox 3041 3329 3333 3399; x_wconf 91' lang='lat' dir='ltr'><strong>principio,</strong></span> <span class='ocrx_word' id='word_1_549' title='bbox 3380 3344 3495 3384; x_wconf 80' lang='lat' dir='ltr'><strong>non</strong></span> 
     </span>
    </p>
   </div>
   <div class='ocr_carea' id='block_1_77' title="bbox 1902 3418 3496 3495">
    <p class='ocr_par' dir='ltr' id='par_1_77' title="bbox 1902 3418 3496 3495">
     <span class='ocr_line' id='line_1_77' title="bbox 1902 3418 3496 3495; baseline 0.001 -22"><span class='ocrx_word' id='word_1_550' title='bbox 1902 3420 2115 3474; x_wconf 89' lang='lat' dir='ltr'><strong>duabus</strong></span> <span class='ocrx_word' id='word_1_551' title='bbox 2144 3418 2553 3489; x_wconf 89' lang='lat' dir='ltr'><strong>spirationibus,</strong></span> <span class='ocrx_word' id='word_1_552' title='bbox 2576 3419 2668 3495; x_wconf 56' lang='grc' dir='ltr'><strong>δῷ</strong></span> <span class='ocrx_word' id='word_1_553' title='bbox 2693 3420 2850 3474; x_wconf 89' lang='lat' dir='ltr'><strong>unica</strong></span> <span class='ocrx_word' id='word_1_554' title='bbox 2874 3420 3170 3490; x_wconf 86' lang='lat' dir='ltr'><strong>spiratione</strong></span> <span class='ocrx_word' id='word_1_555' title='bbox 3193 3420 3496 3489; x_wconf 85' lang='lat' dir='ltr'><strong>procedere</strong></span> 
     </span>
    </p>
   </div>
   <div class='ocr_carea' id='block_1_78' title="bbox 1907 3510 3495 3586">
    <p class='ocr_par' dir='ltr' id='par_1_78' title="bbox 1907 3510 3495 3586">
     <span class='ocr_line' id='line_1_78' title="bbox 1907 3510 3495 3586; baseline -0.001 -20"><span class='ocrx_word' id='word_1_556' title='bbox 1907 3512 2096 3586; x_wconf 86' lang='lat' dir='ltr'><strong>(Hard.</strong></span> <span class='ocrx_word' id='word_1_557' title='bbox 2143 3510 2254 3575; x_wconf 75' lang='lat' dir='ltr'><strong>Vll,</strong></span> <span class='ocrx_word' id='word_1_558' title='bbox 2287 3510 2412 3582; x_wconf 81' lang='lat'><strong>680)</strong></span> <span class='ocrx_word' id='word_1_559' title='bbox 2441 3521 2498 3565; x_wconf 92' lang='lat' dir='ltr'><strong>et</strong></span> <span class='ocrx_word' id='word_1_560' title='bbox 2526 3512 2901 3566; x_wconf 85' lang='lat' dir='ltr'><strong>Florentinum</strong></span> <span class='ocrx_word' id='word_1_561' title='bbox 2931 3513 3064 3567; x_wconf 91' lang='lat' dir='ltr'><strong>illud</strong></span> <span class='ocrx_word' id='word_1_562' title='bbox 3095 3512 3173 3575; x_wconf 81' lang='grc' dir='ltr'><strong>ὡς</strong></span> <span class='ocrx_word' id='word_1_563' title='bbox 3205 3512 3313 3565; x_wconf 84' lang='grc' dir='ltr'><strong>ἀπὸ</strong></span> <span class='ocrx_word' id='word_1_564' title='bbox 3363 3514 3495 3582; x_wconf 81' lang='grc' dir='ltr'><strong>μιᾶς</strong></span> 
     </span>
    </p>
   </div>
   <div class='ocr_carea' id='block_1_79' title="bbox 1899 3601 3493 3674">
    <p class='ocr_par' dir='ltr' id='par_1_79' title="bbox 1899 3601 3493 3674">
     <span class='ocr_line' id='line_1_79' title="bbox 1899 3601 3493 3674; baseline 0.001 -18"><span class='ocrx_word' id='word_1_565' title='bbox 1899 3604 2083 3674; x_wconf 82' lang='grc' dir='ltr'><strong>ἀρχῆς</strong></span> <span class='ocrx_word' id='word_1_566' title='bbox 2142 3605 2236 3656; x_wconf 78' lang='grc' dir='ltr'><strong>καὶ</strong></span> <span class='ocrx_word' id='word_1_567' title='bbox 2271 3601 2570 3671; x_wconf 80' lang='grc' dir='ltr'><strong>μοναδικῆς</strong></span> <span class='ocrx_word' id='word_1_568' title='bbox 2615 3603 2891 3672; x_wconf 68' lang='grc' dir='ltr'><strong>προϐολῆς</strong></span> <span class='ocrx_word' id='word_1_569' title='bbox 2941 3618 3159 3657; x_wconf 90' lang='lat' dir='ltr'><strong>rursum</strong></span> <span class='ocrx_word' id='word_1_570' title='bbox 3209 3602 3493 3658; x_wconf 83' lang='lat' dir='ltr'><strong>inculcat:</strong></span> 
     </span>
    </p>
   </div>
   <div class='ocr_carea' id='block_1_80' title="bbox 1904 3676 3493 3765">
    <p class='ocr_par' dir='ltr' id='par_1_80' title="bbox 1904 3676 3493 3765">
     <span class='ocr_line' id='line_1_80' title="bbox 1904 3676 3493 3765; baseline 0.002 -16"><span class='ocrx_word' id='word_1_571' title='bbox 1904 3695 1980 3750; x_wconf 88' lang='lat' dir='ltr'><strong>ita</strong></span> <span class='ocrx_word' id='word_1_572' title='bbox 2015 3710 2230 3765; x_wconf 90' lang='lat' dir='ltr'><strong>semper</strong></span> <span class='ocrx_word' id='word_1_573' title='bbox 2260 3694 2505 3750; x_wconf 86' lang='lat' dir='ltr'><strong>Ecclesia</strong></span> <span class='ocrx_word' id='word_1_574' title='bbox 2529 3694 2721 3749; x_wconf 84' lang='lat' dir='ltr'><strong>Latina</strong></span> <span class='ocrx_word' id='word_1_575' title='bbox 2770 3695 2968 3760; x_wconf 85' lang='lat' dir='ltr'><strong>tenuit,</strong></span> <span class='ocrx_word' id='word_1_576' title='bbox 3006 3696 3129 3765; x_wconf 89' lang='lat' dir='ltr'><strong>ejus</strong></span> <span class='ocrx_word' id='word_1_577' title='bbox 3188 3695 3376 3750; x_wconf 88' lang='lat' dir='ltr'><strong>Patres</strong></span> <span class='ocrx_word' id='word_1_578' title='bbox 3426 3676 3493 3752; x_wconf 76' lang='lat' dir='ltr'><strong>ac</strong></span> 
     </span>
    </p>
   </div>
   <div class='ocr_carea' id='block_1_81' title="bbox 1909 3774 3496 3859">
    <p class='ocr_par' dir='ltr' id='par_1_81' title="bbox 1909 3774 3496 3859">
     <span class='ocr_line' id='line_1_81' title="bbox 1909 3774 3496 3859; baseline -0.001 -17"><span class='ocrx_word' id='word_1_579' title='bbox 1909 3787 2145 3859; x_wconf 80' lang='lat' dir='ltr'><strong>theologi</strong></span> <span class='ocrx_word' id='word_1_580' title='bbox 2180 3788 2275 3843; x_wconf 92' lang='lat' dir='ltr'><strong>diu</strong></span> <span class='ocrx_word' id='word_1_581' title='bbox 2299 3796 2428 3842; x_wconf 82' lang='lat' dir='ltr'><strong>ante</strong></span> <span class='ocrx_word' id='word_1_582' title='bbox 2456 3787 2785 3842; x_wconf 86' lang='lat' dir='ltr'><strong>docuerunt.</strong></span> <span class='ocrx_word' id='word_1_583' title='bbox 2830 3785 2985 3857; x_wconf 85' lang='lat' dir='ltr'><strong>llugo</strong></span> <span class='ocrx_word' id='word_1_584' title='bbox 3007 3774 3338 3841; x_wconf 63' lang='lat' dir='ltr'><strong>lithcrianus</strong></span> <span class='ocrx_word' id='word_1_585' title='bbox 3362 3787 3420 3856; x_wconf 93' lang='lat' dir='ltr'><strong>(l.</strong></span> <span class='ocrx_word' id='word_1_586' title='bbox 3456 3804 3496 3854; x_wconf 80' lang='grc' dir='ltr'><strong>ι,</strong></span> 
     </span>
    </p>
   </div>
   <div class='ocr_carea' id='block_1_82' title="bbox 1903 3860 3501 3951">
    <p class='ocr_par' dir='ltr' id='par_1_82' title="bbox 1903 3860 3501 3951">
     <span class='ocr_line' id='line_1_82' title="bbox 1903 3860 3501 3951; baseline -0.002 -15"><span class='ocrx_word' id='word_1_587' title='bbox 1903 3896 1959 3936; x_wconf 89' lang='lat' dir='ltr'><strong>c.</strong></span> <span class='ocrx_word' id='word_1_588' title='bbox 2006 3881 2062 3943; x_wconf 74' lang='lat' dir='ltr'><strong>t,</strong></span> <span class='ocrx_word' id='word_1_589' title='bbox 2092 3872 2149 3950; x_wconf 72' lang='grc' dir='ltr'>ι).</span> <span class='ocrx_word' id='word_1_590' title='bbox 2189 3860 2533 3951; x_wconf 76' lang='grc' dir='ltr'><strong>1201ὑ.)ε‹</strong></span> <span class='ocrx_word' id='word_1_591' title='bbox 2572 3879 2691 3933; x_wconf 83' lang='grc' dir='ltr'>Νοιι</span> <span class='ocrx_word' id='word_1_592' title='bbox 2743 3880 2918 3943; x_wconf 89' lang='lat' dir='ltr'><strong>enim,</strong></span> <span class='ocrx_word' id='word_1_593' title='bbox 2952 3879 3151 3948; x_wconf 86' lang='lat' dir='ltr'><strong>inquit.</strong></span> <span class='ocrx_word' id='word_1_594' title='bbox 3178 3879 3501 3949; x_wconf 87' lang='lat' dir='ltr'><strong>simpliciter</strong></span> 
     </span>
    </p>
   </div>
   <div class='ocr_carea' id='block_1_83' title="bbox 1904 3970 3501 4043">
    <p class='ocr_par' dir='ltr' id='par_1_83' title="bbox 1904 3970 3501 4043">
     <span class='ocr_line' id='line_1_83' title="bbox 1904 3970 3501 4043; baseline 0.002 -18"><span class='ocrx_word' id='word_1_595' title='bbox 1904 3972 2086 4042; x_wconf 88' lang='lat' dir='ltr'><strong>aliqua</strong></span> <span class='ocrx_word' id='word_1_596' title='bbox 2120 3971 2231 4025; x_wconf 89' lang='lat' dir='ltr'><strong>duo.</strong></span> <span class='ocrx_word' id='word_1_597' title='bbox 2259 3980 2388 4026; x_wconf 90' lang='lat' dir='ltr'><strong>sunt</strong></span> <span class='ocrx_word' id='word_1_598' title='bbox 2416 3971 2579 4026; x_wconf 88' lang='lat' dir='ltr'><strong>Pater</strong></span> <span class='ocrx_word' id='word_1_599' title='bbox 2606 3980 2663 4025; x_wconf 90' lang='lat' dir='ltr'><strong>et</strong></span> <span class='ocrx_word' id='word_1_600' title='bbox 2694 3970 2882 4037; x_wconf 81' lang='lat' dir='ltr'><strong>Filius,</strong></span> <span class='ocrx_word' id='word_1_601' title='bbox 2917 3986 2985 4035; x_wconf 86' lang='lat' dir='ltr'><strong>ex</strong></span> <span class='ocrx_word' id='word_1_602' title='bbox 3024 3972 3222 4042; x_wconf 86' lang='lat' dir='ltr'><strong>quibus</strong></span> <span class='ocrx_word' id='word_1_603' title='bbox 3247 3974 3501 4043; x_wconf 82' lang='lat' dir='ltr'><strong>provenit</strong></span> 
     </span>
    </p>
   </div>
   <div class='ocr_carea' id='block_1_84' title="bbox 1908 4048 3496 4136">
    <p class='ocr_par' dir='ltr' id='par_1_84' title="bbox 1908 4048 3496 4136">
     <span class='ocr_line' id='line_1_84' title="bbox 1908 4048 3496 4136; baseline 0.001 -17"><span class='ocrx_word' id='word_1_604' title='bbox 1908 4063 2150 4135; x_wconf 90' lang='lat' dir='ltr'><strong>Spiritus</strong></span> <span class='ocrx_word' id='word_1_605' title='bbox 2175 4048 2419 4119; x_wconf 55' lang='lat' dir='ltr'><strong>sanctus:</strong></span> <span class='ocrx_word' id='word_1_606' title='bbox 2444 4064 2577 4119; x_wconf 85' lang='lat' dir='ltr'><strong>Nam</strong></span> <span class='ocrx_word' id='word_1_607' title='bbox 2611 4080 2790 4134; x_wconf 83' lang='lat' dir='ltr'><strong>neque</strong></span> <span class='ocrx_word' id='word_1_608' title='bbox 2821 4064 2944 4120; x_wconf 64' lang='lat' dir='ltr'><strong>duae</strong></span> <span class='ocrx_word' id='word_1_609' title='bbox 2969 4080 3054 4120; x_wconf 91' lang='lat' dir='ltr'><strong>res</strong></span> <span class='ocrx_word' id='word_1_610' title='bbox 3087 4065 3307 4136; x_wconf 82' lang='lat' dir='ltr'><strong>proprie</strong></span> <span class='ocrx_word' id='word_1_611' title='bbox 3346 4076 3496 4129; x_wconf 88' lang='lat' dir='ltr'><strong>sunt,</strong></span> 
     </span>
    </p>
   </div>
   <div class='ocr_carea' id='block_1_85' title="bbox 1914 4155 3500 4226">
    <p class='ocr_par' dir='ltr' id='par_1_85' title="bbox 1914 4155 3500 4226">
     <span class='ocr_line' id='line_1_85' title="bbox 1914 4155 3500 4226; baseline 0.001 -15"><span class='ocrx_word' id='word_1_612' title='bbox 1914 4158 2011 4211; x_wconf 90' lang='lat' dir='ltr'><strong>sed</strong></span> <span class='ocrx_word' id='word_1_613' title='bbox 2040 4172 2168 4223; x_wconf 89' lang='lat' dir='ltr'><strong>una,</strong></span> <span class='ocrx_word' id='word_1_614' title='bbox 2197 4172 2381 4225; x_wconf 82' lang='lat' dir='ltr'><strong>neque</strong></span> <span class='ocrx_word' id='word_1_615' title='bbox 2406 4156 2527 4211; x_wconf 76' lang='lat' dir='ltr'><strong>dua:</strong></span> <span class='ocrx_word' id='word_1_616' title='bbox 2553 4155 2896 4218; x_wconf 70' lang='lat' dir='ltr'><strong>substantiae,</strong></span> <span class='ocrx_word' id='word_1_617' title='bbox 2913 4156 3005 4211; x_wconf 89' lang='lat' dir='ltr'><strong>sed</strong></span> <span class='ocrx_word' id='word_1_618' title='bbox 3030 4172 3161 4221; x_wconf 88' lang='lat' dir='ltr'><strong>una,</strong></span> <span class='ocrx_word' id='word_1_619' title='bbox 3191 4171 3370 4226; x_wconf 89' lang='lat' dir='ltr'><strong>neque</strong></span> <span class='ocrx_word' id='word_1_620' title='bbox 3390 4157 3500 4212; x_wconf 92' lang='lat' dir='ltr'><strong>duo</strong></span> 
     </span>
    </p>
   </div>
   <div class='ocr_carea' id='block_1_86' title="bbox 1917 4241 3501 4323">
    <p class='ocr_par' dir='ltr' id='par_1_86' title="bbox 1917 4241 3501 4323">
     <span class='ocr_line' id='line_1_86' title="bbox 1917 4241 3501 4323; baseline 0.001 -20"><span class='ocrx_word' id='word_1_621' title='bbox 1917 4250 2321 4321; x_wconf 80' lang='lat' dir='ltr'><strong>principia,sed</strong></span> <span class='ocrx_word' id='word_1_622' title='bbox 2344 4267 2585 4305; x_wconf 91' lang='lat' dir='ltr'><strong>unum...</strong></span> <span class='ocrx_word' id='word_1_623' title='bbox 2618 4241 3088 4323; x_wconf 72' lang='lat' dir='ltr'><strong>lgittlrIZ|7lcum</strong></span> <span class='ocrx_word' id='word_1_624' title='bbox 3118 4252 3203 4306; x_wconf 72' lang='lat' dir='ltr'><strong>ha:</strong></span> <span class='ocrx_word' id='word_1_625' title='bbox 3227 4252 3349 4307; x_wconf 65' lang='lat' dir='ltr'><strong>duae</strong></span> <span class='ocrx_word' id='word_1_626' title='bbox 3372 4268 3501 4322; x_wconf 86' lang='lat' dir='ltr'><strong>per-</strong></span> 
     </span>
    </p>
   </div>
   <div class='ocr_carea' id='block_1_87' title="bbox 1921 4343 3497 4414">
    <p class='ocr_par' dir='ltr' id='par_1_87' title="bbox 1921 4343 3497 4414">
     <span class='ocr_line' id='line_1_87' title="bbox 1921 4343 3497 4414; baseline -0.001 -16"><span class='ocrx_word' id='word_1_627' title='bbox 1921 4359 2070 4398; x_wconf 71' lang='lat' dir='ltr'><strong>sonae</strong></span> <span class='ocrx_word' id='word_1_628' title='bbox 2089 4360 2200 4399; x_wconf 90' lang='lat' dir='ltr'><strong>non</strong></span> <span class='ocrx_word' id='word_1_629' title='bbox 2235 4344 2471 4400; x_wconf 89' lang='lat' dir='ltr'><strong>sintduo</strong></span> <span class='ocrx_word' id='word_1_630' title='bbox 2501 4344 2793 4413; x_wconf 82' lang='lat' dir='ltr'><strong>principia,</strong></span> <span class='ocrx_word' id='word_1_631' title='bbox 2820 4359 2998 4413; x_wconf 86' lang='lat' dir='ltr'><strong>neque</strong></span> <span class='ocrx_word' id='word_1_632' title='bbox 3017 4343 3125 4398; x_wconf 83' lang='lat' dir='ltr'><strong>duo</strong></span> <span class='ocrx_word' id='word_1_633' title='bbox 3154 4343 3497 4414; x_wconf 81' lang='lat' dir='ltr'><strong>simpliciter,</strong></span> 
     </span>
    </p>
   </div>
   <div class='ocr_carea' id='block_1_88' title="bbox 1911 4432 3502 4504">
    <p class='ocr_par' dir='ltr' id='par_1_88' title="bbox 1911 4432 3502 4504">
     <span class='ocr_line' id='line_1_88' title="bbox 1911 4432 3502 4504; baseline -0.002 -15"><span class='ocrx_word' id='word_1_634' title='bbox 1911 4435 2267 4490; x_wconf 87' lang='lat' dir='ltr'><strong>manifestum</strong></span> <span class='ocrx_word' id='word_1_635' title='bbox 2294 4442 2403 4502; x_wconf 84' lang='lat' dir='ltr'><strong>est,</strong></span> <span class='ocrx_word' id='word_1_636' title='bbox 2426 4434 2689 4504; x_wconf 86' lang='lat' dir='ltr'><strong>quidquid</strong></span> <span class='ocrx_word' id='word_1_637' title='bbox 2712 4434 2784 4488; x_wconf 84' lang='lat' dir='ltr'><strong>ab</strong></span> <span class='ocrx_word' id='word_1_638' title='bbox 2802 4432 2867 4486; x_wconf 90' lang='lat' dir='ltr'><strong>iis</strong></span> <span class='ocrx_word' id='word_1_639' title='bbox 2894 4433 3165 4502; x_wconf 75' lang='lat' dir='ltr'><strong>provenit,</strong></span> <span class='ocrx_word' id='word_1_640' title='bbox 3191 4449 3257 4486; x_wconf 88' lang='lat' dir='ltr'><strong>ex</strong></span> <span class='ocrx_word' id='word_1_641' title='bbox 3286 4433 3502 4487; x_wconf 86' lang='lat' dir='ltr'><strong>duobus</strong></span> 
     </span>
    </p>
   </div>
   <div class='ocr_carea' id='block_1_89' title="bbox 219 4518 1798 4615">
    <p class='ocr_par' dir='ltr' id='par_1_89' title="bbox 219 4518 1798 4592">
     <span class='ocr_line' id='line_1_89' title="bbox 219 4518 1798 4592; baseline -0.001 -18"><span class='ocrx_word' id='word_1_642' title='bbox 219 4525 531 4592; x_wconf 75' lang='lat' dir='ltr'><strong>rcptionem</strong></span> <span class='ocrx_word' id='word_1_643' title='bbox 589 4523 849 4578; x_wconf 88' lang='lat' dir='ltr'><strong>ostendit.</strong></span> <span class='ocrx_word' id='word_1_644' title='bbox 906 4520 1249 4589; x_wconf 82' lang='lat' dir='ltr'><strong>Quocunque</strong></span> <span class='ocrx_word' id='word_1_645' title='bbox 1291 4518 1513 4573; x_wconf 91' lang='lat' dir='ltr'><strong>demum</strong></span> <span class='ocrx_word' id='word_1_646' title='bbox 1559 4526 1798 4589; x_wconf 81' lang='lat' dir='ltr'><strong>tempore</strong></span> 
     </span>
    </p>
   </div>
   <div class='ocr_carea' id='block_1_90' title="bbox 1906 4518 3500 4615">
    <p class='ocr_par' dir='ltr' id='par_1_90' title="bbox 1912 4524 3500 4615">
     <span class='ocr_line' id='line_1_90' title="bbox 1912 4524 3500 4615; baseline -0.004 -31"><span class='ocrx_word' id='word_1_647' title='bbox 1912 4529 2139 4584; x_wconf 91' lang='lat' dir='ltr'><strong>minime</strong></span> <span class='ocrx_word' id='word_1_648' title='bbox 2166 4529 2386 4615; x_wconf 62' lang='lat' dir='ltr'><strong>prodire</strong></span> <span class='ocrx_word' id='word_1_649' title='bbox 2410 4526 2720 4599; x_wconf 87' lang='lat' dir='ltr'><strong>principiis,</strong></span> <span class='ocrx_word' id='word_1_650' title='bbox 2783 4527 2963 4597; x_wconf 89' lang='lat' dir='ltr'><strong>posito</strong></span> <span class='ocrx_word' id='word_1_651' title='bbox 2991 4535 3048 4579; x_wconf 88' lang='lat' dir='ltr'><strong>et</strong></span> <span class='ocrx_word' id='word_1_652' title='bbox 3086 4540 3349 4579; x_wconf 86' lang='lat' dir='ltr'><strong>concesso</strong></span> <span class='ocrx_word' id='word_1_653' title='bbox 3371 4524 3500 4595; x_wconf 84' lang='lat' dir='ltr'><strong>Spi-</strong></span> 
     </span>
    </p>
   </div>
   <div class='ocr_carea' id='block_1_91' title="bbox 220 4609 1808 4683">
    <p class='ocr_par' dir='ltr' id='par_1_91' title="bbox 220 4609 1808 4683">
     <span class='ocr_line' id='line_1_91' title="bbox 220 4609 1808 4683; baseline 0 -18"><span class='ocrx_word' id='word_1_654' title='bbox 220 4612 463 4669; x_wconf 77' lang='lat' dir='ltr'><strong>Romana</strong></span> <span class='ocrx_word' id='word_1_655' title='bbox 480 4615 727 4670; x_wconf 82' lang='lat' dir='ltr'><strong>Ecclesia</strong></span> <span class='ocrx_word' id='word_1_656' title='bbox 750 4615 804 4668; x_wconf 89' lang='lat' dir='ltr'><strong>in</strong></span> <span class='ocrx_word' id='word_1_657' title='bbox 835 4613 962 4669; x_wconf 90' lang='lat' dir='ltr'><strong>ﬁdei</strong></span> <span class='ocrx_word' id='word_1_658' title='bbox 983 4611 1382 4683; x_wconf 80' lang='lat' dir='ltr'><strong>professionem</strong></span> <span class='ocrx_word' id='word_1_659' title='bbox 1411 4625 1532 4665; x_wconf 90' lang='lat' dir='ltr'><strong>eam</strong></span> <span class='ocrx_word' id='word_1_660' title='bbox 1550 4609 1808 4681; x_wconf 86' lang='lat' dir='ltr'><strong>explicito</strong></span> 
     </span>
    </p>
   </div>
   <div class='ocr_carea' id='block_1_92' title="bbox 186 4698 1558 4778">
    <p class='ocr_par' dir='ltr' id='par_1_92' title="bbox 186 4698 1558 4778">
     <span class='ocr_line' id='line_1_92' title="bbox 186 4698 1558 4778; baseline -0.001 -19"><span class='ocrx_word' id='word_1_661' title='bbox 186 4698 187 4701; x_wconf 45' lang='grc'><em>“</em></span> <span class='ocrx_word' id='word_1_662' title='bbox 221 4706 476 4774; x_wconf 87' lang='lat' dir='ltr'><strong>inseruit,</strong></span> <span class='ocrx_word' id='word_1_663' title='bbox 514 4707 649 4764; x_wconf 89' lang='lat' dir='ltr'><strong>ﬁdes</strong></span> <span class='ocrx_word' id='word_1_664' title='bbox 679 4707 930 4778; x_wconf 86' lang='lat' dir='ltr'><strong>ejusdem</strong></span> <span class='ocrx_word' id='word_1_665' title='bbox 955 4721 1177 4776; x_wconf 87' lang='lat' dir='ltr'><strong>semper</strong></span> <span class='ocrx_word' id='word_1_666' title='bbox 1203 4704 1395 4760; x_wconf 82' lang='lat' dir='ltr'><strong>eadem</strong></span> <span class='ocrx_word' id='word_1_667' title='bbox 1432 4702 1558 4758; x_wconf 85' lang='lat' dir='ltr'><strong>fuit.</strong></span> 
     </span>
    </p>
   </div>
   <div class='ocr_carea' id='block_1_93' title="bbox 286 4796 1812 4870">
    <p class='ocr_par' dir='ltr' id='par_1_93' title="bbox 286 4796 1812 4870">
     <span class='ocr_line' id='line_1_93' title="bbox 286 4796 1812 4870; baseline -0.002 -14"><span class='ocrx_word' id='word_1_668' title='bbox 286 4801 377 4856; x_wconf 72' lang='grc'><strong>24.</strong></span> <span class='ocrx_word' id='word_1_669' title='bbox 408 4800 693 4870; x_wconf 85' lang='lat' dir='ltr'><strong>Superest,</strong></span> <span class='ocrx_word' id='word_1_670' title='bbox 722 4806 783 4854; x_wconf 89' lang='lat' dir='ltr'><strong>ut</strong></span> <span class='ocrx_word' id='word_1_671' title='bbox 800 4814 971 4869; x_wconf 87' lang='lat' dir='ltr'><strong>pauca</strong></span> <span class='ocrx_word' id='word_1_672' title='bbox 994 4798 1246 4853; x_wconf 89' lang='lat' dir='ltr'><strong>dicamus</strong></span> <span class='ocrx_word' id='word_1_673' title='bbox 1266 4796 1445 4866; x_wconf 84' lang='lat' dir='ltr'><strong>quoad</strong></span> <span class='ocrx_word' id='word_1_674' title='bbox 1471 4797 1619 4852; x_wconf 91' lang='lat' dir='ltr'><strong>illam</strong></span> <span class='ocrx_word' id='word_1_675' title='bbox 1642 4796 1812 4853; x_wconf 81' lang='lat' dir='ltr'><strong>schis-</strong></span> 
     </span>
    </p>
   </div>
   <div class='ocr_carea' id='block_1_94' title="bbox 223 4880 1813 4961">
    <p class='ocr_par' dir='ltr' id='par_1_94' title="bbox 223 4880 1813 4961">
     <span class='ocr_line' id='line_1_94' title="bbox 223 4880 1813 4961; baseline -0.001 -18"><span class='ocrx_word' id='word_1_676' title='bbox 223 4880 545 4946; x_wconf 85' lang='lat' dir='ltr'><strong>maticorum</strong></span> <span class='ocrx_word' id='word_1_677' title='bbox 588 4890 996 4961; x_wconf 84' lang='lat' dir='ltr'><strong>exceptionem,</strong></span> <span class='ocrx_word' id='word_1_678' title='bbox 1043 4888 1337 4944; x_wconf 90' lang='lat' dir='ltr'><strong>concilium</strong></span> <span class='ocrx_word' id='word_1_679' title='bbox 1388 4904 1475 4961; x_wconf 88' lang='grc' dir='ltr'>ιιι,</span> <span class='ocrx_word' id='word_1_680' title='bbox 1514 4897 1622 4943; x_wconf 88' lang='lat' dir='ltr'><strong>aet.</strong></span> <span class='ocrx_word' id='word_1_681' title='bbox 1678 4888 1713 4942; x_wconf 84' lang='lat'><strong>6</strong></span> <span class='ocrx_word' id='word_1_682' title='bbox 1756 4895 1813 4942; x_wconf 87' lang='lat' dir='ltr'><strong>et</strong></span> 
     </span>
    </p>
   </div>
   <div class='ocr_carea' id='block_1_95' title="bbox 218 4980 1813 5052">
    <p class='ocr_par' dir='ltr' id='par_1_95' title="bbox 218 4980 1813 5052">
     <span class='ocr_line' id='line_1_95' title="bbox 218 4980 1813 5052; baseline -0.003 -14"><span class='ocrx_word' id='word_1_683' title='bbox 218 4984 511 5039; x_wconf 83' lang='lat' dir='ltr'><strong>concilium</strong></span> <span class='ocrx_word' id='word_1_684' title='bbox 531 5000 609 5048; x_wconf 73' lang='grc' dir='ltr'><strong>ιν,</strong></span> <span class='ocrx_word' id='word_1_685' title='bbox 641 4992 748 5038; x_wconf 88' lang='lat' dir='ltr'><strong>act.</strong></span> <span class='ocrx_word' id='word_1_686' title='bbox 779 4983 812 5038; x_wconf 85' lang='lat'><strong>5</strong></span> <span class='ocrx_word' id='word_1_687' title='bbox 835 4981 931 5052; x_wconf 91' lang='lat' dir='ltr'><strong>(cf.</strong></span> <span class='ocrx_word' id='word_1_688' title='bbox 968 4980 1126 5037; x_wconf 89' lang='lat' dir='ltr'><strong>Phot.</strong></span> <span class='ocrx_word' id='word_1_689' title='bbox 1151 4996 1201 5037; x_wconf 89' lang='lat' dir='ltr'><strong>c.</strong></span> <span class='ocrx_word' id='word_1_690' title='bbox 1224 4980 1314 5050; x_wconf 76' lang='lat'><strong>80)</strong></span> <span class='ocrx_word' id='word_1_691' title='bbox 1336 4996 1555 5036; x_wconf 87' lang='lat' dir='ltr'><strong>omnem</strong></span> <span class='ocrx_word' id='word_1_692' title='bbox 1582 4980 1813 5036; x_wconf 89' lang='lat' dir='ltr'><strong>omnino</strong></span> 
     </span>
    </p>
   </div>
   <div class='ocr_carea' id='block_1_96' title="bbox 220 5072 1810 5160">
    <p class='ocr_par' dir='ltr' id='par_1_96' title="bbox 220 5072 1810 5160">
     <span class='ocr_line' id='line_1_96' title="bbox 220 5072 1810 5160; baseline -0.002 -30"><span class='ocrx_word' id='word_1_693' title='bbox 220 5073 288 5130; x_wconf 85' lang='lat' dir='ltr'><strong>ad</strong></span> <span class='ocrx_word' id='word_1_694' title='bbox 317 5073 641 5145; x_wconf 85' lang='lat' dir='ltr'><strong>Symbolum</strong></span> <span class='ocrx_word' id='word_1_695' title='bbox 688 5072 1027 5130; x_wconf 89' lang='lat' dir='ltr'><strong>additionem</strong></span> <span class='ocrx_word' id='word_1_696' title='bbox 1074 5072 1444 5144; x_wconf 88' lang='lat' dir='ltr'><strong>prohibuisse.</strong></span> <span class='ocrx_word' id='word_1_697' title='bbox 1476 5072 1583 5160; x_wconf 79' lang='lat' dir='ltr'><strong>Sed</strong></span> <span class='ocrx_word' id='word_1_698' title='bbox 1632 5072 1810 5128; x_wconf 84' lang='lat' dir='ltr'><strong>mani-</strong></span> 
     </span>
    </p>
   </div>
   <div class='ocr_carea' id='block_1_97' title="bbox 296 5261 1217 5337">
    <p class='ocr_par' dir='ltr' id='par_1_97' title="bbox 296 5261 1217 5337">
     <span class='ocr_line' id='line_1_97' title="bbox 296 5261 1217 5337; baseline -0.003 -18"><span class='ocrx_word' id='word_1_699' title='bbox 296 5262 638 5337; x_wconf 9' lang='lat' dir='ltr'><strong>(25)No_t.g9,</strong></span> <span class='ocrx_word' id='word_1_700' title='bbox 677 5263 746 5337; x_wconf 77' lang='lat' dir='ltr'><strong>ad</strong></span> <span class='ocrx_word' id='word_1_701' title='bbox 781 5278 901 5337; x_wconf 90' lang='lat' dir='ltr'><strong>cap.</strong></span> <span class='ocrx_word' id='word_1_702' title='bbox 934 5262 1093 5337; x_wconf 78' lang='lat' dir='ltr'><strong>Phot.</strong></span> <span class='ocrx_word' id='word_1_703' title='bbox 1126 5261 1217 5337; x_wconf 62' lang='grc' dir='ltr'>ιιι.</span> 
     </span>
    </p>
   </div>
   <div class='ocr_carea' id='block_1_98' title="bbox 295 5328 1809 5408">
    <p class='ocr_par' dir='ltr' id='par_1_98' title="bbox 295 5328 1809 5408">
     <span class='ocr_line' id='line_1_98' title="bbox 295 5328 1809 5408; baseline -0.006 -18"><span class='ocrx_word' id='word_1_704' title='bbox 295 5328 629 5408; x_wconf 49' lang='grc' dir='ltr'><strong>(ευ-νιος</strong></span> <span class='ocrx_word' id='word_1_705' title='bbox 675 5328 1173 5408; x_wconf 55' lang='lat' dir='ltr'><strong>Leoni&#39;s_verba_§</strong></span> <span class='ocrx_word' id='word_1_706' title='bbox 1220 5333 1469 5408; x_wconf 63' lang='lat' dir='ltr'><strong>iii.__nota</strong></span> <span class='ocrx_word' id='word_1_707' title='bbox 1515 5330 1566 5408; x_wconf 69' lang='grc'><strong>1.</strong></span> <span class='ocrx_word' id='word_1_708' title='bbox 1595 5358 1667 5369; x_wconf 91' lang='grc'><strong><em>--</em></strong></span> <span class='ocrx_word' id='word_1_709' title='bbox 1707 5328 1809 5408; x_wconf 81' lang='lat' dir='ltr'><strong>Ep.</strong></span> 
     </span>
    </p>
   </div>
   <div class='ocr_carea' id='block_1_99' title="bbox 232 5400 1810 5476">
    <p class='ocr_par' dir='ltr' id='par_1_99' title="bbox 232 5400 1810 5476">
     <span class='ocr_line' id='line_1_99' title="bbox 232 5400 1810 5476; baseline -0.003 -19"><span class='ocrx_word' id='word_1_710' title='bbox 232 5400 397 5460; x_wconf 61' lang='lat' dir='ltr'><strong>lz‘i&#39;ad</strong></span> <span class='ocrx_word' id='word_1_711' title='bbox 427 5404 635 5459; x_wconf 82' lang='lat' dir='ltr'><strong>Turrib.</strong></span> <span class='ocrx_word' id='word_1_712' title='bbox 666 5403 862 5476; x_wconf 68' lang='lat' dir='ltr'><strong>(hircus</strong></span> <span class='ocrx_word' id='word_1_713' title='bbox 900 5403 941 5469; x_wconf 91' lang='lat' dir='ltr'><strong>l,</strong></span> <span class='ocrx_word' id='word_1_714' title='bbox 973 5420 1039 5476; x_wconf 73' lang='grc' dir='ltr'><strong>ιι.</strong></span> <span class='ocrx_word' id='word_1_715' title='bbox 1057 5400 1183 5473; x_wconf 75' lang='grc'><strong>651)</strong></span> <span class='ocrx_word' id='word_1_716' title='bbox 1217 5423 1232 5476; x_wconf 90' lang='lat'><strong>:_</strong></span> <span class='ocrx_word' id='word_1_717' title='bbox 1265 5403 1422 5476; x_wconf 81' lang='lat' dir='ltr'><strong>Alius</strong></span> <span class='ocrx_word' id='word_1_718' title='bbox 1474 5400 1574 5472; x_wconf 87' lang='lat' dir='ltr'><strong>qui</strong></span> <span class='ocrx_word' id='word_1_719' title='bbox 1598 5400 1810 5469; x_wconf 85' lang='lat' dir='ltr'><strong>genuit,</strong></span> 
     </span>
    </p>
   </div>
   <div class='ocr_carea' id='block_1_100' title="bbox 229 5474 1815 5546">
    <p class='ocr_par' dir='ltr' id='par_1_100' title="bbox 229 5474 1815 5546">
     <span class='ocr_line' id='line_1_100' title="bbox 229 5474 1815 5546; baseline -0.004 -17"><span class='ocrx_word' id='word_1_720' title='bbox 229 5477 362 5531; x_wconf 79' lang='lat' dir='ltr'><strong>alius</strong></span> <span class='ocrx_word' id='word_1_721' title='bbox 378 5476 471 5546; x_wconf 88' lang='lat' dir='ltr'><strong>qui</strong></span> <span class='ocrx_word' id='word_1_722' title='bbox 500 5474 800 5546; x_wconf 76' lang='lat' dir='ltr'><strong>generatus</strong></span> <span class='ocrx_word' id='word_1_723' title='bbox 822 5484 946 5546; x_wconf 9' lang='lat' dir='ltr'><strong>(est,</strong></span> <span class='ocrx_word' id='word_1_724' title='bbox 976 5475 1115 5546; x_wconf 73' lang='lat' dir='ltr'><strong>alius</strong></span> <span class='ocrx_word' id='word_1_725' title='bbox 1141 5474 1235 5542; x_wconf 85' lang='lat' dir='ltr'><strong>qui</strong></span> <span class='ocrx_word' id='word_1_726' title='bbox 1290 5475 1359 5546; x_wconf 82' lang='lat' dir='ltr'><strong>de</strong></span> <span class='ocrx_word' id='word_1_727' title='bbox 1391 5482 1625 5546; x_wconf 69' lang='lat' dir='ltr'><strong>utroque</strong></span> <span class='ocrx_word' id='word_1_728' title='bbox 1685 5484 1815 5546; x_wconf 59' lang='lat' dir='ltr'><strong>pro-</strong></span> 
     </span>
    </p>
   </div>
   <div class='ocr_carea' id='block_1_101' title="bbox 233 5539 1812 5609">
    <p class='ocr_par' dir='ltr' id='par_1_101' title="bbox 233 5539 1812 5609">
     <span class='ocr_line' id='line_1_101' title="bbox 233 5539 1812 5609; baseline -0.004 -9"><span class='ocrx_word' id='word_1_729' title='bbox 233 5539 412 5601; x_wconf 56' lang='lat' dir='ltr'><strong>cessit:</strong></span> <span class='ocrx_word' id='word_1_730' title='bbox 444 5539 532 5587; x_wconf 70' lang='grc' dir='ltr'><strong>-ῖ</strong></span> <span class='ocrx_word' id='word_1_731' title='bbox 550 5544 731 5600; x_wconf 87' lang='lat' dir='ltr'><strong>Serm.</strong></span> <span class='ocrx_word' id='word_1_732' title='bbox 774 5544 861 5605; x_wconf 87' lang='lat'><strong>76.</strong></span> <span class='ocrx_word' id='word_1_733' title='bbox 903 5545 966 5599; x_wconf 85' lang='lat' dir='ltr'><strong>de</strong></span> <span class='ocrx_word' id='word_1_734' title='bbox 994 5539 1210 5599; x_wconf 71' lang='lat' dir='ltr'><strong>Pentee.</strong></span> <span class='ocrx_word' id='word_1_735' title='bbox 1247 5560 1298 5598; x_wconf 90' lang='lat' dir='ltr'><strong>c.</strong></span> <span class='ocrx_word' id='word_1_736' title='bbox 1330 5543 1387 5607; x_wconf 94' lang='lat'><strong>2,</strong></span> <span class='ocrx_word' id='word_1_737' title='bbox 1418 5543 1487 5609; x_wconf 84' lang='lat'><strong>5;</strong></span> <span class='ocrx_word' id='word_1_738' title='bbox 1528 5539 1698 5596; x_wconf 78' lang='lat' dir='ltr'><strong>serm.</strong></span> <span class='ocrx_word' id='word_1_739' title='bbox 1721 5539 1812 5603; x_wconf 91' lang='lat'><strong>77,</strong></span> 
     </span>
    </p>
   </div>
   <div class='ocr_carea' id='block_1_102' title="bbox 234 5610 1811 5687">
    <p class='ocr_par' dir='ltr' id='par_1_102' title="bbox 234 5610 1811 5687">
     <span class='ocr_line' id='line_1_102' title="bbox 234 5610 1811 5687; baseline -0.004 -18"><span class='ocrx_word' id='word_1_740' title='bbox 234 5632 280 5669; x_wconf 92' lang='lat' dir='ltr'><strong>c.</strong></span> <span class='ocrx_word' id='word_1_741' title='bbox 302 5618 333 5671; x_wconf 85' lang='lat'><strong>6</strong></span> <span class='ocrx_word' id='word_1_742' title='bbox 371 5616 466 5687; x_wconf 89' lang='lat' dir='ltr'><strong>(ib.</strong></span> <span class='ocrx_word' id='word_1_743' title='bbox 506 5615 545 5678; x_wconf 89' lang='grc'><strong>1,</strong></span> <span class='ocrx_word' id='word_1_744' title='bbox 583 5616 711 5679; x_wconf 69' lang='grc'><strong>404,</strong></span> <span class='ocrx_word' id='word_1_745' title='bbox 735 5615 863 5682; x_wconf 72' lang='grc'><strong>405,</strong></span> <span class='ocrx_word' id='word_1_746' title='bbox 894 5615 1021 5682; x_wconf 68' lang='grc'><strong>407,</strong></span> <span class='ocrx_word' id='word_1_747' title='bbox 1048 5615 1212 5683; x_wconf 78' lang='lat' dir='ltr'><strong>M5);</strong></span> <span class='ocrx_word' id='word_1_748' title='bbox 1246 5614 1445 5668; x_wconf 86' lang='lat' dir='ltr'><strong>Baron.</strong></span> <span class='ocrx_word' id='word_1_749' title='bbox 1472 5612 1540 5668; x_wconf 90' lang='lat' dir='ltr'><strong>ad</strong></span> <span class='ocrx_word' id='word_1_750' title='bbox 1562 5626 1653 5665; x_wconf 91' lang='lat' dir='ltr'><strong>an.</strong></span> <span class='ocrx_word' id='word_1_751' title='bbox 1684 5610 1811 5676; x_wconf 75' lang='grc'><strong>447,</strong></span> 
     </span>
    </p>
   </div>
   <div class='ocr_carea' id='block_1_103' title="bbox 232 5687 846 5750">
    <p class='ocr_par' dir='ltr' id='par_1_103' title="bbox 232 5687 846 5750">
     <span class='ocr_line' id='line_1_103' title="bbox 232 5687 846 5750; baseline 0.002 -11"><span class='ocrx_word' id='word_1_752' title='bbox 232 5695 287 5739; x_wconf 86' lang='lat' dir='ltr'><strong>et</strong></span> <span class='ocrx_word' id='word_1_753' title='bbox 312 5688 375 5741; x_wconf 89' lang='lat' dir='ltr'><strong>ad</strong></span> <span class='ocrx_word' id='word_1_754' title='bbox 399 5703 493 5742; x_wconf 86' lang='lat' dir='ltr'><strong>an.</strong></span> <span class='ocrx_word' id='word_1_755' title='bbox 517 5687 643 5750; x_wconf 72' lang='lat'><strong>885,</strong></span> <span class='ocrx_word' id='word_1_756' title='bbox 669 5702 729 5740; x_wconf 91' lang='lat' dir='ltr'><strong>n.</strong></span> <span class='ocrx_word' id='word_1_757' title='bbox 757 5687 846 5741; x_wconf 79' lang='grc'><strong>52.</strong></span> 
     </span>
    </p>
   </div>
   <div class='ocr_carea' id='block_1_104' title="bbox 303 5753 1811 5825">
    <p class='ocr_par' dir='ltr' id='par_1_104' title="bbox 303 5753 1811 5825">
     <span class='ocr_line' id='line_1_104' title="bbox 303 5753 1811 5825; baseline 0.002 -15"><span class='ocrx_word' id='word_1_758' title='bbox 303 5757 414 5825; x_wconf 82' lang='lat'><strong>(25)</strong></span> <span class='ocrx_word' id='word_1_759' title='bbox 474 5756 636 5812; x_wconf 88' lang='lat' dir='ltr'><strong>Liber</strong></span> <span class='ocrx_word' id='word_1_760' title='bbox 671 5756 1006 5812; x_wconf 83' lang='lat' dir='ltr'><strong>Pontiﬁcalis</strong></span> <span class='ocrx_word' id='word_1_761' title='bbox 1054 5756 1106 5810; x_wconf 93' lang='lat' dir='ltr'><strong>in</strong></span> <span class='ocrx_word' id='word_1_762' title='bbox 1158 5753 1341 5809; x_wconf 89' lang='lat' dir='ltr'><strong>Leone</strong></span> <span class='ocrx_word' id='word_1_763' title='bbox 1390 5754 1485 5810; x_wconf 91' lang='grc'><strong>111.</strong></span> <span class='ocrx_word' id='word_1_764' title='bbox 1536 5784 1609 5795; x_wconf 92' lang='lat'><strong>—-</strong></span> <span class='ocrx_word' id='word_1_765' title='bbox 1663 5754 1811 5813; x_wconf 86' lang='lat' dir='ltr'><strong>Petr.</strong></span> 
     </span>
    </p>
   </div>
   <div class='ocr_carea' id='block_1_105' title="bbox 239 5823 1815 5907">
    <p class='ocr_par' dir='ltr' id='par_1_105' title="bbox 239 5823 1815 5907">
     <span class='ocr_line' id='line_1_105' title="bbox 239 5823 1815 5907; baseline 0.005 -29"><span class='ocrx_word' id='word_1_766' title='bbox 239 5823 423 5885; x_wconf 67' lang='lat' dir='ltr'><strong>lemb.</strong></span> <span class='ocrx_word' id='word_1_767' title='bbox 454 5827 551 5884; x_wconf 87' lang='lat' dir='ltr'><strong>lib.</strong></span> <span class='ocrx_word' id='word_1_768' title='bbox 580 5827 600 5883; x_wconf 92' lang='lat' dir='ltr'><strong>l</strong></span> <span class='ocrx_word' id='word_1_769' title='bbox 626 5825 775 5884; x_wconf 75' lang='lat' dir='ltr'><strong>Sent.</strong></span> <span class='ocrx_word' id='word_1_770' title='bbox 806 5828 861 5885; x_wconf 91' lang='lat' dir='ltr'><strong>d.</strong></span> <span class='ocrx_word' id='word_1_771' title='bbox 892 5827 948 5884; x_wconf 83' lang='grc'><strong>11</strong></span> <span class='ocrx_word' id='word_1_772' title='bbox 974 5844 989 5895; x_wconf 86' lang='grc'><strong>;</strong></span> <span class='ocrx_word' id='word_1_773' title='bbox 1015 5826 1289 5885; x_wconf 79' lang='lat' dir='ltr'><strong>Abaclard.</strong></span> <span class='ocrx_word' id='word_1_774' title='bbox 1311 5825 1518 5883; x_wconf 81' lang='lat' dir='ltr'><strong>Introd.</strong></span> <span class='ocrx_word' id='word_1_775' title='bbox 1546 5826 1601 5882; x_wconf 86' lang='lat' dir='ltr'><strong>in</strong></span> <span class='ocrx_word' id='word_1_776' title='bbox 1635 5826 1815 5907; x_wconf 66' lang='grc' dir='ltr'><strong>ΤΙιωῙ.⁸</strong></span> 
     </span>
    </p>
   </div>
   <div class='ocr_carea' id='block_1_106' title="bbox 1910 4618 3502 4694">
    <p class='ocr_par' dir='ltr' id='par_1_106' title="bbox 1910 4618 3502 4694">
     <span class='ocr_line' id='line_1_106' title="bbox 1910 4618 3502 4694; baseline -0.003 -17"><span class='ocrx_word' id='word_1_777' title='bbox 1910 4621 2081 4677; x_wconf 82' lang='lat' dir='ltr'><strong>ritum</strong></span> <span class='ocrx_word' id='word_1_778' title='bbox 2109 4630 2362 4694; x_wconf 73' lang='lat' dir='ltr'><strong>sanctum</strong></span> <span class='ocrx_word' id='word_1_779' title='bbox 2394 4635 2459 4675; x_wconf 84' lang='lat' dir='ltr'><strong>ex</strong></span> <span class='ocrx_word' id='word_1_780' title='bbox 2483 4630 2718 4689; x_wconf 86' lang='lat' dir='ltr'><strong>utroque</strong></span> <span class='ocrx_word' id='word_1_781' title='bbox 2744 4619 3062 4689; x_wconf 85' lang='lat' dir='ltr'><strong>procedere.</strong></span> <span class='ocrx_word' id='word_1_782' title='bbox 3091 4637 3109 4670; x_wconf 75' lang='grc' dir='ltr'><strong>ι</strong></span> <span class='ocrx_word' id='word_1_783' title='bbox 3132 4618 3284 4684; x_wconf 72' lang='lat' dir='ltr'><strong>Quod</strong></span> <span class='ocrx_word' id='word_1_784' title='bbox 3301 4618 3502 4674; x_wconf 88' lang='lat' dir='ltr'><strong>deinde</strong></span> 
     </span>
    </p>
   </div>
   <div class='ocr_carea' id='block_1_107' title="bbox 1912 4709 3503 4785">
    <p class='ocr_par' dir='ltr' id='par_1_107' title="bbox 1912 4709 3503 4785">
     <span class='ocr_line' id='line_1_107' title="bbox 1912 4709 3503 4785; baseline -0.001 -17"><span class='ocrx_word' id='word_1_785' title='bbox 1912 4713 2242 4785; x_wconf 87' lang='lat' dir='ltr'><strong>quihusdam</strong></span> <span class='ocrx_word' id='word_1_786' title='bbox 2297 4711 2565 4782; x_wconf 87' lang='lat' dir='ltr'><strong>exemplis</strong></span> <span class='ocrx_word' id='word_1_787' title='bbox 2613 4711 2889 4765; x_wconf 87' lang='lat' dir='ltr'><strong>illustrare</strong></span> <span class='ocrx_word' id='word_1_788' title='bbox 2938 4719 3189 4765; x_wconf 86' lang='lat' dir='ltr'><strong>conatur.</strong></span> <span class='ocrx_word' id='word_1_789' title='bbox 3235 4709 3503 4767; x_wconf 67' lang='lat' dir='ltr'><strong>Praeclare</strong></span> 
     </span>
    </p>
   </div>
   <div class='ocr_carea' id='block_1_108' title="bbox 1912 4802 3500 4877">
    <p class='ocr_par' dir='ltr' id='par_1_108' title="bbox 1912 4802 3500 4877">
     <span class='ocr_line' id='line_1_108' title="bbox 1912 4802 3500 4877; baseline -0.004 -13"><span class='ocrx_word' id='word_1_790' title='bbox 1912 4807 1974 4864; x_wconf 87' lang='lat' dir='ltr'><strong>S.</strong></span> <span class='ocrx_word' id='word_1_791' title='bbox 2012 4807 2308 4862; x_wconf 84' lang='lat' dir='ltr'><strong>Anselmus</strong></span> <span class='ocrx_word' id='word_1_792' title='bbox 2342 4806 2455 4877; x_wconf 91' lang='lat' dir='ltr'><strong>(lib.</strong></span> <span class='ocrx_word' id='word_1_793' title='bbox 2483 4805 2560 4859; x_wconf 86' lang='lat' dir='ltr'><strong>De</strong></span> <span class='ocrx_word' id='word_1_794' title='bbox 2577 4820 2725 4873; x_wconf 84' lang='lat' dir='ltr'><strong>proc.</strong></span> <span class='ocrx_word' id='word_1_795' title='bbox 2753 4803 2985 4873; x_wconf 83' lang='lat' dir='ltr'><strong>Spiritus</strong></span> <span class='ocrx_word' id='word_1_796' title='bbox 3014 4803 3210 4863; x_wconf 81' lang='lat' dir='ltr'><strong>sancti,</strong></span> <span class='ocrx_word' id='word_1_797' title='bbox 3245 4808 3366 4877; x_wconf 77' lang='lat' dir='ltr'><strong>c‘ap.</strong></span> <span class='ocrx_word' id='word_1_798' title='bbox 3399 4802 3500 4874; x_wconf 83' lang='lat'><strong>9)’:</strong></span> 
     </span>
    </p>
   </div>
   <div class='ocr_carea' id='block_1_109' title="bbox 1914 4895 3503 4966">
    <p class='ocr_par' dir='ltr' id='par_1_109' title="bbox 1914 4895 3503 4966">
     <span class='ocr_line' id='line_1_109' title="bbox 1914 4895 3503 4966; baseline -0.001 -14"><span class='ocrx_word' id='word_1_799' title='bbox 1914 4918 1938 4952; x_wconf 69' lang='grc' dir='ltr'><strong>ι</strong></span> <span class='ocrx_word' id='word_1_800' title='bbox 1980 4899 2135 4966; x_wconf 86' lang='lat' dir='ltr'><strong>Quod</strong></span> <span class='ocrx_word' id='word_1_801' title='bbox 2170 4900 2215 4954; x_wconf 91' lang='lat' dir='ltr'><strong>si</strong></span> <span class='ocrx_word' id='word_1_802' title='bbox 2264 4898 2474 4962; x_wconf 89' lang='lat' dir='ltr'><strong>dicunt,</strong></span> <span class='ocrx_word' id='word_1_803' title='bbox 2510 4912 2619 4951; x_wconf 91' lang='lat' dir='ltr'><strong>non</strong></span> <span class='ocrx_word' id='word_1_804' title='bbox 2663 4912 2791 4951; x_wconf 90' lang='lat' dir='ltr'><strong>eum</strong></span> <span class='ocrx_word' id='word_1_805' title='bbox 2823 4910 2946 4950; x_wconf 90' lang='lat' dir='ltr'><strong>esse</strong></span> <span class='ocrx_word' id='word_1_806' title='bbox 2968 4909 3131 4965; x_wconf 89' lang='lat' dir='ltr'><strong>posse</strong></span> <span class='ocrx_word' id='word_1_807' title='bbox 3166 4895 3238 4950; x_wconf 90' lang='lat' dir='ltr'><strong>de</strong></span> <span class='ocrx_word' id='word_1_808' title='bbox 3287 4895 3503 4951; x_wconf 83' lang='lat' dir='ltr'><strong>duabus</strong></span> 
     </span>
    </p>
   </div>
   <div class='ocr_carea' id='block_1_110' title="bbox 1912 4985 3503 5057">
    <p class='ocr_par' dir='ltr' id='par_1_110' title="bbox 1912 4985 3503 5057">
     <span class='ocr_line' id='line_1_110' title="bbox 1912 4985 3503 5057; baseline -0.003 -11"><span class='ocrx_word' id='word_1_809' title='bbox 1912 4990 2095 5046; x_wconf 88' lang='lat' dir='ltr'><strong>causis</strong></span> <span class='ocrx_word' id='word_1_810' title='bbox 2116 4989 2234 5043; x_wconf 87' lang='lat' dir='ltr'><strong>sive</strong></span> <span class='ocrx_word' id='word_1_811' title='bbox 2252 4988 2469 5044; x_wconf 88' lang='lat' dir='ltr'><strong>duobus</strong></span> <span class='ocrx_word' id='word_1_812' title='bbox 2479 4985 3223 5057; x_wconf 84' lang='lat' dir='ltr'><strong>principiis,respondemus,</strong></span> <span class='ocrx_word' id='word_1_813' title='bbox 3238 4987 3503 5056; x_wconf 86' lang='lat' dir='ltr'><strong>quoniam</strong></span> 
     </span>
    </p>
   </div>
   <div class='ocr_carea' id='block_1_111' title="bbox 1914 5062 3506 5151">
    <p class='ocr_par' dir='ltr' id='par_1_111' title="bbox 1914 5062 3506 5151">
     <span class='ocr_line' id='line_1_111' title="bbox 1914 5062 3506 5151; baseline -0.001 -14"><span class='ocrx_word' id='word_1_814' title='bbox 1914 5081 2059 5137; x_wconf 85' lang='lat' dir='ltr'><strong>sicut</strong></span> <span class='ocrx_word' id='word_1_815' title='bbox 2087 5096 2199 5136; x_wconf 84' lang='lat' dir='ltr'><strong>non</strong></span> <span class='ocrx_word' id='word_1_816' title='bbox 2232 5070 2509 5136; x_wconf 83' lang='lat' dir='ltr'><strong>credimus</strong></span> <span class='ocrx_word' id='word_1_817' title='bbox 2557 5079 2823 5151; x_wconf 79' lang='lat' dir='ltr'><strong>Spiritum</strong></span> <span class='ocrx_word' id='word_1_818' title='bbox 2864 5087 3115 5134; x_wconf 89' lang='lat' dir='ltr'><strong>sanctum</strong></span> <span class='ocrx_word' id='word_1_819' title='bbox 3162 5094 3284 5135; x_wconf 84' lang='lat' dir='ltr'><strong>esse</strong></span> <span class='ocrx_word' id='word_1_820' title='bbox 3314 5081 3378 5134; x_wconf 85' lang='lat' dir='ltr'><strong>de</strong></span> <span class='ocrx_word' id='word_1_821' title='bbox 3409 5062 3506 5135; x_wconf 80' lang='lat' dir='ltr'><strong>hoc</strong></span> 
     </span>
    </p>
   </div>
   <div class='ocr_carea' id='block_1_112' title="bbox 1913 5249 3506 5323">
    <p class='ocr_par' dir='ltr' id='par_1_112' title="bbox 1913 5249 3506 5323">
     <span class='ocr_line' id='line_1_112' title="bbox 1913 5249 3506 5323; baseline -0.006 -10"><span class='ocrx_word' id='word_1_822' title='bbox 1913 5259 1951 5313; x_wconf 88' lang='grc'><strong>1.</strong></span> <span class='ocrx_word' id='word_1_823' title='bbox 1980 5273 2040 5323; x_wconf 87' lang='grc' dir='ltr'>ιι,</span> <span class='ocrx_word' id='word_1_824' title='bbox 2066 5272 2115 5313; x_wconf 89' lang='lat' dir='ltr'><strong>e.</strong></span> <span class='ocrx_word' id='word_1_825' title='bbox 2143 5256 2205 5311; x_wconf 70' lang='lat' dir='ltr'><strong>Li</strong></span> <span class='ocrx_word' id='word_1_826' title='bbox 2230 5274 2246 5319; x_wconf 75' lang='grc' dir='ltr'>ς</span> <span class='ocrx_word' id='word_1_827' title='bbox 2275 5254 2423 5310; x_wconf 85' lang='lat' dir='ltr'><strong>Petr.</strong></span> <span class='ocrx_word' id='word_1_828' title='bbox 2446 5253 2609 5323; x_wconf 62' lang='lat' dir='ltr'><strong>Dam.</strong></span> <span class='ocrx_word' id='word_1_829' title='bbox 2630 5266 2822 5321; x_wconf 91' lang='lat' dir='ltr'><strong>opusc.</strong></span> <span class='ocrx_word' id='word_1_830' title='bbox 2855 5252 2947 5313; x_wconf 80' lang='lat'><strong>52.</strong></span> <span class='ocrx_word' id='word_1_831' title='bbox 2971 5266 3021 5306; x_wconf 90' lang='lat' dir='ltr'><strong>c.</strong></span> <span class='ocrx_word' id='word_1_832' title='bbox 3047 5251 3115 5318; x_wconf 82' lang='lat'><strong>2;</strong></span> <span class='ocrx_word' id='word_1_833' title='bbox 3150 5249 3506 5323; x_wconf 63' lang='grc' dir='ltr'><strong>Βειιπω.ρς</strong></span> 
     </span>
    </p>
   </div>
   <div class='ocr_carea' id='block_1_113' title="bbox 1915 5320 3504 5393">
    <p class='ocr_par' dir='ltr' id='par_1_113' title="bbox 1915 5320 3504 5393">
     <span class='ocr_line' id='line_1_113' title="bbox 1915 5320 3504 5393; baseline -0.006 -8"><span class='ocrx_word' id='word_1_834' title='bbox 1915 5320 2043 5385; x_wconf 68' lang='grc' dir='ltr'><strong>(ΙΙιν.</strong></span> <span class='ocrx_word' id='word_1_835' title='bbox 2099 5328 2162 5393; x_wconf 91' lang='lat' dir='ltr'><strong>ll,</strong></span> <span class='ocrx_word' id='word_1_836' title='bbox 2203 5328 2272 5380; x_wconf 86' lang='lat'><strong>27</strong></span> <span class='ocrx_word' id='word_1_837' title='bbox 2306 5344 2321 5392; x_wconf 92' lang='lat'><strong>;</strong></span> <span class='ocrx_word' id='word_1_838' title='bbox 2362 5326 2527 5379; x_wconf 81' lang='lat' dir='ltr'><strong>Allat.</strong></span> <span class='ocrx_word' id='word_1_839' title='bbox 2572 5320 2769 5393; x_wconf 77' lang='lat' dir='ltr'><strong>Contra</strong></span> <span class='ocrx_word' id='word_1_840' title='bbox 2818 5323 3053 5393; x_wconf 81' lang='lat' dir='ltr'><strong>IIotting.</strong></span> <span class='ocrx_word' id='word_1_841' title='bbox 3090 5339 3140 5376; x_wconf 87' lang='lat' dir='ltr'><strong>c.</strong></span> <span class='ocrx_word' id='word_1_842' title='bbox 3179 5324 3265 5389; x_wconf 81' lang='grc'><strong>19,</strong></span> <span class='ocrx_word' id='word_1_843' title='bbox 3309 5337 3363 5391; x_wconf 91' lang='lat' dir='ltr'><strong>p.</strong></span> <span class='ocrx_word' id='word_1_844' title='bbox 3397 5320 3504 5376; x_wconf 71' lang='lat'><strong>“6</strong></span> 
     </span>
    </p>
   </div>
   <div class='ocr_carea' id='block_1_114' title="bbox 1915 5380 3501 5524">
    <p class='ocr_par' dir='ltr' id='par_1_114' title="bbox 1915 5380 3501 5524">
     <span class='ocr_line' id='line_1_114' title="bbox 1915 5380 3501 5524; baseline -0.006 -66"><span class='ocrx_word' id='word_1_845' title='bbox 1915 5380 2041 5524; x_wconf 46' lang='lat' dir='ltr'><strong>gesti.</strong></span> <span class='ocrx_word' id='word_1_846' title='bbox 2080 5380 2414 5523; x_wconf 54' lang='grc' dir='ltr'><strong>Ἧξιὲὲιιίοι).</strong></span> <span class='ocrx_word' id='word_1_847' title='bbox 2454 5394 2547 5451; x_wconf 90' lang='lat' dir='ltr'><strong>cit.</strong></span> <span class='ocrx_word' id='word_1_848' title='bbox 2578 5408 2631 5448; x_wconf 90' lang='lat' dir='ltr'><strong>c.</strong></span> <span class='ocrx_word' id='word_1_849' title='bbox 2662 5392 2715 5458; x_wconf 87' lang='lat'><strong>2,</strong></span> <span class='ocrx_word' id='word_1_850' title='bbox 2741 5393 2769 5466; x_wconf 64' lang='grc' dir='ltr'>δ</span> <span class='ocrx_word' id='word_1_851' title='bbox 2801 5395 2850 5458; x_wconf 67' lang='grc'><strong>1,</strong></span> <span class='ocrx_word' id='word_1_852' title='bbox 2886 5409 2940 5464; x_wconf 93' lang='lat' dir='ltr'><strong>p.</strong></span> <span class='ocrx_word' id='word_1_853' title='bbox 2964 5380 3173 5461; x_wconf 63' lang='lat'><strong>23—30;</strong></span> <span class='ocrx_word' id='word_1_854' title='bbox 3214 5380 3413 5448; x_wconf 62' lang='lat' dir='ltr'><strong>Bar&#39;on.</strong></span> <span class='ocrx_word' id='word_1_855' title='bbox 3445 5406 3501 5449; x_wconf 84' lang='lat' dir='ltr'><strong>a-.</strong></span> 
     </span>
     <span class='ocr_line' id='line_1_115' title="bbox 1991 5487 2263 5524; baseline 0 0"><span class='ocrx_word' id='word_1_856' title='bbox 1991 5489 2045 5524; x_wconf 69' lang='grc' dir='ltr'>ο.</span> <span class='ocrx_word' id='word_1_857' title='bbox 2074 5487 2132 5524; x_wconf 85' lang='grc' dir='ltr'><strong>ιι.</strong></span> <span class='ocrx_word' id='word_1_858' title='bbox 2249 5510 2263 5524; x_wconf 93' lang='grc'>.</span> 
     </span>
    </p>
   </div>
   <div class='ocr_carea' id='block_1_115' title="bbox 1919 5471 2263 5531">
    <p class='ocr_par' dir='ltr' id='par_1_115' title="bbox 1919 5471 2263 5531">
     <span class='ocr_line' id='line_1_116' title="bbox 1919 5471 2263 5531; baseline -0.003 -5"><span class='ocrx_word' id='word_1_859' title='bbox 1919 5471 2045 5531; x_wconf 76' lang='grc'><strong>885.</strong></span> <span class='ocrx_word' id='word_1_860' title='bbox 2074 5487 2132 5526; x_wconf 91' lang='lat' dir='ltr'><strong>n.</strong></span> <span class='ocrx_word' id='word_1_861' title='bbox 2172 5471 2263 5525; x_wconf 76' lang='lat'><strong>55.</strong></span> 
     </span>
    </p>
   </div>
   <div class='ocr_carea' id='block_1_116' title="bbox 1997 5534 3503 5613">
    <p class='ocr_par' dir='ltr' id='par_1_116' title="bbox 1997 5534 3503 5613">
     <span class='ocr_line' id='line_1_117' title="bbox 1997 5534 3503 5613; baseline -0.003 -17"><span class='ocrx_word' id='word_1_862' title='bbox 1997 5542 2109 5613; x_wconf 83' lang='lat'><strong>(26)</strong></span> <span class='ocrx_word' id='word_1_863' title='bbox 2138 5537 2440 5613; x_wconf 32' lang='lat' dir='ltr'><strong>Sirmondl</strong></span> <span class='ocrx_word' id='word_1_864' title='bbox 2453 5538 2613 5594; x_wconf 81' lang='lat' dir='ltr'><strong>Cone.</strong></span> <span class='ocrx_word' id='word_1_865' title='bbox 2640 5536 2787 5613; x_wconf 70' lang='grc' dir='ltr'>ςαιι.</span> <span class='ocrx_word' id='word_1_866' title='bbox 2808 5546 2851 5591; x_wconf 89' lang='lat' dir='ltr'><strong>t.</strong></span> <span class='ocrx_word' id='word_1_867' title='bbox 2880 5535 2951 5613; x_wconf 62' lang='grc'><strong>11,</strong></span> <span class='ocrx_word' id='word_1_868' title='bbox 2976 5534 3198 5613; x_wconf 82' lang='lat' dir='ltr'><strong>p._256._</strong></span> <span class='ocrx_word' id='word_1_869' title='bbox 3216 5534 3503 5613; x_wconf 67' lang='lat' dir='ltr'><strong>-—_l_lar_on.</strong></span> 
     </span>
    </p>
   </div>
   <div class='ocr_carea' id='block_1_117' title="bbox 1916 5602 3501 5681">
    <p class='ocr_par' dir='ltr' id='par_1_117' title="bbox 1916 5602 3501 5681">
     <span class='ocr_line' id='line_1_118' title="bbox 1916 5602 3501 5681; baseline -0.003 -14"><span class='ocrx_word' id='word_1_870' title='bbox 1916 5613 1985 5669; x_wconf 90' lang='lat' dir='ltr'><strong>ad</strong></span> <span class='ocrx_word' id='word_1_871' title='bbox 2004 5602 2103 5666; x_wconf 63' lang='grc' dir='ltr'><strong>’δι’</strong></span> <span class='ocrx_word' id='word_1_872' title='bbox 2130 5610 2256 5674; x_wconf 88' lang='lat'><strong>809,</strong></span> <span class='ocrx_word' id='word_1_873' title='bbox 2282 5627 2338 5665; x_wconf 83' lang='grc' dir='ltr'><strong>ιι.</strong></span> <span class='ocrx_word' id='word_1_874' title='bbox 2376 5610 2445 5681; x_wconf 81' lang='lat'><strong>55</strong></span> <span class='ocrx_word' id='word_1_875' title='bbox 2495 5624 2611 5680; x_wconf 86' lang='lat' dir='ltr'><strong>seq.</strong></span> <span class='ocrx_word' id='word_1_876' title='bbox 2645 5608 2825 5681; x_wconf 80' lang='lat' dir='ltr'><strong>Jager,</strong></span> <span class='ocrx_word' id='word_1_877' title='bbox 2871 5602 3111 5662; x_wconf 76' lang='lat' dir='ltr'><strong>Histoire</strong></span> <span class='ocrx_word' id='word_1_878' title='bbox 3164 5605 3227 5659; x_wconf 83' lang='lat' dir='ltr'><strong>de</strong></span> <span class='ocrx_word' id='word_1_879' title='bbox 3254 5605 3501 5663; x_wconf 76' lang='lat' dir='ltr'><strong>Photius.</strong></span> 
     </span>
    </p>
   </div>
   <div class='ocr_carea' id='block_1_118' title="bbox 1914 5680 2484 5740">
    <p class='ocr_par' dir='ltr' id='par_1_118' title="bbox 1914 5680 2484 5740">
     <span class='ocr_line' id='line_1_119' title="bbox 1914 5680 2484 5740; baseline -0.009 -1"><span class='ocrx_word' id='word_1_880' title='bbox 1914 5685 1952 5739; x_wconf 79' lang='grc'><strong>2</strong></span> <span class='ocrx_word' id='word_1_881' title='bbox 1975 5684 2103 5740; x_wconf 87' lang='lat' dir='ltr'><strong>edit.</strong></span> <span class='ocrx_word' id='word_1_882' title='bbox 2138 5697 2194 5740; x_wconf 76' lang='grc' dir='ltr'>ι).</span> <span class='ocrx_word' id='word_1_883' title='bbox 2228 5680 2484 5736; x_wconf 72' lang='grc'><strong>555-557.</strong></span> 
     </span>
    </p>
   </div>
   <div class='ocr_carea' id='block_1_119' title="bbox 1990 5746 3505 5824">
    <p class='ocr_par' dir='ltr' id='par_1_119' title="bbox 1990 5746 3505 5824">
     <span class='ocr_line' id='line_1_120' title="bbox 1990 5746 3505 5824; baseline -0.002 -17"><span class='ocrx_word' id='word_1_884' title='bbox 1990 5754 2105 5824; x_wconf 83' lang='grc'><strong>(27)</strong></span> <span class='ocrx_word' id='word_1_885' title='bbox 2136 5746 2308 5824; x_wconf 78' lang='lat' dir='ltr'><strong>Mansi</strong></span> <span class='ocrx_word' id='word_1_886' title='bbox 2344 5750 2516 5824; x_wconf 49' lang='lat' dir='ltr'><strong>Coac.</strong></span> <span class='ocrx_word' id='word_1_887' title='bbox 2554 5749 2699 5824; x_wconf 50' lang='lat' dir='ltr'><strong>Id&quot;,</strong></span> <span class='ocrx_word' id='word_1_888' title='bbox 2729 5747 2831 5824; x_wconf 56' lang='grc'><strong>’1118</strong></span> <span class='ocrx_word' id='word_1_889' title='bbox 2854 5766 2874 5824; x_wconf 59' lang='grc' dir='ltr'>ξ</span> <span class='ocrx_word' id='word_1_890' title='bbox 2895 5746 3036 5824; x_wconf 64' lang='lat' dir='ltr'><strong>jiailé</strong></span> <span class='ocrx_word' id='word_1_891' title='bbox 3063 5747 3192 5821; x_wconf 76' lang='lat' dir='ltr'><strong>Reg.</strong></span> <span class='ocrx_word' id='word_1_892' title='bbox 3223 5763 3283 5806; x_wconf 92' lang='lat' dir='ltr'><strong>n.</strong></span> <span class='ocrx_word' id='word_1_893' title='bbox 3322 5746 3505 5820; x_wconf 72' lang='lat' dir='ltr'><strong>i950;</strong></span> 
     </span>
    </p>
   </div>
   <div class='ocr_carea' id='block_1_120' title="bbox 1920 5820 2937 5901">
    <p class='ocr_par' dir='ltr' id='par_1_120' title="bbox 1920 5820 2937 5901">
     <span class='ocr_line' id='line_1_121' title="bbox 1920 5820 2937 5901; baseline -0.01 -18"><span class='ocrx_word' id='word_1_894' title='bbox 1920 5820 2135 5884; x_wconf 79' lang='lat' dir='ltr'><strong>walch.</strong></span> <span class='ocrx_word' id='word_1_895' title='bbox 2178 5823 2216 5882; x_wconf 93' lang='lat' dir='ltr'><strong>l.</strong></span> <span class='ocrx_word' id='word_1_896' title='bbox 2248 5839 2373 5901; x_wconf 84' lang='lat' dir='ltr'><strong>c._c.</strong></span> <span class='ocrx_word' id='word_1_897' title='bbox 2405 5823 2460 5879; x_wconf 87' lang='lat'><strong>2.</strong></span> <span class='ocrx_word' id='word_1_898' title='bbox 2492 5821 2523 5894; x_wconf 67' lang='grc' dir='ltr'>ς</span> <span class='ocrx_word' id='word_1_899' title='bbox 2562 5821 2616 5891; x_wconf 82' lang='lat'><strong>5,</strong></span> <span class='ocrx_word' id='word_1_900' title='bbox 2642 5836 2700 5892; x_wconf 88' lang='lat' dir='ltr'><strong>p.</strong></span> <span class='ocrx_word' id='word_1_901' title='bbox 2735 5820 2825 5886; x_wconf 75' lang='lat'><strong>30,</strong></span> <span class='ocrx_word' id='word_1_902' title='bbox 2848 5820 2937 5874; x_wconf 77' lang='grc'><strong>51.</strong></span> 
     </span>
    </p>
   </div>
  </div>
