4032 6492
334 340 441 405 469

980 345 1080 408 DE
1120 349 1181 410 s.
1224 350 1416 412 sem.
1459 325 1962 420 ursraeoeta.
1995 383 2061 396 —-
2091 359 2836 423 ANIMADVERSIONES.

3497 359 3606 424 470

339 450 668 506 Etherianus
721 451 779 522 (1.
817 451 938 517 l,c.
970 454 1026 518 8,
1069 470 1127 525 p.
1175 456 1336 526 1204)
1371 498 1387 522 ,
1444 467 1554 514 tres
1606 461 1917 530 proprieta-

2029 480 2135 518 non
2168 467 2320 528 addit
2345 465 2444 537 τὴν
2490 465 2764 537 προϐολὴν
2796 473 2855 520 ιιι
2887 463 3038 520 Patri
3095 465 3389 536 propriam.
3429 467 3485 522 ld
3539 469 3609 523 de

336 556 415 599 tes
453 543 604 616 [226]
638 545 946 600 immobiles
969 556 1136 602 sunt:
1189 549 1511 617 paternitas,
1545 551 1754 614 tiliatio,
1787 568 1917 621 pro-

334 636 537 702 cessio;
574 637 879 699 secuudnm
907 653 1044 706 quas
1082 640 1228 694 solas
1264 650 1373 694 tres
1425 657 1699 710 personae,
1755 641 1918 699 Pater

331 729 447 782 scil.
480 737 539 782 et
578 728 751 783 Filius
799 739 854 784 et
913 728 1151 800 Spiritus
1207 741 1432 788 sanctus
1480 735 1860 804 insigniuumr.
1894 755 1911 787 ι

336 817 477 872 Sane
510 834 638 873 cum
671 818 845 874 Grazei
873 820 1095 875 nonnisi
1131 831 1242 876 tres
1274 837 1540 892 personas
1566 823 1618 876 in
1644 823 1914 880 Triuitate

330 919 652 991 agnoscant,
677 911 842 991 etiam
874 911 974 965 tria
1003 913 1179 966 solum
1205 913 1497 968 admittere
1527 926 1756 983 possunt
1783 915 1922 970 idio-

331 989 488 1054 mata
525 989 915 1057 constituentia
948 1045 962 1066 ,
1005 1019 1127 1072 quae
1185 1013 1379 1058 notant
1444 1015 1556 1061 tres
1617 1007 1918 1062 relationes

332 1093 783 1161 subsistentesab
811 1095 1045 1150 invicem
1078 1096 1298 1151 realiter
1332 1097 1619 1153 distinctas
1650 1099 1917 1167 (Thomas

330 1201 386 1254 q.
437 1186 539 1250 50,
578 1201 631 1238 ιι.
669 1185 759 1253 2);
801 1185 1166 1256 proprietates
1208 1187 1357 1240 enim
1409 1188 1726 1256 personales
1781 1197 1913 1242 sunt

331 1277 473 1332 idem
511 1292 638 1331 cum
678 1277 927 1347 personis
960 1293 1024 1331 ea
1061 1278 1292 1342 ratione,
1325 1294 1432 1349 qua
1467 1279 1803 1334 abstractum
1832 1289 1920 1336 est

329 1369 476 1424 idem
498 1385 626 1424 cum
652 1379 911 1424 concreto
943 1368 1042 1440 (ib.
1066 1386 1121 1440 q.
1163 1372 1253 1426 40.
1283 1387 1334 1424 a.
1364 1372 1414 1436 l,
1443 1372 1512 1426 ad
1545 1372 1618 1444 ί).
1658 1371 1786 1429 ΙΙωο
1812 1374 1915 1428 tria

330 1460 776 1515 characteristica
802 1475 1161 1530 personarum
1195 1461 1454 1516 idiomata
1495 1463 1722 1518 immota
1757 1480 1920 1534 pror-

329 1569 421 1609 sus
443 1569 673 1608 manerc
714 1569 910 1609 omnes
939 1555 1296 1610 consentiunt
1339 1556 1474 1627 (57).
1507 1556 1637 1612 Post
1673 1557 1792 1613 haec
1830 1574 1916 1614 rc-

331 1653 629 1699 censentur
656 1645 946 1699 diacriticaa
986 1653 1042 1700 et
1083 1661 1196 1700 non
1226 1648 1628 1714 constituentes
1665 1650 1919 1720 proprie«

329 1746 499 1793 tates:
530 1737 925 1793 innascibilitas
950 1779 965 1802 ,
1021 1753 1144 1808 quae
1187 1738 1468 1795 relationis
1515 1749 1601 1795 est
1630 1755 1832 1811 expers
1863 1750 1918 1797 et

2021 557 2278 611 omnibus
2310 556 2512 626 Graecis
2542 555 2797 612 Patribus
2823 557 2930 612 dici
2952 557 3135 621 debet,
3169 557 3261 626 qui
3303 558 3359 611 in
3391 558 3478 612 illa
3505 553 3610 614 du-

2021 649 2147 718 plici
2175 656 2305 701 nota
2337 647 2702 701 immorantur
2729 661 2834 701 nec
2876 662 3115 717 unquam
3138 647 3483 717 spiratricem
3500 652 3611 705 vim

2022 748 2082 793 ut
2115 739 2312 808 ἰδίωμα
2345 738 2707 792 ὑποστατικδν
2749 738 2925 794 Patris
2971 738 3229 792 ederunt.
3281 739 3385 809 (Cf.
3425 740 3609 796 Petav.

2021 830 2100 884 De
2123 830 2266 884 Trin.
2288 847 2368 894 ιιι,
2396 832 2421 884 1
2453 846 2595 900 seq.;
2622 847 2717 896 vu,
2751 830 2836 896 l0,
2865 847 2937 885 n.-
2961 830 3026 885 {9
3049 832 3191 902 seq.)
3221 830 3457 886 Vocatur
3489 834 3613 902 qui-

2020 922 2144 976 dem
2171 922 2332 976 Pater
2374 923 2654 994 γεννήτωρ
2705 923 2798 975 καί
2832 923 3134 994 προϐολεὺς
3186 924 3294 994 (ex.
3355 942 3434 995 gr.
3466 927 3612 995 apud

2020 1008 2150 1065 Naz.
2201 1019 2340 1065 orat.
2379 1011 2483 1076 55,
2519 1025 2574 1081 p.
2613 1010 2738 1077 562,
2767 1011 2856 1065 ed.
2890 1011 3061 1081 vet.),
3120 1013 3218 1067 sed
3267 1013 3371 1068 hoc
3405 1015 3613 1084 liquido

2020 1104 2329 1160 ostenditur
2366 1119 2514 1170 eum,
2548 1118 2658 1156 non
2701 1112 2974 1172 quatenus
3014 1100 3099 1158 est
3136 1103 3323 1169 Pater,
3362 1106 3612 1176 adeoque

2021 1212 2132 1251 non
2159 1195 2515 1251 constitutiva
2545 1211 2642 1249 sua
2677 1196 3032 1265 proprietate,
3063 1197 3271 1265 spirare
3304 1196 3608 1267 Spiritum;

2021 1289 2119 1344 sed
2159 1289 2497 1358 nunquam!)
2531 1286 2769 1357 προϐολὴ
2797 1287 2864 1342 iis
2917 1287 3233 1358 adiungitur
3281 1289 3452 1352 notis,
3488 1305 3613 1358 qum

2021 1379 2117 1433 uni
2140 1377 2242 1448 ipsi
2275 1376 2642 1443 conveniunt,
2705 1392 2863 1446 quas,
2898 1387 2961 1431 ut
3006 1376 3239 1430 Basilius
3265 1377 3340 1431 ait
3369 1416 3385 1439 ,
3451 1377 3611 1446 μόνος

2021 1468 2182 1532 αὐτὸς
2213 1467 2357 1538 ἔχεις
2389 1467 2487 1522 sed
2538 1482 2820 1536 nunquam
2877 1466 3092 1520 ratione
3134 1465 3240 1519 τοῦ.
3275 1465 3608 1537 προόὁλεως,

2023 1569 2084 1616 ιιι
2135 1577 2166 1615 a
2200 1559 2425 1630 Spiritu,
2459 1559 2539 1614 sic
2570 1577 2600 1614 a
2626 1560 2763 1614 Filio
2803 1559 3110 1614 distinctus.
3129 1567 3380 1629 apparet.

2095 1652 2150 1708 6.-
2187 1650 2312 1706 llaec
2344 1667 2563 1706 rursum
2593 1668 2659 1708 ex
2686 1651 2808 1706 Filii
2836 1651 3169 1721 proprietate
3208 1652 3612 1706 conﬁrmantur

2024 1758 2146 1814 quae
2187 1743 2265 1796 nil
2293 1758 2389 1812 per
2411 1757 2470 1796 se
2504 1741 2690 1806 habet,
2720 1741 2865 1810 quod
2895 1741 3093 1795 Filium
3125 1740 3193 1795 ab
3231 1741 3410 1796 activa
3433 1740 3612 1812 spira-

328 1829 396 1884 ad
428 1845 601 1882 unum
644 1829 860 1884 Patrem
891 1837 1126 1900 spectat,
1160 1838 1214 1903 et
1248 1830 1504 1904 προϐολὴ,
1530 1831 1647 1886 sive
1689 1821 1919 1904 spiratio
1955 1818 1997 1873 Β
2026 1836 2174 1890 tione
2203 1833 2480 1889 excludat.
2515 1831 2662 1888 Scite
2693 1831 2848 1904 llugo
2882 1831 3213 1888 Etlterianus
3238 1834 3297 1904 (1.
3346 1832 3431 1894 ιιι.
3473 1849 3525 1888 c.
3553 1834 3610 1898 2,

327 1921 506 1976 activa
532 1937 565 1975 a
610 1921 826 1991 passiva
866 1936 964 1976 seu
997 1921 1323 1993 ὲκπορεύσει
1371 1922 1735 1978 secernenda.
1784 1921 1919 1990 Quae

327 2025 475 2070 nota:
507 2015 804 2071 diacriticae
838 2031 963 2071 cum
1011 2016 1189 2072 tribus
1233 2015 1340 2070 illis
1373 2014 1741 2095 bypostaticis'
1773 2015 1920 2070 notis

325 2106 576 2176 quinque
615 2107 871 2162 notiones
919 2108 1171 2177 (ἐννοίας,
1211 2107 1593 2178 γνωρίσματα)
1639 2106 1917 2173 efﬁciunt,

323 2215 464 2269 quas
489 2197 864 2256 Damascenus
912 2200 1012 2268 (‘De
1048 2201 1152 2270 ﬁde
1185 2201 1323 2255 ortlt.
1371 2199 1408 2264 I,
1461 2200 1619 2272 9-H)
1646 2199 1758 2269 jam
1787 2199 1920 2254 satis

327 2289 502 2343 novit.
536 2289 790 2359 Triplicis
829 2291 1044 2361 generis
1077 2290 1206 2346 hinc
1235 2297 1603 2346 secernuntur
1628 2288 1916 2360 ἰδιώματαε

241 2379 248 2384 ’
282 2447 297 2460 ο
329 2381 676 2436 ὑποστατικὰ
715 2382 974 2451 primum,
1005 2381 1205 2437 deinde
1239 2383 1487 2452 σχετικὰ,
1531 2381 1693 2436 tertio
1717 2397 1919 2432 συστα-

326 2471 477 2535 τικὰ,
525 2471 686 2526 Ilatio
731 2471 1041 2541 objectiva,
1096 2488 1204 2542 qua
1245 2487 1476 2542 persona
1524 2470 1840 2540 designatur
1867 2476 1924 2524 et

325 2565 399 2629 ab
416 2563 534 2618 .alia
556 2564 914 2634 dignoscitur,
939 2570 1024 2619 est
1053 2564 1202 2618 notio
1228 2579 1324 2618 seu
1345 2563 1541 2631 ἰδίωμα
1565 2559 1916 2625 συστατικόνς

329 2655 472 2710 tales
504 2655 758 2710 notiones
796 2655 960 2726 igitur
986 2663 1116 2710 sunt
1158 2655 1494 2725 paternitas,
1547 2653 1758 2718 ﬁliatio,
1795 2668 1925 2722 pro-

329 2750 532 2810 cessio,
567 2747 964 2802 innascibilitas
991 2756 1044 2803 et
1069 2748 1246 2803 activa
1286 2747 1534 2817 spiratio.
1566 2747 1694 2800 Dute
1738 2753 1925 2815 poste-

331 2841 508 2896 riores
559 2856 670 2894 non
706 2841 1058 2899 constituunt.
1111 2856 1435 2910 personam;
1484 2840 1607 2894 ideo
1659 2837 1922 2893 dicuntur

331 2941 544 2987 tantum
575 2933 834 2988 ιιοιίοιιρε
874 2948 1254 3004 personarum,
1278 2948 1393 2988 non
1429 2941 1611 2986 autem
1656 2945 1921 3001 persona-

329 3025 452 3092 les;
485 3025 589 3079 hoc
621 3040 752 3079 vero
774 3025 917 3079 inter
945 3040 1004 3079 se
1036 3024 1320 3088 diﬂ'erunt,
1346 3023 1492 3092 quod
1537 3021 1712 3076 activa
1747 3020 1923 3090 spira-

332 3116 409 3170 tio
443 3117 613 3172 etiam
643 3116 834 3172 relatio
860 3126 943 3171 est
981 3132 1076 3170 seu
1115 3117 1314 3185 ἰδίωμα
1361 3114 1610 3185 σχετικὸν
1631 3155 1645 3176 ,
1676 3112 1920 3168 innasci-

289 3204 294 3208 ’
332 3209 516 3264 bilitas
541 3224 694 3273 vero,
719 3225 841 3278 quae
872 3208 948 3263 nil
981 3209 1126 3263 aliud
1166 3208 1299 3263 dicit
1331 3249 1346 3274 ,
1401 3207 1505 3261 nisi
1552 3200 1782 3260 Patrem'
1808 3221 1918 3259 non

332 3316 458 3356 esse
473 3301 543 3356 ab
567 3301 698 3365 alio,
727 3301 876 3355 nulla
899 3309 984 3356 est
1004 3301 1216 3365 relatio,
1242 3300 1477 3368 ideoque
1515 3314 1666 3353 mera
1705 3306 1762 3351 et
1789 3311 1924 3367 pura

333 3395 488 3449 notio
519 3402 767 3449 vocatur.
802 3392 1078 3448 Habemus
1103 3408 1233 3461 ergo
1262 3392 1506 3462 quinque
1555 3390 1829 3452 notiones,
1856 3385 1926 3443 ex
1950 3388 1959 3394 ’

332 3486 536 3556 quibus
569 3493 804 3556 quatuor
833 3493 963 3540 sunt
995 3484 1312 3546 relationes,
1376 3491 1487 3537 tres
1539 3491 1684 3536 nota:
1714 3480 1925 3536 consti—

333 3587 576 3632 tuentes.
604 3576 710 3648 (Cl‘.
745 3577 940 3631 Thom.
977 3593 1032 3646 q.
1056 3575 1145 3629 52.
1177 3591 1227 3630 a.
1255 3575 1333 3644 5.)
1377 3575 1453 3629 Ex
1483 3575 1568 3628 his
1602 3574 1732 3644 jam
1771 3580 1924 3642 patet

337 3667 754 3740 |~227].aetivam
800 3667 1156 3738 spirationem
1198 3683 1304 3733 non
1347 3681 1468 3722 esse
1515 3665 1922 3736 hypostaticum

337 3757 521 3810 Patris
577 3756 801 3816 idioma.
848 3771 985 3812 esse
1021 3772 1149 3812 vero
1198 3756 1695 3820 relationem,cum
1737 3755 1923 3825 σχέσιν

335 3848 483 3904 dicat
504 3849 572 3903 ad
611 3849 904 3918 spiritum;
942 3857 1092 3918 patet
1140 3863 1359 3919 quoque
1429 3863 1550 3903 eam
1597 3847 1802 3901 nullam
1839 3847 1931 3900 ha-

335 3939 468 3993 bere
482 3939 885 4009 oppositionem
909 3939 1188 3993 rclativam
1218 3939 1285 3994 ad
1312 3939 1723 4008 paternitatem,
1747 3952 1929 4008 neque

337 4032 404 4086 ad
438 4031 780 4087 ﬁliationem.
841 4030 898 4085 Si
945 4031 1297 4086 constitutiva
1356 4031 1497 4086 foret
1535 4029 1715 4085 Patris
1773 4038 1925 4094 nota,

334 4140 463 4178 cum
493 4123 819 4194 paternitate
849 4123 1298 4185 identiﬁearetur,
1326 4131 1381 4177 et
1427 4121 1664 4191 Spiritus
1706 4129 1930 4176 sanctus

336 4225 487 4271 esset
513 4215 716 4282 Filius;
743 4215 789 4270 si
830 4231 960 4270 vero
1011 4214 1364 4270 eoustitutiva
1392 4230 1498 4268 non
1532 4222 1654 4278 est,
1706 4213 1932 4267 aliunde

341 4307 595 4362 I’hotiani
623 4307 920 4364 ostendant
955 4314 1194 4376 Oportet,
1229 4321 1349 4360 eam
1374 4304 1466 4358 uni
1497 4303 1642 4358 Patri
1672 4319 1796 4371 esse
1833 4304 1930 4359 Iri-

337 4401 635 4456 buendam.
683 4398 740 4452 Si
763 4399 831 4453 ad
860 4397 1079 4452 Graecos
1106 4398 1359 4452 doctores
1383 4411 1485 4451 nos
1517 4396 1928 4461 convertimus,

2021 1944 2075 1998 p.
2123 1927 2260 1982 1258
2297 1925 2389 1996 G.)
2434 1943 2448 1980 :
2485 1944 2506 1977 ε
2554 1925 2612 1979 Si
2652 1925 2955 1996 paternitas
2991 1941 3104 1979 non
3156 1925 3399 1980 excludit
3430 1925 3613 1996 Spiri-

2023 2027 2138 2074 tum
2170 2035 2198 2072 a
2233 2016 2395 2073 Patre
2437 2016 2650 2071 ratione
2713 2032 2895 2071 causae
2945 2032 3043 2073 seu
3095 2017 3373 2086 principii,
3433 2033 3616 2088 neque

2022 2107 2635 2166 nascibilitas‘excludit
2654 2108 2908 2162 eumdem
2953 2105 3217 2177 Spiritum
3269 2122 3300 2161 a
3335 2106 3473 2162 Filio
3527 2123 3616 2178 se-

2023 2202 2266 2258 cundum
2286 2201 2534 2265 eamdem
2559 2200 2847 2259 rationem.
2879 2220 2898 2252 ι
2919 2202 3034 2255 lmo
3051 2200 3180 2254 dum
3207 2200 3394 2254 Patres
3416 2199 3614 2254 Filium

2029 2295 2362 2367 Unigenitum
2391 2295 2674 2364 Μονογενῆ
2717 2293 3059 2361 nominatum
3093 2293 3150 2346 in
3197 2291 3385 2348 Bibliis
3425 2291 3616 2346 vident

2021 2397 2078 2444 et
2121 2385 2196 2442 ita
2235 2387 2340 2443 hoc
2374 2384 2524 2457 [228]
2555 2400 2758 2441 nomen
2792 2385 3088 2455 explicant,
3119 2396 3178 2440 nt
3209 2385 3326 2454 ipse
3370 2384 3440 2438 sit
3468 2382 3614 2437 satus

2021 2480 2113 2550 qui
2135 2496 2198 2533 ea:
2217 2478 2330 2533 solo
2347 2479 2415 2532 sit
2445 2477 2631 2542 Patre,
2673 2477 2833 2548 μόνος
2861 2477 2928 2529 ὲκ
2970 2477 3134 2547 μόνου
3162 2476 3299 2546 (59),
3322 2473 3613 2529 manifeste

2025 2570 2290 2641 Spiritum
2323 2586 2431 2624 non
2453 2585 2576 2625 esse
2602 2583 2633 2622 a
2683 2569 2801 2623 solo
2840 2567 3002 2623 Patre
3043 2568 3265 2622 tradunt
3298 2581 3362 2621 ac
3410 2563 3613 2620 mirum

2025 2661 2082 2715 in
2107 2660 2332 2716 modum
2355 2659 2562 2715 Latina:
2605 2657 2863 2713 Ecclesia:
2918 2657 3044 2712 ﬁdei
3101 2649 3494 2726 suffragantur.
3549 2652 3612 2708 Si

2025 2754 2195 2808 Filius
2219 2762 2305 2808 est
2337 2752 2478 2808 solus
2516 2752 2585 2807 de
2612 2752 2728 2807 solo
2754 2752 2934 2814 Patre,
2970 2765 3100 2821 ergo
3123 2747 3362 2818 Spiritus
3389 2762 3498 2800 non
3526 2752 3616 2800 est

2024 2847 2094 2902 de
2122 2846 2239 2902 solo
2266 2845 2458 2912 Patre;
2484 2860 2650 2916 porro
2681 2844 2786 2898 alia
2823 2857 3058 2914 persona
3090 2857 3204 2896 non
3243 2838 3506 2910 suppetit,
3547 2836 3616 2890 de

2025 2956 2133 3011 qua
2164 2939 2238 2994 sit
2268 2938 2456 3002 simul,
2487 2938 2594 2992 nisi
2640 2936 2833 2991 Filius.
2861 2935 3022 2992 Unde
3072 2943 3222 2989 recte
3275 2931 3610 2986 Itatramnus

2027 3027 2087 3101 (1.
2121 3026 2187 3092 ll,
2240 3041 2292 3082 c.
2335 3026 2389 3082 6.
2437 3043 2493 3097 ν.
2525 3027 2652 3082 2ῑο.
2706 3025 2794 3079 ed.
2830 3023 3023 3088 Musas)
3059 3040 3074 3076 :
3114 3041 3132 3074 ι
3174 3021 3424 3081 Dicatur,
3467 3016 3617 3087 quod

2030 3117 2201 3174 nostri
2229 3117 2415 3173 dixere
2443 3117 2679 3187 majores
2713 3133 2725 3170 :
2759 3113 2931 3169 Filius
2961 3102 3029 3168 ex.
3061 3113 3223 3168 Patre
3265 3119 3448 3174 natus,
3474 3108 3619 3164 solus

2028 3211 2093 3264 de
2118 3209 2252 3276 solo,
2317 3224 2382 3266 ac
2436 3225 2536 3278 per
2599 3209 2709 3263 hoc.
2761 3206 3110 3284 Unigenitus,
3175 3203 3421 3274 Spiritus
3485 3215 3618 3256 vero

2027 3309 2250 3356 sanctus
2277 3301 2346 3357 de
2411 3301 2575 3355 Patre
2630 3298 2851 3369 quidem
2887 3297 3212 3367 procedens,
3264 3294 3361 3350 sed
3407 3303 3512 3348 non
3553 3294 3620 3346 de

2025 3393 2137 3450 solo
2175 3392 2340 3459 solus,
2385 3392 2648 3463 quoniam
2688 3390 2938 3461 procedit
2969 3397 3027 3444 et
3077 3403 3107 3442 a
3142 3387 3302 3453 Filio,
3357 3400 3428 3440 ne
3478 3384 3615 3439 duo:

2025 3485 2164 3555 ﬁlios
2201 3484 2488 3540 videamur
2530 3481 2853 3554 praedicare,
2909 3478 3322 3551 processionem
3371 3475 3614 3545 Spiritus

2027 3577 2073 3631 si
2108 3577 2175 3632 de
2235 3576 2396 3631 Patre
2455 3573 2801 3630 solummodo
2851 3570 3235 3628 conﬁteamur.
3286 3587 3306 3622 ι
3362 3567 3508 3622 Sane
3570 3567 3616 3620 si

2029 3666 2168 3722 Filio
2189 3673 2275 3722 est
2297 3666 2597 3738 proprium,
2637 3673 2697 3720 ut
2726 3665 2796 3720 sit
2825 3663 2906 3719 'de
2953 3662 3118 3720 Patre
3147 3662 3284 3727 solo,
3316 3661 3427 3730 jam
3489 3675 3620 3729 pro-

2027 3757 2207 3828 prium
2239 3755 2360 3812 Filii
2391 3756 2590 3827 migrat
2633 3755 2690 3810 in
2745 3753 3032 3824 Spiritum,
3086 3753 3132 3807 si
3164 3751 3236 3806 sit
3276 3760 3332 3805 et
3377 3751 3495 3820 ipse
3537 3749 3621 3812 ,de

2030 3848 2146 3903 solo
2177 3847 2381 3914 Patre;
2422 3848 2642 3918 duoque
2703 3847 2961 3902 dicentur
3015 3843 3160 3898 Filii.
3193 3860 3215 3894 ›
3267 3843 3335 3896 Ει
3396 3856 3616 3896 rursum

2035 3940 2093 4011 (1.
2149 3956 2230 4006 ιιι,
2281 3955 2332 3995 e.
2383 3939 2437 3995 5.
2472 3955 2525 4010 p.
2579 3937 2708 4008 295)
2743 3953 2810 3993 ex
2857 3935 3148 4006 Fulgentio
3185 3934 3330 3988 idem
3379 3941 3571 3987 auctor
3602 3949 3629 3986 :-

2039 4051 2058 4085 ι
2095 4031 2401 4088 Commune
2448 4031 2671 4101 quidem
2725 4028 2872 4084 inest
2935 4029 3111 4083 tribus
3164 4025 3415 4096 personis
3451 4025 3621 4078 unius

2031 4133 2241 4179 naturae
2265 4121 2824 4188 consubstantialitas,
2866 4119 3158 4190 proprium
3182 4133 3312 4174 vero
3363 4115 3618 4186 singulis,

2031 4213 2178 4281 quod
2227 4213 2387 4267 Pater
2423 4212 2572 4267 solus
2620 4210 2831 4282 genuit,
2899 4209 3072 4264 Filius
3131 4207 3298 4263 solus.
3332 4212 3514 4259 natus.
3552 4205 3637 4258 de-

2034 4306 2192 4361 Patre
2215 4305 2351 4370 solo,
2393 4301 2634 4374 Spiritus
2667 4311 2889 4358 sanctus
2914 4301 3060 4371 quod
3084 4300 3153 4356 de
3177 4299 3337 4373 Patre
3362 4299 3617 4370 Filioque

2033 4395 2536 4468 procedit...,Quod
2559 4393 2944 4466 (postremum)
2963 4394 3007 4450 si
3029 4409 3232 4464 negare
3255 4393 3620 4452 contendunt.

340 4492 376 4547 ii
415 4491 547 4546 dum
598 4489 775 4563 Patris
836 4488 1142 4559 peculiares
1177 4489 1524 4544 characteres
1579 4486 1925 4551 describunt,
1953 4489 2008 4548 D
2034 4491 2240 4550 dicant,
2273 4487 2408 4558 quid
2461 4486 2511 4542 ei
2572 4485 2714 4557 (Sp.)
2773 4487 2846 4557 sit
2883 4487 3188 4557 proprimn.
3245 4484 3380 4539 Nam
3414 4475 3622 4553 piceu-

341 4583 562 4638 nonnisi
593 4583 660 4637 de
691 4581 1016 4652 paternitate
1055 4580 1205 4635 etde
1233 4579 1657 4635 innascibilitate
1687 4578 1928 4649 loquun-

341 4685 453 4731 tur.
477 4676 559 4731 Ita
583 4673 814 4729 Basilius
840 4673 941 4728 has
971 4672 1107 4728 duas
1130 4672 1307 4728 solum
1344 4680 1506 4727 notas
1531 4671 1759 4727 adducit
1786 4670 1926 4743 (58),

349 4865 552 4924 i’indic.
578 4883 694 4937 syn.
730 4865 919 4933 Ephes.
952 4881 1006 4937 c.
1034 4865 1122 4926 66,
1152 4881 1205 4934 p.
1234 4864 1486 4937 Lﬁoiseq.
1517 4863 1801 4918 Interdum
1831 4865 1936 4921 alia

346 4935 622 4992 vocabula
661 4938 805 4991 idem
858 4936 1220 5006 exprimentia
1270 4935 1628 5006 adhibentur,
1686 4944 1745 4988 ut
1789 4937 1936 5006 apud

348 5007 512 5062 Basil.
545 5024 635 5078 cp.
661 5009 788 5072 256,
822 5023 878 5060 ιι.
917 5005 949 5060 6
980 5025 994 5061 :
1032 5005 1333 5078 Πατρόιεῃς,
1367 5005 1898 5078 υἰότηςηὰγιασμρς.

419 5079 532 5143 (57)
558 5073 633 5132 De
663 5079 749 5132 bis
778 5077 924 5130 valet
950 5075 1091 5144 quod
1119 5073 1195 5130 ait
1230 5073 1361 5128 Naz.
1391 5073 1546 5127 Orat.
1567 5073 1631 5144 in
1664 5073 1935 5144 Epiphan.

349 5147 593 5214 Τὸίῖδιον
616 5149 851 5201 ἑκάστου
880 5145 1246 5214 ἀκοινώτητὸν
1279 5146 1428 5196 ἐστιν
1450 5160 1462 5174 ο
1494 5143 1672 5214 ἄλλως
1697 5143 1805 5214 γὰρ
1836 5146 1938 5199 οὐκ

353 5219 416 5272 ἂν
432 5213 503 5287 ἦν
533 5217 752 5286 ἰδίωμα,
781 5219 829 5270 εἰ
857 5213 1278 5287 μετέπιπτε-καί
1305 5213 1636 5287 μετεξέρετρ
1661 5213 1799 5284 πρὸς
1820 5214 1939 5287 ἔτι-ετ

356 5282 469 5356 ρονζ
508 5282 668 5357 quod
707 5282 930 5342 uberius
983 5285 1206 5356 exponit
1249 5283 1407 5340 Joan.
1441 5282 1636 5339 Theol.
1682 5282 1821 5339 s‘ess.
1870 5285 1938 5340 i8

354 5357 720 5429 Flor._(ll_ard_.
751 5357 844 5429 ιιι.
871 5355 1020 5429 2οη.
1056 5425 1132 5429 μμ
1389 5424 1399 5429 _
1619 5421 1684 5429 η
1777 5423 1829 5429 __
1885 5423 1924 5429 μ

416 5375 501 5413 01⁵.
531 5374 720 5413 illa”).
751 5374 844 5413 ΙᾹ.
871 5374 1020 5413 ἌυΗ.

305 5472 312 5478 .
426 5421 550 5496 (58)’
579 5427 740 5481 Basil.
776 5426 881 5495 Ep.
925 5426 988 5496 tle
1031 5425 1143 5496 diﬂ‘.
1189 5441 1270 5478 us.
1303 5431 1351 5477 et
1375 5424 1585 5496 Izypost.
1619 5421 1688 5496 5S
1717 5423 1838 5496 :7'0
1880 5423 1939 5496 δξ

325 5508 333 5517 ’
359 5493 449 5552 imi.
473 5493 694 5550 πᾶντων
724 5493 856 5556 Θεὸξ
887 5493 1165 5564 ἐξαίρε-ιτόν
1201 5512 1253 5546 τι
1288 5493 1579 5564 γνώρισμα
1614 5493 1716 5561 τῆς
1742 5495 1938 5546 ἑαυτοῦ

361 5568 710 5636 ὑποστάσεως
730 5568 791 5620 τὸ
819 5560 1183 5636 Πειτὴρέἷντιιι⁸
1205 5560 1310 5636 καί
1331 5560 1416 5636 ἐᾷ’
1449 5560 1730 5636 μήδηλμιᾶς
1757 5564 1940 5636 αἰτίας

361 5634 660 5706 ὑποστῆναι.
700 5637 860 5706 μόνος
900 5632 1021 5706 νὲχέι
1050 5636 1142 5688 καὶ
1165 5633 1252 5687 διὰ
1280 5632 1474 5706 τούτοιν
1513 5632 1677 5687 πάλιν
1711 5633 1807 5686 τοῦ
1840 5650 1940 5703 ση-

367 5709 516 5778 μείου
556 5703 838 5778 Sceledro;
875 5703 1166 5778 ἰδιαζόντος
1207 5703 1652 5778 ὲπῃγινὼσιιεξατ..

432 5781 541 5849 (59)
607 5777 660 5831 ld
712 5765 834 5849 jam'
877 5765 1073 5848 legitur
1127 5765 1180 5829 in
1249 5765 1497 5844 Gregorii
1546 5765 1937 5846 Thaumaturgi

2036 4581 2114 4633 aio
2137 4577 2249 4650 (40)
2275 4579 2342 4632 de
2374 4577 2536 4633 Patre
2564 4577 2874 4632 communis
2924 4585 3010 4632 est
3040 4577 3205 4631 etiam
3246 4573 3436 4641 ,Filio;
3487 4590 3619 4643 quo-

2037 4673 2186 4730 niam
2239 4687 2420 4729 οωιιθι
2438 4671 2586 4742 quod
2632 4671 2898 4736 nascitur,-
2956 4669 3204 4741 procedit
3248 4667 3461 4732 etiam;
3489 4680 3619 4736 ergo

2036 4871 2290 4946 Qoul’ess.
2328 4870 2472 4946 apud
2497 4869 2660 4941 Grcg.
2693 4869 2930 4946 Eyssen;
2970 4865 3110 4946 Opp.
3141 4853 3372 4946 iunci}?
3421 4863 3618 4946 (rint).

2039 4943 2311 5012 Passaglia
2339 4935 2648 5012 comment.
2685 4935 2854 4993 theol.
2888 4937 2964 4990 De
2999 4935 3195 5012 Triuia
3228 4935 3415 5012 Romae
3438 4935 3614 5012 defit,

2038 5004 2379 5084 parte'it,_p.
2409 5010 2473 5065 ’51
2506 5011 2619 5084 ὅίᾒ,
2647 5023 2868 5084 rursum
2894 5023 2985 5077 ap.
3030 5006 3270 5084 gxsse‘n.
3319 5004 3390 5084 ad
3423 5004 3618 5084 Ablab.

2040 5073 2096 5152 ἱ).
2125 5083 2250 5139 459.
2277 5073 2485 5152 contra
2507 5079 2766 5152 nEunont.
2865 5093 2904 5139 ι,
2929 5073 3154 5152 ’ρκ’ῑελ
3173 5073 3449 5152 ἰζβίμιιειιι.
3481 5074 3615 5152 ha>._r.

2038 5145 2130 5214 '75,
2155 5169 2208 5222 p.
2245 5151 2370 5207 582.
2398 5150 2580 5204 Basilii
2601 5151 2765 5204 verba
2799 5148 2852 5201 in
2871 5145 2958 5215 ep.
2977 5146 3073 5200 cit.
3100 5145 3277 5207 Μόνος
3309 5145 3619 5212 μονογενῶς

2041 5226 2105 5276 ἐκ
2137 5223 2232 5276 τοῦ
2267 5223 2565 5289 ἁγεννὴτου
2597 5217 2774 5289 (ρωπος
2804 5215 3352 5289 ὲκ).άμψαςῌίιάάςιρίι
3401 5230 3621 5284 quoque

2041 5251 2105 5276 ικ
2137 5251 2232 5276 τυυ
2267 5251 2565 5290 υομρννιμυυ
2597 5251 2771 5287 γωδ-ιι,
2805 5251 3091 5287 θηηυιμγυιε,
3126 5251 3352 5270 auum.
3401 5251 3619 5284 ιιυυιίυυ

2038 5292 2269 5362 Niceph.
2333 5290 2633 5362 Blcmmida
2685 5287 2890 5362 (φρ.
2915 5358 2926 5362 _
2953 5303 2992 5350 I.
3040 5285 3158 5362 ﬂ).
3214 5284 3619 5362 ἰξυῖ-ωριῖτιεξεὲξ

2039 5353 2235 5432 ϐροιῖς.
2277 5362 2510 5432 Metoclt.
2549 5353 3634 5432 gontra_Maa:i1_1_t.'Plaustri.(itu-IILQE)?~

2039 5449 2158 5504 seq.
2187 5423 2325 5504 7051
2354 5429 2499 5501 seq.)
2539 5430 2700 5504 Greg.
2739 5426 2888 5504 Patr.
2914 5427 3012 5494 (ib.
3051 5427 3092 5481 Ι.
3135 5426 3260 5504 425,
3296 5423 3421 5503 426,
3451 5423 3601 5494 465.)

2113 5497 2225 5573 ι’4υ)
2281 5497 2489 5573 Notus—11'
2530 5511 2612 5573 est
2651 5497 2946 5573 dupliciter
3003 5497 3370 5573 processimus
3417 5507 3622 5573 nomen

2041 5562 2314 5628 adhiberi.
2341 5570 2428 5625 Cf.
2458 5571 2516 5640 S.
2552 5562 2750 5624 Thom".
2782 5584 2836 5638 p.
2856 5569 2923 5640 fl,
2953 5562 3019 5636 q.'
3040 5565 3228 5640 56,__a.
3263 5562 3505 5640 2,__corp.
3526 5564 3620 5640 __i_n

2041 5645 2244 5768 ιὶιιιίῡιέι
2269 5642 2429 5768 ἦᾏεινηῑ
2458 5629 2649 5697 Theol.
2684 5629 2822 5696 sess.
2857 5629 2921 5693 18
2947 5629 3104 5694 c'onc.
3136 5631 3283 5688 Flor.
3309 5629 3500 5704 (Harii.
3526 5631 3622 5699 1X,

2042 5730 2096 5768 ἰ)-
2236 5746 2247 5768 -.
2354 5739 2406 5768 ο).
2767 5751 2770 5753 ,

2042 5714 2429 5784 p.192,193)
2767 5751 2770 5753 .
