4032 6484
285 386 389 450 473

980 387 1079 449 DE
1115 390 1173 449 S.
1217 393 1411 452 SPIR.
1454 392 1850 453 MYSTAGOG
1863 392 1961 452 EA.
1997 416 2067 453 τ·-
2094 390 2844 459 ANIMADVERSIONES.

3456 400 3561 466 474

283 512 392 553 non
436 504 627 551 autem
660 504 718 552 ut
744 496 1013 571 originem
1049 501 1334 558 formalem
1365 505 1682 574 exprimunt
1726 504 1862 574 (44),
1891 502 1943 563 Α
1967 504 2233 569 Quaelibet
2261 522 2499 577 persona
2530 510 2749 563 nonnisi
2782 524 2947 563 unam
2978 511 3390 569 constitutivam
3424 532 3554 584 pro—

282 591 408 662 quia
426 590 606 646 forma
627 592 970 650 constituens
989 592 1137 666 [232]
1164 610 1453 663 personam
1474 595 1688 665 concipi
1714 594 1877 649 debet

284 691 342 735 ut
362 682 575 751 aliquid
597 698 845 753 personas
862 684 1244 753 intrinsecum,
1275 686 1442 739 fixum
1467 695 1523 739 et
1547 701 1877 756 permanen-

286 784 364 827 ter
392 772 694 838 exsistens,
742 776 887 845 quod
921 776 1036 846 ipsa
1084 778 1354 847 perseitas
1380 794 1535 847 teque
1564 793 1628 832 ac
1659 778 1875 831 subsis-

287 864 468 918 tentia:
503 866 645 919 ratio
677 867 896 921 videtur
924 867 1163 938 exigere,
1194 868 1333 922 nihil
1360 885 1490 922 vero
1518 869 1797 938 ejusmodi
1820 869 1875 921 in

283 964 557 1024 conceptu
611 956 856 1011 fornialis
907 959 1137 1028 originis
1181 967 1445 1030 apparet;
1496 960 1695 1014 deinde
1747 961 1874 1029 quia

280 1047 520 1117 origines
569 1057 757 1118 utpote
804 1049 1071 1117 actiones,
1114 1066 1235 1120 quae
1280 1052 1687 1121 suppositorum
1721 1060 1871 1116 sunt,

282 1153 386 1191 non
425 1140 778 1194 constituunt
806 1144 1091 1210 supposita
1142 1143 1501 1215 producentia
1534 1143 1630 1197 sed
1671 1158 1875 1197 secun-

280 1218 407 1285 dum
490 1242 749 1287 nostrum
824 1233 1160 1304 intelligendi
1245 1216 1470 1289 modum
1532 1244 1868 1304 supponunt.

285 1340 305 1373 ο
348 1323 653 1391 Speciatim
688 1324 758 1378 de
786 1326 1130 1394 paternitate.
1166 1326 1291 1381 Hmc
1320 1328 1467 1381 enim
1498 1328 1552 1382 in
1584 1327 1783 1382 divinis
1816 1336 1875 1381 ut

277 1413 469 1468 relatio
504 1415 1008 1470 transcendentalis
1038 1418 1107 1472 ab
1133 1418 1352 1473 actione
1381 1418 1499 1488 ipsa
1533 1434 1639 1473 non
1663 1419 1873 1473 consti-

280 1504 475 1569 tuitur,
511 1515 571 1560 ct
601 1516 662 1560 ut
686 1508 1020 1578 principium
1066 1526 1177 1580 quo
1218 1510 1524 1579 proximum
1560 1510 1871 1581 generatio-

278 1598 358 1651 nis
390 1606 525 1652 ante
577 1598 847 1669 originem
896 1603 1346 1671 praesupponitur
1371 1612 1425 1656 et
1456 1612 1516 1656 ut
1559 1603 1869 1657 subsistens

276 1691 447 1747 forma
488 1695 773 1750 antecedit
812 1697 1113 1751 terminum
1157 1699 1387 1768 ejusque
1423 1699 1867 1768 productionem.

277 1781 347 1836 De
389 1783 690 1852 spiratione
720 1795 905 1841 autem
959 1789 1135 1842 activa
1180 1804 1305 1843 cum
1352 1798 1590 1854 constet,
1626 1805 1696 1842 ne
1731 1790 1871 1842 hanc

275 1875 494 1943 quidem
524 1878 868 1932 constituere
898 1877 1136 1944 Patrem,
1168 1888 1263 1933 aut
1292 1880 1512 1940 Filium.
1549 1880 1643 1934 sed
1675 1896 1869 1934 secun-

273 1970 396 2021 dum
441 1968 721 2023 rationem
760 1986 1074 2039 supponere
1115 1971 1229 2041 jam
1274 1973 1603 2026 constitutos
1644 1988 1743 2041 per
1771 1988 1869 2041 pa-

273 2058 601 2114 ternitatem
651 2076 715 2116 ac
755 2061 1107 2129 liliationem;
1146 2064 1321 2118 multo
1361 2065 1545 2119 minus
1591 2066 1747 2135 origo
1783 2064 1866 2119 vel

271 2152 408 2205 actio
445 2153 722 2222 spirativa
757 2164 1016 2225 tauquam
1048 2156 1262 2211 illarum
1303 2174 1661 2228 personarum
1690 2158 1865 2213 forma

272 2242 635 2299 Constitutiva
682 2246 913 2318 cogitari
944 2248 1172 2317 poterit.
1201 2249 1357 2315 Quod
1409 2249 1608 2303 attinet
1642 2250 1710 2303 ad
1739 2265 1865 2319 per-

272 2351 428 2392 sonas
469 2340 799 2408 productas,
836 2341 920 2394 hae
950 2340 1002 2393 in
1030 2351 1299 2410 conceptu
1328 2341 1539 2396 formali
1569 2342 1865 2397 universim

270 2427 455 2483 dicunt
485 2445 544 2482 ra
560 2430 764 2483 tionem
793 2431 1012 2484 termini
1041 2440 1097 2485 et
1123 2432 1397 2500 producti,
1426 2433 1707 2502 speciatim
1732 2449 1865 2489 vero

273 2522 535 2576 rationem
591 2523 680 2576 vel
719 2521 883 2577 Verbi
913 2524 999 2584 vel
1047 2524 1287 2593 Spiritus
1328 2526 1713 2592 subsistentis;
1767 2528 1864 2581 sed

274 2621 477 2666 certum
530 2621 658 2677 est,
700 2613 844 2668 viam
880 2614 945 2667 ad
989 2615 1318 2682 terminum,
1363 2617 1776 2686 productionem
1809 2618 1863 2671 in

274 2703 405 2768 ﬁeri,
455 2705 740 2758 actionem
791 2704 1047 2759 dictionis
1092 2715 1187 2759 aut
1233 2707 1439 2760 amoris
1477 2707 1659 2761 adhuc
1708 2706 1863 2776 quasi

272 2793 526 2849 ﬂuentem
585 2797 808 2859 anteire,
845 2814 949 2850 non
985 2799 1298 2851 constituere
1332 2799 1623 2853 terminum
1658 2799 1859 2868 ipsum,

274 2886 604 2953 productum
667 2889 1039 2957 completum,
1086 2897 1140 2943 et
1186 2890 1422 2944 Verbum
1468 2904 1532 2945 ac
1588 2889 1857 2959 Spiritum

274 2976 606 3045 perfectum.
651 2998 669 3031 ι
706 2981 954 3050 Denique
994 2982 1256 3036 observat
1285 2981 1364 3053 (n.
1396 2981 1522 3049 586)
1558 2999 1571 3036 :
1611 2999 1630 3033 ι
1672 2981 1863 3047 Quan-

272 3084 425 3136 quam
451 3085 519 3124 ex
554 3070 717 3125 dictis
745 3072 925 3127 omnis
955 3073 1261 3142 proprietas
1292 3073 1632 3144 bypostatica
1667 3074 1740 3129 sit
1769 3091 1861 3130 re-

1978 597 2265 666 prietatem
2296 599 2498 654 habere
2522 608 2725 670 potest,
2754 602 2880 671 quia
2909 604 3280 659 constitutivze
3310 608 3560 675 proprie~

1979 697 2118 742 tates
2170 688 2392 742 realiter
2441 690 2585 744 idem
2621 701 2750 746 sunt
2788 700 2851 746 ac
2885 708 3137 762 persona:
3193 695 3563 749 subsistentes

1978 784 2175 829 etcum
2208 776 2293 830 liis
2322 776 2731 833 identificantur
2764 780 2909 850 (45);
2956 782 3100 837 unde
3131 782 3314 849 Pater,
3348 785 3391 837 si
3425 785 3564 840 duas

1978 864 2204 920 haberet
2255 867 2523 935 ejusmodi
2581 870 2980 938 proprietates,
3011 888 3119 925 non
3164 889 3272 927 una
3328 888 3563 942 persona

1976 966 2144 1021 esset,
2172 958 2267 1012 sed
2294 960 2433 1013 dum.
2466 960 2701 1014 Proinde
2730 961 2889 1016 Pater
2914 978 3024 1017 non
3050 964 3208 1018 simul
3235 967 3564 1034 paternitate

1976 1057 2032 1102 et
2067 1050 2370 1118 spiratione
2420 1051 2797 1116 constituitur,
2839 1056 2933 1109 sed
2967 1064 3061 1108 aut
3106 1058 3436 1125 paternitate
3467 1067 3563 1112 aut

1976 1140 2291 1208 spiratione.
2331 1139 2437 1194 Sed
2467 1139 2625 1195 Pater
2662 1144 2991 1211 paternitate
3025 1146 3318 1201 manifeste
3353 1148 3566 1201 consti-

1977 1233 2180 1288 tuitur:
2234 1232 2395 1286 Pater
2430 1233 2631 1286 dicitur
2662 1244 2716 1287 et
2755 1244 2840 1289 est
2885 1235 3010 1303 quia
3048 1246 3273 1306 generat
3325 1237 3562 1301 Filium;

1974 1332 2029 1377 et
2054 1332 2181 1377 ante
2225 1322 2491 1392 Spiritum
2538 1325 2848 1395 concipitur
2897 1326 3092 1388 Filius,
3145 1336 3273 1381 ante
3302 1329 3559 1396 spiratio-

1973 1428 2101 1465 nem
2134 1413 2444 1482 generatio;
2485 1414 2739 1469 universa
2793 1418 3031 1487 denique
3068 1419 3291 1473 traditio
3320 1420 3561 1488 paterni-

1978 1516 2143 1562 tatem
2188 1516 2248 1562 ut
2284 1510 2696 1565 constitutivam
2746 1512 2928 1567 Patris
2969 1522 3234 1568 tesseram
3267 1516 3557 1584 spectavit,

1975 1607 2036 1652 ut
2062 1615 2222 1670 supra
2270 1599 2320 1671 (§
2359 1601 2412 1669 5)
2459 1612 2745 1657 ostensum
2798 1612 2903 1658 cst.
2936 1604 3056 1658 Jam
3094 1620 3223 1657 vero
3256 1606 3299 1659 si
3333 1605 3560 1674 spiratio

1975 1689 2189 1745 Patrem
2244 1706 2354 1746 non
2407 1693 2733 1759 constituit,
2794 1710 2974 1764 neque
3034 1696 3231 1750 rationi
3284 1695 3407 1749 Filii
3449 1696 3558 1750 ullo

1972 1784 2136 1840 modo
2173 1785 2489 1855 opponitur,
2537 1802 2602 1841 ea
2652 1802 2764 1841 non
2804 1788 2983 1843 Patris
3029 1796 3117 1843 est
3166 1789 3408 1859 propria,
3461 1789 3557 1843 sed

1907 1863 1945 1917 Β
1971 1875 2119 1929 Patri
2152 1875 2396 1947 Filioque
2427 1879 2735 1933 communis
2767 1879 2900 1950 (46).
2937 1880 3177 1936 Uberius
3206 1880 3260 1934 id
3296 1881 3557 1935 evolven-

1970 1980 2078 2026 tcm
2115 1971 2493 2027 Bessarionem
2522 1979 2628 2025 art.
2659 1988 2774 2041 seq.
2805 1970 2832 2042 §
2864 1971 2950 2035 13',
2981 1972 3339 2027 adducemus.

2039 2065 2093 2119 8.
2126 2044 2397 2134 Sequitur"
2411 2065 2633 2118 tertium
2664 2064 2890 2119 cﬂ‘atum
2912 2083 2924 2119 :
2947 2064 3115 2119 Pater
3142 2076 3215 2120 est
3236 2068 3555 2136 principium

1968 2172 2149 2209 eorum
2171 2172 2288 2222 qua:
2318 2173 2382 2210 ex
2417 2156 2530 2225 ipso
2564 2166 2684 2210 sunt
2712 2174 2814 2209 non
2836 2158 3043 2210 ratione
3066 2168 3295 2223 παίω-ω,
3333 2160 3423 2212 sed
3461 2177 3554 2212 ra-

1969 2248 2111 2299 tione
2138 2263 2377 2314 personaz
2404 2248 2474 2315 (c.
2503 2246 2617 2316 15),
2658 2248 2801 2316 quod
2834 2248 2977 2317 apud
3000 2246 3181 2301 Photii
3213 2250 3466 2309 asseclas,
3496 2257 3557 2302 ut

1967 2337 2176 2392 Bcccus
2205 2339 2441 2393 advertit
2466 2339 2540 2407 (in
2567 2337 2717 2410 [254]
2750 2338 2959 2393 Camat.
3018 2339 3081 2395 (ἔ.
3115 2339 3176 2394 0.
3211 2339 3273 2405 ll,
3308 2340 3457 2409 ζΞΟΙ),
3496 2341 3553 2394 in

1966 2429 2179 2485 axioma
2212 2430 2448 2483 transiit.
2470 2430 2551 2483 Ex
2576 2431 2679 2484 hoc
2710 2430 2888 2500 arguit
2912 2438 3103 2484 contra
3129 2430 3361 2485 Beccum
3384 2431 3553 2485 Geor-

1968 2518 2087 2586 gius
2134 2518 2364 2589 Cyprius
2400 2519 2564 2588 (apud
2601 2519 2759 2574 Becc.
2799 2520 2855 2573 in
2904 2530 3038 2575 tom.
3083 2520 3246 2592 Cypr.
3278 2522 3341 2577 ϐ.
3376 2521 3439 2576 0.
3482 2521 3549 2588 ii,

1968 2608 2071 2662 158
2099 2622 2214 2677 seq.
2248 2609 2375 2673 256,
2401 2609 2553 2678 237).
2589 2608 2859 2664 Viderunt
2886 2611 3176 2665 orthodoxi
3211 2612 3345 2665 satis
3371 2623 3549 2675 acute,

1966 2715 2075 2753 non
2122 2699 2444 2769 simpliciter
2479 2700 2609 2754 illud
2654 2701 2836 2770 negari
2883 2716 3066 2770 posse,
3118 2701 3321 2757 habere
3369 2712 3550 2755 tamen

1965 2791 2108 2859 apud
2150 2790 2404 2845 Pliotium
2444 2807 2669 2861 pravum
2717 2793 3006 2859 quemdam
3062 2809 3281 2849 sensum
3328 2795 3552 2849 minime

1968 2883 2334 2937 tolerandum.
2358 2881 2497 2937 liinc
2518 2882 2771 2937 laudatus
2805 2883 3224 2953 Byzantinorum
3243 2886 3552 2954 patriarcha

1966 2975 2282 3030 adversario
2316 2975 2536 3045 quidem
2563 2974 2814 3031 concedit
2838 2975 2898 3047 (Ι.
2931 2990 2982 3030 c.
3010 2991 3061 3030 c.
3088 2977 3175 3041 tl,
3204 2992 3254 3046 p.
3281 2978 3433 3044 9.57),
3457 2978 3555 3033 Pa-

1968 3075 2104 3120 trem
2132 3082 2243 3120 non
2268 3067 2479 3120 ratione
2508 3074 2740 3130 naturai,
2771 3066 2868 3121 sed
2901 3066 3114 3121 ratione
3145 3083 3395 3136 persona:
3429 3083 3555 3121 esse

272 3160 448 3225 lativa,
477 3168 674 3217 tamen
699 3179 794 3217 nec
823 3166 993 3218 omnis
1028 3164 1252 3219 relativa
1293 3182 1385 3219 nec
1414 3167 1582 3219 omnis
1614 3168 1858 3220 notiona-
1886 3204 1928 3262 ϐ
1965 3175 2183 3215 causam
2216 3175 2408 3213 eorum
2452 3173 2573 3228 qum
2602 3174 2669 3212 ex
2702 3158 2856 3227 ipso;
2883 3160 2979 3213 sed
3005 3160 3077 3213 ibi
3106 3176 3230 3213 cum
3266 3160 3553 3214 Pbotianis

274 3249 331 3303 iis
371 3253 678 3320 proprietas
717 3263 792 3307 est
836 3254 1186 3324 hypostatica.
1220 3255 1355 3309 Cum
1406 3256 1553 3311 enim
1609 3257 1726 3312 haec
1762 3273 1860 3326 per

273 3344 485 3398 modum
534 3346 963 3401 determinautis
992 3348 1059 3401 ad
1089 3362 1211 3402 esse
1238 3350 1547 3418 personale,
1578 3350 1858 3419 propn‘um

273 3450 333 3490 ac
373 3436 944 3505 incommunicabile,
1016 3455 1348 3495 concurrere
1412 3441 1646 3506 debeat;
1713 3441 1860 3497 illius

273 3528 403 3582 ratio
432 3536 488 3582 et
514 3529 824 3585 formalitas
867 3548 959 3585 nec
990 3533 1397 3588 innascibititati
1443 3550 1535 3588 nec
1574 3536 1859 3605 spirationi

272 3621 448 3675 actim:
480 3624 748 3692 congruit.
777 3622 894 3677 Non
924 3625 1355 3690 innascibilitati,
1387 3626 1514 3696 quia
1539 3627 1691 3697 juxta
1718 3631 1856 3699 Aug.

273 3710 347 3765 De
375 3711 520 3766 Trin.
561 3731 615 3777 γ,
640 3712 693 3767 6.
723 3714 833 3767 Nec
865 3716 982 3769 ideo
1030 3718 1249 3787 quisque
1277 3726 1450 3788 pater,
1493 3720 1618 3789 quia
1651 3721 1860 3789 ingeni-

276 3816 368 3871 tus,
413 3824 507 3860 nec
555 3809 817 3878 ingenitus
868 3810 984 3863 ideo
1028 3811 1153 3880 quia
1187 3820 1370 3879 pater;
1400 3812 1645 3882 adeoque
1677 3814 1745 3868 ab
1776 3813 1861 3867 in—

278 3900 641 3955 nascibilitate
692 3911 848 3970 pater
895 3903 951 3956 in
996 3919 1120 3957 esse
1162 3906 1336 3974 patris
1367 3920 1432 3959 ac
1458 3921 1707 3975 persona:
1756 3922 1862 3962 nec

276 3989 670 4045 determinatur
708 4008 810 4047 nec
840 3994 1219 4048 constituitur.
1259 3993 1449 4065 Neque
1493 3996 1657 4050 etiam
1689 3998 1862 4066 spira-

279 4081 401 4135 tioni
454 4084 672 4137 activae.
721 4082 982 4149 Quamvis
1018 4083 1166 4137 enim
1206 4084 1321 4138 haec
1348 4085 1568 4154 propria
1603 4086 1674 4138 sit
1715 4084 1859 4139 Patri

275 4181 325 4227 et
352 4172 507 4239 Filio,
539 4183 727 4229 tamen
757 4190 860 4229 nec
907 4174 1058 4229 illum
1092 4175 1146 4229 in
1187 4190 1309 4231 esse
1349 4175 1547 4241 Patris,
1585 4191 1689 4231 nec
1714 4177 1860 4232 hunc

277 4265 327 4318 in
351 4281 472 4322 esse
499 4267 628 4321 Filii
661 4267 810 4339 [233]
843 4268 1211 4335 determinat;
1245 4269 1513 4337 alioquin,
1543 4284 1669 4323 cum
1713 4269 1857 4322 utri-

272 4373 371 4427 que
391 4359 463 4412 sit
512 4360 863 4424 communis,
927 4360 1087 4415 Pater
1127 4368 1275 4414 esset
1322 4359 1492 4414 Filius
1537 4370 1591 4414 et
1618 4360 1858 4415 vicissim

275 4449 404 4505 Filio
428 4453 730 4522 paternitas
766 4452 1108 4508 conveniret.
1142 4451 1299 4508 Unde
1328 4454 1491 4509 habet
1517 4469 1576 4509 se
1605 4464 1858 4524 respectu

1961 3261 2171 3307 naturae
2212 3260 2523 3321 respectum
2557 3266 2785 3320 prorsus
2828 3251 3041 3305 excludi
3077 3260 3442 3321 naturamque
3483 3252 3556 3306 ab

1962 3343 2237 3416 hypostasi
2294 3343 2534 3413 separari
2582 3354 2768 3409 vetat;
2821 3345 3126 3414 meliusque
3172 3361 3239 3399 ex
3300 3345 3558 3400 Patrilius
3652 3390 3655 3393 λ

1962 3438 2069 3494 dici
2103 3442 2506 3508 propugnat(c.
2547 3437 2634 3504 15,
2675 3454 2731 3507 p.
2760 3437 2889 3508 946)
2942 3445 3054 3492 tum
3103 3439 3246 3509 λόγῳ
3276 3440 3373 3508 τῆς
3419 3440 3552 3491 ὐπο-

1964 3532 2209 3594 στάσεως
2260 3539 2372 3585 tum
2428 3529 2571 3599 λόγῳ
2625 3530 2724 3598 τῆς
2782 3530 2998 3598 φύσεως
3047 3531 3379 3601 principium
3426 3546 3557 3585 esse

1962 3623 2201 3678 Patrem.
2259 3623 2480 3677 Certum
2504 3632 2589 3677 est
2611 3623 2903 3677 essentiam
2932 3624 2999 3676 ab
3024 3623 3301 3693 hypostasi
3328 3623 3548 3677 nonnisi

1962 3718 2175 3771 ratione
2235 3714 2483 3780 diﬂ‘errc,
2517 3730 2697 3784 neque
2742 3715 2931 3768 οὐσίαν
2967 3715 3343 3767 ἀνυπόστατον
3370 3731 3559 3785 neque

1965 3810 2262 3863 ὑπόστασιν
2293 3807 2542 3862 ἀνούσιον
2564 3807 2789 3879 cogitari
2821 3823 3005 3877 posse,
3039 3816 3102 3861 ut
3123 3807 3362 3861 Thomas
3392 3817 3468 3879 (ρ.
3497 3811 3548 3871 1,

1963 3920 2019 3973 q.
2056 3904 2145 3969 39,
2173 3918 2225 3957 a.
2267 3902 2318 3973 i)
2353 3911 2408 3956 et
2427 3901 2683 3957 Petavius
2718 3901 2819 3973 (De
2851 3901 2995 3955 Trin.
3028 3900 3142 3965 Vll,
3181 3901 3271 3965 15,
3305 3901 3372 3955 15
3403 3902 3557 3971 seq.)

1964 3994 2331 4049 dcclarantJd
2356 4009 2457 4048 nec
2478 3993 2580 4062 ipsi
2609 3993 2945 4048 schismatici
2969 4009 3197 4063 prorsus
3216 3993 3553 4059 dillitentur;

1966 4084 2016 4139 id
2060 4083 2359 4152 Gregorius
2400 4083 2634 4153 Cyprius
2668 4082 2833 4153 (apud
2866 4082 3022 4137 Becc.
3061 4083 3099 4136 ι.
3140 4099 3154 4137 I
3203 4082 3382 4138 Const.
3416 4099 3462 4137 c.
3490 4081 3547 4144 5.

1964 4174 2028 4241 6;
2067 4175 2121 4228 in
2154 4184 2288 4228 tom.
2320 4175 2487 4244 (Iypr.
2521 4182 2663 4229 orat.
2701 4175 2759 4237 2,
2795 4188 2845 4227 c.
2875 4173 2937 4239 5;
2970 4172 3034 4228 G.
3067 4172 3131 4227 0.
3168 4170 3234 4237 ll,
3281 4159 3550 4235 156-138,

1962 4265 2090 4336 258)
2123 4265 2381 4319 concedit
2402 4263 2539 4336 (47).
2571 4264 2714 4318 llinc
2746 4262 3013 4333 Georgius
3049 4263 3449 4333 Trapezuntius
3481 4263 3555 4316 ad

1962 4356 2047 4412 Jo.
2078 4350 2302 4411 Cuboel.
2335 4371 2383 4410 c.
2414 4356 2474 4409 Η
2508 4372 2521 4420 ;
2570 4355 2633 4411 G.
2679 4360 2742 4408 0.
2774 4354 2813 4420 I,
2844 4356 2943 4410 491
2975 4355 3115 4425 seq.)
3153 4372 3167 4408 :
3207 4375 3224 4404 ο
3264 4354 3555 4419 Quomodo

1966 4446 2245 4516 concipies
2284 4446 2625 4516 bypostasin,
2650 4445 2696 4499 si
2729 4445 2785 4498 in
2809 4445 3048 4499 essentia
3083 4445 3251 4514 ipsam
3278 4460 3391 4498 non
3416 4458 3555 4497 cou-

278 4543 576 4613 utriusque,
631 4545 772 4598 sicut
821 4544 1094 4607 essentia,
1153 4560 1444 4599 commune
1502 4545 1754 4615 pluribus
1804 4555 1859 4600 et
1890 4537 2327 4602 Dsidcraveris?
2381 4537 2686 4591 Essentiam
2743 4537 2889 4590 enim
2937 4545 2993 4591 et
3039 4549 3290 4591 naturam
3345 4537 3558 4605 absque

277 4636 686 4691 dcterminabile
709 4655 723 4702 ;
750 4638 991 4708 dumque
1019 4639 1305 4693 constituit
1325 4638 1540 4695 Patrem
1575 4648 1631 4693 et
1659 4639 1853 4693 Filium

279 4724 329 4778 in
366 4742 490 4781 esse
544 4728 835 4796 spiratoris
887 4728 1131 4784 distincti
1166 4745 1195 4783 a
1227 4728 1431 4799 Spiritu
1486 4739 1697 4795 sancto,
1750 4730 1857 4785 illis

278 4819 567 4887 suppositis
596 4818 649 4873 in
679 4836 776 4875 sua
800 4836 1034 4891 persona
1052 4824 1163 4893 jam
1201 4823 1520 4879 constitutis
1545 4824 1857 4892 concipitur

278 4912 628 4988 supervenire
657 4912 773 4967 haec
806 4914 1017 4978 relatio,
1065 4926 1323 4985 tanquam
1356 4914 1650 4984 perliciens
1682 4914 1857 4983 expli-

279 4998 431 5053 citam
473 5017 665 5056 eorum
712 5002 1146 5059 distinctionem.
1196 5024 1215 5056 ι
1263 5004 1370 5060 Sed
1410 5006 1477 5059 ad
1526 5016 1853 5075 praesentem

281 5091 656 5147 tractationem
714 5093 918 5149 sufficit
975 5096 1207 5165 simplex
1238 5096 1356 5151 haec
1405 5096 1853 5152 demonstratio:

349 5258 577 5334 (illum
612 5260 900 5334 Bessarion
952 5262 1111 5331 Resp.
1158 5265 1228 5316 ad
1265 5263 1432 5318 Marc.
1497 5264 1636 5334 Eph.
1689 5280 1739 5319 c.
1791 5266 1856 5321 i8

287 5325 430 5404 (eos.
470 5330 708 5404 Mpn.27
744 5331 913 5404 f._230
951 5336 1029 5404 ξι.)
1058 5325 1101 5404 ἐκ
1143 5334 1383 5404 Πρώτως
1422 5335 1517 5387 καὶ
1546 5325 1762 5403 ’κυρίως
1800 5338 1855 5389 αἱ

286 5397 893 5475 ἀνᾳφσραίᾼρφιστῶσᾼι,
949 5402 1043 5455 καὶ
1085 5397 1441 5474 διαέρίνουσι,
1485 5397 1769 5475 ἑπομένως
1799 5406 1855 5458 δὲ

284 5468 371 5589 ἴα).
396 5468 715 5541 αῑπρόοδοι,
765 5473 997 5527 καθόσον
1027 5468 1345 5528 ταὺτόέἰσι
1391 5468 1679 5546 πράγματι
1731 5479 1857 5540 ταῖς

319 5544 590 5589 ναωοοαῖε.
1446 5556 1451 5559 “

319 5544 590 5609 ναφοραῖς.
1436 5544 1451 5559 ί

352 5608 769 5685 (ιιξὶ)⁷βρβεδῐ’ῑυη
812 5613 968 5685 Resp.
1008 5614 1079 5668 ad
1131 5615 1295 5669 Marc.
1340 5615 1472 5683 Eph.
1526 5617 1647 5672 cod.
1706 5617 1851 5672 Mon.

286 5673 370 5751 2F.
406 5673 451 5732 τί
478 5680 581 5737 Ὧς)
622 5685 675 5738 li.
716 5685 865 5738 Λὺτὰ
898 5673 966 5737 ’ἑὰ
999 5685 1119 5739 Beia
1150 5673 1415 5751 πρόσωπα
1448 5688 1763 5742 ὑποστάντα
1798 5689 1854 5741 αἱ

291 5744 635 5870 ιξὶοστατικαε
663 5758 800 5810 εἰσιν
852 5755 1136 5826 tat/imre;-
1183 5744 1317 5812 Vide
1357 5756 1553 5813 Thom'
1598 5757 1624 5828 θ
1673 5760 1727 5824 δ’
1780 5759 1856 5815 “'1‘

314 5833 321 5841 ·
364 5833 472 5870 um.

314 5833 472 5875 atum.

1959 4632 2243 4705 hypostasi
2311 4630 2691 4685 universaliori
2731 4631 2969 4700 quodam
3034 4631 3198 4684 modo
3244 4630 3557 4698 intelligere

1957 4742 2287 4797 possumus;
2323 4739 2491 4794 quare
2520 4733 2576 4778 et
2602 4723 2883 4777 nonnullis
2916 4723 3095 4776 visum
3128 4734 3231 4786 es1,
3270 4738 3390 4775 eam
3423 4720 3553 4774 uni-

1958 4832 2118 4872 verse
2149 4815 2471 4871 subsistere.
2511 4816 2580 4867 At
2620 4815 2766 4868 enim
2799 4814 3118 4884 hypostasin
3168 4813 3455 4882 concipere
3496 4822 3550 4864 et

1958 4909 2248 4963 enuntiare
2291 4923 2402 4961 non
2435 4907 2598 4961 simul
2649 4907 2994 4960 considerata
3023 4913 3117 4957 aut
3167 4913 3429 4973 concepta
3464 4918 3550 4957 cs-

1958 5002 2135 5056 sentia
2166 4999 2343 5054 modis
2371 4998 2631 5052 omnibus
2664 4997 2779 5050 fieri
2809 4996 3019 5064 nequit.
3058 4996 3186 5049 ideo
3215 5004 3269 5048 et
3300 5010 3423 5048 cum
3461 4994 3551 5047 iu-

1960 5092 2204 5161 geuitum
2256 5100 2312 5145 ct
2365 5090 2668 5160 procedens
2721 5088 3094 5160 hypostaticas
3182 5087 3550 5157 proprietates

2033 5266 2147 5339 (46)
2185 5264 2369 5339 lbi_d.f.
2541 5280 2596 5317 a.
2643 5263 2807 5339 Ἐπεὶ·
2834 5262 2942 5331 γὰρ
2983 5260 3215 5339 Exorata}
3256 5259 3550 5339 πρόσωπρν

1959 5337 2040 5390 ἑνί
2068 5331 2174 5389 τινι
2213 5337 2373 5403 μόνον
2400 5334 2655 5403 ἰδιώματι
2688 5332 3027 5394 συνίσταται,
3063 5331 3096 5401 ἢ
3231 5331 3547 5403 τοῦ-γεγγᾲν

1958 5407 1992 5478 ἢ
2023 5410 2089 5477 τῇ
2121 5400 2223 5478 τοῦξ
2250 5400 2578 5478 «potiatur-av
2606 5403 2868 5478 ξδιόῖτητιΔ
2894 5400 3252 5478 cavlas-actia}
3296 5400 3389 5478 τργ
3435 5400 3548 5452 Πα-

1958 5463 2094 5546 σέέρᾶ
2129 5463 2344 5543 avari“
2374 5493 2387 5506 ο
2430 5474 2566 5546 ἀλλὰ
2606 5463 2936 5546 Πατὴρ-δ-ιᾷι
2982 5478 3041 5525 τὸ
3082 5471 3279 5546 γενγᾷπ(
3328 5467 3547 5546 λέγεται

1960 5537 2055 5601 κέ).
2085 5537 2257 5600 ἕστινξ
2285 5537 2450 5599 Ὥστε
2489 5545 2549 5597 οὐ
2581 5546 2642 5597 τὸ
2688 5537 3014 5612 πρὸὃάλλειν
3037 5537 3203 5612 αὑτοῦ
3223 5537 3293 5612 to
3322 5537 3545 5612 «pecto:

1960 5636 2062 5677 πον
2102 5618 2330 5687 συνιστᾷ
2354 5634 2366 5648 ο
2404 5614 2653 5687 μὴηόνᾲδξ
2687 5603 2818 5687 ῖδὶον
2847 5613 2942 5666 τοῦ
2964 5611 3189 5687 -Πατρδς
3216 5603 3382 5680 μόνού
3412 5603 3547 5676 μηδὲ

2383 5689 2393 5701 ι

1962 5687 2284 5741 συστατικδν
2304 5684 2415 5741 Scott
2433 5686 2512 5741 τῶ
2552 5684 2659 5741 Υἱῶ
2685 5686 2802 5737 ἐστι
2832 5685 3027 5737 κοινόν.
3370 5698 3381 5711 °

2032 5739 2156 5826 (Π)
2182 5757 2273 5813 Sic
2299 5739 2364 5812 et
2394 5739 2608 5813 Marcus
2631 5739 2838 5826 'Eplies.
2883 5755 3090 5826 syllog;
3130 5749 3265 5806 Cod.
3296 5748 3443 5804 Mon.
3470 5745 3545 5806 27

1960 5830 2000 5884 ί.
2026 5831 2131 5883 2:22
2153 5829 2205 5884 b.
