4032 6428
530 326 639 391 175

1672 336 1910 402 ΡΗΟΤΙ
1918 340 1944 401 Ι
1978 341 2490 405 ΡΑΤΒΙΑΒΕΗᾹΞ
2530 345 2645 408 CP.

3691 356 3787 427 476

531 446 791 513 dicimus,
813 446 1110 503 essentiam
1132 447 1509 522 intelligimus,
1522 466 1653 522 quae
1666 451 1723 507 in
1739 455 1962 524 speciali
1982 455 2132 525 inge-
2159 462 2206 518 Α
2236 458 2508 515 stantialis
2539 458 2789 515 Geuitori
2812 470 2898 520 est
2944 478 2959 516 :
3006 460 3082 516 ita
3111 458 3353 532 Spiritus
3380 472 3594 521 sanctus
3613 467 3672 522 ὲγ
3693 471 3786 542 τῆς

532 537 661 604 niti,
694 538 863 609 geniti
891 551 947 594 et
977 539 1333 611 procedentis
1382 542 1663 613 hypostasi
1717 546 2120 604 consideratur.

531 629 722 701 Neque
758 631 904 686 enim
930 631 984 686 in
1016 632 1193 687 nudas
1222 634 1591 704 prbprietates
1614 637 1912 701 credimus,
1941 653 2124 709 neque

533 737 627 777 eas
650 723 921 778 essenlias
947 739 1257 797 segregare,
1291 726 1389 782 sed
1418 726 1567 783 circa
1610 731 1909 786 essentiam
1936 748 2123 803 segre-

535 814 645 882 gari
673 813 998 870 conﬁtemur
1041 816 1178 897 (18).
1243 836 1264 870 ι
1301 816 1568 882 Similiter
1610 819 1839 890 Beccns,
1887 823 1926 878 l.
1964 840 2004 890 ι,
2040 826 2123 881 Ad

534 903 718 961 Const.
743 920 794 962 c.
829 907 860 962 8
892 905 1044 981 [235]
1081 908 1168 980 (G.
1200 908 1263 966 0.
1304 909 1373 975 ll,
1401 910 1504 967 160
1533 927 1629 984 seq
1655 913 1675 983 )
1721 929 1838 968 rem
1897 917 2124 987 exponit

532 1007 590 1052 et
630 1001 1031 1055 concordanter
1074 1002 1269 1074 reliqui
1311 1005 1538 1060 tradunt
1571 1024 1584 1061 :
1623 1006 1769 1077 quod
1800 1007 1846 1062 si
1879 1008 2122 1079 Spiritus

534 1100 619 1145 est
643 1107 709 1146 ex
739 1091 919 1149 Patris
948 1094 1247 1165 hypostasl,
1283 1104 1367 1151 est
1402 1098 1565 1153 simul
1595 1114 1662 1154 ex
1707 1099 1829 1169 ejus
1859 1104 2117 1159 essentia.

605 1180 662 1235 9.
700 1181 1022 1253 Priusquam
1056 1200 1186 1240 vero
1221 1186 1444 1243 uberius
1476 1189 1653 1243 Pliolii
1675 1190 1899 1247 eﬂ'atum
1929 1174 2121 1248 discu-

536 1274 724 1342 tiatur,
757 1292 1068 1332 connexnm
1099 1294 1225 1333 cum
1275 1278 1363 1335 his
1417 1281 1778 1353 plurimorum
1805 1282 2121 1342 Graecorum

536 1366 797 1437 ell‘uginm
824 1367 1287 1424 considerandum
1315 1380 1422 1437 εει,
1454 1387 1565 1441 quo
1587 1372 1655 1427 ad
1676 1372 1961 1430 elidendos
1990 1392 2119 1432 suo-

536 1474 656 1515 rum
687 1459 906 1515 Patrum
956 1470 1139 1519 textus
1196 1465 1299 1520 sibi
1355 1463 1665 1522 conirarios
1696 1481 1887 1523 eorum
1936 1478 2121 1525 tamen

534 1551 722 1607 verbis
744 1554 917 1608 coacti
950 1556 1281 1624 concedunt,
1329 1557 1595 1629 Spiritum
1624 1573 1874 1616 sanctum
1900 1576 2021 1617 esse
2057 1578 2124 1616 ex

534 1644 758 1697 essentia
784 1643 939 1708 Filii,
962 1646 1057 1701 sed
1086 1663 1152 1703 ex
1180 1649 1452 1720 hypostasi
1477 1650 1604 1705 Filii
1624 1667 1748 1708 esse
1770 1653 2123 1724 pertinaciter

534 1745 740 1807 negant
762 1738 899 1809 (49).
925 1738 1033 1795 Sed
1064 1740 1117 1796 id
1162 1742 1321 1797 irrito
1353 1754 1554 1798 conatu
1582 1744 1700 1810 ﬁeri
1733 1746 1940 1801 eordati
1963 1745 2122 1801 theo-

2230 551 2604 606 ἑνυποστάτου
2632 552 2729 606 τοῦ
2766 553 2985 623 llatpr
3016 552 3236 623 φύσεως
3268 552 3360 607 διὰ
3386 553 3487 624 τῆς
3508 557 3783 618 ὲνυποστά.

2228 660 2326 697 του
2350 644 2448 698 τοῦ
2485 642 2619 697 Υἱοῦ
2640 645 2831 709 οὐσίας
2863 645 3237 716 processionis
3260 646 3424 701 modo
3454 647 3653 707 habens
3677 669 3786 711 esse

2231 735 2355 790 ideo
2384 735 2528 791 Patri
2552 745 2610 791 et
2627 733 2767 790 Filio
2790 736 3282 792 consubstantialis
3303 747 3390 792 cst
3419 737 3527 809 (50)
3554 741 3629 811 (p.
3650 743 3786 816 495).

2229 824 2313 881 Cf.
2367 825 2586 881 Maxim.
2628 818 2992 898 Cbrysoberg.
3056 827 3133 883 De
3190 845 3336 897 prae.
3399 828 3582 899 Spirit.
3633 849 3785 894 sonet.

2229 932 2281 974 c.
2315 917 2371 973 5.
2430 917 2517 987 (G.
2548 916 2613 975 0.
2662 918 2733 985 ll,
2790 918 2974 989 1086.)
3010 919 3281 977 Praeterea
3335 936 3468 977 sane
3517 934 3648 989 erat.
3703 944 3791 985 cur

2229 1018 2424 1064 contra
2452 1006 2825 1063 Eunomianos
2856 1024 2922 1064 ac
2952 1007 3377 1070 Macedonianos
3419 1012 3601 1069 Patres
3632 1016 3792 1074 incul-

2230 1108 2442 1165 carent,
2481 1098 2745 1170 Spiritum
2774 1108 3028 1154 sanctum
3067 1116 3195 1156 esse
3221 1118 3287 1156 ea:
3307 1105 3535 1158 essentia
3559 1104 3725 1163 Patris
3744 1118 3793 1165 et

2232 1190 2393 1256 Filii;
2424 1190 2685 1246 videlicet
2719 1206 2790 1245 ne
2831 1198 3082 1246 creatura
3131 1201 3452 1262 putaretur,
3494 1204 3552 1250 ut
3578 1200 3794 1253 consub-

2230 1281 2561 1338 stantialitas
2593 1296 2717 1336 cum
2750 1280 2913 1337 Patre
2933 1290 2990 1336 et
3012 1281 3148 1338 Filio
3180 1283 3590 1352 ostenderetur;
3623 1296 3794 1345 utnon

2229 1390 2299 1430 ex
2335 1391 2488 1430 mera
2528 1374 2815 1431 voluntate
2847 1376 3113 1447 originem
3160 1376 3372 1433 habens
3395 1390 3706 1448 appareret;
3735 1399 3793 1438 ex

2231 1465 2353 1522 Filii
2383 1466 2822 1543 hypostasireum
2855 1467 3078 1537 prodire
3111 1483 3177 1523 ac
3208 1468 3307 1540 per
3345 1468 3542 1524 Filium
3589 1486 3703 1527 esse
3728 1474 3792 1529 illi

2232 1559 2376 1613 ultro
2397 1568 2814 1616 concesserunt.
2851 1558 2986 1615 Rem
3017 1559 3328 1616 luculenter
3344 1569 3580 1617 tractant
3599 1561 3648 1619 J.
3674 1564 3795 1620 Bee-

2229 1662 2347 1721 (ιιι,
2377 1651 2441 1709 0.
2472 1652 2521 1717 I,
2559 1651 2637 1707 De
2669 1669 2795 1707 una.
2816 1654 2961 1707 Eccl.
2987 1669 3035 1709 e.
3062 1653 3134 1709 29
3163 1669 3281 1724 seq.
3301 1654 3468 1725 ((3.0.
3488 1654 3531 1720 1,
3564 1656 3797 1724 144,150

2233 1745 2375 1816 seq.)
2417 1753 2474 1800 et
2508 1744 2707 1816 Georg.
2745 1744 3149 1815 Trapezuntius
3177 1746 3277 1817 (ib.
3304 1763 3360 1817 p.
3394 1747 3522 1812 546,
3551 1733 3691 1822 547),
3713 1750 3796 1818 qui

533 1827 641 1899 logi
674 1829 1078 1887 demonstrant.
1115 1833 1193 1888 Ac
1223 1836 1403 1905 primo
1429 1837 1648 1903 exinde,
1690 1837 1857 1908 quod,
1889 1844 1948 1893 ut
1981 1838 2121 1893 dixi-
2154 1826 2194 1881 Β
2226 1832 2484 1894 advertit.
2526 1834 2729 1889 merito
2771 1833 2827 1888 in
2862 1832 3089 1890 Patrum
3125 1835 3348 1907 scriptis
3389 1837 3673 1904 incnlcari,
3703 1839 3797 1908 φύ-

532 1935 679 1986 mus,
708 1921 1019 1992 hypostasis
1040 1925 1109 1980 ab
1138 1921 1375 1982 essentia
1413 1937 1469 1982 et
1494 1928 1730 1984 essentia
1751 1930 1821 1985 ab
1844 1929 2119 2001 hypostasi

535 2009 719 2080 reipsa
748 2013 991 2082 separari
1023 2017 1234 2086 nequit.
1268 2036 1288 2070 ι
1332 2017 1434 2085 Qui
1468 2033 1539 2074 ex
1570 2029 1767 2076 natura
1793 2030 1850 2076 et
1878 2023 2119 2078 essentia

424 2142 427 2147 .
531 2100 676 2165 Filii,
709 2103 786 2158 ait
813 2105 1081 2177 Georgius
1121 2108 1523 2179 Trapezuntius
1570 2111 1812 2183 (De‘una
1861 2111 1921 2168 S.
1966 2113 2117 2170 Eccl.

529 2210 584 2252 c.
635 2196 700 2263 εἰς
760 2197 824 2254 G.
888 2197 957 2253 0.
1008 2199 1051 2266 l,
1112 2201 1258 2265 545,
1311 2202 1449 2268 544,
1520 2207 1720 2279 asserit
1773 2205 2118 2262 Paracletum

528 2288 852 2357 procedere,
917 2304 986 2344 ex
1037 2290 1151 2360 ipsa
1190 2292 1470 2363 hypostasi
1506 2294 1629 2350 Filii
1681 2297 1899 2352 asserit.
1963 2298 2119 2355 llaud

527 2378 676 2434 enim
700 2378 783 2433 l‘as
805 2389 908 2445 est,
942 2382 1263 2454 hypostases
1295 2385 1474 2440 nudas
1502 2386 1712 2457 absque
1736 2382 1929 2443 natura
1958 2372 2120 2461 (ὗπου

529 2472 752 2537 στάσεις
774 2472 938 2543 ψιλὰς
967 2475 1138 2546 χωρὶς
1169 2477 1407 2550 φύσεως)
1436 2480 1731 2551 com-ipere
1750 2522 1765 2547 ,
1807 2497 1984 2552 neque
2018 2497 2119 2536 na-

527 2572 706 2618 turam
730 2564 850 2620 sine
886 2566 1161 2636 hypostasi
1198 2568 1361 2637 φύσιν
1385 2571 1811 2645 ἀνυπόστατον),
1868 2574 2119 2629 absolute

526 2652 581 2707 in
629 2656 885 2710 omnibus
923 2667 979 2712 et
1016 2657 1070 2712 in
1117 2657 1227 2714 Deo
1256 2660 1395 2730 ipso.
1437 2680 1455 2713 ι
1494 2660 1563 2717 Et
1609 2679 1826 2719 rursum
1858 2664 1986 2720 alibi
2027 2665 2118 2732 (ad

526 2742 689 2800 Joan.
725 2747 953 2805 Cubocl.
981 2763 1033 2805 c.
1062 2750 1116 2804 11
1146 2767 1160 2815 ;
1198 2751 1272 2805 ib.
1324 2768 1378 2823 p.
1404 2752 1533 2819 490,
1558 2753 1686 2823 491)
1723 2772 1738 2809 :
1774 2774 1794 2809 ι
1841 2748 2118 2826 Quidquid

528 2848 826 2908 generatur
868 2841 1230 2912 proceditque
1270 2843 1323 2897 in
1368 2843 1771 2913 exsistentiam,
1813 2844 1967 2919 [256)
2021 2858 2119 2902 aut

531 2939 619 2984 est
644 2945 712 2985 ex
739 2931 1014 3002 hypostasi
1047 2942 1283 3001 tantum,
1314 2950 1422 3005 qua
1457 2936 1766 3007 hypostasis
1787 2945 1895 3005 est,
1923 2946 2019 2993 aut
2050 2955 2115 2995 ex

529 3022 772 3078 essentia
799 3034 855 3078 et
885 3034 1078 3080 natura
1099 3034 1331 3091 tantum,
1363 3035 1418 3083 et
1443 3029 1652 3099 absque
1675 3030 1955 3102 hypostasi
1980 3047 2117 3087 con-

531 3115 794 3182 siderata,
820 3125 915 3171 aut
939 3132 1006 3171 ex
1034 3126 1288 3187 utraque,
1322 3134 1388 3175 ex
1420 3127 1619 3176 natura
1657 3122 1775 3179 scil.
1804 3124 1890 3179 vel
1921 3137 2117 3179 essen-
2144 3158 2192 3220 ο

530 3208 631 3269 tia,
671 3224 793 3278 quae
820 3208 875 3262 in
900 3210 1176 3280 hypostasi
1201 3220 1354 3267 estet
1387 3213 1441 3267 in
1475 3213 1757 3286 hypostasi
1786 3218 2115 3288 concipitur.

527 3295 845 3353 Secundum
913 3315 1096 3369 neque
1150 3300 1322 3357 Graeci
1381 3303 1485 3375 ipsi
1541 3304 1821 3374 dixerint;
1887 3325 2120 3380 namque

528 3388 849 3458 absurdum,
886 3400 949 3447 ut
990 3392 1234 3460 videtur,
1286 3388 1627 3462 existimant,
1676 3400 1820 3468 quod
1864 3400 1993 3457 inde
2037 3417 2126 3458 sc-

529 3483 756 3551 quitur;
792 3485 1039 3556 ejusdem
1080 3488 1354 3557 siquidem
1384 3498 1594 3546 natura:
1616 3491 1859 3550 Trinitas
1887 3498 2122 3551 confun-

530 3574 773 3642 deretur,
804 3578 944 3633 adeo
969 3587 1030 3634 ut
1062 3595 1130 3635 ex
1165 3581 1345 3637 tribus
1392 3585 1847 3655 unumquodque,
1881 3596 1936 3643 et
1968 3603 2033 3643 ex
2063 3603 2124 3644 se

531 3665 653 3736 ipso
683 3675 740 3722 et
789 3682 856 3721 ex
885 3668 1008 3725 aliis
1038 3680 1219 3739 esset;
1273 3681 1677 3744 proptereaque
1705 3690 1772 3729 ex
1813 3677 2120 3749 hypostasi‘,

529 3774 639 3827 qua
687 3758 999 3831 hypostasis
1041 3771 1147 3826 est,
1178 3756 1234 3837 (ᾗ
1273 3765 1599 3836 ὑπόστασις)
1636 3767 1951 3825 existimant
1999 3786 2123 3828 esse

531 3853 835 3922 procedens
872 3863 930 3909 et
979 3866 1323 3926 generatum.
1387 3861 1506 3915 Heu
1547 3861 1864 3917 vesaniam!
1907 3864 2122 3920 Etenim

530 3941 578 3997 si
621 3943 952 4014 hypostasis,
997 3961 1105 4016 qua
1159 3948 1466 4019 hypostasis
1527 3960 1634 4017 est,
1684 3962 1911 4023 generat
1959 3965 2125 4025 atque

530 4032 814 4102 producit,
861 4032 968 4088 erit
1012 4051 1078 4089 ex
1131 4035 1413 4107 hypostasi
1454 4038 1766 4110 hypostasis
1817 4040 2121 4095 secundum

532 4123 677 4179 idem
715 4125 861 4193 (κατ’
892 4126 1075 4196 αὐτὸ),
1126 4137 1183 4183 et
1227 4130 1308 4184 sic
1348 4146 1459 4185 non
1498 4139 1665 4185 erunt
1722 4133 1839 4187 haec.
1873 4143 2122 4200 naturae,

532 4215 630 4271 sed
660 4215 1066 4288 hypostasis....
1103 4219 1290 4275 Sancti
1321 4237 1451 4277 vero
1472 4222 1734 4279 tradunt:
1760 4222 1916 4279 Sicut
1946 4224 2121 4281 Filius

531 4308 597 4360 ix
621 4307 723 4378 τῆς
763 4309 1132 4364 ἑνυποστάτου
1163 4310 1379 4380 φύσεως
1420 4313 1514 4367 τοῦ
1548 4313 1765 4385 [ἰατρὸς
1804 4315 1901 4369 καὶ
1933 4315 2125 4381 οὐσίας

531 4399 751 4471 genitus
785 4400 1058 4456 cxsistens
1092 4401 1216 4458 ideo
1250 4406 1536 4476 generanti
1589 4405 1759 4463 Filius
1792 4416 1853 4462 et
1877 4408 2122 4463 consub-

624 4573 714 4643 48)
749 4574 953 4628 Οὐσίαν
984 4577 1085 4646 μὲν
1112 4576 1222 4647 γὰρ
1250 4578 1346 4631 καὶ
1380 4576 1543 4647 φύσιν
1568 4579 1739 4688 χωξὶς
1760 4579 2114 4644 ὑποστάσεως

624 4644 969 4688 ὶολυίιῖὶτεηῆυ
1001 4650 1144 4688 νηςῖυ
1174 4648 1401 4688 δυνατός]
1427 4665 1440 4677 ·
1472 4649 1555 4688 διὸ
1583 4665 1653 4688 νη
1703 4649 1853 4688 δονεῖ
1879 4666 1987 4688 e-sm
2015 4667 2114 4688 νη-

527 4644 969 4716 καθολικώτερον
988 4644 1144 4700 ήνοεϊν
1174 4644 1403 4703 δυνατόν
1427 4665 1440 4677 ·
1472 4644 1678 4702 διὸὸίαὶ
1703 4649 1853 4702 δοκεῖ
1879 4666 1990 4703 τισι
2015 4667 2116 4703 κα-

528 4714 687 4770 θόλου
719 4714 1048 4785 ὑφίσίέασθαι
1077 4734 1092 4748 ο
1121 4718 1423 4771 ὑπόστασιν
1454 4719 1513 4772 δὲ
1548 4718 1743 4782 νοῆσαί
1773 4736 1832 4772 τε
1871 4719 1964 4773 καὶ
1988 4724 2114 4774 εἰπ-

526 4790 608 4841 εῖν
650 4785 724 4859 μὴ
744 4788 1140 4859 σνννοοομένης
1165 4787 1206 4859 ἢ
1230 4789 1326 4842 καὶ
1358 4791 1769 4859 προνοουμένης
1795 4790 1896 4859 τῆς
1925 4791 2117 4854 οὐσίας

528 4872 591 4929 τε
616 4856 721 4929 καῖ
746 4856 849 4920 τῆς
892 4856 1111 4925 φύσεως
1138 4856 1316 4929 πᾶντῃ
1347 4856 1628 4912 ἀδύνατον.
1652 4856 1747 4929 Διὸ
1768 4856 1863 4912 καὶ
1889 4861 2019 4915 ὅταν
2054 4861 2116 4913 τὸ

526 4926 823 4995 ἀγέννητον
847 4929 942 4981 ια),
971 4926 1315 4999 ὲιιπορευτὺν’
1334 4928 1706 4992 ὑποστατικὰς
1735 4930 2005 4999 ἰδιότητας
2030 4931 2118 4984 λέ-

528 5011 739 5071 γωειεν,
774 5001 890 5071 τὴν
916 4998 1142 5071 suam?)
1172 5000 1472 5071 ὑποστάσει
1508 4998 1897 5071 οεωρουμένην
1926 5000 2116 5071 οὐσίαν

527 5064 792 5141 νοοιῖιμν.Δ
934 5069 1044 5138 γὰρ
1091 5064 1170 5141 εἷς
1222 5069 1399 5141 ψιλὰς
1437 5064 1706 5141 ἰδιότηνξας
1728 5064 2114 5141 ’πιστεύομεν,

530 5134 1266 5211 οὐδὲνψοὺσίαςςᾶφορὶςειν
1313 5140 1510 5207 ταῦτα,
1559 5134 1696 5195 ἀλλὰ
1748 5142 1878 5211 περὶ
1925 5134 2116 5196 οὐσίαν

528 5203 894 5278 ἀφορίζεσθαι
933 5203 1329 5278 ὁμολογοῦμεν.

604 5276 715 5343 (49)
746 5276 977 5331 Ριιοιίυς
1003 5294 1093 5343 ep.
1114 5276 1187 5334 ad
1209 5276 1465 5335 'Zaehar.
1500 5281 1866 5336 Armenorum
1899 5280 2115 5337 Cathol.

527 5345 674 5421 (Lat.
705 5349 853 5421 apud
881 5347 986 5421 Mai
1020 5345 1205 5417 Spicil.
1248 5349 1398 5421 Rom.
1431 5351 1495 5412 x,
1522 5350 1593 5421 All,
1633 5367 1687 5421 p.
1718 5351 1844 5416 456)
1873 5353 1991 5407 haec
2018 5353 2119 5406 ha-

526 5417 621 5492 bet
651 5439 663 5473 :
696 5438 714 5469 ‹
749 5417 1235 5492 Spiritussanctus
1265 5420 1477 5492 Patrem
1502 5417 1810 5491 Filitimque
1834 5422 2116 5492 glorilicat,

527 5488 733 5560 quippe
755 5488 846 5559 qui
872 5489 937 5560 ile
964 5487 1177 5541 illorum
1206 5490 1501 5544 substantia
1538 5487 1813 5560 accipiens
1837 5487 2120 5547 creaturas

527 5556 787 5631 innovatf
817 5578 835 5610 ι
880 5557 1293 5631 Ιῖρτιιιςλεολιιοοη
1318 5561 1525 5616 dictum
1564 5556 1758 5616 eodem
1811 5563 1974 5615 modo
2009 5578 2146 5631 quo,

529 5628 863 5701 posteriores
906 5628 1080 5701 Cra-ei
1147 5628 1459 5695 intellexit;
1507 5631 1790 5701 probabile
1851 5641 1936 5686 est
1993 5628 2120 5688 eum

526 5697 596 5772 ad
628 5698 899 5772 Armenes
926 5699 1299 5772 scribentem.
1336 5702 1428 5770 qui
1463 5697 1569 5772 hoc
1610 5702 1662 5756 in
1709 5701 1960 5772 dogmate
1983 5717 2121 5772 cum

532 5764 778 5824 llowana
817 5768 1054 5826 Ecclesia
1095 5764 1405 5826 sentiebant
1444 5770 1605 5845 (Vide
1652 5764 2121 5830 Tscliamtschcau

2148 4500 2202 4562 D

2223 1939 2308 1976 σει
2335 1924 2535 1979 Filium
2589 1939 2659 1978 ex
2702 1924 2863 1980 Patre
2893 1941 3018 1982 esse
3066 1936 3123 1983 et
3167 1928 3495 1999 κατὰφύσιν
3550 1929 3795 2001 Spiritum

2224 2014 2377 2088 [9.57]
2408 2031 2478 2070 ex
2525 2015 2686 2071 Patre
2719 2024 2776 2071 et
2820 2016 2982 2082 Filio,
3024 2028 3109 2101 ut-
3131 2021 3479 2086 ostendatur,
3511 2020 3608 2080 die
3646 2024 3794 2095 οὑχὴ

2224 2106 2486 2179 βούλησις
2513 2108 2690 2171 αἰτία,
2713 2109 2829 2163 ἀλλ’
2877 2112 2911 2182 ἡ
2943 2111 3151 2183 φυσικὴ
3174 2113 3406 2184 δύναμις
3435 2115 3633 2169 ἐνοῦσα
3661 2114 3798 2188 ἄλλῳ

2226 2198 2328 2268 μὲν
2348 2198 2538 2271 τρόπῳ
2567 2201 2716 2272 μόνῳ
2749 2199 2827 2273 τῷ
2852 2202 3055 2273 “arpi,
3078 2202 3334 2274 τῷ⁹κατὰ
3361 2205 3638 2277 γέννησιν,
3662 2206 3796 2278 ἄλλῳ
3898 2220 3903 2223 ‘

2220 2289 2281 2344 δὲ
2307 2291 2487 2362 Harp).
2513 2291 2653 2362 ὁμοῦ
2686 2293 2779 2345 καὶ
2814 2292 2930 2364 Υἱῷ
2958 2294 3037 2365 τῷ
3066 2294 3190 2361 κατ’
3215 2296 3570 2367 ἔκπόρευσιν.
3607 2296 3796 2355 Deinde

2223 2384 2387 2439 tertio
2419 2385 2719 2441 ostendunt
2772 2386 3032 2458 theologi.
3098 2389 3539 2459 propositionem
3591 2391 3655 2446 ὲκ
3702 2392 3796 2461 τῆς

2219 2468 2412 2538 οὐσίας
2437 2477 2532 2529 τοῦ
2584 2475 2718 2530 Υἱοῦ
2760 2492 2883 2533 esse
2918 2476 3208 2549 Spiritum,
3260 2495 3369 2535 non
3418 2496 3487 2536 eo
3535 2481 3797 2552 pertinere

2220 2580 2326 2620 nec
2353 2564 2515 2621 unice
2543 2582 2647 2621 nec
2672 2567 3069 2637 principaliter,
3094 2578 3155 2623 ut
3177 2570 3797 2629 consubstantialisFilio

2220 2657 2553 2713 declaretur.
2606 2656 2765 2725 Nam,
2803 2668 2865 2714 ut
2898 2669 3047 2714 recte
3093 2660 3337 2731 disputat
3382 2659 3593 2718 Beccus
3618 2679 3704 2734 ep.
3732 2664 3797 2718 ad

2220 2747 2485 2819 Agallian.
2521 2747 2606 2818 (G.
2643 2747 2710 2803 0.
2753 2748 2792 2812 I,
2834 2747 2942 2805 560
2974 2748 3141 2819 sem),
3172 2749 3434 2806 differunt
3466 2754 3692 2808 omnino
3720 2753 3797 2808 hte

2221 2840 2675 2914 propositiones:
2729 2839 2929 2897 Paulus
2957 2849 3041 2898 est
3099 2842 3344 2910 eiusdem
3412 2852 3632 2900 natura
3680 2859 3795 2899 cum

2222 2934 2406 3000 Petro,
2434 2941 2491 2989 et
2518 2934 2720 2989 Paulus
2770 2942 2959 2990 estex
3013 2933 3162 2989 Petri
3212 2935 3489 3002 essentia;
3542 2939 3798 3006 posterior

2220 3026 2358 3082 dicit
2421 3025 2572 3081 Pauli
2628 3035 2912 3097 parentem
2959 3024 3224 3091 Petrum,
3285 3027 3438 3097 prior
3478 3042 3591 3083 non
3651 3028 3795 3084 item.

2221 3116 2342 3173 Duo
2393 3117 2596 3189 angeli,
2655 3118 2778 3174 dine
2818 3118 3016 3173 animm
3071 3117 3178 3174 sibi
3241 3128 3374 3174 sunt
3436 3120 3795 3176 consubstan-

2226 3207 2417 3274 tiales;
2483 3222 2662 3278 neque
2723 3216 2904 3262 tamen
2962 3222 3108 3263 unus
3159 3209 3388 3279 angelus
3444 3224 3517 3265 ex
3567 3209 3797 3265 essentia

2223 3299 2452 3354 alterius
2478 3298 2657 3370 angeli
2674 3298 2759 3354 vel
2784 3299 2967 3354 anima
2999 3313 3069 3354 ex
3091 3299 3333 3355 essentia
3360 3300 3593 3356 alterius
3610 3301 3798 3356 anima:

2223 3407 2345 3448 esse
2392 3391 2499 3447 dici
2547 3392 2635 3448 rel
2666 3390 2897 3463 cogitari
2929 3400 3128 3463 potest.
3165 3392 3427 3459 Accedit,
3449 3394 3600 3464 quod
3630 3394 3675 3450 si
3731 3393 3801 3450 ita

2223 3498 2314 3539 res
2368 3498 2428 3539 se
2460 3483 2710 3551 haberet,
2765 3493 2823 3539 et
2862 3483 3030 3539 Filius
3059 3500 3125 3540 ex
3157 3484 3398 3540 essentia
3449 3485 3710 3556 Spiritus,
3751 3492 3803 3540 et

2223 3576 2388 3633 Pater
2431 3591 2499 3632 ex
2546 3576 2787 3632 essentia
2821 3574 2950 3632 Filii
2993 3591 3119 3632 esse
3169 3577 3438 3632 dicendus
3468 3575 3632 3641 foret,
3667 3574 3805 3646 quod

2226 3685 2391 3725 nemo
2436 3679 2619 3726 tamen
2660 3669 2922 3735 admittit,
2957 3670 3197 3741 Rursum
3232 3687 3303 3727 ex
3332 3670 3590 3727 Patrihus
3616 3671 3804 3726 iisdem

2225 3768 2403 3832 patet,
2458 3774 2633 3830 penes
2675 3774 2772 3815 eos
2822 3759 2966 3816 idem
3019 3776 3142 3817 esse
3190 3761 3376 3825 dicere
3426 3779 3495 3818 ex
3531 3763 3689 3828 Filio,
3742 3776 3805 3817 ex

2226 3868 2463 3924 persona
2492 3852 2651 3919 Filii,
2683 3868 2751 3907 ex
2794 3855 3035 3910 essentia
3082 3853 3240 3921 Filii;
3274 3855 3392 3910 haec
3433 3868 3807 3926 saepenumero

2226 3954 2342 4001 tum
2391 3945 2803 4017 coniunguntur
2862 3953 2979 4000 tum
3047 3955 3450 4002 convertuntur
3523 3948 3662 4021 (5|).
3714 3947 3809 4002 Po-

2226 4045 2435 4093 stremo
2491 4035 2846 4106 perspicuum
2902 4043 3026 4102 est,
3078 4035 3282 4106 Filium
3324 4052 3447 4092 esse
3510 4053 3580 4093 ex
3639 4037 3807 4092 Patris

2226 4129 2465 4185 essentia
2503 4134 2559 4182 et
2604 4126 2769 4183 simul
2808 4143 2876 4181 ex
2922 4125 3100 4182 Patris
3159 4141 3419 4197 persona,
3472 4127 3638 4183 modo
3682 4126 3808 4183 illud

2226 4222 2391 4278 modo
2406 4222 2512 4276 hoc
2534 4219 2906 4291 pronuntiari,
2929 4229 3225 4290 utrumque
3260 4219 3423 4275 etiam
3446 4219 3648 4283 simul;
3672 4219 3807 4274 idem

2226 4314 2459 4387 proinde
2509 4311 2830 4377 dicendum,
2877 4311 2925 4366 si
2978 4311 3245 4382 Spiritum
3300 4328 3367 4368 ex
3414 4313 3656 4368 essentia
3694 4310 3807 4366 Filii

2226 4420 2352 4463 esse
2384 4404 2660 4459 audimus.
2691 4402 2778 4458 Cf.
2808 4401 3043 4457 Beccum
3062 4402 3140 4456 De
3174 4418 3303 4456 una.
3332 4401 3480 4461 Eccl.
3517 4416 3568 4460 e.
3604 4402 3673 4457 29
3694 4416 3806 4471 seq.

2216 4575 2357 4633 Hist.
2416 4575 2635 4629 Armen.
2685 4572 2780 4637 Ill,
2816 4587 2872 4641 p.
2918 4572 3026 4627 2⁸51
3069 4580 3127 4627 et
3181 4570 3517 4627 Avedichian
3558 4569 3728 4640 Sopra
3759 4569 3809 4641 la

2256 4646 2545 4701 rocessione
2588 4644 2727 4698 delle
2765 4640 2963 4711 Spirito
2993 4652 3166 4708 santo,
3204 4641 3439 4696 Vcnezia
3477 4640 3660 4711 1821),
3700 4640 3809 4695 cal-

2256 4665 2545 4701 rocesswne
2588 4665 2727 4698 aeuo
2765 4665 2963 4711 οριΠιυ
2993 4665 3166 4708 samo,
3215 4665 3439 4696 νυιιειιίι
3477 4665 3660 4711 ιοΖη,
3700 4665 3809 4695 ωι-

2216 4665 2325 4772 iide
2366 4717 2470 4771 hac
2494 4714 2847 4792 e_xp_ressioue
2879 4728 3039 4792 suum
3081 4712 3150 4767 de
3175 4711 3381 4792 Spiritu
3412 4720 3603 4792 saneto
3645 4711 3809 4780 placi-

2218 4797 2335 4843 tum
2386 4783 2704 4841 occuluisse.
2743 4793 2801 4837 et
2850 4783 3159 4849 obvelasse,
3187 4797 3258 4836 ne
3285 4783 3353 4836 ad
3388 4783 3647 4836 unionem
3687 4795 3807 4836 cum

2218 4856 2463 4914 Ecclesia
2502 4853 3104 4920 Coustantinopolitana
3154 4852 3476 4908 sollicitatos
3536 4850 3806 4907 haereseos

2219 4927 2664 4983 manifestatione
2697 4926 3022 4979 deterreret.
3502 4949 3509 4959 ο

2293 4997 2403 5069 (50)
2430 4996 2522 5052 Sic
2553 4994 2819 5069 Georgius
2855 4993 3108 5069 Cyprius,
3148 4992 3460 5069 pemetrius
3495 4993 3806 5069 Crysolaras

2293 5009 2403 5069 (δυ)
2431 5009 2522 5052 Sic
2553 5009 2819 5067 ucorgms
2855 5009 3106 5116 Lirprtns.
3151 5009 3460 5050 Demetrius
3495 5009 3802 5073 Lrysmaras

2218 5067 2599 5144 aliiqne‘apud
2634 5066 2894 5144 iiecehunL
2926 5065 3110 5144 ._1___ad
3141 5065 3433 5144 Consul-ct
3477 5075 3633 5144 ora-tl
3750 5077 3802 5116 In

2222 5131 2357 5194 tom'.
2398 5131 2576 5208 Cyprii
2630 5136 2718 5207 (G.
2748 5136 2825 5208 0._
2835 5131 2918 5208 _|l,
2954 5134 3069 5208 15οί
3094 5150 3209 5204 seq.
3267 5134 3398 5208 {2.54)
3446 5144 3502 5208 et
3553 5134 3802 5208 Allatium

2219 5208 2415 5265 Contra
2441 5205 2682 5278 Hottiny.
2723 5223 2778 5276 p.
2799 5206 2924 5278 551,
2956 5205 3541 5278 etalztreus_l£pliesius
3567 5206 3623 5278 in
3648 5217 3800 5258 conc.

2219 5279 2465 5334 Floreat.
2499 5273 2650 5333 sessf
2674 5273 2740 5331 18
2764 5285 2821 5331 et
2852 5277 2939 5329 l9.
2968 5276 3160 5344 (llard.
3196 5273 3289 5344 IX,
3321 5275 3449 5338 208,
3476 5275 3627 5344 209).

2294 5344 2405 5420 (bl)
2436 5349 2526 5403 Sic
2557 5365 2623 5420 v.7
2647 5364 2700 5418 g.
2737 5341 3100 5420 Cyrillu_s'_l_ib.
3138 5344 3204 5409 11,
3235 5343 3389 5420 Thes.
3424 5349 3534 5420 (ap.
3565 5341 3798 5420 _Niceph.

2221 5412 2400 5496 Plant;
2425 5428 2569 5496 ora}1
2600 5412 2842 5496 2,196.
2866 5412 3223 5496 ’φίβοοοωιι
3248 5412 3501 5496 θρὶδν.];
3662 5412 3797 5494 0.],

2220 5491 2426 5566 47;",
2459 5489 2596 5566 528,
2643 5488 2801 5566 529);
2866 5487 3111 5566 ’βνάχκη
3165 5486 3387 5566 {igneo
3433 5486 3658 5566 Πνεῦμα
3706 5486 3799 5566 τῇς

2222 5551 2423 5640 adole;
2450 5560 2721 5640 ﬁnapxstv
2753 5551 3060 5640 ’ὁμοᾉογεῖν
3100 5551 3219 5640 σοῦ,
3245 5551 3390 5640 ’Υἱοᾷ
3423 5571 3437 5584 ·
3458 5551 3548 5640 ὡς
3582 5551 3706 5624 ’γὰρ
3722 5551 3799 5640 si;

2224 5631 2389 5687 αὐτοῦ
2423 5624 2763 5698 κατὰῖῥύσιν
2796 5624 3041 5698 ὑπάρχον
3070 5626 3167 5680 καὶ
3205 5624 3435 5698 ἐπιῇ-δὴνΔ
3455 5625 3633 5698 κτίσιν
3671 5637 3781 5692 παρ

2225 5701 2388 5760 αὑτοῦ
2413 5694 2771 5773 πεμπόμενον
2798 5698 2889 5753 τὸν
2913 5694 3274 5769 ἐγκαινισμδν
3303 5694 3627 5773 ἐργάζεται.
