4032 6502
261 451 363 518 ίΠ

953 451 1052 514 DE
1091 453 1152 514 s.
1195 452 1391 513 sem.
1435 403 1944 513 MYSTAGOGIA.
1979 456 2046 488 -'
2072 453 2808 520 ANIMADVERSIONES

3455 457 3564 523 478

254 564 358 630 6i;
395 572 551 620 orat.
579 563 634 630 2,
661 561 718 617 in
747 570 882 618 tom.
931 561 1095 634 Cypr.
1139 581 1191 620 c.
1237 563 1272 618 4
1300 578 1418 632 seq.
1475 569 1588 617 tota
1634 563 1850 632 epigra-
1885 564 1932 621 Δ
1961 561 2228 632 Spiritus;
2261 565 2355 620 sed
2388 565 2492 622 boc
2530 582 2634 621 nec
2657 582 2826 621 ausus
2848 574 2933 622 est
2970 581 3077 622 nec
3099 567 3323 623 audebit
3349 568 3550 640 aliquis

252 654 363 725 pbe
394 654 468 708 l2
503 652 598 725 (G.
635 651 700 709 Ο.
732 650 774 718 l,
811 651 916 707 144
950 668 1096 722 seq.,
1133 651 1242 707 208
1275 668 1416 722 seq.,
1455 651 1502 706 ll
1556 650 1663 706 257
1714 667 1858 721 seq.,
1939 658 1944 662 ’

257 746 362 802 624
391 746 549 817 seq.)
601 745 858 801 Allatium
908 744 1130 800 Enclu'r.
1181 760 1232 800 c.
1270 745 1333 800 δ’.
1375 761 1432 815 p.
1493 751 1562 816 ιη’
1614 759 1732 814 seq.
1769 743 1860 799 Jo.

255 839 454 895 Tbeol.
492 839 557 893 in
579 854 736 894 conc.
773 838 927 894 Flor.‘
957 854 1093 894 sess.
1125 839 1192 894 l9
1235 837 1422 908 (llard.
1453 836 1546 901 IX,
1576 853 1632 907 p.
1668 835 1773 890 217
1809 843 1865 892 et

257 930 449 1001 saepe).
499 930 822 998 Disputarat
859 930 1128 998 Georgius
1156 930 1388 1001 Cyprius
1418 927 1583 999 (apud
1627 928 1862 984 Beccum

258 1023 319 1078 G.
357 1023 428 1079 Ο.
490 1024 564 1090 II,
605 1023 734 1090 255,
760 1025 889 1090 254,
927 1023 1055 1092 256)
1107 1023 1255 1078 hunc
1305 1022 1360 1076 in
1406 1022 1627 1076 modum
1661 1039 1675 1076 ε
1709 1020 1866 1076 Com-

230 1117 446 1173 .munis
489 1115 650 1188 [258]
698 1115 940 1172 essentia
985 1132 1097 1172 non
1145 1125 1231 1171 est
1270 1130 1451 1170 causa
1484 1115 1863 1193 bypostaseos,

259 1224 384 1263 cum
413 1224 605 1278 neque
630 1216 858 1277 generet
885 1223 1062 1278 neque
1089 1209 1358 1278 producat
1389 1223 1654 1277 unquam,
1673 1222 1865 1261 verum

261 1299 510 1355 essentia
571 1315 696 1354 cum
759 1299 1193 1371 preprietatibus
1248 1298 1315 1372 (ἡ
1376 1301 1496 1370 μετ’
1556 1298 1866 1368 ἰδιωμάτων

260 1391 474 1457 οὐσία),
509 1409 636 1462 quae
663 1393 839 1462 ipsam
884 1393 1204 1464 hypostasin
1237 1399 1414 1446 notat.
1449 1392 1620 1447 Porro
1655 1392 1866 1446 Beecus

262 1483 318 1538 id
348 1483 599 1539 libenter
627 1484 898 1551 admittit;
950 1499 1142 1540 verum
1189 1487 1346 1555 petit,
1398 1499 1466 1542 an
1516 1483 1666 1538 solus
1705 1481 1869 1538 Pater

261 1575 512 1630 essentia
535 1592 662 1631 cum
678 1579 1016 1646 proprietate
1042 1577 1330 1631 habendus
1350 1575 1451 1641 sit;
1476 1575 1528 1631 id
1555 1575 1601 1631 si
1633 1573 1868 1630 allirme-

263 1677 352 1723 tur
391 1669 731 1728 universim.
765 1683 1001 1739 pugnam
1027 1684 1152 1724 cum
1197 1668 1419 1722 Patrum
1459 1667 1709 1729 doctrina
1744 1656 1868 1723 esse

263 1767 522 1828 apertam
551 1775 566 1825 ;
606 1758 653 1814 si
687 1774 820 1813 vero
846 1758 1188 1829 producendi
1224 1761 1534 1829 proprietas
1575 1759 1672 1813 uni
1716 1758 1866 1815 Patri

262 1838 615 1918 vindicetur,
649 1851 818 1922 gratis
838 1852 946 1907 hoc
974 1853 1200 1908 omnino
1240 1854 1476 1923 supponi
1519 1869 1582 1908 ac
1613 1853 1733 1930 sine
1757 1853 1868 1908 ullo

265 1945 600 2001 testimonio
657 1945 971 2000 traditionis
1018 1945 1114 2014 (cf.
1166 1943 1194 2015 §
1247 1945 1280 2000 5
1327 1945 1494 2014 seq.).
1574 1943 1867 2012 Przeterea,

264 2033 637 2112 arguit,.dum
669 2033 990 2090 conceditur
1037 2033 1301 2104 Spiritum
1337 2049 1462 2090 esse
1517 2050 1586 2090 ex
1631 2036 1868 2090 essentia

265 2126 408 2191 Filii,
446 2134 512 2181 ut
540 2143 607 2181 ex
628 2127 866 2182 essentia
891 2126 1089 2190 Patris,
1112 2126 1352 2183 essentia
1375 2143 1508 2184 vero
1540 2128 1718 2183 Patris
1742 2143 1867 2184 cum

267 2218 623 2289 proprietate
683 2218 777 2274 hic
830 2219 1181 2290 intelligitur,
1236 2219 1403 2274 etiam
1459 2221 1700 2275 essentia
1747 2219 1868 2274 Filii

269 2307 389 2380 μετ’
417 2309 725 2380 ἰδιώματος
773 2311 1000 2382 cogitari
1030 2310 1210 2376 debet,
1265 2327 1389 2380 quae
1425 2320 1512 2366 est
1538 2311 1868 2383 hypostasis,

270 2409 329 2457 ut
357 2402 438 2456 ait
467 2402 594 2472 ipse
618 2403 988 2458 adversarius.
1011 2404 1201 2473 Neque
1225 2402 1549 2469 dicendum,
1577 2405 1686 2458 alio
1701 2420 1868 2460 sensu

271 2494 371 2549 dici
405 2495 468 2560 ἐξ
491 2495 691 2559 οὐσίας
721 2495 817 2548 τοῦ
843 2495 1079 2566 Πατρὸς,
1105 2495 1213 2549 alio
1241 2493 1302 2560 ἐξ
1341 2497 1534 2560 οὐσίας
1575 2496 1671 2550 τοῦ
1711 2496 1867 2562 Tim”),

270 2586 484 2656 hocque
521 2587 798 2657 posterius
823 2588 891 2643 ad
917 2589 1184 2643 unitatem
1213 2589 1468 2643 essentia:
1485 2585 1869 2655 referendum;

273 2678 352 2733 sic
379 2679 539 2733 enim
568 2689 624 2734 et
656 2678 894 2749 Spiritus
923 2695 990 2735 ex
1022 2689 1238 2736 suamet
1264 2682 1500 2736 essentia
1533 2697 1656 2736 esse
1681 2682 1871 2737 dicen-

273 2769 374 2825 dus
405 2770 561 2826 foret
590 2770 752 2842 (orat.
787 2773 838 2838 i,
869 2772 926 2827 in
957 2781 1092 2828 tom.
1117 2773 1282 2843 Cypr.
1303 2787 1355 2828 c.
1390 2773 1478 2838 li,
1502 2773 1540 2828 l.
1575 2789 1624 2828 e.
1653 2789 1708 2844 p.
1741 2775 1870 2839 255,

276 2859 400 2916 256.
431 2862 530 2916 Cf.
559 2872 700 2917 orat.
731 2861 788 2928 2,
819 2878 872 2917 c.
899 2863 958 2926 2,
990 2879 1042 2932 p.
1067 2862 1220 2930 255).
1260 2861 1397 2917 Rem
1430 2863 1745 2918 universam
1771 2879 1874 2918 acu

283 2951 534 3021 tetigisse
563 2952 775 3008 videtur
805 2953 956 3007 card.
981 2953 1291 3020 Bessarion,
1317 2953 1448 3007 dum
1488 2954 1681 3010 scribit
1705 2955 1870 3025 epist.

281 3043 346 3098 ad
377 3044 544 3099 Alex.
590 3043 753 3100 Lasc.
785 3059 835 3100 c.
885 3045 916 3098 7
961 3045 1152 3115 (llartl.
1182 3044 1278 3111 IX,
1317 3045 1476 3110 1065,
1514 3045 1652 3100 1064
1688 3066 1702 3101 :
1744 3065 1763 3098 α
1812 3045 1874 3101 In

280 3146 462 3191 sancta
496 3135 791 3202 Trinitate,
825 3137 970 3207 quod
997 3154 1061 3192 ex
1082 3138 1385 3193 substantia
1413 3138 1645 3208 alicujus
1667 3147 1769 3204 est,
1805 3153 1875 3193 ex

281 3243 520 3296 persona
567 3244 788 3298 quoque
843 3230 964 3299 ejus
1016 3229 1088 3284 sit
1138 3245 1368 3285 necesse
1419 3238 1597 3296 est,...

281 3317 593 3373 substantia
616 3327 672 3372 et
703 3334 940 3388 persona
971 3319 1190 3373 realiter
1221 3335 1390 3373 unum
1423 3320 1538 3374 sint
1570 3328 1627 3375 et
1657 3319 1884 3375 nonnisi

282 3409 497 3464 ratione
514 3409 921 3478 distinguantur
941 3430 954 3476 ;
974 3426 1135 3465 secus
1153 3411 1335 3465 forent
1366 3411 1446 3466 uti
1475 3423 1586 3466 tres
1605 3426 1883 3481 personae,

282 3497 353 3554 ita
381 3509 436 3555 et
463 3509 582 3556 tres
611 3502 886 3556 essentiaz.
918 3502 1203 3556 Distiitctio
1243 3504 1541 3573 [typostasis
1599 3514 1647 3559 et
1677 3515 1886 3561 natura:

283 3593 510 3646 rationis
549 3602 647 3660 est,
708 3596 888 3648 unitas
940 3611 1062 3649 vero
1120 3595 1324 3663 realis;
1375 3609 1567 3652 contra
1603 3599 1659 3652 in
1720 3599 1885 3653 nobis

285 3686 607 3743 hominibus
637 3696 742 3743 est.
771 3688 908 3742 Nam
938 3688 994 3742 in
1020 3689 1180 3745 nobis
1215 3694 1398 3747 unitas
1416 3693 1638 3762 quidem
1667 3703 1882 3748 natura:

284 3795 406 3834 cum
428 3781 704 3850 cujusque
726 3795 963 3850 persona
999 3781 1252 3848 rationis,
1279 3783 1562 3840 distinctio
1587 3801 1719 3841 vero
1751 3802 1880 3841 rea-

287 3870 350 3924 lis
382 3880 507 3939 est;
543 3871 649 3925 alia
698 3887 938 3941 namque
965 3888 1053 3927 res
1082 3882 1166 3928 est
1227 3874 1540 3929 humanitas
1595 3874 1733 3945 ipsa,
1775 3876 1880 3931 alia

285 3960 447 4032 hujus
493 3978 745 4032 persona:
789 3963 1171 4020 individuatio.
1207 3963 1389 4031 Quare
1413 3967 1877 4036 quemadmodum

287 4069 480 4109 sumus
526 4056 716 4110 multae
745 4071 1017 4126 personae,
1066 4056 1140 4110 ita
1175 4057 1342 4112 etiam
1393 4059 1552 4112 multi
1602 4043 1876 4116 homines.

289 4146 403 4212 Quo
425 4149 510 4213 ﬁt,
537 4157 595 4203 ut
616 4151 758 4218 quod
773 4150 841 4202 sit
862 4165 926 4208 ea:
953 4162 1150 4204 natura
1180 4149 1412 4219 alicujus
1451 4152 1744 4219 hominum,
1774 4170 1878 4208 non

289 4241 581 4295 necessario
611 4241 772 4295 etiam
813 4242 882 4294 sit
918 4257 983 4296 ea:
1017 4241 1131 4311 ejus
1172 4258 1417 4311 persona.
1446 4241 1510 4296 lu
1543 4254 1734 4298 sancta
1755 4263 1878 4301 vero

292 4328 556 4386 Trinitale
579 4348 607 4386 e
628 4349 873 4386 conrerso
904 4342 1049 4388 est...
1087 4333 1268 4388 Utiitus
1293 4335 1532 4388 essentiee
1563 4345 1610 4388 et
1641 4352 1878 4405 persona:

290 4431 362 4478 est
405 4423 590 4489 realis,
635 4424 904 4479 distinctio
953 4442 1074 4482 vero
1125 4428 1370 4480 rationis.
1405 4426 1510 4496 (Cf.
1551 4427 1636 4484 Jo.
1679 4427 1872 4485 Theol.

291 4529 421 4570 sess.
462 4515 527 4570 l9
551 4514 728 4569 Flor.:
759 4515 927 4570 Hard.
959 4515 1052 4578 IX,
1095 4515 1223 4583 224,
1254 4515 1406 4587 225.)
1447 4517 1629 4584 Quare
1653 4521 1793 4586 quod
1814 4537 1879 4574 ea:

1897 1899 1946 1958 B

1966 651 2169 708 dicere.
2197 653 2470 710 Prreterea
2493 672 2618 712 cum
2649 657 2890 712 essentia
2922 673 3027 713 nec
3056 667 3283 729 generet
3313 675 3417 714 nec
3447 659 3564 728 spi-

1965 753 2070 808 ret,
2101 736 2405 801 secundum
2423 747 2731 820 theologos,
2757 747 2888 803 item
2919 749 3085 804 etiam
3108 751 3409 805 secundum
3439 751 3566 820 pln-

1965 835 2226 908 losophos
2267 839 2345 908 (et
2390 840 2494 908 ipsi
2547 841 2694 896 enim
2725 841 2930 910 ubique
2972 841 3166 897 dicunt
3214 844 3568 912 operationes

1968 931 2380 986 individuorum
2408 948 2549 998 esse,
2586 951 2698 989 non
2729 935 3124 989 universalium
3163 944 3219 991 et
3276 953 3563 1007 generum.

1967 1020 2053 1078 Me
2103 1023 2251 1078 enim
2301 1025 2407 1078 non
2452 1026 2605 1080 homo
2650 1028 2962 1097 simpliciter
3003 1029 3094 1082 sed
3136 1029 3351 1099 quidam
3410 1030 3566 1083 homo

1967 1112 2178 1184 genuit)
2205 1113 2251 1168 si
2273 1113 2438 1183 igitur
2470 1117 2804 1186 operationes
2845 1117 3265 1179 individuorum,
3307 1135 3415 1173 non
3442 1120 3568 1173 uni-

1968 1204 2256 1259 versalium
2288 1216 2429 1269 sunt,
2449 1223 2554 1262 nec
2578 1209 2900 1263 substantiae
2915 1209 3255 1278 simpliciter,
3277 1211 3403 1280 quid
3421 1213 3568 1266 aliud

1969 1295 2378 1366 intelligendum
2414 1309 2520 1363 est,
2553 1317 2677 1355 cum
2713 1303 3012 1356 essentiam
3046 1301 3167 1355 Filii
3225 1303 3482 1357 audimus
3511 1311 3566 1357 et

1970 1404 2038 1444 ex
2077 1389 2437 1460 ea-Spiritum
2491 1393 2734 1462 prodire,
2776 1394 2883 1448 nisi
2915 1395 3158 1450 divinam
3190 1396 3310 1464 ejus
3372 1411 3568 1465 perso-

1969 1479 2144 1533 nam?
2172 1480 2452 1550 Amplius:
2487 1497 2590 1536 nec
2616 1483 2721 1538 hoc
2760 1499 2862 1538 nos
2896 1484 3084 1546 lateat.
3121 1485 3267 1554 quod
3301 1485 3394 1553 qui
3449 1484 3568 1556 haec

1969 1571 2228 1626 dicebant
2257 1574 2432 1629 sancti
2466 1574 2748 1644 doctores,
2785 1585 2978 1630 contra
3012 1576 3246 1632 Arianos
3279 1585 3334 1630 ct
3378 1577 3567 1630 Euno-

1969 1661 2184 1717 mianos
2216 1678 2277 1718 se
2321 1674 2670 1733 opponentes
2719 1666 2838 1721 lucc
2894 1666 3174 1730 dicebant,
3226 1666 3319 1736 qui
3367 1665 3566 1719 Filium

1969 1769 2038 1808 ex
2070 1752 2252 1820 Patre,
2291 1755 2558 1826 Spiritum
2595 1774 2663 1812 ex
2723 1756 2910 1828 (Patre
2943 1759 3020 1828 et)
3066 1757 3203 1813 Filio
3257 1767 3570 1813 asserentes

1972 1860 2039 1899 ex
2075 1847 2382 1901 substantia
2436 1856 2620 1902 tamen
2677 1864 2869 1904 eorum
2919 1865 3041 1905 esse
3089 1850 3386 1920 negabant,
3443 1865 3568 1904 cum

1974 1941 2242 2007 dicerent,
2280 1942 2501 2007 Filium,
2533 1943 2642 1998 etsi
2677 1959 2744 1998 ex
2776 1943 2960 2010 Patre,
2993 1959 3106 1998 non
3136 1953 3318 1998 tamen
3359 1961 3423 1998 ex
3449 1943 3572 2013 ejus

1971 2032 2212 2086 essentia
2276 2033 2390 2088 sive
2423 2043 2648 2099 natura,
2678 2035 2774 2090 sed
2815 2036 3096 2091 voluntate
3130 2043 3320 2089 natum
3376 2034 3567 2100 fuisse,

1975 2121 2238 2192 Spiritum
2274 2140 2406 2179 vero
2449 2125 2631 2196 ipsum
2689 2125 2854 2180 etiam
2885 2142 2951 2180 ex
3004 2125 3166 2190 Filio,
3225 2141 3334 2179 non
3385 2135 3569 2179 tamen

1971 2213 2365 2278 essentialiter,
2401 2215 2517 2270 sive
2548 2216 2893 2279 naturaliter,
2921 2217 3016 2271 sed
3048 2215 3570 2281 voluntarie.Quare

1967 2292 2169 2360 Filium
2199 2309 2470 2363 minorem
2501 2307 2661 2363 Patre
2692 2319 2746 2364 et
2778 2311 3008 2363 alterius
3035 2308 3362 2362 substantia:
3417 2323 3570 2362 asse-

1974 2401 2197 2464 rebant;
2231 2412 2452 2471 tresque
2487 2401 2540 2454 in
2593 2400 2884 2455 divinitate
2940 2400 3218 2470 ponebant
3275 2399 3565 2453 essentias.

1971 2493 2161 2548 Patres
2202 2494 2366 2564 igitur
2411 2494 2729 2564 opinionem
2809 2509 3002 2549 eorum
3057 2501 3313 2562 tanquam
3377 2492 3568 2545 falsam

1975 2585 2312 2649 reiellentes,
2353 2600 2464 2639 non
2487 2601 2554 2638 ex
2582 2585 2722 2639 Filio
2754 2586 2957 2649 solum,
3010 2584 3106 2639 sed
3144 2585 3306 2637 etiam
3335 2599 3402 2637 ex
3450 2581 3571 2651 ejus

1973 2677 2279 2734 substantia
2300 2679 2641 2733 conabantur
2677 2678 2941 2748 Spiritum
2977 2687 3226 2732 sanctum
3265 2690 3388 2730 esse
3441 2689 3571 2745 pro-

1974 2770 2126 2833 bare,
2161 2767 2416 2822 similiter
2455 2768 2653 2822 Filium
2684 2783 2795 2822 non
2825 2785 2894 2823 ex
2947 2766 3109 2821 Patre
3150 2766 3348 2830 solum,
3379 2781 3569 2819 verum

1975 2861 2144 2916 etiam
2173 2875 2239 2915 ex
2271 2861 2392 2930 ejus
2413 2861 2674 2914 essentia.
2716 2858 2866 2931 [240]
2891 2858 3192 2913 Considera
3224 2873 3376 2928 ergo,
3427 2873 3566 2926 quo—

1986 2952 2154 3008 modo
2198 2952 2266 3007 ad
2321 2952 2446 3016 lzoc,
2477 2951 2621 3022 quod
2661 2949 2905 3005 haeretici
2956 2949 3233 3012 dicebant,
3275 2964 3338 3000 ea:
3389 2945 3574 2999 solun-

1977 3055 2106 3110 tate,
2133 3063 2234 3099 non
2261 3062 2325 3099 ea:
2351 3046 2582 3100 essentia
2633 3041 2769 3096 Filii
2813 3041 3078 3113 Spiritum
3105 3055 3250 3106 esse,
3287 3054 3346 3093 se
3399 3054 3574 3108 oppo-

1979 3138 2187 3192 nebant
2213 3137 2492 3203 doctores,
2524 3152 2591 3190 ex
2636 3122 2878 3190 essentia
2905 3135 3027 3188 Filii
3061 3133 3214 3186 illum
3247 3145 3368 3186 esse
3420 3145 3572 3184 asse-

1665 3247 1686 3281 ι
1747 3245 1874 3284 cum
1905 3243 1947 3303 ε
1981 3239 2276 3297 verantes;
2330 3231 2397 3285 ad
2461 3231 2568 3284 hoc
2619 3238 2825 3288 autem,
2877 3229 3020 3297 quod
3091 3226 3169 3280 illi
3207 3223 3463 3279 dicebant
3508 3238 3576 3276 ex

1984 3323 2130 3379 Filio
2173 3338 2314 3388 esse,
2353 3322 2537 3377 nullus
2586 3319 2958 3384 contradixit;
2988 3333 3092 3372 nec
3124 3318 3259 3372 dixit
3297 3332 3407 3369 non
3435 3328 3577 3384 ‘esse

1992 3415 2142 3469 illum
2171 3430 2238 3470 ex
2276 3414 2438 3480 Filio,
2472 3423 2734 3483 tanquam
2770 3422 2826 3466 et
2848 3412 2950 3482 ipsi
2978 3411 3084 3465 lioc
3118 3409 3422 3464 sentientes
3479 3406 3574 3476 (cl'.

1987 3507 2107 3578 l|,§
2136 3511 2211 3576 7),
2248 3518 2303 3562 et
2330 3508 2605 3573 dicentes,
2634 3521 2760 3561 esse
2806 3521 2871 3559 ex
2903 3502 3140 3558 essentia
3174 3500 3319 3559 Filii,
3355 3499 3496 3552 idem
3521 3507 3578 3551 et

1987 3599 2092 3669 ipsi
2135 3599 2537 3669 intelligentes;
2587 3612 2653 3652 ac
2708 3596 2755 3650 si
2803 3597 3072 3655 dicerent,
3133 3608 3198 3646 ea:
3243 3590 3471 3643 essentia
3524 3595 3574 3641 et

1985 3707 2209 3761 persona
2236 3691 2370 3757 eius,
2405 3699 2461 3744 et
2484 3704 2585 3744 nos
2614 3689 2723 3743 hoc
2755 3686 2899 3742 idem
2925 3687 3196 3740 dicentes.
3231 3701 3248 3733 ι

2059 3783 2146 3837 10.
2191 3782 2390 3837 Ratum
2428 3797 2559 3853 ergo
2595 3789 2713 3836 est:
2754 3778 2810 3833 Si
2842 3777 3078 3850 Spiritus
3102 3783 3187 3830 est
3219 3791 3284 3828 ex
3331 3770 3575 3828 essentia

1984 3875 2130 3942 Filii,
2159 3885 2242 3931 est
2262 3891 2481 3945 quoque
2497 3891 2562 3929 es
2593 3874 2712 3945 ejus
2742 3887 2997 3944 persona.
3038 3868 3145 3924 Sed
3164 3883 3272 3921 non
3305 3866 3486 3918 minus
3511 3879 3574 3917 ex

1981 3970 2143 4026 dictis
2177 3969 2271 4041 (ἐς.
2307 3971 2361 4031 8.
2395 3971 2448 4039 9)
2490 3979 2668 4023 ratum
2697 3977 2813 4023 est:
2841 3967 2896 4022 Si
2923 3965 3164 4036 Spiritus
3189 3972 3272 4017 est
3303 3978 3370 4017 ex
3397 3961 3574 4031 hypo-

1981 4066 2112 4121 stasi
2146 4064 2341 4130 Patris,
2372 4073 2456 4118 est
2477 4077 2698 4133 quoque
2728 4077 2794 4116 ex
2817 4054 2939 4128 ejus
2960 4057 3219 4113 essentia.
3252 4055 3360 4110 Sed
3383 4068 3575 4108 essen-

1983 4159 2054 4212 tia
2087 4159 2262 4212 Patris
2297 4158 2410 4226 jam
2443 4155 2580 4210 Filio
2609 4154 3015 4220 communicata
3071 4151 3409 4220 intelligitur,
3441 4146 3571 4200 dum

1981 4251 2257 4324 processio
2289 4251 2526 4320 Spiritus
2556 4249 2730 4304 sancti
2764 4263 2914 4302 conci
2927 4246 3094 4316 pitur,
3127 4243 3288 4297 Pater
3314 4251 3368 4297 et
3401 4239 3577 4294 Filius

1981 4346 2037 4399 in
2065 4359 2161 4399 sua
2205 4342 2436 4413 quisque
2461 4355 2692 4411 persona
2715 4328 3047 4395 constitutus
3080 4337 3192 4406 jam
3219 4331 3571 4403 supponitur,

1982 4433 2112 4488 dum
2145 4431 2213 4486 de
2253 4430 2345 4483 illa
2376 4429 2731 4499 processione
2755 4440 2938 4480 sermo
2974 4423 3224 4478 habetur.
3270 4419 3409 4474 Hinc
3447 4432 3574 4470 sus-

1978 4527 2141 4581 citata
2171 4539 2200 4578 a
2239 4523 2436 4577 Pbotio
2465 4520 2720 4591 qtuestio,
2767 4531 3006 4587 quanam
3051 4514 3264 4570 ratione
3310 4511 3382 4566 sit
3411 4511 3572 4564 Pater

292 4607 515 4662 essentia
543 4607 772 4673 alicujus
813 4624 1160 4679 personarum
1208 4617 1303 4673 est,
1337 4625 1402 4669 ea:
1431 4625 1653 4676 persona
1675 4629 1880 4684 quoque
1913 4603 1957 4658 D
1983 4613 2317 4686 principium
2379 4611 2503 4665 Filii
2565 4616 2622 4665 et
2695 4606 2933 4678 Spiritus
2998 4604 3198 4666 sancti,
3263 4608 3574 4671 opportuna

293 4699 403 4767 ejus
435 4715 642 4754 necesse
669 4709 898 4755 estesse.
935 4698 992 4754 Si
1027 4698 1178 4772 [9.39]
1213 4700 1378 4770 igitur
1407 4700 1649 4771 Spiritus
1674 4719 1743 4758 ex
1777 4719 1877 4758 na-

294 4799 410 4844 tura
445 4799 502 4845 et
522 4789 762 4845 essentia
793 4789 917 4845 Filii
952 4800 1058 4856 est,
1085 4797 1147 4845 ut
1174 4790 1227 4844 in
1260 4789 1540 4860 plerisque
1592 4791 1728 4846 locis
1760 4801 1876 4848 tum

295 4882 382 4936 alii
409 4882 688 4948 doctores,
717 4890 834 4936 tum
883 4883 970 4937 vel
1011 4882 1247 4938 maxime
1293 4882 1529 4954 Cyrillus
1558 4884 1778 4954 probat.
1809 4901 1878 4941 ex

297 4988 530 5041 persona
571 4990 790 5044 quoque
837 4974 960 5044 ejus
1005 4983 1109 5029 est.
1154 4977 1225 5029 At
1261 4975 1435 5029 nostri
1463 4975 1692 5032 dicunt:
1749 4977 1879 5032 Ideo

297 5066 411 5123 lucc
453 5068 715 5124 dicuntur
755 5083 788 5122 a
837 5068 1174 5133 doctoribus,
1213 5078 1275 5123 ut
1322 5069 1875 5126 consubstantialitas

297 5171 484 5214 eorum
559 5159 948 5228 eomprobetur
994 5167 1052 5212 et
1119 5167 1179 5214 ut
1241 5158 1565 5213 ostendatur
1637 5157 1878 5230 Spiritus

302 5246 542 5315 ejusdem
596 5263 720 5304 esse
764 5248 1086 5304 substantiae
1134 5264 1260 5304 cum
1308 5247 1469 5306 Filio.
1528 5248 1647 5304 Hoc
1691 5259 1878 5305 autem

303 5345 504 5403 quanto
534 5337 721 5392 verius
771 5347 878 5402 est,
901 5345 1054 5390 tanto
1101 5337 1274 5408 magis
1302 5354 1402 5408 pro
1455 5337 1669 5394 Latinis
1724 5338 1875 5394 facit.

272 5473 276 5477 .
303 5422 452 5483 Tune
482 5429 632 5484 enim
668 5429 844 5501 magis
874 5429 1120 5498 ejusdem
1145 5430 1469 5485 substantia:
1486 5429 1724 5500 Spiritus
1751 5447 1878 5488 cum

300 5517 456 5579 Patre
514 5532 571 5578 et
631 5520 771 5578 Filio
828 5529 938 5589 est,
985 5538 1110 5577 cum
1178 5537 1245 5578 ex
1301 5537 1494 5582 eorum
1569 5526 1879 5581 substantia

303 5616 656 5686 personisque
698 5631 890 5671 eorum
943 5615 1193 5685 prodeat,
1241 5615 1346 5670 boc
1402 5625 1490 5672 est
1547 5619 1876 5687 procedat...

307 5705 438 5782 Nam,
463 5709 507 5765 si
537 5710 644 5764 hoc
661 5708 834 5762 solum
859 5706 1490 5773 consubstantialitatem
1521 5707 1878 5781 signiﬁcaret,

307 5811 362 5857 ut
385 5803 558 5858 nostri
590 5809 813 5873 putant,
838 5801 1115 5856 diceretur
1143 5802 1309 5856 etiam
1336 5799 1495 5856 Pater
1529 5817 1593 5856 ex
1621 5803 1880 5858 substant-

308 5899 373 5957 tia
405 5897 528 5956 Filii
556 5907 612 5957 et
644 5897 883 5972 Spiritus
913 5895 1087 5954 sancti
1119 5884 1212 5973 vel.
1232 5893 1408 5952 Filius
1456 5912 1524 5954 ex
1561 5897 1873 5957 substantia

1982 4705 2222 4776 suggerit
2245 4703 2453 4758 Latinis
2486 4708 2836 4771 argumenta.
2869 4697 3077 4765 Quodsi
3099 4696 3316 4750 dicatur
3335 4692 3576 4762 Spiritus

1981 4814 2049 4853 ex
2084 4798 2240 4852 Patre
2272 4804 2328 4850 ut
2361 4794 2520 4848 Patre
2553 4791 2876 4863 procedere,
2920 4790 3034 4857 jam
3057 4842 3065 4848 ,
3090 4785 3329 4856 Spiritus
3359 4782 3578 4836 dicetur

1983 4888 2127 4942 ﬁlius
2143 4901 2207 4940 ac
2239 4885 2358 4940 Filii
2388 4882 2744 4956 praerogativa
2773 4881 3122 4943 destruetur;
3151 4875 3343 4946 quodsi
3362 4873 3575 4928 dicatur

1981 4979 2280 5050 procedere
2311 4992 2378 5031 ex
2423 4975 2582 5030 Patre
2609 4983 2866 5045 quatenus
2896 4979 2972 5024 est
3009 4967 3151 5022 Deus
3181 4965 3268 5020 vel
3316 4971 3576 5035 quatenus

1983 5083 2057 5127 est
2122 5073 2384 5140 spirator,
2469 5085 2593 5123 eum
2656 5066 2746 5121 liic
2811 5064 2962 5119 nulla
3023 5061 3250 5116 relativa
3303 5054 3576 5128 oppositio

1986 5162 2256 5218 habeatur
2279 5162 2347 5216 ad
2379 5160 2600 5224 Filium,
2629 5156 2800 5211 Filius
2829 5155 3020 5223 nequit
3049 5149 3286 5207 excludi.
3328 5145 3574 5203 llatioci—

1983 5263 2185 5309 nantur
2229 5251 2530 5324 Tlteologi:
2603 5249 2842 5320 Spiritus
2911 5254 3135 5301 sanctus
3214 5237 3461 5312 procedit
3506 5251 3576 5290 ex

1983 5345 2143 5401 Patre
2169 5354 2263 5399 aut
2290 5355 2561 5414 quatenus
2585 5350 2670 5396 est
2697 5340 2861 5395 Pater
2890 5346 2984 5392 aut
3014 5344 3282 5406 quatenus
3305 5338 3389 5386 est
3412 5328 3573 5381 Deus.

1985 5437 2046 5492 Si
2077 5439 2250 5508 prius,
2271 5436 2508 5507 Spiritus
2537 5442 2758 5489 sanctus
2779 5425 3203 5486 necessariocrit
3221 5421 3411 5485 Filius,
3428 5416 3574 5487 quod

1983 5540 2174 5586 contra
2226 5530 2660 5592 revelationem;
2699 5525 2745 5580 si
2785 5523 3088 5597 posterius,
3155 5528 3270 5572 tum
3327 5509 3574 5584 procedit

1983 5625 2148 5678 etiam
2180 5640 2247 5678 ex
2269 5623 2436 5686 Filio;
2464 5622 2589 5691 quia
2608 5619 2817 5674 nullum
2853 5618 3071 5686 signum
3121 5607 3330 5677 concipi
3371 5609 3572 5676 potest,

1983 5732 2094 5786 quo
2123 5715 2283 5771 Pater
2313 5716 2386 5770 sit
2413 5714 2580 5795 Dqu,
2615 5727 2731 5782 quo
2771 5709 2941 5763 Filius
2968 5721 3078 5762 non
3121 5715 3278 5795 aeque
3303 5698 3376 5750 sit
3405 5695 3572 5748 Deus.

1983 5807 2218 5863 Proinde
2242 5816 2337 5863 aut
2367 5807 2477 5862 duo
2507 5793 2631 5859 Filii
2684 5803 2738 5857 in
2767 5799 3038 5855 T‘rinitate
3068 5793 3334 5849 subverso
3353 5879 3364 5884 Α
3386 5801 3576 5884 persp.

1987 5902 2196 5959 narum
2225 5897 2540 5957 discrimine
2601 5890 2946 5959 admittendi,
2979 5900 3074 5945 aut
3122 5879 3404 5960 process“:
3447 5876 3570 5947 Sili“
