4032 6446
518 355 632 427 479

527 573 738 635 partem
770 565 842 619 ita
871 564 1029 619 elicrt
1058 563 1290 633 Niceph.
1330 563 1631 619 Blemmida
1661 562 1823 633 (orat.
1852 564 1931 619 De
1962 581 2110 635 proc.

528 655 717 722 Spirit.
755 657 945 720 sancti,
976 671 1029 711 c.
1076 654 1181 722 29.;
1219 655 1282 712 (ἶ.
1323 655 1388 712 0.
1425 656 1468 711 1.
1520 656 1650 725 28);
1687 657 1751 709 Et
1783 655 1974 726 Πατὴρ
2019 655 2115 711 τοῦ

527 746 849 815 Πνεὺματος
898 746 930 799 ὁ
982 743 1136 808 Θεὸς,
1160 745 1220 812 ἐξ
1249 746 1499 815 ἀνάγκης
1526 744 1586 797 τὸ
1624 743 1851 815 Πνεῦμα
1892 745 2021 810 Υἱός
2047 764 2059 778 ’
2087 749 2117 802 ὁ

527 838 719 909 Πατὴρ
768 838 877 909 γὰρ
919 838 1127 910 κυρίως
1163 836 1293 891 Υἱοῦ
1343 838 1534 908 Πατήρ
1557 854 1573 870 ο
1614 836 1853 904 καὶπῶς
1882 839 1911 892 ὁ
1938 839 2118 908 Λόγος

531 930 849 1000 μονογενὴς,
882 932 932 985 εἰ
955 932 1050 985 καὶ
1076 929 1139 984 τὸ
1167 931 1392 999 Πνεῦμα
1416 928 1576 995 Υἱός;
1601 928 1839 988 Alteram
1863 931 1944 988 sic
1966 931 2118 987 evol-

526 1021 609 1075 rit
650 1023 983 1079 Ratramnus
1043 1022 1196 1096 [2M]
1240 1023 1308 1091 (Ι.
1367 1038 1449 1088 ιιι,
1515 1038 1567 1077 c.
1601 1023 1656 1089 6,
1709 1039 1765 1094 p.
1806 1024 1935 1086 297.
1987 1024 2116 1095 298)

526 1113 815 1170 Athanasii
868 1115 1133 1171 doctrinae
1186 1114 1481 1170 insistens:
1522 1133 1540 1166 ε
1584 1111 1841 1169 Testatur
1882 1124 1938 1170 et
1994 1115 2117 1187 Spi-

525 1209 692 1263 ritum
784 1208 1030 1276 ejusdem
1112 1208 1437 1262 substantia:
1519 1205 1658 1270 fore,
1721 1207 1884 1275 cujus
1936 1208 2010 1263 sit
2061 1216 2119 1264 et

529 1301 569 1355 Γ
592 1301 718 1366 lius,
756 1302 1012 1371 quoniam
1041 1301 1269 1357 exsistat
1296 1308 1360 1357 de
1384 1302 1537 1355 unita
1571 1300 1781 1354 Deitate
1831 1299 2016 1356 Patris
2066 1310 2117 1357 et

531 1388 693 1457 Filii;
720 1392 866 1461 quod
900 1392 1089 1446 dicens
1116 1391 1325 1461 liquido
1360 1399 1647 1455 monstrat;
1678 1390 1820 1460 quod
1854 1391 2118 1462 procedat

527 1482 598 1537 ab
638 1492 903 1553 utroque;
934 1500 1052 1537 cum
1080 1483 1225 1538 enim
1247 1483 1314 1537 sit
1343 1481 1525 1537 Deitas
1556 1481 1739 1537 Patris
1790 1492 1839 1537 et
1870 1482 1996 1537 Filii
2039 1484 2119 1537 sic

527 1574 702 1638 unita,
731 1582 784 1627 ut
815 1573 1016 1627 nullam
1034 1574 1389 1643 differentiam
1421 1573 1650 1643 recipere
1672 1575 1855 1644 possit,
1891 1591 1995 1628 non
2020 1591 2119 1645 po-

529 1673 626 1719 test
667 1665 942 1733 procedere
963 1663 1191 1733 Spiritus
1235 1664 1298 1718 de
1330 1665 1545 1718 Deitate
1595 1652 1802 1729 Patris,
1849 1664 1952 1717 nisi
1989 1680 2116 1732 pro-

529 1755 680 1809 cedat
709 1765 758 1810 et
789 1756 851 1810 de
880 1753 1032 1821 Filii,
1066 1754 1526 1827 quemadmodum
1574 1770 1678 1809 nec
1712 1755 1781 1809 de
1832 1754 1952 1809 Filii
1994 1753 2119 1808 Dei-

528 1853 665 1909 tate,
699 1844 800 1899 nisi
849 1845 1108 1914 procedat
1141 1845 1303 1898 etiam
1339 1843 1408 1897 de
1438 1841 1653 1908 Patris;
1683 1843 1926 1912 alioquin
1962 1843 2115 1898 unita

534 1936 719 1992 Deitas
745 1936 923 1991 Patris
952 1945 1007 1991 et
1031 1934 1156 1990 Filii
1209 1950 1320 1989 non
1364 1934 1472 1989 erit
1502 1934 1615 2003 jam
1668 1934 2013 1998 indifferens,
2068 1935 2115 1989 si

529 2029 800 2101 procedat'
821 2027 1058 2099 Spiritus
1086 2028 1155 2082 de
1186 2027 1400 2083 Deitate
1425 2025 1630 2091 Patris,
1658 2034 1714 2082 et
1764 2040 1875 2081 non
1907 2025 2114 2096 pariter

532 2123 789 2193 procedat
813 2122 881 2178 de
919 2122 1126 2176 Dcitate
1155 2120 1314 2187 Filii;
1344 2136 1408 2175 ac
1443 2136 1542 2190 per
1576 2119 1682 2173 hoc
1729 2119 1841 2190 jam
1875 2135 1983 2174 non
2011 2118 2118 2175 erit

530 2215 704 2279 ιιιιίιιι,
753 2214 898 2283 quod
945 2224 1030 2269 est
1061 2213 1291 2282 impium
1327 2220 1390 2267 et
1449 2212 1730 2266 Arianum.
1762 2230 1780 2263 ι
1817 2212 2119 2267 Confirmat

530 2304 677 2359 dicta
704 2304 856 2374 Hugo
887 2302 1208 2357 Etlterianus
1239 2303 1299 2374 (l.
1346 2319 1386 2368 I,
1420 2319 1470 2359 c.
1506 2303 1560 2358 8.
1590 2319 1645 2373 p.
1676 2302 1834 2370 1205)
1865 2302 1939 2357 ita
1978 2302 2116 2356 seri-

530 2395 707 2452 bens:
745 2414 764 2448 ι
809 2396 864 2447 Si
916 2395 1157 2465 Spiritus
1188 2410 1297 2449 non
1333 2402 1395 2449 ut
1425 2394 1670 2465 genitum
1703 2409 1767 2447 ex
1800 2391 1957 2448 Patre
1988 2408 2120 2463 pro-

533 2488 802 2559 greditur,
824 2485 991 2542 Pater
1022 2504 1132 2542 non
1163 2486 1363 2542 emittit
1390 2485 1732 2558 (προϐάλλει)
1762 2484 2026 2555 Spiritum
2057 2490 2118 2540 ut

531 2580 785 2650 genitor;
821 2592 944 2631 nam
981 2577 1024 2631 si
1070 2578 1123 2631 in
1156 2593 1224 2632 eo
1255 2576 1350 2647 qui
1381 2574 1570 2647 (quod)
1605 2574 1819 2644 genitor
1848 2574 2118 2645 Spiritu’m

531 2673 694 2728 Pater
719 2670 1014 2737 emitteret,
1046 2669 1284 2740 Spiritus
1314 2684 1380 2723 ex
1412 2668 1574 2723 Patre
1606 2674 1666 2721 ut
1697 2667 1940 2737 genitum
1986 2682 2117 2737 pro-

532 2761 675 2816 diret
701 2778 716 2825 ;
739 2768 937 2815 atvero
967 2775 1078 2814 non
1110 2768 1192 2813 est
1216 2759 1458 2828 Spiritus
1478 2772 1545 2812 ex
1567 2757 1725 2812 Patre
1754 2759 2072 2829 utgenitum
2099 2776 2115 2825 ;

530 2866 644 2906 non
671 2851 817 2906 enim
843 2850 981 2906 duos
1012 2849 1169 2915 ﬁlios,
1203 2850 1308 2906 sed'
1331 2866 1504 2905 unum
1535 2850 1711 2905 solum
1736 2848 1896 2905 Pater
1918 2850 2120 2907 habere

531 2940 811 3007 creditur;
878 2940 1227 2995 manifestum
1275 2956 1428 3012 ergo,
1456 2940 1601 3011 quod
1652 2957 1756 2994 non
1811 2950 1867 2994 ut
1916 2944 2123 3012 genitor

534 3029 803 3102 Spiritum
830 3030 992 3086 Pater
1016 3031 1239 3090 emittit.
1282 3032 1577 3102 Amplius:
1625 3033 1787 3087 Pater
1820 3048 1944 3087 cum
1995 3032 2120 3102 Spi-

536 3124 680 3176 ritus
705 3123 939 3178 emisso’r
1000 3124 1090 3188 sit,
1122 3132 1217 3178 aut
1268 3124 1320 3178 in
1369 3140 1437 3178 eo
1468 3139 1579 3192 quo
1632 3123 1816 3178 diﬂ‘crt
1866 3140 1900 3176 ο
1956 3124 2117 3189 Filio,

531 3212 712 3284 ipsum
747 3213 963 3278 emittit,
997 3223 1091 3268 aut
1119 3214 1420 3268 secundum
1452 3213 1526 3279 id,
1556 3229 1667 3284 quo
1699 3230 1809 3269 non
1837 3214 2125 3270 diil‘ert.At

532 3305 674 3359 ineo
700 3319 809 3375 quo
824 3303 1001 3359 didert
1033 3319 1141 3358 non
1165 3304 1365 3358 emittit
1391 3322 1406 3369 ;
1430 3319 1558 3358 nam
1591 3303 1645 3358 in
1675 3318 1741 3358 eo
1762 3305 1902 3375 quod
1933 3303 2118 3371 Pater,

531 3411 641 3449 non
671 3395 874 3450 emittit
894 3395 1175 3466 Spiritum,
1205 3395 1261 3450 in
1289 3410 1399 3466 quo
1428 3394 1546 3450 solo
1595 3409 1626 3449 a
1661 3394 1805 3449 Filio
1839 3395 2049 3450 diﬂ'ert.
2096 3416 2115 3450 ι

534 3486 725 3542 Dili‘ert
756 3487 914 3541 l'ater
942 3503 972 3541 a
996 3485 1133 3541 Filio
1159 3485 1378 3541 nonnisi
1411 3484 1835 3539 innascibilitate
1862 3494 1919 3540 et
1938 3495 2124 3557 pater-

494 3574 496 3578 ³
532 3578 705 3634 nitate
741 3574 789 3647 (§
828 3576 907 3647 5),
933 3593 1166 3647 quarum
1192 3577 1486 3632 nOtionum
1515 3576 1666 3645 prior
1711 3575 1921 3629 nullam
1980 3576 2125 3631 rela-

534 3670 739 3723 tionem
793 3667 1112 3737 nullumque
1163 3677 1473 3738 respectum
1533 3654 1699 3722 habet
1747 3667 1814 3721 ad
1885 3666 2124 3738 Spiritus

533 3760 964 3830 processionem,
1001 3756 1276 3828 posterior
1304 3757 1601 3813 terminum
1637 3757 1762 3812 talis
1808 3757 2034 3827 originis
2059 3774 2124 3814 ac

422 3887 430 3898 .
533 3850 919 3921 principiatum
951 3850 1265 3907 ostenderet
1314 3865 1437 3919 esse
1485 3849 1724 3916 Filium;
1779 3850 1927 3904 unde
1960 3848 2125 3906 Pater

534 3941 753 3996 nonnisi
783 3956 851 3996 ex
873 3956 940 3994 eo
971 3940 1161 4010 spirat,
1190 3940 1248 3995 in
1284 3955 1395 4010 quo
1422 3956 1453 3996 ιι
1477 3940 1616 3997 Filio
1646 3957 1760 3997 non
1792 3942 2010 4009 dill'ert;
2066 3952 2125 3999 et

532 4041 667 4089 tunc
707 4032 932 4103 spiratio
963 4033 1141 4087 activa
1172 4041 1256 4087 est
1306 4031 1453 4087 Patri
1487 4031 1737 4104 Filioque
1789 4034 2120 4091 communis.

543 4144 565 4179 ι
602 4125 805 4194 Aperte
849 4124 1007 4178 datur
1056 4122 1308 4195 intelligi,
1347 4143 1366 4178 ι
1405 4124 1482 4179 ait
1524 4125 1874 4190 Etherianus,
1917 4145 1935 4177 ι
1970 4126 2121 4195 quod

531 4232 644 4272 non
674 4217 730 4270 in
758 4231 822 4271 eo
842 4232 950 4286 quo
979 4215 1163 4279 dili'ert
1188 4218 1393 4272 Patera
1428 4216 1593 4281 Filio,
1634 4217 1840 4272 emittit
1860 4217 2119 4288 spiritum

533 4316 807 4374 sanctum,
834 4309 929 4363 sed
949 4309 1009 4363 in
1043 4325 1109 4364 eo
1137 4323 1248 4379 quo
1291 4310 1682 4364 communicat.
1723 4328 1743 4361 ι
1780 4309 1849 4363 Et
1900 4325 2118 4364 rursum

534 4406 607 4470 (c.
658 4400 744 4454 15.
798 4399 1079 4470 p.1209):
1130 4400 1447 4455 Secundum
1492 4388 1638 4470 quod
1673 4400 1877 4471 (Pater)
1934 4408 2118 4470 potest

1654 357 1922 420 PHOTII
1958 359 2466 443 eammeam
2503 363 2613 429 cr.
3124 422 3137 439 ..

523 472 664 525 nitus
684 470 858 527 sancti
886 468 1047 526 etiam
1070 485 1102 525 a
1130 469 1268 525 Filio
1283 478 1399 525 rata
1423 479 1528 536 est,
1548 468 1793 526 Priorem
1807 472 2111 543 argumenti
2143 473 2189 531 A
2217 473 2554 532 Bcssarionis
2583 476 2747 532 verba
2777 474 2805 549 ς
2833 475 2867 533 9
2898 471 3184 548 praeeed.),
3213 489 3407 531 verum
3448 476 3659 547 quidem
3695 476 3790 538 io-'

3679 366 3780 449 rso,

2217 574 2319 625 ret.
2355 566 2451 621 sed
2480 567 2548 623 ad
2577 584 2691 624 rem
2721 576 3047 639 praesentem
3078 580 3190 620 non
3219 566 3442 624 iaceret.

2288 657 2375 712 ll.
2400 657 2507 714 Sed
2527 659 2839 716 accuratius
2853 657 3266 714 adhuceﬂatum
3283 658 3426 714 istud
3451 663 3777 731 perpenden-
3852 672 3858 677 ‘
3910 654 3918 663 ’

2217 745 2369 803 dum.
2400 748 2749 821 Distinguunt
2780 749 3013 820 theologi
3066 749 3390 819 principium
3414 751 3550 820 quod
3568 767 3776 823 generat

2218 840 2303 894 vel
2356 842 2546 911 spirat,
2595 851 2654 894 et
2699 841 3020 910 principium
3096 857 3198 911 quo
3240 840 3374 896 illud
3423 826 3643 909 generat
3703 849 3779 903 rel

2219 932 2411 1003 spirat.
2445 932 2501 988 ld
2546 932 2752 1003 optime
2795 933 3047 1003 exposuit
3109 932 3350 987 Joannes
3385 929 3686 1005 Theologus
3731 937 3780 992 in

2220 1038 2381 1078 conc.
2413 1023 2558 1079 Flor.
2613 1038 2752 1078 sess.
2786 1024 2854 1078 18
2886 1022 3077 1095 (liard.
3118 1022 3211 1089 IX,
3258 1022 3426 1094 20$):
3460 1022 3614 1090 Quod
3668 1023 3785 1098 pro;

2219 1114 2370 1170 ducit
2401 1114 2486 1170 vel
2508 1123 2757 1187 generat,
2783 1132 3005 1186 persona
3036 1124 3157 1182 est;
3185 1116 3520 1187 principium
3545 1135 3672 1174 vero
3693 1130 3785 1191 quo
3804 1140 3820 1155 ι

2219 1207 2304 1261 vel
2331 1224 2425 1277 per
2449 1208 2586 1279 quod
2617 1208 2788 1279 (ἀρχὴ
2822 1208 2889 1261 δι’
2918 1201 2986 1280 ἧς
3015 1210 3201 1280 γεννᾷ)
3232 1216 3316 1265 est
3369 1213 3629 1279 essentia,
3675 1228 3784 1282 quae

2219 1298 2342 1353 aliis
2378 1298 2814 1352 communicatur
2842 1296 2939 1369 [υτ.
2972 1297 3172 1353 Thom.
3210 1300 3261 1363 1,
3297 1315 3353 1369 q.
3378 1298 3470 1364 4|,
3505 1315 3558 1355 a.
3584 1300 3636 1371 5)
3660 1298 3782 1370 (52).

2221 1390 2337 1445 Hoc
2361 1390 2505 1460 quod
2538 1391 2963 1445 communicatur
2985 1390 3042 1445 in
3065 1392 3439 1462 generatione.
3462 1400 3652 1446 natura
3677 1402 3785 1457 est;

2221 1499 2381 1552 agens
2414 1496 2542 1536 vero
2565 1489 2651 1536 est
2671 1481 2977 1553 ltypostasis
3001 1481 3083 1551 (τὸ
3102 1482 3526 1551 κοινωνούμενόν
3554 1483 3667 1536 ἐστι
3694 1482 3788 1553 φύε

2222 1591 2327 1638 eis,
2363 1572 2424 1627 τὸ
2465 1574 2523 1627 δὲ
2574 1572 2836 1645 ἐνεργοῦν
2873 1574 3025 1626 ἐστιν
3071 1572 3414 1643 ὑπόστασις).
3445 1572 3785 1644 Hypostases,

2219 1662 2398 1734 pergit
2422 1676 2558 1717 sess.
2600 1662 2687 1717 l9.
2722 1661 2819 1733 (ib.
2847 1677 2902 1731 p.
2932 1660 3085 1731 216),
3118 1670 3392 1732 suntquae
3419 1673 3680 1734 generant
3712 1663 3788 1718 vel

2220 1755 2449 1824 Spirant.
2475 1753 2737 1810 Actiones
2764 1766 2895 1809 sunt
2952 1754 3362 1824 suppositorum
3417 1756 3497 1827 (ai
3527 1754 3789 1828 ἐνέργειαι

2220 1846 2361 1899 εἰσιν
2413 1845 2523 1898 τῶν
2573 1845 2975 1917 ὑποστὰσεων).
3012 1845 3263 1900 Essentia
3315 1849 3633 1901 estnomen
3674 1846 3790 1902 abs-

2220 1945 2570 2003 tractum;et
2596 1936 2726 1991 hinc
2773 1936 2887 1992 ﬁeri
2928 1937 3140 2006 nequit,
3177 1946 3239 1991 ut
3270 1937 3321 1992 ei
3379 1937 3675 1992 conveniat
3707 1953 3794 2010 ge-

2218 2028 2521 2083 nerationis
2552 2028 2657 2097 (vel
2695 2026 3032 2099 spirationis)
3062 2030 3228 2084 actio.
3263 2027 3582 2093 Substantia
3623 2027 3793 2084 Patris

2218 2131 2266 2176 et
2301 2121 2426 2175 Filii
2463 2130 2539 2176 est
2573 2121 2900 2192 principium
2946 2138 3043 2190 per
3084 2123 3223 2192 quod
3253 2123 3494 2191 spiratur
3539 2120 3790 2190 Spiritus;

2217 2211 2539 2280 principium
2570 2211 2715 2281 quod
2741 2219 2865 2264 sunt
2893 2211 3183 2279 spirantes.
3218 2229 3238 2261 ‹
3275 2211 3438 2266 Pater
3464 2210 3630 2266 —ita
3661 2211 3793 2267 idem

2218 2304 2275 2359 in
2303 2318 2441 2360 sess.
2476 2303 2672 2373 241(1.
2703 2318 2752 2360 c.
2796 2320 2853 2375 p.
2884 2303 3010 2369 508,
3059 2303 3186 2372 509)
3228 2335 3300 2346 —
3332 2304 3684 2381 indistinctus
3731 2304 3794 2359 ab

2219 2394 2475 2459 essentia,
2520 2393 2632 2448 imo
2676 2408 2809 2449 vero
2858 2394 2976 2463 ipse
3026 2382 3323 2447 αὑτοοιισία
3343 2394 3641 2460 exsistens,
3693 2410 3791 2448 non

2221 2485 2538 2557 intelligitur
2592 2486 2909 2542 distinctam
2937 2486 3144 2541 habere
3174 2486 3473 2541 essentiam
3518 2487 3589 2542 ab
3634 2486 3793 2557 inpo-

2219 2578 2386 2644 stasi;
2435 2594 2547 2633 non
2585 2577 2733 2633 enim
2778 2594 2858 2639 re.
2901 2576 2998 2633 sed
3029 2576 3143 2633 sola
3191 2577 3405 2633 ratione
3450 2577 3825 2647 distinguitur,

2221 2667 2373 2742 [245]
2403 2677 2629 2740 paterna
2658 2669 2963 2740 hypostasis
2998 2685 3030 2724 a
3081 2685 3178 2724 sua
3199 2670 3463 2725 essentia.
3523 2669 3623 2724 Est
3667 2684 3789 2740 ergo

2222 2758 2386 2813 Pater
2470 2744 2845 2813 substantialis
2931 2757 3271 2828 (οὐσιὼδης)
3376 2758 3683 2830 hypostasis
3746 2766 3797 2813 et

2221 2858 2449 2920 generat
2475 2848 2912 2906 substantialitcr
2946 2848 3178 2916 Filium;
3199 2858 3257 2904 et
3281 2858 3581 2921 generatur
3607 2849 3787 2915 Filius,

2223 2940 2599 2997 substantialis
2648 2951 2705 2996 et
2767 2940 2889 3011 ipse
2913 2940 3267 3011 hypostasis;
3302 2950 3360 2997 et
3403 2954 3541 2997 sunt
3590 2941 3795 3011 quidem

2223 3030 2727 3105 dme'hypostases.
2758 3032 2852 3087 sed
2885 3047 3028 3087 unus
3078 3032 3218 3088 Deus
3270 3041 3475 3113 etuna
3525 3035 3794 3088 amborum

2150 3152 2194 3212 ο
2225 3135 2440 3190 natura,
2469 3140 2594 3180 cum
2621 3139 2727 3194 qua
2767 3123 3006 3194 Spiritus
3034 3134 3259 3180 sanctus
3289 3125 3613 3181 indistincte
3641 3126 3794 3196 (ἀχω-

2228 3213 2448 3286 ρίστως)
2487 3212 2850 3281 intelligitur;
2879 3221 2935 3269 et
2964 3228 3147 3282 neque
3177 3211 3336 3268 Pater
3372 3222 3461 3269 est
3497 3229 3675 3284 neque
3714 3214 3797 3270 Fi-

2225 3306 2352 3371 lius,
2379 3320 2558 3376 neque
2593 3305 2724 3375 quid
2751 3320 2966 3371 eorum,
2999 3320 3122 3374 quae
3153 3313 3285 3359 sunt
3314 3305 3381 3360 ad
3423 3306 3629 3376 aliquid
3680 3307 3796 3377 (τῶν

2225 3398 2364 3468 πρός
2408 3397 2505 3465 τι).
2541 3396 2649 3451 Sed
2694 3395 2984 3467 Spiritum,
3015 3396 3071 3451 in
3102 3404 3371 3467 quantum
3417 3406 3506 3452 est
3550 3397 3797 3467 Spiritus,

2225 3489 2291 3544 ad
2344 3489 2644 3560 spirantem
2683 3489 2845 3559 (πρὸς
2877 3488 2971 3541 τὸν
3020 3488 3272 3559 πνέοντα)
3320 3489 3516 3544 referri
3572 3497 3792 3560 oportet.

2226 3578 2363 3646 Quia
2394 3594 2524 3633 vero
2553 3578 2793 3649 Spiritus
2821 3586 2906 3633 est
2929 3578 3108 3633 Patris
3140 3576 3398 3648 Spiritus,
3432 3586 3492 3633 et
3523 3576 3794 3648 Scriptura

2226 3679 2454 3725 testatur
2490 3670 2640 3724 illum
2693 3684 2815 3725 esse
2840 3684 3058 3740 quoque
3089 3668 3210 3723 Filii
3261 3667 3570 3747 Spiritumh
3592 3668 3794 3740 spiran-

2226 3770 2309 3816 tes
2332 3770 2461 3816 sunt
2489 3776 2618 3832 ergo
2669 3760 2829 3815 Pater
2854 3770 2910 3816 et
2939 3749 3129 3815 Filius.
3158 3778 3180 3812 ι
3234 3759 3468 3826 Quando
3518 3776 3646 3833 ergo
3671 3760 3797 3816 dici-

2225 3860 2349 3908 tur:
2386 3869 2405 3902 t
2445 3852 2604 3907 Pater
2636 3866 2747 3906 non
2772 3861 2857 3907 est
2904 3851 3235 3922 principium
3268 3851 3482 3907 ratione
3530 3853 3794 3919 essentia,

2223 3959 2416 3999 verum
2450 3943 2508 3999 id
2545 3952 2631 3999 est
2659 3944 2727 3998 de
2760 3943 3029 4014 principio
3061 3942 3310 4014 proximo
3335 3947 3475 4016 quod
3496 3954 3718 4016 generat
3746 3954 3796 4001 et

2224 4036 2419 4106 spirat,
2482 4051 2595 4090 non
2640 4051 2773 4090 vero
2820 4036 2889 4091 de
2932 4036 3205 4107 principio
3236 4046 3452 4093 remoto
3501 4055 3604 4108 quo
3637 4053 3793 4109 gene-

2223 4138 2309 4184 rat
2338 4137 2395 4182 et
2424 4129 2634 4197 spirat;
2665 4143 2857 4183 verum
2906 4144 3017 4183 non
3064 4138 3171 4196 est,
3205 4130 3250 4185 si
3293 4131 3538 4186 essentia
3581 4129 3797 4211 omnino

2223 4215 2553 4281 excluditur,
2586 4233 2711 4288 qua:
2737 4226 2823 4272 est
2849 4216 2981 4277 illud
3012 4218 3215 4289 ipsum,
3248 4220 3395 4290 quod
3430 4230 3546 4275 tum
3571 4236 3793 4291 genera-

2226 4307 2375 4363 tione
2423 4315 2539 4361 tum
2587 4305 2890 4376 spiratione
2936 4308 3381 4362 communicatur.
3437 4308 3793 4363 Subdividunt

2222 4406 2488 4468 praeterea
2526 4395 2766 4467 theologi
2795 4397 3115 4474 principium
3158 4414 3260 4467 quo
3308 4398 3364 4453 in
3418 4398 3655 4454 radicula
3704 4413 3796 4453 seu
3870 4430 3875 4437 -

531 4491 774 4561 gignere,
830 4496 1010 4558 potest
1075 4489 1271 4544 Filium
1326 4490 1562 4556 habere;
1612 4490 1915 4544 secundum
1982 4488 2661 4570 veroDremotissimum,
2717 4487 2865 4557 quod
2916 4488 2970 4541 in
3041 4489 3400 4560 generatione
3442 4506 3600 4561 reque
3640 4505 3703 4545 ac
3744 4489 3795 4543 in

529 4579 673 4651 quod
710 4588 891 4650 potest
930 4581 1196 4644 emittere,
1237 4596 1348 4635 non
1403 4588 1586 4650 putest
1634 4580 1833 4635 Filium
1885 4582 2112 4636 habere.

528 4668 709 4735 Quare
750 4669 1050 4723 secundum
1075 4667 1219 4723 aliud
1251 4678 1431 4739 potest
1461 4668 1683 4739 gignere
1716 4667 1866 4741 [212]
1915 4685 1981 4724 ac
2024 4684 2113 4724 se-

529 4757 768 4812 cundum
794 4757 940 4813 aliud
974 4758 1245 4813 emittere.
1284 4777 1303 4809 ι
1332 4757 1492 4823 Quod
1515 4758 1558 4812 si
1587 4758 1753 4828 igitur
1768 4758 1949 4814 Photii
1979 4758 2117 4813 eﬂ‘a-

532 4855 669 4915 tum,
694 4849 773 4917 τῷ
802 4849 945 4921 λόγῳ
994 4854 1094 4921 τῆς
1129 4851 1486 4915 ὑποστάσεως
1520 4851 1736 4906 Patrem
1782 4851 2112 4923 principium

532 4950 654 4991 esse
692 4937 928 5007 Spiritus
969 4941 1167 5005 sancti,
1199 4941 1330 4996 illud
1389 4940 1491 4996 sibi
1546 4941 1701 5020 vultu
1745 4941 1962 4996 Patrem
2007 4957 2117 5011 qua

535 5027 720 5092 talem,
758 5030 966 5084 ratione
1018 5032 1365 5100 paternitatis
1403 5047 1525 5086 esse
1559 5033 1908 5101 spiratorem,
1932 5032 2113 5087 mani-

534 5118 672 5173 feste
702 5117 896 5174 falsum
929 5132 1043 5190 est;
1069 5125 1213 5194 quod
1246 5126 1291 5181 si
1313 5140 1442 5180 vero
1476 5126 1635 5181 aliam
1684 5127 1776 5180 uni
1813 5125 1957 5182 Patri
1985 5143 2116 5198 pro-

532 5210 708 5282 priam
734 5220 918 5266 notam
939 5215 1182 5286 intelligit
1210 5232 1277 5272 ae
1296 5218 1516 5287 quidem
1541 5220 1642 5289 τὴν
1664 5218 1958 5290 προϐολὴν,
1983 5220 2118 5275 falsa

532 5314 618 5357 est
647 5303 972 5372 suppositio,
999 5305 1138 5361 hanc
1176 5323 1295 5364 esse
1327 5319 1568 5379 paterna:
1599 5312 1960 5382 liypostaseos
1980 5314 2120 5367 clua-

534 5395 929 5451 racteristicum
958 5397 1159 5452 idioma
1182 5403 1231 5470 (ᾗ
1247 5400 1281 5454 5
1305 5403 1511 5473 seqq.).
1539 5402 1596 5457 Si
1614 5403 1850 5474 denique
1871 5404 1947 5459 nil
1972 5403 2119 5459 aliud

534 5487 718 5542 dicere
778 5487 960 5549 vellet,
1032 5488 1135 5544 nisi
1203 5494 1348 5562 quod
1403 5495 1681 5549 communi
1735 5497 2113 5568 theologorum

537 5579 806 5651 principio
842 5580 1096 5645 traditur,
1143 5584 1389 5640 actiones
1433 5601 1557 5641 esse
1574 5588 1980 5657 suppositorum
2019 5588 2116 5661 (cf.

612 5716 733 5796 (5‘21
759 5717 849 5773 Sic
877 5695 1184 5796 β-εξτςξειῂοιι⁸
1210 5722 1370 5796 Resp.
1409 5724 1496 5796 ad
1535 5724 1705 5779 Marci
1745 5703 1880 5796 Eph.
1936 5744 1985 5783 c.
2028 5728 2116 5794 18,

539 5787 663 5842 cod.
688 5787 834 5844 Men.
869 5789 938 5843 27
969 5790 1007 5846 ΐ.
1039 5791 1145 5848 Ξὸυ
1172 5793 1225 5849 b.
1252 5787 1368 5866 Τήν
1403 5793 1552 5848 θείαν
1583 5796 1679 5849 τοῦ
1718 5787 1934 5869 “ai-cpi);
1985 5787 2120 5853 ὐπόλ

2219 4580 2524 4652 spiratione
2544 4586 2628 4634 est
2660 4579 2774 4649 ipsa
2797 4578 2986 4634 divina
3012 4589 3246 4647 natura;
3302 4581 3360 4635 in
3389 4581 3673 4653 potentiate
3705 4596 3796 4635 seu

2218 4681 2499 4737 remotum,
2557 4671 2704 4741 quod
2759 4679 2847 4726 est
2899 4671 3146 4741 potentia
3200 4671 3432 4729 actionis
3476 4689 3576 4729 seu
3630 4673 3795 4727 virtus

2218 4761 2416 4834 agendi
2452 4762 2776 4821 intermedia
2802 4779 2817 4828 ;
2842 4762 2895 4816 in
2928 4761 3155 4834 formale
3180 4778 3274 4818 seu
3301 4766 3624 4832 proximum,
3653 4761 3793 4834 quod

2218 4865 2303 4910 est
2327 4855 2503 4909 forma
2524 4862 2619 4908 aut
2652 4854 2735 4909 vis
2758 4854 2997 4909 actionis
3034 4869 3133 4908 seu
3167 4854 3343 4909 virtus
3368 4855 3565 4926 agendi
3611 4858 3793 4909 imme-

2218 4947 2381 5002 diata.
2409 4946 2788 5000 Communiter
2840 4946 3042 5000 docent
3090 4946 3411 5015 principium
3461 4964 3563 5018 quo
3612 4948 3788 5017 proxi-

2221 5054 2365 5091 mum
2413 5038 2781 5108 productivum
2809 5053 2934 5094 esse
2982 5040 3131 5094 solas
3189 5038 3555 5109 proprietates
3614 5052 3792 5110 perso-

2219 5145 2414 5185 narum
2443 5131 2884 5200 producentium,
2931 5131 3434 5185 communicativum
3465 5146 3595 5186 vero
3641 5139 3791 5186 natu-

2219 5238 2336 5277 ram
2382 5224 2558 5293 ipsam
2600 5222 2844 5277 divinant
2895 5221 2991 5292 (cf.
3028 5221 3218 5276 Kilher
3243 5223 3278 5276 l.
3312 5238 3364 5277 c.
3396 5238 3449 5277 c.
3482 5223 3534 5288 Ι,
3573 5239 3625 5277 a.
3651 5223 3705 5282 2.
3732 5238 3787 5278 ιι.

2222 5315 2324 5369 568
2359 5331 2476 5386 seq.
2505 5316 2546 5388 ).
2582 5313 2788 5370 Deinde
2813 5316 2844 5368 6
2871 5312 3030 5381 λόγος
3066 5313 3168 5384 τῆς
3200 5314 3554 5379 ὑποστάσεως
3577 5312 3787 5386 cogitari

2224 5417 2407 5477 potest
2452 5407 2533 5463 vel
2563 5414 2729 5477 prout
2756 5404 3142 5461 consideratur
3168 5420 3402 5475 persona
3431 5421 3529 5476 per
3573 5422 3633 5460 se
3677 5404 3786 5460 uni-

2231 5501 2431 5558 versim
2462 5507 2517 5554 et
2543 5500 2598 5555 in
2631 5499 2909 5553 abstracto
2936 5498 3022 5552 vel
3068 5506 3234 5567 prout
3269 5512 3504 5567 persona
3555 5498 3674 5553 talis
3714 5497 3788 5551 in-

2227 5594 2485 5667 telligitur
2511 5593 2615 5647 hac
2645 5593 2732 5648 vel
2761 5590 2850 5645 illa
2896 5589 3275 5645 individuante
3317 5588 3513 5646 affecta
3557 5588 3788 5660 proprie-

2224 5745 2416 5783 στασιν
2445 5726 2626 5780 αἰτίαν
2643 5722 2806 5796 εἶναι,
2831 5724 2907 5796 ᾡς
2928 5721 2989 5773 σεδ
3017 5720 3064 5792 ὃ,
3095 5719 3288 5796 εἷτεοὲξ
3311 5719 3393 5787 οὗ,
3425 5721 3523 5793 τὴν
3553 5719 3611 5775 δὲ
3643 5715 3781 5771 θείαν

2225 5799 2389 5852 αὐτοῦ
2418 5795 2611 5852 οὐσίαν
2637 5795 2715 5859 ὡς
2749 5795 2811 5848 τὸ
2842 5787 2906 5863 ᾧ.
