4032 6470
477 351 584 415 483

1643 349 1908 410 ΡΙΙΟΤΙΙ
1949 347 2458 414 PATRIARCH/E
2503 347 2613 410 GP.

3653 354 3752 420 184

477 461 608 524 206,
641 459 788 524 207;
835 456 908 514 cf.
949 473 1007 529 p.
1046 457 1149 512 169.
1191 453 1358 528 seq),
1404 455 1830 524 Constantinum
1875 457 2085 512 Melite-
2113 453 2163 514 Α
2187 464 2274 509 εει
2303 455 2544 526 Spiritus
2572 453 2770 510 sancti.
2809 475 2829 508 ‹
2867 454 3020 512 Licct
3062 455 3172 512 sint
3203 465 3441 529 quatuor
3479 459 3758 522 relationes
3847 492 3855 500 -

480 549 690 602 niotam
717 547 880 618 (orat.
899 545 955 612 2,
980 546 1057 601 De
1083 563 1235 616 prae.
1267 545 1454 616 Spirit.
1487 548 1680 601 sancti.
1707 563 1756 601 c.
1776 548 1873 613 59;
1902 548 1977 602 ib.
2000 548 2071 612 ll,

480 638 608 708 897)
641 637 712 691 ita
749 635 859 691 Leo
885 635 1116 690 Allatius
1157 636 1304 690 Vind.
1338 653 1453 706 sgn.
1481 637 1617 707 Epit.
1661 651 1711 691 c.
1747 637 1835 702 56,
1866 653 1922 708 p.
1947 637 2074 709 560)

482 728 782 784 Photianos
819 727 1063 796 premit;
1103 746 1120 777 ‹
1167 725 1334 780 Estne
1362 735 1647 782 causatum
1687 727 1803 781 sive
1830 726 2076 782 ’eﬂ‘cctus

486 817 776 889 (αἰτιατόν)
807 817 860 870 in
887 815 1110 870 Triade?
1130 816 1198 870 Et
1225 817 1356 870 illud
1377 824 1536 872 estne
1559 815 2076 894 eommuneTriadis

482 929 552 965 an
586 913 747 964 unius
777 909 1088 981 hypostasis
1114 908 1442 980 proprium?
1472 909 1739 965 Neutrum
1773 910 1957 966 dicere
1983 925 2076 964 va-

483 1003 618 1057 lent.
656 1002 792 1055 Nam
823 1011 1131 1066 causatum,
1166 1001 1314 1071 quod
1349 1001 1406 1056 in
1442 1002 1557 1057 Deo
1586 1001 1945 1072 conspicitur,
1974 1017 2079 1058 nec

481 1105 564 1149 cst
599 1091 749 1166 [247]
784 1093 1002 1149 Triadis
1031 1109 1344 1161 commune,
1381 1111 1487 1150 nec
1526 1095 1688 1149 unius
1725 1093 1938 1149 Triadis
1977 1095 2078 1166 hy-

482 1189 717 1257 postasis
736 1187 1040 1257 pr0prium,
1057 1202 1179 1240 cum
1202 1188 1272 1240 sit
1297 1202 1588 1242 commune
1606 1187 1727 1241 Filii
1748 1197 1800 1241 et
1815 1185 2074 1256 Spiritus,

483 1285 540 1332 et
588 1293 699 1331 non
745 1277 818 1331 sit
862 1292 1157 1330 commune
1184 1276 1380 1332 Patris.
1419 1277 1484 1331 Et
1516 1277 1745 1347 propius
1791 1277 1858 1331 ad
1906 1292 2023 1330 rem
2060 1291 2076 1331 :

484 1370 702 1424 Mittere
728 1369 991 1440 Spiritum
1017 1379 1266 1424 sanctum
1295 1367 1473 1424 Patris
1495 1379 1549 1424 et
1570 1368 1692 1424 Filii
1719 1379 1838 1438 est;
1871 1369 1923 1426 id
1947 1385 2079 1426 vero

485 1465 553 1518 de
589 1462 796 1532 Spiritu
833 1471 1024 1518 sancto
1055 1463 1206 1516 nullo
1245 1462 1411 1517 modo
1442 1462 1682 1528 dicitur;
1719 1478 1900 1533 neque
1929 1464 2078 1519 enim

486 1555 604 1610 ﬁeri
650 1563 849 1626 potest.
901 1564 964 1608 ut
1010 1555 1154 1609 idem
1187 1555 1258 1608 sit
1296 1555 1523 1610 mittens
1551 1563 1606 1609 et
1641 1555 1865 1611 missus.
1913 1574 1932 1607 ι
1969 1555 2075 1627 (Cf.

391 1719 399 1725 _
485 1646 671 1701 cumd.
703 1645 920 1699 Encltir.
970 1663 1096 1714 κεφ.
1131 1647 1231 1710 κε’,
1258 1662 1312 1716 p.
1351 1643 1460 1717 poa'
1487 1647 1627 1717 seq.)
1661 1646 1752 1701 Sic
1781 1656 1838 1702 et
1869 1662 1937 1700 ex
1967 1647 2081 1700 Ma-

488 1739 650 1792 nuele
677 1738 867 1805 Caleca
912 1748 968 1792 et
1008 1737 1333 1793 Bessarione
1369 1737 1624 1794 Petavius
1668 1738 1745 1793 De
1791 1740 1936 1794 Trin.
1969 1755 2078 1803 vit,

2180 546 2234 602 in
2257 547 2478 614 divinis,
2508 566 2528 600 ›
2557 548 2632 603 ait
2661 549 2719 604 S.
2742 547 2984 605 Thomas
3022 549 3096 620 (q.
3118 549 3208 616 30,
3239 549 3560 622 a.2,adi),i
3589 563 3759 612 tamen

2178 657 2289 696 una
2321 656 2533 708 earum,
2565 643 2816 712 spiratio,
2838 659 2948 698 non
2979 653 3268 712 separatur
3290 659 3322 697 a
3342 660 3576 714 persona
3596 646 3763 704 Patris

2180 742 2238 788 et
2262 733 2408 796 Filii.
2438 734 2534 789 sed
2565 734 2805 788 conuenit
2844 735 3077 804 utrique.
3109 732 3174 788 Et
3200 733 3280 788 sic
3317 733 3445 789 licet
3470 733 3542 788 sit
3561 735 3761 805 relatio,

2178 840 2290 880 non
2322 835 2408 879 est
2453 833 2637 879 tamen
2667 825 2966 895 proprietas
3003 827 3190 894 (sensu
3227 835 3418 880 stricto
3449 825 3763 897 theologico,

2180 916 2299 988 cf.§
2324 918 2402 988 5),
2448 917 2576 988 quia
2612 933 2716 970 non
2747 916 2986 970 convenit
3027 916 3119 987 uni
3149 925 3358 970 tantum
3387 933 3645 985 personas,
3669 935 3766 975 nec

2181 1007 2372 1061 relatio
2397 1005 2710 1076 personalis,
2739 1005 2794 1061 id
2816 1012 2925 1072 est,
2959 1004 3306 1060 constituens
3329 1021 3643 1075 personam.
3668 1006 3767 1063 Sed

2183 1098 2271 1154 has
2305 1107 2418 1153 tres
2454 1098 2751 1153 relationes
2781 1114 2797 1151 :
2834 1096 3164 1168 paternitas,
3193 1095 3384 1152 ﬁliatio
3408 1106 3467 1165 et
3500 1099 3768 1167 processio

2183 1191 2443 1247 dicuntur
2497 1191 2862 1262 proprietates
2914 1189 3267 1260 personalcs,
3302 1189 3460 1258 quasi
3511 1205 3768 1259 personas

2181 1281 2604 1336 constituentes.
2645 1300 2664 1332 ι
2704 1279 2810 1348 (Cf.
2843 1296 2900 1350 q.
2937 1280 3030 1345 28,
3057 1295 3111 1334 a.
3151 1279 3206 1346 l,
3234 1280 3289 1347 5,
3315 1279 3368 1346 4;
3401 1295 3459 1350 q.
3492 1280 3582 1334 3'2.
3613 1296 3663 1336 a.
3694 1282 3767 1351 3.)

2182 1373 2336 1429 Licet
2365 1389 2496 1444 ergo
2523 1372 2780 1428 catholici
2809 1371 3105 1426 admittant
3135 1371 3352 1426 axioma
3379 1388 3393 1424 :
3423 1369 3694 1440 Quidquid
3719 1373 3770 1426 in

2183 1463 2452 1520 Trinitate
2483 1466 2703 1530 dicitur,
2733 1473 2828 1519 aut
2851 1479 3148 1519 commune
3178 1473 3265 1520 est
3286 1464 3407 1520 sive
3443 1462 3768 1530 absolutum,

2183 1567 2280 1613 aut
2309 1554 2592 1630 pr0pri'um
2621 1559 2738 1614 sive
2768 1558 3056 1613 relativum
3091 1576 3104 1612 :
3137 1558 3264 1628 jure
3293 1566 3481 1611 tamen
3533 1556 3773 1625 rejiciunt
3799 1620 3807 1627 _

2183 1649 2365 1706 Photii
2380 1650 2606 1706 eil‘atum
2628 1649 2922 1721 :Quidquid
2937 1649 2993 1704 in
3013 1659 3204 1705 sancta
3218 1647 3415 1702 Triade
3428 1647 3770 1719 praedicatur,

2183 1753 2276 1797 aut
2291 1742 2458 1796 tribus
2479 1741 2728 1812 personis
2743 1755 3016 1794 commune
3031 1747 3113 1794 est
3127 1748 3219 1794 aut
3234 1740 3391 1792 unius
3408 1753 3645 1808 persona:
3659 1754 3774 1806 pro-

486 1845 537 1883 c.
573 1829 660 1892 l5,
690 1844 746 1882 n.
775 1829 829 1891 5,
862 1830 916 1898 ϐ)
951 1847 965 1883 :
1001 1849 1019 1881 ‹
1057 1829 1274 1902 Negant
1310 1831 1489 1886 Latini
1543 1832 1748 1886 nullam
1789 1848 1910 1888 esse
1945 1849 2074 1904 pro-
2104 1815 2150 1872 Β
2177 1833 2405 1903 prium.)
2431 1830 2536 1886 Sed
2555 1828 3772 1886 haece:dicendisadhucmanil‘estioraerunt.

404 1963 406 1966 .
487 1922 800 1989 prietatem,
831 1936 952 1992 quae
984 1937 1093 1975 non
1123 1931 1234 1999 aut
1279 1923 1454 1977 tribus
1502 1924 1813 1980 communis
1859 1925 1932 1980 sit
1981 1934 2078 1980 aut

493 2014 657 2068 unius
693 2023 904 2068 tantum
935 2015 1179 2086 propria.
1222 2014 1352 2070 Esse
1391 2016 1536 2071 enim
1583 2017 1816 2087 aliquam
1864 2017 2076 2085 dicunt,

490 2122 613 2176 qua:
643 2107 856 2161 duabus
883 2108 1160 2163 convenit.
1208 2107 1343 2162 Nam
1378 2124 1500 2178 quae
1541 2108 1610 2164 de
1659 2108 1770 2164 Deo
1795 2109 2075 2176 dicuntur,

490 2202 648 2255 aiunt
670 2199 894 2256 Calecas
913 2208 970 2254 et
995 2199 1306 2265 Bessarion,
1331 2201 1440 2254 alia
1463 2201 1638 2256 tribus
1662 2201 1915 2271 personis
1937 2216 2082 2256 com-

491 2292 678 2346 munia
714 2301 872 2356 sunt,
920 2301 978 2347 ut
1022 2303 1151 2348 sunt
1183 2292 1432 2347 absoluta
1475 2293 1682 2361 omnia,
1718 2301 1816 2348 aut
1850 2309 1973 2364 qua;
2011 2292 2080 2349 ad

491 2394 773 2440 creaturas
788 2385 1036 2440 ordinem
1059 2384 1284 2450 habent,
1303 2393 1364 2439 ut
1380 2383 1626 2451 Creator,
1645 2387 1924 2452 Dominus,
1949 2397 2080 2452 etc.,

493 2477 597 2528 alia
631 2476 851 2545 pr0pria
882 2485 1042 2538 sunt,
1077 2491 1251 2546 eaque
1283 2478 1370 2532 vel
1407 2478 1619 2533 duabus
1647 2479 1896 2548 personis
1927 2493 2082 2532 com-

493 2577 691 2640 petunt
731 2569 1062 2639 comparatis
1093 2569 1162 2624 ad
1195 2571 1438 2636 tertiam,
1469 2580 1531 2626 ut
1573 2570 1711 2625 Filio
1755 2578 1811 2625 et
1854 2567 2082 2640 Spiritui

494 2669 685 2715 sancto
704 2675 733 2713 a
757 2660 1029 2730 principio
1052 2661 1372 2730 procedere,
1404 2660 1551 2716 Patri
1577 2663 1706 2716 item
1725 2670 1781 2716 et
1800 2661 1935 2715 Filio
1959 2659 2085 2730 Spi-

496 2752 664 2806 ritum
701 2753 941 2816 mittere,
976 2753 1060 2807 vel
1088 2755 1182 2806 uni
1210 2763 1424 2808 tantum
1449 2762 1781 2825 congruunt.
1811 2772 1829 2804 ι
1869 2753 2085 2808 Falsum

491 2843 727 2914 proinde
759 2853 844 2898 est
873 2843 1004 2897 illud
1031 2844 1365 2914 principium
1397 2860 1412 2898 :
1443 2843 1716 2914 Quidquid
1737 2844 1792 2898 in
1815 2843 2087 2898 Trinitate

493 2932 714 2996 dicitur,
759 2941 855 2986 aut
899 2943 983 2988 est
1035 2934 1201 2988 trium
1248 2950 1610 3004 personarum
1661 2950 1952 2991 commune
1995 2942 2090 2988 aut

495 3027 663 3081 unius
695 3029 1000 3097 proprium.
1039 3027 1227 3099 Neque
1275 3030 1512 3096 dicatur,
1546 3030 1741 3085 similia
1761 3029 2026 3100 principia
2057 3043 2088 3083 a

2256 1925 2342 1980 15.
2421 1923 2476 1978 Si
2510 1923 2710 1978 falsum
2741 1931 2826 1977 est
2853 1923 2958 1976 hoc
2982 1921 3158 1976 Photii
3187 1921 3546 1992 principium,
3577 1921 3765 1994 falsum

2179 2018 2386 2088 pariter
2408 2016 2665 2080 cstillud,
2697 2015 2844 2085 quod
2875 2014 3147 2070 corollarii
3181 2015 3430 2069 adinstar
3458 2013 3586 2069 inde
3611 2013 3774 2068 dedu-

2180 2109 2326 2164 citur
2363 2127 2377 2164 :
2411 2107 2504 2162 Nil
2537 2117 2611 2162 est
2638 2106 2844 2183 duabus
2882 2108 2940 2160 in
2965 2107 3220 2162 Trinitate
3244 2107 3483 2175 personis
3512 2121 3775 2160 commune

2182 2197 2376 2269 (μηδὲν
2408 2216 2460 2253 τι
2507 2193 2649 2252 εἶναι
2681 2199 2796 2262 τοῖς
2827 2197 2952 2252 δυσὶ
2988 2199 3308 2268 προσώποις
3345 2195 3444 2250 ἐπὶ
3488 2195 3590 2265 τῆς
3621 2196 3774 2264 ἁγίας

2184 2291 2417 2364 Τριάδος
2443 2292 2681 2363 κοινόν);
2713 2291 2811 2348 sed
2837 2292 2881 2346 si
2917 2291 3049 2362 quid
3079 2289 3294 2346 duabus
3333 2288 3590 2370 personis
3633 2305 3776 2343 com-

2184 2398 2352 2438 mune
2385 2383 2480 2448 sit,
2511 2384 2578 2453 ,id
2623 2392 2678 2439 et
2723 2384 2900 2439 tertia:
2944 2370 3240 2441 commune
3285 2382 3410 2437 erit.
3467 2381 3623 2437 Unde
3660 2398 3776 2437 cum

2185 2475 2382 2531 Photio
2426 2480 2571 2547 (cap.
2615 2476 2674 2546 6)
2706 2484 2946 2546 arguunt
3001 2474 3344 2530 Schismatici
3386 2491 3402 2528 :
3447 2473 3507 2530 Si
3560 2475 3776 2544 spiratio

2185 2568 2361 2624 activa
2392 2567 2465 2622 sit
2498 2568 2646 2622 Patri
2681 2576 2736 2623 et
2774 2567 2913 2622 Filio
2951 2566 3280 2632 communis,
3323 2565 3638 2622 communis
3681 2567 3778 2622 erit

2187 2671 2240 2716 et
2276 2660 2500 2731 Spiritui
2531 2669 2742 2716 sancto.
2773 2660 2964 2716 Patres
2990 2660 3264 2715 interdum
3290 2657 3651 2724 concludunt,
3667 2673 3779 2728 qua:

2187 2753 2497 2808 communia
2515 2762 2642 2808 sunt
2662 2752 2809 2808 Patri
2829 2753 3050 2818 etFilio,
3073 2751 3386 2808 communia
3407 2765 3631 2822 quoque
3667 2764 3782 2804 esse

2190 2844 2416 2915 Spiritui
2438 2853 2650 2910 sancto;
2676 2853 2734 2899 at
2770 2844 2919 2900 enim
2951 2844 3081 2899 dum
3132 2843 3206 2898 ita
3253 2839 3781 2902 ratiocinatum-de

2188 2938 2303 3008 ipsa
2381 2937 2562 2991 divina
2643 2939 2946 2993 substantia
3011 2937 3161 3010 [⁵249]
3228 2938 3447 3008 ejusque
3522 2934 3780 2990 attributis

2189 3038 2376 3101 agunt,
2399 3045 2519 3097 non
2539 3046 2671 3086 vero
2696 3031 2764 3086 de
2795 3031 3170 3097 relationibus;
3213 3031 3281 3084 de
3303 3030 3369 3084 iis
3391 3044 3517 3099 qua:
3545 3027 3781 3084 absolute

495 3119 706 3174 Latinis
727 3121 996 3191 theologis
1022 3122 1282 3177 stabiliri.
1307 3123 1445 3177 Nam
1471 3125 1632 3194 longe
1656 3138 1688 3177 a
1712 3121 1893 3176 Photii
1924 3122 2089 3178 allato
2114 3160 2159 3220 ο
2191 3121 2472 3187 dicuntur,
2504 3137 2613 3175 non
2655 3123 2722 3177 de
2765 3122 2831 3177 iis
2871 3137 2992 3192 quae
3025 3121 3287 3177 dicuntur
3329 3121 3398 3176 ad
3455 3119 3704 3220 aliquid,"
3729 3126 3783 3218 ut

493 3211 757 3270 diﬂcrunt
786 3214 904 3269 haec
934 3216 1329 3270 catholicorum
1365 3217 1636 3271 axiomata
1667 3234 1680 3270 :
1714 3214 1987 3286 Quidquid
2032 3215 2086 3270 in

498 3301 764 3361 Trinitale
795 3306 1016 3373 dicitur,
1053 3319 1150 3364 aut
1185 3309 1421 3364 absolute
1460 3310 1660 3365 dicitur
1703 3318 1798 3364 aut
1841 3309 2086 3376 relative;

495 3398 586 3452 vel
636 3401 800 3454 etiam
837 3418 850 3455 :
885 3399 1062 3456 Omne
1109 3401 1257 3472 quod
1304 3402 1373 3457 de
1415 3401 1684 3457 Trinitate
1735 3401 2086 3471 praedicatur,

496 3499 593 3546 aut
614 3508 887 3546 commune
909 3500 993 3547 est
1007 3504 1102 3548 aut
1128 3495 1422 3564 proprium.
1452 3493 1512 3547 In
1536 3489 1621 3548 his
1651 3510 1783 3548 sane
1799 3493 2092 3564 disjunctio

487 3593 586 3642 ,εει
630 3585 857 3639 omnino
909 3586 1214 3657 adacquata.
1274 3589 1335 3643 In
1391 3587 1559 3660 priori
1606 3588 1880 3643 axiomate
1943 3586 2091 3663 nulla

499 3677 789 3734 dinicultas
841 3687 968 3742 est,
1022 3696 1147 3735 cum
1216 3681 1392 3737 activa
1447 3681 1677 3751 spiratio
1713 3680 2094 3735 relationibus

499 3761 1030 3838 comprehendatur;
1081 3771 1138 3826 in
1175 3772 1348 3828 altero
1391 3775 1454 3826 τὸ
1490 3774 1770 3844 proprium
1813 3788 1924 3827 non
1965 3787 2097 3842 sup-

499 3858 654 3926 ponit
683 3874 782 3928 pro
818 3875 884 3913 eo
934 3861 1081 3930 quod
1123 3861 1218 3915 uni
1262 3870 1474 3917 tantum
1514 3878 1764 3933 persona:
1800 3861 2093 3928 convenit;

499 3957 765 4019 praeterea
809 3950 889 4004 nil
923 3961 1070 4006 vetat
1113 3968 1184 4008 ne
1218 3970 1491 4008 commune
1531 3954 1769 4020 dicatur,
1816 3953 1964 4024 quod
2008 3953 2096 4009 vel

506 4040 683 4093 tribus
713 4041 796 4094 vel
827 4041 1041 4097 duabus
1081 4044 1329 4112 personis
1375 4046 1650 4111 convenit,
1691 4054 1746 4101 et
1786 4046 2094 4115 proprium,

505 4130 652 4198 quod
686 4130 775 4183 uni
811 4131 1047 4186 exclusis
1092 4132 1305 4188 duabus
1349 4134 1433 4188 vel
1474 4134 1685 4189 duabus
1722 4134 1944 4189 exclusa
1989 4147 2098 4186 una

503 4230 742 4291 aptatur,
760 4223 1057 4279 dummodo
1076 4226 1440 4302 oppositionis
1457 4227 1594 4282 ratio
1610 4227 1810 4298 ubique
1827 4234 2096 4282 servetur.

507 4313 655 4368 Sane
681 4315 743 4366 τὸ
769 4314 828 4378 ἐξ
857 4316 1036 4379 αἰτίας
1066 4313 1207 4370 εἶναι
1234 4317 1531 4389 Gregorius
1583 4319 1714 4376 Naz.
1768 4319 1828 4388 (l.
1853 4319 1929 4387 c.)
1966 4318 2100 4374 dicit

510 4405 664 4461 Filio
695 4415 751 4462 et
796 4407 1024 4478 Spiritui
1073 4411 1276 4482 κοινᾷν,
1313 4411 1609 4483 Gregorius
1651 4429 1782 4468 vero
1823 4412 2100 4486 Nyssenus

2194 3219 2342 3264 recte
2367 3210 2603 3265 advertit
2623 3209 2890 3282 Georgius
2918 3209 3321 3281 Trapezuntius
3350 3209 3456 3282 (De
3485 3225 3633 3280 prae.
3666 3205 3780 3273 δρί-

2193 3299 2328 3354 ritus
2382 3301 2586 3368 sancti,
2628 3301 2698 3356 ad
2746 3299 2835 3355 Jo.
2879 3300 3106 3357 Cubocl.
3167 3317 3226 3356 n.
3273 3300 3360 3355 24.
3393 3300 3458 3357 G.
3491 3299 3558 3355 0.
3603 3300 3653 3367 1,
3684 3297 3782 3354 519

2193 3395 2358 3463 seq.);
2396 3409 2469 3448 ne
2513 3408 2642 3448 vero
2677 3393 2731 3448 id
2761 3392 2830 3447 ad
2862 3392 3157 3450 relationes
3201 3400 3256 3447 et
3293 3391 3555 3447 notiones
3599 3399 3781 3445 exten-

2194 3483 2372 3546 datur,
2412 3483 2466 3538 id
2505 3499 2604 3554 per
2641 3499 2700 3539 sc
2729 3499 2794 3540 ea
2827 3491 3034 3550 vetant,
3063 3484 3260 3554 quibus
3288 3481 3545 3552 superius
3578 3481 3781 3536 axioma

2194 3578 2513 3632 convellunt
2530 3577 2624 3647 (cf.
2647 3577 2811 3632 Allat.
2838 3577 3004 3632 Ench.
3024 3577 3134 3642 l.:c.
3154 3593 3211 3648 p.
3234 3577 3376 3648 ροβ).
3406 3595 3424 3627 ι
3451 3576 3606 3632 Licet
3619 3574 3777 3642 enim,

2195 3665 2267 3721 ita
2282 3665 2392 3721 Leo
2408 3667 2636 3721 Allatius
2658 3667 2836 3737 (Vinci.
2853 3666 3130 3737 syn..Eph.
3161 3683 3214 3736 p.
3245 3666 3541 3736 561,562),
3559 3666 3780 3722 Nazian-

2197 3778 2366 3818 zenus
2419 3763 2566 3818 dicat
2595 3802 2612 3829 ,
2641 3779 2764 3833 qute
2797 3763 2940 3818 Patri
2992 3773 3050 3818 et
3083 3763 3221 3818 Filio
3259 3762 3468 3831 insunt,
3501 3779 3564 3818 ea
3610 3762 3781 3818 inesse

2196 3870 2414 3926 quoque
2427 3855 2646 3926 spiritui
2667 3855 2758 3928 (τὰ
2810 3856 2888 3928 τῷ
2921 3856 3099 3927 Πατρὶ
3130 3856 3225 3910 καὶ
3251 3855 3367 3927 Υιῷ
3407 3857 3684 3928 προσόντα
3709 3854 3780 3926 τῷ

2199 3947 2482 4018 Πνεύμαύι
2528 3948 2777 4018 ἐνεῖναι),
2806 3949 2999 4005 isciant
3039 3949 3283 4005 divinum
3329 3950 3483 4005 illum
3515 3951 3694 4006 virum
3718 3948 3781 4004 de

2201 4043 2498 4098 Divinitate
2530 4050 2724 4097 contra
2779 4040 3314 4098 Pneumatomachos
3366 4044 3535 4098 verba
3589 4045 3779 4106 facere,

2199 4131 2290 4203 qui
2317 4148 2428 4187 non
2453 4133 2522 4187 de
2537 4132 2885 4187 discernendi
2913 4132 3025 4186 vim
3057 4132 3410 4198 habentibus,
3438 4135 3536 4190 sed
3566 4135 3633 4190 de
3663 4134 3781 4204 Spi-

2200 4225 2338 4278 ritus
2356 4223 2648 4303 Divinitate
2669 4223 2994 4278 tractabant.
3018 4225 3084 4279 Et
3102 4225 3217 4280 haec
3237 4234 3324 4280 est
3347 4226 3608 4298 doctrina:
3617 4229 3779 4300 ipsius

2201 4315 2386 4387 Cyrilli
2425 4315 2718 4371 scribentis
2744 4333 2758 4368 :
2795 4313 3008 4381 Quibus
3035 4315 3184 4371 enim
3211 4315 3453 4394 Spiritus
3482 4321 3779 4376 communis

2204 4417 2307 4472 est,
2340 4397 2453 4462 illis'
2474 4422 2698 4476 prorsus
2717 4416 2774 4462 et
2802 4422 2925 4477 quae
2953 4409 3210 4463 essentia:
3240 4419 3388 4474 sunt,
3411 4422 3657 4480 separata
3677 4428 3778 4468 non

507 4499 604 4553 0r.
635 4500 689 4552 in
728 4499 940 4554 Domin.
965 4500 1112 4558 Orat.
1154 4504 1297 4572 apud
1329 4504 1560 4559 Beccum
1596 4503 1660 4560 G.
1702 4509 1765 4558 Ο.
1799 4505 1842 4568 1,
1876 4504 2000 4572 165ς
2028 4505 2096 4568 ll,
2129 4499 2177 4558 D
2204 4499 2408 4554 fuerint
2443 4498 2568 4570 (art.
2591 4493 2826 4568 praeced.
2849 4497 2878 4569 §
2901 4498 2985 4562 l0,
3017 4508 3147 4553 nota
3171 4497 3250 4568 6).
3274 4499 3508 4570 Cyrillus
3532 4503 3626 4566 ait,
3662 4502 3779 4572 Spi-

504 4589 628 4653 529.,
646 4589 774 4660 525)
801 4591 895 4644 τοῦ
925 4591 1054 4646 Υἱοῦ
1078 4593 1289 4646 καὶτοῦ
1315 4593 1632 4666 Πνεύματος
1659 4594 1856 4660 lator;
1883 4605 2099 4651 utrum-

501 4698 609 4751 que
652 4699 782 4738 sane
840 4683 946 4738 diei
1000 4693 1214 4754 potest;
1257 4685 1387 4740 hinc
1446 4695 1499 4741 ct
1541 4685 1818 4758 Nysscnus
1867 4689 2044 4760 pergit
2080 4704 2095 4742 :

505 4771 655 4846 [2-58]
681 4774 902 4830 Κοινοῡ
927 4775 985 4828 δὲ
1005 4776 1157 4841 ὄντος
1173 4777 1251 4848 τῷ
1271 4778 1388 4849 Υἱῷ
1413 4778 1510 4832 καὶ
1527 4777 1604 4849 τῷ
1628 4777 1905 4849 Πνεύματι
1933 4781 1993 4834 τὸ
2023 4780 2098 4852 μὴ

502 4871 813 4941 ἀγεννήτως
846 4867 986 4923 εἶναι
1029 4870 1211 4925 κ.τ.λ.
1243 4871 1378 4925 Cum
1403 4871 1631 4940 spiratio
1660 4871 1838 4926 activa
1867 4870 2012 4925 Patri
2042 4879 2098 4926 et

502 4956 640 5013 Filio
680 4971 974 5032 competat,
1007 4964 1215 5034 utrique
1252 4965 1545 5020 communis
1591 4972 1695 5030 est,
1750 4973 1940 5033 utpote
1984 4978 2098 5019 non

505 5051 725 5122 propria
747 5054 910 5108 unius
939 5053 1114 5111 Patris
1135 5071 1239 5110 nec
1269 5057 1492 5127 propria
1521 5055 1686 5111 unius
1720 5054 1879 5123 Filii;
1914 5064 2097 5126 potest

505 5146 669 5198 etiam
701 5145 808 5200 dici
847 5148 1052 5218 utrique
1083 5149 1321 5216 prapria,
1343 5157 1508 5218 prout
1535 5156 1621 5202 est
1655 5146 2095 5202 incommunica-

505 5235 632 5291 bilis
651 5235 878 5306 Spiritui
895 5247 1086 5293 sancto
1104 5246 1154 5291 et
1180 5239 1416 5307 pertinet
1445 5239 1513 5293 ad
1534 5238 1670 5293 duas
1692 5252 1957 5307 personas
1978 5237 2095 5307 spi-

505 5338 694 5384 rantes
713 5332 931 5386 exclusa
966 5331 1192 5400 spirata.
1230 5331 1446 5388 Tritum
1469 5343 1554 5387 εει
1592 5333 1734 5401 apud
1764 5331 2092 5402 Theologos,

505 5438 802 5478 commune
845 5423 903 5477 in
936 5421 1205 5478 Trinitate
1246 5419 1746 5491 esse'ahsolutum,
1808 5425 2092 5494 proprium

505 5527 640 5568 vero
675 5515 984 5579 relativum;
1010 5514 1116 5569 hoc
1146 5523 1307 5584 pacto
1339 5515 1565 5586 spiratio
1597 5516 1767 5570 activa
1789 5557 1805 5582 ,
1841 5532 1962 5587 quas
2005 5531 2095 5571 re-

508 5602 638 5657 latio
669 5613 784 5670 est,
823 5614 972 5659 recte
1017 5605 1217 5661 dicitur
1247 5608 1478 5662 duarum
1529 5606 2096 5677 personarum'Patris

509 5701 566 5744 et
620 5693 775 5760 Filii,
837 5695 1077 5765 propria,
1132 5698 1275 5753 sicut
1320 5698 1540 5768 passiva
1591 5698 1817 5768 spiratio
1874 5698 2096 5770 propria

588 5825 699 5892 (57)
716 5825 855 5898 illaec
884 5829 1090 5894 omnia,
1118 5829 1255 5886 sicut
1283 5839 1341 5884 et
1378 5828 1680 5898 sequentia,
1714 5829 1946 5886 Allatius
1990 5830 2088 5884 dea

517 5897 755 5964 sumpsit
792 5913 860 5953 ex
893 5899 1153 5969 Gregorio
1180 5897 1567 5969 Trapezuntio,
1598 5915 1759 5969 quem
1795 5901 1911 5971 ipse
1959 5908 2102 5977 ante

2208 4592 2374 4646 ritum
2392 4606 2516 4645 esse
2533 4604 2880 4645 communem
2898 4590 3047 4645 Patri
3064 4601 3120 4646 et
3139 4589 3296 4656 Filio;
3319 4593 3398 4646 uti
3426 4592 3570 4647 enim
3587 4591 3777 4660 Patris,

2207 4682 2280 4737 ita
2298 4682 2502 4737 dicitur
2517 4691 2571 4736 et
2585 4680 2728 4748 Filii,
2747 4696 2850 4736 nec
2864 4690 3044 4736 tamen
3060 4682 3260 4737 dicitur
3278 4682 3514 4753 Spiritus
3534 4683 3776 4754 Spiritus,

2206 4789 2277 4828 ne
2303 4774 2411 4829 duo
2432 4773 2670 4843 Spiritus
2706 4773 3075 4828 insinuentur.
3105 4775 3174 4830 Et
3203 4784 3263 4830 ut
3289 4775 3461 4846 magis
3490 4775 3546 4830 in
3573 4776 3780 4831 univer-

2207 4883 2327 4923 sum
2348 4882 2435 4921 res
2454 4875 2839 4937 pertractctur,
2861 4866 2915 4919 in
2940 4868 3289 4922 sanctissima
3319 4867 3516 4924 Triade
3535 4878 3636 4923 tres
3653 4883 3778 4923 con-

2205 4961 2515 5016 siderantur
2532 4959 2948 5028 conjunctiones,
2965 4958 3094 5014 etin
3113 4959 3341 5030 singulis
3353 4961 3481 5030 quid
3499 4972 3774 5016 commune

2205 5050 2420 5105 duabus
2445 5049 2741 5120 reperitur.
2763 5047 2854 5103 Sic
2885 5064 3011 5103 cum
3041 5050 3333 5121 ingenitum
3363 5051 3576 5106 duobus
3613 5049 3775 5105 modis

2205 5143 2440 5209 dicatur,
2472 5129 2528 5195 ei
2550 5156 2675 5195 cum
2707 5140 2902 5211 absque
2929 5142 3191 5210 principio
3215 5151 3318 5207 est,
3349 5152 3405 5197 et
3426 5144 3655 5198 dicimus
3681 5141 3772 5196 Pa-

2205 5242 2342 5288 trem
2378 5231 2717 5302 ingenitum;
2750 5240 2946 5286 etcum
2978 5247 3080 5286 non
3106 5247 3199 5300 per
3215 5233 3425 5286 modum
3441 5231 3771 5304 generationis

2204 5324 2365 5378 ueluti
2404 5322 2595 5387 Filius,
2649 5329 2704 5376 et
2751 5329 2867 5376 tum
2907 5322 3144 5392 Spiritus
3194 5323 3470 5393 ingenitus
3517 5332 3616 5378 est.
3661 5321 3769 5376 Pari

2206 5416 2418 5470 ratione
2456 5423 2513 5468 et
2543 5415 2776 5484 genitum
2805 5455 2817 5467 .
2845 5452 2860 5467 .
2882 5455 2896 5468 .
2925 5415 3146 5484 etquod
3175 5414 3505 5485 principium
3544 5415 3697 5469 habet
3722 5420 3772 5466 ct

2204 5507 2350 5579 quod
2381 5506 2728 5570 naturaliter,
2761 5505 2868 5560 hoc
2903 5512 2989 5560 est
3028 5521 3128 5575 per
3159 5505 3381 5560 modum
3426 5501 3770 5574 processionis

2204 5597 2448 5662 exsistit;
2477 5604 2532 5651 et
2558 5596 2853 5667 oppositum
2869 5612 2889 5652 :
2906 5595 3048 5664 quod
3064 5594 3390 5665 principium
3412 5609 3518 5648 non
3547 5591 3695 5647 habet
3721 5595 3772 5642 et

2203 5705 2303 5762 per
2333 5689 2556 5745 modum
2580 5687 2947 5758 processionis
2966 5703 3076 5742 non
3110 5687 3318 5742 exsistit
3352 5685 3488 5756 (57).
3518 5683 3767 5739 Pltotius:

2204 5824 2573 5915 ξιιίίέξτειρῖξ
2589 5825 2755 5915 illi“:
2767 5823 2938 5915 ,³131
2963 5824 3118 5915 {39.3
3136 5912 3158 5915 ,Α
3174 5823 3298 5915 Ἐπὶ
3315 5823 3468 5915 --Έῗῖςι
3480 5818 3766 5915 ﬁliiﬁlii
3829 5904 3834 5906 .

2197 5897 2426 5969 Τριάδος
2452 5899 2602 5968 τρεῖς
2617 5893 2946 5964 θεωροῦνται
2964 5895 3296 5952 συνδυασμοὶ
3314 5895 3410 5950 καὶ
3447 5893 3527 5961 ἐφ’
3558 5893 3766 5946 ἑκάστου
