4032 6460
350 385 457 450 189

1028 387 1126 445 DE
1167 387 1226 446 S.
1269 385 1464 447 SPIR.
1501 385 2006 447 MYSTAGOGIA.
2029 412 2097 422 -·
2124 386 2755 451 ANIMADVERSION
2767 392 2871 452 ES.

3515 393 3623 457 49f.)

348 507 495 568 tivis,
526 518 650 573 qua:
678 499 911 572 propriae
945 499 1225 564 dicuntur,
1257 499 1498 553 secernit
1544 498 1596 552 id
1648 498 1794 567 quod
1841 499 1936 552 uni
1964 505 2011 561 Λ
2041 501 2307 566 municat,
2335 500 2503 554 veluti
2533 517 2643 556 non
2675 518 2796 559 esse
2826 503 3044 568 Filium,
3075 522 3184 561 non
3204 523 3324 563 esse
3357 511 3626 579 genitura.

343 600 602 655 convenit
635 609 885 665 personae
920 601 976 647 et
1006 593 1079 646 ita
1105 593 1153 646 ei
1195 600 1281 645 est
1311 591 1607 660 proprium,
1641 599 1700 644 ut
1728 599 1780 645 et
1807 605 1931 660 per-

341 707 535 748 sonam
595 689 914 751 constituat,
955 695 1118 754 atque
1171 685 1221 738 id
1269 685 1414 753 quod
1463 684 1676 738 duabus
1727 698 1928 736 conve-

339 785 421 839 nit
466 791 524 838 et
565 797 856 853 personam
922 780 1238 849 neutiquam
1300 777 1789 846 constituit(67);
1843 785 1930 830 at-

337 891 446 947 que
486 888 798 929 consonans
837 870 1122 925 Scholario
1159 870 1340 932 docet,
1382 867 1657 937 posterius
1692 875 1747 920 et
1774 864 1927 936 [256]

337 969 516 1025 tribus
546 965 798 1036 personis
828 979 1118 1018 commune
1163 962 1300 1023 fore,
1337 960 1445 1014 nisi
1490 961 1812 1014 adversetur
1841 975 1929 1011 ra-

332 1064 472 1118 tioni
496 1063 857 1132 hypostaseos
885 1058 1046 1112 unius
1069 1056 1180 1126 (68)
1203 1073 1217 1121 ;
1240 1054 1448 1124 spirare
1471 1054 1586 1108 sive
1605 1053 1665 1105 τὸ
1684 1051 1926 1124 προϐάλ-

331 1155 470 1218 λειν,
501 1154 647 1208 Patri
672 1152 917 1221 Filioque
939 1165 1251 1209 commune,
1295 1148 1418 1201 ideo
1465 1145 1693 1216 Spiritui
1737 1153 1926 1198 sancto

331 1263 626 1304 commune
663 1259 786 1300 esse
838 1259 946 1297 non
991 1257 1172 1311 posse,
1219 1240 1345 1310 quia
1401 1238 1598 1292 rationi
1635 1236 1829 1307 spirati
1870 1235 1924 1288 id

331 1348 623 1410 repugnat,
656 1336 782 1407 quia
813 1335 975 1389 simul
1012 1335 1066 1387 in
1088 1334 1278 1387 eadem
1310 1332 1525 1385 actione
1543 1329 1686 1384 foret
1715 1328 1922 1398 produ-

329 1447 465 1486 cens
507 1440 564 1485 et
604 1429 950 1500 productum,
1000 1426 1308 1494 producens
1345 1433 1398 1477 ct
1444 1438 1549 1477 non
1574 1422 1920 1492 fproducens,

329 1525 456 1595 quia
511 1523 593 1578 sui
635 1521 808 1592 ipsius
841 1528 969 1573 tunc
999 1518 1153 1572 fieret
1184 1516 1536 1588 principium.

400 1617 493 1671 15.
537 1613 789 1668 Photiani
855 1610 1142 1664 axiomatis
1208 1608 1500 1663 falsitatem
1565 1613 1923 1676 perspexerat

325 1711 437 1778 jam
475 1708 567 1762 diu
594 1705 747 1776 Hugo
779 1701 1130 1765 Etherianus,
1177 1701 1269 1770 qui
1302 1709 1358 1754 et
1387 1699 1518 1753 illud
1553 1707 1703 1753 recte
1743 1705 1918 1760 notat,

326 1799 429 1854 sibi
474 1797 575 1868 ipsi
608 1796 984 1851 contradicere
1023 1792 1275 1846 Photium
1304 1830 1317 1852 ,
1362 1790 1492 1843 dum
1519 1804 1586 1842 ex
1619 1801 1725 1841 una
1769 1796 1922 1856 parte

2041 587 2261 643 diﬂerre
2294 604 2325 642 a
2356 587 2526 654 Filio,
2561 601 2616 646 et
2643 592 2746 646 alia
2798 594 3112 663 hujusmodi
3133 639 3148 662 ,
3177 612 3301 666 quae
3348 614 3457 653 non
3495 613 3630 656 sunt

2041 681 2398 750 hypostaticaa
2429 683 2792 752 proprietates
2817 686 2933 740 sive
2959 689 3294 756 personalcs.
3319 690 3412 744 Περ
3433 706 3630 746 omnes

2038 773 2182 828 circa
2217 775 2582 830 substantiam
2611 778 3027 834 considerantur
3051 791 3109 835 et
3151 782 3480 852 singularem
3513 799 3626 838 non

2037 877 2166 922 sunt
2214 868 2422 922 sortita:
2470 885 2800 937 personam;
2860 886 2991 942 ergo
3040 884 3169 927 sunt
3225 874 3623 944 proprietates,

2035 975 2156 1028 quae
2183 975 2530 1030 nequaquam
2576 978 2937 1033 personarum
2997 965 3316 1036 insignitiva:
3374 976 3622 1024 sunt.....

2036 1051 2401 1117 Quamobrem
2445 1069 2555 1108 non
2612 1055 2757 1110 idem
2807 1064 2894 1111 est
2940 1057 3133 1112 habere
3176 1061 3526 1128 proprietates
3569 1074 3628 1117 ct.

2035 1145 2100 1198 ab
2129 1146 2314 1200 iisdem
2334 1146 2613 1218 insigniri;
2632 1148 2814 1218 plures
2833 1149 2980 1203 enim
3003 1151 3283 1220 quodlibet
3304 1153 3620 1209 animalium

2033 1237 2400 1308 prOprietates
2462 1240 2661 1304 habet,
2711 1257 2742 1294 a
2802 1242 2950 1295 nulla
3006 1259 3237 1312 quarum
3306 1245 3621 1316 insignitur.

2034 1330 2187 1386 Patet
2210 1332 2394 1402 igitur,
2416 1342 2478 1387 ut
2499 1334 2756 1399 arbitror,
2779 1336 2989 1389 nullum
3019 1336 3418 1393 inconveniens
3443 1342 3618 1410 sequi.

2033 1428 2078 1478 si
2109 1426 2269 1480 Pater
2300 1434 2355 1480 et
2382 1442 2502 1495 quae
2525 1443 2650 1481 cum
2700 1443 2767 1482 eo
2802 1430 2923 1484 duae
2955 1445 3203 1499 persona:
3243 1440 3392 1496 sunt,
3428 1433 3622 1503 hujus-

2034 1519 2179 1573 modi
2202 1520 2481 1589 possident
2505 1521 2889 1590 proprietates,
2915 1540 3037 1577 cum
3067 1524 3330 1580 diﬂ'erens
3355 1526 3620 1581 habitudo

2032 1611 2487 1680 compositionem
2542 1628 2654 1665 non
2699 1614 2952 1668 adducat.
2986 1634 3003 1664 ι
3051 1615 3185 1669 Item
3225 1625 3415 1670 contra
3453 1617 3617 1672 Nico-

2031 1704 2365 1759 mediensem
2417 1705 2720 1759 antistitem
2769 1721 2836 1758 ex
2873 1707 2991 1776 pari
3039 1709 3250 1762 ratione
3296 1720 3616 1780 arguentem

2031 1796 2341 1865 Theologus
2399 1807 2587 1850 noster
2621 1796 2680 1865 (l.
2718 1813 2756 1857 ι,
2793 1813 2840 1850 c.
2881 1799 2976 1860 15,
3007 1799 3614 1868 p.12ti7)observarat,

330 1893 414 1963 (ut
444 1906 569 1960 cap.
599 1889 653 1958 3)
690 1886 959 1958 agnoscit,
993 1897 1283 1938 commune
1309 1895 1431 1935 esse
1457 1879 1596 1934 Filio
1619 1889 1676 1932 et
1698 1877 1923 1948 Spiritui
1953 1883 2000 1941 B
2029 1904 2326 1943 commune
2355 1904 2477 1944 esse
2509 1888 2657 1943 Patri
2684 1898 2739 1943 et
2768 1889 2905 1944 Filio
2928 1933 2942 1954 ν
2973 1905 3041 1944 ex
3071 1892 3254 1961 aliquo
3281 1907 3389 1945 ηοη
3421 1908 3618 1963 proce-

327 2001 394 2039 ex
424 1982 588 2038 Patre
617 1997 756 2045 esse,
787 1997 853 2034 ex
883 1979 1054 2033 altera
1090 1992 1221 2032 vero
1257 1974 1339 2047 (ut
1383 1990 1502 2043 cap.
1533 1973 1587 2043 6)
1621 1972 1922 2037 contendit,

324 2091 450 2146 quae
506 2075 720 2129 duabus
775 2070 1026 2142 personis
1075 2068 1390 2123 communia
1436 2074 1586 2130 sunt,
1645 2075 1702 2120 et
1745 2063 1922 2118 tertia:

323 2167 646 2225 convenire.
699 2167 790 2220 Ait
853 2165 1000 2219 enim
1053 2161 1386 2216 Etherianus
1447 2160 1526 2231 (I.
1588 2174 1661 2220 ll,
1713 2173 1762 2212 c.
1814 2155 1918 2221 18,

320 2280 379 2333 p.
403 2261 546 2315 1252
568 2258 636 2331 Η)
663 2276 676 2312 :
713 2277 730 2309 ι
753 2262 822 2311 At
853 2272 984 2310 vero
1018 2271 1143 2309 cum
1168 2268 1522 2324 quascunque
1554 2251 1920 2321 proprietates

321 2355 532 2409 habent
555 2353 684 2415 duo,
718 2363 773 2405 et
804 2350 1019 2411 tertius,
1054 2357 1114 2402 ut
1149 2357 1297 2401 retro
1325 2355 1690 2401 monstratum
1719 2351 1804 2398 est
1832 2346 1918 2415 (ex

320 2454 516 2500 mente
547 2443 777 2511 Photii).
818 2441 1110 2508 Propterea
1147 2439 1254 2493 hoc
1290 2438 1433 2493 idem
1485 2436 1618 2492 dicit
1647 2438 1914 2507 sophista,

317 2536 543 2592 sibimet
574 2533 820 2589 invenire
843 2532 1170 2596 contrarius,
1199 2546 1324 2585 cum
1349 2530 1494 2584 dicat
1519 2531 1658 2600 (cap.
1685 2529 1913 2601 5511ιι.),

317 2628 563 2700 Spiritus
592 2635 648 2682 et
671 2625 791 2680 Filii
823 2639 1117 2679 commune
1137 2638 1280 2686 esse,
1310 2639 1417 2677 una
1445 2639 1512 2677 ex
1554 2639 1714 2678 causa
1741 2633 1797 2677 et
1830 2623 1917 2676 in-

317 2721 581 2776 divisihili
619 2720 822 2774 habere
853 2731 1225 2789 progressum.
1261 2715 1414 2781 Quod
1463 2715 1654 2785 utique
1705 2730 1916 2784 nequa-

317 2832 487 2885 quam
546 2814 696 2869 Patri
752 2829 977 2867 causam
1029 2827 1143 2866 non
1197 2809 1420 2866 habenti
1465 2809 1743 2864 convenit.
1809 2806 1915 2861 Sed

312 2922 498 2977 neque
531 2904 840 2974 Theologus
863 2902 1157 2973 Gregorius
1179 2900 1453 2955 consentit
1475 2898 1604 2952 huic
1628 2895 1915 2950 sententiae

314 3000 372 3055 in
409 3000 647 3070 quodam
698 3012 953 3053 sermone
1001 2996 1069 3050 ad
1117 2995 1334 3049 lronam
1368 2992 1687 3060 (lleronem)
1737 2989 1914 3059 philo-

312 3090 576 3162 sophum.
610 3089 939 3151 Commune,
971 3085 1168 3154 inquit,
1201 3082 1349 3136 Patri
1395 3081 1618 3150 quidem
1669 3087 1726 3132 et
1755 3076 1912 3143 ,Filio

313 3195 372 3242 et
403 3183 636 3255 Spiritui
677 3193 876 3237 sancto
907 3193 1017 3232 non
1058 3177 1212 3240 ﬁeri,
1265 3174 1448 3229 Deitas
1491 3188 1743 3242 quoque;
1772 3169 1910 3224 Filio

2025 1981 2180 2046 dere,
2221 1998 2333 2036 non
2385 1997 2506 2038 esse
2561 1981 2825 2053 Spiritum
2869 1984 3140 2055 alicujus,
3195 2001 3299 2041 nec
3348 1985 3615 2057 Spiritum

2024 2085 2275 2128 sanctum
2337 2089 2480 2141 esse,
2541 2074 2744 2130 habere
2797 2076 3177 2131 habitudinem
3235 2078 3305 2132 ad
3351 2078 3611 2144 invicem,

2023 2169 2399 2223 characterem
2453 2168 2654 2222 habere
2709 2168 2777 2222 ad
2822 2169 3058 2222 invicem
3121 2183 3182 2224 se
3243 2168 3609 2240 respiciendi,

2023 2272 2077 2316 et
2127 2277 2344 2316 rursum
2394 2262 2679 2332 aequaliter
2740 2262 3043 2316 secundum
3111 2261 3488 2317 habitudinem
3542 2262 3611 2317 ad

2021 2355 2277 2413 invicem.
2317 2363 2424 2409 etc.

2091 2446 2178 2498 16.
2211 2443 2386 2498 Amne
2408 2445 2494 2499 his
2526 2443 2806 2514 principiis
2834 2451 2920 2497 est
2951 2443 3084 2498 illud
3121 2445 3327 2512 pariter
3353 2460 3383 2498 a
3435 2444 3610 2500 Becco

2020 2537 2182 2609 (orat.
2203 2536 2258 2603 2,
2299 2537 2451 2609 [258]
2487 2537 2556 2592 de
2586 2537 2789 2603 iniusta
2818 2537 3005 2607 depos.
3031 2553 3079 2591 c.
3109 2539 3180 2592 24
3214 2547 3272 2593 et
3307 2539 3365 2592 in
3393 2537 3607 2594 Camat.

2017 2629 2296 2684 Anim.G.
2352 2628 2416 2684 0.
2466 2629 2536 2693 11,
2597 2630 2685 2693 75,
2716 2629 2844 2698 291)
2894 2630 3237 2700 castigatum,
3293 2630 3548 2686 videlicet
3591 2649 3606 2683 :

2018 2719 2182 2775 Omne
2211 2721 2348 2791 quod
2393 2721 2456 2775 de
2505 2721 2697 2775 divinis
2730 2722 2964 2788 personis
3017 2723 3230 2784 dicitur,
3291 2731 3385 2775 aut
3425 2738 3607 2788 perso-

2017 2809 2136 2864 nale
2190 2821 2263 2866 est
2293 2821 2387 2866 aut
2425 2811 2673 2865 naturale
2725 2811 2856 2882 (πᾶν
2895 2811 2957 2864 τὸ
3019 2811 3113 2863 ἐπὶ
3133 2811 3242 2865 τῶν
3299 2813 3612 2882 Θεαρχικῶν

2015 2904 2308 2976 λεγόμενον
2370 2906 2722 2959 ὑποστάσεων
2749 2949 2763 2971 ,
2805 2905 2838 2976 ἢ
2872 2905 3236 2960 ὑποστατικόν
3269 2907 3384 2958 ἐστι
3418 2907 3452 2977 ἢ
3502 2924 3609 2974 φυ-

2016 2998 2216 3067 σικόν),
2244 2997 2388 3062 quod
2420 2998 2723 3069 prasertim
2748 2997 3001 3052 Nicolaus
3042 2997 3416 3054 Methonensis
3451 3008 3608 3070 urget

2017 3091 2090 3150 (ο.
2126 3090 2180 3144 9.
2205 3090 2271 3143 ad
2305 3105 2428 3159 cap.
2451 3089 2519 3144 '56
2547 3088 2727 3144 Photii
2751 3098 2878 3144 nota
2905 3090 2982 3160 5).
3004 3109 3023 3142 ‹
3055 3089 3168 3145 Hoc
3194 3099 3559 3161 assumptum,
3581 3113 3602 3143 ι

2013 3183 2091 3237 ait
2124 3181 2328 3237 Beccus
2361 3184 2420 3254 (ι.
2471 3200 2522 3239 c.
2554 3200 2607 3253 p.
2641 3184 2731 3249 75,
2781 3183 2891 3253 76),
2950 3201 2967 3234 ι
3033 3185 3399 3239 communiter
3435 3186 3606 3240 multa

309 3243 502 3333 autein
534 3287 590 3331 et
621 3283 812 3330 sancto
843 3273 1071 3343 Spiritui
1109 3286 1231 3326 esse
1255 3284 1321 3325 ex
1348 3270 1530 3322 Patre.
1565 3265 1905 3327 Secundum,
1935 3243 1977 3300 (ἶ
2011 3273 2233 3328 patrum
2267 3243 2410 3329 dicta
2438 3243 2773 3340 ροηζιειιιιηι,
2801 3243 3001 3343 (ιίιίιωε
3029 3275 3394 3344 proprietates
3429 3275 3606 3347 hypo-

311 3369 777 3441 quemadmodum
799 3367 1036 3438 Spiritus
1056 3380 1122 3419 ex
1141 3365 1298 3418 Patre
1318 3361 1559 3430 Filioque
1578 3356 1905 3429 progressio,

311 3462 624 3534 proprietas
670 3471 794 3525 est,
825 3476 930 3515 nec
973 3460 1081 3513 ulla
1127 3457 1274 3526 COgit
1315 3455 1490 3517 ratio,
1543 3454 1706 3507 trium
1746 3465 1905 3515 esse,

310 3557 442 3630 quia
495 3556 730 3610 duorum
784 3563 870 3609 est
917 3552 1247 3625 proprietas.
1287 3569 1307 3602 ι
1363 3549 1440 3602 De
1477 3548 1578 3601 hac
1623 3547 1739 3614 ipsa
1790 3559 1905 3597 ma-

315 3650 450 3710 teria
501 3651 651 3724 [257]
705 3649 849 3705 idem
914 3655 1107 3701 auctor
1158 3645 1269 3715 jam
1334 3650 1496 3696 antea
1567 3639 1908 3694 disseruerat

313 3751 374 3820 (ι.
408 3767 449 3814 ι,
487 3765 538 3804 c.
578 3749 670 3813 12,
704 3761 760 3815 p.
809 3740 971 3806 i205,
1009 3735 1180 3803 l206;
1230 3752 1280 3791 c.
1315 3734 1403 3797 16,
1454 3751 1511 3804 p.
1554 3732 1728 3796 1210;
1776 3731 1810 3784 l-
1841 3745 1902 3794 ιι,

308 3860 433 3914 cap.
475 3843 530 3906 '5,
567 3855 623 3911 p.
659 3835 843 3905 1217).
874 3833 938 3887 Et
962 3833 1018 3886 in
1051 3829 1216 3901 priori
1259 3835 1409 3883 textu
1438 3825 1514 3896 (p.
1550 3824 1691 3879 1205
1723 3825 1902 3892 seq.):

315 3956 334 3989 ι
367 3934 528 4002 Quod
572 3931 680 3986 erit
721 3925 1139 3988 inconveniens,
1170 3921 1367 3991 inquit,
1388 3918 1638 3989 personis
1678 3930 1905 3986 prorsus

308 4025 752 4100 {inseparabiliter
805 4016 1318 4077 commanentibus,
1371 4011 1767 4082 proprietatum
1804 4007 1903 4100 ali-

303 4098 474 4194 quam
518 4116 640 4172 Filii
681 4113 927 4168 Patrisve
971 4120 1320 4164 communem
1363 4103 1525 4158 esse?
1557 4100 1677 4154 Non
1723 4098 1904 4152 omnis

303 4193 629 4286 proprietas
656 4219 951 4278 personam
993 4198 1372 4260 describit..,..
1405 4193 1741 4286 Proprietas,
1780 4207 1904 4259 quae

299 4285 476 4363 causa
524 4306 876 4368 nuncupatur
920 4295 1037 4349 sive
1079 4289 1432 4363 principium,
1482 4285 1716 4354 alicujus
1774 4298 1904 4352 per-

300 4413 460 4454 sonae
491 4393 716 4448 minime
745 4389 1054 4458 insignitiva
1082 4393 1187 4447 est,
1219 4382 1362 4436 sicut
1390 4388 1446 4433 et
1476 4379 1724 4448 quaidam
1756 4375 1900 4441 aliae,

300 4501 365 4544 ut
404 4487 734 4558 ingenitum,
765 4483 883 4536 sine
912 4495 1075 4534 causa
1102 4493 1247 4541 esse,
1279 4474 1398 4530 sine
1443 4472 1711 4541 principio
1757 4484 1897 4535 esse,

2010 3367 2217 3422 staticaa
2285 3367 2606 3420 naturaliter
2653 3365 2943 3436 (φυσικῶς)
3001 3365 3297 3435 unicuique
3353 3381 3605 3436 persona)

2010 3459 2188 3513 inesse
2218 3457 2681 3513 demonstrantur.
2725 3457 2913 3527 Neque
2947 3457 3092 3512 enim
3123 3458 3270 3527 quod
3305 3458 3428 3512 talis
3468 3474 3604 3528 pro-

2007 3551 2213 3622 prietas
2243 3551 2579 3621 hypostatica
2609 3558 2696 3605 est
2733 3549 2879 3604 Patri
2922 3556 3017 3603 aut
3042 3548 3179 3604 Filio
3223 3558 3319 3604 aut
3371 3549 3603 3620 Spiritui

2008 3655 2223 3710 sancto,
2255 3653 2544 3715 propterea
2591 3643 2855 3698 naturalis
2915 3657 3027 3696 non
3083 3651 3196 3709 est;
3227 3652 3420 3698 natura
3451 3646 3600 3700 enim

2009 3745 2063 3791 et
2094 3751 2204 3790 non
2246 3737 2520 3806 positione
2568 3735 2754 3804 (φύσει
2780 3736 2912 3805 γὰρ,
2942 3737 3038 3789 καὶ
3071 3737 3194 3807 οὐχὶ
3223 3736 3390 3807 θέσει)
3438 3737 3602 3793 Pater

2009 3829 2171 3884 Pater
2199 3839 2304 3892 est,
2340 3845 2461 3899 quae
2494 3837 2579 3883 est
2611 3843 2832 3883 suarum
2860 3829 3254 3899 proprietatum
3287 3829 3492 3898 prima;
3543 3839 3602 3884 et

2006 3933 2202 3978 natura
2223 3932 2308 3977 est
2338 3922 2510 3977 Filius
2536 3922 2731 3988 Filius,
2763 3932 2819 3976 et
2860 3938 2972 3977 non
3013 3923 3308 3992 positione,
3337 3939 3459 3993 qua:
3514 3935 3601 3979 est

2009 4031 2233 4072 suarum
2265 4014 2656 4084 proprietatum
2676 4015 2994 4084 potissima;
3020 4024 3076 4070 et
3101 4015 3340 4086 Spiritus
3367 4026 3599 4072 sanctus

2006 4109 2328 4164 naturaliter
2352 4123 2419 4162 ex
2449 4107 2609 4161 Patre
2637 4107 2900 4177 procedit,
2936 4115 2992 4161 et
3010 4109 3324 4177 processiva
3353 4110 3408 4180 (ή
3433 4111 3601 4164 ἐκπο-

2008 4202 2393 4271 ρευτική)ειιξιδ
2432 4200 2738 4272 hypostasis
2774 4200 3078 4269 proprietas
3129 4201 3453 4256 naturaliter
3495 4203 3598 4256 soli

2007 4295 2153 4348 illius
2180 4293 2455 4365 hypostasi
2476 4293 2640 4346 inest.
2667 4291 2963 4362 Propterea
2990 4291 3283 4346 dicendum
3302 4309 3410 4347 non
3429 4304 3548 4348 erat
3579 4315 3593 4348 :

2006 4384 2280 4455 Quidquid
2333 4385 2402 4439 de
2459 4383 2661 4438 divinis
2707 4383 2907 4437 dicitur
2948 4383 3361 4453 ,hypostasibus,
3386 4394 3479 4439 aut
3512 4397 3612 4440 est.

2006 4479 2406 4550 hypostaticum
2431 4479 2546 4532 sive
2568 4477 2848 4547 proprium
2877 4486 2971 4530 aut
2989 4478 3259 4532 naturale.
3291 4477 3596 4532 Commune

299 4579 584 4638 emittere,
621 4576 739 4628 sine
769 4573 925 4626 Patre
959 4586 1102 4631 esse,
1161 4583 1277 4622 non
1321 4581 1441 4621 esse
1482 4565 1744 4635 Spirilllm
1771 4579 1899 4617 san-
1925 4583 1980 4643 1)
2007 4573 2152 4626 enim
2182 4580 2199 4641 ί
2231 4571 2430 4640 κοινόν)
2463 4570 2836 4641 hypostaticis,
2869 4584 2979 4622 non
3006 4570 3250 4624 naturale
3278 4570 3591 4640 opponitur.

299 4679 492 4728 ctum,
560 4680 670 4718 non
737 4677 860 4715 esse
913 4658 1300 4730 processibile,
1354 4656 1556 4709 habere
1629 4653 1893 4723 Spiritqu

300 4769 584 4818 sanctum,
634 4754 853 4807 mittere
912 4749 1176 4820 Spiritum
1229 4754 1502 4800 sanctum.
1556 4743 1894 4826 Quareple-

299 4867 476 4922 raque
500 4849 636 4903 Filio
674 4846 834 4900 Pater
881 4841 1286 4906 communicat;
1330 4839 1585 4893 similiter
1628 4838 1894 4906 quasdam

301 4945 475 5000 habet
517 4939 881 5011 proprietates
924 4944 980 4990 et
1009 4934 1222 4999 gFilius,
1255 4948 1376 5002 quae
1421 4930 1749 5001 insignitivac
1781 4945 1894 4981 non

300 5045 456 5092 sunt.
512 5031 692 5098 Quare
743 5029 1006 5100 quasdam
1065 5025 1302 5096 Spiritui
1369 5023 1772 5087 communicat,
1835 5029 1896 5075 ut

300 5127 652 5186 causativum
692 5121 1010 5194 (αἰτιατόν),
1048 5106 1169 5174 non
1211 5134 1334 5174 esse
1390 5119 1728 5182 anarchum,
1781 5133 1893 5172 non

301 5239 427 5279 esse
478 5220 720 5282 Patrem,
777 5225 834 5271 et
884 5216 989 5269 alia
1033 5215 1119 5268 his
1170 5214 1388 5268 similia.
1433 5212 1594 5267 Juxta
1636 5212 1892 5266 eumdem

303 5314 531 5372 modum
563 5321 620 5367 et
661 5309 901 5381 Spiritus
925 5309 1134 5379 aliquas
1169 5307 1352 5373 habet,
1388 5323 1526 5377 quas
1552 5305 1713 5360 Pater
1741 5321 1893 5361 com-

382 5465 490 5537 (67)
520 5463 670 5537 Ibid:
691 5462 731 5516 f.
785 5461 889 5516 227
921 5461 955 5515 b
982 5459 1151 5537 {Tibv
1195 5460 1258 5537 ῥὲ
1301 5459 1467 5537 θέᾳιν-
1495 5459 1892 5537 Δσῃμςιψθόντιιυν

313 5527 712 5623 (προάωπικῶν
729 5531 1151 5623 γνωρισμάτωϊ)
1168 5527 1430 5623 εἷναξὲμὲν
1444 5531 1472 5583 ὃ
1491 5527 1694 5583 ὲνίίτινι
1719 5547 1891 5600 προσ-

591 5605 620 5623 ﬂ
670 5604 681 5623 _'
725 5621 760 5623 κ.
797 5621 807 5623 -
841 5621 861 5623 _,
918 5602 1071 5623 -..κ-ξ’
1145 5619 1236 5623 __-_
1344 5619 1420 5623 ----
1472 5601 1604 5623 -f'._-_
1649 5619 1704 5623 __
1735 5601 1866 5623 ξ’ῗ.---

305 5601 440 5678 ὠτὲῳ
474 5604 765 5678 συμὸαίνξι
795 5601 890 5656 κά).
910 5601 1075 5678 αἰξτοῦ
1106 5604 1255 5678 ὲᾳτιν
1291 5601 1442 5678 ἷδιρν,
1467 5601 1627 5678 οὕτω⁸
1647 5619 1707 5653 τε
1735 5601 1888 5678 ἴδιργ,

307 5677 382 5740 ὼς
411 5671 510 5730 Βία).
532 5671 592 5728 ’ἐὺ
605 5675 922 5745 ,πρόσωπρν
956 5673 1272 5745 ὑφιστάνξιγ
1295 5687 1309 5701 ⁸
1343 5672 1419 5745 ᾡς
1454 5671 1753 5745 πατρότης,
1779 5672 1891 5724 υἱό-

307 5743 805 5818 της,ὲκπόρεύσιςξ
839 5743 978 5818 εἶναι
1003 5745 1046 5796 δ’
1061 5743 1099 5818 ,ὂ
1126 5743 1670 5818 καὶ-..δυσὶνριρμρζεξ
1719 5759 1890 5818 τερφ-

308 5812 495 5882 ὡὲεοις,
529 5812 720 5884 ὤᾶπερ
747 5816 806 5866 τὸ
839 5813 1182 5884 ὲκπορεύειν,
1219 5814 1349 5867 ἴδιον
1384 5812 1485 5884 μὲιὶ
1507 5817 1621 5866 τοῖν
1643 5813 1785 5866 δυοῖν
1807 5812 1887 5877 ὃν,

313 5889 518 5959 Ila-cpe;
545 5890 639 5943 καὶ
667 5885 822 5950 Υἱοῦ,
855 5886 954 5956 οὐχ
1001 5884 1145 5938 οὕτω
1182 5886 1364 5954 μέντοι
1414 5885 1568 5953 ἴδιον,
1598 5884 1739 5939 tim:
1794 5888 1889 5939 καὶ
1939 5929 1957 5939 -

625 5982 899 6046 ΡΑτιωι.
945 5981 1058 6039 Gn.
1110 5978 1235 6041 Cll.

2006 4663 2180 4718 Simul
2212 4663 2357 4717 enim
2383 4671 2437 4717 et
2460 4663 2772 4716 communia
2810 4669 2867 4715 ct
2901 4661 3238 4732 hypostatica
3271 4663 3596 4716 naturaliter

2003 4754 2204 4811 divinis
2230 4753 2614 4825 hypostasibus
2648 4752 2856 4816 insunt,
2889 4761 2944 4806 et
2976 4753 3118 4806 nihil
3140 4752 3288 4821 quod
3329 4765 3412 4807 est
3445 4755 3594 4822 posi—

2003 4850 2154 4902 tione
2185 4855 2241 4901 et
2291 4855 2611 4901 extraneum
2646 4854 2702 4899 ct
2751 4844 3053 4898 secundum
3090 4843 3346 4899 accidens
3399 4845 3594 4915 (μηδὲν

2001 4941 2108 4992 τῶν
2133 4939 2282 4991 θέσει
2311 4937 2405 4990 καὶ
2427 4937 2628 5000 ἔξωθεν
2651 4936 2748 4988 καὶ
2785 4935 2928 4988 κατὰ
2953 4937 3014 4988 τὸ
3042 4934 3390 5005 συμϐεϐηκὸς
3412 4936 3594 5006 ὑπαρ-

2002 5031 2228 5103 χόντων)
2259 5031 2439 5085 locum
2465 5029 2518 5082 in
2554 5029 2660 5082 illis
2699 5028 2884 5082 habet.
2923 5047 2941 5078 ι
2977 5027 3096 5081 Non
3147 5027 3306 5082 aliter
3344 5037 3595 5083 statuunt

2002 5125 2397 5180 Constantinus
2424 5122 2477 5176 Μ
2485 5122 2755 5177 eliteniota
2773 5121 3005 5191 (orat.2,
3025 5124 3088 5176 de
3104 5137 3248 5190 prae.
3281 5122 3375 5191 Sp.
3392 5124 3591 5188 sancti,

2001 5234 2051 5274 c.
2089 5216 2274 5285 39;G.
2302 5215 2365 5271 Ο.
2394 5215 2460 5281 ll,
2489 5215 2615 5280 899,
2645 5214 2771 5282 900)
2800 5215 3005 5284 quique
3033 5231 3158 5269 eum
3189 5229 3376 5285 presse
3404 5215 3592 5285 sequi-

2002 5321 2091 5365 tur
2117 5311 2226 5364 Leo
2249 5307 2480 5364 Allatius
2500 5307 2726 5378 (Vindic.
2759 5324 2874 5376 θείη.
2900 5307 3094 5376 Ephes.
3116 5323 3170 5377 p.
3198 5306 3298 5361 ’561
3329 5322 3344 5371 ;
3369 5305 3588 5360 Encltir.

2001 5457 2667 5533 «pésweavﬁesﬂérsw-

2073 5530 2183 5601 (ϋὸ)
2211 5521 2432 5601 lbid._'f.
2482 5528 2589 5582 229
2627 5544 2682 5601 a.
2744 5525 2880 5601 Περὶ
2909 5524 2966 5576 δὲ
2997 5521 3092 5574 τοῦ
3131 5523 3226 5575 τοῦ
3257 5522 3590 5601 προδξλλειν

2005 5592 2316 5670 ῐδιίῦμὰτος,
2346 5599 2421 5670 ὡς
2453 5601 2501 5651 εἰ
2533 5603 2607 5669 μὴ
2637 5599 2697 5670 τὸ
2745 5592 3040 5670 aperitur.”
3066 5596 3297 5670 pur/tergi
3325 5592 3439 5670 -τοῦ
3474 5593 3588 5644 ﬂa-

1999 5663 2356 5746 τρὸςξ-κοιρίδν
2391 5663 2546 5746 ἔσται]
2699 5669 2777 5738 τῷ
2793 5663 2918 5746 Υῐῷ
2939 5683 2952 5698 ο
2986 5664 3124 5746 Ξτλῂν
3147 5665 3255 5746 γὰρ
3281 5663 3390 5746 rei):
3415 5679 3587 5746 προὲ-

2000 5728 2227 5798 υἶπιξῶν
2257 5741 2538 5806 ἱδιοτήτων
2558 5739 2731 5794 τᾶλλα
2749 5728 2914 5791 ’κοινᾶ
2937 5728 3104 5806 πᾶσίρ
3135 5728 3276 5806 είίσίν
3294 5749 3309 5762 °
3345 5732 3477 5806 ὥστ’
3516 5728 3587 5806 ἦν

2002 5816 2067 5868 ἂν
2091 5813 2186 5866 καὶ
2215 5811 2294 5882 τῷ
2329 5802 2615 5882 [lvi-stipati
2639 5811 2816 5862 κοινδν
2848 5808 2909 5861 τὸ
2943 5805 3290 5879 προϐάλλειν,
3325 5806 3371 5856 εἰ
3411 5805 3484 5874 μὴ
3510 5802 3586 5873 τῷ

2001 5885 2210 5940 ἐκείνου
2233 5881 2533 5940 ἀντέπιπτε
2561 5881 2726 5953 λόγῳ.

3234 5971 3304 6030 16
