2016 3223
252 170 304 203 401

833 172 963 203 PHOTII
984 171 1239 202 PATRIARCH/E
1259 173 1313 202 ΟΡ.

1825 184 1873 217 492

254 230 272 256 1.
285 236 310 256 c.
325 236 351 263 p.
373 228 439 263 poﬂ’.
457 228 535 264 poy’).
552 228 604 256 Sed
618 227 754 263 ejusmodi
773 228 919 262 responsio
932 236 987 255 non
1000 235 1049 262 pe-
1065 230 1086 257 Α
1101 227 1231 259 diximus,
1246 236 1298 254 nec
1313 228 1395 255 etiam
1408 228 1671 257 incommunicabilis
1687 231 1721 259 sit
1731 232 1804 268 Filio,
1817 246 1872 268 cum

254 275 328 302 nitus
354 275 516 302 satisfacere
530 275 648 302 videtur.
665 274 766 301 Verum
782 274 892 309 quidem
918 279 971 305 est,
987 282 1047 311 qum

254 321 421 355 tnypostatica
437 325 510 353 sunt,
525 329 557 347 ea
582 320 720 348 naturalia
738 320 857 355 quodam
882 328 964 347 sensu
993 320 1046 347 dici

254 375 344 401 posse,
362 372 497 401 quatenus
515 375 569 394 non
588 373 653 394 sunt
666 375 697 394 ea
713 367 857 395 accidente
868 387 875 397 .
894 374 927 394 ex
944 367 1048 393 extrin-

253 420 326 443 δορί),
344 417 479 447 quatenus
489 421 503 439 a
516 418 613 440 natura
627 412 685 447 ipsa
700 412 820 447 pendent
833 417 860 440 et
871 412 993 446 personis
1005 420 1048 440 re-

258 458 422 493 duplicatire
432 458 621 494 sumptissunt
631 458 786 486 cssentialia
798 467 805 490 ς
815 466 909 485 verum
925 463 990 485 tunc
1005 458 1047 485 la-

260 504 321 530 liori
338 512 416 530 sensu
430 504 466 531 ita
475 508 617 536 vocantur,
630 512 683 530 non
699 504 805 535 stricto,
815 508 901 538 .prnut
915 512 988 531 nunc
999 512 1048 539 op-

253 549 400 583 positionis
413 551 483 578 ratio
495 551 602 578 videtur
628 551 747 586 exigere.
771 550 947 585 interrogant
965 552 1046 579 etiam

253 596 398 623 axiomatis
413 596 487 624 illius
504 601 669 630 assertores,
686 596 761 632 [259]
785 596 900 623 Allatius
928 596 1045 632 (Enchir.

253 640 316 675 325p.
331 640 373 673 ιζ’,
391 649 417 676 p.
433 641 477 675 95)
493 641 593 676 aliique
611 650 618 668 :
639 649 673 668 an
699 641 814 667 Trinitas
829 641 866 667 sit
881 641 996 675 φυσικὸν
1011 650 1046 669 an

256 688 436 714 ὑποστατικόν
455 697 481 714 τι
502 688 546 723 (de
568 696 622 723 qua
647 689 799 722 quaestione
826 688 888 714 vide
913 688 1046 716 Thomam

253 741 280 768 ιι.
295 733 339 765 51,
358 741 383 760 a.
406 734 432 762 1.
445 733 478 760 ad
496 733 535 767 1),
552 738 642 760 utrmn
670 741 787 768 ρει-δουρί
801 740 900 759 nomen
916 739 1047 760 censeant

254 780 377 806 naturale
394 788 427 806 an
447 780 588 815 personale
600 780 644 815 (de
657 788 710 814 qua
725 780 876 814 qu:cstione
894 780 956 807 vide
970 788 1047 807 eum-

254 826 327 856 dem,
342 834 369 861 q.
389 825 434 859 50,
449 833 476 853 a.
492 826 537 861 4);
552 834 584 854 ac
594 826 681 861 premi
704 825 803 853 exinde
820 833 885 853 sane
897 826 1046 854 adversarii

255 876 370 906 possunt
383 881 388 898 :
399 871 426 898 Si
437 880 575 906 personam
590 872 709 899 dixerint
722 879 820 899 nomen
834 871 1045 907 hypostaticum.

1099 273 1222 300 ﬁliationi
1233 275 1345 302 relative
1370 282 1424 302 non
1439 279 1614 310 opponatur,
1631 276 1664 303 ad
1688 278 1873 314 distinctiouem

1100 324 1191 347 tamen
1206 328 1221 347 a
1238 320 1340 355 Spiritu
1356 325 1452 349 sancto
1468 326 1496 349 ct
1515 321 1728 352 uotilicationem
1747 329 1875 366 utriusque

1099 373 1225 401 personze
1247 368 1376 402 pertinet.
1395 377 1404 393 ι

1134 412 1179 439 17.
1200 412 1343 440 Postremo
1357 413 1449 440 et'hoc
1465 413 1589 441 solemne
1601 414 1698 442 Photio
1710 421 1736 443 et
1752 417 1877 450 Photianig

1098 459 1210 486 ell'atum
1231 464 1290 486 est:
1322 459 1352 486 Ut
1368 458 1462 492 Filius,
1491 460 1530 486 ita
1562 460 1680 494 Spiritus
1705 466 1740 488 est
1761 471 1791 490 ex
1808 459 1877 495 ιῖαιη

1098 505 1217 539 proxime
1249 509 1272 531 et
1304 505 1457 531 immediate
1495 505 1616 540 (ἀμέσως
1651 507 1697 533 καὶ
1726 512 1876 547 προσεχῶς),

1099 551 1174 578 nullo
1188 551 1278 578 medio
1292 551 1443 579 exsislcnte
1459 550 1550 586 (Phot.
1577 560 1638 587 cap.
1656 553 1700 584 62.
1716 554 1797 583 Nicol.
1828 557 1877 585 Dle-

1099 597 1176 624 thon.
1198 596 1291 631 0.22).
1312 597 1401 631 Atque
1425 597 1490 624 hinc
1518 598 1545 624 in
1575 596 1689 625 Latinos
1711 599 1877 636 invehuntur,

1097 643 1170 678 quod
1197 643 1305 670 Patrem
1330 642 1431 670 faciant
1466 642 1585 677 Spiritus
1619 643 1780 679 principium
1807 648 1880 677 simul

1099 689 1252 723 proximum
1275 693 1304 716 et
1323 694 1476 721 remotum;
1506 689 1671 723 proximum,
1699 696 1778 724 prout
1791 697 1830 720 est
1851 702 1880 721 ex

1098 735 1178 762 l'atre
1191 734 1310 770 Spiritus
1323 735 1492 767 immediate,
1505 740 1639 762 remotum
1662 743 1736 768 vero,
1756 743 1831 771 prout
1845 728 1881 768 est

1098 790 1129 808 ex
1141 780 1222 813 Filio.
1236 781 1281 816 qui
1299 781 1379 808 habet
1393 789 1454 808 esse
1470 789 1485 808 a
1498 780 1588 808 Patre.
1603 781 1655 808 Alii
1669 782 1758 809 adhuc
1774 783 1880 819 iniquio-

1098 836 1141 856 res
1157 829 1341 863 pra-tendunt,
1359 828 1491 863 Spiritqu
1507 828 1543 856 ita
1559 829 1671 855 mediate
1684 836 1717 856 ex
1736 829 1813 858 Patre
1828 839 1881 859 esse

1097 875 1168 909 apud
1185 874 1308 906 Latinos.
1342 880 1372 902 ut
1401 883 1495 902 rewra
1518 875 1628 902 nonnisi
1649 882 1682 902 ex
1700 875 1766 903 Filio
1782 876 1825 908 sit.
1850 886 1880 905 ex

253 927 286 945 ‘r'x
302 926 397 945 eorum
412 919 547 946 sementi“
568 918 751 954 Persommas
768 918 815 945 “ni
834 922 940 946 “mlum
952 926 986 945 εκ
997 918 1045 946 ῑΐί-
1062 918 1082 945 Π
1099 924 1177 952 Patre
1193 932 1257 952 vero
1277 924 1460 954 solummodo.
1477 929 1559 959 prout
1573 929 1615 951 est
1642 924 1702 951 Filii
1723 925 1878 959 principium

252 964 305 991 bus
316 969 471 999 competet;
495 965 517 992 si
540 965 665 999 φυσικὸν,
691 972 809 999 persona
834 969 862 992 et
889 969 987 992 natura
1016 965 1043 991 in

255 1019 339 1038 unum
350 1011 448 1039 collabi
477 1011 664 1044 videbuntur;
696 1019 821 1046 persona:
839 1019 951 1041 nomen.
966 1016 996 1038 ut
1008 1012 1044 1039 ait

254 1055 374 1083 Thomas
388 1056 417 1091 (1.
434 1056 482 1090 0.),
501 1063 646 1083 commune
663 1061 705 1083 est
718 1056 804 1084 tribus
830 1056 955 1091 personis
969 1064 1043 1084 com-

255 1102 387 1129 uiunitate
399 1101 523 1133 rationis,
537 1109 591 1128 non
609 1101 659 1128 rei.
675 1102 713 1128 Ex
727 1101 769 1128 his
781 1101 896 1136 aliisque
910 1102 1044 1136 ejusmodi

255 1147 380 1174 Pholiani
410 1148 618 1183 deprehendere
656 1152 787 1182 possunt.
819 1155 940 1182 quonam
965 1153 1045 1183 pacto

253 1193 359 1221 axioma
388 1194 453 1221 illud
478 1193 606 1221 afﬁrmari
627 1198 710 1228 queat
724 1193 792 1229 (69).
808 1193 837 1220 Si
855 1194 920 1221 illud
937 1199 1016 1221 sonat
1036 1202 1043 1220 :

253 1240 340 1266 Umne
359 1240 431 1274 quod
443 1240 470 1266 in
488 1239 622 1266 Trinitate
633 1239 791 1274 percipitur.
818 1244 865 1266 aut
886 1240 985 1267 divina:
1000 1247 1045 1266 es-

252 1285 348 1313 sentiae
365 1291 407 1314 est
433 1290 482 1313 aut
492 1286 570 1312 unius
586 1293 704 1320 personw
721 1290 837 1317 tantum,
849 1291 913 1313 tunc
923 1286 1044 1313 refundi-

251 1338 297 1359 tur
307 1332 335 1359 in
349 1332 471 1367 primum
488 1331 553 1359 illud
562 1331 619 1367 jam
637 1331 784 1359 refutatum
797 1332 820 1367 (ᾗ
838 1332 881 1367 12)
895 1332 1005 1359 elIatum
1019 1337 1047 1359 et

252 1387 315 1406 cum
330 1386 364 1406 eo
376 1379 459 1406 cadit.
474 1378 502 1405 Si
515 1385 580 1405 vero
598 1383 679 1405 sonat
694 1386 701 1404 :
716 1377 855 1412 Quidquid
876 1378 902 1404 iu
913 1377 1046 1405 Triuitate

252 1424 424 1459 intelligitur,
441 1429 491 1452 aut
507 1424 658 1451 secundum
682 1424 873 1455 substantiam,
888 1427 936 1450 aut
950 1423 983 1450 ad
994 1423 1045 1450 ali-

253 1470 318 1505 quid
330 1470 439 1502 dicitur,
455 1471 514 1498 sive
530 1475 577 1498 aut
597 1470 756 1498 absolutum
773 1474 821 1497 aut
837 1470 979 1498 relativqu
993 1474 1044 1502 est,

256 1516 313 1543 sive
326 1516 435 1543 domum
455 1526 460 1542 :
472 1522 527 1543 aut
541 1516 575 1543 ad
590 1516 737 1543 essentiam
750 1519 855 1550 spectat
866 1520 914 1542 aut
936 1516 972 1542 ad
987 1524 1047 1550 per-

258 1571 347 1596 sonus,
361 1563 459 1598 poterit
472 1563 512 1590 eis
523 1563 655 1598 permitti.
677 1563 749 1590 Sane
763 1562 896 1598 quidquid
910 1562 938 1589 in
954 1562 1046 1589 'l‘rini-

255 1610 515 1640 tateconsideratur.
536 1609 577 1636 vel
591 1609 625 1636 ad
640 1609 787 1637 essentiam
813 1609 931 1644 pertinet
947 1609 989 1636 vel
1010 1610 1045 1636 ad

253 1655 452 1691 personas;sed
467 1664 521 1683 non
541 1664 623 1683 omne
637 1656 710 1690 quod
734 1655 768 1683 ad
781 1655 927 1683 essmitiam
940 1664 989 1682 ceu
1007 1661 1047 1683 ta-

251 1703 305 1729 lem
321 1709 375 1730 non
388 1702 516 1737 pertinet,
529 1702 591 1728 ideo
605 1707 646 1728 est
661 1701 798 1736 proprium
811 1701 893 1728 unius
910 1709 1044 1736 personae.

254 1749 386 1776 Praeterea
397 1752 494 1775 notant
508 1747 626 1783 theologi
646 1756 708 1774 cum
729 1748 758 1775 S.
775 1747 880 1775 Thoma
896 1748 934 1783 (q.
959 1748 1004 1780 41,
1018 1755 1044 1775 a.

255 1796 281 1825 1,
297 1795 330 1822 ad
343 1795 377 1828 1),
390 1795 543 1822 notionales
554 1799 642 1824 actus.
656 1793 726 1829 quia
743 1802 923 1830 personarum
934 1794 1045 1822 relatio-

254 1842 334 1869 nibus
346 1841 478 1869 dill‘eruut
489 1841 640 1869 secundum
661 1841 773 1868 modum
799 1841 968 1877 significandi
986 1845 1046 1868 tan-

249 1893 322 1920 tum,
333 1895 427 1915 revera
441 1888 555 1914 omnino
574 1891 638 1914 sunt
651 1887 734 1918 idem,
751 1886 881 1922 distingui
903 1886 1001 1913 merito
1030 1894 1045 1914 a

252 1933 443 1969 personalibus
455 1942 463 1966 ;
477 1941 537 1960 eam
552 1933 727 1965 divisionem,
743 1941 796 1968 qua
813 1933 913 1960 dicitur
932 1941 938 1959 :
960 1932 1046 1965 Quid-

249 1980 317 2016 quid
330 1980 357 2006 in
366 1980 467 2008 divinis
486 1984 537 2013 est,
551 1980 592 2006 vel
610 1983 650 2006 cst
662 1979 781 2007 essentia
802 1980 844 2007 vel
873 1987 988 2015 persona
1004 1980 1046 2007 vel

253 2029 334 2060 notio,
351 2036 447 2055 omnes
459 2027 606 2055 admittunt
620 2028 665 2061 (cf.
680 2027 755 2055 Sum.
769 2035 796 2062 q.
811 2027 897 2060 45,,a.
914 2028 940 2059 5,
957 2028 991 2055 ad
1020 2028 1044 2062 l)

252 2079 280 2101 et
299 2081 364 2101 sane
377 2082 408 2101 ea
422 2078 549 2101 accurata
565 2074 746 2108 undequaque
756 2078 806 2101 est.
819 2073 889 2101 llinc
900 2073 1046 2109 objectioni

254 2120 290 2146 illi
308 2119 383 2155 [260]
398 2129 404 2147 :
425 2129 434 2145 ι
452 2119 597 2147 Productio
610 2119 729 2155 Spiritus
742 2120 829 2147 sancti
841 2119 928 2147 activa
945 2125 993 2147 aut
1006 2124 1047 2147 est

254 2165 404 2200 personalis
420 2169 467 2192 aut
489 2165 677 2192 substantialis
691 2174 697 2197 ;
716 2166 743 2191 in
757 2165 841 2200 priori
858 2172 922 2192 casu
938 2173 969 2192 ea
990 2173 1044 2192 non

253 2216 343 2246 potest
355 2211 477 2246 pluribus
493 2211 640 2239 convenire
654 2211 789 2246 personis,
809 2210 835 2237 iu
848 2211 934 2238 altero
950 2218 982 2237 ea
1005 2215 1046 2237 est

247 2258 301 2292 ipsi
314 2257 424 2292 Spiritui
438 2257 592 2289 tribuenda,
605 2267 614 2283 ι
626 2257 662 2285 ita
675 2257 793 2285 occurrit
807 2257 940 2284 Henricus
952 2256 1044 2283 Kilbcr

251 2304 360 2339 ('l'heni.
374 2303 495 2331 Wirceb.
515 2304 552 2331 De
568 2304 621 2331 Deo
631 2312 683 2330 uno
694 2308 717 2330 et
734 2304 803 2329 trino
818 2303 889 2338 disp.
913 2311 948 2334 VI,
966 2311 989 2330 c.
1015 2303 1042 2334 ‘2,

250 2360 276 2377 a.
292 2352 319 2378 ιι.
335 2360 363 2378 u.
379 2352 441 2385 406)
454 2351 685 2386 :_productionem
700 2350 816 2377 activam
828 2357 909 2384 posse
921 2349 973 2376 dici
984 2357 1044 2383 pcr-

250 2399 366 2425 sunalevu
377 2403 405 2425 et
419 2398 521 2433 negari,
537 2399 610 2433 quod
632 2406 664 2425 ea
673 2397 779 2424 duabus
788 2396 912 2432 personis
927 2401 1045 2430 nequeat

247 2452 311 2473 ωδε
327 2445 498 2477 couummis;
516 2445 601 2472 videri
621 2449 712 2471 tamen
729 2443 818 2478 potius
831 2443 974 2470 dicendam
994 2450 1045 2469 nec

252 2491 419 2526 personalem
433 2499 485 2519 nec
496 2491 682 2522 essentialem.
699 2490 746 2517 sed
762 2489 933 2520 notionalem,
954 2499 962 2513 ι
980 2489 1043 2523 quia

251 2536 355 2564 scilicet
367 2536 493 2571 quamvis
520 2544 574 2564 nou
592 2536 742 2564 constituat
758 2535 867 2562 Patrem
895 2539 922 2561 et
944 2533 1043 2560 Flium

250 2583 280 2609 in
296 2590 356 2610 esse
370 2590 504 2616 personaz,
515 2587 544 2610 ut
554 2582 589 2610 de
603 2582 812 2611 innaseihilitate
820 2585 944 2616 respectu
958 2580 1044 2607 l’atris

287 2662 342 2697 (69)
358 2661 489 2689 Similiter
500 2662 633 2697 Georgius
647 2660 806 2688 Scliolarius
819 2659 898 2695 Apol.
909 2667 940 2697 _c._
958 2658 1041 2686 Marc.

250 2695 353 2733 Eplies.
370 2698 485 2733 qua-rit.
501 2705 536 2724 an
561 2695 591 2723 τὶ
612 2697 736 2723 αἰτιατδν
758 2696 792 2733 sit
812 2695 986 2733 essentiale,_
1007 2703 1042 2733 an

249 2730 405 2768 personale.
422 2732 452 2759 Si
466 2734 596 2767 primum.
610 2737 638 2759 et
653 2732 801 2768 Patererit
816 2730 986 2768 ﬂi‘ttqtéc..»S-l
1003 2731 1042 2757 al-

252 2765 351 2801 ierum,
367 2776 440 2796 unus
461 2765 503 2795 est
522 2767 652 2800 αἱτιατὺς,
673 2768 715 2795 vel
734 2767 822 2794 Filius
840 2766 885 2794 vel
910 2765 1041 2800 Spiritus,

251 2810 279 2831 et
291 2811 356 2831 tunc
369 2812 465 2831 verum
477 2811 532 2831 non
548 2803 666 2837 amplius
676 2803 739 2832 erit.
755 2803 827 2837 quod
843 2801 967 2828 eterci
980 2809 1042 2836 pri»

249 2841 384 2875 pugnant.
398 2841 510 2866 αἰτιατὰ
527 2846 588 2875 esse
608 2838 747 2875 Filiunret
758 2838 890 2875 Spiritum
904 2856 911 2868 ,
935 2841 1042 2864 utrum-

248 2869 304 2909 que
316 2883 356 2909 _ex
372 2869 452 2901 Patre
467 2874 545 2909 (Cod.
560 2874 634 2900 Mon.
647 2874 693 2904 Ξῖ,
705 2872 752 2900 fol.
768 2869 819 2901 l'Sb'
838 2874 877 2909 ει).

289 2905 345 2945 (τυ)
363 2909 399 2937 lle
413 2905 508 2937 eodem
525 2909 682 2937 testimonio
697 2909 837 2944 diSputant
851 2905 929 2944 lluso
946 2907 1037 2936 Ether.

1095 975 1123 996 et
1136 969 1253 1005 genitor,
1269 971 1341 997 sicut
1352 969 1424 997 Enos
1440 970 1511 997 filius
1527 970 1593 997 Seth
1610 970 1728 998 mediate
1741 970 1774 997 ab
1788 971 1881 998 Adamo

1095 1021 1137 1044 est
1147 1021 1241 1051 ortus;
1259 1021 1287 1044 et
1299 1017 1334 1044 ab
1355 1017 1405 1044 hac
1417 1018 1568 1052 corruptela
1588 1024 1641 1044 nec
1656 1017 1770 1044 Photius
1786 1017 1883 1045 alienus

1096 1067 1148 1094 est,
1161 1067 1191 1089 ut
1202 1070 1264 1097 cap.
1282 1062 1313 1090 61
1332 1062 1500 1089 manifestat.
1524 1062 1576 1089 Sed
1591 1061 1695 1089 omissa
1709 1062 1735 1088 in
1764 1062 1882 1096 praesenti

1097 1108 1148 1134 hac
1167 1107 1286 1135 absurda
1302 1101 1533 1142 int‘erpretatione
1547 1107 1580 1134 de
1606 1106 1691 1141 priori
1709 1110 1811 1133 tantum
1825 1113 1882 1140 age-

1096 1162 1167 1182 mus.
1194 1154 1351 1189 ltespondet
1367 1154 1470 1182 Beccus
1486 1153 1529 1188 (G.
1546 1154 1579 1180 0.
1594 1154 1614 1185 l,
1639 1153 1710 1186 alii;
1731 1152 1777 1180 0r.
1795 1154 1824 1179 de
1840 1161 1881 1179 un.

1098 1200 1170 1228 Eccl.
1178 1209 1208 1228 ιι.
1220 1201 1265 1236 64)
1276 1202 1413 1228 neminem
1423 1200 1472 1228 SS.
1488 1200 1597 1227 Patrum
1612 1199 1726 1230 dixisse,
1740 1199 1769 1225 τὸ
1780 1198 1883 1233 Πνεῦμα

1096 1248 1207 1282 άμέσως
1221 1248 1254 1274 ὲκ
1268 1247 1315 1273 τοῦ
1328 1247 1436 1282 Πατρὺξ
1448 1244 1529 1273 εἶναι.
1548 1246 1609 1273 Jam
1626 1251 1692 1273 ante
1710 1245 1786 1272 illum
1807 1245 1879 1271 Nice-

1096 1294 1193 1329 phorus
1221 1293 1368 1320 Blemmida
1384 1293 1598 1320 controversiam
1614 1292 1650 1319 ita
1665 1291 1808 1327 proposuit
1822 1300 1828 1318 :
1853 1291 1880 1318 EE

1096 1340 1129 1366 δι’
1142 1340 1206 1366 Υῑοῠ
1219 1340 1250 1366 τὸ
1264 1340 1342 1373 ἆγιον
1359 1340 1471 1373 Πνεῦμα
1490 1339 1671 1374 ἐκπορεύεται
1687 1338 1763 1374 παρὰ
1775 1338 1884 1373 Πατρδς,

1096 1386 1112 1420 ἢ
1139 1386 1191 1421 μὴν
1214 1387 1246 1412 ἐκ
1277 1385 1384 1421 Harpe;
1407 1385 1559 1420 προσεχῶς,
1578 1385 1634 1411 ἀλλ’
1653 1385 1685 1411 οὐ
1697 1385 1731 1411 δι’
1755 1384 1831 1411 Υἱοῦ·
1857 1392 1885 1411 ac

1097 1430 1173 1465 prius
1194 1430 1303 1465 quidem
1318 1431 1480 1465 permultos.
1499 1430 1637 1465 posterius
1665 1437 1733 1457 vero
1756 1429 1885 1456 neminem

1097 1476 1252 1503 Graecorum
1270 1476 1415 1503 domorum
1439 1476 1584 1503 tradidisse
1609 1475 1728 1502 afﬁrmat
1743 1482 1774 1502 ac.
1799 1473 1887 1509 probat

1098 1523 1178 1556 (orat.
1197 1523 1222 1555 i,
1237 1530 1269 1549 n.
1285 1523 1302 1548 Ξ
1313 1530 1383 1557 seq;
1396 1527 1467 1549 orat.
1481 1522 1508 1553 2,
1521 1529 1546 1549 c.
1564 1522 1595 1554 4;
1613 1520 1735 1557 [9.6116,
1752 1520 1784 1548 0.
1805 1521 1823 1552 l,
1835 1528 1859 1554 p.
1871 1520 1886 1547 2

1098 1575 1155 1602 seq.
1172 1567 1229 1601 42).
1244 1568 1333 1602 Atque
1345 1567 1416 1594 inter
1430 1567 1497 1594 alios
1513 1572 1596 1594 testes
1613 1566 1778 1601 Gregorium
1795 1564 1886 1600 Nysse-

1098 1622 1163 1641 num
1190 1613 1301 1641 adducit
1321 1613 1359 1648 (p.
1376 1613 1415 1647 7),
1434 1613 1480 1648 qui
1496 1612 1594 1640 Filium
1607 1617 1688 1639 vocat
1708 1611 1740 1638 τὸ
1755 1609 1887 1645 προπεχὼς

1096 1661 1130 1686 ἐκ
1144 1659 1192 1686 τοῦ
1208 1659 1317 1695 πρώτου
1331 1659 1463 1694 Spiritum
1476 1666 1541 1686 vero
1552 1658 1583 1684 τὸ
1593 1657 1637 1684 διὰ
1648 1657 1698 1684 τοῦ
1713 1656 1851 1691 προσεχιῖκ
1858 1656 1888 1682 ὲκ

1096 1705 1143 1732 τοῦ
1161 1705 1270 1740 πρώτου
1288 1705 1346 1741 [lib.
1364 1705 1404 1732 Ad
1418 1705 1511 1732 Ablab.
1534 1709 1554 1734 t.
1571 1705 1605 1737 ll,
1622 1713 1649 1739 p.
1666 1704 1733 1741 459]
1750 1704 1816 1738 (70).
1831 1702 1888 1730 Sui-

1097 1751 1238 1786 fragantur
1261 1751 1355 1779 Patres
1375 1751 1488 1779 omnino
1511 1758 1617 1782 omnes,
1632 1750 1679 1785 qui
1698 1750 1829 1785 Spiritum
1849 1749 1889 1775 Erit

1097 1798 1145 1825 τοῦ
1159 1798 1225 1825 Υἱοῦ
1244 1806 1277 1825 ex
1293 1799 1374 1825 Patre
1390 1798 1539 1833 procedere
1550 1797 1706 1825 docuerunt
1718 1797 1786 1833 .(art.
1797 1797 1824 1828 2,
1841 1795 1887 1830 ἐϋ,

1098 1849 1161 1872 nota
1177 1844 1224 1877 2);
1241 1852 1315 1875 nam.
1327 1849 1356 1870 ut
1366 1844 1404 1871 ait
1418 1843 1616 1871 Constantinus
1631 1843 1798 1870 Meliteniota
1814 1842 1888 1875 (orat.

1098 1892 1124 1923 1,
1140 1899 1165 1918 c.
1181 1892 1212 1918 51
1232 1891 1283 1924 ;G.
1302 1891 1332 1918 Ο.
1349 1890 1382 1922 ll,
1400 1890 1461 1925 712)
1480 1898 1486 1917 :
1508 1899 1517 1916 ‹
1535 1890 1608 1917 ldem
1625 1894 1667 1917 est
1687 1889 1781 1917 dicere
1792 1896 1839 1923 per
1850 1887 1890 1914 Fi-

1099 1940 1163 1966 lium
1178 1943 1269 1966 etnon
1284 1938 1440 1965 immediate
1456 1937 1565 1971 (ταυτὸν
1581 1937 1634 1972 γάρ
1644 1938 1704 1962 ἐστι
1719 1936 1754 1962 δι’
1772 1935 1890 1971 Υἱοῧνχαὶ

1097 1984 1149 2010 οὐκ
1177 1983 1289 2018 ἀμέσως
1316 1982 1434 2019 εἰπεῖν);
1460 1983 1526 2010 illud
1553 1983 1597 2010 διὰ
1621 1982 1762 2018 significat
1785 1987 1889 2008 causam

1097 2030 1242 2065 quamdam
1258 2030 1422 2057 mediantem
1440 2029 1541 2064 (αἰτίαν
1553 2029 1614 2056 τινὰ
1630 2028 1848 2065 μεσιτεύουσαν),
1863 2031 1890 2052 ut

1097 2076 1151 2103 late
1181 2075 1276 2110 prohat
1297 2075 1371 2103 card.
1397 2075 1541 2103 Bessarion
1562 2076 1591 2103 in
1612 2081 1681 2103 orat.
1713 2076 1807 2110 dogm.
1824 2081 1849 2101 c.
1875 2072 1890 2098 5

1097 2122 1193 2157 (llard.
1217 2121 1261 2153 IX,
1280 2122 1334 2150 552
1352 2122 1436 2157 scq.).
1466 2122 1657 2157 Suﬂ‘ragantur
1674 2122 1692 2149 ii
1711 2129 1818 2152 omnes,
1846 2118 1889 2153 qui

1097 2168 1228 2203 Spiritum
1245 2176 1293 2203 per
1314 2167 1412 2195 Filium
1424 2168 1498 2195 Patri
1513 2168 1642 2202 conjungi
1659 2168 1761 2195 docent
1787 2166 1889 2199 (Const.

1097 2214 1218 2242 Meliten.
1234 2219 1294 2242 orat
1309 2215 1335 2246 l,
1352 2222 1377 2242 c.
1390 2214 1422 2241 41
1436 2221 1494 2249 seq.
1509 2214 1541 2243 (ἶ.
1562 2214 1595 2241 0.
1614 2213 1646 2247 ll,
1675 2214 1728 2241 760
1746 2213 1817 2248 seq.)
1834 2211 1890 2246 qui—

1060 2273 1082 2299 ο
1097 2269 1150 2296 que
1169 2261 1257 2288 solum
1273 2260 1370 2288 Filium
1388 2261 1463 2288 nullo
1476 2260 1624 2288 exsisteute
1639 2261 1742 2292 medio,
1764 2267 1798 2287 ex
1814 2258 1889 2285 Patre

1095 2315 1157 2335 esse
1183 2312 1308 2335 statuunt
1331 2307 1456 2342 (Beccus.
1475 2307 1563 2342 cpigr.
1582 2307 1642 2338 2-4.
1661 2306 1693 2333 G.
1714 2306 1749 2333 0.
1766 2305 1798 2338 11,
1826 2303 1890 2331 5M-

1095 2353 1168 2386 558).
1196 2352 1298 2379 Eodem
1322 2352 1434 2379 omnino
1446 2357 1526 2386 pacto
1541 2352 1631 2379 caeteri
1646 2353 1670 2378 οἱ
1690 2352 1741 2386 τῆς
1769 2349 1889 2379 tubam;

1094 2398 1181 2426 Graici
1199 2398 1405 2425 ratiocinantur.
1438 2397 1512 2430 Quos
1541 2406 1633 2433 presse
1663 2397 1790 2432 sequitur
1815 2396 1889 2430 Htlgu

1094 2445 1269 2478 Etherianus,
1289 2445 1335 2478 qui
1349 2445 1478 2472 .Graecum
1498 2445 1624 2480 loquendi
1640 2452 1745 2471 morem
1761 2444 1789 2470 in
1806 2441 1889 2477 pluri-

1095 2491 1148 2518 mis
1160 2490 1291 2518 imitatur.
1308 2500 1317 2515 ί
1335 2490 1431 2523 Filius,
1452 2490 1572 2525 rinquit
1588 2490 1617 2525 (l.
1630 2498 1649 2523 I,
1665 2498 1690 2517 c.
1709 2490 1735 2522 1,
1753 2497 1782 2523 p.
1798 2487 1886 2519 1200),

1097 2547 1106 2562 ι
1125 2537 1200 2571 juxta
1211 2537 1355 2564 fecundam
1372 2536 1503 2572 genitoris
1518 2537 1644 2563 virtutem
1661 2540 1819 2572 generatur,
1835 2542 1887 2568 quo

1095 2585 1180 2611 medio
1195 2584 1336 2611 exsistam
1351 2591 1384 2611 ex
1400 2583 1496 2610 eodem
1517 2583 1595 2610 Patre
1612 2582 1731 2617 Spiritus
1750 2581 1842 2616 prodit
1860 2585 1888 2607 ut

1094 2661 1167 2691 Lm.
1181 2669 1204 2688 c.
1223 2661 1254 2687 12
1270 2661 1316 2688 fin.
1335 2668 1362 2695 p.
1377 2659 1461 2693 l248;
1475 2658 1578 2687 Beccus
1594 2659 1676 2693 (orat.
1692 2659 1719 2689 2,
1735 2656 1887 2695 Deriniusla

1095 2698 1184 2728 dir/ms.
1199 2706 1222 2723 c.
1244 2698 1288 2727 1:2;
1305 2692 1342 2722 De;
1355 2705 1399 2722 un.
1422 2695 1492 2721 Eccl.
1512 2704 1536 2722 (ξ.
1556 2692 1609 2727 Ξόζ
1625 2695 1655 2722 (ἰ.
1671 2695 1702 2722 Ο.
1721 2694 1753 2723 ΙΙ,
1773 2692 1885 2728 ῐιϋεβῖς

1096 2727 1210 2767 1.120);
1226 2732 1322 2765 Georg.
1342 2731 1458 2758 hletoch.
1476 2735 1510 2767 te.
1525 2730 1594 2756 Man.
1610 2730 1718 2767 Crete.
1734 2729 1761 2760 (5,
1777 2736 1802 2767 c.
1816 2727 1884 2767 Man.

1095 2764 1228 2794 l'lanfib.
1247 2767 1278 2797 ll,
1294 2767 1356 2799 976,
1379 2766 1461 2800 945);
1483 2766 1626 2792 Constant.
1649 2765 1771 2792 Meliten.
1789 2764 1883 2800 (οι-..1Υ

1094 2812 1118 2829 c.
1139 2803 1179 2835 12,
1200 2803 1251 2833 59;
1267 2803 1303 2829 ib.
1320 2797 1354 2835 ll,
1379 2797 1458 2831 (ibi.
1482 2801 1563 2836 754);
1583 2801 1683 2835 Georg.
1708 2799 1824 2836 Trapez.
1841 2797 1884 2832 (ad

1094 2838 1172 2864 Joan.
1189 2838 1301 2864 (lubrici.
1319 2846 1344 2864 (τ.
1363 2837 1403 2868 lli,
1423 2837 1471 2867 l7;
1496 2834 1539 2863 ib.
1551 2836 1570 2867 l,
1592 2834 1756 2868 505.7506);
1773 2834 1883 2868 Gregor.

1095 2874 1252 2906 I’rutosvnc.
1271 2873 1315 2900 (ad
1339 2873 1404 2906 imp.
1421 2872 1502 2906 Trap.
1519 2881 1542 2898 c.
1559 2872 1586 2901 4,
1605 2871 1641 2897 ib.
1659 2871 1680 2906 Ι,
1697 2871 1774 2905 425);
1790 2869 1884 2897 Bessa-

1095 2909 1154 2936 rion
1169 2908 1224 2943 (ον.
1239 2909 1325 2943 dogm.
1343 2917 1367 2935 c.
1382 2910 1415 2940 (5;
1430 2907 1510 2934 llard.
1522 2907 1567 2941 l.\',
1582 2907 1655 2942 541).
