4032 6436
367 370 473 435 49’}
1045 374 1143 435 DE
1185 375 1247 435 S.
1292 375 1486 436 SPIR.
1530 377 2033 441 MYSTAGOGIA.
2060 408 2129 418 -
2160 378 2906 443 ANIMADVERSIONES.
3532 382 3638 447 494

369 500 435 539 ex
491 500 589 539 sua
622 499 781 539 causa
839 482 1162 541 inexhausta
1213 496 1269 542 et
1299 486 1570 543 inﬁnibili.
1608 508 1624 539 ι
1666 490 1733 543 Et
1790 489 1953 558 paulo
1983 498 2025 550 Α
2057 498 2234 543 tamen
2272 490 2379 545 dici
2415 502 2665 562 respectu
2690 492 2809 545 Filii
2835 491 2995 546 simul
3022 506 3146 547 cum
3186 490 3345 548 Patre
3376 495 3636 564 spirantis

368 586 531 645 post:
586 598 603 628 ι
637 575 848 633 Similis
872 590 954 633 est
983 578 1120 633 Filio
1145 578 1407 652 Spiritus,
1444 580 1585 636 sicut
1606 582 1826 651 quidem
1881 595 1956 640 ex
2052 581 2315 652 Spiritum
2364 585 2594 639 mediate
2643 602 2711 639 ex
2762 584 2920 640 Patre
2960 585 3296 655 procedere;
3333 587 3386 656 5)
3440 589 3635 646 deduci

367 682 530 723 causa
560 677 614 722 et
644 684 743 725 suo
768 670 1075 723 immediato
1115 672 1398 740 principio,
1430 671 1515 725 cui
1551 682 1609 725 ut
1637 671 1951 728 immediate
2052 689 2161 727 non
2198 689 2379 744 posse,
2410 674 2624 728 Patrem
2656 675 2833 728 eodem
2855 691 3081 745 prorsus
3107 686 3341 746 respectu
3362 678 3639 734 immedia-

368 759 756 823 communicat,
803 760 881 813 sic
906 762 973 814 ab
1019 761 1138 830 ipso
1168 763 1362 831 absque
1388 763 1556 815 medio
1600 764 1853 833 provenit
1896 774 1951 818 et
2056 772 2167 817 tum
2214 772 2268 817 et
2304 764 2622 826 mediatum,
2673 766 2981 835 proximum
3013 775 3068 821 et
3125 778 3395 823 remotum
3450 770 3638 827 haberi

366 866 465 920 per
518 852 696 922 ipsum
731 851 874 907 Patri
907 854 1277 924 coniungitur.
1324 873 1342 906 ι
1378 853 1514 908 Cum
1542 854 1724 924 itaque
1774 855 1949 910 Graeci
2054 857 2289 927 Spiritus
2323 857 2496 912 sancti
2536 858 2887 928 principium.
2939 859 3243 930 Utrumque
3288 862 3394 916 dici
3434 872 3635 933 potest,

365 944 621 999 doctores
668 945 863 999 Filium
914 962 1172 1016 expresse
1203 947 1379 1001 solum
1416 948 1635 1017 ἀμέσω·;
1677 963 1742 1001 ex
1792 946 1949 1001 Patre
2052 950 2144 1003 sed
2176 952 2277 1004 sub
2306 950 2742 1007 consideratione
2772 953 2930 1022 plane
2965 956 3189 1009 diversa.

364 1052 487 1092 esse
537 1038 741 1102 dicant,
804 1040 1068 1109 Spiritum
1098 1056 1229 1095 vero
1262 1057 1370 1094 non
1413 1039 1562 1113 [262]
1621 1040 1771 1106 item,
1823 1058 1949 1097 cum
2129 1041 2210 1095 19.
2258 1041 2540 1108 Quomodo
2571 1044 2734 1115 igitur
2756 1044 3011 1101 Photium
3052 1046 3433 1118 impugnautes
3463 1048 3636 1105 Cra‘ci

360 1132 450 1185 διὰ
490 1132 580 1184 τοῦ
608 1130 739 1184 Υἱοῦ
765 1148 829 1186 ex
858 1132 1016 1188 Patre
1042 1134 1338 1203 procedere
1360 1132 1622 1203 Spiritum
1654 1135 1788 1189 miro
1814 1150 1949 1189 con-
2051 1133 2335 1187 orthodoxi
2372 1133 2422 1188 id
2455 1134 2759 1206 denegant,
2786 1137 3048 1208 Spiritum
3088 1154 3207 1193 esse
3240 1141 3541 1196 immediate
3568 1157 3636 1197 cx

359 1239 528 1279 sensu
568 1234 949 1295 propugnent;
981 1240 1104 1279 cum
1150 1235 1413 1296 prteterea
1447 1226 1730 1281 doctorum
1782 1226 1949 1295 aliqui
2051 1223 2243 1289 Patre,
2276 1225 2418 1294 quod
2466 1224 2782 1281 Latinorum
2830 1230 3267 1298 prazstantissimi
3305 1232 3463 1302 plane
3497 1250 3631 1288 con-

356 1318 718 1385 quaestionem
751 1318 896 1371 illam
916 1318 1350 1383 celeberrimam,
1384 1334 1480 1373 cur
1507 1318 1746 1388 Spiritus
1775 1321 1948 1373 sancti
2051 1316 2286 1370 cedunt?
2332 1318 2438 1371 Sed
2472 1317 2575 1372 hoc
2619 1319 2694 1373 illi
2724 1336 2836 1374 non
2868 1322 3080 1377 inﬁnite
3115 1333 3401 1391 statuunt,
3436 1342 3633 1383 verum

356 1410 584 1477 spiratio
613 1426 723 1465 non
754 1411 824 1465 sit
852 1411 1133 1481 generatio
1162 1420 1217 1465 et
1243 1426 1475 1480 quanam
1509 1414 1715 1465 ratione
1745 1412 1858 1466 lttvc
1880 1413 1949 1467 ab
2050 1424 2149 1477 pro
2181 1424 2401 1462 suorum
2443 1409 2663 1464 Patrum
2705 1412 2922 1467 dicendi
2953 1428 3137 1476 more,
3174 1417 3524 1471 attendentes
3563 1420 3633 1474 ad

357 1501 449 1555 illa
474 1502 688 1556 differat
710 1502 797 1571 (de
832 1519 937 1572 qua
967 1503 1342 1557 consulendus
1374 1503 1651 1566 Petavius,
1685 1503 1763 1557 De
1803 1503 1946 1559 Trin.
2051 1514 2143 1553 eas
2184 1501 2497 1553 eorumdcm
2543 1501 2881 1565 locutiones,
2912 1503 3110 1573 quibus
3148 1506 3359 1577 egregie
3398 1506 3636 1578 Spiritus

354 1607 455 1655 vn,
484 1608 536 1648 ε,
565 1592 670 1663 14),
718 1592 916 1646 exinde
948 1592 1193 1657 solvant,
1226 1593 1370 1662 quod
1419 1593 1655 1663 Spiritus
1704 1594 1943 1658 sanctus,
2050 1588 2223 1643 sancti
2268 1604 2334 1642 ex
2369 1587 2504 1641 Filio
2550 1590 2713 1643 etiam
2754 1592 3033 1660 processio
3072 1592 3444 1661 conﬁrmatur,
3479 1611 3633 1651 com~

354 1698 465 1737 non
522 1683 836 1737 immediate
868 1699 897 1737 a
936 1682 1095 1737 Patre
1129 1684 1220 1748 sit,
1254 1685 1717 1754 quemadmodum
1779 1685 1947 1740 Filius
2052 1680 2327 1735 municata
2359 1696 2491 1735 vero
2526 1697 2556 1736 a
2605 1680 2763 1736 Patre
2802 1682 2937 1739 Filio
2974 1684 3149 1739 virtus
3181 1685 3439 1757 spirativa
3472 1689 3633 1744 simul

354 1776 451 1841 (cf.
483 1775 676 1829 Petav.
701 1775 736 1829 Ι.
767 1791 817 1830 c.
857 1790 906 1829 c.
945 1776 1030 1838 i5,
1059 1792 1115 1829 n.
1148 1775 1234 1846 Η)
1275 1777 1416 1831 sicut
1439 1778 1528 1831 alii
1550 1794 1615 1832 ex
1646 1778 1768 1843 hoc,
1800 1779 1946 1848 quod
1981 1841 2015 1851 __
2050 1772 2390 1837 ostenditur;
2418 1772 2469 1827 id
2485 1782 2674 1827 contra
2697 1774 2844 1829 cives
2875 1790 3005 1831 suos
3033 1777 3413 1833 schismaticos
3437 1791 3635 1851 urgent

349 1885 417 1924 ex
482 1879 715 1941 utroque
767 1872 1024 1941 procedat
1059 1871 1153 1940 (ίι),
1213 1841 1269 1926 ᾖ,
1306 1873 1406 1941 9);
1616 1841 1762 1928 satis.
1793 1841 1941 1943 p.313;
1979 1841 2017 1895 Β
2047 1865 2137 1933 qui
2194 1866 2261 1918 ad
2323 1866 2721 1921 excludendum
2779 1866 2974 1922 Filium
3035 1869 3403 1925 immediatam
3457 1841 3632 1929 savncti

350 1980 449 2019 eos
483 1982 512 2020 a
539 1964 804 2020 Photiana
830 1966 1077 2021 doctrina
1108 1967 1249 2020 haud
1283 1982 1472 2037 parum
1505 1967 1833 2037 discrepare,
1880 1976 1941 2023 ιιι

2041 1952 2275 2023 Spiritus
2295 1970 2363 2009 ex
2389 1956 2545 2010 Patre
2570 1956 2973 2025 procossionem
2992 1961 3439 2031 propugnabant;
3467 1974 3632 2034 atque

350 2055 583 2111 Allatius
608 2056 797 2121 (Em-It.
835 2072 883 2111 c.
914 2057 965 2120 6,
1004 2074 1059 2126 p.
1088 2056 1158 2110 50
1188 2057 1331 2128 seq.)
1363 2072 1488 2112 cum
1520 2059 1735 2113 caeteris
1760 2068 1937 2131 urget.

2040 2044 2169 2099 licet
2201 2060 2263 2100 ea
2314 2047 2572 2119 ἀκριϐείᾳ
2618 2048 2863 2104 diversas
2918 2051 3017 2121 τῆς
3059 2053 3339 2120 μεσιτείας
3388 2056 3630 2111 rationes

426 2146 514 2203 18.
553 2146 807 2202 Attamen
838 2147 892 2203 id
917 2147 1231 2203 difficultate
1251 2164 1361 2203 non
1388 2158 1537 2203 caret
1566 2166 1581 2216 ;
1610 2150 1755 2205 unde
1779 2150 1830 2205 id
1881 2150 1938 2206 in

2038 2154 2149 2193 non
2184 2140 2551 2212 distinguant,
2588 2157 2693 2212 qua
2726 2143 2967 2198 Thomas
3000 2144 3194 2213 utitur,
3232 2155 3415 2201 tamen
3452 2150 3629 2219 quoad

349 2240 540 2308 primis
565 2241 949 2310 indagandum,
978 2256 1214 2310 quonam
1237 2250 1395 2311 pacto
1417 2241 1935 2314 sitintelligendum,
2038 2247 2153 2287 rem
2186 2233 2359 2304 ipsam
2398 2248 2522 2288 cum
2562 2235 2771 2289 Lalinis
2796 2236 3020 2291 οηὶηῖηο
3052 2240 3421 2303 concordant,
3469 2258 3630 2307 μεσι-

346 2331 614 2402 Spiritum
674 2343 922 2386 sanctum
970 2333 1197 2386 mediate
1239 2348 1269 2386 a
1309 2331 1469 2387 Patre
1498 2334 1811 2402 procedere.
1875 2331 1933 2387 S.

2036 2326 2187 2377 τεξαν
2250 2326 2304 2379 in
2353 2340 2419 2381 eo
2485 2326 2830 2396 potissimum
2888 2339 3255 2399 reponentes,
3312 2332 3457 2401 quod
3513 2334 3625 2389 vim

344 2424 591 2481 Thomas
622 2424 795 2497 (Sum.
825 2441 879 2496 p.
911 2426 962 2492 i,
994 2441 1048 2495 q.
1081 2427 1168 2490 56,
1202 2443 1251 2480 a.
1280 2426 1325 2497 Ι)
1355 2427 1495 2481 hanc
1520 2426 1696 2496 primo
1714 2426 1834 2480 loco
1864 2427 1937 2481 si-
2038 2416 2383 2485 spiratricem
2414 2416 2585 2473 Filius
2625 2418 2790 2473 habet
2836 2434 2867 2473 a
2910 2418 3074 2475 Patre
3126 2422 3623 2483 communicatam,

344 2517 793 2587 biobiectionem
841 2517 1143 2588 proponit:
1186 2536 1204 2569 ε
1240 2516 1396 2580 Quod
1450 2519 1696 2588 procedit
1721 2520 1789 2573 ab
1834 2519 1934 2573 ali-

2037 2509 2171 2564 illud
2203 2509 2291 2563 διὰ
2314 2526 2497 2565 veram
2521 2511 2699 2564 αἰτίαν
2738 2511 2833 2565 καὶ
2858 2512 3035 2582 ἀρχὴν
3056 2510 3157 2583 τῆς
3187 2512 3282 2566 τοῦ
3307 2512 3626 2583 Πνεύματος

344 2627 457 2681 quo
509 2628 605 2680 per
640 2612 895 2680 aliquem,
927 2627 1035 2664 non
1073 2610 1319 2681 procedit
1372 2611 1440 2666 ab
1493 2626 1561 2665 eo
1596 2611 1931 2666 immediate.
2038 2603 2325 2676 ὑπάρξεως
2385 2604 2575 2675 (FIOP-
2622 2620 2778 2660 ουηο-
2813 2604 2977 2660 Hard-
3017 2606 3122 2670 ῙΧν
3150 2606 3285 2675 421)
3320 2607 3628 2678 δίϐηίίίοεπθ

347 2702 406 2755 Si
451 2702 615 2773 igitur
646 2701 880 2771 Spiritus
928 2713 1148 2756 sanctus
1182 2702 1427 2772 procedit
1470 2718 1498 2756 ει
1526 2701 1683 2757 Patre
1712 2719 1803 2771 per
1842 2702 1932 2757 Fi.
2037 2705 2378 2761 statuentes,
2433 2706 2661 2753 eatenus
2716 2696 2907 2767 prima:
2960 2712 3139 2751 causae
3173 2698 3624 2762 subordinatam,

346 2795 504 2858 tium,
531 2810 633 2846 non
672 2794 904 2862 procedit
934 2811 964 2847 a
1000 2794 1162 2849 Patre
1185 2794 1511 2857 immediate,
1536 2794 1681 2863 quod
1720 2794 1935 2848 videtur
2034 2799 2307 2858 quatenus
2330 2789 2397 2843 ab
2420 2789 2533 2859 ipsa
2576 2790 2780 2860 pendet
2818 2798 2875 2843 et
2902 2804 2971 2843 ex
3008 2790 3126 2859 ipsa
3160 2798 3263 2844 est.
3300 2789 3407 2862 (Cf.
3459 2792 3623 2846 Allat.

346 2886 768 2939 inconveniens.
814 2904 832 2935 ι
877 2885 974 2938 Cui
1029 2887 1098 2939 ita
1141 2885 1257 2956 ipse
1292 2886 1601 2942 satisfacit:
1648 2906 1667 2938 ‹
1704 2888 1763 2942 in
1794 2903 1933 2957 qua-
2044 2880 2191 2934 Vind-
2222 2898 2337 2951 syn.
2374 2879 2509 2946 Eph-
2542 2897 2591 2936 ο·
2630 2882 2730 2948 58'.
2770 2898 2824 2952 ρ.
2853 2883 2959 2937 575
2991 2881 3131 2951 seq.)
3163 2880 3314 2937 Hanc
3345 2886 3627 2953 μεσιτείαν

344 2977 480 3031 libet
501 2981 717 3031 actione
761 2985 845 3031 est
872 2977 981 3031 duo
1012 2978 1381 3043 considerare,
1429 2980 1546 3034 scil.
1588 2982 1932 3050 suppositum
2036 2971 2185 3044 [964]
2221 2971 2504 3029 Pholianis
2563 2973 2699 3028 adeo
2756 2990 2979 3029 exosam
3040 2975 3305 3045 praeclare
3365 2977 3626 3047 explanat

343 3086 515 3141 agens
545 3078 600 3125 et
634 3072 913 3131 virtutem,
942 3086 1046 3139 qua
1072 3071 1202 3139 agit,
1228 3071 1369 3125 sicut
1400 3072 1538 3141 ignis
1568 3073 1816 3128 calefacit
1843 3089 1933 3128 ca-
2032 3063 2187 3120 Joan.
2246 3066 2449 3122 Beccus
2509 3066 2636 3137 (lib.
2696 3066 2775 3120 De
2832 3082 2977 3135 proc.
3020 3066 3207 3138 Spirit.
3277 3071 3448 3123 sancti
3483 3086 3534 3125 (τι
3566 3073 3622 3133 7.

342 3164 485 3217 lore.
516 3161 570 3216 Si
611 3162 774 3233 igitur
807 3162 860 3215 in
894 3161 1053 3216 Patre
1082 3171 1139 3216 et
1165 3162 1299 3216 Filio
1333 3164 1713 3219 consideratur
1741 3167 1929 3231 virtus,
1956 3190 2000 3251 ρ
2034 3174 2092 3213 η.
2145 3158 2219 3223 ἒς
2251 3158 2314 3215 G-
2344 3157 2406 3213 0-
2439 3156 2479 3223 Ι,
2504 3157 2632 3225 ἳθὲ,
2664 3159 2791 3228 295)
2824 3160 3058 3230 primum
3088 3176 3295 3231 negans
3342 3162 3625 3218 intervalla

342 3270 451 3323 qua
477 3254 681 3320 spirant
717 3252 981 3322 Spiritum
1006 3260 1405 3317 sanctum,non
1428 3254 1573 3309 cadit
1598 3255 1669 3309 ibi
1715 3256 1931 3325 aliquod
1976 3250 1997 3251 7'
2036 3250 2119 3306 vel
2178 3251 2381 3306 realem
2441 3252 2843 3322 separationem
2901 3251 2991 3307 illo
3036 3253 3262 3307 nomine
3315 3252 3621 3318 insinuari,

345 3344 612 3408 medium,
634 3345 759 3413 quia
789 3345 907 3399 tunc
942 3344 1119 3399 virtus
1149 3354 1233 3399 est
1262 3360 1368 3399 una
1392 3346 1679 3400 eteadem.
1712 3347 1766 3400 Si
1800 3363 1931 3401 con-
2035 3339 2235 3395 deinde
2273 3355 2393 3395 eam
2423 3341 2659 3411 positive
2692 3342 3012 3396 describens
3055 3357 3119 3396 ac
3164 3342 3431 3397 deﬁniens
3462 3361 3476 3397 :
3508 3345 3623 3415 Τὴν

343 3438 658 3492 siderentur
706 3446 889 3490 autem
938 3436 1069 3507 ipsa:
1102 3453 1336 3505 personw
1364 3438 1651 3505 spirantes,
1691 3440 1770 3493 sic
1804 3455 1928 3494 cum

2037 3433 2315 3502 μεσιτείαν
2345 3432 2551 3506 ταύτην
2602 3434 2757 3487 οὐδὲν
2808 3433 2935 3488 ἄλλο
2966 3430 3109 3490 εἶναί
3148 3453 3291 3507 φημι
3319 3436 3353 3508 ἢ
3385 3437 3622 3509 φυσικὴν

346 3529 588 3601 Spiritus
610 3536 833 3583 sanctus
863 3530 1210 3582 communiter
1238 3530 1495 3598 procedat
1522 3546 1551 3583 a
1580 3530 1738 3585 Patre
1765 3540 1821 3585 et
1847 3532 1931 3585 Fi-

2034 3525 2240 3594 σχέσιν,
2279 3524 2401 3579 καθ’
2438 3526 2506 3597 ἦν
2550 3528 2668 3580 ἔστι
2696 3525 2785 3578 διὰ
2831 3526 2927 3580 τοῦ
2970 3526 3101 3579 Υἱοῦ
3130 3527 3192 3580 τὸ
3225 3528 3450 3597 Πνεῦμα
3494 3546 3623 3582 συν-

344 3624 438 3687 lio,
501 3622 782 3677 invenitur
812 3621 1050 3691 Spiritus
1081 3630 1306 3676 sanctus
1358 3622 1657 3676 immediate
1696 3640 1726 3677 a
1770 3624 1931 3679 Patre

2033 3618 2340 3687 απτόμενον
2371 3618 2451 3688 τῷ
2482 3618 2656 3688 Πατρὶ
2678 3659 2693 3685 ,
2732 3618 2807 3681 ὡς
2838 3620 2904 3671 ἐκ
2940 3618 3036 3671 τοῦ
3070 3619 3286 3690 Πατρὸς
3316 3622 3619 3692 ἐκπορευό-

341 3714 663 3783 procedere,
730 3712 785 3765 i'n
835 3721 1099 3781 quantum
1131 3720 1214 3766 est
1258 3711 1326 3766 ab
1354 3727 1438 3777 eo,
1472 3723 1528 3767 et
1576 3714 1821 3779 mediate,
1874 3715 1927 3768 in
2036 3727 2194 3777 μενον
2222 3711 2287 3762 δι’
2314 3710 2501 3764 αὐτοῦ.
2536 3709 2662 3765 Haec
2715 3710 2939 3765 uberius
2966 3711 3210 3766 'illuslrat
3238 3715 3317 3781 (po
3355 3712 3620 3781 294-298)

339 3812 609 3875 quantum
638 3812 719 3857 est
748 3817 778 3857 a
813 3802 987 3869 Filio;
1021 3813 1076 3857 et
1102 3803 1181 3857 sic
1210 3803 1412 3858 dicitur
1439 3805 1736 3873 procedere
1763 3823 1795 3859 a
1821 3806 1927 3860 Pa—
2032 3815 2312 3870 exponens
2347 3816 2456 3870 quo
2489 3817 2653 3855 sensu
2680 3801 2850 3856 Filius
2876 3802 3089 3857 dicatur
3110 3802 3385 3859 secundus
3415 3806 3482 3859 ad
3522 3806 3623 3859 Pa-

341 3909 422 3950 tre
458 3912 551 3965 per
582 3893 823 3959 Filium;
874 3896 1017 3949 sicut
1045 3895 1211 3949 etiam
1242 3894 1376 3949 Abel
1419 3897 1687 3965 processit
1731 3897 1927 3952 imme-
2033 3902 2193 3946 trem.
2223 3892 2410 3962 Neque
2450 3894 2612 3948 aliam
2640 3902 2878 3948 mentem
2905 3909 3027 3949 esse
3053 3894 3293 3967 Hugonis
3315 3894 3619 3962 Etheriani,

335 3988 487 4043 diate
521 3989 592 4043 ab
641 3987 836 4053 Adam,
874 3987 929 4040 in
956 3996 1220 4057 quantum
1266 3988 1436 4042 Adam
1468 3989 1571 4043 fuit
1600 3998 1755 4059 pater
1785 3988 1926 4057 ejus,
2031 4000 2095 4038 ex
2149 3984 2233 4038 his
2298 4001 2418 4054 qua:
2462 3985 2557 4039 lib.
2584 4001 2647 4049 ll,
2707 4001 2757 4040 c.
2794 3987 2857 4052 9,
2885 4002 2938 4057 p.
3004 3988 3176 4052 i222,
3242 3988 3380 4041 i223
3445 3988 3623 4046 fusius

338 4091 396 4138 et
432 4082 693 4146 mediate,
726 4080 781 4135 in
824 4089 1089 4151 quantum
1134 4080 1237 4135 fuit
1268 4079 1379 4135 Eva
1412 4093 1587 4137 mater
1616 4082 1756 4152 ejus,
1805 4098 1927 4152 qua:
2030 4080 2323 4149 dispustat,
2353 4080 2514 4136 facile
2545 4079 2899 4150 dignoscitur.
2934 4077 3133 4134 Verum
3173 4080 3227 4133 in
3265 4081 3455 4151 primis
3487 4082 3620 4137 Bes-

337 4175 612 4245 processit
640 4175 711 4229 ab
747 4174 957 4239 Adam;
994 4173 1123 4228 licet
1155 4174 1259 4229 hoc
1288 4174 1598 4245 exemplum
1627 4174 1926 4229 materialis
2029 4174 2300 4227 sarionem
2341 4174 2532 4228 audire
2580 4174 2738 4244 juvat
2768 4174 2841 4227 ita
2870 4173 2937 4228 de
2986 4174 3263 4243 proposita
3306 4175 3621 4244 quarstione

339 4267 712 4338 processionis
783 4267 1027 4337 ineptum
1076 4266 1330 4321 videatur
1374 4266 1441 4320 ad
1508 4267 1923 4339 significandam
2027 4275 2284 4336 agentem
2319 4267 2437 4336 (lib.
2464 4267 2543 4319 Ad
2570 4266 2719 4321 Alex.
2751 4265 2971 4319 Lascar.
2996 4282 3046 4320 c.
3105 4266 3173 4329 7;
3203 4265 3369 4320 llard.
3403 4266 3440 4321 1.
3474 4283 3525 4322 c.
3556 4283 3617 4338 p.

337 4361 711 4415 immediatam
732 4360 1135 4430 processionem
1156 4359 1463 4415 divinarum
1487 4376 1865 4431 personarum.
1899 4381 1917 4413 ι
2030 4358 2187 4424 i061,
2212 4359 2371 4430 £062)
2399 4378 2411 4411 :
2439 4378 2457 4411 ‹
2488 4358 2766 4413 Tenemus
2806 4374 2928 4413 cum
2955 4360 3291 4430 Augustino,
3317 4360 3461 4429 quod
3497 4359 3621 4429 Spi-

337 4452 479 4507 Hinc
511 4453 588 4522 (in
624 4468 776 4523 corp.
808 4452 936 4522 art.)
976 4472 995 4504 ‹
1036 4453 1163 4522 quia
1192 4453 1361 4507 Filius
1390 4453 1604 4508 habeta
1634 4454 1817 4522 Patre,
1838 4456 1921 4509 in-
2028 4452 2167 4507 ritus
2194 4452 2507 4507 immediate.
2546 4452 2613 4506 ab
2643 4460 2877 4520 utroque
2908 4452 3188 4521 procedat,
3217 4452 3312 4507 sed
3354 4452 3619 4523 intelligi-

334 4547 477 4617 quit,
511 4548 654 4616 quod
698 4548 768 4601 ab
800 4563 865 4601 eo
890 4548 1148 4617 procedat
1192 4547 1426 4618 Spiritus
1461 4558 1703 4617 sanctus,
1746 4546 2001 4621 potestD
2029 4559 2150 4598 mus
2199 4545 2345 4615 quod
2399 4544 2721 4614 Filius,qui
2774 4552 2858 4599 est
2882 4544 3119 4614 Spiritus
3155 4542 3620 4613 principium.est

335 4637 443 4691 dici
472 4637 618 4706 quod
664 4636 819 4690 Pater
855 4652 951 4705 per
996 4635 1193 4691 Filium
1252 4637 1424 4706 spirat
1488 4638 1749 4708 Spiritum
1792 4656 1921 4695 san-
2030 4639 2268 4693 mediam
2298 4647 2563 4707 quantum
2593 4638 2662 4691 ad
2703 4652 2826 4692 esse
2853 4638 2998 4692 inter
3025 4638 3236 4692 Patrem
3260 4646 3316 4691 et
3347 4637 3617 4706 Spiritum

336 4736 510 4781 ctutn.
568 4724 707 4779 llinc
764 4726 891 4778 alibi
934 4724 1088 4796 [263]
1146 4727 1223 4795 (in
1272 4728 1307 4782 1.
1358 4745 1395 4794 l,
1430 4729 1577 4783 Sent.
1609 4731 1663 4784 d.
1721 4731 1808 4796 i2,
1865 4748 1920 4801 q.
2028 4741 2311 4794 sanctum,
2347 4747 2469 4786 cum
2507 4716 2657 4801 prius
2687 4729 3007 4785 naturaliter
3036 4729 3368 4799 intelligatur
3397 4745 3426 4781 a
3455 4728 3617 4782 Patro

336 4820 389 4878 1,
455 4834 508 4871 a.
568 4819 625 4889 ὅ)
686 4818 1233 4873 RichardiVictorini
1266 4822 1431 4876 verba
1468 4822 1551 4893 (de
1580 4822 1723 4877 Trin.
1756 4841 1806 4888 v,
1845 4825 1919 4892 7),
2030 4822 2349 4878 naturaliter
2392 4824 2725 4892 productus,
2787 4837 2950 4891 quam
3004 4819 3241 4890 Spiritus
3274 4828 3497 4874 sanctus
3545 4821 3615 4873 ah

331 4912 746 4983 generationem
798 4913 853 4965 in
894 4911 1098 4965 divinis
1147 4926 1268 4967 esse
1311 4912 1625 4969 immediate
1658 4932 1689 4969 a
1740 4915 1919 4979 Patre,
2029 4925 2278 4983 utroque.
2312 4933 2329 4966 ι
2371 4914 2582 4967 Etalibi
2610 4912 2874 4982 (Refutat.
2901 4912 3186 4965 antirrhet.
3215 4910 3455 4965 Palamae
3488 4913 3611 4965 adv.

332 5005 433 5059 sed
466 5003 702 5073 Spiritus
728 5003 901 5057 sancti
929 5003 1338 5072 processionem
1376 5007 1779 5075 quodammodo
1801 5024 1919 5062 esse
2025 5005 2183 5059 Joan.
2209 5005 2362 5059 Becci
2397 5006 2572 5073 capita
2604 5004 2622 5075 )
2653 5019 2672 5058 :
2706 5024 2725 5056 ε
2759 5003 3013 5059 Jamvcro
3036 5006 3081 5057 si
3126 5004 3250 5074 quis
3274 5004 3342 5058 ad
3377 5003 3617 5073 singula-

332 5095 575 5151 metiiatc
626 5102 679 5148 et
708 5096 1111 5164 quodammodo
1146 5096 1484 5163 immediate,
1519 5100 1666 5153 hunc
1696 5099 1751 5153 in
1798 5116 1918 5155 mo-
2030 5112 2145 5151 rem
2169 5097 2522 5152 emissionem
2547 5096 2956 5151 etidentitatem
2976 5094 3345 5165 procrssionis
3361 5110 3429 5149 ex
3457 5105 3615 5149 utro-

329 5187 463 5240 dum
502 5187 793 5256 explanat:
829 5208 847 5238 ‹
883 5186 1224 5251 immediate,
1262 5197 1523 5257 quantum
1559 5190 1625 5245 ad
1660 5191 1918 5248 virtutem
2026 5205 2134 5259 que
2167 5189 2461 5259 respiciat,
2499 5198 2613 5243 tum
2645 5190 2749 5245 hoc
2775 5187 3176 5242 animadvertat
3235 5186 3453 5242 Patrem
3490 5203 3615 5243 esse

331 5280 678 5349 spirativam,
730 5296 852 5350 qua:
885 5288 970 5334 est
1004 5295 1111 5333 una
1148 5281 1324 5335 Patris
1358 5290 1413 5336 et
1440 5282 1583 5347 Filii,
1626 5292 1681 5337 et
1720 5286 1917 5339 iterum
2026 5283 2235 5337 fontem
2299 5291 2355 5336 et
2382 5298 2600 5337 causam
2668 5281 3001 5337 divinitatis:
3042 5282 3347 5335 immediate
3376 5296 3497 5335 esse
3548 5297 3615 5335 ex

328 5382 600 5440 quantum
631 5372 699 5425 ad
733 5372 911 5442 ipsum
958 5373 1300 5442 suppositum
1334 5373 1696 5445 Patris,quod
1731 5377 1914 5433 imme-
2026 5374 2187 5429 Patre
2245 5373 2511 5444 Spiritum
2562 5373 2835 5439 inveniet,
2883 5388 3062 5444 eoque
3113 5374 3424 5443 pertinere,
3476 5389 3618 5442 quas

331 5463 481 5517 diate
514 5473 600 5517 est
628 5463 957 5534 principium
1004 5464 1393 5533 processionis,
1431 5466 1555 5534 quia
1592 5467 1710 5535 ipse
1757 5469 1917 5523 simul
2025 5468 2225 5532 affert,
2282 5468 2603 5524 sententias.
2672 5467 2767 5521 Sin
2823 5466 3071 5521 ordinem
3116 5467 3457 5529 consideret,
3517 5468 3613 5536 qui

326 5564 388 5611 et
418 5553 586 5609 Filius
625 5559 835 5625 spirant
860 5572 875 5621 ;
904 5555 999 5610 sed
1043 5556 1291 5621 mediate,
1327 5556 1381 5610 in
1412 5568 1677 5627 quantum
1725 5558 1914 5627 Filius,
2024 5562 2203 5631 reipsa
2236 5561 2380 5616 inest
2410 5561 2464 5614 in
2493 5558 2779 5623 Trinitate,
2814 5576 2913 5614 nec
2936 5560 3048 5613 sola
3067 5568 3255 5612 nostra
3280 5557 3612 5629 cogitatione

326 5652 424 5721 qui
453 5652 645 5722 spirat,
679 5661 812 5706 esta
847 5653 1023 5707 Patre.
1056 5671 1074 5702 ι
1113 5682 1183 5691 -
1206 5652 1285 5705 Ex
1322 5652 1409 5706 his
1440 5653 1542 5707 tria
1569 5668 1919 5722 consequun-
2023 5662 2275 5720 constat,
2328 5654 2554 5707 medium
2593 5654 2801 5709 videbit
2856 5668 2977 5707 esse
3031 5651 3224 5705 Filiu'm
3281 5659 3337 5705 et
3388 5650 3610 5705 tertium

328 5753 422 5801 tur
458 5762 470 5797 :
530 5744 577 5816 Ι)
636 5760 743 5799 non
782 5745 965 5817 negari
994 5760 1023 5799 a
1058 5743 1267 5800 Latinis
1306 5744 1649 5815 simpliciter,
1696 5746 1915 5801 Patrem
2023 5764 2054 5803 a
2084 5747 2245 5803 Patre
2272 5746 2574 5818 Spiritum,
2609 5762 2673 5804 ac
2698 5763 2796 5818 per
2830 5746 3025 5801 Filium
3059 5760 3088 5797 a
3121 5743 3277 5798 Patre
3304 5742 3610 5814 proceden-

323 5853 452 5895 esse
486 5840 856 5894 immediatum
883 5837 1251 5909 processionis
1278 5837 1608 5910 principium
1634 5856 1649 5906 ;
1674 5838 1731 5909 2)
1765 5849 1917 5899 recte
2030 5848 2161 5909 tcm,
2190 5856 2253 5897 ac
2297 5841 2526 5911 priorem
2566 5855 2625 5896 se
2670 5840 2987 5910 cogitatione
3026 5837 3318 5892 habentem
3374 5835 3611 5903 Filium,
