4032 6456
275 337 382 402 497

269 561 426 598 suum
453 560 577 599 esse
601 546 763 602 habet
781 547 952 602 Filius
975 592 987 615 ,
1015 550 1086 604 ita
1121 567 1300 620 neque
1322 552 1614 622 tequalitati
1644 565 1698 608 et
1726 569 1857 606 con-

269 637 718 692 substantialitati
752 639 872 693 Filii
905 650 960 694 et
997 641 1236 712 Spiritus
1275 647 1431 699 obest
1471 645 1636 715 hujus
1671 664 1736 702 ex
1771 649 1862 702 illo

267 730 582 798 processio;
635 732 775 784 sicut
819 732 1100 788 homousia
1149 735 1320 788 Patris
1342 747 1392 791 et
1431 736 1547 790 Filii
1579 736 1862 810 [iijnun

271 823 538 889 postulat,
575 831 631 875 ut
655 835 710 878 et
747 824 915 880 Filius
955 825 1133 881 Patris
1185 831 1448 884 habeatur
1489 832 1858 901 principium,

269 916 348 968 sic
369 915 773 970 nechmnonsia
802 917 918 973 Filii
945 929 1000 974 ct
1037 920 1272 990 Spiritus
1299 923 1472 976 sancti
1498 925 1692 994 exigit,
1721 937 1778 978 ιιι
1810 933 1864 979 ct

273 1007 514 1076 Spiritus
547 1007 662 1061 Filii
700 1009 842 1080 ἁρχὴ
877 1022 1198 1076 censeatur;
1229 1025 1283 1067 et
1312 1015 1454 1068 sicut
1487 1016 1646 1070 trium
1675 1032 1860 1086 perso-

271 1115 467 1154 narum
506 1103 787 1170 aequalitas
815 1120 926 1158 non
961 1106 1100 1160 tollit
1129 1107 1291 1162 unius
1325 1108 1725 1178 principatum,
1754 1126 1864 1180 quo

271 1200 598 1243 cattcrarum
633 1201 715 1244 est
759 1193 1088 1264 principium
1110 1238 1124 1260 ,
1155 1195 1226 1249 ita
1252 1213 1439 1250 eorum
1481 1215 1603 1267 qua:
1633 1209 1760 1254 sunt
1795 1217 1862 1254 ex

271 1283 564 1351 principio,
586 1286 869 1353 :equalitas
887 1303 995 1348 non
1024 1289 1160 1342 tollit
1189 1289 1425 1359 Spiritus
1456 1293 1860 1360 processionem

273 1391 372 1443 per
413 1377 610 1429 Filium
638 1379 770 1444 (7‘2).
804 1377 860 1430 Si
886 1395 951 1433 ex
996 1383 1571 1439 censubslantialitate
1619 1391 1755 1440 unde
1799 1405 1864 1440 ac

273 1481 368 1533 per
393 1483 449 1519 se
479 1479 712 1534 spectata
761 1469 890 1524 illud
931 1472 1221 1526 deducitur
1258 1491 1636 1544 consequens,
1693 1480 1866 1532 mani-

276 1561 414 1611 l’cste
437 1568 521 1611 est
549 1559 742 1614 falsum
772 1578 785 1626 ;
831 1573 960 1617 tunc
988 1564 1213 1619 deberet
1247 1569 1493 1622 etPalris
1535 1572 1864 1640 principium

276 1649 383 1702 dici
433 1649 597 1704 Filius
628 1667 694 1704 eo
729 1656 872 1721 quod
898 1654 1006 1707 sint
1051 1655 1567 1714 consubstantiales.
1601 1660 1790 1731 Neque
1815 1664 1866 1716 id

275 1743 422 1808 quod
457 1745 522 1797 ad
565 1745 777 1798 Patrem
815 1757 874 1802 ut
921 1749 986 1802 ad
1031 1766 1324 1805 commune
1377 1753 1704 1822 principium
1751 1765 1864 1810 tum

281 1831 454 1889 Filius
483 1843 593 1888 tum
623 1835 858 1905 Spiritus
879 1841 1222 1906 referuntur,
1258 1861 1350 1912 per
1375 1862 1430 1898 se
1453 1847 1596 1900 hanc
1623 1849 1868 1917 recipro-

277 1941 397 1978 cam
453 1928 814 1999 principiandi
858 1931 1172 1989 facultatem
1217 1938 1434 2006 utrique
1487 1940 1749 2002 vindicat,
1811 1951 1870 1996 ut

277 2027 532 2086 apertum
576 2031 660 2076 est
687 2039 700 2086 ;
738 2023 935 2077 deinde
973 2035 1337 2097 prseterquam
1370 2032 1516 2099 quod
1540 2049 1604 2086 ex
1633 2033 1868 2088 revelata

281 2109 540 2166 doctrina
591 2112 827 2182 Spiritus
880 2126 1105 2174 sanctus
1165 2120 1398 2176 habetur
1453 2124 1870 2182 immanentium

277 2202 556 2271 originum
591 2207 889 2272 terminus,
924 2209 1026 2263 alia
1055 2219 1167 2274 est,
1201 2221 1258 2265 ut
1289 2230 1390 2268 nec
1417 2213 1646 2270 Photius
1672 2218 1872 2272 dillite-

282 2303 404 2355 tur,
435 2297 716 2363 generatio
740 2339 754 2361 ,
795 2300 902 2354 alia
939 2301 1176 2371 Spiritus
1225 2308 1396 2360 sancti
1437 2311 1716 2378 processio
1739 2354 1753 2376 ,
1801 2311 1874 2365 ita

279 2395 336 2437 ut
371 2401 480 2438 non
510 2389 698 2442 cadent
719 2391 932 2447 ratione
957 2393 1120 2449 Pater
1143 2397 1212 2450 sit
1235 2397 1352 2452 Filii
1372 2402 1616 2456 etsancti
1640 2401 1876 2472 Spiritus

279 2477 454 2544 ἀρχή·
502 2477 606 2546 (Cf.
632 2479 860 2536 Beccum
886 2483 938 2536 in
971 2484 1242 2540 Camateri
1274 2491 1562 2546 Auimadv.
1588 2509 1636 2547 c.
1666 2494 1754 2556 50,
1784 2496 1872 2560 5’»,

279 2569 388 2634 43;
421 2570 484 2626 G.
517 2571 578 2626 0.
613 2575 690 2638 ll,
725 2577 857 2642 555,
897 2580 1002 2633 562
1025 2621 1038 2644 ,
1071 2581 1206 2646 565,
1239 2583 1402 2654 575.)
1429 2585 1584 2651 Quod
1615 2605 1717 2642 una
1751 2606 1876 2659 per-

281 2677 423 2716 sona
455 2675 708 2734 respectu
754 2670 996 2734 ejusdem
1041 2673 1266 2730 alterius
1309 2693 1556 2745 personae
1593 2681 1657 2733 sit
1718 2682 1878 2736 simul

283 2757 622 2827 principium
655 2770 709 2816 et
754 2764 1138 2835 principiatum
1167 2808 1180 2832 ,
1219 2769 1516 2824 absurdum
1557 2773 1716 2842 plane
1761 2786 1875 2841 est;

283 2853 386 2904 sed
431 2853 729 2910 absurdum
776 2875 885 2912 non
926 2870 1010 2914 est
1047 2859 1246 2916 Filium
1289 2881 1396 2920 una
1438 2883 1564 2920 cum
1605 2866 1797 2932 Patre,
1850 2886 1880 2922 ει

283 2959 402 3012 quo
433 2959 726 3014 generatur
750 2991 763 3013 ,
789 2949 1000 3018 spirare.
1028 2951 1296 3022 Spiritum
1321 2998 1335 3021 ,
1367 2957 1534 3010 relate
1552 2959 1618 3012 ad
1647 2959 1878 3028 primam

287 3051 587 3103 personam
629 3053 750 3093 esse
781 3043 1048 3108 αἰτιατὸν,
1081 3045 1249 3098 relate
1279 3047 1346 3100 ad
1381 3049 1598 3102 tertiam
1631 3065 1760 3104 vero
1793 3054 1882 3104 ai-

983 345 1082 406 DE
1121 347 1181 406 S.
1226 349 1423 410 SI’IR.
1455 351 1962 412 MYSTAGOGIA.
1995 378 2068 388 -
2101 353 2842 414 ΑΝιι-ιΑιινΕιιδιῡΝ

269 454 618 509 stantialitati
645 455 822 510 Patris
848 466 903 510 et
929 457 1050 512 Filii
1084 475 1196 514 non
1221 461 1408 523 ollicit,
1434 463 1578 530 quod
1605 479 1669 518 ex
1699 464 1856 518 Patre
1885 470 1927 524 A
1962 463 2024 517 Β.
2078 465 2166 532 C.)

3443 355 3550 420 498

2228 482 2242 518 :
2313 483 2331 514 ι
2389 463 2552 526 Ecce,
2591 474 2714 532 post
2783 465 3016 533 primunt
3087 467 3455 536 vaniloquium
3493 478 3551 525 et

1962 555 2248 608 illecebras
2291 553 2532 622 praesidis
2553 563 2609 608 et
2651 554 2890 608 auctoris
2922 555 3088 608 totius
3117 555 3427 610 schismatis
3449 557 3552 612 im-

1962 647 2160 716 pudica
2217 645 2398 714 lingua
2443 655 2499 698 et
2547 643 2837 698 inliciatrix
2886 647 3224 700 conscientia
3285 657 3549 715 quantam

1963 733 2277 802 conceperit
2300 741 2353 786 et
2379 733 2650 800 pepererit
2673 733 3065 802 blasphemiam
3092 738 3106 789 ι
3130 735 3372 790 scribere
3399 753 3550 801 ausa,

1963 839 2084 892 qua:
2117 822 2319 876 nullius
2348 823 2509 885 alius,
2535 832 2588 876 ct
2623 838 2992 892 supervacuos
3024 835 3271 879 extrema
3295 843 3555 897 arrogan-

1965 920 2036 970 tia
2089 915 2426 986 syllogismos
2500 929 2854 984 componere.
2913 915 3118 970 Similis
3201 918 3558 990 interrogatio

1964 1009 2142 1062 eidem
2203 1009 2451 1062 imminet
2483 1025 2496 1061 :
2527 1009 2570 1062 si
2617 1009 2765 1062 enim
2801 1024 2868 1062 ex
2900 1025 3008 1063 una
3037 1025 3224 1074 causa,
3255 1011 3437 1076 Patre,
3473 1013 3556 1066 Fi-

1963 1103 2070 1156 lius
2113 1102 2458 1170 Spiritusque
2515 1103 2870 1172 proveniunt,
2921 1104 3086 1156 mittit
3116 1114 3298 1158 autem
3333 1120 3553 1158 rursum

1968 1193 2232 1264 Spiritum
2268 1193 2464 1256 Filius,
2497 1203 2558 1248 ut
2611 1195 2728 1264 ipse
2753 1195 3029 1264 perhibet,
3064 1195 3341 1264 quomodo
3367 1195 3556 1264 utique

1967 1285 2373 1354 consi:quentize
2420 1287 2690 1340 sustineat
2733 1286 2890 1348 ratio.
2925 1302 3034 1340 non
3073 1287 3324 1355 generari
3357 1287 3559 1340 Filium

1967 1379 2054 1432 vel
2101 1378 2242 1431 mitti
2271 1395 2302 1432 a
2335 1379 2546 1447 Spiritu
2573 1378 2596 1430 ?
2625 1378 2764 1434 Cum
2814 1379 2960 1432 enim
3003 1379 3284 1448 aaqualiter
3310 1380 3472 1434 ambo
3493 1397 3561 1434 ex

1970 1487 2075 1524 una
2103 1486 2266 1524 causa
2297 1471 2644 1540 proveniant,
2679 1481 2943 1540 quantum
2985 1487 3012 1524 a
3047 1471 3206 1526 Patre
3257 1471 3426 1526 Filius
3469 1487 3560 1524 ac-

1969 1562 2122 1630 cipit,
2165 1563 2506 1616 tantumdem
2531 1563 2782 1632 accipere
2815 1564 2979 1618 debet
3007 1563 3265 1634 Spiritus.
3306 1562 3488 1628 Quare
3516 1565 3560 1618 si

1969 1656 2138 1710 Filius
2177 1655 2343 1709 mittit
2375 1654 2666 1724 Spiritum,
2702 1667 2757 1710 et
2791 1657 3027 1726 Spiritus
3073 1665 3300 1728 generat
3341 1655 3561 1716 Filium.

1972 1757 2032 1802 ut
2083 1749 2542 1818 quemadmodum
2587 1748 2760 1802 Filius
2799 1765 2828 1804 a
2881 1751 3038 1804 l’atre
3075 1750 3242 1803 mittit
3273 1749 3560 1820 Spiritum,

1904 1831 1942 1882 Β
1975 1841 2046 1894 ita
2079 1849 2134 1895 et
2170 1841 2408 1910 Spiritus
2439 1842 2909 1908 recompensando
2943 1843 3176 1912 gratiam
3222 1859 3250 1896 a
3283 1841 3441 1896 Patre
3468 1857 3562 1912 ge-

1973 1943 2128 1986 iteret
2149 1932 2368 1986 Filium.
2423 1932 2716 2001 Amplius:
2755 1932 2979 1986 Filiusa
3039 1934 3200 1988 Patre
3243 1935 3462 2002 accipit,
3509 1943 3568 1986 ut

1973 2025 2092 2092 ejus
2153 2026 2224 2078 sit
2271 2023 2628 2090 Paracletus;
2677 2041 2848 2094 quare
2891 2041 3000 2079 non
3049 2027 3303 2080 similiter
3337 2027 3570 2095 accipiat

1978 2116 2217 2184 Spiritus
2267 2127 2327 2169 ut
2383 2118 2504 2182 eius
2562 2117 2776 2170 dicatur
2817 2117 3105 2172 Verbum?
3133 2121 3312 2184 Quare
3343 2119 3566 2188 quidem

1977 2211 2413 2276 rtECOIIlpClISaliO
2441 2220 2494 2264 et
2525 2211 2806 2278 :vqualitas
2841 2211 2893 2264 in
2927 2211 3031 2264 hoc
3065 2213 3300 2274 exsistit,
3337 2222 3397 2265 ut
3427 2213 3570 2265 sicut

1979 2295 2206 2350 Filiusa
2243 2297 2404 2351 Patre
2450 2300 2651 2368 accipit
2692 2316 2914 2355 causam
2957 2317 3080 2354 esse
3117 2299 3267 2372 [270]
3303 2301 3568 2370 Spiritus,

1979 2391 2058 2446 sic
2094 2391 2280 2461 utique
2338 2389 2575 2460 Spiritus
2613 2395 2681 2448 ab
2710 2395 2902 2448 eodem
2951 2395 3112 2450 Patre
3151 2397 3351 2466 accipit
3385 2397 3441 2465 (Ι.
3475 2413 3566 2450 ac-

1979 2484 2186 2552 cipiat),
2234 2487 2572 2539 causativum
2614 2503 2734 2542 esse
2769 2488 2912 2540 Filii.
2947 2488 3008 2542 In
3033 2505 3142 2558 quo
3179 2505 3288 2543 non
3314 2504 3566 2544 corrum-

1981 2577 2127 2645 pitur
2161 2575 2285 2630 ﬁdei
2315 2579 2479 2644 tratio
2520 2578 2684 2633 salvis
2713 2579 3022 2635 adinvicem
3057 2583 3244 2650 utique
3267 2582 3570 2651 proprieta-

1985 2669 2131 2724 tibus
2187 2671 2390 2738 pariter
2440 2680 2605 2740 atque
2651 2674 2953 2742 a-qualiter.
3001 2695 3018 2725 ι
3058 2673 3194 2728 Cum
3259 2675 3342 2730 his
3392 2683 3575 2728 autem

1981 2778 2044 2814 ea
2072 2763 2221 2830 iungi
2271 2763 2496 2828 debent,
2545 2781 2666 2832 qua:
2719 2766 2861 2820 idem
2896 2777 3088 2820 auctor
3129 2769 3194 2821 ad
3231 2768 3438 2822 Nicolai
3466 2765 3578 2822 Me-

1987 2852 2271 2907 thonensis
2315 2854 2562 2922 ejusdem
2617 2856 2836 2926 generis
2885 2869 3206 2927 argumenta
3267 2858 3392 2922 (Ph.
3439 2873 3489 2911 c.
3521 2859 3576 2920 5,

1984 2959 2111 3004 nota
2142 2949 2194 3018 9)
2225 2951 2336 3020 jam
2381 2952 2532 3018 prius
2583 2951 2967 3020 responderat.
3009 2950 3358 3006 Methonensi
3391 2951 3578 3020 itaque

1987 3047 2057 3113 (c.
2097 3044 2149 3114 5)
2202 3048 2472 3114 arguenti,
2521 3044 2574 3096 in
2621 3043 2940 3098 Latinorum
2985 3046 3230 3099 doctrina
3272 3045 3582 3100 conceden-

287 3129 432 3182 τίαν.
470 3151 490 3180 ί
521 3131 722 3186 Eadem
748 3135 950 3204 quippe
977 3153 1085 3200 res,
1115 3139 1191 3192 ait
1215 3138 1367 3210 [Iugo
1387 3139 1718 3198 Eum-ianus
1741 3141 1800 3213 (Ι,
1827 3160 1878 3210 ι,
1912 3173 1956 3232 C
1988 3139 2118 3190 dum
2144 3139 2385 3196 ,omnino
2437 3155 2577 3200 esse,
2621 3145 2677 3190 et
2707 3137 2904 3190 Filium
2939 3153 3008 3190 ex
3051 3139 3260 3206 Spiritu
3305 3139 3580 3208 generari,

289 3234 342 3272 c.
373 3219 476 3284 10,
511 3235 567 3290 p.
601 3221 739 3276 12οι1
773 3223 864 3290 G.)
896 3225 984 3277 alii
1019 3235 1198 3294 potest
1236 3243 1358 3282 esse
1387 3244 1550 3282 causa
1577 3229 1793 3298 (αἰτία)
1828 3239 1884 3283 et

290 3309 388 3363 alii
413 3313 752 3366 causativum
788 3315 1137 3386 (αἰτιατόν);
1169 3317 1345 3372 eidem
1381 3333 1512 3373 vero
1537 3319 1676 3374 nihil
1707 3329 1888 3390 potest

293 3417 462 3456 causa
496 3414 551 3458 et
589 3408 928 3460 causativum
977 3423 1136 3474 esse;
1197 3409 1359 3464 Pater
1401 3411 1624 3480 quidem
1679 3412 1802 3466 Filii
1835 3421 1890 3466 et

293 3497 536 3564 Spiritus
559 3513 720 3552 causa
752 3500 968 3555 exsistit
987 3519 1001 3566 ;
1021 3511 1076 3556 at
1095 3503 1264 3556 Filius
1282 3519 1625 3574 nequaquam
1651 3505 1890 3575 Spiritus

293 3606 462 3643 causa
501 3593 685 3661 negari
723 3595 898 3646 debet.
924 3613 940 3643 ι
991 3595 1147 3648 Nulla
1183 3612 1313 3650 sane
1346 3599 1657 3652 ostenditur
1695 3615 1892 3654 neces-

295 3684 435 3736 sitas
456 3725 470 3744 ,
503 3685 571 3737 ob
592 3702 752 3752 quam
785 3685 1022 3754 Spiritus
1044 3689 1162 3741 Filii
1193 3689 1336 3760 ἀρχὴ
1361 3691 1433 3745 sit
1453 3691 1890 3760 existimandus;

299 3775 398 3828 sed
442 3777 596 3842 plura
637 3777 864 3830 omnino
899 3779 1195 3844 evincunt,
1235 3797 1341 3834 una
1378 3780 1526 3853 [9.69]
1559 3799 1682 3836 cum
1732 3782 1894 3838 Patre

301 3867 504 3920 Filium
526 3867 763 3937 Spiritus
782 3885 1004 3925 sanctus
1030 3873 1202 3943 ἀρχὴν
1223 3890 1344 3928 esse
1370 3876 1704 3928 habendum.
1729 3874 1896 3930 Recte

300 3961 457 4015 card.
509 3961 796 4015 Bessarion
852 3967 978 4034 (ep.
1018 3966 1100 4017 Ad
1137 3968 1288 4020 Alex.
1325 3968 1479 4021 Lasc.
1519 3984 1569 4022 e.
1609 3969 1674 4032 7;
1727 3967 1894 4024 llard.

305 4049 397 4114 IX,
457 4051 631 4113 106‘2,
689 4053 860 4122 1065)
911 4063 1098 4107 contra
1135 4057 1426 4110 dicentes:
1466 4075 1484 4108 ι
1526 4057 1580 4109 Si
1637 4059 1898 4126 spirativa

306 4142 556 4210 potentia
596 4150 680 4195 est
703 4139 840 4197 Filio
871 4161 995 4197 cum
1028 4144 1187 4199 Patre
1217 4149 1543 4212 communis,
1575 4157 1702 4202 tunc
1730 4165 1900 4218 gene-

309 4231 482 4286 r-stiva
515 4233 759 4300 potentia
791 4247 914 4287 cum
944 4234 1101 4289 Patre
1144 4235 1371 4304 Spiritui
1406 4239 1714 4290 communis
1736 4247 1838 4303 est,
1877 4257 1894 4289 ι

312 4327 432 4378 lure
455 4325 710 4379 observat
739 4345 752 4378 :
786 4327 1157 4404 liGeneratio
1186 4330 1538 4384 constitutiva
1557 4340 1638 4384 est
1665 4339 1904 4400 paternae

315 4433 566 4487 personae
607 4426 660 4472 et
705 4419 1262 4486 inconnnunicabilis,
1315 4438 1422 4474 non
1459 4439 1591 4478 vero
1634 4425 1904 4493 spiratio;

1991 3231 2132 3284 sicut
2161 3247 2223 3283 ex
2253 3229 2432 3292 Patre,
2458 3231 2585 3298 quia
2619 3229 2780 3282 Pater
2811 3239 2866 3284 et
2912 3230 3156 3298 Spiritus
3207 3231 3318 3284 sint
3341 3230 3584 3284 consub—

1990 3323 2290 3380 stantiales.
2359 3321 2467 3374 nisi
2499 3321 2552 3373 in
2600 3319 2904 3375 Macedonii
2942 3321 3176 3374 haeresin
3213 3321 3458 3376 incidere
3487 3337 3584 3374 ve-

1991 3413 2172 3478 limus,
2221 3411 2374 3482 llugo
2408 3412 2466 3482 (l.
2495 3427 2553 3474 ιι,
2591 3427 2638 3465 c.
2679 3413 2766 3470 18.
2809 3429 2864 3480 p.
2896 3411 3032 3464 1212
3061 3412 3127 3473 D,
3165 3411 3246 3479 Ε).
3285 3412 3360 3466 ita
3384 3427 3583 3466 occur-

1994 3505 2063 3558 rit
2096 3523 2108 3557 :
2142 3524 2158 3554 ι
2193 3503 2263 3558 At
2292 3503 2380 3558 hic
2407 3505 2630 3573 quidem
2657 3505 2742 3558 vir
2770 3505 2982 3560 veritati
3029 3503 3256 3558 minime
3283 3505 3586 3576 appropin-

1995 3607 2146 3666 quat.
2177 3597 2354 3650 Latini
2407 3598 2612 3666 quippe
2661 3613 2770 3650 non
2810 3597 2933 3650 ideo
2967 3596 3159 3649 dicunt
3227 3594 3492 3663 Spiritum
3521 3609 3587 3648 ex

1999 3689 2134 3743 Filio
2189 3703 2331 3752 esse,
2391 3689 2536 3758 quod
2607 3687 2766 3742 Pater
2815 3697 2872 3742 et
2906 3686 3078 3742 Filius
3121 3703 3264 3740 unus
3293 3687 3438 3740 Deus
3477 3686 3590 3740 sint

2002 3781 2100 3852 (se.
2134 3781 2179 3836 si
2212 3781 2265 3835 id
2287 3781 2406 3834 sine
2441 3780 2552 3834 ullo
2581 3781 2689 3834 alio
2733 3789 2986 3850 respectu
3021 3795 3113 3848 per
3141 3797 3194 3832 se
3229 3787 3291 3832 ut
3321 3778 3461 3832 ratio
3489 3779 3590 3832 lia-

1999 3869 2206 3938 betur),
2259 3885 2364 3922 nec
2395 3884 2488 3938 per
2522 3868 2758 3937 aliquam
2784 3869 2888 3922 hoc
2927 3868 3111 3924 dicere
3151 3867 3588 3937 disputationem

2000 3962 2174 4016 coacti
2221 3969 2390 4024 sunt;
2445 3961 2539 4015 sed
2585 3969 2875 4030 propterea
2921 3977 2988 4016 ex
3043 3971 3278 4030 utroque
3326 3959 3592 4030 Spiritum

2001 4055 2303 4125 procedere
2341 4055 2600 4114 fatentur,
2629 4055 2758 4124 quia
2787 4053 3068 4124 aequaliter
3101 4055 3220 4108 Filii
3240 4061 3406 4124 atque
3423 4054 3594 4108 Patris

2003 4147 2350 4213 exsistit,non
2364 4147 2729 4212 condibiliter,
2749 4163 2858 4202 non
2879 4147 3230 4212 nascibiliter,
3249 4161 3358 4201 non
3379 4161 3596 4216 posses-

2006 4239 2140 4302 sive,
2165 4238 2260 4292 sed
2283 4238 2530 4292 similiter
2556 4239 2840 4293 amborum
2867 4248 2973 4299 est,
3001 4253 3342 4308 nequaquam
3365 4249 3424 4291 ut
3445 4249 3599 4291 actus

2007 4338 2062 4384 et
2084 4345 2221 4398 opus
2256 4336 2339 4382 cst
2369 4329 2627 4394 hominis,
2662 4329 2754 4383 sed
2785 4329 3185 4398 quodaminodo
3221 4329 3432 4383 utradii
3457 4329 3600 4382 alma

2011 4421 2102 4474 lux
2137 4421 2352 4474 exsistit
2384 4429 2441 4474 et
2467 4420 2618 4474 solis.
2659 4439 2677 4469 ι
2713 4421 2782 4474 Ει
2831 4422 2992 4490 paulo
3021 4432 3144 4490 post
3185 4423 3362 4492 pergit
3395 4439 3410 4474 :
3448 4439 3468 4471 α
3495 4419 3599 4489 0p-

314 4512 378 4580 ἓ)
405 4511 649 4579 implicat
689 4515 1197 4579 Contradictionem,
1223 4515 1484 4586 Spiritum
1528 4518 1596 4570 ad
1635 4518 1770 4570 idem
1811 4517 1908 4589 (ad
1944 4525 1986 4580 ι)
2017 4523 2184 4584 ponet
2244 4522 2426 4566 autem
2484 4513 2722 4582 aliquis:
2770 4511 3004 4582 Spiritus
3057 4529 3153 4582 par
3207 4522 3294 4568 est
3349 4527 3600 4582 persona:

321 4602 556 4673 Filium)
593 4619 716 4658 esse
748 4605 908 4658 simul
951 4607 1280 4676 principium
1307 4617 1360 4661 et
1399 4607 1782 4676 principiatum
1809 4609 1908 4680 ;5)

321 4696 605 4764 generatio
647 4706 730 4750 cst
773 4697 945 4766 prima
988 4707 1042 4752 et
1084 4700 1392 4754 immediate
1439 4701 1613 4756 Patris
1658 4704 1914 4766 actio,et

323 4790 448 4843 idco
487 4806 596 4844 non
631 4799 812 4858 potest
849 4801 1163 4861 competere
1199 4793 1458 4864 Spiritui,
1499 4794 1656 4861 cujus
1685 4797 1914 4866 spiratio

322 4884 574 4952 sequitur
599 4885 1033 4952 generationem.

389 4975 448 5030 2.
479 4977 552 5030 [)e
583 4978 836 5047 praesenti
882 4977 1058 5031 Photii
1089 4991 1408 5049 argumento
1459 4981 1695 5036 breviter
1725 4984 1834 5054 agit
1860 4983 1910 5038 ι.

323 5071 537 5124 Becws
578 5071 675 5141 (De
704 5087 791 5123 im.
829 5069 974 5123 Eccl.
1033 5087 1081 5124 c.
1132 5071 1222 5136 45,
1254 5072 1360 5136 65;
1417 5073 1479 5128 G.
1516 5071 1581 5127 0.
1612 5074 1666 5144 ει,
1697 5091 1756 5144 p.
1789 5077 1910 5142 ltili,

323 5163 454 5228 165,
474 5163 624 5230 9.06).
648 5163 752 5218 Sed
779 5171 998 5232 priestat
1019 5164 1298 5234 llugonem
1323 5167 1676 5221 Etherianum
1703 5169 1912 5230 audire,

325 5255 486 5322 cujus
533 5255 576 5307 si
635 5270 742 5308 non
793 5255 975 5307 omnia
1013 5255 1172 5324 plane
1227 5257 1590 5323 satisfaciunt,
1657 5260 1915 5330 pleraque

327 5345 520 5399 saltem
575 5346 736 5416 digna
766 5355 892 5400 sunt
931 5345 1304 5418 theologorum
1343 5349 1784 5404 consideratione
1814 5367 1918 5406 nec

326 5442 478 5494 omni
511 5457 735 5509 prorsus
767 5443 815 5494 vi
843 5442 1234 5497 destituuntur.
1269 5444 1455 5513 Itaque
1491 5444 1558 5497 ad
1602 5445 1705 5498 hoc
1737 5445 1915 5514 ipsum

330 5533 515 5587 l’hotii
545 5543 708 5602 caput
737 5535 852 5589 hac
879 5535 966 5588 ille
997 5537 1294 5606 respondet
1325 5537 1384 5608 (Ι.
1423 5553 1480 5600 ιι,
1505 5553 1554 5592 c.
1582 5537 1668 5602 16,
1695 5554 1750 5608 p.
1781 5538 1908 5591 1251

405 5691 649 5765 (72λὸἱο
687 5691 1154 5765 meritoﬂNiceph.
1205 5691 1376 5748 Blem.
1421 5695 1585 5765 (orat.
1629 5693 1682 5754 1,
1729 5695 1916 5754 c.17;

327 5765 396 5819 (ἶ-
427 5763 489 5816 0.
525 5764 565 5820 Ι.
600 5765 692 5828 22,
728 5765 818 5836 25)
846 5763 1107 5836 [Ὥσπερ
1151 5767 1182 5834 ὴ
1216 5765 1346 5836 ίτῶν
1382 5763 1570 5836 ,τ’ριῶν
1607 5767 1787 5836 ἰσότης
1820 5767 1918 5818 οὐκ

331 5836 650 5904 ἀφαιρεῖται
683 5834 779 5886 ’τοῦ
817 5833 936 5895 ἑνὸς
961 5833 1296 5904 τὴνάρχὴν,
1333 5833 1475 5890 οὔτὸ)
1511 5838 1604 5890 καὶ
1639 5839 1673 5906 ἠ
1711 5833 1820 5890 τῶν
1859 5838 1918 5902 ἐξ

2016 4605 2228 4668 Patris;
2267 4612 2320 4656 at
2355 4619 2484 4657 vero
2528 4604 2595 4657 de
2623 4619 2858 4672 persona
2903 4603 3079 4658 Patris
3135 4604 3454 4658 enuntiatur
3502 4605 3602 4656 ha-

2015 4698 2146 4751 bere
2189 4696 2422 4762 Filium;
2453 4713 2623 4765 quare
2677 4697 2818 4751 idem
2847 4698 2914 4750 de
2946 4697 3154 4766 Spiritu
3183 4695 3599 4767 praadicabitur,

2016 4797 2071 4842 ct
2093 4789 2198 4841 erit
2235 4787 2404 4841 Filius
2466 4789 2622 4842 lilius'
2640 4787 2878 4858 Spiritus
2929 4787 3124 4842 sancti.
3169 4787 3278 4842 Sed
3309 4787 3453 4851 dico,
3489 4803 3601 4840 non

2016 4896 2138 4934 esse
2188 4879 2498 4950 hujusmodi
2533 4881 2977 4950 :equipollentem
3006 4879 3501 4950 comparationem,
3535 4895 3604 4934 eo

2015 4973 2160 5041 quod
2200 4989 2478 5042 nunquam
2541 4975 2729 5028 datum
2776 4975 2870 5040 sit,
2927 4973 3136 5026 Filium
3179 4973 3459 5045 cqualiter
3495 4989 3608 5028 esse

2019 5065 2284 5120 Patriam:
2329 5067 2586 5135 Spiritus,
2621 5083 2746 5122 cum
2779 5083 2974 5124 omnes
3009 5067 3378 5122 conﬁteantur
3433 5065 3606 5138 Spiri-

2019 5169 2130 5213 tum
2189 5175 2308 5214 csse
2359 5159 2644 5229 aequaliter
2701 5157 2820 5213 Filii
2881 5168 3047 5230 atque
3109 5159 3307 5215 Patris.
3341 5157 3520 5225 Quare
3553 5159 3609 5214 in

2017 5254 2215 5322 quibus
2253 5255 2473 5324 quidem
2499 5253 2634 5307 nihil
2658 5253 2944 5322 indignum
2974 5269 3076 5308 nec
3103 5254 3366 5308 indecens
3393 5251 3608 5308 divinas

2019 5363 2279 5414 personas
2317 5347 2690 5417 consequitur,
2744 5347 2800 5400 in
2831 5345 2918 5400 his
2967 5345 3183 5400 Patrem
3217 5347 3448 5402 dicimus
3473 5359 3606 5398 cau-

2019 5453 2133 5490 sam
2165 5445 2221 5492 et
2251 5438 2447 5492 Filium
2481 5455 2832 5505 concausam,
2878 5453 2984 5493 nec
3022 5439 3200 5508 aliqua
3239 5436 3436 5507 injuria
3467 5435 3608 5490 Filio

2021 5529 2236 5585 Patrive
2311 5541 2406 5585 aut
2456 5541 2648 5586 sancto
2705 5532 2932 5602 Spiritui
2982 5539 3322 5602 corrogatur.
3365 5527 3500 5582 Nam
3551 5525 3606 5578 in

2021 5694 2198 5762 ἀρχῆς
2235 5692 2419 5760 ἰσότης
2441 5693 2540 5745 οὐκ
2571 5691 2718 5744 ἔστιν
2741 5690 3091 5762 ἁφαιρετικὴ-
3115 5689 3210 5762 τοᾼῦ
3233 5727 3249 5750 ,
3290 5685 3352 5737 τὸ
3384 5681 3610 5762 ῌγεῦμα

2023 5753 2246 5816 δί”Υἱὸῦ
2281 5753 2434 5832 παρὰ
2461 5763 2557 5814 τοῦ
2616 5753 2830 5833 Harpe};
2859 5753 3278 5833 ἐόεπςιρεῦεᾳθαι.
3311 5785 3380 5796 -
3403 5753 3532 5808 [hnc
3558 5765 3614 5807 ct

2025 5852 2146 5904 tina:
2174 5829 2480 5903 sequuntur
2509 5833 2648 5886 infra
2674 5829 2898 5886 uberius
2930 5829 3370 5885 illustrabuntur.
