4032 6432
524 354 634 420 49-9

1672 357 1936 419 PHOTII
1973 355 2482 418 PATRIARCH/E
2515 356 2624 418 CP.

3670 372 3762 441 500

523 465 888 535 legationibus
913 475 968 521 et
993 465 1378 522 donationibus
1413 466 1650 538 Spiritus
1685 483 1902 539 semper
1934 466 2113 521 Patris
2142 476 2185 528 Α
2216 465 2401 520 omnia
2445 465 2710 522 naturalia
2742 467 3025 534 attributa,
3057 469 3152 526 sed
3189 471 3411 530 minime
3439 475 3680 538 idiomata
3706 504 3764 544 ac

526 554 700 610 Filius
731 571 960 612 consors
985 566 1102 622 est;
1155 567 1210 612 at
1257 557 1522 629 Spiritum
1555 560 1738 615 dicere
1769 570 1978 628 patrem
2011 577 2109 616 seu

522 645 725 702 Filium
763 648 996 720 Spiritus
1029 649 1194 704 [ilium
1236 652 1512 721 appellare
1560 655 1896 709 exsecrabile
1930 655 2109 724 profa-

524 755 768 810 numque
797 749 899 796 est.
941 741 1048 797 Sed
1078 759 1257 813 neque
1298 745 1601 815 propositio
1642 745 1752 812 illa,
1797 763 1917 817 quae
1976 748 2110 802 dicit

525 833 871 887 emissionem
900 830 1046 888 Patri
1101 846 1158 889 et
1187 835 1326 891 Filio
1378 853 1726 894 communem
1775 855 1914 902 esse,
1958 838 2107 915 [271]

522 924 803 993 proprium
855 936 1100 995 paternae
1148 944 1416 999 personae,
1468 947 1577 1001 quo
1625 942 1785 1002 aptus
1833 943 1991 989 natus
2025 948 2109 993 est

523 1015 770 1087 insigniri
822 1017 984 1074 Pater
1031 1021 1197 1085 solus,
1265 1023 1531 1080 interimit
1576 1027 1735 1098 (sicut
1764 1027 2108 1086 interimeret

519 1109 911 1179 proprietatem
943 1112 1312 1185 insignitivam
1342 1117 1462 1171 Filii
1498 1120 1777 1188 processio
1799 1137 1865 1175 ex
1896 1119 2103 1192 Spiritu

520 1204 758 1272 sancto).
817 1223 836 1254 ι
905 1204 1112 1261 Deinde
1173 1208 1240 1262 ad
1271 1209 1435 1263 alium
1473 1209 1847 1268 Methonensis
1886 1216 2104 1288 syllogi-

520 1308 700 1348 smum
759 1297 832 1365 (c.
864 1297 943 1365 6),
994 1300 1086 1369 qui
1146 1303 1402 1370 przesenti
1434 1301 1611 1360 Photii
1664 1319 1984 1378 argumento
2035 1313 2104 1368 ad

517 1386 745 1440 verbum
776 1388 892 1444 fere
932 1392 1238 1461 respondet,
1271 1394 1559 1460 accedens,
1594 1406 1883 1469 postquam
1914 1404 2104 1458 sedulo

518 1476 811 1533 inculcavit
841 1498 855 1534 :
889 1499 907 1532 ι
943 1482 1256 1539 Genitorem
1291 1490 1582 1543 secundum
1640 1493 1809 1547 aliam
1859 1497 2102 1564 proprie-

518 1577 676 1621 tatem
712 1585 996 1641 generare,
1027 1582 1082 1629 et
1112 1577 1398 1631 secundum
1443 1581 1610 1633 aliam
1642 1582 1894 1640 emittere
1927 1584 2102 1656 Spiri-

514 1669 651 1727 tum,
691 1683 708 1714 ι
760 1665 841 1742 ita
893 1668 1279 1736 prosequitur:
1342 1693 1358 1722 ς
1402 1673 1465 1727 Et
1495 1677 1907 1740 attendendum.
1960 1698 2098 1750 quo-

511 1752 658 1807 niam
686 1739 794 1810 non
820 1770 1041 1829 propter
1060 1763 1280 1818 honoris
1305 1767 1629 1834 parilitatem
1665 1768 1842 1825 Patris
1864 1783 1920 1827 ct
1952 1773 2094 1838 Filii,

513 1856 571 1902 ut
605 1864 670 1903 ex
706 1850 884 1918 l'atre,
919 1853 999 1908 sic
1029 1870 1094 1908 ex
1128 1855 1264 1911 Filio
1294 1859 1530 1927 Spiritus
1563 1864 1826 1931 procedit.
1858 1867 1912 1924 Si
1943 1869 2090 1924 enim

509 1949 733 2010 prepter
792 1944 1016 2001 honoris
1074 1949 1401 2017 parilitatem
1451 1969 1517 2008 ex
1551 1957 1816 2014 ambobus
1857 1959 2092 2031 Spiritus

509 2042 809 2098 emanaret,
868 2038 1130 2107 consequi
1188 2037 1488 2107 videretur,
1550 2053 1611 2098 ut
1673 2046 1843 2104 Filius
1871 2065 2093 2122 propter

508 2120 738 2178 honoris
793 2127 1145 2195 parilitatem,
1209 2132 1353 2188 sicut
1399 2144 1483 2190 est
1533 2153 1596 2192 ex
1623 2138 1806 2206 Patre,
1838 2120 1910 2198 ita
1947 2120 2092 2202 etex

509 2211 716 2281 Spiritu
783 2227 956 2288 esset;
1007 2223 1149 2290 quod
1184 2224 1455 2283 Methonte
1496 2233 2024 2308 astruitepiscopns.
2067 2260 2085 2292 ι

506 2301 681 2375 llujus
705 2307 891 2363 relatis
919 2311 1122 2380 verbis,
1152 2333 1169 2364 ι
1201 2313 1300 2371 llic
1325 2319 1546 2387 quidem
1575 2322 1677 2390 vir,
1710 2301 2092 2400 inquit'llugo,

505 2405 560 2450 et
587 2399 765 2453 omnis
794 2400 1093 2474 intelligere
1128 2407 1318 2464 volens
1352 2426 1543 2467 verum
1564 2429 1685 2470 esse
1715 2420 1858 2486 quod
1889 2399 2093 2477 dictum

503 2496 589 2542 est
621 2491 858 2560 reperiet
889 2512 902 2548 :
941 2493 1177 2565 Spiritus
1238 2515 1372 2556 sane
1420 2502 1556 2558 Filio
1594 2508 1820 2576 aequalis
1854 2520 1914 2563 ut
1953 2510 2096 2570 Deus

503 2581 617 2636 Deo
641 2588 872 2653 gratiam
900 2589 1098 2644 reddit.
1134 2589 1268 2646 Nam
1297 2595 1512 2664 qualem
1539 2601 1770 2669 gratiam
1798 2600 1943 2657 Patri
1982 2608 2092 2674 (ed.

500 2671 684 2745 Pater)
744 2692 811 2731 ex
881 2680 998 2750 ipso
1048 2684 1307 2752 prodiens
1355 2690 1630 2754 retribuit,
1681 2696 1929 2752 eamdem
1958 2671 2094 2756 Filio

502 2779 888 2837 recompensat
941 2788 1008 2826 ex
1054 2775 1172 2845 ipso
1215 2780 1553 2849 procedens;
1591 2795 1886 2858 utrumque
1945 2793 2088 2846 enim

501 2853 763 2910 emissum
795 2859 992 2915 dicitur
1043 2875 1097 2920 et
1129 2876 1234 2921 est.
1275 2889 1291 2920 ι
1329 2869 1572 2928 Tandem
1607 2884 1830 2932 notetur
1867 2881 2092 2938 minime

500 2957 653 3004 recte
691 2950 796 3006 dici
824 2969 855 3006 a
883 2953 1061 3013 Marco
1093 2958 1332 3031 Ephesio
1360 2964 1474 3036 (73)
1509 2983 1526 3021 :
1561 2967 1716 3025 Sicut
1747 2971 1982 3042 Spiritus
2013 2979 2087 3034 nil

499 3040 717 3097 confert
749 3045 815 3100 ad
844 3052 1276 3119 generationem,
1314 3056 1387 3111 ita
1423 3075 1527 3114 nec
1557 3061 1729 3118 Filius
1757 3040 1824 3122 ad
1860 3085 2085 3138 proces-

2215 555 2510 613 relationes
2564 559 2857 630 oppositae;
2889 560 3037 615 unde
3075 561 3235 618 sicuti
3289 565 3450 622 Filius
3482 586 3586 625 non
3618 575 3765 633 habet

2212 649 2594 716 paternitatem
2654 665 2753 705 seu
2809 652 3044 706 activam
3074 656 3497 722 generationem,
3544 662 3613 717 ita
3637 669 3764 733 quod

2211 739 2453 808 spiratur
2505 743 2698 811 nequit
2740 745 2978 800 activam
3011 745 3215 802 habere
3245 750 3607 820 spirationem.
3634 758 3768 818 lianc

2213 832 2441 902 Spiritui
2501 834 2701 896 inesse.
2735 837 2811 890 ait
2851 835 3140 894 Bessarion
3171 842 3304 912 i(ep.
3333 845 3418 897 Ad
3449 849 3592 903 Alex.
3624 852 3764 912 Lasc.

2209 940 2259 978 c.
2302 925 2359 991 7;
2429 925 2594 982 llard.
2655 928 2745 995 IX,
2781 930 2942 1002 1062)
2974 933 3311 1002 impossibile
3340 949 3419 992 est
3447 957 3504 994 eo
3531 947 3658 1012 quod
3685 964 3768 1017 0p-

2208 1015 2423 1081 pom'tur
2477 1018 2591 1086 ejus
2648 1022 2981 1090 proprietati.
3045 1023 3213 1080 Recte
3252 1026 3457 1085 Natalis
3488 1015 3770 1094 Alexander

2208 1120 2352 1177 resp.
2419 1108 2508 1181 (Η.
2567 1109 2634 1164 Ε.
2699 1127 2828 1168 saec.
2858 1129 2932 1179 lx,
2965 1115 3099 1172 diss.
3132 1118 3220 1185 18,
3253 1137 3358 1175 ass.
3394 1124 3420 1176 1
3454 1141 3507 1193 p.
3544 1128 3660 1194 551,
3689 1133 3768 1186 ed.

2207 1197 2371 1263 1788,
2403 1200 2457 1269 4)
2518 1219 2532 1255 :
2590 1202 2840 1290 absoluta
2876 1208 3060 1263 omnia
3098 1211 3359 1268 attributa
3395 1216 3568 1272 tribus
3597 1237 3768 1290 perso-

2205 1292 2293 1346 nis
2327 1297 2640 1352 communia
2673 1307 2726 1352 et
2745 1285 2864 1368 quia
2891 1301 2960 1356 ad
2987 1313 3271 1360 creaturas
3293 1307 3537 1364 ordinem
3565 1313 3768 1380 habent,

2205 1391 2265 1436 ut
2290 1394 2525 1450 creator,
2563 1387 2838 1453 dominus,
2891 1402 3023 1459 etc.,
3071 1411 3181 1450 non
3215 1409 3398 1454 autem
3431 1407 3769 1474 proprietates

2204 1489 2588 1543 personarum.
2608 1479 2812 1536 Harum
2828 1484 2976 1541 enim
3004 1490 3252 1557 quaedam
3277 1504 3405 1548 sunt
3428 1495 3767 1570 hyposlalictr,

2201 1583 2340 1637 quas
2366 1569 2522 1643 Hugo
2562 1572 2893 1632 Etherianus
2920 1579 2981 1648 (l.
3009 1596 3046 1647 ι,
3074 1597 3126 1637 c.
3153 1583 3206 1650 8,
3243 1585 3310 1638 12
3340 1595 3396 1641 et
3429 1591 3647 1660 passim)
3684 1613 3768 1651 vo-

2203 1671 2290 1715 cat
2321 1679 2668 1730 personarum
2695 1668 3044 1740 insignitivas.
3083 1675 3199 1730 sive
3215 1693 3337 1748 quae
3369 1696 3625 1750 personas
3654 1703 3771 1742 con-

2203 1753 2457 1818 stituunt,
2493 1759 2800 1829 cuiusmodi
2831 1773 2941 1819 tres
2991 1767 3120 1822 sola:
3149 1768 3203 1823 in
3259 1771 3372 1826 Deo
3421 1777 3768 1850 reperiuntur,

2199 1847 2316 1902 scil.
2352 1852 2673 1917 paternitas,
2710 1854 2900 1912 ﬁliatio
2928 1867 2983 1913 et
3009 1865 3306 1930 processio.
3345 1866 3481 1923 Alia:
3523 1882 3648 1927 sunt
3687 1847 3770 1930 no;

2195 1938 2440 2008 tionales,
2477 1959 2599 2013 qua:
2631 1962 2744 2001 non
2769 1952 3130 2019 constituunt,
3171 1958 3266 2012 sed
3321 1959 3566 2017 indicant
3595 1979 3769 2033 perso-

2193 2044 2315 2090 nas.
2345 2039 2400 2086 et
2424 2033 2617 2089 harum
2649 2041 2930 2096 nonnullae
2951 2043 3043 2095 uni
3071 2061 3322 2114 personae
3348 2059 3558 2107 tantum
3585 2070 3769 2110 conve-

2194 2121 2372 2188 niunt,
2412 2133 2472 2178 ut
2503 2141 2624 2183 esse
2654 2129 2955 2200 ingenitum
2987 2134 3156 2203 Patri,
3186 2142 3306 2196 alia:
3327 2143 3560 2212 duobus,
3594 2156 3649 2202 ut
3668 2151 3769 2219 spi-

2197 2408 2476 2456 auctorem
2511 2403 2779 2475 futurum,
2814 2410 2941 2479 quia
2984 2414 3233 2470 eamdem
3284 2417 3452 2473 habet
3498 2421 3768 2476 essentiam

2198 2506 2321 2544 cum
2352 2492 2513 2550 Patre
2543 2506 2600 2551 et
2631 2498 2787 2554 Filio.
2813 2501 3094 2572 Siquidem
3125 2524 3231 2562 non
3259 2512 3491 2579 praecise
3513 2513 3566 2568 id
3595 2528 3772 2570 essen-

2196 2583 2286 2638 tia:
2311 2585 2510 2643 divinae
2545 2593 2820 2658 convenit,
2865 2613 2970 2665 qua
3006 2601 3242 2655 essentia
3279 2613 3392 2668 est,
3433 2613 3495 2658 ut
3529 2607 3774 2676 producat

2199 2676 2465 2748 Spiritum
2495 2696 2769 2754 sanctum,
2797 2691 2893 2745 sed
2919 2691 3069 2765 [275]
3117 2698 3388 2763 essentne,
3417 2717 3520 2770 qua
3552 2704 3772 2769 paterni-

2196 2781 2305 2826 tate
2339 2784 2386 2828 et
2403 2775 2665 2844 ﬁliatione
2687 2782 2875 2851 affecta
2904 2796 2980 2838 est
3009 2796 3058 2840 et
3087 2790 3419 2859 modiﬁcata,
3466 2795 3773 2864 quibuscum

2194 2865 2438 2935 spirandi
2491 2872 2800 2941 pr0prietas
2833 2879 3113 2949 complexa
3148 2891 3253 2947 est,
3286 2893 3347 2937 ut
3393 2884 3660 2956 theologia
3684 2887 3774 2968 do-

2193 2966 2300 3013 cet.
2341 2979 2360 3012 »
2389 2960 2510 3017 Jam
2550 2963 2706 3036 [iugo
2745 2967 3078 3028 Etherianus
3107 2973 3396 3033 l’hotianze
3420 2960 3772 3037 ratiocinatio-

2192 3053 2279 3106 nis
2313 3052 2506 3109 vitium
2536 3058 2671 3113 satis
2695 3060 2850 3127 vidit,
2877 3062 3007 3117 dum
3042 3065 3147 3120 hoc
3169 3077 3329 3136 pacto
3363 3069 3416 3122 in
3447 3069 3621 3140 ipsum
3649 3071 3771 3127 Pho-

500 3133 751 3200 sionem;
807 3139 1098 3209 disparitas
1162 3157 1248 3201 cst
1290 3150 1618 3222 manifesta;
1660 3158 1785 3225 quia
1815 3173 1942 3215 ante
1970 3180 2091 3233 pro-

2199 3145 2335 3200 tium
2367 3147 2663 3206 insurrexit
2702 3153 2760 3223 (Ι.
2789 3171 2851 3218 ιι,
2888 3171 2938 3211 c.
3013 3159 3100 3225 18,
3136 3133 3190 3230 p.
3238 3161 3381 3217 i252
3407 3133 3523 3234 Hi:
3575 3186 3593 3217 ι
3624 3165 3768 3221 Acuti

499 3227 804 3284 cessionem
855 3235 1158 3302 generatio,
1210 3249 1338 3294 ante
1366 3240 1630 3312 Spiritum
1659 3247 1832 3303 Filius
1860 3254 2092 3323 cogitari

496 3323 726 3378 omnino
779 3325 963 3393 debet,
1013 3329 1139 3386 licet
1189 3341 1405 3404 tempus
1435 3352 1532 3392 eos
1571 3355 1680 3394 non
1707 3342 1931 3407 dividat,
1964 3349 2092 3417 quia

495 3415 683 3471 divina
730 3423 970 3478 essentia
994 3425 1108 3496 jam
1136 3426 1274 3483 Filio
1305 3435 1711 3491 communicata
1756 3441 2088 3510 concipitur,

495 3505 626 3562 dum
687 3510 922 3580 Spiritus
967 3531 998 3570 a
1051 3516 1213 3575 Patre
1271 3525 1569 3592 procedere
1627 3505 1970 3604 intelligitur.
2002 3505 2087 3590 Cf.

492 3598 520 3668 §
550 3599 619 3653 50
649 3616 763 3672 seq.

570 3691 721 3765 [272]
737 3697 789 3751 5.
806 3696 939 3768 Cap.
961 3699 994 3754 6
1021 3712 1198 3774 arguit
1215 3703 1441 3763 Photius
1454 3726 1517 3764 ex
1541 3727 1627 3775 eo,
1647 3715 1790 3784 quod
1810 3717 1884 3772 sis
1897 3718 2090 3787 piratio

496 3785 737 3855 Spiritus
763 3792 934 3846 sancti
965 3799 1275 3853 communis
1311 3801 1383 3855 sit
1412 3799 1556 3857 Patri
1593 3815 1649 3860 et
1687 3807 1844 3875 Filio,
1891 3785 2090 3867 debeat

493 3887 550 3932 et
595 3877 832 3948 Spiritus
859 3895 1082 3942 sanctus
1126 3889 1248 3959 ejus
1278 3908 1400 3948 esse
1435 3897 1730 3969 particeps,
1764 3901 1836 3956 ita
1875 3913 1935 3958 ut
1961 3920 2088 3974 pars

494 3969 616 4037 ejus
642 3971 713 4025 sit
742 3975 1097 4046 principium,
1143 3997 1270 4051 pars
1316 3985 1702 4057 principiatum
1735 4000 1791 4046 et
1817 3969 2086 4064 ipse.Spi-

494 4061 638 4118 ritus
674 4079 705 4118 a
738 4081 798 4120 se
830 4067 949 4138 ipso
975 4073 1256 4140 procedat.
1285 4076 1362 4132 Ac
1389 4077 1435 4133 si
1479 4080 1691 4136 diceret
1724 4101 1737 4136 :
1773 4061 1953 4139 Latini
1984 4061 2086 4158 ’ἑὴν

493 4156 771 4230 προβολὴν
805 4161 930 4217 ideo
968 4180 1317 4223 communem
1370 4171 1557 4227 volunt
1611 4174 1756 4230 Patri
1821 4187 1878 4233 et
1923 4156 2082 4247 Filio,

493 4247 624 4318 quia
683 4265 1023 4323 quaacunque
1070 4255 1233 4312 habet
1287 4259 1470 4325 Pater,
1537 4262 1704 4318 habet
1769 4276 1824 4320 et
1883 4265 2084 4335 Filius;

494 4342 593 4397 sed
653 4343 891 4414 Spiritus
971 4365 1195 4406 sanctus
1265 4355 1459 4410 eodem
1507 4359 1670 4413 modo
1733 4359 1904 4438 habet
1963 4377 2085 4432 qua:

492 4445 624 4490 sunt
681 4436 857 4495 Patris
917 4451 974 4495 et
1028 4442 1185 4510 Filii;
1238 4445 1472 4518 ideoque
1499 4449 1555 4503 in
1585 4466 1777 4506 eorum
1807 4436 2081 4510 sententia

2195 3236 2457 3304 sophista:
2519 3255 2583 3296 ac
2630 3243 2791 3312 periti
2827 3245 3055 3303 artiﬁcis
3086 3251 3418 3319 complexio,
3450 3265 3512 3309 ut
3549 3255 3766 3320 videtur,

2193 3343 2305 3382 non
2333 3329 2651 3388 inviolatam
2685 3346 2869 3392 servat
2898 3337 3082 3406 ﬁdem,
3130 3342 3404 3400 dictiones
3457 3348 3770 3416 proferendo

2194 3421 2247 3474 in
2275 3421 2401 3478 dolo
2428 3433 2484 3478 et
2513 3427 2732 3491 astutia,
2765 3440 2821 3484 et
2853 3430 2908 3485 in
2937 3432 3208 3490 hatrelicae
3234 3436 3538 3506 impietatis
3571 3456 3766 3495 veneno

2192 3513 2489 3572 obnoxium
2523 3518 2927 3579 invectionibus
2960 3541 3019 3581 se
3050 3526 3228 3598 ipsum
3270 3529 3428 3594 fecit,
3459 3532 3585 3588 licet
3624 3534 3766 3600 nolit,

2193 3621 2317 3660 cum
2352 3623 2464 3663 non
2491 3610 2690 3667 habeat
2716 3613 2958 3670 divinam
2979 3617 3384 3678 advocatricem
3425 3623 3767 3695 Scripturam,

2192 3698 2388 3754 miscet
2429 3717 2540 3756 non
2569 3704 2850 3762 miscenda
2906 3718 2963 3764 et
2999 3723 3282 3782 comparat
3312 3731 3428 3770 non
3462 3732 3769 3788 comparan—

2190 3790 2278 3856 da,
2315 3800 2370 3847 et
2395 3795 2520 3863 quia
2551 3812 2661 3852 non
2685 3798 2951 3868 dijudicat
2978 3805 3251 3860 naturales
3279 3787 3624 3877 qualitatess
3661 3827 3773 3881 pro-

2190 3885 2504 3953 prietatibus
2545 3889 2600 3942 in
2643 3888 3004 3947 Acherusiam
3062 3896 3318 3966 paludem
3384 3903 3766 3972 praecipitatur.

2189 3972 2309 4029 Non
2332 3977 2478 4031 enim
2511 3979 2656 4034 idem
2684 3991 2768 4037 est
2815 3987 3129 4055 proprietas
3159 3993 3397 4046 naturali
3432 4003 3487 4048 et
3519 3995 3764 4050 substan-

2191 4068 2304 4122 tiali
2331 4071 2576 4140 qualitati
2599 4073 2732 4146 (75).
2773 4095 2792 4127 ›
2831 4078 3037 4136 Deinde
3060 4084 3304 4139 ostendit
3354 4085 3478 4141 illas
3503 4087 3766 4142 naturales

2187 4163 2479 4231 qualitates
2539 4167 2715 4222 tribus
2771 4171 3024 4238 personis
3079 4189 3202 4228 esse
3261 4191 3606 4242 communes,
3665 4193 3768 4232 non

2187 4267 2320 4308 vero
2352 4256 2741 4326 preprietates.
2774 4260 2832 4316 Id
2850 4262 3016 4318 etiam
3043 4263 3198 4320 Joau.
3239 4267 3494 4324 Phurnes
3522 4286 3772 4342 agnosce-

2187 4347 2282 4403 bat
2339 4350 2507 4420 (apud
2562 4350 2794 4408 Beccum
2857 4355 2893 4410 I.
2959 4373 3010 4414 c.
3064 4375 3120 4429 p.
3168 4360 3316 4428 180),
3372 4363 3468 4432 qui
3528 4375 3771 4434 propter-

2189 4455 2254 4496 ea
2334 4443 2402 4496 ad
2462 4444 2792 4515 principium
2874 4447 3007 4503 illud
3067 4451 3347 4517 recurrit,
3409 4453 3470 4506 τὸ
3538 4454 3769 4524 προϐάλ-

491 4530 670 4586 cidem
735 4533 818 4588 sui
875 4535 1050 4606 ipsius
1118 4540 1351 4610 spiratio
1422 4542 1746 4601 vindicanda
1788 4555 1912 4613 est;
1974 4549 2082 4604 erit

2196 4535 2302 4590 λειν
2357 4551 2481 4592 esse
2534 4538 2710 4593 Patris
2791 4543 3181 4611 proprietatem
3257 4561 3356 4601 seu
3433 4546 3768 4618 personalem

491 4623 677 4695 itaque
745 4626 987 4698 Spiritus
1068 4647 1133 4687 ex
1199 4649 1306 4688 una
1374 4647 1531 4706 parte
1611 4641 1956 4709 producens,
2017 4659 2084 4697 ex

491 4718 657 4772 altera
728 4721 859 4776 vero
907 4725 1229 4793 productus.
1291 4725 1362 4781 At
1406 4729 1554 4782 enim
1629 4731 1744 4786 hinc
1795 4748 1909 4788 rem
1971 4751 2082 4791 non

492 4811 744 4876 probant.
784 4812 1056 4883 Supponit
1083 4817 1261 4886 primo
1311 4816 1544 4874 Photius
1569 4821 1700 4877 illud
1753 4825 2081 4896 principium

490 4901 600 4971 jam
655 4903 971 4973 refutatum,
1025 4910 1164 4964 nihil
1223 4926 1346 4966 esse
1395 4929 1555 4982 posse
1600 4915 1811 4972 duabus
1834 4920 2084 4988 personis

492 5007 806 5062 commune,
835 5001 981 5068 quod
1009 5017 1118 5055 non
1140 5013 1414 5074 competat
1445 5006 1607 5060 etiam
1647 5008 1851 5077 tertiae;
1884 5012 2085 5069 deinde

491 5087 780 5144 confundit
828 5078 1088 5149 idiom'ata
1150 5115 1213 5150 ac
1266 5115 1616 5168 personarum
1675 5113 1900 5160 tesseras
1956 5123 2083 5162 cum

490 5180 862 5235 essentialt’bus
893 5186 1187 5251 attributis,
1227 5200 1286 5242 ut
1307 5190 1421 5260 jam
1449 5192 1609 5246 Joan.
1637 5192 1844 5251 Beccus
1879 5195 1965 5267 (G.
2011 5199 2078 5253 0.

495 5271 622 5342 l,p.
688 5273 947 5340 166-168)
1003 5280 1336 5338 observavit.
1398 5286 1721 5343 Communia
1774 5307 1908 5346 sane
1953 5301 2083 5347 sunt

565 5475 1000 5556 (:23)__Q_oni’essio
1035 5479 1198 5556 .‘l'larci
1232 5483 1534 5556 ap.ﬂG_reg.
1578 5484 1699 5556 Cpl.
1750 5485 1895 5556 (cod.
1933 5486 2077 5544 Mon.

492 5547 564 5627 Ξῖ
583 5547 634 5627 f._
663 5549 767 5627 Ηξὶ
805 5554 858 5617 τι)
889 5566 901 5602 :
947 5551 1130 5627 Μηδὲν
1164 5547 1910 5627 seti-Xiqucvutt‘ianopévou
1942 5559 2080 5627 πρὸς

491 5619 592 5690 τὴν
617 5620 963 5690 ἐκπόρευσιν,
1003 5621 1192 5694 ὥσπερ
1222 5624 1456 5678 οὐδὲτοῦ
1485 5619 1801 5697 mamma;
1825 5629 1960 5697 πρὸς
1980 5619 2080 5700 ’ἰὴν

494 5705 897 5839 γςῖζὲἵῇξιὶιιε
911 5763 1092 5839 dices:
1118 5764 1312 5820 harum
1336 5783 1437 5820 una
1468 5767 1558 5822 uni
1586 5783 1834 5839 persona:
1864 5778 2075 5826 tantum

493 5834 769 5901 convenit,
804 5834 907 5889 alia
939 5835 1176 5891 duobus.

2191 4637 2474 4696 tesseram,
2501 4630 2567 4685 de
2598 4648 2708 4702 quo
2748 4632 2858 4703 jam
2895 4635 3026 4691 satis
3053 4637 3315 4693 diximus.

2256 4720 2312 4774 4.
2353 4722 2613 4794 Sequitur
2641 4740 2763 4794 cap.
2823 4727 2853 4780 7
2877 4726 3138 4784 dilemma
3179 4749 3193 4783 :
3232 4731 3341 4786 Aut
3375 4731 3615 4802 Spiritus
3647 4748 3770 4788 san-

2187 4822 2308 4869 ctus
2337 4829 2439 4884 per
2488 4817 2896 4885 processionem
2936 4835 2966 4872 a
2998 4818 3134 4875 Filio
3164 4821 3240 4875 nil
3269 4824 3474 4894 accipit
3495 4825 3764 4879 diversum

2185 4907 2254 4961 ab
2289 4922 2356 4961 eo
2404 4909 2549 4977 quod
2619 4911 2817 4980 accipit
2863 4913 3212 4981 procedendo
3249 4930 3279 4970 a
3325 4914 3486 4971 Patre
3518 4959 3532 4983 ,
3561 4926 3616 4971 et
3648 4925 3771 4970 tunc

2186 5001 2468 5071 processio
2497 5017 2525 5055 a
2558 5001 2693 5058 Filio
2721 5013 2808 5059 est
2841 5004 3052 5061 inutilis
3084 5023 3149 5061 ac
3192 5024 3642 5078 supervacanea;
3679 5018 3769 5063 aut

2186 5093 2386 5164 accipit
2407 5095 2534 5165 quid
2563 5096 2631 5150 ab
2659 5096 2750 5151 illo
2772 5097 3072 5165 diversum,
3113 5109 3168 5154 et
3196 5109 3329 5156 tunc
3351 5103 3602 5172 sequitur
3625 5117 3767 5157 com-

2184 5187 2406 5256 positio.
2441 5187 2791 5258 Respondent
2818 5191 3052 5262 theologi
3103 5191 3179 5245 nil
3215 5193 3492 5248 diversum
3523 5193 3766 5264 accipere

2184 5281 2448 5352 Spiritum
2479 5293 2727 5337 sanctum
2753 5300 2852 5354 per
2883 5285 3292 5354 processionem
3337 5302 3368 5340 a
3398 5285 3540 5340 Filio
3569 5295 3625 5342 et
3647 5285 3765 5340 hinc

2261 5492 2374 5575 £75)
2417 5493 2510 5575 Sic
2558 5495 2786 5575 omnino
2830 5492 3162 5575 legendum;
3223 5492 3494 5575 editiones
3525 5492 3758 5575 habent:

2189 5583 2208 5615 ι
2250 5564 2368 5618 Non
2400 5565 2546 5618 enim
2590 5565 2732 5618 idem
2759 5564 3198 5644 est_pr0prietas
3255 5565 3510 5644 naturali.
3549 5575 3603 5618 et
3634 5563 3756 5644 sub-

2182 5635 2384 5688 stantia
2427 5635 2746 5714 :equalitati.
2783 5653 2802 5685 ι
2839 5632 3248 5714 Textuscditus
3276 5635 3332 5688 in
3359 5634 3545 5688 multis
3585 5634 3756 5714 adhuc

2181 5705 2527 5760 correctione
2561 5705 2787 5784 indiget,
2821 5721 2928 5784 qua
2959 5705 3106 5784 facta
3134 5705 3298 5774 hujus
3329 5705 3755 5784 praestantissimi

2182 5776 2423 5846 theologi
2460 5791 2614 5832 mens
2645 5777 2804 5848 longe
2836 5775 3102 5832 illustrius
3134 5775 3437 5846 apparebit.
