4032 6500
337 413 431 475 501

1050 416 1147 477 DE
1189 420 1251 481 S.
1295 419 1491 478 SPIR.
1532 418 2037 479 MYSTAGOGIA.
2069 443 2138 453 —
2177 418 2927 481 ANIMADVERSIONES.

3507 419 3614 482 50?.

335 526 541 580 nullam
593 530 745 597 sequi
804 529 1276 600 compositionem,
1318 531 1412 585 sed
1468 534 1716 601 accipere
1763 533 1919 592 idem,

2038 548 2122 583 σει
2180 532 2277 585 καὶ
2322 532 2422 599 μιᾷ
2474 530 2758 602 χορηγίᾳ),
2816 532 3103 601 imojuxta
3133 532 3496 586 Athanasium
3527 544 3614 586 est

335 636 519 688 neque
561 620 698 674 duas
755 636 876 676 esse
912 624 1319 691 processiones,
1385 625 1478 677 sed
1510 641 1696 687 ouant,
1749 640 1930 694 neque

336 713 743 778 processiouem
794 729 824 767 a
876 714 1014 768 Filio
1071 716 1177 769 dici
1214 732 1372 785 posse
1404 717 1678 770 inutilem.
1712 717 1926 771 Manuel

333 802 642 873 Calecas(l.
677 821 757 868 Ill,
809 820 862 873 p.
895 805 1018 873 459)
1051 816 1105 861 et
1148 807 1434 861 Bessarion
1486 807 1603 877 (lib.
1655 808 1730 861 De
1782 824 1927 875 proc.

336 896 525 966 Spirit.
558 900 757 960 sancti,
797 915 850 967 p.
904 898 1033 969 254)
1063 900 1378 965 advertunt,
1409 900 1544 954 falso
1570 901 1659 955 hic
1709 916 1929 956 rursum

335 991 445 1045 duo
479 991 710 1060 supponi
739 992 1003 1062 principia
1038 993 1182 1062 (vide
1202 994 1441 1062 praeced.
1468 1004 1573 1049 art.
1614 994 1641 1065 δ
1680 995 1700 1047 1
1746 1010 1839 1065 seq
1872 995 1927 1065 );

335 1083 491 1156 [274]
529 1086 726 1139 deinde
746 1096 1124 1155 argumentum
1147 1088 1351 1158 duplici
1376 1089 1539 1143 modo
1567 1099 1887 1158 retorquent
1914 1108 1926 1144 :

332 1176 651 1243 Productio,
715 1194 820 1247 qua
852 1179 1088 1233 mundus
1143 1189 1229 1234 est
1272 1197 1302 1233 a
1337 1176 1523 1245 Patre,
1559 1190 1655 1235 aut
1684 1183 1926 1252 perfecta

333 1276 421 1322 est
450 1277 506 1321 et
544 1278 676 1324 tunc
706 1269 1014 1325 frustranea
1037 1278 1125 1326 est
1153 1271 1273 1325 Filii
1312 1288 1378 1326 ac
1411 1273 1652 1342 Spiritus
1688 1273 1927 1327 efﬁcien-

333 1358 447 1424 tia;
482 1371 578 1413 aut
610 1360 928 1431 imperfecta
975 1372 1031 1417 et
1082 1372 1212 1417 tunc
1282 1363 1696 1433 blasphematur
1744 1366 1924 1422 Pater.

335 1449 437 1505 Vel
468 1454 582 1506 sic:
616 1453 659 1507 si
693 1454 934 1523 perfecte
961 1470 991 1508 a
1024 1454 1186 1509 Patre
1215 1456 1447 1511 mittitur
1504 1456 1741 1528 Spiritus
1800 1476 1929 1513 san-

334 1554 483 1609 ctus,
526 1545 863 1614 superfluum
905 1548 1031 1612 erit,
1074 1557 1130 1603 et
1156 1564 1185 1601 a
1225 1549 1363 1603 Filio
1395 1551 1572 1616 mitti;
1628 1552 1709 1606 siu
1744 1562 1926 1607 autem

335 1635 681 1704 imperfecte,
744 1652 855 1690 non
915 1653 1046 1709 ergo
1085 1638 1362 1707 perfectus
1410 1651 1492 1695 est
1552 1641 1733 1696 Pater.
1774 1642 1928 1708 Quod

332 1742 469 1779 vero
528 1727 619 1781 hic
671 1728 834 1793 valet,
902 1729 955 1783 id
1015 1730 1159 1784 valet
1188 1748 1403 1802 quoque
1440 1733 1509 1787 de
1550 1738 1925 1804 processione,

334 1817 449 1870 imo
483 1819 653 1872 multo
679 1821 865 1890 magis.
921 1841 939 1873 ι
985 1822 1254 1889 Perfecta,
1295 1834 1354 1879 ut
1386 1828 1641 1894 arbitror,
1674 1829 1927 1885 aitCale-

332 1923 450 1973 cas,
493 1920 665 1964 estex
699 1911 856 1967 Patre
887 1918 1095 1970 entium
1130 1921 1441 1987 productio,
1472 1938 1579 1976 una
1632 1933 1688 1978 et
1733 1925 1924 1981 eadem

331 2017 570 2055 numero
620 2003 740 2058 Filii
780 2013 837 2059 et
884 2006 1124 2076 Spiritus
1156 2011 1223 2065 ad
1256 2027 1317 2065 ea
1350 2013 1701 2081 producenda
1730 2032 1924 2087 opera-

330 2092 430 2157 tio,
465 2109 641 2164 neque
674 2096 779 2149 alia
814 2100 1093 2167 estillius,
1128 2105 1232 2158 alia
1289 2106 1506 2159 borum.
1552 2107 1641 2162 Sic
1697 2125 1826 2181 ergo
1869 2120 1925 2166 et

331 2186 387 2237 in
412 2186 500 2239 his
533 2187 734 2241 evenit.
771 2187 1015 2246 Perfecta
1046 2204 1150 2255 est,
1187 2204 1243 2251 et
1272 2199 1442 2269 magis
1483 2216 1645 2270 quam
1680 2202 1921 2271 perfecta

328 2288 419 2330 est
448 2294 514 2332 ex
538 2278 696 2333 Patre
710 2278 950 2349 Spiritus
975 2288 1147 2342 sancti
1180 2291 1479 2358 processio,
1505 2309 1612 2347 una
1649 2302 1703 2349 et
1729 2296 1922 2350 eadem

325 2390 564 2432 numero
589 2390 688 2445 est,
718 2401 840 2454 qua:
892 2397 976 2440 est
1015 2401 1082 2441 et
1129 2387 1322 2441 eodem
1370 2387 1507 2442 Filio
1574 2392 1918 2459 processio...

322 2481 457 2521 cum
485 2485 590 2524 una
617 2483 670 2527 Cf.
700 2478 889 2531 eadem
935 2495 1164 2533 numero
1215 2490 1485 2549 potestate
1536 2492 1763 2553 uterque
1794 2500 1922 2555 pro-

321 2560 547 2616 ducat.»
581 2566 842 2624 Similiter
870 2572 1170 2627 retorsione
1189 2573 1301 2641 jam
1326 2589 1459 2628 usus
1488 2575 1667 2630 fuerat
1693 2576 1917 2643 Beccus,

328 2652 486 2704 Orat.
524 2655 588 2707 de
618 2672 709 2710 un.
745 2657 889 2715 Eccl.
935 2677 992 2714 n.
1028 2662 1099 2716 40
1134 2661 1223 2728 (G.
1256 2663 1317 2718 0.
1368 2664 1410 2729 Ι,
1448 2665 1571 2731 160,
1606 2666 1770 2737 161):
1807 2686 1826 2719 ‹
1864 2667 1920 2721 Si

327 2754 556 2812 propter
581 2749 880 2817 perfectum
908 2754 1270 2822 processionis
1304 2772 1368 2811 ex
1403 2757 1563 2812 Patre
1594 2774 1922 2828 supervaca-

328 2849 491 2888 neam
552 2852 672 2892 esse
698 2839 857 2894 ducis
910 2844 1320 2910 processionem
1366 2860 1432 2898 ex
1470 2843 1631 2907 Filio,
1658 2845 1787 2914 quid
1829 2861 1919 2899 re-

324 2926 628 2993 spondebis
694 2930 1010 2987 dicentibus
1062 2951 1075 2986 :
1140 2932 1196 2988 Si
1259 2935 1629 3004 suppeditatio
1682 2934 1921 3006 Spiritus

324 3021 506 3074 sancti
539 3037 602 3075 ex
660 3022 820 3079 Patre
853 3025 1094 3093 perfecta
1139 3035 1242 3093 est,
1304 3044 1708 3099 supervacanea
1756 3029 1921 3100 igitur

323 3113 435 3167 erit
462 3131 583 3183 quas
615 3133 681 3170 ex
726 3116 906 3172 Filio?
939 3118 1322 3175 Verumtamen
1372 3131 1426 3175 et
1470 3121 1765 3191 perfectam
1798 3138 1919 3177 esse

2036 625 2197 694 μόνος
2221 623 2317 676 τοῦ
2355 623 2677 695 Πνεύματος
2708 624 2944 695 χορηγὸς
2968 625 3001 675 ’ὁ
3030 624 3157 685 Υἱός
3184 622 3315 693 (77).
3336 624 3411 677 Ita
3444 623 3615 678 Maxi-

2032 732 2155 770 mus
2195 714 2569 785 Chrysoberga
2627 713 2661 767 Ι.
2691 730 2739 769 c.
2777 730 2827 769 c.
2861 715 2893 767 5
2924 713 3001 783 (p.
3039 713 3223 780 1085).
3268 712 3377 768 Nec
3407 715 3617 769 abludit

2031 808 2100 860 ab
2136 807 2219 860 his
2249 806 2400 876 Ilugo
2449 804 2797 867 Etherianus,
2833 804 2927 872 qui
2979 805 3038 866 (Ι.
3079 820 3115 869 ι,
3143 818 3193 857 c.
3235 804 3320 864 14,
3354 820 3410 872 p.
3452 802 3611 863 19.07,

2033 899 2193 966 1208)
2247 898 2323 952 ita
2371 899 2552 967 arguit
2617 907 2806 950 contra
2863 895 3147 949 Nicolaum
3201 896 3611 950 Methonenscm

2032 990 2103 1059 (c.
2136 990 2246 1056 11).
2282 1009 2299 1040 ι
2340 990 2396 1043 Si
2430 991 2594 1060 igitur
2627 988 2902 1057 perfectus
2934 989 3077 1043 Deus
3106 999 3191 1043 est
3218 989 3385 1042 Filius
3411 1004 3477 1042 ex
3503 989 3614 1042 Deo

2033 1083 2190 1137 Patre
2245 1083 2510 1152 perfecto,
2563 1082 2715 1151 quid,
2775 1082 3021 1152 inquam,
3069 1082 3303 1152 Spiritus
3333 1083 3399 1137 ad
3427 1081 3616 1151 hujus-

2030 1176 2174 1231 modi
2208 1176 2451 1230 conferat
2482 1176 2917 1246 perfectionem?
2942 1176 3043 1242 Qui
3074 1176 3117 1229 si
3158 1176 3388 1238 confert,
3418 1184 3612 1229 neuter

2028 1280 2112 1323 est
2140 1269 2435 1339 perfectus,
2462 1284 2639 1338 neque
2668 1266 2851 1333 Pater,
2890 1284 3068 1339 neque
3106 1267 3297 1323 Filius.
3332 1267 3617 1333 Quomodo

2029 1366 2172 1418 enim
2207 1363 2480 1432 perfectus
2505 1365 2549 1418 si
2583 1365 2716 1418 tanti
2753 1372 2898 1434 eget,
2929 1363 3118 1433 quanti
3174 1363 3411 1433 Spiritus
3454 1362 3615 1416 dator

2031 1456 2150 1509 est?
2182 1455 2275 1509 Sin
2308 1470 2439 1509 vero
2472 1470 2614 1509 unus
2640 1455 2783 1510 Deus
2813 1456 3091 1527 perfectus
3119 1465 3222 1518 est,
3261 1454 3423 1509 Pater
3448 1462 3504 1508 et
3538 1454 3618 1507 Fi-

2033 1548 2160 1612 lius,
2194 1556 2249 1601 et
2279 1547 2412 1599 nihil
2443 1548 2677 1616 amplius
2704 1557 2787 1602 est
2830 1547 3084 1602 invenire
3120 1562 3297 1617 neque
3339 1547 3521 1600 dicere
3546 1547 3614 1599 ad

2033 1639 2526 1693 manifestationem
2574 1649 2818 1709 paternae,
2877 1638 3249 1709 perfectionis,
3304 1639 3623 1708 superfluus

2033 1733 2217 1800 utique
2242 1732 2311 1787 sit
2346 1730 2599 1800 Spiritus.
2632 1729 2786 1796 Quod
2812 1730 3047 1800 cogitare
3078 1729 3306 1798 impium
3341 1738 3444 1783 est.
3480 1729 3611 1782 Nam

2031 1825 2171 1879 sicut
2200 1823 2525 1878 universitas
2556 1823 2771 1877 videtur
2798 1822 2973 1876 Patris
3025 1831 3079 1876 et
3110 1821 3230 1875 Filii
3283 1836 3423 1885 esse,
3455 1820 3529 1874 ita
3561 1830 3616 1873 et

2032 1918 2268 1987 Spiritus
2324 1918 2499 1971 sancti
2527 1933 2541 1981 ;
2590 1926 2759 1983 atque
2788 1930 2927 1984 quos
2956 1922 3115 1969 vocat
3143 1914 3304 1968 Pater
3332 1922 3388 1967 et
3422 1911 3613 1977 Filius,

2028 2012 2129 2065 hos
2168 2018 2326 2064 vocat
2352 2009 2522 2063 Filius
2554 2016 2607 2062 et
2637 2006 2913 2076 Spiritus;
2942 2023 3080 2077 quos
3109 2007 3412 2062 sanctiﬁcat
3431 2007 3613 2071 Pater,

2028 2103 2128 2157 bos
2173 2100 2478 2156 sanctificat
2532 2111 2588 2154 et
2649 2099 2982 2169 Spiritus....
3019 2098 3317 2170 PrOpterea
3368 2097 3611 2169 perfecta

2029 2194 2267 2263 Spiritus
2289 2209 2353 2246 ex
2405 2192 2565 2247 Patre
2614 2194 2890 2261 processio
2947 2207 3059 2247 non
3110 2192 3273 2246 debet
3314 2190 3612 2261 prohibere

2024 2302 2144 2340 eam
2201 2302 2324 2355 quae
2391 2301 2456 2339 ex
2495 2285 2633 2340 Filio
2667 2284 2817 2357 [276]
2850 2299 2971 2340 esse
3016 2284 3237 2347 dicitur,
3275 2299 3401 2337 cum
3428 2298 3611 2353 neque

2026 2378 2291 2448 perfectio
2319 2378 2440 2433 Filii
2472 2394 2535 2433 ex
2565 2377 2725 2432 Patre
2752 2377 3043 2448 prohibeat
3070 2376 3467 2447 perfectionem
3486 2391 3612 2430 san-

2024 2472 2097 2525 cti
2120 2472 2359 2541 Spiritus
2388 2488 2455 2526 ex
2489 2473 2678 2527 eodem
2708 2489 2721 2536 ;
2755 2486 2925 2541 quare
2954 2472 3177 2541 planum
3221 2480 3324 2534 est,
3359 2469 3506 2540 quod
3542 2484 3613 2522 ex

2026 2573 2259 2633 utroque
2289 2564 2680 2634 perfectionem
2705 2573 2760 2618 et
2787 2578 2910 2619 esse
2953 2564 3151 2618 habeat
3181 2562 3438 2632 Spiritus.
3472 2580 3492 2613 ι
3526 2561 3608 2615 Ad

2026 2673 2267 2726 praesens
2289 2673 2419 2713 vero
2445 2657 2622 2712 Pbotii
2644 2668 2808 2727 caput
2831 2659 2974 2712 idem
3010 2666 3201 2711 auctor
3245 2657 3304 2725 tl.
3338 2671 3397 2712 ll.
3430 2672 3480 2711 c.
3516 2657 3608 2721 18,

2022 2765 2076 2818 p.
2110 2749 2268 2818 1253)
2298 2751 2371 2803 ita
2400 2750 2729 2819 respondet:
2782 2768 2800 2801 ι
2837 2748 2999 2804 Pater
3058 2748 3190 2803 facit
3240 2764 3333 2816 per
3382 2745 3605 2810 Filium,

2022 2841 2221 2911 aliquid
2271 2842 2572 2911 accipiens,
2612 2844 2733 2896 sine
2760 2857 2869 2912 quo
2903 2857 3093 2896 creare
3139 2841 3415 2909 impotens
3466 2848 3609 2898 erat.

2021 2936 2115 3005 qui
2174 2944 2431 3005 operatur
2463 2935 2647 2990 omnia
2678 2935 2729 2989 in
2782 2935 3057 2990 omnibus.
3091 2932 3350 3001 Nunquid
3404 2932 3611 2999 imper—

2023 3027 2164 3081 fecta
2194 3037 2276 3082 est
2308 3028 2555 3098 operatio
2583 3026 2763 3082 Patris
2791 3039 2885 3082 aut
2917 3028 3034 3082 Filii
3058 3036 3151 3081 aut
3180 3025 3453 3096 Spiritus?
3487 3022 3609 3077 Non

2022 3120 2230 3191 indiget
2276 3120 2438 3175 Pater
2484 3121 2739 3190 alicujus,
2797 3120 3072 3189 perfectus
3118 3134 3242 3173 cum
3291 3120 3362 3171 sit
3408 3132 3473 3171 ac
3508 3117 3611 3171 sibi

323 3220 393 3257 ex
422 3205 587 3261 Patre
613 3207 849 3276 Spiritus
871 3211 1047 3265 sancti
1090 3213 1582 3282 suppeditationem
1614 3223 1670 3268 et
1718 3214 1921 3268 nibilo-
1947 3201 1992 3263 C
2025 3212 2320 3268 sulﬁciens‘.
2386 3211 2777 3267 Verumtamen
2809 3213 2992 3265 omnia
3046 3227 3144 3280 per
3171 3211 3367 3264 Filium
3398 3207 3606 3273 condit,

327 3297 514 3351 minus
553 3314 661 3352 non
698 3315 1162 3369 supervacaneam
1208 3306 1349 3372 (eam
1378 3320 1499 3373 quae
1527 3304 1633 3375 est)
1677 3321 1744 3360 ex
1782 3305 1921 3363 Filio

327 3402 556 3460 prepter
580 3393 992 3461 perfectionem.
1040 3413 1201 3467 quam
1235 3413 1300 3453 ex
1334 3398 1495 3455 Patre
1540 3402 1725 3467 habet,
1759 3403 1921 3459 indu-

327 3483 561 3537 bitatum
611 3494 694 3539 est
724 3484 861 3558 (76).
903 3507 920 3539 ι
976 3489 1239 3543 Maximus
1300 3489 1698 3563 Chrysoberga,
1759 3492 1917 3549 Orat.

328 3573 394 3626 de
420 3591 565 3642 proc.
592 3573 783 3645 Spirit.
811 3593 860 3633 c.
899 3580 933 3633 4
968 3578 1115 3653 [275]
1164 3581 1247 3650 (G.
1307 3581 1373 3637 0.
1412 3583 1477 3647 ll,
1535 3582 1690 3655 1883)
1727 3587 1920 3641 obser-

330 3678 443 3731 vat,
467 3679 794 3735 argumento
822 3670 1000 3726 Pbotii
1036 3692 1048 3726 :
1089 3694 1107 3724 ‹
1142 3674 1194 3727 Si
1228 3674 1474 3744 perfecte
1503 3691 1569 3729 ex
1601 3676 1763 3731 Patre
1791 3694 1920 3747 pro-

328 3761 479 3815 cedit
515 3762 770 3831 Spiritus,
798 3780 906 3817 non
939 3766 1172 3835 amplius
1202 3784 1427 3823 necesse
1454 3779 1538 3824 est
1568 3785 1692 3823 eum
1728 3787 1920 3840 proce-

327 3854 462 3907 dere
488 3870 709 3924 quoque
733 3873 796 3910 ex
824 3857 977 3921 Filio,
1014 3878 1032 3909 ι
1060 3861 1287 3914 omnino
1309 3861 1438 3915 illud
1470 3863 1779 3925 assimilari,
1811 3880 1920 3934 quo

326 3946 520 4001 Ariani
549 3949 625 4003 uti
654 3950 753 4003 visi
786 3960 915 4005 sunt
961 3969 974 4004 :
1015 3951 1071 4005 Si
1116 3952 1256 4006 Deus
1291 3953 1565 4023 perfectus
1615 3965 1700 4009 est
1736 3955 1917 4022 Pater,

326 4039 458 4107 quid
506 4057 645 4110 opus
692 4051 795 4107 est,
852 4053 909 4097 et
957 4042 1152 4097 Filium
1200 4044 1502 4113 perfectum
1578 4045 1750 4101 Deum
1797 4063 1919 4104 esse

325 4134 603 4187 credere?
648 4131 704 4188 Si
755 4135 996 4205 perfecta
1052 4135 1229 4189 Patris
1283 4137 1463 4191 Deitas
1504 4154 1616 4191 non
1666 4139 1915 4209 impedit,

322 4226 626 4294 quominus
665 4243 728 4281 ea
755 4237 810 4282 et
839 4228 977 4282 Filio
1008 4236 1303 4297 competat,
1339 4244 1443 4284 nec
1487 4229 1728 4299 perfecta
1751 4230 1921 4301 Spiri-

319 4329 419 4372 tus
455 4334 521 4372 ex
556 4317 719 4374 Patre
745 4322 1025 4390 processio
1077 4320 1352 4391 prohibet,
1384 4338 1455 4377 ne
1484 4331 1539 4377 et
1568 4322 1738 4378 Filius
1772 4325 1827 4378 in
1854 4341 1918 4380 ea

317 4426 452 4462 cum
486 4408 645 4465 Patre
674 4413 1062 4467 communicet.
1107 4411 1375 4467 Praeterea
1438 4415 1632 4469 eodem
1662 4417 1788 4486 jure
1816 4434 1919 4473 ne-

314 4503 441 4569 gari
502 4512 683 4572 potest
728 4504 921 4559 Filium
990 4521 1113 4561 esse
1180 4507 1427 4562 datorem
1496 4508 1757 4579 Spiritus,
1786 4512 1913 4581 quia

317 4595 570 4665 perfecte
599 4597 762 4650 datur
793 4613 823 4651 a
854 4597 1047 4663 Patre;
1080 4608 1136 4655 et
1185 4608 1388 4661 tamen,
1416 4601 1633 4667 Basilio,
1672 4613 1831 4672 teste,
1860 4615 1916 4660 et

318 4688 492 4740 Pater
520 4696 576 4741 et
631 4687 801 4743 Filius
830 4705 938 4743 uno
969 4700 1094 4745 actu
1126 4691 1260 4745 dant
1318 4690 1585 4759 Spiritum
1627 4695 1737 4763 (διὰ
1759 4697 1917 4750 τοῦτο

315 4777 562 4841 διδόντος
588 4778 722 4832 αὐτὸ
751 4779 844 4832 τοῦ
875 4781 1093 4851 Πατρὸς
1116 4782 1145 4834 ὁ
1181 4781 1308 4846 Υἱὸς
1330 4783 1463 4837 αὐτὸ
1482 4784 1669 4838 δίδωσι
1700 4788 1801 4858 μιᾷ
1829 4788 1916 4843 δό-

401 4957 517 5027 (76)
543 4959 606 5011 Εἰ
636 4957 745 5028 γὰρ
785 4957 873 5011 διὰ
912 4957 974 5031 τῆ)
1020 4957 1226 5031 τέλειον
1264 4960 1368 5031 τῆς
1416 4962 1481 5012 ἐκ
1540 4961 1635 5014 τοῦ
1700 4964 1916 5031 Πατρὸς

317 5026 723 5098 ἐκπορεύσεεως⁷
748 5028 1018 5100 περιττὴν-
1050 5026 1190 5082 εἶναι
1224 5026 1407 5096 λέγὲις
1433 5032 1533 5100 τὴν
1562 5033 1626 5085 ἐκ
1658 5033 1750 5086 τοῦ
1786 5026 1913 5089 Υἰοῧ

318 5102 684 5177 ξᾏπόεευσιμν,
717 5099 770 5150 τί
799 5100 863 5151 σὺ
899 5098 1220 5177 ᾁπολργῄσῃ
1250 5105 1361 5177 τοέ
1402 5098 1589 5177 ὲρόῦσί
1617 5120 1720 5177 σοι’
1753 5107 1914 5177 εἴπερ

321 5173 362 5240 ἡ
386 5172 451 5222 ὲκ
477 5171 685 5256 ﬂaret);
714 5168 949 5261 χρρῃγία
976 5168 1260 5261 Sciatho
1277 5168 1625 5261 ..Πνεῦιματοξ
1648 5176 1867 5261 evaciri);
1883 5168 1911 5261 ἰ,

322 5240 561 5310 περιττὴ
590 5241 698 5309 ἄρα.
742 5244 775 5310 ἡ
809 5242 873 5293 ἐκ
909 5240 1005 5291 τοῦ
1051 5240 1213 5298 Υἱοῦ;
1272 5244 1356 5296 ὅτι
1398 5243 1506 5314 γὰρ
1542 5246 1635 5297 καὶ
1664 5240 1845 5298 τελείὰ
1880 5251 1911 5317 ἡ

322 5314 396 5364 ὲκ
422 5311 637 5384 Harpe;
670 5311 906 5384 χορηγία
952 5310 1047 5362 τοῦ
1078 5313 1237 5384 ᾁγίξου
1274 5314 1594 5382 Πνεύματος
1637 5316 1732 5368 καὶ
1763 5318 1912 5384 ὅμως

322 5384 389 5455 οξ»
417 5381 646 5455 πξρίττῂ
685 5383 792 5455 ita).
904 5384 968 5455 te
1018 5381 1112 5433 τοῦ
1150 5382 1300 5455 ίΥξοῧ
1346 5381 1435 5436 διὰ
1461 5384 1560 5454 τὴν
1600 5381 1913 5455 τελειὸτέητα.

325 5452 517 5529 ⁸ξῆν-ἐκ
542 5452 635 5529 τρῦ
680 5452 917 5529 ῌπςτρθξ,
947 5453 1338 5529 ἀείαμφί-ϐολον.
1377 5455 1466 5529 -Σὺ
1492 5452 1635 5529 δὲγεί
1682 5458 1781 5526 μὲν
1811 5452 1910 5529 όὺχ

327 5522 613 5597 opplere??-
640 5523 733 5574 καὶ
762 5523 826 5576 ἐκ
848 5522 1061 5597 Harpe;
1076 5523 1305 5597 feistatv
1347 5522 1486 5597 εἶναι
1518 5528 1618 5589 τὴν
1646 5522 1911 5597 χὸρηγίαῦ

326 5593 424 5647 τοῦ
467 5593 785 5668 Πγεύμαεεος
811 5634 825 5655 ,
871 5594 967 5668 καὶ
1007 5593 1101 5646 τοῦ
1150 5594 1311 5668 Ϊίοὖ.
1341 5595 1397 5649 δὲ
1445 5593 1676 5668 ὀμοίωςξ
1701 5593 1806 5651 viai
1835 5600 1910 5668 μὴ

330 5662 636 5747 ⁸ξτεριτιυειὶλν;
676 5662 916 5747 οὗτευιςεὰ
950 5665 1180 5747 περιξῖὰ
1230 5662 1502 5747 τῆς-ικατὰ
1543 5662 1910 5747 σὲυπεριττῆέ

331 5733 729 5809 ἐκπορξύσεως⁸
777 5733 950 5809 λάλει·
985 5733 1034 5809 et
1082 5736 1140 5809 δὲ
1173 5733 1427 5809 καϊτὴνν
1458 5740 1523 5790 ἐκ
1549 5737 1644 5791 τοῦ
1696 5733 1911 5809 Harpe;

332 5805 594 5875 χορηγίαν
630 5804 944 5879 ςεοῦμὰλγίρυ
986 5805 1300 5879 ῌνξύμᾳτος
1357 5804 1572 5860 ’ὲελείαν
1626 5804 1910 5879 ὁμολοήξείς

333 5874 422 5930 καὶ
453 5881 518 5930 ἐκ
559 5875 653 5929 τοῦ
713 5874 837 5929 fio")
868 5876 923 5928 δὲ
951 5874 1162 5931 τελείαν
1186 5877 1319 5949 δέχῃ
1348 5881 1442 5933 καὶ
1474 5874 1736 5953 περιτέὴν
1769 5878 1911 5936 εἶναι

2023 3307 2161 3361 nihil
2194 3306 2492 3377 accipiens,
2522 3306 2668 3377 quod
2700 3321 2811 3361 non
2857 3306 3064 3359 habuit.
3103 3304 3211 3358 Sed
3272 3315 3329 3358 et
3371 3303 3612 3373 Spiritus

2023 3417 2089 3455 ex
2118 3399 2254 3454 Filio
2285 3410 2339 3455 et
2374 3416 2471 3468 per
2498 3399 2695 3454 Filium
2742 3400 3011 3469 procedit,
3066 3399 3205 3453 nihil
3254 3400 3324 3451 ab
3378 3398 3498 3468 ipso
3526 3414 3615 3452 su-

2023 3507 2201 3557 mens,
2256 3492 2358 3546 nisi
2387 3492 2533 3561 quod
2566 3507 2594 3544 a
2622 3492 2784 3545 Patre
2828 3492 3068 3560 accipit;
3109 3491 3387 3560 perfectus
3421 3491 3613 3559 utique

2027 3587 2165 3638 Iteus
2191 3599 2255 3639 ac
2279 3584 2482 3638 nullius
2508 3584 2723 3654 indigus
2746 3598 2870 3639 cum
2893 3584 2964 3637 sit
2982 3584 3155 3646 Pater,
3179 3591 3403 3652 generat
3427 3592 3608 3636 tamen

2021 3691 2086 3731 ex
2125 3675 2431 3731 substantia
2495 3675 2715 3741 Filium,
2770 3692 2869 3746 per
2895 3692 3057 3746 quem
3089 3676 3277 3729 condit
3331 3678 3608 3734 universa.

2021 3787 2177 3841 teque
2208 3772 2309 3825 sibi
2334 3778 2633 3840 potentem.
2667 3768 2779 3824 Nec
2808 3770 2947 3825 adeo
2981 3770 3397 3840 superabundat
3428 3768 3605 3837 Spiri—

2025 3873 2110 3918 tus
2136 3878 2201 3917 ex
2229 3873 2462 3932 utroque
2493 3862 2823 3932 progressio,
2860 3877 2984 3918 cum
3016 3877 3193 3931 neque
3224 3860 3606 3931 imperfectum

2024 3954 2286 4025 Spiritum
2338 3955 2560 4017 indicet,
2617 3969 2794 4024 neque
2859 3955 3216 4024 impotentem
3267 3953 3483 4008 Patrem
3523 3954 3611 4008 vel

2022 4044 2217 4097 Filium
2240 4045 2600 4109 demonstret,
2641 4058 2821 4113 neque
2847 4044 3082 4114 aliquam
3130 4044 3355 4099 inducat
3384 4060 3611 4115 compo-

2021 4134 2296 4188 sitionem.
2341 4134 2395 4189 Si
2421 4136 2732 4189 substantia:
2763 4152 2890 4204 pars
2922 4136 3065 4190 foret
3092 4150 3254 4189 causa
3287 4146 3342 4189 et
3373 4137 3611 4189 causati-

2020 4244 2170 4292 vum,
2219 4228 2447 4283 haberet
2501 4230 2689 4299 utique
2746 4229 2926 4284 locum
2976 4228 3115 4282 ratio
3172 4229 3606 4298 compositionis.

2020 4320 2175 4376 Nunc
2213 4338 2341 4376 vero
2371 4330 2534 4377 natus
2563 4323 2670 4392 (ed.
2700 4323 2919 4390 natura)
2943 4321 3142 4376 dicitur
3162 4321 3349 4385 Filius,
3375 4322 3609 4375 emissus

2020 4429 2150 4469 vero
2205 4412 2465 4483 Spiritus,
2524 4430 2633 4468 non
2692 4414 2743 4467 in
2779 4430 2846 4468 eo
2869 4415 3013 4483 quod
3062 4413 3392 4477 substantia,
3424 4414 3521 4467 sed
3553 4413 3605 4466 in

2020 4521 2086 4560 eo
2139 4506 2286 4575 quod
2326 4506 2415 4560 hic
2464 4505 2683 4574 quidem
2730 4505 2989 4576 gignitur,
3040 4506 3128 4560 ille
3176 4521 3307 4561 vero
3335 4505 3603 4575 procedit.

1951 4563 1991 4616 θ
2022 4595 2130 4651 Sed
2159 4563 2268 4651 'hoc
2289 4598 2358 4651 ad
2423 4563 2673 4650 naturam
2708 4563 2819 4650 rio};
2865 4606 3075 4666 spectat
3130 4563 3437 4651 Divinitatis
3468 4596 3600 4664 (78).

2018 4688 2266 4757 Amplius
2320 4706 2333 4741 :
2386 4685 2625 4742 Verbum
2669 4686 2762 4743 Dei
2794 4704 2920 4744 cum
2968 4688 3038 4743 sit
3067 4689 3369 4758 perfectum
3401 4697 3456 4742 et
3481 4689 3603 4741 nul-

2019 4782 2125 4836 lius
2154 4781 2424 4852 indigens,
2451 4782 2581 4851 quid
2609 4784 2821 4851 accepit
2844 4797 2874 4835 a
2905 4781 3110 4852 Spiritu
3136 4790 3348 4844 sancto,
3380 4780 3601 4849 quando

2015 4963 2075 5037 ρὺ
2099 4962 2279 5028 λέγεις
2304 5000 2319 5023 ,
2361 4962 2470 5037 ἶνίν.Δ
2498 4962 2573 5033 μὴ
2609 4964 2735 5037 τεὺς
2790 4962 3281 5037 ἐκκλησιασεςικορς
3309 4961 3601 5037 ὑπερδὴᾳῃ

2014 5034 2209 5103 ὅρους,
2248 5032 2480 5103 περιττά
2529 5032 2613 5085 doc
2660 5033 2846 5085 λοιπὸν
2904 5038 2971 5085 τὰ
3007 5034 3135 5102 περὶ
3182 5032 3282 5103 τῆς
3328 5032 3598 5105 ἐκπορεύῖ

2017 5120 2172 5166 σεως.

2087 5173 2199 5243 (77)
2230 5172 2305 5227 De
2340 5173 2446 5228 hoc
2483 5174 2763 5229 Athanasii
2801 5174 2947 5227 dicto
2985 5180 3073 5233 (ex
3100 5183 3238 5229 orat.
3275 5174 3326 5236 1,
3354 5189 3404 5229 c.
3443 5174 3595 5228 Aria-

2013 5260 2135 5308 nos,
2168 5245 2282 5299 sive
2310 5245 2493 5313 potius
2514 5285 2529 5303 .
2579 5257 2637 5297 ut
2667 5244 3034 5298 communiter
3068 5260 3213 5299 nunc
3252 5255 3499 5309 vocatur,
3526 5260 3594 5301 ex

2013 5331 2101 5383 ep.
2133 5316 2407 5385 eucyclica
2462 5316 2528 5369 ad
2573 5314 2734 5369 Afros
2783 5315 2977 5383 episc.)
3012 5315 3311 5385 disputant
3358 5314 3589 5384 Niceph.

2014 5384 2314 5439 Blemlui’da
2349 5395 2487 5441 orat.
2520 5387 2611 5447 ‘24,
2641 5402 2690 5437 (ε.
2725 5388 2757 5438 6
2789 5387 2875 5452 (ϐ.
2907 5386 2968 5440 0.
3008 5384 3049 5445 Ι,
3083 5385 3197 5455 44),
3227 5387 3423 5453 G'eorg.
3475 5386 3591 5439 Me-

2016 5457 2220 5510 tocbita
2245 5467 2437 5510 contra
2497 5456 2727 5509 Manuel.
2783 5460 3033 5511 tiretens.
3063 5471 3112 5509 c.
3150 5459 3238 5518 19,
3281 5459 3350 5511 20
3381 5456 3496 5523 (lib.
3524 5473 3587 5521 ιι,

2014 5528 2169 5652 1031:
2175 5527 2365 5651 :eq.),
2397 5528 2628 5582 Allatius
2661 5527 2711 5580 in
2761 5526 2963 5581 Vindic.
3010 5544 3126 5598 syn.
3173 5527 3362 5597 Epltes.
3401 5542 3451 5580 c.
3496 5526 3590 5593 55,

2014 5615 2067 5652 ι).
2100 5614 2132 5651 o
2226 5614 2342 5652 seu.

2052 5638 2067 5652 .
2100 5614 2205 5652 044
2226 5614 2342 5653 seu.

2012 5615 2067 5668 p.
2100 5614 2205 5652 ou
2226 5614 2342 5668 seq.

2082 5668 2195 5737 (78)
2228 5667 2343 5723 Hoc
2365 5667 2441 5722 nil
2473 5668 2617 5723 aliud
2646 5668 2750 5723 sibi
2777 5668 2928 5729 vult,
2972 5666 3076 5722 nisi
3119 5666 3180 5719 τὸ
3213 5666 3494 5737 γεννητὸν,
3527 5667 3591 5721 τὸ

2012 5740 2380 5810 ἐκπορευτὺν,
2424 5740 2567 5794 sicut
2605 5756 2783 5809 neque
2807 5740 2868 5791 τὸ
2905 5739 3199 5810 ἁχέννητρν
3222 5779 3238 5803 ,
3294 5739 3588 5810 essentiam

2012 5826 2119 5863 non
2153 5807 2509 5876 constituere,
2532 5810 2675 5881 quod
2694 5807 2890 5867 contra
2923 5807 3252 5864 Eunomium
3292 5808 3479 5863 Patres
3502 5808 3592 5864 itt-

2010 5882 2247 5937 culcant.
