4032 6492
451 394 557 458 503

1590 386 1858 448 PHOTII
1908 387 2419 449 PATRIARCH/E
2453 391 2563 451 CP.

3620 386 3716 451 50$

453 502 752 574 assumpsit
775 516 996 556 carnem
1025 496 1181 555 carni
1213 496 1582 563 aSsistentem,
1615 500 2045 570 unctionemque
2073 498 2118 555 A
2148 496 2355 551 amoris
2400 496 2808 567 processionem
2864 490 3262 564 intelligibilem
3300 492 3589 567 prmexigat
3611 509 3663 554 et
3685 518 3710 557 3

453 597 598 653 illius
628 596 849 661 factam,
883 595 1026 650 sicut
1054 595 1319 662 scriptum
1350 602 1436 647 est
1468 609 1481 645 :
1535 609 1553 643 ι
1590 588 1779 647 Jesum
1812 611 1844 648 a
1875 594 2045 648 Naza-

454 693 600 750 reth,
630 704 793 758 quem
832 686 987 741 unxit
1018 684 1164 740 Deus
1193 684 1400 757 Spiritu
1441 693 1634 740 sancto
1666 698 1724 741 et
1752 686 1989 740 virtute?
2018 706 2036 735 ι

453 781 577 836 Non
618 781 782 851 igitur
835 778 1192 850 indigentiam
1246 778 1486 848 aliquam
1527 776 1613 832 vel
1654 778 2043 848 imperfectum

453 873 733 944 quidpiam
762 870 933 924 Filius
960 872 1224 940 supplens
1271 871 1510 942 Spiritus
1541 869 1776 924 emissor
1803 870 2039 925 exsistit.

451 965 524 1020 At
582 977 714 1017 vero
742 960 996 1015 emittere
1046 962 1193 1016 Deus
1221 962 1335 1031 (79)
1375 959 1529 1033 [277]
1560 975 1684 1016 cum
1723 960 1884 1016 Patre
1916 963 2043 1016 nul-

450 1054 560 1109 lius
607 1051 813 1123 indigo,
853 1060 968 1105 tum
998 1050 1142 1120 quod
1198 1050 1486 1105 amborum
1553 1048 1930 1103 indiderenter
1958 1057 2044 1103 est

455 1143 713 1215 Spiritus,
747 1154 861 1198 tum
895 1142 1040 1214 quod
1073 1143 1193 1198 sine
1222 1143 1403 1197 medio
1432 1143 1502 1197 de
1535 1143 1695 1197 Patre
1715 1141 1887 1196 Filius
1914 1158 2042 1211 pro-

450 1236 644 1302 venit;
679 1235 886 1291 idcirco
906 1251 1019 1290 non
1074 1251 1138 1291 ex
1167 1235 1286 1290 solo
1324 1234 1486 1290 Patre
1518 1236 1776 1305 Spiritus.
1814 1235 1908 1288 sed
1943 1235 2040 1304 (et)

453 1346 523 1384 ex
576 1329 731 1395 Filio,
761 1328 854 1398 qui
884 1328 1031 1383 solus
1054 1327 1267 1385 fructus
1311 1327 1520 1383 exsistit
1545 1326 1719 1381 Patris
1739 1327 2041 1381 secundum

451 1420 700 1474 eamdem
733 1418 1136 1481 habitudinem,
1160 1435 1281 1488 qua:
1305 1434 1369 1473 ex
1394 1419 1555 1471 Patre
1583 1418 1849 1487 procedit.
1886 1436 1905 1469 ι
1941 1418 2042 1472 De—

450 1526 602 1565 mum
654 1525 833 1581 neque
895 1510 999 1565 hoc
1062 1510 1542 1580 praetereundum,
1590 1514 1735 1579 quod
1809 1511 2039 1565 similem

450 1602 815 1673 objectionem
872 1611 1096 1657 sanctus
1141 1602 1379 1656 Thomas
1432 1602 1535 1656 sibi
1592 1601 2040 1671 pmposuiteno-

451 1693 738 1750 dandam:
798 1715 819 1746 ε
854 1694 1094 1764 Spiritus
1147 1703 1371 1748 sanctus
1420 1694 1664 1763 perfecte
1712 1696 1961 1764 prbcedit
2009 1710 2042 1749 a

449 1785 649 1853 Patre;
676 1803 808 1858 ergo
840 1786 1175 1857 superﬂuum
1220 1794 1305 1840 est
1336 1785 1542 1851 dicere,
1593 1788 1742 1857 quod
1778 1788 2043 1858 procedat

450 1895 484 1934 a
517 1880 676 1935 Filio.
739 1898 756 1931 ι
794 1878 971 1946 Quam
1018 1881 1094 1933 ita
1141 1879 1306 1934 solvit
1331 1879 1408 1949 (i,
1468 1895 1525 1950 q.
1563 1880 1653 1944 56,
1685 1896 1737 1936 a.
1768 1881 1804 1934 2
1836 1882 1905 1936 ad
1928 1880 1986 1951 6)
2022 1898 2037 1935 :

457 1990 479 2023 ς
527 1972 631 2028 Per
661 1974 785 2037 hoc,
813 1973 962 2042 quod
990 1971 1228 2039 Spiritus
1269 1981 1493 2027 sanctus
1524 1972 1767 2044 perfecte
1795 1974 2042 2044 procedit

452 2078 483 2117 a
509 2064 689 2132 Patre,
717 2080 827 2120 non
861 2064 1039 2118 solum
1073 2081 1182 2121 non
1200 2067 1537 2140 superﬂuum
1561 2067 1869 2132 estdicere,
1892 2067 2042 2138 quod

454 2153 697 2226 Spiritus
729 2165 956 2211 sanctus
996 2160 1261 2226 procedat
1305 2176 1335 2215 a
1368 2159 1528 2223 Filio,
1560 2159 1657 2215 sed
1688 2159 1916 2215 omnino
1942 2174 2044 2215 ne-

451 2249 774 2315 cessarium,
843 2248 973 2318 quia
1025 2265 1136 2305 una
1174 2253 1351 2308 virtus
1383 2264 1467 2308 est
1494 2254 1672 2308 Patris
1693 2261 1750 2306 et
1800 2251 1948 2308 Filii.
1976 2251 2043 2307 Et

450 2339 712 2410 quidquid
756 2349 840 2394 est
877 2355 908 2393 a
940 2336 1122 2407 Patre,
1152 2357 1382 2399 necesse
1414 2354 1498 2401 est
1527 2359 1652 2400 esse
1680 2359 1712 2399 a
1741 2345 1899 2410 Filio,
1935 2345 2043 2401 nisi

447 2433 775 2504 proprietati
805 2434 1084 2492 [iliationis
1112 2446 1399 2510 repugnet.
1434 2436 1556 2493 Non
1592 2438 1740 2493 enim
1765 2437 1940 2494 Filius
1961 2447 2045 2494 est

450 2546 484 2586 a
510 2546 570 2586 se
603 2532 742 2603 ipso,
767 2534 943 2590 liceta
976 2534 1157 2591 Patre.
1194 2556 1214 2587 ι
1243 2537 1328 2592 Cf.
1361 2537 1528 2592 etiam
1556 2537 1745 2594 Petav.
1781 2539 1850 2594 de
1883 2539 2039 2593 Trin.

448 2640 553 2692 vn,
592 2629 678 2695 t6,
729 2629 784 2682 2.

524 2719 580 2773 5.
624 2721 804 2790 Pergit
831 2720 1063 2775 Photius
1084 2722 1157 2788 (c.
1191 2718 1246 2790 8)
1274 2735 1288 2773 :
1324 2718 1475 2775 Nova
1509 2719 1690 2790 aliqua
1728 2719 1918 2775 relatio
1946 2719 2045 2774 de-

452 2813 613 2868 beret
647 2812 701 2867 in
734 2813 1053 2869 Latinorum
1095 2812 1388 2883 hypotbesi
1431 2814 1764 2884 excogitari,
1806 2815 1855 2868 vi
1886 2814 2047 2885 cujus

442 2906 696 2977 Spiritus
727 2915 951 2961 sanctus
974 2904 1112 2961 Filio
1142 2906 1629 2963 consubstantialis
1650 2908 1817 2963 etiam
1836 2908 2044 2979 princi-

453 2997 641 3070 piandi
685 2996 916 3052 haberet
965 2999 1382 3068 praerogativam
1422 2998 1491 3053 ad
1538 3014 1693 3054 suam
1728 3001 2047 3072 dignitatem

454 3088 805 3145 servandam.
835 3089 947 3145 i-loc
976 3101 1163 3160 caput,
1196 3090 1301 3145 etsi
1329 3076 1860 3158 brevissimum,etsi
1886 3092 2045 3149 aliine

455 3196 581 3251 cap.
614 3182 649 3235 '5
674 3181 821 3252 (vide
846 3196 1010 3251 supra
1049 3180 1148 3251 ξι,
1171 3181 1227 3253 9.)
1255 3191 1421 3252 atque
1449 3198 1516 3238 ex
1538 3192 1693 3254 parte
1721 3183 1865 3239 ineo
1901 3185 2050 3240 refu—
2074 3210 2119 3273 ρ

457 3284 669 3336 talum,
711 3274 811 3328 etsi
858 3276 1193 3330 assertiones
1221 3276 1598 3347 complectens
1638 3293 1669 3334 a
1715 3278 1912 3335 Photio
1938 3297 2049 3336 non

457 3366 739 3436 probatas.
776 3374 956 3421 tamen
994 3367 1180 3436 plures
1223 3368 1735 3426 animadversiones
1779 3374 2051 3442 exposcit,

456 3474 582 3529 quae
608 3467 666 3515 et
715 3458 860 3514 circa
897 3459 1033 3513 alios
1078 3459 1325 3529 ejusdem
1378 3461 1717 3532 syllogismos
1770 3464 2049 3521 valebunt.

459 3546 504 3602 1.
544 3548 768 3605 Certum
798 3559 885 3605 est
908 3566 974 3605 ex
1003 3550 1239 3605 revelata
1276 3552 1528 3606 doctrina
1548 3594 1564 3618 ,
1596 3551 1861 3624 Spiritum
1918 3573 2052 3612 san-

459 3650 610 3696 ctum
647 3656 769 3696 esse
815 3640 1108 3696 terminum
1148 3650 1483 3696 aaternarum
1530 3652 1586 3697 et
1636 3644 2052 3702 immanent'nm

458 3733 734 3803 originum
780 3742 835 3788 et
873 3732 1016 3787 ultra
1068 3741 1180 3788 tres
1228 3748 1494 3804 personas
1550 3735 1904 3793 Divinitatem
1942 3755 2054 3795 non

460 3828 707 3883 extendi.
737 3828 976 3882 Thomas
999 3827 1058 3898 (1.
1079 3842 1131 3882 c.
1162 3842 1218 3897 q.
1242 3828 1333 3893 27,
1358 3843 1412 3881 a.
1436 3829 1493 3897 5)
1525 3846 1539 3881 :
1571 3848 1589 3881 ι
1629 3828 1687 3883 1η
1710 3831 1914 3888 divinis
1944 3849 2055 3889 non

460 3928 546 3975 est
588 3919 888 3989 processio,
944 3919 1052 3974 nisi
1090 3919 1391 3974 secundum
1442 3922 1740 3988 actionem,
1792 3940 1914 3994 quae
1944 3942 2056 3981 non

462 4013 641 4069 tendit
691 4014 745 4066 in
790 4012 995 4083 aliquid
1032 4012 1430 4079 extrinsecum,
1468 4014 1566 4069 sed
1614 4026 1801 4072 manet
1838 4018 1892 4072 in
1941 4019 2059 4089 ipso

452 4114 682 4176 'agente.
713 4102 1037 4173 Huiusmodi
1062 4112 1246 4158 autem
1275 4104 1419 4160 actio
1452 4107 1510 4160 in
1551 4107 1911 4165 intellectuali
1956 4128 2059 4166 na-

462 4208 590 4254 tura
607 4207 693 4252 est
712 4201 856 4251 actio
872 4196 1169 4252 intellectus
1197 4207 1254 4252 et
1273 4198 1419 4253 actio
1438 4201 1750 4256 voluntatis.
1779 4203 2060 4259 Processit)

466 4299 647 4346 autem
685 4289 834 4343 Verbi
866 4289 1168 4345 attenditur
1195 4291 1498 4347 secundum
1540 4295 1814 4351 actionem
1860 4297 2064 4353 intelli-

466 4383 717 4455 gibilem.
752 4383 1068 4438 Secundum
1106 4388 1291 4437 autem
1338 4388 1718 4456 operationem
1762 4391 2062 4447 voluntatis

467 4485 750 4538 tnvenitur
803 4482 857 4535 in
903 4481 1063 4535 nobis
1110 4482 1363 4554 quaedam
1411 4480 1518 4534 alia
1568 4483 1878 4550 processio,
1937 4485 2058 4539 scil.

2146 589 2328 646 Verbo
2345 590 2555 645 oriatur
2573 590 2758 653 Amor,
2784 598 2847 643 ut
2870 587 3013 642 idem
3029 586 3224 641 doctor
3242 582 3468 656 (Opusc.
3495 604 3577 652 tu.
3596 606 3643 647 c.
3664 595 3712 661 5|

2145 684 2409 739 ostendit.
2461 683 2577 738 Hoc
2613 682 2847 737 sublime
2884 686 3271 751 argumentum
3319 679 3433 748 jam
3479 684 3716 752 exposui'

2144 779 2486 850 Augustinus
2510 778 2609 847 (De
2634 777 2777 831 Trin.
2804 792 2894 840 xv,
2925 776 2995 830 17
3020 774 3164 845 seq.)
3202 789 3381 843 eoque
3417 775 3589 831 utitur
3612 788 3716 833 tum

2148 873 2482 926 Ratramnus
2510 871 2565 931 (v
2593 885 2756 939 supra
2783 885 2846 933 ιι,
2877 867 2905 940 §
2936 869 3015 937 7).
3049 878 3167 922 tum
3198 866 3352 937 llugo
3384 865 3717 937 Etherianus,

2144 965 2236 1035 qui
2269 965 2347 1034 (ι.
2385 980 2423 1025 t,
2449 978 2501 1017 c.
2525 962 2616 1026 14,
2655 976 2710 1031 p.
2748 960 2910 1031 1208)
2934 959 3186 1017 adductis
3215 958 3529 1030 Hieronymi
3551 964 3723 1021 verbis

2147 1059 2227 1125 (in
2259 1056 2392 1125 psal.
2429 1054 2540 1122 xw)
2568 1072 2580 1107 :
2623 1074 2641 1105 ι
2672 1053 2911 1123 Spiritus
2941 1061 3164 1108 sanctus
3194 1066 3301 1106 nec
3322 1049 3488 1105 Pater
3516 1061 3601 1107 est
3628 1069 3725 1111 nec

2145 1146 2337 1211 Filius,
2363 1147 2457 1200 sed
2492 1145 2735 1208 dilectio,
2765 1160 2928 1214 quam
2968 1144 3133 1198 habet
3168 1143 3332 1198 Pater
3359 1143 3415 1196 in
3453 1143 3646 1200 Filium
3674 1157 3726 1203 et

2146 1239 2319 1293 Filius
2351 1238 2403 1291 in
2435 1237 2671 1300 Patrem,
2702 1255 2721 1287 ι
2761 1236 2834 1291 ita
2857 1235 3248 1306 prosequitur:
3280 1254 3300 1288 ι
3331 1234 3606 1302 Quoniam
3634 1238 3727 1311 igi.

2146 1340 2237 1384 tur
2288 1330 2547 1400 Spiritus,
2596 1340 2658 1382 ut
2689 1338 2775 1382 est
2820 1344 2973 1383 amor
3009 1326 3208 1387 Patris.
3261 1327 3336 1381 ita
3376 1337 3434 1382 et
3475 1327 3617 1393 Filii,
3669 1341 3727 1387 ut

2144 1423 2391 1495 procedit
2419 1438 2486 1476 ex
2536 1421 2694 1475 Patre
2720 1461 2736 1485 ,
2783 1421 3033 1491 procedit
3069 1435 3136 1474 ex
3172 1419 3340 1486 Filio,
3385 1420 3723 1478 manifestum

2144 1515 2313 1587 igitur
2339 1522 2425 1568 est
2451 1528 2515 1566 ex
2538 1511 2725 1576 dictis,
2751 1511 2897 1581 quod
2915 1526 3027 1565 non
3060 1512 3360 1565 exsistente
3376 1510 3495 1565 Filii
3529 1510 3725 1581 Spiritu

2142 1624 2322 1678 neque
2354 1623 2419 1661 ex
2450 1606 2571 1676 ipso
2606 1605 2939 1675 procedente
2987 1605 3324 1675 impossibile
3353 1615 3441 1660 est
3484 1607 3725 1663 eumdem

2143 1699 2411 1771 Spiritum
2445 1696 2628 1752 Patris
2655 1710 2775 1752 esse
2819 1697 2904 1751 vel
2950 1711 3018 1751 ex
3049 1695 3211 1751 Patre
3262 1696 3585 1765 procedere.
3618 1716 3636 1749 ι
3675 1698 3726 1754 ld

2144 1792 2350 1865 pariter
2377 1790 2574 1861 probat
2611 1788 2769 1846 Joan.
2803 1789 3175 1860 Argyropulus
3221 1787 3325 1849 (De
3370 1804 3517 1857 proc.
3548 1788 3725 1859 Spirit.

2148 1885 2341 1950 sancti,
2372 1900 2424 1938 c.
2457 1882 2492 1936 5
2521 1896 2639 1951 seq.
2675 1879 2738 1938 G.
2772 1881 2838 1936 0.
2878 1882 2918 1941 I,
2959 1882 3064 1937 404
3093 1880 3235 1951 seq.)
3258 1923 3276 1947 ,
3311 1880 3727 1938 occidentalium

2148 1990 2367 2048 quoque
2393 1976 2678 2032 doctorum
2710 1972 2999 2046 principiis
3024 1972 3292 2034 imbutus,
3323 1970 3380 2025 in
3418 1972 3728 2026 nominibus

2148 2069 2309 2138 λόγου
2336 2077 2393 2124 et
2419 2068 2641 2138 ἀγάπης
2671 2067 2952 2122 insistens.
2980 2063 3046 2118 ll.
3078 2063 3429 2133 lnaaqttalitas
3459 2063 3729 2135 dignitatis

2149 2176 2508 2234 personarum
2534 2158 2662 2214 inde
2684 2158 2858 2228 repeti
2893 2156 3105 2227 nequit,
3124 2155 3271 2225 quod
3292 2170 3404 2209 una
3427 2163 3514 2210 est
3534 2156 3728 2226 absque

2148 2255 2454 2330 principio,
2502 2253 2671 2308 altera
2731 2267 2763 2306 a
2809 2251 3081 2322 principio
3130 2257 3297 2320 atque
3364 2248 3725 2318 principians,

2151 2351 2316 2407 tertia
2356 2365 2388 2404 a
2438 2346 2742 2418 principio,
2784 2359 2966 2415 neque
3028 2353 3215 2398 tamen
3270 2341 3630 2413 principians.
3676 2341 3729 2396 ld

2150 2443 2384 2501 Photius
2406 2440 2622 2506 statuit,
2649 2440 2778 2494 dum
2809 2436 3070 2508 supponit
3091 2436 3357 2507 Spiritum
3379 2451 3490 2490 non
3521 2448 3730 2488 servare

2150 2537 2472 2609 dignitatem
2509 2547 2688 2596 suam,
2730 2530 2777 2585 si
2815 2545 2926 2584 non
2964 2536 3050 2583 est
3096 2528 3215 2598 ipse
3255 2542 3480 2597 quoque
3513 2525 3733 2594 alicujus

2150 2625 2478 2701 principium
2500 2663 2517 2687 ,
2574 2619 3037 2692 quemadmodum
3063 2618 3254 2675 Filius.
3306 2618 3523 2673 Revera
3558 2622 3733 2687 posset

2153 2723 2306 2792 ipse,
2366 2717 2458 2785 qui
2499 2721 2581 2769 tot
2644 2712 2927 2767 haereseon
2977 2708 3205 2766 Latinos
3261 2709 3504 2773 incusat,
3556 2707 3735 2761 Euno-

2152 2808 2431 2867 mianismi
2491 2802 2684 2875 argui,
2739 2802 2869 2857 dum
2939 2801 3027 2857 hic
3089 2808 3146 2856 et
3191 2800 3324 2856 alibi
3388 2816 3459 2855 ex
3518 2797 3735 2870 originis

2153 2905 2512 2960 relationibus
2577 2898 2834 2959 essentia:
2891 2894 3258 2966 aequalitatem
3325 2892 3468 2948 affici
3536 2900 3733 2947 censet.

2160 3018 2179 3051 ι
2214 2998 2546 3067 ιιΕῳιθιίιειε,
2572 2996 2651 3050 ait
2682 2993 2952 3056 Thomas,
2985 2988 3039 3043 in
3089 2988 3295 3044 divinis
3341 2996 3397 3042 et
3447 2984 3735 3041 similitudo

2154 3089 2455 3145 attenditur
2483 3088 2786 3143 secundum
2820 3080 3287 3155 essentialiatnec
3314 3088 3503 3150 potest
3545 3092 3736 3133 secun-

2154 3186 2284 3240 dum
2341 3184 2638 3239 dictionem
2698 3178 3023 3236 relationum
3076 3175 3422 3245 inchualitas
3463 3170 3614 3246 [2'79]
3658 3169 3736 3225 vel

2153 3275 2542 3332 dissimilitudo
2558 3273 2685 3328 dici.
2712 3271 2871 3328 Unde
2887 3269 3028 3338 Aug.
3051 3282 3101 3321 c.
3129 3264 3348 3320 Maxim.
3372 3282 3460 3332 ιιι,
3487 3265 3553 3320 18
3570 3263 3733 3321 dicit:

2155 3367 2395 3439 Originis
2444 3366 2676 3437 quaestio
2711 3371 2817 3429 est,
2857 3360 3001 3431 quod
3040 3360 3104 3412 de
3127 3362 3253 3430 {quo
3294 3359 3387 3425 sit,
3426 3356 3736 3430 aequalitatis

2155 3469 2364 3523 autem,
2398 3459 2573 3529 qualis
2602 3467 2699 3512 aut
2730 3464 2960 3526 quantus
3003 3450 3192 3506 sit.....
3229 3452 3384 3507 Sicut
3425 3454 3615 3508 eadem
3655 3465 3738 3507 es-

2158 3552 2356 3615 sentia,
2404 3566 2525 3621 quae
2568 3557 2652 3604 est
2697 3549 2750 3601 in
2802 3546 2964 3602 Patre
3008 3546 3332 3619 paternitas,
3381 3545 3439 3600 in
3485 3544 3621 3600 Filio
3665 3552 3739 3597 est

2160 3642 2369 3707 ﬁliatio,
2408 3643 2482 3696 ita
2524 3642 2713 3695 eadem
2743 3639 3000 3712 dignitas,
3034 3656 3156 3712 qua:
3180 3641 3231 3694 in
3266 3640 3430 3694 Patre
3460 3647 3544 3693 est
3570 3646 3740 3709 pater-

2160 3737 2326 3801 nitas,
2385 3736 2439 3788 in
2487 3734 2627 3790 Filio
2670 3743 2755 3790 est
2800 3708 3011 3789 ﬁliatid.
3052 3708 3072 3786 ἰ
3111 3735 3198 3805 (o.
3240 3733 3332 3796 η,
3381 3747 3434 3788 a.
3484 3731 3518 3786 t
3572 3708 3637 3785 ad
3667 3727 3738 3796 2.)

2158 3829 2287 3886 Pari
2315 3829 2476 3884 modo
2497 3831 2563 3884 ad
2594 3838 2978 3900 argumentum
2999 3827 3130 3882 illud
3165 3844 3178 3881 :
3205 3845 3222 3878 ι
3251 3825 3424 3881 Filius
3441 3840 3554 3880 non
3582 3821 3741 3891 magis

2162 3923 2425 3978 convenit
2451 3937 2578 3978 cum
2622 3921 2804 3988 Patre,
2851 3938 3017 3993 quam
3065 3919 3307 3990 Spiritus
3355 3932 3619 3983 sanctus;
3656 3913 3742 3970 scd

2165 4014 2406 4086 Spiritus
2455 4022 2677 4070 sanctus
2706 4026 2762 4070 et
2806 4015 2967 4070 Pater
3004 4027 3117 4068 non
3170 4021 3302 4067 sunt
3331 4028 3505 4067 unum
3554 4007 3743 4082 princi-

2165 4110 2317 4180 pium
2387 4118 2641 4178 respectu
2711 4108 2943 4181 alicujus
2998 4106 3203 4163 divinae
3267 4119 3564 4176 personat;
3626 4113 3744 4170 ergo

2166 4217 2348 4273 neque
2376 4202 2538 4257 Pater
2563 4210 2618 4256 et
2656 4199 2846 4262 Filius.
2878 4220 2898 4253 ι
2925 4202 2999 4257 ita
3041 4201 3339 4274 respondet
3369 4216 3448 4271 iq.
3506 4199 3598 4262 '56,
3634 4211 3684 4250 a.
3713 4192 3743 4246 4

2166 4296 2235 4351 ad
2270 4295 2368 4365 5):
2413 4314 2432 4347 ‹
2478 4293 2562 4349 Ad
2601 4296 2825 4350 tertium
2871 4296 3202 4363 dicendum,
3259 4295 3406 4367 quod
3455 4290 3742 4350 secundum

2169 4389 2428 4445 relativus
2473 4390 2839 4459 proprietates
2901 4406 3010 4445 non
3074 4390 3375 4446 attenditur
3436 4390 3493 4445 in
3559 4381 3744 4442 divinis

2168 4482 2470 4539 similitudo
2485 4482 2572 4536 vel
2583 4481 2990 4547 dissimilitudo,
3006 4483 3101 4538 sed
3118 4482 3423 4538 secundum
3438 4478 3740 4537 essentiam.

467 4577 733 4645 processio
755 4577 967 4631 Amoris
991 4618 1006 4639 ,
1042 4576 1346 4632 secundum
1394 4589 1558 4645 quam
1606 4584 1849 4630 amatum
1884 4585 1971 4631 est
2002 4578 2057 4631 in
2094 4598 2137 4652 υ
2175 4576 2332 4633 Unde
2361 4575 2504 4631 sicut
2533 4574 2693 4630 Pater
2724 4590 2834 4630 non
2860 4583 2945 4630 est
2973 4575 3204 4630 similior
3236 4574 3363 4640 sibi,
3410 4589 3575 4646 quam
3597 4569 3742 4633 Filio,

469 4680 710 4736 amante,
734 4671 879 4727 sicut
893 4687 990 4743 per
1006 4668 1423 4740 conceptionem
1451 4666 1603 4740 [278]
1629 4669 1783 4724 verbi
1807 4685 1897 4725 res
1913 4672 2061 4727 dicta

469 4764 557 4817 vel
606 4764 881 4820 intellecta
930 4774 1017 4819 est
1076 4763 1130 4818 ia
1191 4760 1552 4831 intelligente.
1590 4760 1751 4816 Unde
1784 4771 1841 4816 et
1868 4773 2069 4832 printer

469 4851 880 4927 processionem
901 4855 1062 4912 Verbi
1086 4858 1308 4929 ponitur
1326 4852 1429 4906 alia
1447 4852 1729 4923 processio
1757 4855 1811 4907 in
1837 4854 2063 4920 divinis,

472 4963 595 5017 quae
628 4958 713 5003 est
751 4952 1013 5017 processio
1051 4952 1282 5007 Amoris.
1321 4969 1340 5001 ι
1388 4945 1599 5001 Exinde
1653 4946 1816 5002 etiam
1872 4949 2071 5018 probat

475 5041 553 5097 (ει.
587 5040 640 5110 5)
663 5042 719 5096 in
747 5043 948 5098 divinis
971 5059 1080 5098 non
1110 5026 1296 5116 plures
1322 5055 1486 5113 quam
1511 5040 1649 5096 duas
1685 5042 2071 5111 processiones

476 5145 621 5195 esse,
660 5140 716 5187 et
746 5134 893 5202 (a.‘5.
922 5134 990 5189 ad
1026 5136 1078 5203 1)
1108 5136 1268 5191 docet
1305 5154 1324 5188 ι
1346 5131 1494 5206 quod
1530 5148 1645 5187 non
1682 5141 1770 5188 est
1811 5149 2070 5191 necessa-

479 5224 626 5278 rium
658 5225 961 5294 procedere
1004 5228 1060 5281 in
1108 5229 1309 5284 divinis
1345 5226 1793 5302 processionibus
1836 5227 1891 5281 in
1944 5228 2072 5283 inii-

478 5314 681 5369 nitum.
706 5314 993 5372 Processio
1013 5319 1182 5386 enim,
1205 5338 1328 5392 qua:
1351 5336 1444 5380 eSt
1466 5323 1537 5379 ad
1562 5323 1727 5385 intra,
1758 5321 1813 5375 in
1848 5321 2071 5375 intelle-

480 5408 646 5463 ctuali
666 5419 883 5472 natura,
910 5410 1236 5467 terminatur
1254 5415 1307 5468 in
1328 5415 1680 5486 proccssione
1701 5413 2018 5469 voluntatis.
2049 5433 2068 5466 ι

482 5500 561 5555 Ex
596 5500 699 5556 hac
726 5502 942 5574 egregia
986 5503 1236 5559 doctrina
1277 5508 1442 5562 etiam
1484 5525 1582 5578 per
1613 5522 1672 5563 se
1717 5507 2075 5576 consequitur

483 5597 766 5668 processio
794 5597 1029 5668 Spiritus
1061 5599 1233 5653 sancti
1278 5615 1346 5654 ex
1397 5600 1554 5666 Filio,
1617 5616 1743 5655 cum
1792 5600 2075 5670 processio

557 5730 671 5803 (79)
702 5735 902 5813 Etghic
950 5735 1134 5813 lectio_
1160 5746 1417 5813 corrupta
1477 5739 1729 5807 videtur;
1782 5741 2075 5813 legendum

487 5801 742 5869 fortasse,
777 5811 846 5860 At
873 5822 1002 5860 vero
1032 5808 1234 5861 emittit
1265 5801 1414 5861 en'm.

566 5872 678 5948 (80)
700 5878 780 5931 Cf.
811 5878 970 5950 Greg.
1010 5878 1134 5934 δεῖ.
1167 5889 1303 5935 orat.
1332 5881 1421 5946 δὴ,
1453 5897 1504 5950 p.
1554 5882 1679 5949 5W,
1709 5883 1792 5939 eJ.
1822 5882 1943 5938 Bill.
1977 5882 2076 5938 Ba-

2171 4673 2247 4727 ita
2275 4686 2380 4725 nec
2403 4668 2442 4723 F
2446 4669 2575 4724 ilius
2594 4669 2828 4724 similior
2850 4668 2999 4723 Patri
3016 4684 3179 4739 quam
3207 4669 3447 4741 Spiritus
3464 4678 3696 4725 sanctus.
3722 4681 3741 4716 ι

2171 4761 2314 4834 Ergo
2341 4778 2451 4817 non
2485 4761 2688 4816 amittit
2716 4760 2953 4827 Spiritus
2987 4769 3211 4816 sanctus
3242 4776 3400 4815 suam
3440 4758 3745 4831 dignitatem

2170 4870 2239 4909 eo
2267 4854 2411 4924 quod
2455 4852 2602 4906 nulla
2631 4852 2701 4906 ab
2726 4867 2791 4906 eo
2816 4866 3047 4921 persona
3088 4853 3351 4923 procedat
3379 4861 3437 4908 et
3459 4852 3502 4908 si
3532 4847 3747 4904 Photius

2169 4949 2226 5004 id
2270 4944 2575 5007 contendit,
2635 4959 2758 4999 cum
2821 4944 3092 5001 Eunomia
3142 4947 3469 5002 ‘contendat
3524 4944 3745 5012 Oportet.

2170 5040 2510 5115 ingenitum,
2547 5039 2817 5113 genitum,
2848 5054 2914 5094 ac
2960 5041 3264 5113 generatim
3312 5040 3373 5092 τὸ
3413 5037 3589 5109 ἀρχήν
3618 5045 3749 5089 τινος

2173 5134 2313 5192 εἶναι
2346 5139 2518 5208 ipsam
2562 5135 2902 5192 constituere
2946 5148 3198 5192 naturam
3222 5175 3238 5199 ,
3266 5132 3413 5206 quod
3453 5150 3484 5188 a
3509 5126 3749 5186 Patribus

2174 5233 2340 5290 toties
2381 5231 2808 5286 condemnatum
2860 5237 2947 5283 est
2996 5229 3128 5302 (80).
3187 5227 3280 5283 lll.
3345 5228 3503 5298 Apud
3542 5221 3746 5279 Latinos

2173 5325 2435 5396 qumlibet
2483 5335 2718 5393 persona
2759 5319 2828 5375 ab
2870 5321 3042 5378 altera
3099 5322 3341 5393 qualibet
3412 5314 3748 5376 relationibus

2175 5418 2549 5489 distinguitur,
2582 5415 2720 5470 adeo
2756 5426 2818 5469 ut
2840 5415 2988 5470 nulla
3013 5433 3154 5471 nova
3182 5416 3447 5471 relatione
3482 5427 3617 5483 opus
3644 5407 3746 5470 sil;

2176 5514 2355 5569 Latini
2385 5530 2490 5569 nec
2522 5514 2728 5584 plures,
2762 5528 2868 5570 nec
2891 5511 3181 5581 pauciores
3205 5510 3421 5582 σχέσεις
3448 5505 3745 5564 admittunt,

2176 5624 2341 5668 unam
2375 5607 2567 5662 Patres
2599 5605 2796 5662 Grmci.
2823 5606 2979 5672 Quod
3003 5605 3048 5659 si
3079 5602 3256 5659 activa
3283 5602 3508 5674 spiratio
3546 5607 3598 5654 et
3629 5591 3747 5651 Filio

2179 5745 2358 5871 sigma
2394 5745 2535 5803 Eun.
2572 5763 2611 5813 ι,
2643 5746 2677 5804 5
2709 5761 2826 5816 seq.
2882 5742 3067 5817 Cyrill.
3118 5738 3286 5796 Thes.
3324 5751 3460 5795 xvnt
3487 5779 3501 5806 ,
3545 5750 3597 5807 ι).
3634 5723 3746 5790 ’δι’

2253 5839 2305 5871 ἰ).

2253 5839 2305 5873 ἰ).
