4032 6434
267 383 356 446 515

939 360 1038 420 DE
1077 358 1138 416 S.
1190 354 1383 416 SPIR.
1424 352 1934 419 MYSTAGOGIA.
1969 384 2038 394 —
2066 353 2818 419 ANIMADVERSIONES.
2898 324 2901 327 Ι

3385 348 3494 414 506

258 495 506 556 nituntur,
541 488 647 542 hat.
678 485 790 552 ipsa
825 474 1159 534 discernitur
1197 466 1367 523 Filius
1398 485 1428 522 a
1457 469 1661 542 Spiritu
1688 489 1810 531 tan-
1836 483 1881 540 Α
1910 488 2038 530 nam
2087 488 2212 528 cum
2255 472 2418 526 Pater
2460 479 2518 525 et
2553 468 2724 524 Filius
2772 484 2835 524 se
2876 465 3112 524 invicem
3149 468 3390 524 habeant
3432 477 3494 522 ut

263 601 402 659 quam
429 578 668 651 opposita
702 570 986 631 relatione,
1010 575 1066 620 et
1086 566 1188 618 hoc
1218 564 1457 632 ipsarum
1481 565 1809 622 relationum

267 650 419 734 nexus
442 650 502 726 ac
516 665 752 724 conditio
779 659 1035 731 postulat.
1069 655 1182 709 lmo
1215 650 1543 708 Photianum
1576 666 1811 728 systema

267 770 356 822 hac
402 764 450 816 in
503 767 652 829 parte
699 765 983 812 mancum,
1044 743 1452 812 imperfectum,
1508 763 1572 801 ac
1624 747 1811 802 debita

265 851 565 914 coluerentia
611 845 927 901 destitutum
988 839 1200 893 ostendi
1253 851 1452 912 potest.
1507 839 1662 906 Quod
1725 842 1812 895 his

263 948 496 1016 subjecta:
548 938 921 1003 theologorum
983 935 1476 986 dctnonstrationcs
1513 932 1644 986 satis
1692 933 1811 988 cvi-

264 1043 436 1095 denter
470 1033 757 1088 docebunt.

321 1130 367 1183 6.
405 1124 452 1179 J.
481 1123 542 1178 G.
577 1121 863 1176 Walchius
914 1136 979 1174 ex
1017 1119 1210 1172 ordine
1256 1116 1416 1170 trium
1453 1095 1814 1188 personarum

261 1220 496 1276 divinitus
539 1215 735 1270 tradito
779 1211 1043 1280 consequi
1093 1207 1328 1278 Spiritus
1371 1212 1545 1265 sancti
1589 1228 1812 1281 proces-

261 1319 446 1371 sionem
493 1309 656 1363 etiam
721 1323 751 1360 a
807 1304 944 1359 Filio
996 1304 1104 1356 hoc
1157 1313 1317 1371 pacto
1363 1303 1595 1358 inculcat
1645 1302 1811 1373 (Hist.

260 1416 465 1462 controv.
500 1417 548 1455 c.
587 1400 686 1463 l0,
715 1398 741 1470 §
770 1398 825 1461 2,
857 1413 910 1466 p.
949 1397 1071 1459 167,
1121 1394 1244 1464 16$)
1274 1413 1286 1447 :
1319 1395 1471 1467 [280]
1521 1415 1538 1447 ι
1575 1395 1728 1461 Quod
1770 1396 1815 1448 si

259 1501 419 1560 enim,
461 1491 656 1562 inquit,
712 1489 949 1559 Spiritus
996 1490 1246 1558 procedit
1296 1505 1327 1543 a
1379 1489 1570 1543 Patre.
1619 1504 1814 1558 quem-

257 1586 522 1645 admodum
555 1581 1014 1645 Christus,.loan.
1049 1583 1249 1645 “.96,
1287 1589 1541 1648 testatur,
1562 1580 1817 1650 idemque

258 1680 410 1737 ϐπερὶ
439 1659 662 1736 docent,
700 1671 873 1726 Filius
919 1683 1101 1728 autem
1143 1675 1285 1728 inter
1303 1673 1518 1728 divinas
1554 1687 1818 1742 personas

258 1770 530 1828 secundum
573 1767 756 1820 locum
803 1774 956 1819 tenet
1002 1767 1140 1836 (8|),
1191 1776 1352 1836 atque
1405 1764 1650 1834 ejusdem
1691 1779 1816 1818 cum

258 1863 394 1915 l’atre
435 1866 514 1911 est
541 1855 822 1924 essenlim,
867 1855 1138 1925 sequitur,
1172 1862 1232 1908 ut
1270 1851 1549 1921 processio
1581 1850 1818 1920 Spiritus

258 1953 407 2008 sancti
430 1953 592 2006 etiam
633 1952 729 2009 ﬁat
757 1970 787 2007 a
823 1949 984 2004 Filio.
1029 1948 1172 2002 Sane
1218 1947 1311 2017 qui
1353 1947 1458 2001 hoc
1487 1953 1710 2016 negant,
1763 1943 1818 1998 in

258 2045 500 2116 ejusmodi
524 2061 582 2100 se
618 2045 924 2115 conjiciunt
951 2039 1317 2104 difﬁcultates,
1351 2047 1410 2093 ut
1439 2051 1533 2094 aut
1572 2038 1818 2092 ordinem

259 2137 306 2192 in
321 2138 592 2193 divinitate
618 2151 977 2209 personarum
999 2148 1105 2187 una
1126 2149 1250 2188 cum
1276 2136 1507 2195 ratione,
1526 2148 1633 2202 qua
1652 2132 1821 2185 altera

259 2231 406 2286 refert
432 2246 488 2285 se
522 2231 587 2284 ad
625 2233 876 2294 alteram,
904 2227 1093 2288 tollere
1125 2240 1219 2287 aut
1251 2228 1520 2282 afﬁrmare
1563 2225 1820 2286 debeant,

259 2325 372 2378 isLas
401 2338 495 2376 sua
537 2333 745 2377 natura
798 2321 940 2374 inter
991 2340 1050 2379 se
1090 2323 1296 2377 distare
1329 2333 1392 2372 ac
1434 2324 1646 2369 remoto
1684 2311 1823 2366 Filio

258 2441 362 2476 rum
416 2418 666 2486 ejusdem
709 2414 949 2470 essentia
999 2415 1264 2486 Spiritum
1312 2417 1558 2464 sanctum
1610 2422 1640 2460 a
1708 2405 1824 2460 solo

257 2515 399 2570 Patre
419 2509 720 2582 procedere
746 2527 929 2579 posse.
966 2505 1232 2563 Neutrum
1261 2519 1383 2558 esse
1420 2501 1826 2556 admittendum

257 2603 481 2677 quisquis
513 2601 799 2671 perspicit,
829 2601 921 2672 qui
947 2616 1062 2656 rem
1101 2613 1171 2652 ex
1199 2593 1450 2652 veritate,
1475 2607 1586 2645 non
1610 2606 1676 2645 ex
1707 2605 1828 2660 per-

259 2718 395 2754 v-rsa
413 2697 674 2768 opinione
696 2710 760 2749 ac
778 2711 943 2764 prava
968 2695 1247 2748 voluntate
1270 2686 1538 2749 aestimat;
1567 2693 1827 2752 recteque

259 2803 435 2865 pneter
462 2792 598 2846 alios
633 2788 790 2842 Joan.
821 2788 1198 2842 Atl‘elmannns
1241 2781 1557 2852 (Syntagma
1609 2777 1825 2830 exercit.

260 2887 528 2940 academic.
578 2903 637 2956 p.
670 2903 714 2952 ι,
751 2899 804 2953 p.
839 2879 964 2951 416)
1005 2878 1181 2933 dicit:
1223 2874 1280 2927 Si
1327 2870 1564 2939 Spiritus
1604 2876 1829 2922 sanctus

258 2974 697 3047 nonproccderet
716 2992 744 3030 a
768 2975 927 3036 Filio,
953 2973 1134 3026 omnis
1155 2969 1314 3038 plane
1333 2963 1634 3038 personalis
1657 2976 1830 3014 nexus

259 3087 312 3124 ac
333 3072 512 3125 relatio
529 3071 678 3124 inter
693 3068 890 3123 Filium
907 3075 963 3120 et
980 3062 1242 3132 Spiritum
1258 3069 1505 3115 sanctum
1523 3057 1827 3112 tolleretur.

258 3163 490 3231 llequirit
523 3177 663 3217 vero
698 3161 948 3214 absoluta
981 3155 1268 3210 Trinitatis
1289 3151 1576 3223 perfectio.
1613 3158 1673 3204 ut
1701 3165 1828 3218 per-

255 3272 390 3310 sona:
411 3256 524 3310 suis
565 3253 991 3325 productionum
1029 3245 1370 3318 respectibus
1387 3253 1443 3298 et
1469 3240 1826 3314 hypostaticis

250 3349 602 3403 relationibus
635 3346 714 3400 sic
743 3358 935 3399 omnes
964 3341 1030 3395 ad
1064 3355 1124 3394 se
1166 3347 1388 3397 mutuo.
1436 3335 1680 3402 adeoque
1711 3331 1826 3384 sin-

250 3440 370 3510 gtdze
401 3441 464 3495 ad
515 3439 778 3510 singulas
825 3436 935 3490 sint
969 3433 1255 3495 devinctae,
1292 3437 1354 3484 ut
1403 3427 1564 3482 Pater
1607 3424 1830 3494 quidem

253 3530 499 3584 referatur
548 3528 886 3601 hypostatica
917 3526 1182 3580 relatione
1217 3521 1284 3576 ad
1332 3520 1527 3574 Filium
1571 3527 1830 3586 tanquam

249 3626 306 3675 ad
334 3625 607 3694 genitum,
633 3623 804 3676 Filius
833 3621 898 3674 ad
930 3619 1144 3673 Patrem
1170 3623 1233 3669 ut
1261 3613 1548 3684 progenies
1580 3611 1646 3664 ad
1671 3624 1831 3664 suum

252 3717 575 3785 genitorem,
596 3713 756 3768 Pater
779 3713 844 3767 ad
879 3711 1146 3780 Spiritum
1169 3715 1419 3761 sanctum
1445 3713 1504 3758 ut
1528 3703 1745 3772 spirans
1764 3701 1832 3756 ad

251 3821 395 3859 suum
418 3807 786 3876 spiraculum,
823 3803 1056 3871 Spiritus
1078 3808 1304 3854 sanctus
1328 3799 1454 3852 item
1481 3797 1549 3850 ad
1586 3797 1829 3861 Patrem,

251 3913 495 3976 tanquam
531 3916 695 3955 suum
737 3897 1086 3967 spiratorem.
1132 3891 1490 3959 Relinquitur.
1519 3911 1648 3965 ergo
1686 3896 1833 3949 inter

250 4000 413 4054 solum
443 3996 651 4053 Filium
675 4003 728 4046 et
747 3991 1011 4060 Spiritum
1034 3997 1284 4042 sanctum
1310 3988 1556 4057 quaedam
1592 3988 1831 4044 solitudo

253 4102 302 4148 et
351 4094 564 4156 hiatus,
616 4087 660 4142 si
711 4083 857 4139 nulla
905 4080 1212 4152 personalis
1246 4080 1390 4136 inter
1421 4081 1514 4132 τοῦ
1556 4080 1733 4148 Λόγου
1777 4089 1834 4135 et

253 4182 476 4254 Spiritus
543 4178 717 4236 sancti
792 4171 1111 4246 hypostasin
1180 4172 1542 4226 interveniret
1616 4172 1832 4226 relatio.

251 4275 410 4341 Quale
449 4274 731 4340 διάστημα
765 4270 880 4323 sive
922 4265 1140 4340 qualem
1190 4263 1399 4317 hiatum
1453 4261 1699 4319 absoluta
1746 4265 1835 4318 illa

251 4383 308 4422 ac
330 4366 548 4422 inﬁnita
571 4361 855 4416 Trinitatis
883 4357 1145 4428 perfectio
1166 4359 1318 4415 nullo
1344 4358 1507 4415 modo
1527 4354 1784 4410 admittit.
1810 4373 1829 4403 ι

255 4459 352 4514 Sed
383 4460 490 4514 ista
523 4456 635 4526 jam
681 4453 1116 4508 luculentissime
1154 4461 1441 4506 versarant
1486 4464 1552 4504 ac
1603 4447 1834 4502 demon-

1914 567 2141 638 gignens
2168 572 2224 619 et
2251 563 2489 636 genitus,
2513 570 2566 615 et
2594 561 2722 614 item
2749 559 2910 614 Pater
2930 568 2984 613 et
3006 561 3246 629 Spiritus
3269 570 3495 615 sanctus

1915 667 1976 714 ut
1999 657 2233 713 emissor
2264 663 2322 710 et
2347 653 2602 719 emissus,
2633 663 2688 706 et
2712 661 2770 704 ut
2795 651 3026 705 donator
3049 663 3105 705 et
3125 651 3352 717 donum,
3382 651 3493 714 die,

1913 768 2119 825 quaeso,
2165 749 2414 820 nunquid
2467 763 2576 802 non
2613 760 2863 816 magnam
2893 745 3148 813 injuriam
3181 744 3312 800 facis
3359 744 3497 800 Filio

1915 857 1964 902 et
1998 846 2225 915 Spiritui
2267 851 2470 906 sancto,
2519 839 2718 908 quibus
2762 835 2967 890 nullam
3016 837 3311 891 adinvicem
3354 837 3499 892 rela-

1917 939 2108 991 tionem
2140 931 2628 1001 tribuis,quinimo
2646 943 2804 998 quos,
2833 935 2891 982 ut
2917 928 2988 982 ita
3015 926 3266 992 dixerim,
3293 943 3324 981 a
3347 927 3497 982 socia

1915 1027 2284 1100 processionis
2331 1021 2719 1080 communione
2791 1019 3093 1089 disjungis?
3152 1018 3294 1084 Quid
3351 1019 3496 1074 enim

1917 1129 2022 1186 est,
2061 1121 2205 1189 quod
2257 1117 2426 1171 Filius
2471 1116 2650 1184 aliqua
2699 1111 2882 1167 media
2925 1110 3187 1165 relatione
3241 1113 3501 1182 respiciat

1919 1213 2184 1284 Spiritum
2227 1219 2479 1264 sanctum
2519 1223 2615 1262 seu
2663 1203 2901 1274 Spiritus
2934 1213 3164 1263 sanctus
3199 1201 3420 1268 Filium,
3454 1204 3502 1258 si

1915 1305 2324 1378 processionem
2357 1303 2515 1358 istius
2542 1303 2610 1358 ab
2634 1303 2723 1356 illo
2749 1305 2818 1356 de
2849 1301 3034 1356 medio
3061 1300 3346 1356 amborum
3375 1299 3504 1352 abs-

1919 1399 2148 1454 tuleris?
2181 1416 2199 1449 ι
2223 1397 2428 1452 Eodem
2460 1395 2734 1465 pertinent
2750 1402 2808 1448 et
2825 1393 2926 1448 ista
2949 1391 3194 1463 Hugonis
3217 1389 3504 1445 Etheriani

1921 1491 1982 1561 (Ι.
2015 1507 2072 1555 ιι,
2095 1507 2144 1545 c.
2182 1489 2235 1554 5,
2267 1503 2323 1558 p.
2357 1485 2515 1555 1220)
2548 1504 2561 1540 :
2598 1504 2616 1536 ι
2647 1484 2886 1554 Spiritus
2937 1500 3001 1538 ex
3036 1481 3195 1537 Patre
3244 1481 3504 1551 prodiens

1919 1593 2013 1638 aut
2039 1581 2301 1652 centingit
2330 1579 2528 1634 Filium
2565 1587 2660 1632 aut
2691 1593 2804 1634 non
2827 1575 3125 1646 contingit;
3161 1575 3205 1630 si
3235 1590 3348 1628 non
3373 1589 3507 1628 con-

1920 1674 2099 1745 tingit,
2140 1687 2253 1727 non
2288 1677 2372 1724 est
2399 1667 2603 1737 aliquid
2645 1669 2790 1736 quod
2837 1665 3139 1736 conjungat
3183 1674 3239 1719 et
3288 1663 3507 1733 capulet

1919 1767 2058 1822 Filio
2088 1764 2372 1834 Spiritum.
2400 1779 2418 1812 ›
2450 1760 2685 1814 Praztera
2714 1761 2988 1826 ordinem,
3019 1760 3110 1829 qui
3135 1769 3214 1812 est
3240 1757 3295 1811 in
3319 1765 3508 1811 sancta

1856 1847 1894 1900 Β
1922 1859 2219 1921 Trinitate,
2284 1853 2576 1925 perspicue
2630 1854 2831 1908 asserit
2880 1870 2945 1910 ac
3004 1852 3245 1907 declarat
3302 1849 3510 1903 Beccus

1926 1953 2023 2023 (De
2070 1967 2214 2020 proc.
2257 1947 2444 2016 Spirit.
2483 1956 2651 1999 sanet.
2690 1961 2740 2000 c.
2783 1948 2861 2014 8;
2893 1947 2957 2003 G.
2990 1944 3058 2002 0.
3099 1944 3140 2011 Ι,
3183 1943 3282 1999 501
3331 1940 3506 2010 seq);

1925 2048 2016 2101 hic
2046 2061 2176 2099 vero
2205 2044 2340 2098 ordo
2367 2055 2426 2098 ut
2449 2038 2820 2105 necessarius,
2847 2049 3090 2095 aeternus
3120 2046 3284 2107 atque
3314 2034 3514 2089 immu-

1929 2139 2112 2192 tabilis
2132 2153 2196 2191 ex
2220 2136 2557 2208 contingenti
2588 2148 2651 2188 ac
2673 2129 3009 2201 temporaria
3039 2127 3303 2182 missione
3337 2123 3512 2194 repeti

1924 2229 2136 2299 nequit,
2169 2241 2347 2296 neque
2375 2241 2442 2280 ex
2466 2223 2726 2287 essentia,
2745 2235 2871 2291 quaa-
2899 2217 3088 2274 eadem
3115 2217 3169 2269 in
3192 2215 3368 2269 tribus
3389 2227 3514 2282 per—

1927 2323 2076 2378 sonis
2127 2329 2243 2386 est;
2291 2319 2467 2374 solum
2513 2317 2677 2388 igitur
2717 2331 2783 2370 ex
2832 2310 3062 2381 originis
3113 2307 3378 2362 relatione
3418 2320 3514 2374 pe-

1929 2413 2128 2469 tendus
2157 2410 2255 2476 (cf.
2288 2410 2477 2464 Petav.
2512 2407 2588 2460 De
2615 2404 2760 2458 Trin.
2792 2419 2890 2466 vn,
2923 2400 2976 2464 6,
3000 2416 3055 2453 n.
3093 2397 3146 2460 6,
3178 2395 3255 2462 7).
3279 2391 3514 2450 Uberius

1929 2505 2168 2560 ostendit
2199 2502 2364 2571 hujus
2409 2498 2616 2555 ordinis
2645 2504 2898 2551 naturam
2938 2501 2994 2546 et
3027 2488 3340 2552 relationes,
3380 2497 3516 2552 quas

1929 2583 2018 2653 ille
2042 2597 2264 2668 ﬂagitat,
2287 2593 2551 2663 Georgius
2581 2591 2983 2659 Trapezuntius
3009 2582 3110 2655 (De
3136 2596 3282 2651 proc.
3324 2576 3514 2668 Spit-it.

1929 2700 2100 2746 sanet.
2125 2667 2200 2744 ad
2233 2688 2392 2742 Joan.
2425 2683 2651 2740 Cubocl.
2672 2681 2736 2738 ϐ.
2756 2679 2822 2735 0.
2853 2679 2896 2744 Ι,
2917 2677 3022 2734 470
3044 2675 3185 2745 seq.)
3210 2692 3224 2728 :
3254 2691 3273 2724 ι
3299 2667 3516 2724 Triadis

1933 2784 2107 2854 ipsius
2137 2795 2362 2844 nomen,
2393 2777 2591 2847 inquit,
2627 2773 2875 2829 ordinem
2921 2771 3118 2840 signat,
3150 2777 3205 2820 et
3258 2761 3376 2818 ﬁeri
3415 2774 3517 2814 ne-

1931 2852 2070 2948 quit,
2100 2883 2160 2928 ut
2193 2873 2355 2928 Trias
2394 2885 2523 2926 vere
2551 2878 2607 2922 et
2637 2882 2696 2921 re
2729 2866 2847 2935 ipsa
2887 2863 3122 2921 dicatur,
3147 2856 3253 2912 nisi
3296 2852 3522 2909 relatio-

1933 2984 2059 3024 nem
2094 2966 2193 3020 tria
2239 2965 2330 3017 illa
2380 2963 2524 3016 inter
2569 2974 2629 3014 se
2676 2956 2950 3019 habeant;
3004 2965 3130 3006 nam
3168 2947 3214 3002 si
3255 2945 3362 2999 duo
3394 2941 3521 3011 quis

1935 3057 2301 3130 supposuerit,
2337 3071 2460 3124 qua:
2492 3051 2754 3106 relatione
2779 3051 2922 3102 inter
2953 3059 3012 3098 se
3044 3057 3158 3096 non
3189 3037 3518 3098 referantur,

1935 3125 2097 3210 erunt
2123 3152 2234 3206 duo
2263 3150 2348 3202 illa
2380 3159 2604 3217 prorsus
2635 3151 2691 3196 et
2728 3155 2840 3194 non
2871 3138 3124 3192 dualitas.
3152 3130 3308 3198 Quod
3340 3129 3382 3183 si
3417 3125 3522 3180 tria

1937 3252 2064 3301 sunt
2091 3258 2211 3312 qua:
2243 3244 2647 3309 supponuntur,
2683 3233 2724 3286 si
2748 3225 3182 3297 unumquodque
3213 3221 3289 3275 ad.
3311 3217 3523 3286 reliqua

1937 3339 2042 3394 tria
2072 3309 2389 3390 relationem
2427 3329 2670 3390 habebit,
2701 3327 2809 3381 erit
2836 3324 3012 3382 Trias,
3045 3317 3129 3370 sin
3160 3313 3362 3370 minus,
3395 3309 3521 3362 tria.

1934 3429 2101 3500 Igitur
2129 3426 2173 3481 si
2196 3424 2357 3478 Pater
2378 3437 2505 3492 erga
2527 3417 2724 3473 Filium
2750 3426 2804 3471 et
2825 3427 2951 3484 erga
2976 3405 3243 3477 Spiritum
3273 3408 3532 3462 sanctum;

1935 3519 2256 3576 relationem
2287 3516 2454 3570 habet
2500 3511 2841 3572 naturalem,
2889 3517 3009 3558 eam
3051 3513 3174 3568 quae
3217 3491 3523 3550 secundum

1936 3627 2158 3668 causam
2206 3618 2308 3671 est,
2347 3608 2514 3662 Filius
2540 3622 2671 3660 vero
2709 3618 2839 3654 erga
2884 3597 3124 3656 Patrem.
3175 3594 3318 3664 quod
3360 3609 3421 3645 ex
3458 3601 3526 3641 eo

1937 3712 2041 3767 est,
2073 3702 2168 3756 sed
2205 3701 2272 3755 ad
2310 3699 2576 3770 Spiritum
2622 3698 2850 3761 nullam,
2891 3701 3068 3758 neque
3113 3685 3352 3756 Spiritus
3397 3693 3530 3750 erga-

1937 3797 2158 3860 Filium,
2227 3801 2324 3848 aut
2379 3791 2613 3847 dualitas
2651 3788 2818 3843 fuerit
2865 3796 2958 3840 aut
3003 3793 3116 3838 tres
3163 3778 3272 3841 dii,
3319 3782 3375 3829 et
3414 3786 3528 3860 non

1938 3888 2204 3953 Trinitas,
2231 3885 2396 3939 Deus.
2430 3883 2605 3949 Quam
2628 3880 2966 3951 impietatem
2995 3873 3182 3931 sedula
3211 3857 3536 3940 provisione

1941 3981 2281 4036 declinantes
2334 3977 2587 4031 doctores
2644 3975 2852 4041 Optime
2890 3967 3255 4024 afﬁrmarunt,
3288 3953 3441 4028 [282]
3473 3960 3534 4006 et

1941 4070 2327 4130 communibus
2371 4066 2808 4122 Christianorum
2874 4057 3192 4115 notionihus
3265 4045 3540 4109 creditur,

1941 4166 2157 4220 divinas
2187 4163 2510 4233 bypostases
2539 4159 2764 4212 alteram
2803 4154 2960 4212 alteri
2992 4150 3274 4204 adhmrere
3303 4157 3358 4200 et
3393 4157 3539 4199 con-

1937 4257 2125 4330 jungi;
2159 4254 2305 4324 quod
2342 4252 2485 4322 apud
2513 4250 2733 4305 Graecos
2769 4250 2928 4319 plane
2960 4245 3303 4317 antiquatnn't
3333 4246 3437 4298 est,
3472 4242 3539 4287 ut.

1937 4350 2052 4422 jam
2083 4354 2370 4402 versentur
2394 4345 2448 4398 in
2481 4341 2760 4412 periculo,
2794 4357 2864 4394 ne
2891 4337 2960 4392 de
2987 4336 3092 4392 ﬁde
3123 4339 3178 4392 in
3211 4337 3536 4391 Trinitatem

1943 4442 2199 4498 decidant
2227 4438 2362 4508 (82).
2387 4435 2641 4491 Profecto
2672 4433 2726 4485 in
2755 4443 3048 4504 systemate
3079 4430 3350 4486 Photiano
3373 4428 3538 4481 Pater

252 4519 562 4606 straveratit
589 4545 917 4601 vetustiores
953 4546 1212 4617 theologi.
1244 4543 1513 4598 Prteclare
1542 4540 1836 4595 Ansclmus
1861 4546 1916 4604 ])
1943 4534 2161 4606 quidem
2190 4531 2358 4584 habet
2382 4528 2700 4583 relationem
2732 4526 2797 4578 ad
2833 4523 3030 4579 Filium
3063 4532 3119 4578 et
3158 4522 3224 4576 ad
3265 4519 3533 4591 Spiritum

253 4637 709 4709 Ilavelbergcnsis
744 4635 916 4698 episc.
964 4635 1082 4704 (lib.
1127 4653 1167 4689 ιι
1213 4632 1360 4687 Dial.
1398 4649 1443 4687 c.
1484 4632 1570 4691 Η,
1617 4647 1676 4700 p.
1710 4629 1832 4692 179,

253 4732 335 4786 ed.
375 4730 552 4794 Paris,
588 4729 744 4796 1725)
777 4742 790 4778 :
831 4743 851 4776 ι
883 4727 1020 4782 Cum
1062 4726 1180 4780 hazc
1213 4724 1349 4779 dicis
1388 4722 1676 4792 (Spiritum
1706 4736 1836 4775 san-

253 4837 392 4882 ctum
409 4843 524 4881 non
547 4826 846 4896 procedere
868 4840 898 4877 a
921 4819 1263 4893 Filio),[281]
1279 4820 1570 4875 maximam
1595 4817 1836 4884 utrique,

253 4919 387 4974 Filio
441 4918 650 4974 scilicet
686 4917 737 4972 ei
791 4914 1020 4986 Spiritui
1067 4921 1298 4978 sancto,
1357 4910 1615 4982 injuriam
1666 4907 1834 4974 facis;

322 5135 436 5205 (81)
474 5133 590 5189 Huc
630 5142 876 5202 spectant
919 5132 1075 5205 plura
1129 5125 1635 5205 testimoniahap’ud
1672 5125 1835 5180 Allat.

254 5196 560 5276 Vindfﬂsyn.
603 5196 797 5274 Eii/tes.
824 5219 892 5276 _c.
920 5196 1018 5276 :67,
1047 5218 1117 5276 p._
1134 5201 1230 5276 ξὶυ1
1284 5215 1398 5269 seq.
1427 5196 1509 5253 Cf.
1543 5196 1714 5252 Graec.
1747 5214 1837 5250 or-

255 5281 394 5331 thod.
424 5272 630 5340 lf-Hd,
653 5272 795 5340 £75;
823 5273 890 5338 ll,
917 5272 1181 5327 725-728.

323 5348 436 5416 (82)
455 5337 522 5401 Ἰλ.
556 5337 692 5401 αἰι.
727 5337 853 5416 5η).
878 5337 987 5416 ᾇῌ
1023 5363 1036 5397 :
1085 5341 1230 5416 119?);
1255 5340 1496 5416 -τφύτοις
1523 5339 1617 5392 καὶ
1643 5337 1711 5416 7.3.
1741 5339 1838 5416 Ὲῆς

254 5407 480 5486 Τρῆιὰδὸς
505 5417 675 5487 ὄνομα
699 5407 1033 5487 τάξὶνδηλοῖ
1059 5430 1074 5445 ·
1117 5407 1213 5487 icti.
1244 5411 1502 5487 diidvayrov
1535 5409 1728 5487 τριάδα
1751 5407 1842 5487 λέ.-

255 5479 372 5554 γὲιν
422 5479 638 5557 ἀληθῶς
671 5486 771 5558 ,καὶ
802 5479 1303 5558 Δ’πραξίμωιιιτιιςῶτῖςὶ
1339 5481 1413 5551 μὴ
1452 5479 1644 5558 exeat?
1684 5479 1840 5558 ⁸’πρὸς

254 5549 459 5627 ἄλληλα
484 5549 595 5628 ἔχει
627 5557 695 5609 τὰ
723 5549 1059 5628 τρὶαἶξζῗςις
1085 5553 1191 5621 γὰρ
1220 5552 1314 5628 δρα
1342 5549 1476 5628 atad}
1503 5549 1734 5628 dnoOsiq
1765 5549 1840 5619 μὴ

258 5619 441 5698 σχέόιν
481 5619 833 5698 ἒῇξοντανπρὸς
859 5625 1065 5698 ἄλληλα
1097 5619 1318 5698 Ἶοὶᾁνοῦν
1349 5661 1363 5688 ,
1413 5619 1550 5698 δύο)
1603 5621 1663 5698 ob
1708 5619 1841 5681 δυὰς

256 5692 428 5751 rim-
460 5692 582 5751 εῖδὲ
611 5692 855 5768 τρίᾳίεῖη
885 5696 952 5768 τὰ
982 5692 1344 5768 ὒῃοκείμενᾳ,
1380 5695 1430 5768 si
1464 5693 1563 5760 μὲν
1611 5692 1842 5768 ἓῃστον

259 5769 391 5839 πρδς
421 5769 490 5821 τὰ
515 5761 680 5821 λοιπᾶ
703 5767 795 5839 δύο
816 5761 999 5839 σχέᾳιν
1022 5766 1164 5839 ἔχει,
1187 5761 1359 5839 apt-5t;
1376 5763 1554 5839 ﬁeret,
1581 5764 1630 5815 εἱ
1657 5761 1714 5839 δὲἒ
1742 5761 1840 5839 μὴ..

258 5832 401 5908 cpia.
441 5840 500 5892 Et
539 5840 644 5910 ἄρα
696 5838 809 5906 ἔχει
841 5832 1088 5907 δ’[Ιατὴρ
1119 5832 1256 5905 πρὸς
1313 5835 1406 5888 τὸν
1458 5834 1584 5887 Υἰὸν
1631 5832 1728 5887 καὶ
1781 5832 1843 5883 τὸ

1940 4636 2214 4685 sanctum,
2242 4623 2410 4678 Filius
2441 4629 2496 4675 et
2523 4618 2764 4696 Spiritus
2798 4627 3024 4674 sanctus
3067 4613 3385 4668 relationem
3433 4609 3536 4662 ha-

1939 4721 2074 4776 bent
2099 4717 2166 4772 ad
2219 4716 2458 4778 Patrem,
2512 4713 2606 4767 sed
2659 4710 2863 4764 nullam
2916 4707 2985 4761 ad
3030 4705 3293 4774 Spiritum
3343 4699 3533 4762 Filius,

1939 4811 2145 4867 nullam
2167 4807 2236 4862 ad
2273 4805 2470 4860 Filium
2499 4804 2738 4875 Spiritus
2768 4800 3092 4855 relationem
3140 4794 3332 4860 habet;
3381 4792 3539 4845 deest

1940 4902 2167 4959 omnino
2223 4908 2446 4954 mutuus
2478 4911 2651 4951 nexus
2683 4895 2829 4951 inter
2856 4894 2991 4946 duas
3025 4895 3332 4959 postremas
3358 4883 3537 4956 hypo-

1940 5119 2168 5190 Πνεῦμα
2193 5116 2292 5190 τὴν
2315 5112 2436 5190 χέετ’
2468 5109 2649 5190 οιῐτῑαγ
2696 5106 2935 5190 φυνσικῂιί
2966 5107 3186 5190 σχέσιξ,
3216 5101 3244 5154 ὁ
3298 5098 3358 5190 ξὲ
3393 5097 3540 5190 ἱξ”ἱὸξ

1943 5169 2164 5190 ""'r"'
2211 5169 2216 5170 ⁷
2250 5169 2260 5188 Ι
2708 5169 2720 5178 υ
2889 5169 2900 5178 υ
3001 5169 3032 5177 .-
3127 5175 3150 5186 η

1943 5192 2078 5263 πρὸς
2106 5190 2204 5260 μὲν
2235 5186 2326 5263 rev
2364 5182 2583 5263 ῌατέρς.
2613 5179 2728 5250 ἔχει
2755 5180 2840 5263 fiat
2878 5177 2938 5263 ag
2966 5179 3176 5263 red-50's,
3223 5173 3360 5263 πρὸξ
3389 5169 3445 5223 δὲ
3478 5169 3540 5263 Eb

1943 5240 2170 5331 11555;}:
2215 5255 2469 5331 οὑόεμῐᾳν
2517 5240 2674 5331 cii-ie"
2709 5249 2814 5320 μὴν
2869 5240 2933 5331 εδ
2965 5247 3221 5331 Πνεῦμαι
3258 5240 3397 5331 e955
3447 5240 3540 5319 τρν

1946 5311 2167 5401 Υἱὸνθίηῆν
2224 5311 2356 5388 δυὰξ
2397 5325 2548 5401 ξεττ-ἐι
2673 5311 2840 5401 "ipsi;
2867 5319 3083 5401 ἕσρντςι
3115 5311 3382 5401 ἷξεςιὶρμρεὖ
3437 5311 3540 5392 τῆς

2193 5380 2244 5466 ε)
2269 5380 2364 5450 καὶ
2385 5397 2443 5447 οὐ
2483 5380 2654 5466 Τριόίς
2688 5380 2994 5466 ὁῖεξέόίχῆν
3023 5389 3089 5458 δὴ
3117 5380 3375 5466 desiit-ita?
3407 5380 3541 5447 φεύο

1943 5491 2102 5543 γουσι
2131 5457 2241 5533 τγοῖξ
2272 5457 2823 5543 διδατκάὶὶὸιςβαλῷς
2865 5457 3109 5543 λέγεται,
3142 5457 3240 5509 καὶ
3267 5457 3388 5543 tu};
3419 5469 3541 5543 κξι-

1943 5520 2063 5606 δαῖς
2086 5543 2194 5595 τῶν
2222 5520 2577 5608 Χριστιανῷν
2619 5520 2853 5608 ὲννρίαὶς
2905 5520 3221 5608 ετίστεύξται
3250 5565 3266 5590 ,
3306 5520 3542 5608 ἔχεᾳραι

1944 5589 2190 5684 ἀλλῖειλωγ
2211 5589 2312 5684 add;
2342 5607 2495 5684 Θείας
2522 5589 2871 5684 ὑποστάςειᾷ
2894 5601 2930 5684 ⁹ὃ
2957 5603 3069 5663 τοῖς
3093 5589 3542 5684 Γρᾳιιεοῖέόὑδεξ-

1949 5661 2079 5755 urbe.
2123 5661 2360 5755 σώζετῖιι
2391 5718 2406 5742 ,
2458 5661 2620 5755 fita-rs
2658 5661 2996 5755 κινδυῦξέειν
3048 5661 3248 5755 affici);
3302 5662 3429 5755 ﬁcu

1945 5729 2802 5826 ῗξίὰδᾶᾑπνίὲξεῳξ.ἀξοτξίρῖειξις.
2848 5742 3030 5826 Cf.‘et
3057 5729 3540 5794 ΟοιιειειῐιιζΜθιὶ-

1948 5811 2060 5883 ῑεή.
2103 5842 2140 5892 l,
2179 5839 2231 5879 c.
2254 5822 2345 5879 55.
2371 5818 2459 5891 (G.
2493 5815 2556 5872 0.
2592 5815 2658 5882 ll,
2683 5814 2790 5869 724
2823 5811 2964 5882 seq.)
