4032 6420
291 362 392 425 503

984 365 1082 424 DE
1121 365 1181 426 S.
1224 364 1418 424 SPIR.
1466 361 1972 425 MYSTAGOGIA4
2004 387 2076 398 —
2111 359 2862 422 ANIMADVERSIONES.

3462 360 3568 426 510

293 468 635 526 materialem
666 470 1101 532 distinctionem.
1145 471 1290 542 quod
1333 479 1418 525 est
1463 471 1826 542 impossibile.
1862 487 1882 522 ι
1914 469 1966 530 Α
1991 468 2088 522 καὶ
2112 469 2340 538 Πνεῦμα
2373 484 2482 522 non
2511 468 2745 537 amplius
2774 482 2963 522 verum
2999 467 3155 534 fore;
3192 468 3319 524 hinc
3357 478 3412 524 ct
3435 470 3571 526 lies—

293 565 404 618 Ιιιιο
450 577 611 618 secus
655 578 758 617 nec
800 563 930 634 ipsae
964 563 1345 633 proccssiones
1383 562 1878 633 distinguerentur,

290 666 346 709 ut
380 655 627 710 Thomas
655 656 754 722 (ib.
785 655 850 709 ad
879 655 935 723 7)
966 655 1125 710 docet
1157 673 1170 709 :
1201 676 1220 708 ε
1256 653 1494 723 Spiritus
1524 663 1749 709 sanctus
1771 653 1882 710 dis-

290 750 560 819 tinguitur
595 749 957 819 personaliter
1008 766 1038 804 a
1086 747 1224 803 Filio
1276 750 1332 804 in
1375 751 1511 810 hoc,
1547 748 1692 818 quod
1731 747 1882 816 origo

290 845 454 896 unius
481 843 843 912 distinguitur
874 843 942 904 ab
972 841 1182 913 origine
1212 843 1459 896 alterius.
1493 841 1600 896 Sed
1635 841 1748 911 ipsa
1779 840 1882 896 dif-

286 935 521 990 ferentia
555 934 784 1005 originis
812 944 895 989 est
920 950 1016 1004 per
1047 935 1170 997 hoc,
1203 935 1347 1003 quod
1392 933 1564 988 Filius
1593 944 1677 988 est
1703 934 1880 987 solum

287 1039 314 1076 a
346 1021 533 1088 Patre,
582 1023 820 1092 Spiritus
867 1034 1091 1079 sanctus
1135 1039 1267 1078 vero
1309 1041 1339 1078 a
1390 1022 1549 1078 Patre
1591 1034 1648 1078 et
1716 1024 1878 1078 Filio.

286 1116 402 1170 Non
436 1117 585 1170 cnim
615 1118 773 1172 aliter
796 1118 1177 1188 processienes
1200 1118 1692 1188 distinguerentur,
1739 1119 1882 1173 sicut

287 1225 456 1278 supra
520 1218 806 1265 ostensum
859 1220 964 1265 est.
1000 1229 1019 1263 ι
1085 1209 1259 1265 Simili
1337 1212 1500 1265 modo
1540 1211 1652 1280 jam
1723 1211 1881 1280 Hugo

289 1301 622 1356 lCtherianns
683 1302 990 1372 disputaret
1049 1303 1110 1360 ll.
1162 1320 1244 1365 ιιι,
1302 1319 1350 1357 e.
1410 1303 1498 1367 12,
1554 1319 1609 1373 p.
1671 1303 1878 1366 ωιτν.

292 1417 308 1447 ι
351 1394 518 1450 Pater
548 1411 576 1449 a
615 1395 751 1450 Filio
777 1396 882 1449 alia
925 1411 1161 1466 persona
1209 1405 1313 1460 est,
1348 1412 1416 1452 eo
1469 1397 1612 1466 quod
1655 1413 1753 1466 per
1783 1412 1878 1467 ge-

286 1486 629 1540 nerationem
661 1487 710 1540 ei
757 1503 878 1541 esse
910 1497 1152 1556 praestat.
1196 1487 1250 1542 In
1299 1490 1399 1542 hoc
1441 1488 1589 1542 enim
1633 1488 1820 1542 differt
1847 1503 1878 1542 a

284 1579 444 1637 Filio.
475 1580 620 1649 quod
661 1579 709 1633 ei
754 1595 875 1634 esse
923 1581 1016 1636 dat
1064 1597 1162 1651 per
1207 1582 1584 1642 nativitatem;
1627 1597 1817 1636 rursus
1845 1597 1875 1636 a

284 1670 540 1740 genitore
586 1669 758 1724 Filius
800 1670 1002 1736 differt,
1048 1671 1193 1741 quod
1245 1673 1525 1727 nascendo
1574 1671 1771 1741 accipit
1807 1671 1877 1726 ab

286 1761 407 1829 ipso
443 1776 506 1815 ex
521 1761 860 1816 sistentiam.
896 1761 1028 1817 Item
1068 1780 1097 1817 a
1142 1763 1346 1834 Spiritu
1393 1762 1748 1835 sancte[286]
1781 1778 1878 1834 per

286 1855 392 1908 hoc
424 1854 610 1909 diﬂ'crt
659 1853 838 1918 Pater,
887 1856 1011 1926 quia
1057 1872 1181 1911 esse
1225 1857 1298 1910 illi
1346 1857 1456 1920 dat,
1512 1859 1639 1911 dum
1697 1859 1876 1928 ipsum

283 1948 511 2002 ctnittit.
540 1950 607 2002 At
631 1965 758 2003 vero
779 1948 1013 2019 Spiritus
1038 1959 1259 2004 sanctus
1285 1967 1391 2004 non
1415 1952 1484 2005 ob
1500 1951 1642 2006 aliud
1662 1951 1878 2007 exsistit

283 2041 388 2095 alia
425 2059 454 2095 a
486 2041 646 2096 Patre
669 2059 923 2111 persona,
950 2043 1052 2097 nisi
1085 2044 1212 2113 quia
1263 2060 1328 2098 ex
1367 2044 1484 2114 ipso
1527 2045 1876 2114 procedendo

281 2135 508 2204 accipit.
547 2135 712 2202 Igitur
744 2145 798 2189 et
832 2151 860 2189 a
900 2135 1036 2189 Filio
1059 2137 1188 2190 dum
1213 2137 1316 2192 alia
1347 2138 1419 2192 sit
1442 2151 1696 2207 persona,
1731 2138 1873 2192 idern

283 2227 528 2296 Spiritus
567 2236 662 2281 aut
689 2227 765 2282 illi
805 2243 928 2282 esse
957 2228 1050 2282 dat
1088 2238 1182 2283 aut
1227 2229 1296 2283 ab
1337 2228 1456 2298 ipse
1489 2229 1707 2299 accipit.
1754 2229 1873 2283 Non

278 2329 468 2373 autem
505 2320 618 2384 dat,
655 2330 713 2374 ut
747 2320 926 2390 palam
955 2330 1071 2384 est;
1113 2320 1313 2389 accipit
1335 2336 1485 2390 ergo.
1519 2319 1678 2375 Circa
1712 2337 1872 2374 unam

279 2411 434 2464 enim
482 2421 538 2466 ct
589 2412 893 2482 simplicem
939 2411 1303 2466 substantiam
1352 2411 1528 2468 Patris
1563 2423 1618 2466 et
1667 2412 1785 2468 Filii
1819 2421 1876 2467 et

281 2504 528 2572 Spiritus
562 2505 736 2560 sancti
773 2506 933 2558 aliam
969 2515 1166 2575 prazter
1203 2521 1298 2559 cas
1337 2521 1462 2575 qua:
1513 2505 1674 2561 dicta:
1722 2515 1872 2569 sunt,

277 2613 510 2650 causam
538 2596 759 2651 differre
788 2598 856 2651 ad
891 2597 1123 2652 invicem
1146 2597 1393 2668 vixlquis
1413 2597 1713 2667 rectaﬁlidei
1739 2598 1878 2652 assi-

281 2689 494 2760 gnabit.
529 2687 711 2754 Quare
739 2689 781 2742 si
815 2689 917 2742 alia
951 2697 1035 2743 est
1079 2705 1106 2741 a
1157 2687 1292 2743 Filio
1329 2705 1567 2758 persona
1615 2689 1872 2757 Spiritus,

281 2781 555 2835 dictarem
579 2779 814 2849 aliquam
843 2779 1222 2833 habitudinem
1259 2781 1325 2834 ad
1351 2781 1527 2849 ipsum
1560 2781 1746 2835 habet.
1778 2781 1874 2836 Sin

280 2883 471 2927 autem
496 2888 626 2936 non,
669 2873 738 2926 ab
765 2872 884 2942 ipse
915 2889 1024 2926 non
1060 2882 1145 2926 est
1179 2873 1281 2925 alia
1304 2888 1555 2941 persona.
1592 2893 1608 2924 ι
1652 2873 1790 2929 llinc
1821 2887 1876 2929 et

282 2965 633 3034 Nicephorus
660 2963 961 3020 Blemmida
997 2963 1159 3034 (erat.
1203 2964 1258 3029 9.,
1288 2981 1339 3020 c.
1378 2968 1475 3031 M;
1509 2966 1571 3022 ϐ.
1606 2967 1668 3022 0.
1699 2968 1738 3033 Ι,
1784 2970 1873 3037 58)

286 3067 488 3129 pra'tcr
540 3058 644 3111 alia
697 3059 934 3112 absurda
1007 3073 1073 3111 ex
1129 3058 1518 3112 Photianernm
1581 3069 1876 3130 systetnatc

1984 561 2166 616 sarion
2198 559 2301 630 (De
2339 575 2484 627 prec.
2517 558 2703 629 Spiril.
2727 561 2924 620 sancti,
2957 561 3100 628 apud
3140 561 3341 616 Arcud.
3365 561 3566 631 Opusc.

1985 655 2156 711 tlteol.
2185 669 2303 708 aur.
2339 652 2521 723 p.232
2557 651 2701 721 seq.)
2732 652 2958 705 omnino
2975 650 3200 706 Thema:
3235 654 3572 708 concordans

1983 749 2127 803 hanc
2154 745 2586 817 propositionem
2631 754 2937 815 propugnat
2972 761 2986 797 :
3022 744 3083 796 ΕΞ
3123 744 3200 815 μὴ
3232 743 3292 797 τὺ
3345 743 3575 814 Πνεῦμά

1982 841 2130 893 ἐστιν
2159 839 2219 904 ἐξ
2249 837 2397 900 Υὶοῦ,
2415 838 2514 889 αὖγ
2537 836 2602 889 ἂν
2627 835 2791 890 αὐτοῦ
2815 837 3186 907 προσωπικῶς
3217 837 3574 906 διακρίνοιτο.

1983 932 2115 998 Quae
2137 930 2437 994 conclusio,
2469 930 2596 984 licet
2645 929 2896 984 Srotista:
2932 945 3052 984 eam
3089 931 3408 998 negaverint
3437 930 3572 1001 (89),

1983 1027 2241 1096 spectatis
2271 1035 2326 1077 et
2366 1023 2650 1094 perpensis
2672 1022 2896 1077 Patrum
2934 1022 3086 1095 [9.87]
3113 1023 3400 1094 principiis
3430 1025 3572 1079 vali-

1983 1118 2206 1172 dissima
2277 1115 2579 1170 existimari
2652 1117 2834 1170 debet.
2899 1115 3168 1170 Caeterum
3235 1115 3307 1172 cf.
3382 1115 3568 1170 Pctav.

1982 1209 2058 1262 l)e
2088 1207 2232 1262 Trin.
2265 1225 2361 1269 vn,
2392 1224 2441 1261 (τ,
2468 1207 2520 1272 6,
2556 1224 2612 1261 ιι.
2660 1211 2712 1272 (5,
2745 1209 2812 1272 'l;
2851 1223 2900 1262 c.
2950 1208 3002 1274 9,
3057 1224 3113 1264 ιι.
3163 1209 3198 1263 5
3234 1223 3349 1278 seq.
3398 1206 3567 1263 Henr.

1982 1299 2170 1353 liilbcr
2200 1299 2254 1353 in
2291 1298 2444 1372 [288]
2481 1299 2673 1354 Tltcel.
2715 1299 2956 1354 \Virccb.
3005 1309 3166 1354 tract.
3211 1300 3286 1354 De
3323 1299 3431 1354 Deo
3467 1317 3576 1353 uno

1980 1401 2029 1446 et
2055 1393 2214 1458 trino,
2258 1393 2402 1463 disp.
2430 1395 2483 1457 6,
2531 1408 2581 1447 c.
2611 1391 2667 1456 2,
2716 1408 2772 1446 ιι.
2806 1391 2932 1446 407.
2962 1391 3094 1458 Qua:
3140 1408 3264 1447 cum
3314 1393 3389 1446 ita
3438 1392 3568 1457 sint,

1981 1492 2130 1554 patet
2151 1495 2360 1539 tantmn
2387 1485 2579 1539 abesse
2633 1494 2694 1540 ut
2746 1484 2955 1539 Latinis
2979 1485 3160 1554 aliqua
3207 1499 3346 1538 nova
3377 1485 3574 1538 relatio

1979 1577 2400 1648 ellingenda‘sit,
2424 1593 2530 1646 qua
2562 1577 2807 1648 ipsorum
2847 1587 3084 1647 systema
3126 1577 3460 1646 perficiatur,
3511 1586 3572 1633 ut

1978 1685 2093 1741 pra:
2115 1669 2506 1724 Photianorutn
2529 1670 2776 1724 doctrina
2804 1669 2933 1723 illud
2956 1669 3198 1739 undique
3234 1669 3569 1732 absolutum,

1981 1762 2283 1834 perfectum
2327 1762 2543 1832 sibique
2587 1762 2876 1816 coluerens
2916 1761 3265 1826 ostendatur;
3292 1771 3439 1830 patet
3467 1777 3571 1816 ne-

1981 1853 2277 1908 cessariam
2311 1852 2601 1922 quamdam
2644 1852 2831 1922 σχέσιν
2865 1851 3092 1904 omnino
3151 1850 3204 1903 in
3259 1849 3569 1905 scbismati-

1980 1961 2170 2001 corum
2222 1945 2434 2000 theoria
2475 1943 2797 2008 desiderari,
2848 1958 3027 2012 neque
3057 1941 3236 1996 solum
3278 1941 3570 1996 Pbotiiar-

1979 2049 2295 2108 gutnentum
2317 2037 2524 2107 optimc
2543 2036 2868 2105 retorqueri,
2885 2051 3073 2090 verum
3093 2035 3256 2091 simul
3271 2033 3568 2105 oppugnati

1975 2132 2046 2185 ab
2061 2147 2127 2185 eo
2145 2130 2412 2201 dogmatis
2425 2131 2708 2184 veritatem
2728 2129 3160 2183 luculentissime
3179 2127 3566 2182 demonstrari.

2047 2224 2101 2277 8.
2171 2222 2275 2277 Sed
2322 2223 2388 2275 ad
2441 2220 2699 2275 Photiutn
2746 2227 3110 2276 revertamur.
3161 2219 3312 2274 Nova
3361 2219 3568 2289 cflingit

1976 2328 2240 2377 monstra,
2281 2332 2402 2386 qua:
2441 2316 2762 2370 Latinorum
2784 2314 3032 2370 doctrina
3065 2311 3377 2369 necessario
3402 2312 3566 2366 indu-

1975 2422 2082 2466 cat.
2141 2431 2157 2460 ε
2201 2411 2270 2465 At
2302 2411 2582 2465 enimvero
2626 2408 2924 2466 concidunt
2969 2407 3331 2478 proprietates
3375 2421 3567 2476 perso-

1976 2521 2169 2558 narum
2207 2524 2224 2555 ι
2271 2505 2411 2573 (cap.
2442 2505 2522 2566 9).
2557 2503 2823 2558 Videlicet
2856 2519 2869 2555 :
2905 2500 3076 2555 Patris
3101 2499 3406 2570 proprietas
3434 2514 3568 2552 cen-

1977 2597 2220 2653 stitutiva
2264 2607 2350 2650 est
2391 2595 2602 2666 spirare
2656 2595 2956 2665 Spiritum;
2992 2595 3109 2648 hare
3153 2608 3284 2647 vero
3335 2591 3562 2655 tollitur,

1977 2690 2020 2742 si
2065 2689 2373 2744 communis
2407 2689 2478 2744 sit
2509 2689 2733 2758 Spiratie
2763 2697 2818 2743 ct
2849 2686 3007 2741 Filio.
3045 2686 3149 2741 Sed
3183 2686 3313 2740 illud
3350 2701 3565 2740 assum-

1978 2794 2129 2852 ptum
2159 2782 2270 2848 jam
2302 2782 2597 2836 refutatum
2625 2791 2710 2835 est
2747 2781 2800 2835 in
2836 2781 3007 2834 altero
3041 2779 3219 2832 Pbotii
3249 2778 3413 2832 efi‘ato
3441 2779 3558 2850 (su-

1978 2894 2073 2948 pra
2125 2877 2214 2939 llf,
2262 2876 2314 2945 ἐξ
2341 2877 2392 2940 5,
2443 2875 2520 2946 6).
2556 2875 2712 2931 Unde
2746 2877 2893 2930 cadit
2920 2875 3142 2944 etquod
3180 2875 3307 2929 inde
3330 2873 3564 2929 deduci-

1978 2979 2066 3024 tur
2125 2988 2136 3022 :
2201 2987 2218 3019 ι
2277 2968 2439 3024 Pater
2493 2979 2548 3023 et
2596 2969 2765 3024 Filius
2821 2970 2874 3022 in
2929 2985 3092 3023 unam
3157 2967 3568 3024 contrahuntur

1976 3075 2286 3129 personam,
2347 3061 2492 3130 quod
2528 3060 2902 3115 Sabellianutn
2931 3061 3019 3115 vel
3047 3060 3566 3116 Semisabcllianum

285 3151 444 3221 sequi
476 3159 529 3204 et
559 3149 688 3204 illud
714 3149 966 3215 aflirmat,
1006 3149 1068 3202 τὸ
1089 3149 1515 3220 ἀντιδιῃρημένα
1547 3145 1875 3220 εἷναιΛόγον

1982 3163 2083 3209 est.
2132 3174 2150 3206 ι
2187 3184 2258 3194 -
2295 3152 2416 3208 Non
2468 3155 2736 3225 sequitur,
2794 3155 2870 3209 ait
2907 3153 3164 3209 Petavius
3218 3154 3277 3224 (Ι.
3310 3169 3362 3210 c.
3393 3169 3446 3209 c.
3475 3153 3566 3220 10,

365 3299 479 3361 (89)
507 3296 760 3352 Photium
793 3298 874 3366 (ut
895 3296 1180 3366 Scotistasl
1213 3297 1520 3362 censuisse,
1545 3297 1879 3354 sufﬁcienter

289 3369 569 3440 Spiritum
598 3365 850 3440 sanctum
875 3365 1074 3440 aﬂFnlio
1097 3368 1377 3437 distingui,
1409 3369 1514 3422 etsi
1545 3384 1652 3422 non
1679 3369 1879 3426 habeat

287 3438 362 3495 ab
396 3455 463 3493 eo
494 3439 760 3510 originem
789 3480 802 3501 ,
837 3438 1050 3510 scilicet
1095 3455 1160 3492 ex
1217 3456 1302 3510 eo,
1337 3441 1480 3508 quod
1510 3455 1621 3492 non
1688 3441 1876 3494 eadem

290 3512 510 3565 ratione
543 3508 704 3564 atizbo
738 3524 803 3563 ex
852 3508 1012 3562 Patre
1065 3509 1361 3578 procedant
1389 3551 1403 3570 .
1462 3519 1575 3563 tum
1605 3526 1670 3564 ex
1715 3525 1878 3580 opere

290 3591 489 3638 nostro
519 3581 699 3652 colligi
727 3588 940 3652 potest.
975 3589 1087 3652 tum
1121 3596 1184 3633 ex
1216 3580 1282 3634 iis
1327 3580 1679 3652 manifestum
1712 3582 1880 3635 eflici-

290 3664 406 3715 tur,
437 3668 560 3720 qua:
613 3648 672 3704 in
721 3648 1050 3717 Ampliiloch.
1096 3659 1288 3718 quaest.
1323 3651 1393 3704 28
1421 3666 1451 3703 a
1501 3650 1686 3705 Scotte
1732 3653 1879 3707 edita

291 3723 582 3790 (anedam
631 3737 698 3776 ex
750 3721 930 3775 Pbotii
974 3720 1305 3788 Amphiloch.
1353 3720 1576 3790 Neapoli
1631 3721 1787 3785 1814,
1821 3725 1874 3788 4,

290 3810 352 3864 p.
377 3792 571 3864 26-51)
603 3792 698 3864 de
723 3791 812 3846 illa
840 3790 1144 3864 quzestione
1185 3791 1461 3861 disputat:
1499 3791 1555 3845 Si
1584 3807 1650 3864 ex
1687 3793 1879 3848 eodem

291 3861 570 3936 principio
601 3862 772 3936 Filius
809 3869 865 3915 et
888 3861 1125 3936 Spiritus
1153 3874 1378 3936 sanctus
1398 3863 1720 3936 procedunt,
1747 3880 1882 3932 quo-

293 3932 612 3989 inode'nec
661 3933 890 3986 fratrum
947 3932 1370 3999 appellationem
1415 3934 1726 4000 accipient,
1777 3951 1881 3990 ncc

294 4006 391 4060 lilii
435 4019 635 4058 nomen
665 4003 900 4072 Spiritus
929 4015 1152 4056 sanctus
1188 4002 1475 4071 acquirct?
1502 4003 1580 4056 lbi
1612 4004 1663 4056 in
1696 4020 1762 4058 ee
1786 4022 1882 4073 po-

295 4075 575 4130 tissimum
606 4073 844 4140 insistit,
901 4073 1045 4142 quod
1075 4082 1307 4140 uterque
1334 4072 1405 4126 sit
1451 4073 1640 4125 ἐκοτοῦ
1666 4072 1829 4140 αὐτρὖ
1861 4117 1876 4140 ,

291 4145 414 4200 ἀλλ’
445 4145 544 4213 οὐχ
566 4144 850 4209 ὡσαύτως,
888 4144 1030 4214 hanc
1061 4158 1192 4196 vero
1221 4143 1592 4214 diversitatem
1627 4160 1879 4214 progres-

293 4216 476 4271 sionis
511 4215 797 4284 utriusque
827 4213 1072 4268 intimius
1104 4213 1434 4283 perscrutari
1464 4214 1653 4267 sedulo
1689 4215 1876 4280 evitat,

293 4288 476 4341 solum
530 4300 642 4339 rem
691 4286 953 4354 exemplis
997 4284 1321 4353 quibusdam
1369 4299 1436 4338 ex
1489 4285 1653 4339 rebus
1682 4289 1880 4342 creatis

295 4357 608 4426 desumptis
652 4355 925 4410 illustrare
981 4355 1361 4426 quadantenus
1412 4362 1661 4409 conatur.
1711 4375 1728 4406 ι
1762 4356 1880 4411 Jam

295 4444 453 4492 vero,
489 4425 563 4480 ait
583 4429 800 4480 Scottus
836 4429 911 4496 (p.
947 4427 1034 4480 51.
1070 4443 1126 4480 n.
1161 4425 1234 4494 1),
1270 4425 1500 4496 quisque
1533 4427 1696 4488 videt,
1719 4443 1879 4496 quam

297 4499 414 4552 sint
441 4499 639 4567 ineptae
682 4498 1153 4564 comparationes,
1213 4499 1414 4566 quibus
1452 4497 1540 4550 ille
1589 4496 1876 4565 innititur,

295 4585 426 4622 cum
457 4585 563 4632 res,
602 4583 736 4636 quas
775 4570 828 4619 in
850 4567 1161 4636 exemplum
1191 4567 1443 4632 addttcit',
1495 4582 1606 4621 non
1665 4583 1762 4636 per
1794 4569 1879 4623 di-

299 4654 522 4694 versum
564 4637 935 4707 processienis
958 4637 1206 4701 modum,
1231 4639 1325 4692 sed
1356 4653 1454 4707 per
1488 4641 1770 4693 materiem
1801 4639 1886 4694 in-

295 4709 688 4778 dividuantem
715 4716 789 4778 et
810 4709 998 4762 forma:
1029 4708 1402 4763 diversitatem
1443 4709 1849 4778 distinguantur
1867 4750 1883 4775 ,

295 4779 648 4850 quaaomnia
680 4777 737 4832 in
764 4777 969 4850 divinis
998 4779 1250 4848 personis
1287 4777 1880 4850 locuminon‘habent;

296 4849 413 4906 imo
438 4849 825 4920 interdum,_ul
849 4849 1037 4920 videre
1071 4850 1333 4920 estiapud
1368 4852 1428 4903 ι).
1461 4849 1730 4904 Thomam
1761 4867 1816 4920 p.
1843 4868 1883 4914 ι,

296 4939 356 4988 q.
390 4920 499 4984 36,
538 4938 590 4974 a.
632 4918 756 4974 3ad
799 4920 852 4984 1,
918 4918 1305 4989 similitudines
1353 4922 1642 4989 prepositaa
1695 4918 1885 4976 contra

296 4987 556 5047 Photium
591 4990 780 5060 potius
830 4989 1058 5044 faciunt.
1101 5009 1118 5040 ι
1163 4987 1317 5045 Patet
1354 4987 1470 5045 tum
1511 5006 1576 5045 ex
1615 4992 1886 5060 principio

298 5075 420 5116 tum
443 5077 510 5114 cx
538 5059 645 5115 fine
676 5060 840 5128 hujus
879 5059 1263 5130 disputationis
1293 5060 1593 5123 Photianze,
1617 5059 1885 5131 quosdam

299 5132 647 5186 orthodoxos
667 5131 1038 5202 difﬁcultatem
1067 5131 1320 5193 movisse,
1353 5149 1515 5202 quam
1541 5133 1657 5202 ipse
1683 5133 1884 5188 frustra

300 5217 570 5256 enervare
594 5202 899 5269 centeudgt.
946 5201 1218 5256 Cazternm
1253 5201 1396 5256 inter
1429 5201 1648 5258 Grmcos
1694 5213 1886 5257 311111»-

303 5288 416 5336 res,
442 5273 533 5342 qui
563 5271 757 5343 dogma
779 5272 1106 5327 catholicqu
1147 5272 1439 5327 tuebantur
1462 5315 1477 5337 ,
1505 5275 1690 5343 plures
1735 5275 1886 5328 inve-

299 5343 425 5398 nire
448 5341 554 5408 est,
584 5341 678 5412 qui
717 5341 941 5396 Thomas
983 5353 1365 5412 argumentum
1405 5341 1520 5397 non
1559 5345 1882 5408 admittant;

342 5415 506 5468 uibus
548 5413 1096 5484 suffragari_videtur
1141 5413 1406 5483 Georgius
1456 5414 1770 5470 Scholarius
1829 5417 1884 5470 in

331 5485 662 5556 {responsione
695 5482 989 5556 adMAurci
1018 5483 1233 5556 _Epliesii
1277 5482 1636 5556 syllogismos,
1673 5502 1793 5556 cap.
1827 5487 1878 5539 6.

303 5553 463 5622 (Cod.
499 5555 716 5609 Monac.
745 5554 808 5607 '27
845 5553 885 5608 f.
935 5553 1036 5609 194
1066 5572 1116 5608 a.
1153 5555 1293 5623 seq.)
1319 5553 1437 5610 late
1469 5572 1587 5610 eam
1613 5553 1886 5624 rem'per-

306 5636 570 5680 tractans.
606 5625 870 5680 Praeclare
897 5640 1030 5680 vero
1060 5626 1303 5680 ostendit
1329 5626 1639 5689 Bessarien.
1681 5627 1885 5682 doctri-

306 5712 436 5750 nam
483 5697 628 5750 illam
659 5695 838 5750 Pbotii
869 5704 963 5749 attt
990 5694 1126 5749 nihil
1156 5695 1370 5750 efficere
1423 5707 1518 5751 aut
1555 5697 1614 5752 in
1660 5698 1886 5753 Themin

306 5768 574 5824 rationem
609 5767 843 5820 refundi.
878 5766 1083 5837 Quaerit
1115 5767 1261 5821 enim
1291 5765 1566 5836 (Hesperia.
1591 5771 1664 5822 ad
1692 5767 1880 5837 Ephes.

307 5840 494 5910 syllog.
524 5839 622 5905 l8;
657 5839 778 5894 cod.
805 5838 954 5893 citat.
989 5837 1027 5892 f.
1061 5836 1167 5895 230
1196 5855 1248 5892 a.
1285 5839 1366 5909 b.)
1394 5843 1458 5895 ex
1487 5839 1553 5895 iis
1577 5840 1670 5910 qui
1712 5836 1886 5911 Spirio

1982 3313 2094 3356 tum
2124 3311 2177 3355 et
2203 3297 2398 3353 Filium
2423 3298 2769 3353 solummodo
2801 3298 3059 3367 distingui
3087 3310 3280 3367 putant
3309 3300 3433 3361 ταῖς
3457 3297 3571 3351 ἀπὸ

1981 3373 2192 3442 Harpe;
2217 3370 2798 3442 ﬁtatpépthﬁtporﬁmg,
2829 3368 2952 3442 xate'
2980 3369 3046 3442 ἃς
3079 3370 3140 3421 τὸ
3175 3370 3274 3436 μὲν
3307 3371 3570 3438 γεγέννη-
3600 3387 3613 3398 υ

1978 3439 2175 3501 ταιξτὸ
2199 3441 2254 3494 δὲ
2291 3440 2649 3510 ἐκπορεύεται
2675 3481 2689 3502 ,
2726 3440 2922 3510 quaerit
2953 3483 2967 3502 ,
3019 3439 3241 3506 inquam
3269 3480 3296 3510 ,7
3331 3455 3568 3508 quanam

1981 3515 2194 3568 ratione
2218 3509 2450 3566 diversa:
2503 3509 2805 3564 habeantur
2836 3511 3248 3581 progressioncs
3289 3509 3393 3564 ilhc
3423 3510 3567 3575 dum,

1980 3601 2086 3654 qua
2117 3584 2170 3637 in
2203 3599 2262 3637 re
2283 3582 2401 3654 haec
2431 3581 2740 3654 differentia
2780 3581 3066 3654 consistat.
3103 3581 3159 3654 Si
3191 3581 3246 3633 in
3287 3596 3354 3635 eo
3375 3618 3388 3642 ,
3422 3581 3569 3654 quod

1982 3651 2264 3726 generatio
2316 3653 2630 3726 immediate
2671 3660 2757 3706 est
2795 3667 2826 3705 a
2856 3653 3024 3726 Patre
3056 3651 3175 3706 solo
3217 3694 3231 3716 ,
3267 3651 3571 3726 _processio

1981 3721 2114 3779 vero
2145 3741 2243 3793 per
2282 3723 2689 3795 generationem
2750 3721 3088 3795 et_Sp_iritus
3138 3737 3234 3790 per
3255 3721 3484 3795 Filium.
3517 3721 3568 3775 id

1981 3812 2082 3867 pro
2111 3791 2267 3867 nobis
2288 3791 2402 3858 est,
2424 3794 2548 3867 _ait,
2579 3793 2631 3846 id
2668 3792 2782 3867 fere
2819 3793 2872 3846 in
2909 3792 3135 3867 Thema:
3166 3791 3431 3867 rationem
3484 3807 3573 3844 re-

1982 3862 2134 3922 cidit.
2165 3866 2221 3922 Si
2255 3879 2385 3919 vero
2423 3864 2477 3918 in
2502 3879 2587 3928 eo,
2614 3864 2755 3932 quod
2783 3874 3011 3932 utraque
3038 3877 3068 3916 a
3094 3862 3252 3916 Patre
3286 3863 3422 3919 solo.
3441 3871 3571 3918 tunc

1982 3953 2093 3992 non
2119 3937 2354 4005 amplius
2393 3931 2644 4005 possunt,
2665 3933 2835 3987 Filius
2869 3931 2944 4005 et:
2969 3933 3304 4005 Spiritnsgab
3336 3931 3568 3986 invicem

1982 4003 2262 4078 distingui.
2283 4003 2419 4078 Nam
2442 4003 3039 4078 diversw‘quorumdam
3077 4003 3292 4078 πρόοδοι
3329 4011 3456 4058 sunt
3477 4013 3572 4058 aut

1983 4081 2136 4148 παρὰ
2152 4075 2214 4130 ib
2230 4077 2402 4148 αἴτιον
2419 4085 2512 4129 aut
2534 4075 2685 4146 παρὰ
2701 4075 2762 4148 re
2785 4077 3028 4148 αιςιᾳτόν
3045 4092 3068 4148 -_
3087 4075 3360 4148 posterius
3380 4089 3571 4148 rursus

1984 4144 2185 4218 duplici
2201 4147 2362 4202 modo
2379 4161 2501 4218 esse
2517 4144 2699 4218 potest
2721 4144 2929 4215 (διχῶς)
2952 4163 2964 4198 :
2988 4144 3071 4218 vel
3090 4144 3419 4218 quia__princi
3427 4145 3570 4214 piata

1984 4220 2050 4274 ad
2063 4215 2313 4273 diversas
2329 4215 2542 4287 species
2561 4217 2837 4286 pertinent
2853 4218 2935 4269 vel
2957 4215 3083 4287 quia
3103 4215 3166 4287 _in
3190 4215 3404 4287 diversa
3441 4230 3572 4284 snp-

1985 4290 2157 4359 posita
2175 4285 2537 4344 secernuntur
2553 4285 2993 4359 et_tcrminantur
3013 4285 3066 4359 (ἢ
3096 4285 3273 4359 stage
3299 4287 3366 4338 τὰ
3395 4287 3572 4359 ett-rte-

1983 4351 2053 4437 ῗτᾲ
2097 4359 2369 4437 διίιφόρῳν
2390 4359 2556 4437 εἰδῶν
2586 4351 2894 4437 εἷναιῇῆξιὰ
2921 4356 2984 4408 τὸ
3011 4351 3099 4437 ἐἷς
3128 4355 3359 4437 ᾷιὰξρρρι
3392 4356 3572 4437 ῥρίζε-

1986 4429 2108 4483 σθαι
2139 4425 2359 4499 ἄξομαι).
2383 4427 2504 4482 Jam
2543 4443 2676 4482 vero
2724 4425 2893 4481 Filius
2925 4437 2982 4481 et
3010 4425 3244 4496 Spiritus
3278 4427 3419 4499 haud
3481 4441 3569 4480 se-

1908 4520 1961 4580 D
1987 4497 2798 4580 cundumispeciemidifferunt
2819 4537 2834 4560 ,
2888 4512 3054 4580 unam
3081 4507 3136 4551 et
3168 4497 3414 4580 eamdem
3469 4512 3572 4550 nu-

1993 4586 2147 4625 mero
2179 4579 2430 4625 naturam
2470 4579 2524 4623 et
2560 4570 2802 4623 divinam
2855 4567 3147 4622 essentiam
3179 4582 3208 4618 a
3238 4569 3396 4620 Patre
3444 4582 3572 4635 pro-

1989 4641 2286 4708 grediende
2313 4639 2675 4709 accipientes;
2715 4654 2895 4707 neque
2925 4637 3002 4693 sic
3027 4636 3288 4709 differunt
3328 4640 3470 4709 ﬁniti
3499 4637 3572 4709 τὰ

1988 4706 2198 4781 ἄτομαο
2233 4706 2470 4780 primum
2493 4711 2714 4780 quidem
2747 4706 2874 4778 quia
2919 4709 2992 4762 ibi
3027 4707 3172 4781 nulla
3217 4706 3442 4781 materia
3482 4707 3572 4760 ni—

1989 4778 2177 4848 hilque
2206 4778 2446 4836 materia:
2486 4778 2868 4851 analogicutu,
2917 4795 3024 4848 qtta
3072 4778 3318 4851 ejusdem
3359 4788 3569 4851 natura:

1988 4853 2271 4922 supposita
2289 4853 2357 4904 ab
2389 4851 2626 4906 invicem
2656 4848 3017 4922 'separantur
3048 4887 3064 4912 ,
3112 4848 3311 4922 deinde
3333 4848 3464 4922 quia
3515 4858 3571 4904 et

1989 4919 2397 4992 suppositorum
2439 4938 2502 4977 ex
2530 4921 2726 4976 iisdem
2756 4919 2955 4992 causis
2975 4919 3390 4989 progressiones
3417 4921 3570 4992 ejus-

1989 4991 2113 5048 dein
2141 4994 2343 5063 speciei
2370 4993 2677 5062 (ὁμοειδεῖς)
2709 4991 2995 5063 ευιιιςᾼΙιὶρ
3022 5005 3154 5044 vero
3183 5005 3364 5058 neque
3395 4991 3571 5063 amba:

1989 5073 2120 5118 sunt
2149 5061 2553 5135 generationes,
2583 5061 2966 5135 nequeamba:
3015 5063 3436 5135 processienes._
3456 5061 3570 5135 Re-

1989 5144 2095 5206 stat
2125 5131 2255 5206 ergo
2281 5133 2727 5206 progressionem
2754 5131 3118 5206 differentiam
3145 5131 3449 5206 esscﬁxati
3478 5134 3572 5206 cev

1986 5204 2082 5257 τοῦ
2111 5201 2295 5258 uitiati
2334 5201 2511 5271 λόῖίον.
2547 5204 2653 5257 Sed
2687 5204 2729 5257 si
2760 5203 3049 5272 utrobique
3093 5219 3234 5256 unus
3274 5201 3432 5256 Pater
3465 5203 3573 5258 erit

1987 5276 2183 5338 αἴτιος,
2218 5284 2349 5329 tunc
2371 5284 2521 5329 certe
2542 5291 2608 5328 ex
2637 5284 2789 5344 parte
2804 5273 2908 5344 ζεοιῦ
2930 5273 3114 5344 αἰτίου
3156 5274 3300 5327 nulla
3347 5289 3570 5342 prorsus

1988 5345 2316 5406 differentia,
2365 5357 2420 5401 et
2467 5342 2748 5399 distinctio
2797 5342 3035 5414 Spiritus
3073 5353 3128 5398 et
3173 5345 3293 5399 Filii
3346 5344 3572 5398 omnino

1988 5417 2155 5480 cadit,
2189 5416 2262 5470 ita
2297 5427 2357 5470 ut
2384 5431 2490 5469 una
2555 5425 2765 5469 tantum
2805 5430 3036 5484 persona
3089 5415 3323 5468 evadant
3347 5454 3363 5478 ,
3420 5415 3568 5483 quod

1953 5515 1956 5518 -
1987 5486 2282 5542 absurdum
2311 5497 2369 5542 et
2408 5486 2530 5541 fidei
2567 5500 2896 5555 repugnans.
2942 5484 3177 5540 Necesse
3216 5495 3299 5540 est
3323 5499 3473 5554 ergo,
3523 5485 3568 5538 si

1988 5557 2186 5611 divina:
2221 5572 2467 5626 persona:
2489 5557 2558 5610 ab
2592 5558 2826 5610 invicem
2855 5555 3252 5625 distinguendae
3293 5567 3441 5619 sunt,
3475 5570 3571 5610 eas

1987 5625 2256 5698 oppositis
2279 5627 2636 5683 relationibus
2657 5627 2957 5682 secundum
2980 5626 3325 5698 principium
3339 5632 3394 5680 et
3416 5625 3572 5694 prin-

1987 5694 2247 5768 t-ipiatum
2278 5699 2538 5767 distingui
2575 5707 2632 5752 et
2676 5698 2938 5767 Spiritum
2976 5694 3176 5768 {Filio
3205 5705 3262 5750 et
3306 5697 3472 5768 Patre
3499 5699 3569 5768 τῇ

1987 5765 2081 5822 re?)
2108 5765 2551 5840 προσᾳλλομὲὒου
2585 5765 2846 5840 πρὸςίτὸν
2872 5765 3257 5840 ,πρᾳξάλλογτα
3299 5765 3566 5840 διαφορᾷ]

1987 5841 2082 5896 καὶ
2119 5837 2196 5911 μὴ
2225 5837 2401 5904 ἄλλως
2435 5837 2830 5913 διακρίὺεσθαι.
2865 5838 2956 5894 Sit:
2983 5837 3287 5894 Bcssarion.
