4032 6430
326 379 432 444 513

1011 379 1106 438 DE
1141 380 1200 438 S.
1244 379 1438 441 SPIR.
1479 377 1986 438 MYSTAGOGIA.
2039 405 2081 412 -
2111 379 2861 447 ANIMADVERSIONES.

3480 391 3588 457 511

315 490 584 562 principia
641 489 857 545 diversa
897 505 928 542 a
965 487 1208 555 Latinis;
1241 491 1503 558 secundo,
1531 492 1737 546 nullam
1773 507 1896 548 esse
1920 498 1975 556 Α
2000 493 2186 548 eadem
2241 495 2451 548 ratione
2497 505 2572 549 est
2617 514 2780 552 causa
2811 499 2934 566 filii,
2966 517 3069 568 qua
3095 518 3288 572 parens
3317 506 3588 578 utriusque

311 586 608 648 rationem,
658 598 758 636 cur
809 591 918 636 tres
959 598 1204 652 persona:
1234 584 1628 655 principiantes
1662 587 1730 640 ad
1758 587 1900 642 intra

311 685 652 738 statuantur,
707 675 815 729 imo
866 675 1076 730 admitti
1117 692 1210 732 eas
1255 693 1368 732 non
1406 695 1587 749 posse,
1616 695 1742 734 esse
1769 697 1902 736 vero

315 771 611 831 rationem,
662 785 762 824 cur
789 769 1001 824 duabus
1043 771 1292 839 personis
1320 774 1573 844 principii
1610 775 1749 830 ratio
1777 776 1902 830 vin-

311 863 567 928 dicetur,
619 862 748 916 licet
795 877 904 916 non
965 872 1025 918 ιιι
1079 880 1329 934 personae
1362 867 1634 922 distinctae
1678 868 1732 923 in
1775 886 1901 940 pro-

309 959 570 1013 cessione
621 955 1006 1026 concipiantur
1051 954 1146 1027 (cf.
1200 973 1362 1028 supra
1413 959 1505 1025 111,
1557 959 1692 1030 91).
1743 959 1900 1027 Quod

308 1051 380 1105 ad
435 1051 709 1121 posterius
745 1050 959 1112 attinet,
994 1051 1046 1104 id
1077 1053 1160 1106 vel
1182 1053 1299 1122 ipsa
1331 1053 1506 1108 Patris
1529 1055 1770 1109 ostendit
1803 1071 1902 1126 ap-

307 1145 557 1215 pellatio,
601 1159 708 1213 qua
745 1144 936 1215 πρώτη
975 1146 1121 1198 αἰτία
1151 1147 1246 1199 καὶ
1269 1147 1410 1218 ἀρχὴ
1446 1153 1900 1220 προκαταρκτικὴ

307 1247 682 1308 nuncupatur,
723 1237 980 1290 nimirum
1025 1247 1086 1290 ut
1127 1239 1228 1294 hac
1253 1241 1612 1312 prmrogativa
1643 1257 1902 1296 secerna-

308 1339 402 1385 tur
451 1331 520 1384 ab
559 1331 672 1394 illa,
718 1345 840 1398 qua:
877 1337 961 1384 est
999 1330 1143 1401 ἀρχὴ
1177 1331 1234 1398 ἐξ
1266 1332 1441 1402 ἀρχῆς
1479 1349 1709 1403 quicque
1736 1335 1900 1387 etiam

309 1421 459 1493 ἀρχὴ
515 1421 836 1491 simpliciter
897 1423 1097 1476 dicitur
1149 1424 1292 1494 (vide
1345 1425 1484 1480 infra
1553 1426 1714 1497 Greg.
1767 1425 1898 1481 Naz.

303 1513 492 1584 §21);
544 1513 696 1584 prius
747 1531 879 1568 vero
909 1531 1020 1569 non
1051 1517 1232 1572 minus
1260 1535 1325 1572 ex
1358 1519 1517 1575 dictis
1547 1529 1717 1590 patet.
1755 1521 1902 1576 Scite

307 1611 538 1658 sanctus
579 1601 818 1659 Thomas
863 1605 938 1675 (q.
991 1607 1082 1671 50,
1136 1617 1238 1662 art.
1269 1609 1304 1662 2
1329 1611 1396 1664 ad
1425 1610 1479 1678 4)
1509 1629 1521 1664 :
1565 1630 1583 1661 (
1618 1609 1903 1681 Oppositio

307 1695 592 1751 relationis
633 1711 742 1749 non
779 1697 1068 1767 permittit,
1107 1707 1168 1753 ut
1215 1716 1338 1754 eum
1369 1701 1634 1756 relatione
1663 1703 1900 1772 Spiritus

309 1788 486 1842 sancti
522 1787 590 1841 sit
625 1788 815 1842 relatio
839 1789 1089 1859 principii
1125 1803 1376 1862 reSpectu
1398 1795 1599 1849 divinae
1625 1811 1896 1864 personas,

301 1881 440 1952 quia
473 1883 586 1950 ipse
625 1882 858 1950 procedit
893 1883 960 1936 ab
998 1884 1121 1937 aliis
1170 1888 1427 1953 personis,
1477 1904 1594 1956 qua:
1623 1890 1676 1940 in
1713 1888 1901 1942 divinis

303 1990 420 2028 esse
462 1983 695 2041 possunt.
737 1992 755 2024 ι
787 1973 976 2044 Neque
1009 1979 1381 2048 congruentia:
1415 1983 1554 2035 ratio
1582 1981 1708 2035 inde
1730 1982 1900 2051 petita

303 2067 486 2138 juvat,
530 2065 675 2136 quod
719 2067 779 2118 τὸ
820 2069 1098 2137 τριαδικδν
1153 2071 1325 2142 magis
1371 2072 1550 2126 locum
1601 2073 1802 2128 habeat
1843 2075 1899 2129 in

309 2159 601 2223 Trinitate,
627 2174 789 2226 quam
815 2159 876 2212 τὸ
908 2161 1180 2224 δυαδικδν,
1218 2165 1496 2220 ternarius
1527 2167 1698 2237 magis
1735 2183 1899 2236 quam

315 2252 583 2309 binarius.
636 2249 829 2307 Nonne
876 2261 930 2308 et
972 2271 1002 2308 a
1041 2256 1325 2312 Photianis
1366 2258 1427 2310 τὸ
1466 2256 1615 2330 [29⁸2]
1646 2259 1901 2314 δυαδικὲν

307 2345 642 2408 admittitur,
681 2346 808 2399 dum
853 2348 1072 2408 docent.
1110 2349 1164 2402 in
1200 2349 1467 2404 Trinitate
1495 2367 1616 2404 esse
1641 2351 1700 2403 τὸ
1731 2352 1901 2423 ἄναρ-

309 2459 408 2511 χον
447 2443 539 2496 καὶ
576 2441 644 2495 τὶ
693 2443 760 2507 ἐξ
794 2443 990 2514 ἀρχῆς,
1039 2442 1173 2495 duas
1208 2457 1471 2511 personas
1497 2458 1620 2496 esse
1652 2443 1895 2507 αἰτιατὰ,

309 2534 590 2603 duplicem
619 2551 741 2589 esse
771 2529 1019 2604 πρόοδον,
1059 2535 1471 2605 generationem
1505 2547 1561 2589 et
1595 2537 1900 2604 processio-

309 2627 480 2680 nem?
513 2626 669 2680 Nulla
703 2627 902 2681 exhinc
943 2629 1192 2696 sequitur
1217 2628 1474 2682 dissectio
1508 2643 1571 2681 ac
1605 2627 1800 2682 divisio
1843 2629 1900 2682 in

313 2717 606 2790 Trinitate,
649 2734 830 2788 neque
869 2717 1046 2773 Patris
1079 2720 1439 2790 prtcrogativa
1466 2720 1759 2790 quidquam
1793 2719 1898 2774 mi-

309 2809 524 2872 nuitur,
567 2789 622 2864 et
667 2826 736 2864 ex
777 2811 940 2865 dictis
993 2821 1161 2881 patet.
1209 2789 1576 2878 Quamobrem
1612 2828 1720 2866 non
1756 2823 1896 2878 erat,

309 2917 416 2954 cur
442 2902 685 2970 iPhotius
729 2920 742 2956 :
779 2921 798 2952 ‹
841 2902 1276 2956 Christianorum
1323 2903 1547 2958 auribus
1581 2903 1901 2960 intolerabi-

313 2995 412 3058 lia,
465 2995 802 3048 iracundiam
834 3011 986 3064 aeque
1032 3011 1094 3049 ac
1145 2997 1349 3049 luctum
1374 2997 1669 3051 excitantia
1699 3017 1716 3049 ι
1751 2998 1897 3068 (cap.

313 3087 428 3154 13),
461 3101 582 3156 quae
615 3085 930 3140 Latinorum
960 3087 1225 3141 doctrinae
1263 3087 1604 3142 consectaria
1639 3087 1811 3158 logice
1838 3104 1901 3143 ac

311 3195 446 3234 vere
480 3179 790 3234 necessaria
837 3189 984 3244 sunt,
1018 3181 1354 3244 traduceret;
1385 3181 1595 3235 nullum
1630 3197 1697 3236 ex
1725 3181 1902 3236 allatis

309 3270 568 3324 absurdis
607 3269 863 3324 Ecclesiae
900 3271 1256 3326 occidentalis
1286 3271 1481 3342 dogma
1505 3271 1651 3326 ferit.

393 3363 478 3415 11.
529 3361 658 3416 Post
697 3363 799 3416 alia
847 3363 954 3417 duo
999 3374 1317 3434 argmnenta
1346 3363 1458 3433 jam
1489 3365 1746 3434 superius
1778 3381 1904 3435 per-

311 3468 488 3524 pensa
518 3454 629 3520 (lil,
665 3453 716 3525 §§
741 3454 794 3518 4,
824 3455 856 3510 8
879 3455 1046 3526 seq.),
1081 3457 1152 3510 ita
1181 3455 1410 3510 Photins
1439 3465 1561 3526 (cap
1593 3457 1678 3526 16)
1709 3473 1903 3528 prose-

314 3547 504 3614 quitur
553 3563 566 3600 :
609 3565 628 3597 ι
678 3545 865 3617 Neque
904 3547 1006 3603 hoc
1043 3549 1508 3616 praetereundum,
1556 3550 1700 3618 quod
1733 3552 1906 3619 ipsam

313 3653 608 3707 personam
643 3639 819 3693 Patris
853 3640 904 3693 in
937 3641 1073 3694 duas
1106 3641 1268 3711 impia
1301 3643 1390 3698 illa
1423 3643 1673 3698 doctrina
1712 3645 1906 3698 dividit

311 3731 402 3784 vel
466 3731 691 3786 omnino
743 3731 864 3786 Filii
923 3749 1214 3803 personam
1278 3735 1331 3789 in
1392 3747 1602 3807 partem
1660 3747 1906 3806 paterna-

316 3823 678 3893 bypostaseos
717 3837 1054 3894 assumptum
1107 3828 1374 3883 decernit.
1438 3849 1456 3882 ι
1511 3829 1677 3899 quue
1729 3847 1796 3884 ex
1840 3847 1905 3886 eo

313 3915 670 3986 potissimum
726 3919 938 3986 probat,
975 3921 1122 3988 quod
1172 3939 1191 3972 ι
1237 3919 1398 3976 Pater
1442 3939 1553 3976 non
1583 3924 1794 3977 ratione
1820 3940 1908 3978 es-

313 4011 538 4076 sentiae,
585 4013 679 4068 sed
729 4015 942 4068 ratione
988 4033 1233 4085 persona:
1273 4019 1344 4072 sit
1371 4035 1535 4072 causa
1565 4035 1757 4072 eorum
1785 4037 1907 4088 quae

312 4120 383 4159 ex
421 4105 562 4173 ipso,
609 4123 626 4155 ›
662 4107 806 4174 quod
851 4107 1083 4173 axioma,
1119 4118 1282 4176 prout
1313 4109 1403 4163 hic
1436 4110 1681 4179 ponitur,
1707 4111 1904 4167 falsum

312 4213 442 4254 esse
469 4203 911 4265 demonstrath
957 4210 1039 4256 est
1093 4201 1210 4272 (Ill,
1254 4202 1281 4274 ᾗ
1309 4203 1418 4274 11).
1452 4203 1570 4258 Non
1604 4205 1905 4277 incongrue

312 4301 510 4346 contra
555 4291 840 4346 Nicofaum
885 4293 1298 4350 Methoncnseni
1337 4297 1536 4352 similia
1565 4299 1902 4355 effutientem

315 4385 392 4437 ita
431 4385 654 4438 disserit
688 4385 844 4457 llugo
880 4388 1213 4442 Etherianus
1247 4388 1306 4458 (l.
1339 4407 1399 4456 ιι,
1433 4406 1482 4444 c.
1507 4391 1564 4458 4,
1603 4408 1656 4460 p.
1695 4391 1854 4460 1218)
1888 4411 1902 4446 :

321 4497 340 4527 ι
380 4475 730 4532 Manifestum
779 4481 926 4548 quod
979 4479 1152 4534 Filius
1195 4481 1369 4536 Patris
1405 4498 1696 4552 personam
1727 4493 1784 4538 ut
1810 4501 1904 4556 pa—

315 4568 550 4622 tientem
599 4569 876 4624 defectum
926 4571 1163 4640 aliquem
1220 4589 1330 4626 non
1380 4575 1672 4644 adimplet;
1725 4592 1906 4646 neque

317 4660 591 4730 quispiam
645 4661 823 4730 ipsum
867 4659 1064 4715 Filium
1113 4675 1326 4732 partem
1367 4679 1487 4718 esse
1515 4681 1766 4733 persona:
1801 4665 1905 4720 Pa-

319 4753 440 4816 tris,
481 4767 546 4806 eo
573 4754 720 4822 quod
759 4754 1000 4822 Spiritus
1035 4771 1100 4808 ex
1131 4755 1248 4824 ipso
1281 4757 1558 4825 procedat,
1591 4758 1776 4813 dicere
1808 4775 1904 4814 co-

314 4847 482 4917 gitur.
519 4848 804 4912 Quomodo
838 4848 984 4902 enim
1015 4848 1056 4901 si
1091 4846 1262 4902 Filius
1293 4850 1488 4904 eadem
1525 4851 1736 4906 ratione
1773 4868 1906 4906 eon-

315 4925 644 4994 ntimeratur
687 4940 856 5004 Patri,
908 4957 1014 5009 qua
1066 4941 1303 5010 Spiritus
1354 4944 1610 5013 utrique,
1655 4962 1906 5014 persona:

315 5034 498 5090 Patris
537 5035 716 5105 portio
761 5035 1072 5090 inveniatur
1109 5035 1322 5091 Filius?
1359 5039 1506 5094 Sane
1546 5038 1589 5094 si
1636 5049 1766 5093 nata
1809 5040 1906 5094 Lot

393 5215 509 5292 (92)
557 5215 694 5292 Quae
743 5219 872 5292 huc
903 5219 1307 5292 quodammodo
1365 5229 1611 5290 spectant
1667 5220 1909 5292 liugonis

321 5287 608 5341 Etheriani
643 5290 806 5360 verba
838 5289 896 5359 (l.
928 5287 971 5353 ⁷ι,
1003 5307 1053 5344 c.
1093 5290 1178 5350 12,
1225 5305 1278 5358 p.
1311 5287 1467 5358 19.06)
1499 5293 1553 5344 in
1583 5287 1907 5360 quibusdam

320 5367 582 5432 corrupta
617 5359 892 5432 videntur.
928 5361 1152 5432 Legitur
1175 5361 1322 5432 apud
1373 5359 1626 5416 eumdem
1655 5381 1668 5416 :
1729 5383 1748 5414 ι
1787 5362 1906 5417 Νοιι

319 5428 504 5482 οιιιιιίε
533 5431 837 5501 preprietas
889 5428 1176 5501 personam
1207 5428 1492 5496 describit,
1547 5433 1601 5486 id
1631 5443 1714 5488 est
1769 5433 1908 5488 sicut

319 5513 388 5552 ea
410 5499 692 5582 aequaliter
720 5502 792 5582 (?)
828 5499 901 5565 ei,
929 5519 1050 5582 quae
1083 5517 1370 5582 segregare
1405 5513 1657 5582 naturam
1685 5513 1908 5582 putatur

319 5583 353 5622 a
408 5569 654 5645 reliquis,
701 5569 783 5626 sic
805 5569 1052 5641 qumdam
1084 5569 1450 5645 proprietates
1476 5575 1530 5628 in
1571 5574 1654 5629 his
1685 5569 1910 5645 quidem

320 5654 444 5708 qua:
472 5642 812 5722 diversarum
846 5644 1278 5728 substantiarum
1311 5652 1461 5728 sunt,
1495 5642 1782 5728 segregant
1807 5661 1910 5698 na-

319 5719 504 5764 turam
537 5728 556 5786 ;_
587 5711 664 5786 in_
687 5715 1267 5780 consubstantialibus,
1325 5715 1380 5769 id
1407 5723 1512 5780 est,
1561 5711 1622 5769 in
1656 5711 1760 5770 ‘his
1790 5733 1912 5786 qua:

319 5790 456 5858 sunt
509 5781 758 5858 ejusdem
811 5799 1048 5858 naturae,
1103 5801 1236 5840 vero
1292 5801 1585 5858 personam
1644 5781 1911 5858 insignire

319 5849 594 5920 videntur,
635 5864 694 5909 ut
727 5855 778 5910 in
811 5855 1030 5910 homine
1069 5865 1124 5910 et
1154 5849 1308 5927 equo'
1337 5855 1538 5910 risibile
1580 5849 1912 5929 atqucvhin-

1935 1861 1974 1915 Β

2006 604 2168 642 causa
2203 589 2431 653 exsistit,
2467 588 2693 644 minime
2725 590 2840 660 ipsa
2865 591 2919 644 in
2957 602 3198 662 paternae
3231 598 3590 666 compositio-

2001 695 2127 733 nem
2161 695 2408 749 personze
2432 681 2686 751 adigitur.
2727 702 2744 735 ι
2781 681 2976 738 Photio
3005 702 3136 740 vero
3163 689 3237 741 ita
3261 687 3419 761 Hugo
3440 693 3499 761 (ι.
3525 708 3587 756 ιι,

2001 789 2048 827 c.
2076 773 2158 836 18,
2181 773 2421 842 p.1233)
2445 775 2678 829 breviter
2705 778 2998 847 respondet
3031 797 3043 833 :
3080 779 3230 853 [295]
3265 781 3480 838 «Vanus
3507 796 3592 840 est

2001 879 2182 920 sermo
2223 877 2277 919 et
2307 865 2576 931 inefficax,
2612 869 2703 938 qui
2741 879 2969 940 prOpter
2995 887 3218 927 causam
3258 884 3315 929 et
3343 879 3589 932 causati-

2001 971 2128 1008 vum
2175 971 2464 1025 personam
2511 959 2687 1012 Patris
2717 960 2774 1013 in
2810 961 2918 1016 duo
2946 961 3142 1018 dividit
3173 975 3268 1020 aut
3300 967 3422 1022 Filii
3459 985 3590 1039 per-

2000 1065 2191 1104 sonam
2233 1049 2409 1106 Patris
2463 1067 2716 1120 persome
2761 1067 2982 1108 causam
3019 1055 3078 1126 (ι.
3107 1059 3343 1126 partem)
3378 1062 3591 1114 consti-

2003 1143 2126 1197 tuit.
2196 1142 2370 1198 Causa
2426 1143 2550 1214 (ed.
2602 1147 2857 1216 causam)
2915 1148 3062 1200 enim
3129 1157 3186 1203 et
3247 1152 3589 1206 causativum

2001 1233 2256 1289 nesciunt
2299 1249 2593 1305 personam
2624 1235 2888 1301 dividere,
2919 1253 3100 1306 neque
3127 1237 3180 1291 in
3211 1239 3588 1295 inferioribus.

1998 1326 2118 1379 Non
2150 1342 2279 1397 ergo
2305 1341 2470 1380 causa
2498 1329 2770 1382 exsisteus
2797 1344 2923 1383 cum
2949 1329 3109 1384 Patre
3133 1331 3373 1402 Spiritus
3398 1333 3592 1389 dividit

2003 1419 2216 1490 (Filius)
2251 1430 2534 1489 paternam
2569 1437 2884 1490 personam.
2928 1439 2947 1472 ι
2985 1421 3256 1478 Praeterea
3285 1426 3434 1479 card.
3465 1425 3595 1480 Bes-

2002 1509 2207 1576 sarion,
2245 1526 2331 1579 ep.
2365 1513 2436 1564 ad
2467 1509 2622 1564 Alex.
2651 1509 2876 1565 Lascar.
2905 1529 2953 1568 c.
2985 1515 3014 1566 7
3046 1513 3106 1583 (l.
3137 1530 3186 1569 c.
3220 1532 3272 1584 p.
3303 1515 3459 1588 1065)
3489 1517 3594 1574 hoc

1999 1608 2162 1670 pacto
2216 1612 2602 1673 argumentum
2653 1603 2710 1657 in
2763 1603 3061 1660 Pbotianos
3107 1615 3435 1676 retorquet:
3479 1629 3496 1661 ι
3533 1609 3593 1664 Si

2001 1696 2280 1764 generatio
2324 1707 2379 1751 et
2419 1697 2646 1767 spiratio
2695 1697 2770 1751 ita
2822 1711 3008 1752 essent
3063 1701 3298 1770 proprize
3343 1719 3592 1772 personae

2003 1799 2249 1857 paternae
2284 1831 2299 1854 ,
2366 1799 2428 1845 ut
2478 1801 2710 1861 utraque
2756 1807 2856 1860 per
2927 1807 2985 1846 se
3044 1795 3404 1850 constitueret
3475 1797 3595 1867 ejus

2005 1896 2326 1950 personam,
2377 1884 2808 1954 uniuscujusque
2871 1901 3001 1942 vero
3044 1888 3384 1956 operationis
3443 1889 3596 1959 prin-

2005 1973 2202 2044 cipium
2242 1985 2325 2029 est
2363 1977 2558 2045 forma,
2609 1978 2730 2032 duae
2765 1979 2953 2034 formae
2995 1981 3116 2050 (per
3162 1981 3395 2036 formam
3431 1983 3596 2038 intel-

2003 2063 2224 2134 ligimus
2274 2065 2606 2136 principium
2655 2067 2848 2121 harum
2903 2069 3136 2124 duarum
3185 2073 3594 2144 Operationum)

2003 2165 2191 2209 essent
2236 2157 2526 2228 principia.
2587 2157 2693 2212 Sed
2747 2176 3094 2229 unaquaeque
3143 2159 3344 2229 forma,
3397 2164 3450 2217 id
3485 2174 3591 2228 est,

2005 2250 2432 2318 unumquodque
2515 2251 2842 2321 principium
2924 2254 3264 2322 Operationis
3326 2259 3594 2311 constitu-

2005 2339 2130 2395 tivae
2173 2358 2296 2396 cum
2328 2344 2415 2396 illa
2445 2345 2766 2413 Operatione
2798 2343 3034 2414 aliquant
3065 2362 3356 2415 personam
3384 2349 3596 2403 consti-

2008 2433 2129 2498 tuit,
2167 2435 2310 2488 sicut
2355 2437 2610 2499 essentia,
2648 2453 2768 2506 quae
2797 2447 2883 2491 est
2913 2437 3248 2508 principium
3282 2441 3594 2508 generatio-

2008 2523 2093 2579 nis
2145 2525 2356 2590 activat,
2414 2543 2538 2581 cum
2579 2527 2693 2596 ipsa
2749 2529 3099 2598 generatione
3139 2527 3357 2583 Patrem
3389 2532 3596 2586 constio

2010 2619 2150 2684 tuit;
2193 2627 2247 2673 et
2290 2619 2368 2675 sic
2417 2619 2582 2674 Pater
2634 2631 2800 2674 essent
2834 2623 2950 2676 dua:
2982 2639 3236 2691 persome.
3273 2621 3386 2677 Hoc
3412 2634 3595 2678 autem

2011 2711 2402 2767 inconveniens
2426 2723 2529 2768 est.
2571 2734 2590 2768 ι

2083 2805 2166 2860 12.
2246 2807 2410 2861 Docet
2441 2807 2669 2864 Pbotius
2701 2813 2842 2882 (cap.
2879 2810 2966 2879 17)
2998 2820 3054 2866 et
3075 2812 3166 2880 qui
3199 2828 3324 2866 eum
3347 2827 3596 2882 sequun-

2007 2903 2114 2962 tur,
2149 2907 2208 2952 ut
2246 2897 2501 2953 Nicolaus
2547 2900 2924 2957 Methonensis
2951 2903 3022 2974 (c.
3057 2905 3148 2974 24)
3187 2921 3200 2956 :
3240 2901 3416 2957 Omne
3453 2903 3598 2972 quod

2003 2990 2286 3058 pr0prium
2342 2992 2506 3046 unius
2553 3004 2655 3059 est,
2715 2996 3226 3065 quoditranslatum
3275 2995 3600 3050 tie-duobus

2004 3082 2126 3135 aliis
2155 3084 2378 3148 dicitur,
2423 3086 2466 3139 si
2509 3087 2576 3140 de
2620 3097 2852 3157 utroque
2887 3089 3004 3158 pari
3051 3089 3214 3142 modo
3261 3089 3596 3150 verificatur,

1929 3216 1974 3278 Ο
2007 3179 2500 3234 consubstantiales
2519 3196 2612 3234 eos
2634 3181 2906 3248 ostendit;
2931 3181 2975 3234 si
2999 3196 3126 3234 vero
3149 3180 3216 3234 de
3234 3195 3343 3234 uno
3364 3186 3596 3244 tantum,

2009 3286 2118 3323 non
2163 3280 2348 3325 autem
2391 3272 2458 3325 de
2509 3273 2683 3326 altero
2723 3289 2914 3328 verum
2957 3273 3082 3338 erit,
3119 3272 3347 3327 diversae
3385 3281 3599 3325 natura:

2008 3380 2102 3418 eos
2135 3381 2256 3418 esse
2288 3365 2617 3418 manifestat.
2665 3365 2821 3430 Quod
2857 3365 3122 3420 continuo
3162 3363 3428 3433 exemplis
3473 3363 3598 3416 illu-

2009 3466 2180 3510 strare
2212 3459 2468 3520 student;
2513 3457 2724 3512 risibile
2765 3475 2816 3512 v.
2854 3474 2936 3529 gr.
2970 3457 3038 3513 de
3079 3457 3319 3520 homine,
3369 3471 3478 3510 non
3528 3455 3596 3510 de

2009 3551 2224 3622 angelo,
2255 3551 2322 3606 de
2346 3551 2570 3606 Socrate
2598 3568 2661 3606 ac
2679 3551 2926 3616 Platone,
2947 3569 3059 3607 non
3093 3568 3225 3608 vero
3255 3553 3322 3607 de
3355 3551 3596 3607 Socratis

2009 3645 2244 3714 imagine
2279 3647 2562 3715 praedicari
2593 3653 2793 3716 potest.
2822 3645 2914 3700 Sic
2944 3647 3108 3716 igitur
3135 3647 3280 3716 quod
3311 3645 3596 3716 proprium

2009 3748 2092 3794 est
2149 3739 2345 3804 Patris,
2397 3740 2468 3794 ita
2521 3750 2776 3811 arguunt,
2824 3741 3084 3795 videlicet
3139 3740 3365 3809 spiratio
3397 3738 3590 3804 activa,

2007 3832 2136 3886 dum
2173 3833 2383 3887 duabus
2430 3835 2642 3888 caeteris
2673 3834 2924 3903 personis
2961 3833 3337 3887 transferendo
3367 3831 3595 3899 adapta—

2013 3936 2117 3988 tur,
2145 3938 2307 3996 atque
2337 3927 2404 3980 de
2421 3927 2556 3981 Filio
2574 3929 2792 3996 quidem
2819 3943 2944 3980 vere
2971 3925 3250 3996 praedicari
3274 3923 3592 3987 affirmatur,

2009 4035 2118 4072 non
2151 4031 2333 4074 autem
2361 4021 2427 4074 de
2473 4020 2680 4089 Spiritu
2722 4029 2950 4086 sancto,
3001 4020 3230 4074 diversae
3276 4016 3596 4072 substantia:

2009 4127 2129 4166 esse
2173 4111 2367 4166 Filium
2401 4129 2464 4167 ac
2496 4113 2758 4181 Spiritum
2795 4112 3020 4166 omnino
3053 4110 3352 4166 convincit.
3391 4108 3593 4164 Verum

2011 4204 2187 4257 inanis
2218 4185 2302 4258 est
2336 4220 2423 4257 res
2453 4205 2743 4266 universa;
2781 4219 2888 4256 non
2925 4203 3098 4256 solum
3122 4201 3248 4269 quia
3287 4203 3597 4269 proprieta-

2009 4301 2146 4357 tum,
2171 4311 2292 4362 qua:
2313 4295 2380 4348 ad
2407 4311 2574 4348 unum
2595 4294 2800 4366 κυρίως
2833 4303 3084 4362 spectant
3113 4293 3344 4360 aliisque
3376 4307 3596 4344 accom-

2009 4390 2215 4444 modari
2267 4397 2514 4458 possunt,
2577 4387 2722 4442 varia
2785 4395 2915 4441 sunt
2975 4401 3172 4457 genera
3244 4399 3344 4438 nec
3403 4399 3595 4436 omnes

2012 4479 2308 4534 illationem
2352 4481 2418 4534 ad
2469 4480 2808 4534 identitatem
2843 4477 2929 4530 vel
2967 4477 3340 4531 diversitatem
3385 4483 3595 4526 natura;

1931 4563 1984 4623 D
2012 4573 2509 4644 permitttunt(9‘2),
2538 4573 2634 4626 sed
2673 4571 2844 4624 multo
2873 4573 3046 4641 magis
3073 4570 3198 4638 quia
3227 4567 3402 4620 Photii
3442 4563 3592 4637 [ΨΜ]

2009 4667 2218 4720 theoria
2252 4667 2306 4719 in
2339 4665 2631 4736 liypothesi
2657 4664 2788 4718 falsa
2824 4673 3096 4724 versatur,
3127 4663 3254 4714 dum
3287 4657 3546 4728 supponit
3569 4697 3582 4720 ,

2007 4757 2192 4810 Patris
2263 4773 2370 4810 esse
2415 4757 2684 4826 proprium
2743 4755 3027 4825 producere
3083 4750 3376 4819 Spiritum,
3431 4747 3595 4816 idque

2010 4865 2116 4903 non
2143 4849 2240 4902 nisi
2257 4865 2321 4902 ex
2344 4849 2569 4903 arbitrio
2589 4847 2832 4916 adaptari
2849 4855 2903 4899 et
2920 4841 3320 4898 accommodari
3345 4857 3594 4910 personae

2009 4943 2128 4997 Filii
2161 4951 2322 5012 atque
2365 4942 2422 4996 in
2462 4957 2580 4995 eam
2621 4939 2906 4994 transferri
2955 4935 3046 5007 (cf.
3087 4945 3190 4988 art.
3227 4933 3458 5002 pi'arced.
3500 4930 3527 5002 ᾗ
3562 4931 3595 4984 5

2009 5036 2170 5108 seq.).
2191 5035 2378 5105 Neque
2403 5035 2532 5089 hinc
2557 5033 2804 5104 sequitur
2822 5031 2929 5086 ulla
2955 5029 3274 5092 necessitas,
3295 5043 3399 5097 qua
3420 5025 3594 5082 Patris

2012 5221 2210 5282 nibile;
2254 5236 2375 5289 qua:
2402 5235 2526 5275 cum
2559 5215 2934 5290 differentium
2964 5210 3430 5290 naturarum_sint
3468 5225 3595 5290 pro-

2011 5283 2292 5363 prietates,
2323 5291 2464 5345 intra
2506 5287 2753 5363 eamdem
2790 5286 3030 5355 speciem
3073 5299 3181 5337 non
3233 5283 3594 5363 substantiam

2013 5352 2162 5418 secat
2208 5363 2487 5422 alterutra,
2529 5359 2622 5414 scd
2672 5352 3031 5428 personarum
3065 5353 3425 5428 separationis
3451 5352 3596 5404 indi-

2013 5443 2160 5488 ctum
2191 5433 2408 5499 adjecto
2435 5425 2898 5499 iiuna-rotantum
2916 5434 3152 5499 praestat
3179 5441 3194 5488 ;
3222 5425 3468 5499 dextrum
3495 5436 3596 5474 an-

2015 5515 2125 5559 tem
2166 5515 2222 5558 et
2248 5491 2524 5572 sinistram
2555 5509 2608 5555 et
2637 5491 3314 5572 hujusinodihnegsecant_
3347 5491 3592 5572 substan-

2013 5577 2146 5628 tiam
2193 5591 2284 5626 ncc
2335 5565 2584 5643 personas
2637 5563 2913 5639 definiunt.
2947 5565 3210 5643 Similiter
3261 5565 3348 5618 his
3397 5563 3595 5643 divinae

2013 5661 2262 5716 persona:
2298 5639 2504 5716 habent
2523 5643 2786 5712 quasdam
2817 5639 3186 5716 proprietates,
3211 5651 3326 5706 qua:
3350 5641 3595 5716 neutrum

2015 5701 2262 5786 ἓῃῖεἱιιηι,
2297 5701 2556 5784 quasdani
2597 5727 2726 5786 vero
2779 5701 3194 5786 qittBZatterum,
3222 5701 3371 5774 'quae
3416 5701 3594 5782 solum

2018 5780 2129 5841 tres
2170 5780 2346 5840 sunt':
2397 5785 2720 5854 paternitas,
2763 5780 2965 5854 itiliatiﬂu
2995 5784 3178 5854 atque
3223 5780 3522 5847 processio.
3571 5793 3590 5822 ›

2016 5859 2287 5914 Caeterum
2328 5849 2531 5914 cli—art.
2565 5849 2798 5926 prun-ed.
2835 5861 2889 5906 et
2923 5849 2950 5919 §
2989 5849 3074 5902 1'5.
