4032 6434
556 338 666 405 515

1724 335 1992 398 PHOTII
2027 334 2541 398 PATRIARCHJE
2566 336 2683 398 GP.

3715 338 3819 421 διο

553 465 787 526 persona
839 449 894 504 in
950 458 1202 504 naturam
1250 448 1584 504 dissolvatur
1629 448 1699 519 (c.
1735 448 1847 520 t9);
1909 448 2124 522 spiratio

2238 455 2507 515 tutorum,
2530 448 2781 519 sequitur
2802 449 2855 504 id
2879 451 3024 522 quod
3042 450 3316 511 diximus:
3341 453 3504 514 Pater
3530 474 3672 521 esset
3685 467 3809 527 duas

550 545 727 601 activa
750 558 863 597 non
889 541 1141 596 essentia:
1167 556 1271 611 qua
1298 540 1391 596 ta‘li
1421 556 1521 597 nec
1545 549 1603 596 ut
1638 540 1912 612 principio
1949 541 2133 613 agenti

550 634 891 700 vindicatur;
932 632 1111 686 Patris
1152 647 1384 702 persona
1428 647 1585 702 aeque
1625 646 1688 686 ac
1726 646 1959 702 persona
2011 628 2133 685 Filii

547 726 656 798 jam
684 724 980 781 constituta
1008 724 1333 794 supponitur
1368 738 1546 792 neque
1574 723 1772 778 exinde
1800 723 2131 788 destruitur;

548 820 901 877 constitutiva
948 833 1197 890 personae
1254 831 1365 871 non
1420 815 1731 885 eripiuntur
1786 814 1975 881 Patri,
2035 815 2134 869 sed

547 912 750 968 intacta
770 928 995 983 prorsus
1020 919 1264 978 manent,
1288 921 1347 966 ut
1371 911 1504 965 satis
1524 910 1637 979 jam
1655 909 1988 964 declaratum
2010 907 2130 963 fuit.

630 1002 716 1057 15.
793 1002 848 1059 Si
878 1005 1160 1075 proprium
1192 1002 1368 1058 Patris
1398 1022 1417 1054 ι
1459 1003 1555 1075 (ita
1602 1001 1828 1055 Photius
1857 1014 1981 1072 cap.
2018 1000 2130 1071 18),

553 1114 573 1147 ι
604 1094 938 1150 transfertur
969 1095 1025 1150 in
1056 1095 1277 1159 Filium,
1299 1097 1462 1150 etiam
1492 1094 1771 1166 proprium
1798 1091 1918 1147 Filii
1949 1101 2133 1149 trans-

548 1184 724 1241 fertur
786 1185 842 1240 in
884 1187 1120 1252 Patrem,
1162 1188 1237 1241 ita
1292 1197 1350 1240 ut
1408 1194 1464 1241 et
1508 1185 1669 1240 Pater
1716 1185 2130 1255 generationem

546 1278 736 1334 subeat
758 1295 819 1335 ac
838 1280 1051 1351 genitus
1072 1280 1599 1334 censeatur.Atcun1
1622 1279 1765 1347 quod
1790 1276 2130 1332 fundamenti

546 1371 669 1426 loco
700 1372 872 1441 ponit,
908 1371 1105 1426 falsum
1135 1387 1256 1427 esse
1279 1372 1391 1442 jam
1421 1372 1554 1427 satis
1586 1378 1818 1436 constet,
1854 1386 2034 1440 neque
2066 1385 2133 1425 ea

545 1463 864 1518 consecutio
911 1463 1209 1534 quidquam
1266 1463 1461 1517 virium
1527 1462 1768 1517 habebit.
1816 1461 1896 1517 Ne
1940 1463 2130 1518 eadem

548 1562 889 1626 repetamus,
934 1555 1277 1611 Bessarionis
1336 1556 1651 1625 praeclaram
1707 1554 2129 1624 disputationem

550 1648 640 1703 hic
692 1648 1079 1704 exhibebimus
1116 1648 1228 1719 jam
1285 1648 1430 1703 dicta
1466 1648 1693 1702 uberius
1745 1648 2126 1702 illustrautem.

546 1740 752 1808 Quaerit
781 1743 964 1811 itaque
987 1741 1275 1795 Bessarion
1304 1742 1413 1811 (ep.
1445 1740 1514 1795 ad
1542 1741 1695 1796 Alex.
1729 1739 1952 1796 Lascar.
1982 1755 2031 1794 c.
2072 1738 2126 1803 5;

2236 541 2553 611 personales
2580 540 2784 599 formas
2815 543 3049 610 habens,
3081 547 3225 601 sicut
3257 549 3303 603 si
3337 551 3462 620 quis
3491 553 3652 612 homo
3681 562 3808 621 duas

2236 632 2463 688 haberet
2515 630 2665 707 [296]
2719 634 2950 702 animas,
3006 637 3151 708 quod
3205 638 3503 697 absurdum
3551 655 3636 700 est
3680 650 3805 721 (94).

2234 726 2389 793 Quod
2414 728 2460 782 si
2492 744 2622 783 vero
2649 744 2759 784 non
2798 738 3028 801 utraque
3067 748 3167 801 per
3204 748 3283 796 se,
3321 734 3420 790 sed
3460 738 3632 795 amba
3656 743 3808 801 simul

2237 816 2397 888 (ἅμα)
2447 818 2882 885 constituerent,
2938 836 3119 891 neque
3175 822 3267 893 qui
3336 824 3549 882 diceret
3597 827 3797 889 Patrem

2236 910 2412 965 solum
2433 952 2449 976 ,
2480 910 2813 982 significaret
2843 928 3131 981 personam
3172 925 3456 986 paternam
3480 960 3497 986 ,
3523 935 3699 993 neque
3722 930 3807 997 qui

2233 1002 2523 1073 προὸολέα.
2554 1003 2812 1060 Attamen
2854 1005 3020 1077 hujus
3062 1017 3235 1063 totum
3276 1010 3617 1068 contrarium
3645 1025 3725 1072 est
3757 1020 3808 1074 iu

2233 1110 2369 1162 usu;
2406 1112 2597 1152 omnes
2628 1098 2775 1153 enim
2805 1099 3059 1155 doctores
3082 1110 3139 1155 et
3185 1101 3367 1157 omnis
3390 1102 3668 1174 Scriptura
3695 1124 3808 1168 cum

2231 1183 2424 1240 dicunt
2445 1183 2683 1252 Patrem,
2721 1187 2964 1244 divinam
2992 1191 3114 1261 ejus
3144 1206 3437 1261 personam
3469 1195 3806 1268 signiﬁcant;

2231 1275 2401 1330 nostri
2440 1275 2602 1332 etiam
2639 1277 2857 1348 (Graeci)
2900 1296 3027 1336 cum
3066 1283 3257 1339 dicunt
3313 1286 3609 1356 προσολὲα,
3640 1291 3805 1362 ipsum

2233 1365 2446 1421 Patrem
2479 1368 2653 1422 solum
2683 1378 2877 1438 putant
2918 1371 3469 1447 significare._lgitur
3512 1395 3615 1435 nec
3648 1383 3808 1441 ambae

2228 1459 2539 1514 simul'sunt
2561 1461 2933 1518 eonstitutiva:
2951 1480 3199 1533 personae
3216 1476 3460 1537 paterna:
3482 1486 3584 1529 nec
3599 1481 3807 1548 utraque

2229 1566 2324 1620 per
2351 1567 2427 1605 se.
2452 1549 2643 1607 Restat
2676 1568 2809 1625 ergo
2848 1565 2944 1610 aut
2977 1558 3367 1627 paternitatem
3401 1576 3526 1619 esse
3558 1570 3807 1625 constitu-

2230 1643 2393 1698 tivam
2419 1653 2475 1700 et
2506 1646 2783 1716 propriam
2816 1645 2996 1704 Patris
3028 1650 3281 1717 formam,
3307 1653 3665 1723 spirationem
3693 1677 3806 1717 vero

2231 1734 2383 1805 sequi
2407 1752 2534 1790 eum
2562 1736 2676 1805 jam
2708 1740 3089 1809 constitutum,
3117 1752 3216 1798 aut
3259 1758 3292 1798 e
3351 1760 3640 1805 converso.
3666 1790 3683 1805 .
3704 1791 3719 1807 .
3746 1753 3807 1808 At

548 1831 713 1887 Hard.
739 1832 833 1897 IX,
860 1831 1042 1904 1060),
1072 1832 1333 1903 quidnam
1369 1832 1441 1888 sit
1477 1848 1727 1903 persona:
1767 1831 1944 1887 Patris
1988 1846 2124 1886 con-

2231 1826 2276 1881 sl
2305 1826 2365 1880 τὸ
2399 1828 2723 1900 προδάλλειν
2760 1831 2982 1900 quidem
3011 1834 3320 1898 constituit.
3357 1835 3421 1890 τὸ
3458 1840 3655 1912 γεννᾷν
3693 1858 3807 1899 vero

545 1926 854 1982 stitutivum
903 1924 978 1998 (τι
1011 1926 1130 1979 ποτ’
1165 1925 1316 1979 ἐστὶν
1366 1925 1499 1979 [διον
1544 1921 1685 1989 εἶδος
1727 1924 1788 1978 τὸ
1835 1924 2130 1994 πρόσωπον

544 2018 713 2075 αὐτοῦ
754 2017 1065 2090 compediti).
1108 2016 1188 2073 Ac
1214 2017 1394 2088 primo
1433 2016 1680 2087 inquirit,
1716 2026 1897 2070 utrum
1934 2015 2006 2069 sit
2037 2014 2130 2066 τὸν

544 2084 956 2183 ἀγέννητον.Ἀι
984 2084 1093 2166 non
1122 2084 1360 2176 videtur,
1386 2084 1599 2181 inquit;
1632 2109 1736 2164 hoc
1756 2108 1903 2163 enim
1925 2114 2009 2163 est
2027 2120 2122 2160 ne-

543 2205 689 2275 gatio
716 2202 1041 2276 [ἀπόφασις]
1065 2219 1081 2269 ;
1108 2199 1244 2272 (92')
1270 2202 1347 2255 nil
1382 2212 1565 2257 autem
1590 2217 1782 2257 eorum
1816 2216 1939 2271 qum
1977 2209 2127 2264 sunt,

543 2297 844 2354 secundum
866 2297 1211 2369 negationem
1230 2297 1336 2352 hoc
1357 2295 1561 2367 aliquid
1581 2302 1682 2350 est.
1703 2294 1819 2349 Imo
1841 2292 2132 2347 innaseibi-

545 2390 668 2445 litas
699 2405 813 2445 non
855 2386 1007 2462 [295]
1049 2397 1137 2445 est
1177 2387 1284 2444 nisi
1342 2388 1672 2460 proprietas,
1712 2402 1836 2458 quae
1880 2385 2131 2456 sequitur

536 2483 650 2553 jam
697 2482 1052 2538 constitutam
1090 2482 1210 2552 ejus
1244 2496 1533 2552 personam
1586 2480 1811 2551 (ἰδίωμα
1860 2477 2131 2548 ἑπόμενον

543 2575 803 2629 συστάντι
827 2573 907 2645 τῷ
928 2572 1209 2645 προσώπῳ
1227 2573 1439 2643 αὐτοῦ).
1471 2572 1726 2627 Secundo
1746 2571 2037 2642 disceptat,
2061 2585 2132 2624 an

540 2667 614 2723 sit
639 2667 702 2721 τὸ
722 2667 916 2733 αἴτιον,
933 2667 1041 2721 hoc
1056 2665 1204 2737 quod
1221 2666 1349 2721 dicit
1362 2683 1425 2720 ur
1439 2680 1604 2721 causa
1629 2668 1747 2720 sive
1772 2663 2126 2735 principium.

540 2756 732 2828 Neque
762 2758 867 2813 hoc
892 2756 1311 2813 admittendum.
1350 2754 1483 2811 Nam
1526 2757 1572 2811 si
1605 2756 1712 2811 hoc
1740 2764 1888 2811 esset
1920 2756 2133 2811 consti-

543 2851 714 2905 tutira
764 2851 885 2920 ejus
928 2849 1143 2914 forma,
1177 2866 1342 2905 causa
1389 2865 1484 2905 seu
1531 2849 1887 2920 principium,
1933 2847 2127 2912 αἴτιος,

543 2943 726 3014 potius
757 2944 1029 2998 diceretur
1063 2959 1225 3014 quam
1272 2943 1464 3006 Pater;
1502 2949 1559 2996 at
1592 2942 1662 2997 ab
1719 2942 1978 2997 omnibus
2033 2942 2130 2997 do-

544 3037 790 3092 ctoribus
820 3036 1187 3092 communiter
1218 3036 1378 3090 Pater
1402 3036 1740 3089 nominatur.
1763 3034 2029 3091 Praeterea
2049 3035 2130 3091 sic

542 3142 654 3182 non
700 3126 845 3182 reale
904 3126 1224 3197 quidquam,
1281 3127 1376 3181 sed
1431 3126 1604 3181 ideale
1638 3125 1909 3196 quoddam
1966 3125 2128 3186 foret,

540 3218 740 3291 νόημα,
792 3234 903 3273 non
951 3220 1222 3291 πρᾶγμα·
1258 3218 1715 3274 communicabile
1775 3226 1950 3282 esset,
1996 3216 2128 3271 dum

542 3320 723 3367 tamen
765 3310 1220 3366 communicabile
1253 3311 1388 3366 nulli
1422 3313 1515 3367 dat
1547 3311 1849 3367 formaliter
1887 3326 2011 3367 esse
2041 3313 2129 3366 in-

540 3405 1021 3472 communieabile,
1057 3406 1204 3476 quod
1236 3404 1368 3460 facit
1400 3420 1530 3476 erga
1578 3420 1869 3477 personam
1901 3404 2130 3461 formate

541 3497 716 3569 ipsius
751 3497 1166 3553 constitutivum
1201 3499 1337 3567 (93).
1371 3497 1558 3553 Restat
1592 3499 1777 3570 igitur,
1814 3508 1909 3553 aut
1940 3507 2123 3569 pater-

542 3589 768 3645 nilatem
785 3592 954 3645 solam
976 3598 1070 3645 aut
1091 3592 1447 3661 spirationem
1472 3592 1593 3663 (τὴν
1614 3589 1909 3662 προϐολὴν)
1933 3591 2126 3653 solam,

542 3685 638 3731 aut
657 3678 847 3732 ambas
870 3692 994 3733 esse
1023 3680 1447 3735 constitutivum
1464 3697 1711 3751 persona:
1734 3691 1994 3751 paternae.
2020 3681 2129 3735 Sed

541 3767 1052 3839 imprimistertium
1082 3782 1169 3827 est
1189 3773 1545 3843 impossibile,
1567 3775 1683 3829 sive
1712 3775 1758 3842 Ι)
1790 3774 1860 3828 ita
1881 3772 2127 3845 concipi-

542 3869 651 3926 tur,
683 3870 741 3916 ut
772 3878 868 3932 per
889 3878 948 3917 se
980 3872 1213 3934 utraque
1242 3865 1577 3921 constituere
1614 3866 1809 3937 possit,
1836 3867 1952 3921 sive
1977 3867 2048 3921 ita
2069 3869 2125 3936 εἰ)

541 3965 604 4010 nt
641 3958 856 4014 nonnisi
880 3959 1056 4013 ambae
1095 3960 1258 4014 simul
1292 3962 1344 4015 id
1371 3961 1607 4017 valeant.
1646 3961 1781 4016 Nam
1812 3961 1858 4017 si
1894 3970 2128 4031 utraque

540 4056 674 4102 nota
722 4064 821 4119 per
853 4065 914 4106 se
965 4052 1119 4124 (ἰδίᾳ)
1168 4055 1537 4121 constituerit,
1594 4056 1705 4126 jam
1755 4056 1893 4112 duas
1924 4056 2128 4113 formas

541 4138 659 4208 (δύο
684 4140 824 4211 εἴδη)
864 4141 1026 4198 Pater
1055 4143 1303 4211 haberet,
1335 4156 1392 4203 et
1411 4157 1816 4219 consequenter
1844 4150 1968 4205 duae
2001 4165 2127 4220 per-

541 4245 689 4285 sonae
709 4240 877 4299 esset,
899 4244 956 4289 et
978 4237 1114 4290 duas
1140 4252 1402 4307 personas
1429 4251 1485 4295 et
1511 4239 1648 4295 duas
1667 4240 1869 4297 formas
1893 4242 2125 4298 habens.

547 4341 567 4375 ι
596 4322 734 4378 Cum
755 4326 902 4381 enim
935 4327 1039 4382 illm
1068 4331 1179 4385 sint
1210 4332 1452 4388 rationes
1474 4333 1766 4400 distinctae,
1792 4336 1836 4389 si
1866 4336 2127 4407 quaelibet

540 4429 729 4471 earum
756 4428 903 4475 esset
924 4436 1175 4491 personae
1199 4425 1576 4492 constitutiva,
1603 4442 1729 4483 cum
1752 4428 2126 4484 constitutiva:

2158 3172 2201 3231 C

2234 1920 2349 1973 sive
2395 1920 2700 1990 paternitas
2746 1923 3016 1993 sequitur,
3052 1925 3356 1982 absurdum
3405 1929 3541 2000 quid
3584 1942 3638 1987 et
3679 1938 3806 2004 quod

2233 2020 2431 2081 praeter
2452 2014 2697 2070 omnium
2721 2016 3010 2072 doctorum
3042 2019 3393 2076 traditionem
3416 2029 3523 2089 est,
3548 2026 3802 2096 sequitur:

2232 2112 2375 2158 esset
2417 2103 2645 2176 spiratio
2677 2107 2851 2178 prima
2897 2118 2956 2164 et
2980 2109 3298 2167 immediata
3339 2112 3523 2168 Patris
3571 2120 3801 2187 Operatio

2235 2194 2445 2270 (πρώτη
2475 2199 2568 2252 καὶ
2593 2198 2798 2270 lusco;
2831 2201 3143 2274 ὲνέργεια);
3176 2219 3303 2260 nam
3342 2205 3461 2263 haec
3487 2224 3519 2262 a
3558 2211 3803 2267 constitu-

2233 2287 2344 2342 tiva
2404 2288 2674 2358 cujusque
2721 2307 2971 2359 personae
3014 2293 3191 2350 forma
3240 2298 3450 2367 prodit,
3503 2314 3601 2369 per
3650 2301 3806 2373 ipsam

2231 2385 2415 2431 autem
2431 2379 2551 2434 alite
2584 2383 2936 2450 operationes
2967 2382 3134 2447 fiunt;
3164 2385 3295 2440 hinc
3329 2399 3655 2458 sequeretur
3682 2392 3804 2448 ulte-

2233 2470 2374 2533 rius.
2405 2486 2504 2541 per
2526 2472 2886 2542 spirationem
2918 2474 3035 2532 fieri
3058 2480 3499 2549 generationem,
3530 2483 3601 2537 ita
3626 2494 3684 2539 ut
3708 2501 3802 2541 non

2231 2564 2488 2634 amplius,
2524 2573 2584 2619 ut
2621 2566 2860 2640 theologi
2904 2580 3181 2639 asserunt,
3224 2571 3471 2643 Spiritus
3501 2591 3599 2645 per
3629 2574 3801 2634 Filium

2234 2658 2573 2727 procederet,
2598 2659 2696 2715 sed
2719 2660 2891 2716 Filius
2905 2678 3003 2733 per
3026 2663 3293 2735 Spiritum
3319 2672 3801 2743 generaretur(95).

2233 2748 2370 2804 Cum
2396 2765 2525 2806 vero
2555 2751 2674 2808 haec
2700 2753 2936 2810 absurda
2967 2755 3077 2810 sint
3114 2772 3181 2813 ac
3209 2759 3496 2816 traditioni
3531 2764 3800 2831 contraria,

2234 2849 2405 2896 restat
2450 2844 2828 2912 paternitatem
2844 2848 3178 2904 constituere
3200 2866 3494 2921 personam
3521 2866 3798 2925 paternam,

2233 2941 2287 2987 et
2315 2933 2457 2989 hanc
2489 2935 2610 3004 ejus
2629 2951 2750 2992 esse
2780 2937 3357 2998 incommunieabilem
3380 2943 3633 3011 formam,
3655 2948 3801 3018 spira-

2234 3025 2439 3081 tionem
2465 3044 2598 3083 vero
2626 3029 2778 3100 sequi
2809 3030 2921 3102 jam
2954 3032 3312 3090 constitutam
3358 3034 3513 3111 [297]
3545 3040 3661 3110 ejus
3696 3056 3800 3112 peri

2234 3131 2448 3172 sonam.
2486 3118 2619 3175 lnde
2645 3120 2879 3176 edicitur
2931 3123 3109 3195 ipsum
3154 3124 3215 3179 τὸ
3256 3130 3459 3200 γεννᾷν
3497 3131 3716 3200 primam
3753 3143 3801 3188 et

2234 3206 2604 3265 immediatam
2648 3212 3026 3282 operationem
3074 3231 3324 3285 personae.
3368 3226 3614 3288 paterna:
3656 3237 3798 3287 esse;

2231 3300 2409 3371 ipsum
2452 3319 2584 3358 vero
2623 3305 2952 3376 προϐάλλειν
2993 3307 3109 3363 ﬁeri
3159 3309 3249 3364 διὰ
3299 3312 3655 3392 τοῦθγεννᾷν,
3706 3330 3799 3370 non

2229 3393 2451 3462 quidem
2481 3401 2740 3466 tanquam
2769 3413 2867 3466 per
2896 3400 3250 3471 principium,
3276 3404 3376 3461 sed
3403 3416 3464 3461 ut
3488 3422 3583 3476 per
3619 3408 3798 3480 aliquid

2229 3486 2624 3550 necessarium,
2649 3490 2794 3558 quod
2818 3492 3163 3563 prwexigitur
3198 3494 3336 3566 (96).
3370 3495 3527 3563 Quod
3550 3499 3594 3554 si
3616 3499 3683 3554 ita
3706 3516 3799 3565 esu,

2225 3576 2337 3647 jam
2370 3577 2497 3632 inde
2541 3578 2847 3635 desumitur
2884 3594 3267 3653 argumentum
3288 3628 3305 3653 ,
3338 3590 3490 3659 quod
3534 3588 3715 3646 Filium
3741 3592 3800 3646 ab

2229 3668 2406 3724 activa
2432 3669 2734 3740 spiratione
2781 3674 2999 3730 excludi
3042 3691 3153 3731 non
3182 3693 3348 3747 posse
3372 3681 3721 3739 demonstrat.
3750 3682 3800 3738 ld

2229 3761 2524 3818 Bessarion
2552 3764 2609 3836 (l.
2634 3780 2687 3821 e.
2717 3781 2769 3821 c.
2796 3766 2851 3830 6,
2883 3767 3004 3824 init.
3039 3786 3095 3839 p.
3118 3771 3277 3841 1061)
3304 3773 3413 3830 hoc
3441 3786 3599 3847 pacto
3621 3792 3801 3848 propo-

2229 3854 2311 3909 nit
2352 3873 2366 3910 :
2407 3877 2425 3908 ε
2476 3857 2581 3911 Per
2630 3859 2863 3929 primam
2910 3871 2965 3916 et
3020 3863 3403 3922 immediatam
3448 3872 3797 3938 operationem

2229 3950 2662 4024 uniuscujusque
2714 3969 2962 4025 personae
3026 3959 3394 4028 perﬁciuntur
3454 3979 3645 4020 omnes
3693 3966 3798 4019 aliae

2227 4042 2613 4112 operationes;
2640 4045 2735 4101 sed
2760 4049 2936 4117 prima
2957 4057 3014 4103 et
3043 4049 3361 4108 immediata
3378 4055 3624 4125 operatio
3644 4054 3799 4112 Patris

2227 4141 2312 4189 est
2348 4138 2675 4206 generatio;
2720 4153 2819 4209 per
2861 4142 3274 4211 generationem
3324 4145 3491 4219 igitur
3534 4149 3797 4220 perficitur

2227 4226 2369 4283 actio
2403 4228 2644 4297 spirandi
2677 4248 2691 4284 :
2724 4239 2782 4287 et
2824 4233 2906 4289 sic
2934 4249 2998 4289 ea
3034 4235 3196 4293 Patre
3220 4253 3320 4309 per
3350 4239 3546 4297 Filium
3570 4242 3797 4313 procedit

2229 4318 2466 4390 Spiritus
2494 4332 2737 4379 sanctus.
2773 4342 2793 4375 ι

2300 4412 2389 4468 14.
2466 4411 2596 4469 Post
2632 4415 2851 4488 longam
2883 4416 3032 4473 illam
3090 4419 3161 4476 de
3198 4432 3350 4479 textu
3391 4424 3551 4481 Joan.
3585 4441 3687 4489 xvi,
3716 4423 3794 4492 l3,

538 4507 841 4567 formaliter
865 4512 1095 4571 diversa:
1125 4516 1236 4571 sint
1259 4529 1515 4590 respectu
1540 4520 1884 4579 diversorum
1913 4522 2121 4579 consti-

2229 4504 2317 4572 14,
2334 4504 2760 4577 disputationem
2781 4508 2923 4583 (cap.
2946 4511 3040 4579 ‘20,
3071 4513 3162 4588 ΖΟ)
3184 4532 3386 4574 novum
3418 4519 3794 4592 sophismatum

610 4664 746 4737 (92‘)
769 4663 853 4720 Cf.
882 4667 1179 4739 Augustin.
1218 4670 1293 4727 De
1330 4672 1476 4728 Trin.
1508 4690 1561 4739 v,
1616 4676 1684 4741 7;
1729 4673 1929 4730 Thom.
1967 4674 2121 4731 Sum.

617 4736 706 4793 32.
739 4752 792 4790 a.
821 4741 856 4790 4
879 4740 945 4793 ad
987 4742 1037 4793 1.

537 4750 593 4806 q.
617 4750 706 4800 az,
739 4752 792 4790 a.
821 4750 945 4793 4au
987 4750 1037 4793 ι.

608 4806 719 4879 (95)
746 4809 883 4864 Cod.
909 4810 1164 4867 Monach.
1182 4810 1252 4867 27
1269 4810 1308 4868 f.
1328 4813 1388 4868 41
1417 4828 1469 4869 a.
1495 4813 1583 4869 hic
1598 4830 1660 4870 ea
1688 4822 1899 4872 tantum
1921 4817 2112 4875 habet:

539 4877 662 4957 ςῌῒι
685 4877 745 4957 ea
766 4879 936 4957 αζτιον
957 4881 1187 4957 καθόλου
1211 4884 1354 4957 κᾳτὰ
1371 4884 1466 4957 te?)
1492 4885 1703 4957 Πατρός
1721 4906 1779 4940 τε
1804 4890 1896 4942 καὶ
1920 4890 2117 4956 προεοο

535 4945 672 5032 ξὲιρς
693 4948 1098 5032 λεγόμεγονγόη
1108 4954 1363 5032 μαῌμόνον
1382 4955 1554 5032 ἔσται,
1575 4943 1667 5010 κξκὶ
1677 4943 1841 5032 ρὺρὲν
1858 4943 2113 5032 πράγμά·

535 5014 665 5101 {de
706 5014 955 5101 totout/At
982 5014 1151 5089 ἐστίν,
1184 5014 1336 5101 ἐστιν
1378 5027 1477 5080 οὐκ
1521 5014 1702 5101 δνομτὸ
1740 5029 1797 5101 ῥὲ
1825 5014 2114 5101 μὴ’ὂνξῐοὺ

536 5086 760 5173 δύνατμι
800 5091 894 5142 τοῦ
934 5086 1259 5173 ὑπερρυσὶου
1304 5096 1676 5173 ’ὑποστατικὸν
1720 5086 1900 5152 sivit:
1932 5086 2116 5155 λεῖπε-

541 5173 633 5210 ται
661 5162 778 5229 οὐχ,
812 5176 866 5213 κ.
896 5178 942 5214 τ.
983 5162 1049 5216 λ.
1071 5164 1173 5217 Sed
1207 5167 1376 5218 multo
1409 5167 1632 5221 uberior
1661 5180 1745 5223 est
1774 5180 1955 5225 textus
1989 5170 2111 5229 Lat.

543 5230 689 5307 apud
721 5227 885 5311 Hard.
917 5231 962 5311 l._
987 5248 1036 5311 ς.
1070 5252 1088 5284 ι
1124 5233 1256 5311 Item
1288 5253 1410 5311 cum
1446 5253 1612 5311 causa
1657 5255 1750 5294 seu
1781 5227 2109 5311 principium

543 5298 853 5381 universale
874 5303 1129 5381 quiddam
1162 5308 1261 5381 sit;
1302 5308 1403 5361 hoc
1449 5310 1653 5381 dictum
1682 5298 2108 5366 est'set-uriatum

541 5368 664 5423 illos
706 5368 1075 5444 philosophos,
1118 5377 1211 5444 qui
1249 5368 1444 5431 tenent
1494 5380 1957 5436 universalitatem
1996 5383 2110 5438 lieti

540 5440 840 5510 secundum
872 5440 1228 5510 intellectum;
1266 5449 1311 5501 si
1351 5457 1529 5503 tamen
1564 5451 1840 5505 diceretur
1888 5454 2111 5507 univer-

540 5509 676 5564 salia
730 5510 882 5591 nullo
923 5512 1086 5591 modo
1128 5509 1221 5569 ab
1250 5517 1521 5591 intellectu
1568 5520 1891 5590 dependere,
1929 5524 2111 5581 adhuc

542 5594 647 5664 non
669 5590 813 5664 esset
832 5579 1451 5664 di_cendutn,quodillud
1480 5579 1752 5664 comitium
1778 5579 2108 5664 principium

539 5658 683 5703 esset
732 5650 975 5732 alicujus
1027 5650 1272 5732 persona:
1315 5658 1620 5715 formaliter
1667 5650 2105 5732 constituti'vum,

541 5722 1176 5801 cumeqmmunicabile,
1200 5744 1233 5801 _I
1265 5736 1394 5795 etc.,
1424 5739 1482 5783 ut
1510 5746 1696 5801 supra.

612 5788 722 5861 (91)
754 5790 808 5847 In
847 5795 970 5851 cod.
1017 5788 1170 5851 Men.
1195 5795 1235 5853 l.
1270 5812 1322 5865 c.
1375 5788 1593 5857 tantum'
1631 5802 1870 5877 legitur:
1900 5802 1965 5860 Et
2007 5806 2108 5878 μὲν

2224 4681 2621 4772 οὗνὶκαξλέκάτε
2631 4704 2727 4772 ρον
2744 4688 2877 4772 ibit},
2901 4691 2997 4772 §tio
3017 4694 3127 4765 ἄρα
3146 4696 3260 4772 εἴδη
3284 4699 3312 4751 ὁ
3339 4699 3529 4772 Πᾳτὴρ
3546 4699 3684 4772 ἕξει,
3705 4697 3791 4752 καὶ

2224 4757 2537 4840 ἀκολούθξρς
2563 4757 2668 4840 fcit
2698 4758 2792 4840 δύρ
2821 4757 3112 4840 πρόσῳπξξ
3156 4757 3334 4840 sciat,
3379 4769 3457 4832 ὡς
3479 4757 3611 4823 ’ὂύᾶ
3637 4757 3791 4840 π’ροσ-

2221 4827 2408 4911 (putata
2422 4827 2538 4911 εξδη
2561 4826 2722 4911 ἔχεων,
2748 4826 2939 4905 ὦσπέρ
2960 4835 3029 4891 ἂν
3055 4836 3112 4890 ετ
3133 4855 3218 4903 τις
3244 4826 3533 4911 ἄνθρωπος
3558 4840 3651 4895 δύο
3680 4826 3789 4911 ξχοι

2222 4899 2423 4969 ψυχᾶς,
2446 4899 2587 4969 ᾇπερ
2613 4900 2835 4957 ἄτοπον.
2908 4899 2921 4905 ’
3197 4899 3210 4903 ‘
3352 4899 3364 4911 ·
3513 4899 3528 4905 -
3701 4908 3711 4921 .

2241 4966 2408 5069 L19?)
2424 4966 2699 5069 3.99;}?
2733 4972 3074 5069 3³5³Ἦῆ
3095 4979 3300 5049 ἀμεσος
3328 4981 3582 5069 ,έκέετου
3628 4995 3784 5069 “99?:

2220 5038 2375 5117 ὡπρυ
2423 5038 2678 5117 ινέργξια
2728 5038 2981 5117 »τοῦ
3031 5038 3357 5105 συσὶατωξοῢ
3410 5053 3584 5117 εἴδους
3631 5038 3782 5108 αδτοῦ

2222 5109 2441 5196 πριξεισι
2470 5109 2780 5196 ’““πᾶσρ;ι.δ’
2805 5114 2964 5196 ᾶλλριι
2996 5118 3271 5196 ἐνέργειαι
3298 5123 3387 5196 ρια
3449 5109 3647 5196 satira;
3693 5120 3782 5189 τῆς

2221 5179 2451 5267 {recinus
2466 5179 2677 5260 ἔηλαδὴ
2701 5183 2983 5267 ὲνξρῖείας
3166 5192 3216 5245 ει
3236 5192 3364 5267 γοῦν
3393 5195 3486 5267 atat
3512 5179 3779 5267 ’ποῦ’προᾷέ

2220 5256 2373 5303 timeo
2399 5256 2495 5302 τοῦ
2518 5256 2789 5322 πατρικοῦ
2816 5256 2875 5309 τὸ
2907 5260 3229 5328 προϐάλλειν
3246 5256 3370 5318 ἔστι
3389 5265 3449 5317 τὸ
3479 5256 3777 5318 summitates

2219 5314 2385 5401 εἶδοῇ
2414 5321 2642 5401 tarqni)
2676 5323 2777 5393 μὲν
2803 5328 3031 5401 πνλεῦσις
3072 5330 3105 5401 ἦ
3146 5334 3469 5401 ὲκπόρευσις
3516 5337 3549 5401 ἠ
3602 5332 3776 5401 πρώτη

2338 5344 2385 5383 ἶ.
2414 5344 2569 5375 εσται
2609 5344 2642 5387 η
2676 5344 2777 5387 μεν
2806 5344 3031 5387 πνευσις
3072 5344 3105 5387 η
3146 5344 3469 5387 εκπύοευσις
3516 5344 3548 5387 ᾖ
3602 5352 3643 5387 π

2219 5337 2385 5406 ειοοςἐ
2414 5337 2569 5409 seret
2609 5337 2642 5394 η
2676 5337 2777 5393 μεν
2806 5337 3031 5394 πνεῡσις
3072 5337 3105 5401 ἦ
3146 5337 3469 5414 ἐκπύρωσις
3516 5337 3549 5405 ἡ
3602 5337 3776 5403 πρώτη

2218 5408 2422 5477 αυτοιξλ
2439 5407 2538 5477 3m
2567 5394 3099 5477 ἄμςσοςᾼένέργειαῇ
3251 5405 3309 5457 δε
3357 5405 3451 5458 τοῦ
3509 5407 3655 5477 πνεῖν
3694 5400 3775 5477 ita}

2220 5460 2551 5541 προςάιλλειν
2608 5460 3002 5552 γέννηρήσέέαι
3052 5473 3082 5525 ὁ
3136 5473 3300 5538 Υἱός’
3360 5476 3453 5528 καὶ
3500 5476 3691 5554 οὐκέτι,
3720 5470 3774 5521 τὸ

2219 5530 2446 5615 ﬂventia:
2480 5531 2574 5613 8:1.
2608 5551 2703 5615 ’ἔξω
2735 5536 2772 5615 ι]
2793 5539 2893 5601 too,
2926 5539 3003 5605 ὡς
3037 5544 3086 5615 οἱ
3122 5541 3365 5615 θεολόγοι
3395 5546 3575 5615 φασὶν,
3615 5542 3720 5598 au.‘
3745 5539 3772 5591 ὁ

2216 5583 2459 5683 Υἰρξῄξιᾲ
2473 5604 2583 5683 ,τοῦ
2613 5583 3301 5683 ξινεύματοςψπρὶἐισῖ;’.νὸ

2289 5671 2495 5755 (96)]ιέ
2511 5671 3290 5755 άεοιετοςξειηοὶιιε’Ί“ιιοωαε,
3314 5685 3465 5744 sum.
3504 5684 3555 5755 1,
3595 5700 3644 5755 q.
3684 5679 3767 5746 55,

2216 5758 2268 5801 a.
2298 5745 2333 5803 4
2359 5745 2430 5803 ad
2461 5744 2529 5811 5;
2564 5754 2621 5802 et
2652 5762 2707 5820 q.
2736 5746 2826 5818 27,
2851 5764 2905 5805 a.
2940 5752 2996 5810 4.
