4032 6454
376 368 482 434 517

1053 377 1151 436 DE
1191 379 1249 436 S.
1296 379 1491 440 SPIR.
1534 381 2037 443 MYSTAGOGIA.
2078 405 2145 416 -
2177 382 2920 446 ANIMADVERSIONES.

3512 389 3619 455 518

373 487 584 552 cvelum
624 488 939 558 auspicatur
964 490 1214 558 Photius,
1244 493 1297 547 in
1335 510 1443 563 quo
1482 496 1634 564 plura
1668 496 1779 565 jam
1807 497 1950 552 dicta
1975 504 2027 562 Α
2051 496 2154 550 erit
2176 496 2259 550 vel
2284 497 2511 551 similior
2533 498 2619 552 vel
2642 498 2952 554 dissimilior
2974 515 3076 555 avo
3102 501 3399 558 secundum
3427 520 3619 561 essen-

365 579 492 634 aliis
523 581 705 635 verbis
742 583 942 651 repetit
976 599 1225 654 novaque
1259 586 1326 639 iis
1351 586 1618 658 adjungit.
1655 589 1786 653 Quae
1822 605 1943 659 cap.

367 671 430 726 5|
471 673 712 736 diSserit,
761 675 936 743 reipsa
971 691 1094 729 cum
1130 676 1196 730 iis
1234 679 1566 732 conveniunt
1593 696 1712 748 qua:
1755 695 1877 749 cap.
1913 681 1943 734 7

368 764 678 834 disputaret
707 767 802 836 (cf.
819 766 846 836 §
861 767 935 837 4).
962 766 1296 837 Supponitur
1316 778 1371 823 et
1391 771 1477 825 hic
1495 771 1693 840 duplex
1710 771 1945 844 πρηϐολὴ

368 865 431 910 ut
471 872 501 909 a
545 857 754 912 Latinis
828 867 1185 930 propugnata,
1229 861 1558 930 supponitur
1608 863 1678 916 ab
1716 870 1946 932 utroque

366 947 613 1016 spirante
643 950 914 1018 peculiare
929 951 1058 1020 quid
1079 951 1314 1006 conferri
1343 968 1408 1006 ex
1427 969 1615 1007 eorum
1637 955 1926 1019 sententia,

368 1054 435 1091 ex
472 1047 627 1106 parte
658 1040 892 1106 Patrem,
915 1057 978 1095 ex
1005 1051 1156 1111 parte
1183 1041 1378 1097 Filium
1403 1045 1626 1113 spirare.
1653 1045 1758 1100 Sed
1782 1064 1801 1096 ι
1835 1062 1945 1101 non

367 1145 436 1181 ex
464 1138 636 1196 parte,
668 1149 685 1179 ι
707 1129 784 1182 ait
824 1130 973 1200 llugo
998 1131 1320 1187 Etherianus
1349 1134 1406 1203 (I.
1437 1150 1496 1200 ιι,
1523 1150 1571 1189 c.
1597 1135 1652 1199 2,
1677 1152 1731 1206 p.
1754 1137 1942 1204 l260),

370 1233 390 1264 ο
437 1216 600 1270 Pater
632 1228 687 1272 et
730 1218 898 1273 Filius
941 1218 1231 1287 Spiritum,
1272 1222 1368 1277 sed
1397 1239 1462 1276 ex
1491 1233 1596 1277 toto
1628 1236 1676 1278 et
1716 1229 1941 1296 perfecte

365 1314 590 1376 uterque
616 1308 819 1374 pariter
843 1309 1073 1374 emittit;
1101 1311 1248 1364 solus
1277 1313 1420 1366 enim
1447 1313 1613 1368 Filius
1636 1316 1848 1369 exsistit
1877 1316 1946 1370 de

370 1398 533 1453 Patre
579 1401 784 1469 absque
841 1402 1040 1462 medio,
1100 1403 1334 1472 ideoque
1380 1405 1615 1474 perfecte
1676 1409 1942 1476 Spiritum

369 1491 573 1544 emittit
602 1491 741 1545 sicut
770 1493 948 1546 Pater.
974 1513 992 1545 ι
1020 1494 1270 1565 Reliqua,
1289 1513 1407 1566 quae
1427 1499 1664 1552 notanda
1693 1500 1942 1567 veniunt,

357 1581 479 1651 jam
510 1581 592 1652 ξι
613 1584 754 1638 dicta
782 1592 930 1638 sunt.

444 1675 534 1728 l5.
572 1675 722 1740 Quod
753 1677 967 1730 adillud
999 1687 1224 1746 spectat,
1255 1679 1498 1748 pluribus
1522 1683 1944 1750 proprietatibus

364 1782 395 1820 a
448 1766 607 1822 Patre
645 1768 962 1824 distinctum
1018 1770 1135 1824 fore
1189 1773 1452 1842 Spiritum
1495 1791 1656 1844 quam
1705 1774 1939 1842 Filium,

2057 587 2183 641 tiam
2214 603 2374 656 quam
2402 588 2731 662 ﬁlius.[299]
2761 589 2915 654 Quod
2939 590 2983 644 si
3007 592 3062 644 in
3089 593 3252 647 rebus
3276 595 3526 651 humanis
3543 596 3618 652 ita

2053 675 2341 746 contingit,
2378 677 2551 730 multo
2580 679 2750 748 magis
2783 679 2837 731 in
2871 679 3070 735 divinis
3097 686 3366 751 personis,
3394 685 3485 738 ubi
3509 703 3617 742 una

2052 768 2313 820 asseritur
2341 776 2536 820 natura
2556 807 2571 832 ,
2600 784 2664 822 ac
2701 779 2898 839 praeter
2921 773 3122 837 solam,
3157 790 3277 843 quae
3315 777 3618 832 secundum

2053 871 2270 911 causam
2306 867 2360 912 et
2388 859 2601 913 causale
2629 869 2733 920 est.
2778 861 3137 917 ditl‘erentiam
3178 866 3327 918 nulla
3369 866 3472 920 alia
3505 867 3619 922 dis-

2052 949 2222 1002 cretio
2251 957 2352 1002 est.
2393 966 2412 999 ι
2453 948 2567 1003 Hoc
2602 950 2810 1006 Caleere
2849 968 3112 1022 responso
3151 967 3339 1011 contra
3369 959 3617 1013 eamdem

2052 1037 2418 1092 difficultatem
2476 1039 2646 1093 utitur
2691 1040 2895 1096 Natalis
2944 1043 3247 1097 Alexander
3294 1044 3354 1113 (I.
3397 1060 3448 1099 c.
3489 1059 3616 1116 pag.

2053 1127 2177 1192 529,
2209 1129 2356 1196 550).

2123 1220 2208 1272 16.
2238 1219 2392 1284 Quod
2434 1219 2660 1274 Photius
2699 1222 2840 1292 (cap.
2879 1222 2969 1289 55)
3001 1231 3190 1292 urget,
3227 1223 3490 1291 Spiritum
3547 1226 3616 1281 ad

2051 1311 2205 1379 plura
2241 1311 2430 1364 referri
2459 1312 2731 1381 principia
2757 1313 3087 1376 dill'erentia,
3119 1315 3172 1366 id
3191 1315 3302 1383 jam
3327 1316 3460 1369 satis
3490 1317 3618 1385 (art.

2051 1397 2284 1463 νημαι-θα.
2340 1397 2367 1466 §
2420 1398 2475 1466 4)
2525 1399 2828 1452 discussum
2870 1400 3002 1466 fuit;
3059 1417 3236 1470 neque
3278 1403 3382 1456 diei
3441 1413 3620 1472 potest

2052 1487 2354 1558 πολύαρχον
2381 1491 2554 1560 ἀρχὴν
2584 1491 2818 1551 admitti.
2863 1493 2952 1546 ubi
2986 1510 3092 1546 non
3127 1494 3228 1547 nisi
3262 1511 3428 1548 unum
3467 1497 3617 1565 prin-

2050 1579 2250 1648 cipium
2281 1591 2518 1650 apparet.
2557 1581 2746 1637 Dicant
2783 1595 3044 1653 praeterea
3080 1584 3364 1651 Photiani,
3407 1603 3475 1640 an
3507 1597 3620 1644 tres

2051 1685 2296 1739 persome
2335 1675 2388 1724 in
2424 1675 2804 1728 communibus
2826 1679 2890 1728 ad
2911 1686 3060 1729 extra
3082 1677 3487 1746 operationibus
3510 1679 3620 1734 sint

2051 1761 2353 1833 πολύαρχος
2403 1765 2564 1833 ἀρχή.
2610 1764 2665 1817 Si
2705 1765 3024 1821 alﬁrmarint
3051 1807 3065 1832 ,
3117 1767 3533 1824 Multamedanis
3565 1779 3620 1824 et

365 1858 622 1928 adeoque
650 1868 705 1913 ει
731 1876 760 1915 a
789 1861 947 1916 patre
981 1865 1332 1919 remotiorem
1368 1868 1709 1938 cogitandum
1741 1884 1862 1924 esse
1889 1869 1944 1924 in
1980 1866 2022 1920 Β
2053 1849 2344 1919 gentilibus
2399 1852 2573 1906 victas
2622 1853 2829 1938 dabunt
2872 1869 3067 1908 manus
3096 1872 3111 1921 ;
3180 1857 3224 1909 si
3277 1857 3614 1926 negaverint,

369 1949 493 2003 Lat.
527 1959 816 2020 systemate
851 1953 991 2023 (cap.
1025 1957 1140 2027 5'2),
1166 1957 1217 2011 id
1249 1957 1440 2013 falsum
1474 1975 1725 2016 essenon
1760 1963 1943 2016 minus

365 2043 629 2110 superius
663 2044 802 2098 dicta
841 2047 1195 2102 convincunt.
1239 2049 1366 2104 Sola
1414 2051 1560 2104 enim
1591 2054 1943 2120 processione

366 2149 470 2187 seu
503 2135 796 2203 spiratione
837 2137 1052 2206 passiva
1087 2138 1438 2210 distinguitur
1460 2139 1695 2209 Spiritus
1717 2159 1748 2196 a
1785 2141 1943 2198 Patre

367 2224 428 2280 ct
460 2225 627 2290 Filio;
657 2241 759 2281 nec
789 2236 1029 2296 paterna:
1056 2229 1371 2284 substantiae
1409 2229 1578 2284 Filius
1611 2231 1827 2300 propior
1861 2240 1942 2286 est

363 2332 534 2386 quam
565 2315 825 2386 Spiritus;
867 2319 992 2388 quia
1020 2319 1196 2389 reipsa
1221 2329 1449 2389 uterque
1470 2331 1552 2375 est
1570 2320 1720 2392 [298]
1745 2322 1940 2376 imme-

360 2409 518 2462 diate
553 2425 582 2462 a
612 2408 768 2463 Patre
797 2417 853 2463 et
887 2410 954 2464 ab
982 2425 1048 2464 eo
1069 2419 1235 2465 totam
1263 2411 1568 2466 divinitatis
1596 2413 1796 2482 accipit
1823 2413 1940 2483 ple-

365 2501 701 2554 nitudinem.
729 2501 838 2556 Nec
867 2503 1046 2557 obstat
1094 2503 1236 2572 quod
1259 2503 1449 2558 Patres
1473 2504 1662 2559 dicunt
1683 2504 1942 2574 Spiritum

361 2596 608 2649 niediate
634 2610 756 2650 esse
795 2611 824 2648 a
867 2595 1046 2662 Patre,
1083 2597 1394 2652 immediate
1437 2613 1467 2651 a
1514 2596 1682 2662 Filio;
1718 2614 1827 2666 quo
1890 2598 1944 2653 id

365 2701 539 2740 sensu
566 2687 798 2750 dicatur,
839 2689 968 2742 satis
991 2689 1167 2757 (artic.
1187 2690 1416 2758 praeced.
1447 2688 1474 2759 §
1501 2691 1567 2742 l7
1592 2695 1730 2760 seq.)
1762 2691 1943 2747 decla-

367 2787 549 2833 ratum
580 2779 699 2832 fuit.
734 2780 993 2834 Audiatur
1023 2797 1170 2835 nunc
1207 2789 1262 2836 et
1303 2782 1516 2837 Manuel
1562 2783 1802 2849 Calecas,
1849 2783 1942 2854 qui

357 2871 431 2941 (ι.
458 2887 537 2934 Ill,
566 2887 620 2939 p.
652 2871 776 2933 458,
805 2872 894 2925 ed.
913 2871 1029 2940 cit.)
1055 2872 1158 2926 hoc
1187 2881 1344 2940 pacto
1362 2873 1652 2941 objectioni
1673 2876 1941 2929 occurrit:

359 2982 391 3013 ,ι
435 2965 503 3016 At
534 2964 634 3016 ista
665 2963 835 3016 sacris
877 2963 1194 3018 doctoribus
1235 2965 1419 3034 potius
1447 2965 1759 3033 imputanda
1793 2975 1941 3028 sunt,

363 3054 636 3122 siquidem
671 3054 907 3109 absurda
937 3055 1241 3109 videantur.
1281 3054 1386 3124 Ipsi
1418 3056 1618 3124 quippe
1665 3068 1812 3118 sunt,
1850 3058 1942 3127 qui

358 3145 631 3214 Spiritum
649 3161 676 3199 a
699 3143 857 3198 Patre
873 3145 1085 3197 tertium
1105 3145 1320 3208 docent,
1342 3154 1554 3214 sumpta
1579 3144 1695 3198 scil.
1717 3145 1784 3199 ab
1821 3144 1942 3214 ipso

357 3236 895 3290 Dominooceasione
918 3234 970 3288 in
991 3234 1240 3290 salutaris
1265 3234 1552 3288 traditione
1572 3234 1934 3303 baptismatis,

355 3347 433 3385 ac
457 3346 552 3399 per
571 3329 764 3383 Filium
787 3329 1084 3398 procedere
1118 3327 1323 3389 dicunt,
1355 3342 1559 3396 perque
1586 3327 1761 3395 ipsum
1788 3325 1935 3381 Patri

358 3421 647 3491 conjungi.
671 3461 685 3474 .
711 3461 723 3474 .
748 3461 762 3474 .
795 3421 1061 3474 Praeterea
1112 3421 1348 3489 Spiritus
1387 3428 1625 3481 sanctus,
1651 3419 1694 3472 si
1721 3435 1750 3472 a
1778 3418 1936 3473 Patre

355 3515 589 3584 quidem
615 3514 721 3567 alio
743 3528 998 3583 processu
1015 3555 1028 3576 ,
1050 3528 1078 3566 a
1100 3510 1234 3566 Filio
1263 3522 1444 3567 autem
1470 3512 1575 3565 alio
1600 3512 1936 3581 procederet,

357 3615 620 3674 essetque
665 3621 954 3675 processus
988 3621 1053 3658 ex
1099 3605 1362 3659 ambobus
1411 3605 1630 3673 duplex,
1691 3603 1938 3657 fortassis

359 3698 594 3752 haberet
622 3696 906 3756 rationem,
927 3695 1145 3765 culpare
1161 3695 1524 3749 dilIerentiam
1545 3708 1897 3764 processuum
1921 3711 1934 3756 ;

357 3789 510 3859 quod
535 3789 698 3843 etiam
729 3788 1044 3842 diﬂerenler
1072 3803 1104 3842 a
1134 3789 1291 3842 Patre
1310 3800 1365 3842 et
1387 3789 1521 3843 Filio
1546 3791 1769 3846 distaret
1812 3792 1937 3861 Spi-

369 3883 528 3944 ritus,
577 3895 641 3933 ac
682 3887 970 3948 propterea
1025 3880 1223 3948 gradus
1265 3879 1319 3932 in
1374 3880 1624 3949 personis
1677 3883 1938 3952 quosdam

359 3972 625 4043 cogitare.
666 3969 762 4024 Sin
804 3985 933 4025 vero
963 3985 1101 4024 unus
1151 3970 1402 4038 idemque
1451 3971 1554 4025 sibi
1599 3972 1666 4027 ab
1711 3983 1940 4042 utroque

367 4079 660 4134 processus
686 4071 797 4128 est,
845 4062 1093 4117 similiter
1136 4063 1297 4116 etiam
1349 4063 1416 4116 ad
1457 4074 1746 4134 utrumque
1797 4065 1942 4122 refe-

367 4166 542 4208 retur.
571 4195 585 4210 .
609 4194 622 4206 .
664 4152 1133 4218 Quemadmodum
1158 4150 1319 4207 Pater
1341 4169 1446 4207 non
1471 4155 1640 4224 magis
1671 4155 1941 4224 perfectus

367 4256 452 4301 est
470 4261 633 4315 quam
655 4245 846 4309 Filius,
878 4245 1022 4313 quod
1054 4244 1142 4297 ille
1170 4260 1353 4310 causa,
1387 4246 1488 4299 iste
1525 4246 1756 4300 causalis
1787 4247 1941 4314 (cau-

359 4341 542 4404 satus)
580 4337 678 4402 sit,
716 4349 893 4405 neque
931 4335 1052 4389 ideo
1089 4335 1156 4388 ab
1189 4335 1280 4388 illo
1311 4335 1493 4397 distat,
1527 4336 1626 4389 etsi
1669 4337 1942 4391 secundus

365 4429 436 4482 ab
452 4443 520 4481 eo
532 4427 747 4481 ratione
763 4441 939 4480 causa:
959 4426 1180 4486 dicitur;
1197 4425 1447 4479 divinitas
1465 4426 1610 4479 enim
1633 4427 1687 4480 in
1715 4437 1942 4496 utroque

370 4533 479 4571 una
509 4536 520 4566 :
549 4517 617 4570 ita
642 4525 695 4570 et
718 4516 953 4585 Spiritus
984 4523 1225 4575 sanctus,
1258 4514 1355 4567 etsi
1385 4514 1537 4583 juxta
1565 4514 1781 4568 unicum
1808 4515 1942 4568 sim-

367 4610 676 4680 plicemque
715 4622 1026 4676 processum
1057 4621 1121 4659 ex
1163 4604 1318 4659 Patre
1359 4621 1452 4674 per
1498 4605 1690 4659 Filium
1727 4616 1840 4672 est,
1889 4617 1942 4662 et

364 4701 436 4755 ad
470 4701 682 4754 Patrem
720 4708 773 4753 et
801 4697 994 4751 Filium
1041 4697 1206 4750 veluti
1242 4696 1307 4750 ad
1351 4712 1515 4750 unum
1557 4697 1935 4765 productorem

359 4793 776 4861 spirantemque
817 4788 1070 4850 refertur,
1123 4804 1353 4857 quorum
1394 4797 1448 4841 et
1474 4788 1709 4856 Spiritus
1754 4800 1838 4842 est
1889 4798 1943 4842 et

365 4880 699 4950 spiraculum
751 4878 977 4938 dicitur;
1039 4893 1147 4930 non
1187 4887 1366 4931 tamen
1416 4878 1595 4932 minor
1642 4887 1726 4932 est
1781 4877 1938 4942 Filio,

365 4986 552 5039 neque
586 4970 741 5025 Patre
775 4971 954 5024 minor
979 4973 1100 5032 erit,
1135 4969 1258 5024 licet
1290 4985 1383 5039 per
1406 4969 1598 5022 Filium
1631 4967 1775 5022 Patri
1805 4985 1943 5023 eon-

359 5061 658 5131 jungatur;
695 5059 931 5129 alioquin
958 5067 1010 5111 et
1042 5058 1210 5112 Filius
1242 5059 1345 5111 erit
1373 5059 1650 5113 dissimilis
1679 5058 1843 5123 Patri,
1875 5075 1940 5114 eo

365 5149 520 5218 quod
549 5149 780 5203 causalis
811 5149 899 5215 sit,
933 5147 1034 5202 etsi
1069 5164 1176 5202 non
1221 5148 1292 5203 ita
1333 5149 1474 5204 sicut
1502 5149 1758 5219 Spiritus,
1787 5151 1940 5219 juxta

376 5251 561 5293 tamen
595 5241 956 5310 proportionis
986 5241 1268 5295 rationem.
1294 5282 1308 5296 .
1337 5283 1351 5297 .
1377 5279 1393 5294 .
1429 5243 1574 5297 Ordo
1594 5252 1774 5297 autem
1798 5255 1853 5296 et
1873 5245 1941 5299 ad

373 5331 582 5400 aliquid
613 5332 769 5401 (πρός
793 5348 844 5384 τι
871 5333 985 5386 sive
1015 5331 1255 5400 relative)
1283 5334 1688 5401 quomodolibet
1711 5334 1938 5400 habere,

367 5432 692 5477 naturarum
750 5439 860 5477 non
917 5421 1045 5478 facit
1091 5422 1476 5479 differentiam.
1520 5426 1652 5480 Nam
1680 5444 1837 5498 v.gr.
1874 5443 1941 5483 eo

369 5516 516 5586 quod
545 5514 753 5570 amicus
779 5516 866 5581 sit,
898 5516 984 5570 vel
1018 5517 1226 5570 vicinus
1265 5517 1350 5571 vel
1396 5519 1676 5589 magister,
1717 5520 1854 5574 nihil
1885 5521 1940 5575 in

366 5621 434 5661 se
466 5608 643 5676 ipsum
674 5605 833 5660 alicui
859 5607 1084 5672 accedit,
1112 5616 1171 5662 ut
1197 5616 1418 5678 propter
1475 5611 1721 5666 habitum
1757 5612 1938 5683 perfe-

362 5698 513 5754 ctior
542 5698 598 5751 in
629 5713 688 5752 se
719 5697 838 5767 ipso
873 5699 1170 5754 seeiindum
1197 5700 1491 5757 essentiam
1540 5704 1644 5768 sit;
1677 5719 1858 5774 neque
1891 5705 1937 5760 si

362 5789 644 5860 quispiam
673 5789 839 5844 lilium
875 5807 937 5846 ac
973 5801 1223 5860 nepotem
1251 5791 1469 5861 habeat,
1495 5795 1685 5851 tertius
1705 5796 1940 5853 maxime

2050 1941 2222 1993 multo
2261 1942 2443 1993 minus
2476 1940 2530 1994 id
2585 1941 2639 1994 in
2688 1931 3042 2011 processione
3074 1943 3310 2014 Spiritus
3354 1949 3524 2002 sancti
3549 1963 3618 2001 ex

2045 2031 2204 2086 Patre
2228 2043 2283 2086 et
2328 2033 2461 2087 Filio
2510 2049 2756 2089 asserere
2804 2045 3084 2106 poterunt.
3121 2038 3356 2092 Rursum
3409 2040 3474 2094 ad
3503 2042 3615 2106 jam

2046 2123 2189 2176 dicta
2237 2125 2547 2178 reducimur
2576 2165 2592 2189 ,
2641 2128 2769 2180 dttm
2830 2143 3064 2197 sequens
3122 2129 3300 2184 Photii
3344 2133 3618 2202 sophisma

2045 2212 2187 2280 (cap.
2223 2212 2311 2282 54)
2341 2216 2747 2284 perpendimus,
2787 2218 2879 2271 ubi
2917 2219 3094 2288 arguit
3150 2219 3411 2290 Spiritum
3437 2239 3466 2276 a
3491 2238 3620 2278 con-

2045 2305 2500 2360 substantia'litate
2533 2323 2658 2362 cum
2697 2309 2858 2363 Patre
2911 2312 3147 2378 excludi,
3194 2328 3318 2367 cum
3373 2330 3619 2369 commu-

2045 2396 2136 2448 nio
2161 2395 2332 2451 Patris
2352 2408 2407 2452 et
2429 2399 2547 2453 Filii
2574 2401 2645 2455 sit
2676 2403 2973 2456 secundum
3007 2406 3385 2460 substantiam.
3416 2404 3616 2462 Verum

2045 2502 2174 2541 Sane
2204 2501 2286 2544 est
2343 2491 2558 2545 Patrem
2597 2503 2652 2546 et
2683 2492 2878 2548 Filium
2923 2498 3366 2552 communionem
3417 2500 3619 2554 habere

2046 2582 2350 2635 secundum
2405 2583 2804 2648 substantiam,
2856 2587 2952 2641 sed
3002 2604 3069 2641 ex
3117 2590 3359 2658 probatis
3399 2607 3618 2662 quoque

2046 2672 2489 2725 communionem
2549 2673 2752 2727 habent
2811 2675 2864 2728 in
2914 2676 3179 2732 relatione
3225 2679 3289 2733 ad
3347 2678 3613 2748 Spiritunt

2045 2771 2294 2815 sanctum
2315 2779 2434 2830 qua:
2457 2763 2525 2816 ab
2551 2766 2787 2818 essentia
2815 2807 2828 2831 ,
2862 2768 2966 2820 etsi
2997 2784 3107 2823 non
3135 2771 3437 2824 secundum
3475 2787 3612 2838 rem,

2046 2853 2141 2905 sed
2173 2857 2474 2908 secundum
2508 2857 2771 2910 rationem
2820 2859 3189 2929 distinguitur.
3217 2861 3385 2916 Filius
3432 2865 3619 2918 exclu-

2044 2945 2192 2998 ditur
2233 2962 2264 2999 a
2297 2948 2646 3016 generatione
2702 2952 2876 3005 activa
2920 2954 3082 3006 etiam
3123 2956 3268 3024 apud
3317 2956 3535 3010 Graecos
3563 2966 3619 3011 et

2047 3040 2227 3088 tamen
2260 3037 2379 3087 κατ’
2397 3037 2585 3090 οὐσίαν
2625 3054 2749 3092 cum
2779 3041 2939 3095 Patre
2989 3045 3393 3113 communicat;
3429 3047 3618 3100 eadem

2043 3127 2252 3180 ratione
2299 3128 2606 3184 excluditur
2644 3129 2884 3200 Spiritus
2917 3136 2984 3188 ab
3012 3136 3187 3189 activa
3225 3138 3523 3206 spiratione
3566 3150 3623 3193 et

2046 3230 2224 3273 tamen
2257 3236 2287 3274 a
2322 3223 2705 3277 communione
2738 3227 3040 3280 secundum
3083 3229 3443 3283 substantiam
3495 3248 3620 3286 cum

2038 3310 2196 3365 Patre
2225 3321 2279 3366 et
2314 3314 2449 3368 Filio
2491 3331 2598 3369 non
2621 3327 2860 3372 arcetur.
2886 3317 3073 3388 Neque
3095 3320 3242 3374 enim
3293 3323 3431 3376 ratio
3462 3326 3620 3392 prin-

2049 3404 2175 3473 cipii
2206 3415 2260 3458 et
2295 3407 2602 3476 principiali
2642 3411 2938 3464 essentiam
2961 3414 3290 3480 constituit,
3351 3425 3410 3469 ut
3459 3417 3620 3470 toties

2040 3497 2369 3551 ‘nculcatum
2415 3508 2497 3552 est
2525 3541 2539 3564 ,
2587 3516 2688 3555 nec
2747 3503 3012 3555 minorem
3061 3505 3358 3572 potentiam
3409 3506 3621 3561 faciunt

2047 3591 2329 3660 pauciores
2357 3592 2650 3646 relationes
2682 3594 2764 3647 vel
2793 3597 3044 3649 notiones
3066 3596 3158 3665 (cf.
3190 3597 3218 3667 §
3251 3597 3303 3662 5,
3338 3598 3423 3665 ll).
3455 3599 3618 3655 Joan.

2039 3684 2404 3753 Argyropulus
2435 3700 2560 3738 vero
2587 3701 2698 3738 non
2722 3687 2926 3740 absone
2949 3697 3100 3742 notat
3127 3689 3226 3756 (De
3255 3706 3399 3758 proc.
3427 3690 3617 3761 Spirit.

2040 3785 2210 3828 sanet.
2240 3790 2288 3828 c.
2335 3775 2402 3840 9;
2439 3775 2500 3828 (ἰ.
2544 3776 2606 3832 0.
2636 3777 2681 3844 Ι,
2713 3779 2838 3844 415)
2863 3795 2892 3831 a
2939 3780 3099 3833 Patre
3130 3783 3498 3851 generativam
3535 3785 3620 3838 fa-

2042 3865 2295 3918 cultatem
2334 3866 2498 3929 Filio,
2549 3871 2920 3938 generativam
2947 3881 3002 3925 et
3027 3873 3400 3941 productivam
3442 3876 3611 3932 facul-
3689 3891 3694 3896 ’

2041 3966 2207 4012 tatem
2233 3958 2459 4028 Spiritui
2486 3975 2675 4015 saneto
2711 3965 3103 4018 communicari
3129 3982 3230 4018 non
3250 3976 3306 4019 ut
3335 3968 3616 4040 δυνάμεις,

2041 4065 2217 4102 verum
2247 4061 2300 4102 ut
2329 4052 2671 4121 τελειότητας
2696 4069 2709 4118 ;
2740 4056 2880 4108 unde
2909 4055 3100 4108 Filium
3146 4073 3260 4112 non
3289 4074 3448 4128 posse
3478 4063 3619 4117 alte-

2044 4157 2164 4195 rum
2199 4142 2396 4196 Filium
2429 4160 2692 4214 generare
2721 4163 2821 4200 nec
2851 4149 3117 4218 Spiritum
3144 4150 3312 4205 alium
3354 4151 3616 4223 Spiritum

2043 4235 2290 4289 emittere
2328 4236 2412 4290 vel
2439 4239 2678 4308 gignere.
2713 4240 2859 4294 Idem
2895 4241 2996 4296 sibi
3039 4245 3154 4296 vult
3187 4244 3342 4317 Hugo
3369 4246 3620 4304 Etheriu-

2043 4341 2167 4391 nus,
2198 4327 2328 4380 dum
2370 4329 2559 4382 scribit
2599 4331 2657 4401 (Ι.
2695 4347 2737 4394 ι,
2769 4347 2819 4384 c.
2863 4333 2969 4398 15,
3024 4350 3078 4403 p.
3119 4335 3321 4403 1209):
3362 4357 3379 4389 ι
3417 4339 3619 4395 Eadem

2043 4418 2273 4486 potentia
2295 4427 2378 4473 est
2404 4419 2458 4472 in
2485 4419 2664 4485 Patre,
2696 4421 2846 4494 [500]
2880 4427 3184 4480 secundum
3217 4445 3379 4498 quam
3433 4443 3619 4500 potest

1975 4538 2016 4591 υ
2045 4525 2312 4578 generare,
2340 4526 2460 4579 quae
2486 4521 2568 4565 est
2599 4512 2655 4566 in
2695 4514 2832 4568 Filio
2856 4554 2871 4579 ,
2917 4519 3219 4572 secundum
3249 4537 3412 4589 quam
3440 4532 3622 4590 potest

2044 4599 2305 4665 generari,
2331 4603 2578 4668 quamvis
2604 4603 2835 4658 diversis
2866 4607 3124 4674 eifulgcat
3169 4614 3619 4682 proprietatibus,

2046 4695 2206 4746 veluti
2246 4711 2348 4747 una
2381 4698 2625 4765 putentia
2657 4709 2740 4753 est
2787 4701 3028 4756 hominis
3061 4704 3360 4774 disciplinae
3433 4723 3620 4776 perce.

2043 4786 2228 4851 ptibile
2247 4805 2266 4836 ι
2293 4797 2398 4841 etc.
2423 4789 2546 4843 llrec
2573 4808 2697 4844 cum
2732 4793 2795 4845 iis
2821 4797 3211 4861 connectenda,
3237 4813 3357 4867 qua:
3383 4799 3621 4854 Thomas

2042 4879 2279 4948 disputat
2317 4882 2364 4943 l,
2393 4899 2447 4952 q.
2482 4884 2570 4949 42,
2617 4901 2667 4938 a.
2693 4885 2724 4939 6
2750 4888 2819 4940 ad
2856 4889 2873 4940 l
2909 4897 2964 4941 et
3000 4891 3065 4942 ad
3094 4891 3146 4944 5.
3178 4890 3292 4946 lloc
3332 4896 3619 4961 posteriori

2042 4970 2160 5024 loco
2192 4972 2306 5026 hazc
2342 4973 2538 5028 habet:
2573 4996 2590 5030 ι
2630 4976 2781 5032 Sicut
2807 4980 3000 5033 eadem
3023 4982 3278 5047 essentia,
3308 4999 3431 5053 quae
3461 4987 3621 5041 estin

2044 5062 2200 5117 Patre
2231 5067 2548 5134 paternitas,
2589 5069 2643 5122 in
2678 5069 2814 5124 Filio
2845 5081 2931 5125 est
2967 5073 3174 5139 liliatio,
3216 5075 3289 5128 ita
3320 5077 3508 5132 eadem
3537 5089 3623 5134 est

2041 5157 2292 5223 potentia,
2309 5173 2412 5226 qua
2435 5158 2594 5212 Pater
2614 5172 2836 5232 generat
2861 5174 2914 5218 et
2939 5162 3106 5219 Filius
3127 5178 3438 5236 generatur.
3467 5170 3622 5226 Unde

2043 5249 2391 5304 manifestum
2423 5263 2526 5318 est,
2557 5256 2700 5323 quod
2731 5259 2996 5328 quidquid
3023 5269 3205 5330 potest
3229 5261 3408 5328 Pater,
3439 5276 3622 5334 potest

2041 5339 2242 5407 Filius;
2275 5358 2382 5395 non
2420 5354 2600 5399 tamen
2642 5349 2908 5418 sequitur,
2942 5353 3086 5421 quod
3125 5355 3296 5424 possit
3322 5371 3616 5426 generare;

2041 5433 2135 5486 sed
2167 5443 2413 5488 mutatur
2443 5437 2570 5505 quid
2600 5437 2654 5491 in
2678 5441 2742 5494 ad
2764 5441 2963 5510 aliquid
2991 5460 3006 5508 ;
3058 5461 3180 5498 nam
3222 5446 3504 5517 generatio
3539 5448 3617 5500 si-

2040 5525 2260 5595 gniﬁcat
2314 5529 2632 5584 relationem
2674 5533 2730 5586 in
2772 5533 2992 5590 divinis.
3044 5534 3217 5592 Habet
3263 5552 3394 5608 ergo
3442 5537 3613 5594 Filius

2041 5618 2275 5672 eamdem
2299 5623 2609 5687 potentiam,
2647 5641 2810 5692 quam
2839 5624 3018 5695 Pater,
3053 5630 3142 5682 sed
3175 5645 3293 5683 cum
3329 5628 3439 5682 alia
3473 5629 3618 5682 rela-

2040 5709 2199 5774 tione,
2239 5711 2364 5780 quia
2397 5712 2556 5768 Pater
2587 5714 2754 5770 habet
2775 5733 2895 5772 eam
2926 5726 2984 5773 ut
3013 5721 3168 5782 dans,
3209 5731 3264 5776 et
3304 5722 3409 5777 hoc
3448 5720 3618 5790 signi-

2043 5800 2254 5868 licatur,
2287 5817 2411 5857 cum
2444 5803 2663 5871 dicitur,
2704 5809 2849 5878 quod
2879 5820 3059 5879 potest
3101 5826 3390 5878 generare:
3438 5812 3612 5870 Filius
