4032 6430
571 359 678 425 519

1684 342 1951 406 PHOTII
2000 339 2511 402 PATRIARCH/E
2541 340 2651 402 CP.

3710 356 3805 421 520

573 483 759 527 autem
784 467 947 524 habet
972 479 1094 520 eam
1138 470 1198 518 ut
1224 459 1529 529 accipient;
1560 455 1753 512 et'boc
1794 451 2159 525 signiﬁcatur,
2186 453 2239 514 Α
2265 449 2477 516 dimus;
2512 451 2563 505 id
2593 460 2651 506 et
2682 451 2976 508 conﬁrmat
3009 451 3225 526 Georgii
3272 454 3614 527 Trapezuntii
3638 462 3806 537 dispu-

573 580 698 619 cum
724 563 948 626 dicitur,
980 558 1125 630 quod
1161 562 1344 626 potest
1385 549 1658 625 generari.
1691 568 1711 601 ι
1744 548 1871 603 Haec
1926 554 1983 602 et
2035 545 2156 601 aliis

577 653 916 710 illustrandis
956 648 1133 705 Photii
1171 644 1506 718 argumentis
1536 648 1787 712 prosunt.
1841 640 2067 695 Demum
2099 647 2157 693 et

574 748 679 803 alia
701 749 913 803 ratione
935 741 1176 800 ostendit
1199 739 1349 795 card.
1374 735 1664 792 Bessarion
1690 732 1876 805 (epist.
1907 730 1976 785 ad
1995 729 2152 785 Alex.

577 840 732 895 Lasc.
764 855 816 895 c.
846 841 914 905 7;
960 836 1131 891 Hard.
1170 833 1279 899 IX,
1330 831 1490 897 1065)
1541 827 1748 881 nullam
1791 823 1946 893 sequi
1974 821 2155 893 quoad

486 936 491 939 ⁷
573 941 827 987 naturam
847 928 1293 991 inlerioritatem,
1326 921 1473 994 quod
1517 918 1747 990 Spiritui
1776 916 1918 970 ratio
1946 914 2154 986 princi-

574 1027 649 1096 pii
678 1025 981 1095 denegatur
1008 1039 1021 1075 :
1059 1038 1077 1071 i
1110 1019 1267 1086 Quod
1297 1017 1340 1072 si
1362 1014 1487 1086 quis
1516 1026 1732 1075 rursus,
1763 1008 1959 1079 inquit,
1984 1007 2151 1062 dicat:

573 1118 745 1190 Igitur
766 1116 945 1171 minor
968 1122 1053 1169 est
1072 1112 1313 1182 Spiritus
1358 1117 1585 1163 sanctus
1612 1115 1668 1159 et
1691 1103 1853 1157 Patre
1897 1109 1953 1156 et
1991 1098 2150 1166 Filio,

575 1212 621 1267 si
652 1211 872 1281 quidem
904 1210 1062 1263 Pater
1090 1213 1314 1277 generat
1348 1201 1543 1255 Filium
1566 1239 1581 1264 ,
1610 1198 1779 1253 Filius
1803 1205 1859 1251 et
1877 1195 1995 1266 ipse
2029 1210 2153 1248 cum

576 1306 737 1360 Patre
766 1302 938 1372 spirat
985 1299 1287 1369 Spiritum,
1332 1294 1572 1365 Spiritus
1620 1305 1753 1346 vero
1803 1303 1907 1343 nec
1955 1285 2153 1341 Filium

572 1407 797 1471 generat
828 1411 934 1449 nec
978 1408 1036 1448 se
1068 1394 1244 1461 ipsum
1276 1403 1382 1443 nec
1425 1386 1590 1440 alium
1622 1383 1888 1453 Spiritum
1932 1379 2108 1450 Spirat
2139 1398 2152 1433 :

570 1506 709 1547 vana
732 1489 871 1543 ratio
906 1488 1024 1556 ejus
1051 1493 1137 1539 est
1165 1491 1220 1538 et
1249 1490 1442 1536 contra
1466 1478 1709 1547 seipsum
1731 1515 1746 1539 ,
1793 1475 1885 1544 qui
1920 1474 2039 1527 haec
2066 1471 2153 1524 di-

569 1583 667 1648 cit,
697 1580 997 1637 concludit.
1035 1576 1092 1631 Si
1122 1576 1270 1630 enim
1300 1572 1503 1627 nullius
1532 1582 1781 1640 personae
1818 1564 2152 1636 principium

569 1690 693 1733 esse
717 1669 1149 1742 imperfectionis
1180 1676 1236 1721 et
1259 1662 1657 1721 imminutionis
1678 1661 1895 1732 signum
1938 1658 1992 1712 in
2033 1657 2154 1711 Tri-

568 1769 741 1822 nitate
777 1764 1077 1835 putandum
1107 1768 1274 1826 esset,
1313 1759 1628 1826 pauciorum
1648 1769 1867 1825 quoque
1898 1768 2152 1824 persona-

2260 540 2392 596 tatio
2428 541 2529 613 (De
2555 557 2701 610 proc.
2734 541 2924 613 Spirit.
2947 562 3097 602 tunc.
3121 562 3173 602 c.
3206 546 3275 601 27
3302 566 3318 614 ;
3344 548 3410 605 G.
3434 554 3496 605 0.
3516 550 3667 617 1,527
3681 560 3809 631 seq.)

2256 641 2448 689 notatu
2496 634 2656 705 plane
2688 636 2872 707 digna.
2913 657 2933 690 ε
2969 637 3210 694 Geuerat
3254 640 3453 696 Filium
3505 643 3655 702 Pater
3677 665 3807 714 vere.

2257 734 2466 782 etcum
2517 739 2747 799 generat
2806 732 3029 787 exhibet
3080 733 3185 804 ipsi
3235 750 3574 807 quaecunque
3625 741 3807 812 habet,

2256 829 2457 926 praeter
2510 837 2573 876 ea
2629 839 2751 891 quae
2796 824 3182 881 confusionem
3233 827 3484 884 inferunt
3532 831 3686 902 (πλὴν
3724 837 3810 909 τὴν

2258 918 2543 983 σύγχυσιν)
2571 922 2627 968 et
2649 931 2770 984 quae
2791 926 2921 971 ante
2951 927 3009 972 et
3030 926 3153 988 post
3178 920 3501 991 hypostasin
3522 923 3812 999 intelligun-

2257 1014 2345 1056 tur
2379 1003 2468 1072 (τὰ
2530 1004 2996 1077 προθεωρούμενα
3047 1013 3148 1079 τῆς
3201 1010 3556 1078 ὑποστάσεως
3615 1019 3705 1072 καὶ
3753 1022 3811 1078 τὰ

2255 1093 2721 1167 ὲπιθεωρούμενα)
2764 1107 2820 1152 et
2864 1100 3062 1155 rationi
3124 1101 3437 1173 hypostasis
3481 1107 3812 1168 adversantur

2256 1184 2498 1255 (ἐναντία
2543 1188 2621 1259 τῷ
2676 1189 2820 1260 λόγῳ
2879 1191 2983 1256 τῆς
3026 1193 3432 1267 ὑποστάσεως).
3489 1198 3813 1274 ρυκουῐιῳιθ

2253 1294 2388 1333 vero
2422 1284 2570 1347 (cum
2600 1282 2893 1354 hypostasi)
2919 1285 3302 1358 intelliguntur
3334 1304 3439 1345 nec
3464 1289 3612 1365 [502]
3639 1295 3810 1352 adver-

2220 1422 2223 1427 .
2254 1384 2463 1437 sautur,
2489 1392 2598 1430 non
2630 1386 2840 1431 tantum
2861 1389 3016 1433 extra
3038 1395 3257 1435 omnem
3281 1382 3658 1440 confusionem
3681 1400 3809 1452 sunt.

2255 1466 2350 1519 sed
2383 1475 2441 1521 et
2467 1468 2713 1522 ordinem
2741 1470 3109 1525 constituunt.
3143 1472 3281 1527 Cum
3323 1473 3491 1545 igitur
3529 1476 3703 1533 divina
3725 1496 3811 1534 na-

2256 1567 2375 1613 tura
2406 1560 2577 1614 semel
2600 1560 2660 1613 τὸ
2694 1560 2934 1632 ἄναρχον
2973 1563 3229 1618 habuerit
3282 1566 3337 1619 in
3371 1566 3550 1623 Patris
3582 1584 3808 1638 persona,

2254 1651 2371 1705 ﬁeri
2403 1666 2516 1705 non
2563 1652 2776 1721 potuit,
2837 1663 2898 1710 ut
2949 1655 3080 1709 il‘lud
3118 1654 3260 1711 Filio
3318 1659 3808 1719 communicaretur.

2256 1742 2698 1816 Prieintelligitur
2735 1746 2885 1800 enim
2942 1746 3383 1821 adversaturque
3417 1753 3612 1807 rationi
3638 1754 3807 1811 Filii...

570 1815 738 1822 ..-πη
777 1815 981 1835 rw-.-
1120 1815 1127 1816 γ
1262 1815 1274 1826 ,
1314 1815 1323 1826 .
1667 1815 1679 1825 .
1778 1815 1791 1824 .
1899 1815 1909 1824 .
2567 1815 2574 1816 κ

568 1876 691 1915 rum
722 1874 940 1912 causam
971 1871 1080 1908 esse
1103 1848 1532 1923 imperfectionis
1567 1856 1743 1910 esset;
1774 1844 1938 1898 Filitts
1963 1843 2147 1913 igitur,
2186 1815 2223 1869 Β
2253 1834 2441 1906 Neque
2463 1838 2625 1892 etiallt
2660 1837 2778 1893 ﬁeri
2809 1848 3010 1908 Ροιθει.
3047 1850 3106 1896 Ill
3135 1842 3241 1896 vim
3271 1815 3561 1914 generandi
3588 1861 3808 1902 commu-

568 1965 695 2006 cucu
725 1949 888 2003 unius
930 1959 1181 2016 persona:
1218 1943 1526 2003 duntaxat,
1588 1936 1825 2006 Spiritus
1878 1933 2150 1994 videlicet,

568 2037 901 2112 principium
934 2035 1024 2101 sit,
1056 2032 1238 2088 minor
1264 2039 1412 2084 esset
1461 2027 1564 2081 hac
1601 2024 1815 2079 ratione
1841 2021 2025 2084 Patre,
2056 2018 2152 2089 qui

566 2133 853 2188 ambarum
888 2138 1248 2199 personarum
1282 2131 1367 2177 est
1418 2118 1774 2191 principium.
1820 2115 1889 2170 At
1931 2115 2037 2170 hoc
2066 2113 2154 2169 in-

565 2225 904 2283 conveniens
929 2229 1013 2276 est
1041 2219 1217 2273 solum
1264 2216 1525 2286 cogitare.
1565 2212 1735 2284 Igitur
1767 2209 1898 2264 illud
1933 2222 2151 2279 quoque

565 2317 819 2373 similiter
848 2312 1147 2369 absurdum
1181 2316 1285 2363 est.
1314 2305 1647 2375 Principium
1674 2302 1843 2367 enim,
1883 2309 2047 2370 prout
2067 2307 2152 2353 est

563 2410 707 2466 actui
735 2408 1114 2478 coniunctum,
1144 2401 1225 2456 vel
1262 2417 1296 2454 a
1317 2399 1576 2470 principio
1606 2412 1735 2459 esse,
1768 2410 1892 2448 cum
1924 2393 1992 2448 de
2022 2407 2149 2462 per-

563 2498 845 2556 sonalibus
892 2491 1324 2566 proprietatibus
1360 2488 1468 2550 sit,
1525 2500 1704 2554 neque
1742 2482 1920 2549 majus
1968 2492 2149 2548 neque

563 2593 748 2648 minus
769 2589 1001 2644 alterum
1031 2585 1205 2639 altero
1235 2581 1319 2638 vel
1355 2595 1478 2634 esse
1505 2576 1593 2632 vel
1631 2575 1736 2630 dici
1768 2572 1920 2627 facit.
1952 2589 1971 2623 ι

634 2681 784 2756 [501]
828 2681 914 2734 17.
937 2678 1091 2732 Novo
1123 2674 1436 2731 dilemmate
1461 2669 1637 2723 utitur
1660 2665 1892 2720 Photius
1911 2678 2031 2732 cap.
2056 2662 2145 2716 55:

568 2798 589 2832 ι
634 2755 919 2831 Processio
951 2770 1189 2840 Spiritus
1235 2764 1409 2821 sancti
1444 2779 1507 2817 ex
1541 2759 1677 2814 Filio
1703 2767 1799 2812 aut
1845 2768 1929 2811 est
1957 2755 2147 2809 eadem

561 2884 689 2925 cum
721 2862 1073 2937 proi-essione
1098 2875 1166 2914 ex
1199 2856 1383 2921 Patre,
1421 2862 1517 2908 aut
1555 2852 1768 2905 diversa
1802 2847 1885 2902 vel
1927 2854 2150 2900 contra-

563 2960 667 3014 ria.
708 2957 763 3013 Si
797 2956 971 3028 prius.
993 2950 1473 3007 communicantur
1500 2944 1761 2998 idiomata
1791 2940 2148 2995 etcbaracte-

561 3067 653 3107 res
684 3060 1088 3122 personarum;
1132 3042 1176 3096 si
1226 3041 1456 3094 alterum
1483 3078 1497 3102 ,
1560 3035 1850 3089 incidimus
1880 3032 1937 3086 in
1976 3029 2148 3084 Mani-

559 3145 840 3200 chaeorum
882 3139 967 3194 vel
1025 3134 1465 3190 Marcionitarum
1509 3129 1764 3185 haeresiu.
1826 3145 1845 3178 ι
1903 3124 2215 3217 Concorsc

560 3252 695 3311 vero
714 3243 797 3290 est
821 3231 1229 3287 Catholicorum
1273 3239 1622 3296 responsum,
1652 3236 1764 3276 non
1790 3235 1913 3276 esse
1962 3218 2146 3274 diver-

558 3309 677 3387 sam
712 3325 1123 3398 processiouem
1169 3319 1412 3390 Spiritus
1455 3315 1631 3371 sancti
1675 3330 1707 3369 a
1761 3310 1898 3367 Filio
1928 3311 1996 3366 ab
2031 3309 2145 3373 illa,

557 3443 664 3498 qua
693 3421 942 3496 procedit
975 3437 1040 3475 ex
1072 3417 1254 3483 Patre,
1296 3431 1359 3470 ac
1386 3414 1556 3469 multo
1578 3410 1761 3467 minus
1788 3407 2144 3473 contrariam;

556 3519 788 3591 proinde
817 3533 847 3570 a
876 3510 1262 3569 Manichieismi
1300 3507 1551 3580 spectris,
1592 3516 1713 3574 quae
1742 3502 1853 3572 jam
1883 3500 2016 3556 satis
2042 3500 2143 3555 de-

558 3590 701 3664 ridet
734 3607 939 3662 Beccus
969 3604 1054 3673 tu.
1081 3602 1142 3681 ο.
1170 3601 1213 3660 ι.
1245 3601 1332 3665 80,
1367 3597 1479 3665 8i),
1509 3596 1646 3650 nihil
1665 3593 1892 3649 omnino
1912 3592 2031 3647 fore
2071 3590 2144 3645 ti-

556 3702 841 3767 mendum,
879 3699 972 3753 sed
998 3712 1121 3752 esse
1164 3693 1389 3750 omnino
1424 3690 1670 3746 eamdem
1699 3688 1811 3753 (lli,
1850 3685 1877 3758 §
1913 3688 1936 3740 ἰ
1973 3683 2139 3754 seq.),

554 3810 739 3866 neque
764 3801 945 3846 tamen
965 3786 1361 3845 communicari
1386 3798 1742 3856 personarum
1760 3783 2130 3843 characteres,

556 3888 699 3958 quod
728 3886 961 3940 Pbotius
992 3882 1214 3936 nonnisi
1246 3896 1311 3934 ex
1359 3877 1642 3949 supposito
1674 3874 1812 3929 falso
1865 3871 2139 3944 principio

533 3980 655 4052 '(ib.
691 3975 937 4052 555ml.)
974 3973 1283 4029 alﬁrmavit.
1329 3969 1519 4041 Neque
1574 3966 1815 4023 uberiori
1868 3979 2138 4034 responso

554 4082 694 4138 opus
719 4075 804 4123 est
836 4065 902 4118 ad
931 4080 1053 4133 cap.
1086 4063 1155 4116 56
1194 4069 1317 4131 post
1347 4076 1431 4126 ea,
1456 4075 1576 4129 quae
1609 4060 1732 4127 (art.
1769 4058 1826 4118 '5,
1860 4056 1928 4128 §§
1960 4055 2138 4125 12-15)

550 4158 662 4229 jam
692 4158 966 4228 disputata
996 4162 1146 4217 sunt,
1183 4152 1274 4208 ubi
1309 4161 1590 4207 ostensum
1625 4149 1747 4215 fuit,
1790 4162 2137 4218 nequaquam

553 4267 622 4306 ex
645 4267 712 4306 eo
745 4249 889 4320 quod
917 4251 950 4319 ἡ
982 4245 1209 4310 πνεῦσις
1235 4246 1400 4300 trium
1433 4245 1742 4300 communis
1766 4259 1877 4297 non
1908 4242 2000 4306 sit,
2025 4240 2165 4295 col-7

552 4344 643 4415 ligi
688 4358 869 4414 posse,
901 4357 1021 4396 eam
1056 4341 1215 4393 unius
1261 4352 1498 4409 personis
1542 4335 1815 4407 propriam
1848 4335 2134 4389 exsistere.

550 4436 738 4508 Neque
770 4435 914 4489 Patri
947 4434 1176 4502 eripitur
1214 4431 1444 4501 spiratio
1469 4470 1484 4493 ,
1541 4444 1720 4498 neque
1780 4427 2135 4498 hypostatica:

549 4532 918 4604 preprietates
954 4526 1365 4582 transferuntur
1403 4524 1498 4592 (cf.
1535 4539 1696 4592 supra
1730 4521 1757 4592 §
1791 4522 1906 4590 15).

621 4622 710 4677 18.
750 4622 1009 4674 Attamen
1041 4632 1144 4671 nec
1168 4616 1257 4671 hic
1287 4613 1520 4684 quiescit
1551 4612 1865 4667 schismatis
1905 4609 2130 4681 pessimi

546 4724 740 4772 auctor
761 4723 816 4769 et
843 4714 951 4784 iam
977 4711 1123 4767 dicta
1154 4709 1276 4764 aliis
1308 4707 1503 4761 inﬂexa
1534 4703 1726 4759 formis
1757 4702 2133 4773 reproducens

548 4826 672 4882 cap.
710 4809 777 4864 57
809 4821 1030 4862 rursum
1053 4805 1243 4867 instat,
1289 4801 1343 4854 in
1370 4800 1689 4853 Latinorum
1719 4795 2006 4871 hypothesi
2034 4795 2131 4847 de-

549 4906 679 4960 bere
704 4912 760 4959 et
787 4900 1049 4972 Spiritum
1086 4898 1245 4952 aliam
1283 4895 1588 4966 producere
1640 4906 1954 4962 personam,
1989 4889 2134 4943 hanc

551 5012 713 5067 porro
743 4995 943 5059 aliam,
974 5003 1030 5048 et
1076 4992 1156 5047 sic
1189 4990 1452 5067 deinceps
1503 4987 1559 5041 in
1624 4985 1924 5047 inﬁnitum,
1964 4983 2035 5037 ita
2071 4991 2131 5037 ut

550 5088 833 5162 gentilium
884 5066 1531 5159 polytbeismuut‘adhuc
1570 5086 1833 5150 superent
1881 5086 1937 5131 et
1976 5084 2131 5130 tran-

549 5179 839 5237 scendant.
872 5178 1003 5244 Quae
1046 5178 1210 5248 plane
1238 5174 1470 5230 absurda
1503 5180 1651 5227 sunt.
1682 5170 1912 5224 Constat
1953 5167 2129 5239 primo

550 5272 781 5329 minimc
796 5271 1020 5326 Latinos
1032 5269 1147 5338 cogi
1165 5268 1324 5323 aliam
1343 5266 1505 5320 etiam
1526 5277 1822 5334 personam
1841 5261 2130 5317 admittere

547 5383 581 5424 a
607 5364 817 5438 Spiritu
845 5371 1033 5417 sancto
1064 5361 1405 5431 productam.
1428 5357 1488 5413 Id
1509 5372 1673 5428 supra
1700 5352 1783 5427 (ἐξ
1803 5353 1853 5420 1,
1876 5350 1928 5421 5)
1953 5358 2131 5408 osten-

620 5563 734 5651 ς97)
769 5577 827 5632 p.
865 5557 1010 5641 5:28:
1049 5556 1349 5651 ’μέν’ξοι
1397 5552 1738 5651 ἰιιεοϐἀλλιεινὶ
1787 5551 1846 5639 ob
1883 5548 2129 5651 11-9085?)-

583 5618 815 5705 οὖμενᾶν
854 5631 955 5705 τῆς
983 5628 1079 5705 to?»
1109 5618 1241 5681 Υἱοῦ
1265 5618 1867 5705 ὑετοστᾶρεῳςλιαὶιοὺιε
1888 5618 2130 5705 ξνανξεον

579 5690 690 5776 όγῲ
713 5704 822 5776 τινὶ
846 5690 1236 5776 directiusng
1266 5696 1533 5776 oﬁtsjdip
1622 5693 1815 5776 Ιξμτὴρ
1837 5692 1926 5745 διὰ
1956 5690 2131 5776 satira

548 5762 678 5838 Υἱξοὲ
706 5772 1120 5846 ἧν-πρόὁλη-μαξ
1157 5767 1341 5846 οὔτε-ᾤ
1365 5762 1603 5830 Υἱὸςέἱς
1627 5765 1861 5846 ματέρα
1898 5762 2130 5846 perati-

551 5830 694 5914 πτεί,
723 5830 847 5899 abre
875 5844 938 5898 τὸ
975 5830 1207 5915 Πνεῦμα
1252 5838 1532 5907 ἐξίσταται
1581 5835 1694 5891 τῶν
1746 5830 1911 5889 ἰδίων
1937 5830 2125 5887 αὐτοῦ.

2253 1927 2421 1993 nicet,
2446 1945 2536 1993 ne,
2571 1940 2627 1984 ut
2664 1930 2829 1985 tradit
2854 1930 3109 1996 Basilius,
3140 1933 3193 1986 in
3243 1934 3650 1992 multitudinem
3671 1938 3811 1993 innu-

2253 2033 2460 2072 nte-ram
2488 2035 2821 2076 excrescens
2839 2021 3083 2079 Trinitas
3116 2024 3257 2080 ﬁlios
3285 2041 3354 2080 ex
3386 2027 3510 2083 ﬁliis
3531 2044 3806 2100 generaret.

2255 2108 2492 2180 Hujusce
2531 2122 2797 2181 praeterea
2819 2130 2986 2170 causa
3010 2125 3112 2182 est,
3152 2120 3302 2188 quod
3327 2123 3611 2191 generatio
3632 2137 3808 2177 secun-

2252 2202 2382 2257 dum
2447 2204 2777 2275 principium
2832 2216 2888 2261 et
2929 2207 3093 2263 ﬁnem
3128 2210 3222 2282 (cf.
3258 2221 3364 2267 art.
3413 2212 3468 2276 5,
3501 2212 3528 2284 §
3556 2214 3622 2268 i3
3646 2217 3806 2270 eumd.

2254 2293 2504 2365 Trapez.)
2528 2298 2785 2355 sumitur.
2818 2300 3010 2355 Finem
3047 2317 3203 2365 voco,
3243 2303 3302 2358 in
3331 2320 3498 2374 quem
3525 2309 3808 2378 progressio

2256 2389 2310 2458 (ὴ
2340 2389 2584 2459 πρόοδος)
2618 2390 2735 2444 ﬁnit
2766 2391 2866 2463 (se.
2903 2393 3245 2467 terminum),
3299 2396 3652 2467 principium,
3686 2401 3807 2455 unde

2251 2479 2462 2550 incipit,
2490 2497 2603 2536 non
2630 2482 2919 2553 interjecto
2950 2495 3216 2557 tempore,
3248 2490 3345 2544 sed
3370 2490 3693 2560 cogitatione
3714 2492 3805 2547 sola

2251 2573 2424 2643 ipsius
2444 2579 2866 2647 progressionis,
2910 2595 3033 2649 quae
3079 2581 3132 2634 in
3186 2593 3489 2651 generante
3530 2593 3589 2638 ut
3634 2585 3807 2654 princi-

2253 2668 2398 2736 pium
2431 2669 2618 2741 (ὰρχὴ)
2646 2679 2766 2734 est,
2814 2681 2877 2726 ut
2931 2672 3056 2726 ﬁnis
3092 2673 3317 2744 (πέρας)
3347 2691 3480 2731 vero
3541 2678 3593 2729 in
3628 2678 3802 2747 genito.

2250 2760 2542 2817 Generatio
2576 2763 2757 2834 itaque
2806 2774 3063 2836 tanquam
3098 2770 3435 2838 principium
3491 2771 3802 2826 considerata

2250 2863 2310 2908 ut
2336 2864 2418 2911 est
2440 2856 2492 2910 in
2526 2857 2706 2922 Patre,
2739 2861 3176 2931 prieintelligitur
3202 2861 3296 2916 ﬁni
3322 2864 3626 2934 (termino).
3650 2863 3736 2933 qui
3760 2863 3800 2917 in

2254 2962 2318 3001 ea
2350 2958 2467 3007 est:
2499 2950 2731 3021 ideoque
2757 2954 3214 3022 prieconsiderata
3243 2954 3371 3010 Filii
3416 2957 3687 3028 hypostasi
3715 2972 3802 3011 non

2248 3049 2432 3108 potest
2454 3041 2526 3095 illi
2554 3042 2756 3097 inesse.
2789 3041 2938 3097 Nihil
2978 3044 3127 3098 enim
3153 3060 3222 3100 ex
3272 3046 3342 3100 iis
3363 3088 3378 3113 ,
3435 3062 3559 3116 qua:
3587 3047 3803 3117 personis

2250 3129 2307 3183 in
2372 3131 2560 3186 divina
2603 3133 2875 3189 Trinitate
2913 3133 3141 3202 insunt,
3180 3136 3625 3208 praeintelligitur
3661 3137 3804 3208 hypo-

2252 3223 2405 3287 stasi,
2442 3224 2496 3277 in
2527 3239 2632 3294 qua
2657 3234 2772 3291 est;
2800 3241 2872 3280 ne
2901 3226 3019 3281 scil.
3053 3243 3224 3281 unum
3252 3242 3320 3283 ex
3365 3230 3453 3285 his
3476 3230 3683 3284 duobus
3701 3228 3805 3282 sub.

2249 3325 2534 3387 sequatur,
2575 3330 2669 3373 aut
2700 3328 2830 3375 ante
2860 3330 2915 3375 et
2947 3330 3074 3390 post
3109 3321 3340 3390 intelligi
3378 3339 3548 3377 unum
3581 3332 3633 3377 et
3663 3322 3804 3380 idem.

2248 3418 2305 3464 et
2330 3425 2396 3464 ex
2427 3412 2610 3481 seipso
2639 3426 2762 3467 esse
2783 3454 2797 3478 ,
2827 3421 2923 3467 aut
2966 3414 3380 3470 multitudinem
3425 3415 3679 3470 Filiorum
3726 3413 3805 3467 ad-

2246 3503 2488 3559 mittere.
2521 3503 2640 3558 Non
2669 3514 2894 3575 generat
2931 3520 3061 3578 ergo
3085 3505 3261 3562 Filius
3281 3549 3297 3574 ,
3332 3525 3529 3563 verum
3562 3506 3803 3578 producit,

2246 3604 2304 3651 et
2327 3598 2467 3652 ratio
2495 3607 2870 3654 consentanea
2925 3608 2982 3654 et
3034 3615 3391 3670 consequens
3424 3611 3529 3658 est.
3578 3599 3806 3656 Producit

2246 3689 2409 3743 Pater
2434 3687 2695 3760 Spiritum
2722 3733 2740 3757 ,
2781 3701 2838 3747 et
2875 3708 3000 3748 cum
3048 3694 3324 3764 producit,
3362 3695 3723 3751 communicat
3742 3692 3805 3746 illi

2245 3782 2452 3846 omnia,
2509 3799 2625 3853 quae
2680 3800 2783 3837 non
2835 3786 3321 3856 prwintelliguntur
3346 3789 3498 3843 illius
3523 3785 3805 3857 hypostasi;

2244 3879 2641 3942 proptereaque
2690 3873 2808 3928 ﬁeri
2861 3876 3084 3945 nequit,
3115 3886 3175 3930 ut
3211 3877 3261 3932 ei
3292 3878 3661 3933 communicet
3712 3875 3802 3928 vim

2242 3963 2579 4032 producendi
2630 3975 2725 4021 aut
2767 3966 3098 4037 generandi,
3141 3970 3606 4039 quemadmodum
3648 3980 3803 4035 neque

2244 4053 2382 4109 Filio
2410 4058 2742 4128 generandi;
2770 4075 3010 4130 namque
3056 4058 3175 4116 haec
3206 4060 3261 4115 in
3300 4060 3467 4117 Patre
3512 4058 3803 4132 praaintelli-

2241 4159 2467 4216 guntur.
2495 4147 2603 4204 Sed
2627 4165 2806 4220 neque
2834 4152 3103 4222 generari,
3122 4152 3267 4221 quod
3298 4151 3427 4208 ﬁnis
3462 4149 3802 4225 generationis

2241 4237 2551 4301 dicebatur,
2581 4239 2809 4311 Spiritui
2844 4242 3026 4296 inerit.
3075 4242 3525 4316 Praeintelligitur
3553 4242 3797 4313 siquidem

2242 4329 2548 4398 bypostasis
2571 4331 2691 4385 Filii
2720 4333 2996 4403 hypostasi
3024 4332 3282 4402 Spiritus.
3318 4335 3515 4391 Verum
3534 4334 3800 4405 producere

2242 4435 2351 4474 non
2382 4423 2820 4492 praelntelligitur
2850 4422 2968 4477 Filii
2996 4440 3228 4493 persona
3261 4442 3443 4497 neque
3480 4425 3669 4481 rationi
3714 4423 3798 4491 hy—

2164 4513 2219 4572 D
2246 4512 2482 4581 postasis
2523 4514 2633 4569 ullo
2680 4515 2841 4569 modo
2881 4515 3222 4573 adversatur.
3267 4516 3456 4587 Neque
3506 4516 3647 4571 enim
3689 4512 3800 4567 ideo

2240 4604 2403 4658 Pater
2428 4602 2596 4660 Filius
2622 4606 2707 4659 vel
2738 4606 3024 4675 productio
3055 4616 3158 4674 est,
3195 4624 3298 4664 nec
3326 4609 3499 4664 Filius
3525 4608 3578 4662 in
3601 4607 3796 4661 Patrem

2241 4696 2563 4765 prolabitur,
2590 4713 2766 4767 neque
2795 4698 3034 4767 Spiritus
3064 4714 3129 4753 ex
3156 4700 3272 4755 suis
3317 4701 3554 4770 propriis
3582 4694 3794 4751 excedit.

2240 4786 2375 4841 Cum
2401 4788 2584 4858 itaque
2608 4790 2809 4843 nullam
2840 4791 3220 4847 confusionem
3246 4804 3470 4863 generet
3498 4791 3794 4863 producere.

2241 4882 2350 4934 imo
2381 4890 2553 4935 totum
2583 4882 2919 4935 contrarium
2946 4925 2959 4947 ,
3004 4884 3049 4938 si
3095 4885 3233 4938 Filio
3266 4887 3412 4941 inest
3437 4926 3452 4945 ,
3486 4894 3539 4939 et
3565 4884 3793 4938 ordinem

2240 4982 2419 5027 servet
2447 4980 2503 5027 et
2542 4971 2756 5029 Triadis
2796 4984 3045 5029 mutuam
3085 4974 3236 5049 [505]
3287 4978 3604 5031 relationem
3644 4969 3693 5043 (§
3724 4968 3790 5029 6).

2240 5066 2374 5122 illud
2401 5083 2627 5137 prorsus
2662 5067 2803 5123 Filio
2832 5069 2992 5124 Pater
3021 5070 3454 5126 communicabit
3484 5070 3623 5140 (97);
3654 5073 3703 5118 ει
3726 5059 3793 5114 δίο

2242 5161 2482 5231 Spiritus
2513 5150 2622 5219 erit
2647 5172 2701 5218 et
2722 5163 2865 5229 Filii,
2894 5175 3083 5218 etnon
3126 5163 3495 5235 imperfectus,
3527 5159 3664 5232 quod
3694 5165 3789 5208 non

2239 5254 2526 5324 producat,
2581 5255 2742 5310 sicuti
2793 5271 2969 5325 neque
3016 5256 3206 5321 Filius,
3246 5257 3393 5328 quod
3424 5271 3528 5311 non
3567 5253 3787 5325 generet-

2239 5346 2352 5403 lmo
2384 5345 2430 5401 si
2487 5348 2827 5417 produceret,
2868 5362 3000 5404 esset
3028 5350 3407 5422 imperfectus;
3467 5359 3590 5401 nam
3636 5336 3713 5393 vel
3736 5345 3786 5387 se

2238 5545 2530 5626 Mqﬁepiav
2561 5543 3035 5626 αρν-ἐπεισφξρον.
3064 5542 3326 5626 oti-nuce;
3351 5542 3420 5626 ⁸«τὸ
3469 5528 3790 5626 προξοξξλξὶῖςτ

2235 5595 2550 5671 iactatas.
2569 5595 2648 5674 ’δή
2666 5595 2843 5678 sint;
2869 5595 3046 5685 ira;
3077 5595 3226 5685 iis
3255 5595 3534 5685 suam;
3577 5602 3663 5685 ,εςῃ
3690 5595 3786 5685 Et:

2235 5670 2392 5752 τάξιν
2422 5670 2724 5757 ωντηρὸῦν
2756 5670 2853 5739 xui.
2884 5686 2986 5754 τὴν
3018 5670 3132 5754 ’τῆς
3168 5670 3785 5757 Τριᾶδρςῌᾲἓιξξτᾴξίλῖῐίοῗν

2240 5738 2475 5829 siina?
2500 5738 2823 5830 κοίνώνήσει
2858 5738 3269 5821 πάντωςῖοὖεὶο
3298 5738 3513 5827 τῷΎιῷ
3537 5747 3565 5800 ὁ
3593 5738 3782 5802 Πατήρ·
