4032 6434
29 9 151 614 ἱ

64 614 141 679 :5:

50 688 68 729 ι’
80 692 133 741 ἐξ

48 740 57 765 ι
134 756 135 759 η

18 614 79 884 ί

40 1066 139 1154 ΞΞ

54 1154 151 1247 1%

20 3100 21 3107 η

110 3172 113 3179 ι

110 3200 113 3211 ν

24 3008 109 3377 Ι

30 3377 101 3655 li

92 3520 101 3567 Ξ

84 3572 97 3655 ἑ

31 3747 91 3841 Ii

26 4027 180 4398 ι

347 4398 418 4437 snt

348 4477 418 4531 int

384 4583 415 4623 ε

352 4938 386 4992 h

353 5031 386 5084 ri

351 5134 385 5175 0

71 5251 74 5253 μ
143 5213 146 5218 ’
354 5231 384 5266 a

108 5460 119 5511 ῖΔ
356 5452 386 5503 μ

80 5525 96 5554 ν,
112 5520 125 5567 ξ
350 5508 386 5558 λ‹

114 5620 117 5623 ‹
351 5589 386 5655 σε

350 5663 376 5701 ε

79 5759 90 5762 _.
350 5734 386 5769 κ

318 379 418 443 521

322 598 376 643 et
400 591 479 644 sic
510 590 563 644 in
613 590 888 645 iniinitum
942 592 1348 660 produceretur
1374 592 1685 664 progressio
1710 631 1725 653 ,
1764 589 1914 660 quod

323 697 432 735 non
500 697 623 737 esse
679 682 1034 753 perfectionis
1094 694 1210 740 tute
1256 686 1422 740 etiam
1466 685 1679 739 diceres
1716 683 1853 754 (98).
1889 702 1906 734 ι

322 773 597 828 Praeterea
640 774 783 828 idem
830 786 1024 831 auctor
1053 775 1126 847 (c.
1160 776 1251 831 26.
1278 794 1332 847 p.
1364 775 1488 846 5&6)
1523 777 1591 831 ad
1646 776 1917 846 objectio-

323 881 474 930 nem,
507 866 772 935 Spiritum
822 877 1075 923 sanctum
1125 885 1383 924 mancum
1439 878 1494 924 et
1530 868 1915 939 imperfectum

324 972 470 1023 esse,
499 958 543 1010 si
578 958 730 1012 solus
760 958 903 1014 inter
935 968 1048 1014 tres
1078 975 1345 1029 personas
1389 977 1500 1015 non
1539 969 1686 1015 esset
1713 958 1917 1030 princi-

324 1049 528 1119 pium,
587 1051 690 1104 hoc
738 1058 898 1119 pacto
952 1050 1277 1119 respondet:
1316 1069 1334 1100 ε
1395 1049 1704 1105 Perfectum
1753 1056 1918 1117 atque

327 1141 713 1212 imperfectum
746 1157 859 1196 non
896 1157 963 1197 ex
991 1142 1313 1204 diacritieis.
1347 1143 1443 1198 sed
1475 1158 1544 1198 ex
1574 1141 1920 1199 naturalibus

326 1235 624 1305 col!igitur.
648 1233 780 1299 Qua:
803 1235 949 1289 enim
988 1236 1305 1291 necessario
1332 1245 1543 1290 naturae
1571 1235 1736 1290 insita
1766 1242 1917 1296 sunt,

326 1328 417 1382 illa
460 1329 509 1383 si
565 1328 895 1395 defuerint,
946 1329 1327 1399 imperfectam
1378 1337 1629 1385 naturam
1678 1328 1922 1384 efﬁciunt

323 1420 495 1485 illius,
525 1420 615 1475 cui
645 1436 756 1475 non
791 1422 1000 1476 insunt.
1032 1419 1237 1476 Verum
1268 1437 1391 1492 quae
1429 1423 1753 1493 hypostases
1790 1437 1921 1477 con-

323 1511 587 1573 stituunt,
617 1519 671 1566 et
701 1526 969 1581 personas
1014 1510 1361 1576 discernunt,
1398 1526 1679 1582 nunquam
1715 1511 1923 1581 imper—

325 1603 533 1657 fectum
556 1603 852 1674 quidquam
885 1602 1123 1659 efficient
1153 1612 1372 1667 natura,
1400 1618 1525 1659 cum
1553 1612 1779 1658 naturas
1810 1619 1920 1658 non

325 1704 647 1760 secernant,
683 1695 777 1749 sed
808 1694 954 1750 circa
984 1704 1237 1750 naturam
1264 1704 1646 1761 secernantur,
1676 1705 1735 1751 ut
1766 1696 1924 1751 theo-

325 1787 505 1857 logica
533 1802 637 1841 vox
665 1786 902 1841 insonat.
939 1786 1015 1841 Ex
1045 1788 1492 1843 discernentibus
1524 1803 1655 1844 vero
1684 1798 1770 1843 est
1793 1804 1925 1858 pro-

328 1972 474 2027 ritus
506 1972 695 2037 inerit,
731 1974 877 2043 quod
910 1987 1022 2027 non
1053 1973 1341 2043 producat,
1376 1973 1472 2027 sed
1503 1972 1925 2042 nechypostasi.

332 2063 660 2121 Seeernitur
691 2066 837 2120 enim
870 2065 1211 2122 sufficienter
1246 2068 1416 2137 magis
1446 2082 1474 2120 a
1506 2066 1671 2121 Patre
1704 2074 1760 2119 et
1785 2065 1928 2120 Filio

331 2176 436 2214 non
460 2161 773 2229 produccns,
814 2175 977 2229 quam
1018 2167 1410 2215 secerneretur
1437 2174 1468 2212 a
1508 2158 1666 2223 Filio,
1698 2173 1764 2212 ex
1790 2155 1929 2212 Filio

330 2268 437 2307 non
471 2252 759 2323 productus
793 2251 927 2321 (99).
972 2270 991 2304 ι
1027 2251 1270 2306 Tandem
1300 2251 1463 2322 digna
1496 2258 1626 2304 sunt
1657 2264 1780 2319 qua:
1800 2263 1929 2303 con—

331 2344 647 2401 siderenlur
688 2343 914 2399 Thoma:
951 2342 1103 2417 [304]
1141 2346 1305 2401 verba
1332 2386 1347 2408 ,
1384 2344 1585 2415 quibus
1624 2342 1789 2398 solvit
1821 2341 1929 2397 dif-

332 2438 634 2494 ﬁcultatem
662 2457 674 2493 :
718 2457 735 2489 ι
775 2438 1087 2510 Cujuslibet
1115 2440 1354 2496 amantis
1388 2449 1473 2495 est
1505 2439 1704 2509 aliquis
1733 2451 1926 2499 amor;

333 2530 430 2586 sed
465 2529 708 2600 Spiritus
742 2542 969 2586 sanctus
998 2541 1083 2586 est
1127 2531 1331 2597 Amor;
1367 2547 1498 2603 ergo
1538 2541 1622 2587 est
1665 2531 1787 2599 ejus
1827 2529 1928 2583 ali-

332 2621 459 2691 quis
482 2636 656 2675 amor.
684 2620 738 2675 Si
768 2620 936 2691 igitur
975 2621 1216 2692 Spiritus
1242 2631 1466 2677 sanctus
1495 2630 1581 2677 est
1609 2621 1799 2687 Amor,
1822 2621 1931 2677 erit

334 2728 491 2768 amor
516 2713 739 2780 amoris,
766 2722 822 2769 et
856 2714 1085 2785 spiritus
1130 2730 1159 2768 a
1222 2715 1436 2785 spiritu.
1478 2734 1496 2766 ›
1532 2714 1624 2769 Ait
1671 2715 1817 2768 enim
1852 2718 1928 2784 (q.

334 2806 426 2861 57.
480 2821 535 2860 a.
596 2807 688 2877 l):
747 2824 765 2858 ι
822 2807 905 2861 Ad
959 2816 1216 2878 quartum
1267 2808 1587 2875 dicendum,
1614 2811 1761 2880 quod
1791 2809 1934 2864 sicut

334 2899 501 2965 Filio,
533 2899 664 2954 licet
692 2899 980 2971 intelligat,
1008 2916 1121 2954 non
1157 2910 1339 2956 tamen
1374 2902 1477 2956 sibi
1508 2903 1772 2971 competit
1803 2917 1931 2972 pro-

334 2993 543 3047 ducere
614 2992 895 3058 Verbum,
955 2994 1081 3063 quia
1141 2994 1448 3065 intelligere
1500 2995 1755 3050 convenit
1792 2996 1934 3052 eiut

338 3084 523 3140 Verbo
552 3086 904 3156 procedenti:
949 3086 1024 3142 ita
1060 3087 1186 3142 licet
1230 3087 1468 3158 Spiritus
1503 3096 1728 3143 sanctus
1763 3098 1931 3151 amet,

335 3272 488 3341 quod
521 3271 690 3340 spiret
717 3286 986 3333 amorem,
1025 3273 1171 3342 quod
1205 3280 1290 3326 est
1319 3271 1545 3342 diligere
1593 3272 1934 3325 notionatiter

339 3371 641 3432 sumptum,
663 3362 790 3432 quia
822 3361 902 3418 sic
926 3362 1105 3435 diligit
1135 3363 1519 3427 essentialiter,
1542 3373 1602 3417 ut
1628 3378 1781 3417 amor
1810 3379 1935 3431 pro-

339 3458 547 3522 cedens,
579 3471 687 3510 non
720 3464 836 3509 uta
866 3472 967 3527 quo
998 3457 1229 3525 procedit
1265 3472 1437 3510 amor.
1487 3474 1505 3508 ι
1544 3456 1636 3511 Sic
1673 3470 1823 3526 ergo,
1854 3455 1932 3509 uti

332 3548 451 3615 jam
484 3563 649 3619 supra
687 3548 895 3603 dictum
923 3559 1030 3613 est,
1062 3548 1118 3601 in
1165 3546 1376 3618 Spiritu
1405 3556 1602 3602 sancto
1638 3546 1934 3601 terminum

342 3642 549 3696 habent
586 3640 998 3711 progressiones
1038 3640 1405 3694 immanentes
1452 3639 1745 3708 nullusque
1781 3638 1935 3693 locus

341 3742 428 3789 est
451 3749 773 3804 progressus
812 3734 866 3788 in
900 3733 1196 3797 inﬁnitum,
1228 3747 1391 3802 quem
1423 3730 1690 3787 divinitus
1720 3730 1935 3786 revela-

341 3835 434 3882 tus
468 3828 603 3881 ordo
622 3826 911 3897 proscribit
948 3826 1231 3889 radicitus.
1257 3845 1276 3878 ‹
1294 3824 1497 3880 Verum
1524 3824 1692 3888 enim,
1719 3825 1796 3878 ait
1826 3822 1937 3877 Ma-

345 3919 879 3991 nuelCalecas(l.u,
902 3918 1375 3990 p.421)ordinem
1405 3932 1627 3973 servare
1659 3930 1796 3985 opus
1831 3924 1935 3983 est,

344 4028 528 4083 neque
573 4011 747 4083 ipsius
790 4011 1055 4067 terminos
1088 4009 1416 4079 transgredi,
1471 4008 1566 4063 sed
1626 4008 1767 4061 intra
1810 4006 1938 4061 Tri-

344 4107 575 4161 nitatem
612 4114 755 4160 stare
783 4104 937 4174 juxta
970 4103 1226 4157 traditam
1265 4102 1426 4157 nobis
1454 4101 1579 4157 ﬁdei
1608 4100 1873 4172 regulam.
1912 4118 1931 4151 ι

420 4199 512 4254 19.
552 4197 707 4264 Quod
739 4197 898 4252 initio
924 4211 1047 4265 cap.
1077 4197 1147 4250 '58
1172 4195 1407 4249 advertit
1435 4193 1685 4254 Photius.
1718 4192 1936 4247 nonnisi

346 4306 380 4345 a
413 4290 572 4345 Patre
606 4290 860 4360 accipere
885 4288 1132 4359 potuisse
1166 4286 1386 4350 Filium,
1411 4294 1470 4339 ut
1502 4284 1742 4355 Spiritus
1762 4284 1937 4338 sancti

347 4384 421 4437 sit
459 4382 813 4452 principium,
858 4380 912 4435 id
936 4379 1207 4434 Catholici
1246 4394 1356 4433 uno
1401 4393 1497 4432 ore
1537 4377 1754 4431 docent.
1791 4375 1941 4443 Quos

289 4477 493 4545 linter
525 4475 877 4539 Ratramnus,
904 4473 965 4545 (l.
992 4473 1058 4535 Il,
1092 4487 1140 4527 c.
1174 4472 1230 4536 5,
1278 4487 1334 4541 p.
1360 4470 1459 4525 251
1498 4469 1562 4523 ad
1592 4484 1654 4523 ea
1704 4466 1939 4520 Nazian-

418 4665 438 4711 t
468 4657 649 4720 Pater,
679 4657 838 4711 sicuti
882 4653 1158 4725 Unigeniti
1188 4652 1373 4709 omnia
1396 4692 1410 4717 ,
1462 4651 1537 4705 ita
1568 4653 1730 4706 etiam
1763 4648 1937 4703 sancti

307 4743 587 4816 .iiritus
627 4751 815 4807 omnia
864 4750 1183 4804 referuntur
1216 4767 1235 4800 ι
1275 4748 1567 4802 observat:
1608 4764 1626 4796 ι
1674 4744 1824 4799 Talia
1856 4744 1940 4799 di-

305 4833 483 4913 ,ρης
520 4845 761 4900 ostendit
785 4843 967 4898 omnia
990 4884 1005 4909 ,
1041 4858 1162 4913 quae
1213 4851 1341 4897 sunt
1382 4838 1501 4893 Filii
1533 4880 1547 4902 ,
1600 4837 1668 4892 ad
1722 4838 1940 4891 Patrem

352 4938 554 4992 habere
580 4938 923 5001 relationem,
956 4944 1011 4990 et
1040 4934 1243 4998 omnia,
1274 4948 1397 5004 quae
1439 4941 1571 4987 sunt
1607 4931 1782 4986 sancti
1812 4930 1941 5001 Spi-

353 5031 510 5093 ritus,
536 5030 603 5084 ad
629 5028 885 5085 eumdem
936 5027 1128 5082 referri
1160 5027 1307 5081 velut
1334 5028 1399 5079 ad
1431 5025 1663 5095 primam
1695 5026 1941 5081 onmium

351 5118 655 5189 originem;
693 5117 952 5187 quoniam
996 5114 1098 5170 etsi
1141 5113 1380 5184 Spiritus
1410 5114 1673 5184 procedat
1713 5128 1744 5167 a
1780 5113 1941 5179 Filio,

354 5216 551 5284 accepit
580 5214 675 5268 hoc
710 5213 873 5267 Filius
902 5228 935 5265 a
983 5210 1176 5275 Patre,
1231 5218 1290 5264 ut
1348 5209 1626 5265 nascendo
1664 5208 1733 5264 de
1780 5208 1943 5264 Patre

428 5361 542 5432 (98)
775 5374 848 5432 p._
880 5354 1005 5421 528,
1189 5374 1207 5432 :_
1378 5355 1591 5432 ἐλλιπὲς
1618 5354 1683 5432 td
1718 5354 1944 5432 Πνεῦμα

356 5415 1003 5503 μῆπίοὸάλλογίᾲῷσπςρ
1036 5428 1216 5503 goat
1237 5415 1386 5503 Ὑῐρς-
1413 5427 1491 5503 μίὴ
1522 5415 1765 5503 pws»;
1790 5415 1945 5503 pii:-

350 5496 443 5558 λοῦ
474 5496 582 5573 γᾴρ
616 5500 921 5573 πρρὸἀλλον
950 5498 1114 5573 ἦνᾼᾷγ
1142 5497 1401 5573 ἐλλιπέςῄ·
1498 5497 1608 5573 γὰρ
1627 5496 1759 5573 αὺςτὸ
1784 5498 1947 5573 egure

351 5566 674 5645 προῦὅὰλεν’
696 5566 984 5645 anser-39'
1008 5568 1270 5645 diodvggov
1300 5584 1314 5599 °
1428 5567 1577 5645 duo,
1628 5568 1720 5645 κᾳὶ
1767 5566 1947 5645 ρῦτως

350 5637 433 5708 εἷς
460 5645 688 5713 ἄπαρον
711 5642 851 5713 ,ἡμῖν
883 5637 1069 5713 sane:
1091 5642 1119 5691 ὁ
1138 5638 1319 5707 λόγος,
1353 5639 1489 5703 ὅπερ
1517 5639 1576 5691 οὐ
1609 5637 1947 5708 τελειότητος

350 5717 449 5770 καὶ
480 5710 643 5775 abeo;
676 5710 851 5775 erm;
875 5710 961 5766 ἄν.

428 5786 540 5854 (99)
569 5783 817 5854 lbirl.,ip.
845 5781 959 5854 526
986 5801 999 5834 :
1033 5781 1117 5854 Τᾲ
1148 5779 1210 5854 δξ
1243 5779 1583 5854 ρποστατικὰ
1628 5777 1828 5854 “refota.
1853 5777 1949 5830 καὶ

351 5846 672 5930 διακρὶτικὰ
703 5846 802 5908 off):
837 5852 902 5904 ἂν
935 5868 1065 5904 ποτε
1096 5850 1289 5915 ἀτελές
1327 5867 1381 5903 τι
1417 5851 1638 5921 ποιήσει
1665 5850 1731 5921 τῇ
1762 5846 1944 5918 φύσει,

728 5946 1005 6008 ΡΔγιιοι.
1046 5943 1166 6005 Gn.
1212 5944 1315 6007 CII

1007 390 1102 450 DE
1142 388 1202 449 S.
1246 388 1443 449 SPIR.
1490 386 1998 448 MYSTAGOGIA.
2038 410 2108 422 --
2138 389 2889 453 ANIMADVERSIONES.

321 496 501 566 ipsum
522 494 641 566 ipse
665 495 1015 566 produceret,
1038 500 1187 569 quod
1223 500 1339 555 ﬁeri
1364 500 1575 571 nequit,
1599 500 1685 555 vel
1717 499 1907 563 alium,
1939 500 1986 557 A
2016 495 2207 566 Filius,
2260 498 2501 570 Spiritus
2537 512 2762 558 sanctus
2812 503 3140 574 procederet
3170 504 3239 557 ab
3275 505 3386 559 illo.
3436 524 3452 555 ι
3497 504 3607 559 Sed

326 1876 554 1931 ducere.
588 1873 708 1930 Non
746 1892 877 1946 ergo
934 1877 1319 1948 imperfectum
1363 1880 1491 1949 quid
1541 1888 1755 1934 natura:
1801 1878 1929 1948 Spi-
1962 1865 2002 1920 Β

3501 389 3605 456 522

2023 591 2068 644 si
2108 591 2182 646 ita
2211 602 2314 659 cst,
2349 595 2526 665 pergit
2588 596 2853 670 Bliotius,
2895 595 3042 651 unde
3082 595 3164 660 fit,
3202 614 3221 647 ε
3255 602 3317 651 ιιι
3348 596 3607 665 Spiritus.

2019 683 2147 738 licet
2178 684 2372 740 iisdem
2408 686 2621 741 fruatur
2657 688 2959 743 honoribus
2992 698 3049 743 et
3080 704 3147 742 ex
3177 703 3238 742 ea
3273 688 3388 758 ipsa
3423 702 3612 742 essen-

2025 776 2097 830 tia
2122 776 2242 846 pari
2274 777 2465 832 ordine
2495 778 2648 851 [50-5]
2683 796 2749 835 ac
2779 781 2893 849 pari
2919 780 3091 851 gloria
3119 780 3371 850 prodeat,
3402 779 3611 848 princi-

2026 869 2210 938 piandi
2247 872 2606 941 praerogativa
2644 872 2934 942 privetur?
2976 892 2993 923 ι
3037 872 3194 937 Quod
3222 887 3331 925 non
3366 870 3614 941 ejusdem

2025 961 2303 1030 potentire,
2340 977 2442 1017 nec
2491 972 2576 1019 est
2619 964 2867 1033 ejusdem
2915 964 3200 1029 essentiaa;
3254 972 3348 1016 aut
3379 961 3617 1032 Spiritus

2027 1068 2156 1121 ergo
2190 1054 2380 1109 eadem
2421 1055 2658 1110 donatur
2692 1058 3049 1128 prazrogativa
3088 1064 3181 1110 aut
3216 1056 3283 1110 ad
3330 1053 3615 1110 homousia

2027 1144 2302 1214 dejicitur.
2334 1144 2479 1203 Sane
2518 1148 2683 1202 simili
2734 1149 2949 1203 ratione
2979 1148 3083 1203 dici
3116 1155 3333 1219 potest:
3361 1146 3416 1202 Si
3445 1145 3614 1199 Filius

2027 1252 2138 1291 non
2165 1247 2392 1308 generat
2422 1239 2639 1305 Filium,
2670 1256 2782 1297 non
2818 1249 2905 1296 est
2930 1240 3076 1295 Patri
3106 1237 3614 1295 consubstantialis.

2029 1330 2369 1386 Recolantur
2411 1349 2473 1387 ea
2508 1350 2630 1403 quae
2661 1335 2794 1389 alias
2826 1350 2890 1389 ac
2932 1335 3281 1406 potissimum
3313 1349 3434 1403 quae
3465 1331 3492 1403 §
3528 1331 3615 1393 16,

2030 1422 2173 1478 dicta
2211 1432 2340 1478 sunt
2382 1432 2439 1479 et
2495 1425 2697 1483 solutio
2746 1427 2908 1497 plana
2965 1428 3090 1482 erit.
3129 1426 3396 1482 Nolumus
3437 1435 3619 1480 tamen

2031 1518 2333 1585 prmterire,
2375 1533 2498 1587 quae
2545 1518 2602 1572 in
2648 1519 2792 1574 hanc
2831 1534 2946 1575 rem
2973 1519 3195 1576 disserit
3260 1517 3418 1591 llugo
3448 1517 3621 1574 Ethe-

2031 1608 2237 1675 rianus,
2270 1608 2685 1667 Methonensem
2732 1611 2990 1667 refellens
3022 1612 3313 1682 praesulem
3361 1612 3504 1682 (cap.
3530 1612 3618 1673 16.

2032 1701 2099 1756 ad
2130 1717 2371 1771 praasens
2396 1701 2573 1759 Photii
2598 1714 2764 1774 caput
2822 1712 2951 1760 nota
2989 1705 3065 1775 5).
3125 1705 3187 1759 in
3238 1705 3432 1775 primis
3466 1714 3623 1776 urget

2033 1791 2176 1847 idem
2211 1794 2617 1851 incommodum
2660 1796 2813 1865 sequi
2848 1812 2917 1852 ex
2952 1796 3256 1863 missione;
3286 1797 3489 1853 deinde
3516 1798 3621 1855 alia

2031 1886 2279 1954 quaedam
2309 1888 2576 1957 adjungit.
2621 1906 2640 1938 ι
2676 1888 2810 1944 Nam
2842 1889 2885 1943 si
2908 1890 3110 1956 Filius,
3152 1891 3227 1945 ait
3260 1890 3318 1961 (Ι.
3356 1907 3415 1957 n,
3445 1907 3498 1946 c.
3532 1892 3619 1955 lt,

2032 1991 2086 2044 p.
2126 1976 2307 2047 1225),
2345 1996 2364 2028 ι
2396 1994 2741 2049 quaecunque
2787 1978 2973 2043 habet,
3021 1994 3052 2033 a
3098 1979 3261 2034 Patre
3299 1980 3533 2050 accepit,
3567 1990 3625 2035 et

2030 2068 2270 2139 Spiritus
2297 2071 2617 2126 missionem
2640 2072 2709 2126 ab
2728 2073 2920 2128 eodem
2950 2073 3197 2142 accepit;
3225 2074 3392 2129 mittit
3417 2075 3621 2146 quippe

2034 2161 2296 2231 Spiritum
2337 2174 2585 2220 sanctum
2619 2165 2881 2221 Filius....
2914 2164 3091 2233 Patet,
3116 2167 3261 2237 quod
3291 2166 3465 2221 Filius
3494 2166 3623 2220 mit-

2031 2264 2111 2309 tat
2148 2254 2415 2325 Spiritum
2456 2266 2707 2312 sanctum
2739 2265 2796 2311 et
2822 2257 2967 2328 quod
2997 2273 3027 2312 a
3068 2258 3228 2313 Patre
3261 2259 3403 2313 idem
3436 2259 3625 2313 mitta-

2034 2356 2141 2401 tur.
2194 2346 2479 2413 Quomodo
2519 2348 2687 2419 igitur
2742 2363 2772 2401 a
2830 2348 2992 2404 Patre
3044 2349 3324 2419 accipiens
3385 2338 3622 2426 Spiritus

2034 2438 2356 2494 missionem
2389 2439 2499 2509 (est
2533 2439 2681 2494 enim
2718 2440 2944 2496 mittens
2982 2450 3038 2495 et
3082 2440 3347 2512 missus),
3384 2442 3623 2512 Spiritus

2033 2539 2215 2585 autem
2250 2545 2361 2585 non
2412 2530 2624 2601 accepit
2680 2531 3004 2588 missionem
3057 2549 3234 2603 neque
3275 2533 3397 2588 Filii
3447 2551 3624 2604 neque

2033 2622 2259 2678 alterius
2289 2623 2371 2677 sui
2408 2623 2648 2679 similis?
2680 2622 2938 2679 Privatur
2964 2641 3095 2697 ergo
3131 2626 3287 2698 parili
3320 2626 3531 2681 honore
3556 2657 3626 2668 -—

2034 2714 2336 2769 liberalitas
2367 2714 2503 2769 haec.
2535 2714 2720 2768 Potest
2785 2722 2967 2768 tamen
3011 2714 3163 2769 etde
3195 2713 3337 2768 facili
3395 2714 3626 2770 solutio-

2034 2820 2162 2860 nem
2197 2804 2400 2860 habere
2446 2805 2566 2860 talis
2607 2805 2881 2874 objectio,
2926 2821 3050 2860 cum
3096 2807 3491 2861 convenienter
3536 2820 3626 2859 rc-

2036 2898 2292 2968 sponderi
2324 2899 2517 2969 possit,
2564 2898 2688 2954 ideo
2716 2914 2828 2953 nun
2890 2899 3171 2969 accepisse
3204 2897 3469 2969 Spiritum
3504 2895 3627 2953 Filii

2034 3006 2253 3045 causam
2288 3006 2431 3055 esse,
2457 2991 2584 3062 quia
2608 2990 2781 3046 Filius
2818 2998 2905 3045 est
2936 2990 3108 3060 ipsius
3131 3006 3298 3046 causa
3323 3034 3336 3057 ,
3390 2990 3632 3061 Spiritus

2035 3099 2167 3137 vero
2204 3084 2323 3154 ejus
2368 3098 2532 3138 causa
2567 3099 2691 3139 esse
2736 3099 3008 3152 nusquam
3065 3084 3341 3154 reperitur
3376 3128 3389 3151 ,
3450 3099 3631 3154 neque

336 3178 694 3233 essentialiter
744 3178 1069 3249 accipiendo
1095 3220 1109 3244 ,
1166 3195 1279 3234 non
1339 3187 1521 3234 tamen
1570 3181 1829 3234 convenit
1859 3180 1928 3244 ei,
1960 3204 2003 3260 ο
2037 3176 2262 3230 alterius
2291 3177 2375 3229 sui
2402 3176 2617 3235 similis,
2648 3191 2718 3229 ne
2748 3185 2942 3245 quarta
2976 3176 3031 3229 in
3075 3175 3348 3231 Trinitate
3394 3192 3631 3246 persmia

2038 3269 2223 3323 induci
2276 3269 2704 3325 demonstretur.
2758 3269 3037 3337 Amplius:
3089 3268 3379 3333 Quomodo
3430 3270 3633 3339 accipit

2032 3360 2298 3430 judicium
2333 3375 2498 3415 omne
2534 3358 2707 3413 Filius
2751 3374 2780 3413 a
2812 3359 2975 3413 Patre
3024 3367 3081 3413 et
3113 3358 3339 3427 Spiritui
3382 3375 3495 3412 non
3528 3359 3633 3412 im—

2035 3451 2309 3521 pertitur?
2360 3450 2641 3521 Scriptum
2697 3449 2994 3503 estenim:
3056 3468 3074 3500 ‹
3139 3450 3312 3502 Omne
3361 3447 3633 3517 judicium

2036 3544 2187 3600 dedit
2220 3542 2382 3608 Filio,
2418 3554 2479 3599 ut
2525 3559 2718 3598 omnes
2771 3542 3143 3597 honoriﬁcent
3190 3540 3391 3595 Filium
3429 3581 3443 3605 ,
3488 3542 3633 3596 sicut

2038 3634 2405 3689 honoriﬁcant
2446 3632 2661 3688 Patrem
2691 3633 2871 3703 (Joan.
2902 3650 2958 3695 v,
3008 3632 3123 3701 22).
3156 3651 3174 3683 ι
3213 3632 3492 3702 Suspicor,
3523 3632 3635 3686 imo

2037 3725 2202 3782 credo
2229 3726 2479 3792 ﬁrmiter,
2512 3725 2657 3795 quod
2704 3723 2927 3779 emissio
2962 3722 3237 3793 Spiritus,
3287 3724 3332 3777 si
3360 3724 3427 3778 ad
3456 3725 3633 3778 hono-

2039 3835 2155 3874 rem
2187 3816 2366 3872 Patris
2403 3818 2664 3888 pertinet,
2694 3817 2761 3871 ad
2789 3817 3056 3871 honorem
3076 3815 3197 3878 Filii
3223 3815 3514 3881 referatur,
3538 3817 3633 3885 qui

2040 3911 2180 3966 sicut
2212 3926 2242 3965 a
2275 3910 2436 3965 Patre
2467 3910 2635 3965 vitam
2683 3909 2869 3973 habet,
2904 3909 3174 3979 judicium
3206 3908 3402 3971 habet,
3452 3909 3525 3963 ita
3581 3920 3639 3963 et

2044 4003 2283 4074 Spiritus
2333 4003 2689 4057 emissionem
2746 4001 2951 4067 habet;
2989 4010 3045 4056 et
3086 4001 3228 4054 sicut
3290 4000 3638 4054 nascibilitas

2040 4108 2153 4147 non
2195 4092 2422 4162 impedit
2472 4090 2693 4155 Filium,
2731 4090 2863 4160 quin
2906 4089 3105 4144 habeat
3148 4097 3403 4143 naturam
3437 4087 3635 4155 Patris,

2043 4185 2153 4239 imo
2188 4200 2253 4240 ex
2299 4185 2398 4239 hac
2446 4184 2649 4239 habere
2685 4182 2986 4252 probatur:
3030 4182 3109 4237 sic
3140 4181 3367 4236 emissio
3401 4181 3641 4250 Spiritus

2042 4294 2108 4332 ex
2148 4278 2308 4332 Patre
2335 4288 2392 4332 et
2420 4276 2557 4331 Filio
2593 4291 2700 4331 non
2735 4274 2969 4343 impedit
3025 4272 3319 4343 Spiritum,
3374 4272 3507 4342 quin
3539 4272 3639 4326 ha-

2042 4369 2170 4424 heat
2208 4366 2387 4422 Patris
2426 4364 2658 4436 Filiique
2694 4373 2982 4429 naturam;
3018 4362 3262 4434 alioquin
3315 4362 3554 4433 Spiritus
3587 4371 3643 4415 et

2046 4460 2217 4514 Filius
2251 4474 2363 4514 non
2409 4468 2539 4513 sunt
2567 4458 2812 4528 ejusdem
2845 4472 2970 4512 cum
3004 4453 3168 4511 Patre
3202 4464 3413 4510 naturm
3443 4494 3458 4517 ,
3515 4469 3641 4509 cum

363 4568 473 4635 [cui
498 4568 704 4623 verba:
739 4585 758 4618 ι
804 4566 873 4620 Et
893 4566 959 4620 ad
989 4565 1219 4635 primam
1249 4562 1495 4617 omnium
1527 4558 1817 4631 originem,
1846 4556 1941 4627 qui
1969 4560 2023 4621 1)
2054 4551 2212 4605 Pater
2239 4549 2391 4622 [506]
2432 4551 2585 4605 solus
2623 4557 2887 4621 generet,
2930 4548 3190 4618 solusque
3238 4546 3542 4635 Spiritum,
3584 4555 3645 4597 ut

2050 4643 2278 4699 Graecus
2299 4641 2631 4706 arbitratur,
2668 4640 2905 4703 emittat,
2937 4638 3175 4710 Spiritus
3219 4652 3347 4691 vero
3376 4646 3433 4689 ct
3473 4634 3643 4689 Filius

2051 4736 2203 4790 nullo
2237 4735 2418 4790 modo.
2460 4752 2479 4785 ι
2510 4764 2578 4775 -—
2604 4732 2726 4787 Pari
2749 4732 2911 4789 modo
2935 4730 3255 4801 responderi
3284 4740 3460 4798 potest
3482 4730 3549 4782 ad
3590 4730 3644 4783 id

2050 4828 2197 4900 quod
2245 4844 2361 4899 cap.
2399 4828 2470 4882 40
2523 4827 2747 4882 Photius
2780 4825 3024 4896 profert:
3063 4844 3082 4876 ‹
3125 4824 3352 4892 Accepit
3400 4821 3572 4876 Filius
3614 4839 3644 4875 a

2054 4925 2215 4978 Patre
2251 4938 2319 4977 ex
2350 4922 2466 4991 ipso
2507 4937 2606 4991 per
2634 4918 3047 4991 generationem
3078 4916 3342 4998 prodiens
3363 4957 3377 4981 ,
3406 4925 3462 4971 et
3497 4916 3643 4969 aliud

2053 5016 2304 5084 ejusdem
2352 5022 2563 5068 natura:
2595 5012 2921 5084 producere.
2955 5009 3241 5076 Quomodo
3273 5008 3439 5079 igitur
3459 5050 3474 5074 ,
3520 5025 3647 5062 cum

2054 5116 2109 5163 et
2135 5108 2251 5178 ipse
2275 5107 2445 5162 Filius
2473 5105 2999 5162 consubstantialem
3048 5102 3315 5173 producat
3357 5100 3645 5172 Spiritum,

2055 5216 2165 5255 non
2198 5198 2626 5255 communicavit
2656 5199 2756 5269 ipsi
2807 5196 3040 5253 similem
3077 5195 3339 5251 virtutem
3380 5206 3437 5250 et
3471 5194 3648 5249 hono;

2059 5353 2136 5423 μὴ
2162 5348 2751 5423 ὀκρθρίςζζονιτοι,φύ-ςςες3
2793 5344 2928 5398 ἀλλὰ
2966 5344 3097 5423 περὶ
3120 5343 3219 5423 τὴς.)
3247 5342 3411 5423 φῇσιν
3456 5343 3645 5420 decet.

2055 5414 2449 5491 {aperiente
2471 5414 2571 5489 sip)
2597 5417 2848 5491 Οερλόγρν
2873 5414 3060 5491 (praeﬁxi
3088 5432 3104 5491 τ
3140 5414 3251 5468 τῶν
3293 5414 3650 5491 διαθςριτικῷξδ

2056 5482 2198 5570 Fls-1b
2226 5482 2559 5570 rpoﬁa'tlleua
2592 5504 2604 5516 '
2638 5489 2741 5541 οὐκ
2766 5482 2897 5570 ἄρα’
2918 5482 3215 5570 augescit
3228 5482 3553 5570 ‘ﬁp06é_§.fﬁt

2060 5566 2219 5630 φύσει
2252 5551 2348 5616 ⁸ἑοῦ
2404 5560 2722 5631 Πνεύμᾳτος
2768 5551 2845 5631 τῷ
2891 5557 2968 5631 μῂ
3014 5551 3649 5631 πρρῦἀλλεινλ-οὑδξῃτῇ

2060 5621 2361 5690 ὗποστάσει
2386 5650 2400 5664 ο
2425 5621 2903 5701 oux-pharetrae
2929 5621 3486 5701 ἅᾼρκόρνςιῳςᾼρςλλον
3516 5621 3647 5701 ἷὶρῦ

2058 5709 2153 5759 καὶ
2210 5702 2431 5773 Harpe;
2472 5690 2907 5773 μὴἐτροόάλλού,
3022 5699 3096 5769 μὴ
3131 5695 3190 5761 ἐξ
3227 5690 3354 5748 Υῐοῖ
3408 5690 3649 5763 προϐαλ-

2057 5776 2307 5847 λόμενον,
2332 5770 2434 5827 ἳτοῦ
2470 5770 2625 5827 Υἱοῦ.

3202 5934 3277 5995 17
