4032 6434
241 420 351 487 525

954 419 1052 480 DE
1091 420 1153 479 S.
1194 420 1391 482 SPIR.
1433 419 1942 483 MYSTAGOGIA.
1988 446 2053 456 --
2078 419 2830 482 ANIMADVERSIONES.

3438 414 3544 481 526

241 542 331 596 nis
366 539 550 595 eidem
584 537 815 594 accedit.
843 536 1103 608 Theologi
1152 535 1439 591 formalem
1477 537 1846 593 consubstan-
1874 545 1921 600 Α
1950 535 2106 591 Patri
2138 534 2391 604 Spiritus.
2422 534 2672 605 Amplius
2706 549 2717 585 :
2754 533 3023 599 Quoniam
3069 531 3549 587 consubstantialis

244 633 501 688 tialitatis
521 632 793 687 rationem
808 630 863 684 in
879 630 1133 687 essentia
1154 630 1363 688 unitate
1378 641 1675 701 reponunt,
1705 647 1805 686 cau
1823 663 1839 673 -

235 740 354 780 sam
403 724 745 780 materialem
778 723 834 777 in
866 724 1233 794 hypostaseon
1258 722 1845 793 pluralitate,eﬂicien-

236 825 349 874 tem
377 833 514 873 vero
541 817 594 871 in
638 815 962 873 habitudine
995 815 1251 887 principii
1278 824 1332 870 et
1356 816 1689 886 principiati.
1731 814 1843 870 Nec

234 924 429 964 eorum
463 907 811 965 ratiocinatio
858 908 1192 979 spernenda,
1222 924 1330 979 qua
1370 908 1445 963 ita
1479 908 1837 964 concludunt:

234 1003 396 1069 Quod
429 1003 475 1056 si
515 1002 661 1057 inter
704 1002 920 1057 divinas
971 1016 1235 1069 personas
1298 1001 1841 1058 eonsubstantialitas

236 1094 597 1164 praedicatur,
623 1108 686 1148 ea
724 1093 853 1152 inde
875 1093 1072 1159 oritur,
1117 1092 1263 1164 quod
1295 1108 1470 1149 nexus
1497 1092 1722 1164 originis
1753 1093 1843 1148 in-

238 1194 321 1238 ter
368 1200 465 1238 eas
524 1183 849 1249 intercedit};
900 1183 1132 1253 proinde
1180 1184 1227 1238 si
1288 1182 1458 1238 Filius
1509 1193 1565 1238 et
1603 1182 1842 1254 Spiritus

236 1277 385 1331 inter
408 1291 469 1331 se
500 1274 1003 1330 consubstantiales
1045 1274 1324 1340 dicuntur,
1353 1273 1493 1328 ratio
1510 1288 1583 1328 ex
1616 1274 1843 1346 originis

234 1383 386 1424 nexu
417 1368 494 1422 ita
511 1366 830 1438 repetenda,
866 1375 927 1421 ut
958 1382 1102 1423 unus
1135 1366 1202 1421 ad
1232 1365 1466 1420 alterum
1495 1372 1556 1423 ut
1584 1365 1654 1419 ad
1689 1364 1842 1434 prin-

234 1460 449 1529 cipium
495 1459 785 1514 referatur.
823 1457 960 1513 Cum
1010 1473 1162 1522 vero,
1209 1455 1505 1526 quominus
1545 1454 1665 1509 Filii
1696 1455 1845 1509 dica-

236 1569 368 1608 mus
415 1552 745 1622 principium
784 1551 1049 1622 Spiritum
1099 1559 1347 1605 sanctum
1392 1548 1527 1603 ordo
1562 1547 1844 1604 Trinitatis

237 1646 557 1717 prohibeat,
607 1643 805 1700 Filium
851 1644 1092 1715 Spiritus
1159 1641 1333 1698 sancti
1375 1638 1709 1711 principium
1746 1639 1846 1695 ba-

236 1740 472 1796 beamus
527 1746 745 1808 oportet
796 1736 901 1808 (Cf.
940 1735 1252 1792 Bessarion.
1297 1732 1389 1790 0r.
1435 1732 1615 1804 dogm.
1667 1748 1717 1787 c.
1772 1732 1841 1799 6;

240 1832 412 1888 uani.
442 1832 536 1898 ix,
558 1829 853 1901 553-556).

309 1926 407 1979 (ἐι.
456 1925 532 1977 Ex
562 1923 723 1977 dictis
767 1921 1001 1993 judicari
1056 1930 1238 1992 potest
1283 1921 1352 1977 de
1386 1921 1473 1989 iis,
1524 1937 1646 1992 qua
1693 1918 1848 1990 Hugo

239 2016 581 2072 Etherianus
612 2015 674 2086 (ι.
706 2014 771 2081 ιι,
798 2030 849 2071 c.
879 2014 971 2079 20,
999 2029 1056 2085 p.
1084 2014 1245 2085 1255)
1283 2022 1473 2070 contra
1504 2013 1635 2069 illud
1669 2027 1850 2071 asser-

234 2118 363 2163 tum
390 2124 494 2161 non
520 2108 702 2161 eodem
724 2113 882 2174 pacto
912 2103 1176 2175 Spiritum
1212 2103 1716 2161 consubstantialem
1737 2102 1851 2157 dici

242 2200 407 2266 Filio,
451 2215 553 2265 quo
580 2198 1045 2254 consubstantialis
1071 2198 1272 2253 dicitur
1308 2196 1486 2265 Patri,
1517 2197 1574 2251 in
1607 2196 1850 2251 medium

243 2290 477 2363 profert.
510 2308 529 2342 ι
567 2290 638 2345 At
664 2305 814 2355 vero,
857 2290 957 2355 ait,
1004 2289 1141 2346 mihi
1170 2289 1388 2345 videtur
1416 2304 1528 2344 non
1559 2297 1709 2343 recte
1741 2283 1851 2344 dici

241 2382 713 2439 consubstantiale
758 2382 1043 2452 praedicari
1097 2382 1359 2452 atquivoce
1392 2381 1461 2437 de
1503 2380 1679 2436 tribus
1728 2395 1853 2450 per-

243 2476 416 2530 sonis.
450 2474 901 2531 lnconvenientia
936 2474 1085 2530 enim
1120 2484 1429 2545 sequuntur
1454 2482 1508 2528 et
1533 2471 1850 2542 impossibi-

242 2564 316 2619 lia
353 2564 607 2635 quamvis
639 2564 893 2634 plurima.
928 2565 1068 2620 Nam
1101 2566 1147 2620 si
1172 2562 1406 2635 Spiritus
1434 2564 1853 2623 consubstantia-

249 2656 315 2709 lis
341 2664 417 2709 est
441 2653 619 2718 Patri,
648 2671 708 2709 eo
731 2655 871 2724 quod
897 2670 962 2708 ea:
987 2654 1121 2723 ipso.
1151 2653 1456 2723 procedere
1502 2650 1853 2707 substantiale

249 2754 336 2800 est
378 2744 631 2814 Spiritui.
676 2744 894 2799 Etenim
943 2746 987 2799 si
1047 2746 1305 2800 Socrates
1350 2744 1563 2800 Platoni
1610 2744 1853 2800 consub—

248 2838 541 2903 stantialis,
598 2837 726 2907 quia
771 2838 1052 2894 rationalis
1103 2848 1207 2902 est,
1266 2838 1535 2893 ambobus
1586 2835 1853 2896 rationale

224 2926 685 2989 'Substantialiter
729 2929 911 2985 inesse
946 2929 1251 3000 contingit;
1288 2937 1345 2983 at
1375 2943 1507 2983 vero
1553 2927 1853 2998 procedere

247 3040 430 3095 tneque
480 3023 624 3078 Patri
670 3037 851 3092 neque
900 3021 1041 3077 Filio
1101 3021 1466 3079 substantiale
1512 3029 1631 3086 est;
1688 3019 1852 3091 igitur

246 3130 362 3173 non
416 3122 547 3168 sunt
574 3113 822 3183 ejusdem
858 3121 1070 3167 natura
1113 3128 1239 3167 cum
1272 3111 1431 3168 Patre
1467 3111 1641 3170 Filius
1687 3120 1853 3181 atque

250 3206 516 3276 Spiritus.
557 3206 716 3272 Quod
745 3206 791 3260 si
842 3221 1034 3261 verum
1074 3214 1315 3272 constet,
1364 3221 1476 3260 non
1523 3214 1654 3263 sunt
1708 3219 1851 3259 unus

249 3298 420 3362 Deus,
468 3300 727 3367 quoniam
785 3297 1257 3352 consubstantiale
1308 3312 1419 3351 non
1453 3296 1739 3365 aequaliter
1794 3305 1849 3351 et

250 3390 491 3446 univoce
507 3389 577 3445 de
606 3390 782 3445 tribus
803 3390 1131 3460 pradicatur
1152 3388 1421 3459 personis.
1440 3388 1597 3455 Quod
1626 3388 1848 3459 quidem

244 3494 306 3541 et
348 3481 721 3554 Pbotioj3l0]
757 3483 899 3553 (cap.
949 3480 1043 3550 55)
1088 3481 1302 3536 videtur
1345 3480 1592 3537 dicenti:
1650 3498 1670 3533 ι
1704 3481 1850 3537 Con-

248 3574 629 3633 suostantiale
653 3575 876 3644 quidem
923 3573 1151 3630 omnino
1182 3574 1252 3628 ad
1286 3582 1577 3643 utrumque
1599 3574 1847 3639 vocibus,

244 3675 306 3722 et
326 3682 438 3722 non
470 3666 890 3738 significatione,
925 3650 1204 3723 reddimus
1233 3665 1333 3734 (5),
1366 3683 1385 3717 ι
1421 3664 1521 3719 sed
1551 3679 1659 3719 non
1687 3664 1847 3719 bene.

246 3760 387 3819 Nam
461 3758 843 3815 substantialia
894 3757 954 3827 (Ι.
1005 3755 1517 3826 consubstantialia)
1603 3756 1849 3827 ejusdem

247 3862 383 3907 sunt
415 3851 739 3906 substantia
785 3861 951 3919 atque
996 3857 1240 3914 natura;
1287 3864 1410 3918 qua
1444 3862 1572 3902 vero
1603 3847 1849 3917 ejusdem

247 3943 573 3999 substantia
613 3950 777 4012 atque
824 3950 1033 3996 natura
1071 3949 1221 4006 sunt,
1279 3941 1533 3995 eamdem
1580 3940 1848 3994 rationem

247 4038 577 4093 substantia
614 4035 952 4106 suscipiunt;
996 4050 1169 4104 quare
1221 4034 1333 4103 (ed.
1373 4030 1626 4103 quarum)
1665 4028 1850 4087 omnia

250 4128 739 4185 consubstantialia
770 4127 1025 4182 eamdem
1058 4126 1382 4180 substantia
1427 4124 1734 4195 suscipiunt
1760 4141 1848 4179 ra-

252 4222 485 4278 tionem.
538 4219 659 4287 Quo
714 4222 794 4285 tit,
867 4228 927 4273 ut
960 4219 1429 4275 consubstantiale
1480 4218 1549 4273 de
1595 4217 1851 4273 omnibus

248 4298 815 4370 consumstantialibus
871 4310 1120 4365 similiter
1144 4319 1201 4365 et
1234 4311 1415 4365 eodem
1465 4310 1620 4365 modo
1672 4324 1851 4364 enun-

252 4407 445 4461 tietur.
500 4403 648 4461 Sane
674 4405 817 4460 sicut
843 4403 1237 4475 specialissima
1280 4404 1493 4474 species
1517 4404 1585 4460 de
1606 4404 1719 4457 suis
1763 4404 1851 4457 in-

251 4497 500 4557 dividuis
554 4497 881 4568 praedicatur
911 4513 923 4549 :
958 4495 1040 4551 sic
1071 4495 1258 4566 utique
1303 4497 1445 4551 Deus
1466 4506 1522 4551 et
1548 4496 1849 4551 substantia

1946 639 2033 684 est
2058 628 2296 699 Spiritus
2343 627 2514 692 Patri,
2547 644 2657 682 non
2714 626 2956 682 differta
3007 625 3207 692 Patre;
3250 641 3384 697 ergo
3412 642 3549 696 quo—

1948 722 2093 775 niam
2166 721 2437 792 procedit,
2510 736 2617 776 non
2672 730 2755 775 est
2811 720 2862 776 ei
2914 719 3415 783 consubstantialis.
3482 719 3551 776 At

1945 815 2229 869 enimvero
2318 815 2571 882 quamvis
2647 814 2830 878 detur,
2920 812 3550 869 consubstantialitatem

1946 906 2172 977 pracise
2218 922 2318 977 per
2344 921 2404 962 se
2430 914 2732 975 spectatam
2764 920 2874 960 non
2906 905 3091 959 dicere
3136 920 3338 959 nexum
3380 903 3548 975 origi-

1946 1000 2054 1064 nis,
2108 1006 2164 1053 ct
2213 1012 2343 1053 cum
2399 1013 2507 1052 una
2560 998 2804 1053 essentia
2850 997 2921 1051 sit
2956 996 3011 1051 in
3045 996 3219 1054 tribus
3266 996 3545 1066 personis.

1944 1090 2126 1160 quoad
2171 1106 2326 1146 suam
2360 1090 2879 1160 quidditatem,eam
2912 1103 3023 1145 non
3047 1088 3327 1158 aquivoce
3356 1086 3423 1147 dc
3454 1087 3550 1143 iis-

1946 1184 2070 1238 dem
2141 1182 2742 1253 pradicarizattamen
2798 1182 2940 1236 ratio
2991 1181 3052 1240 ob
3104 1196 3268 1251 quam
3318 1179 3550 1235 habetur

1946 1273 2208 1344 distingui
2262 1273 2424 1342 plane
2475 1280 2656 1342 potest
2719 1271 2776 1328 in
2838 1271 3090 1339 singulis,
3138 1266 3215 1327 'et
3271 1270 3550 1327 immerito

1947 1381 2176 1437 prorsus
2203 1375 2456 1437 negatur,
2488 1364 2635 1419 illam
2666 1379 2791 1419 cum
2833 1364 3159 1419 habitudine
3187 1363 3445 1434 principii
3494 1373 3547 1427 ct

1950 1459 2263 1529 principiali
2315 1459 2568 1514 connecti
2606 1468 2662 1513 et
2693 1474 2760 1512 ex
2792 1458 2895 1513 hac
2940 1457 3007 1511 ad
3047 1457 3192 1511 illam
3237 1458 3550 1512 conclusio-

1948 1566 2073 1606 nem
2100 1549 2253 1623 [511]
2285 1549 2400 1605 fieri
2435 1564 2619 1620 posse,
2649 1565 2771 1619 qua
2798 1560 2979 1605 tamen
3008 1548 3062 1603 in
3087 1549 3307 1604 Patrum
3329 1549 3551 1619 scriptis

1948 1659 2330 1715 sapcnumero
2374 1643 2615 1699 occurrit
2644 1642 2692 1714 (§
2720 1642 2834 1714 20).
2874 1642 3177 1698 Confundit
3216 1642 3551 1698 Etherianus

1949 1750 2172 1790 causam
2195 1735 2475 1807 formalem
2501 1750 2626 1791 cum
2654 1734 2921 1805 efficiente.
2940 1733 3002 1787 In
3024 1734 3275 1804 exemplo
3303 1732 3550 1789 Socratis

1948 1837 2003 1883 et
2058 1827 2319 1893 Platonis,
2389 1827 2533 1897 quod
2593 1825 2776 1891 affert,
2827 1825 2980 1896 prior
3035 1825 3305 1892 habetur;
3347 1825 3443 1881 sed
3494 1825 3551 1881 in

1953 1920 2331 1990 propositione
2368 1919 2458 1974 illa
2488 1940 2501 1975 :
2538 1916 2805 1990 Spiritum
2835 1933 2959 1975 esse
3005 1917 3149 1974 Patri
3181 1919 3552 1975 consubstan-

1953 2011 2138 2066 tialem
2176 2010 2266 2064 διὰ
2312 2010 2374 2064 τὸ
2416 2010 2476 2078 ἐξ
2518 2009 2687 2065 αὑτοῦ
2742 2006 2907 2076 εἶναι,
2960 2025 3124 2066 causa
3168 2009 3431 2067 efﬁciens.
3472 2009 3553 2064 Ex

1952 2100 2290 2158 immanente
2332 2102 2481 2158 enim
2534 2103 2744 2176 origine
2780 2102 2858 2168 fit,
2913 2112 2971 2158 ut
2994 2102 3168 2158 Filius
3206 2117 3272 2158 ac
3312 2100 3552 2172 Spiritus

1951 2195 2199 2250 eamdem
2256 2194 2497 2249 habeant
2541 2209 2668 2249 cum
2727 2194 2890 2249 Patre
2929 2192 3252 2258 essentiam,
3305 2192 3552 2262 adeoque

1952 2288 2062 2343 sint
2110 2286 2162 2342 ei
2212 2286 2729 2342 consubstantiales.
2783 2284 3090 2341 Procedere
3143 2300 3273 2341 vero
3321 2284 3550 2354 Spiritui

1952 2375 2313 2432 substantiale
2340 2390 2484 2441 esse,
2516 2375 2707 2445 nequit
2742 2375 2902 2445 plane
2941 2374 3161 2439 deduci,
3195 2373 3301 2429 nisi
3338 2373 3392 2428 in
3423 2388 3552 2443 pro-

1952 2467 2202 2525 cessione
2249 2466 2493 2523 formalis
2524 2466 2661 2522 ratio
2697 2466 3180 2522 consubstantialis
3229 2473 3549 2535 reponatur,

1952 2555 2097 2625 quod
2134 2570 2267 2612 sane
2310 2555 2510 2612 falsum
2562 2566 2665 2612 est.
2712 2555 2834 2611 Jam
2881 2556 3011 2611 satis
3071 2555 3387 2610 monuimus
3438 2570 3552 2610 non

1954 2662 2172 2718 semper
2188 2646 2361 2703 solida
2383 2656 2438 2703 et
2459 2656 2708 2703 accurata
2736 2662 2880 2713 esse,
2905 2663 3028 2718 qua
3054 2647 3255 2704 nobilis
3275 2647 3379 2703 iste
3399 2647 3552 2702 theo-

1954 2742 2109 2813 logus
2153 2743 2373 2815 copiose
2410 2742 2648 2809 disserit,
2683 2743 2812 2798 licet
2841 2743 2896 2797 in
2929 2743 3181 2814 plurimis
3210 2743 3356 2798 felici
3384 2744 3553 2798 Marte

1955 2834 2246 2891 dimicasse
2271 2836 2539 2892 videatur.
2575 2835 2675 2891 Hic
2692 2836 2888 2893 Photio
2915 2837 3327 2893 contradicendi
3352 2837 3553 2893 ardore

1955 2938 2247 3001 correptus
2267 2931 2414 3001 justo
2448 2930 2665 3001 longius
2690 2930 3028 3001 processisse
3050 2932 3317 2988 dicendus
3342 2941 3448 2989 est.

2024 3021 2118 3076 29..
2146 3019 2353 3087 Quarit
2376 3020 2625 3086 Photius,
2647 3037 2770 3092 cap.
2794 3023 2885 3088 59,
2922 3033 3101 3076 utrum
3130 3023 3299 3096 magis
3317 3038 3552 3079 causam

1954 3128 2079 3167 esse
2130 3121 2393 3169 censeant
2423 3112 2627 3181 Latini,
2678 3112 2968 3170 Patremne
3006 3130 3073 3169 an
3103 3115 3323 3170 Filium.
3373 3116 3429 3171 Si
3457 3114 3556 3172 Pa-

1957 3213 2117 3268 trem,
2170 3205 2351 3259 honor
2374 3205 2465 3261 ille
2495 3206 2633 3261 Filio
2674 3214 3016 3277 praeparatus
3050 3208 3274 3277 spurius
3301 3217 3355 3263 et
3382 3209 3555 3280 magis

1954 3298 2311 3368 opprobrium
2350 3298 2455 3353 erit
2508 3297 2643 3368 ipsi;
2690 3301 2732 3355 si
2773 3315 2903 3355 vero
2942 3300 3161 3363 Filium,
3202 3301 3468 3372 gravioris
3500 3303 3555 3356 id

1954 3389 2274 3445 temeritatis
2317 3400 2421 3448 est.
2462 3388 2649 3460 Neque
2685 3391 2831 3446 enim
2865 3390 3116 3447 sufﬁcere
3145 3393 3279 3461 ipsis
3322 3408 3554 3450 censue-

1952 3481 2064 3534 rint
2120 3480 2188 3535 ad
2232 3479 2547 3550 impietatis,
2616 3496 2781 3550 quam
2862 3482 3182 3549 intendunt,
3262 3499 3553 3540 excessum

1952 3571 2090 3626 Filio
2112 3582 2393 3643 paternam
2425 3572 2805 3629 causalitatem
2850 3575 3129 3631 ascribere
3159 3591 3390 3647 eamque
3411 3579 3555 3634 divi-

1952 3666 2103 3731 dere,
2146 3666 2254 3721 nisi
2285 3675 2340 3721 et
2365 3667 2610 3737 potiores
2654 3676 2839 3737 partes
2870 3668 3125 3723 auferant
3149 3679 3207 3723 et
3227 3668 3346 3725 loco
3375 3668 3555 3726 Patris

1951 3758 2149 3814 Filium
2200 3758 2428 3830 Spiritui
2472 3760 2802 3831 principium
2834 3769 3100 3816 statuant.
3146 3761 3346 3817 Verum
3374 3779 3554 3833 neque

1956 3851 2040 3907 his
2067 3862 2397 3923 premuntur
2426 3852 2626 3921 Latini,
2675 3852 2767 3924 qui
2794 3853 2956 3909 toties
2982 3853 3282 3920 inculcant,
3325 3855 3555 3925 aquali-

1952 3954 2035 4003 ter
2056 3954 2111 4002 et
2136 3947 2254 4018 pari
2290 3947 2454 4003 modo
2497 3945 2715 4002 Patrem
2748 3955 2804 4002 et
2828 3945 3027 4002 Filium
3059 3961 3183 4003 esse
3200 3945 3557 4017 principium,

1952 4050 2008 4097 et
2052 4041 2229 4097 solum
2274 4049 2506 4096 eatenus
2551 4039 2771 4095 Patrem
2831 4040 3039 4111 primas
3092 4049 3277 4111 partes
3326 4041 3554 4105 habere,

1951 4144 2225 4206 quatenus
2264 4143 2348 4189 est
2377 4134 2496 4206 ipse
2519 4135 2693 4204 prima
2745 4150 2936 4200 causa,
2959 4150 2989 4189 a
3016 4151 3122 4205 qua
3154 4147 3210 4191 et
3233 4135 3406 4191 Filius
3439 4136 3558 4206 ipse

1953 4239 2059 4295 est,
2087 4243 2268 4298 neque
2298 4243 2431 4283 vero
2460 4228 2587 4283 inde
2622 4228 2879 4298 injuriam
2910 4227 3027 4282 ﬁeri
3051 4227 3207 4296 Filio,
3245 4229 3389 4283 sicut
3418 4229 3558 4283 nihil

1952 4335 2076 4375 eum
2126 4319 2291 4385 Iadit,
2339 4319 2485 4389 quod
2529 4334 2640 4373 non
2695 4319 2817 4373 sine
2865 4334 3030 4375 causa
3082 4334 3185 4376 nec
3216 4319 3557 4375 innascibilis

1952 4422 2054 4469 est.
2102 4411 2291 4482 Neque
2316 4411 2497 4466 honor
2542 4408 2681 4464 Filio
2710 4410 2871 4464 datus
2917 4410 3138 4479 spurius
3168 4419 3223 4465 et
3252 4411 3320 4465 ab
3351 4410 3558 4465 extr-ina

1953 4520 2079 4561 seco
2125 4505 2373 4575 adjectus
2419 4503 2632 4557 censeri
2688 4511 2902 4573 potest;
2940 4503 3050 4557 imo
3082 4504 3450 4567 necessarius,
3487 4519 3558 4558 ex

250 4591 321 4646 de
353 4590 533 4646 tribus
563 4589 767 4645 dicitur
825 4589 1094 4659 personiS,
1134 4601 1188 4645 et
1215 4588 1675 4658 quemadmodum
1731 4604 1849 4641 0m-
1874 4599 1929 4659 D
1957 4597 2169 4652 interna
2229 4595 2508 4666 profectus
2550 4594 2898 4660 necessitate,
2947 4609 3012 4649 ex
3066 4594 3201 4665 ipsis
3241 4596 3553 4659 divinarum

253 4681 366 4745 nia,
398 4696 525 4750 qua
562 4680 743 4750 specie
781 4680 1131 4750 participant,
1178 4678 1426 4750 ejusdem
1473 4688 1683 4735 natura
1715 4695 1848 4735 cen-

253 4784 472 4839 sentur,
538 4788 603 4828 ac
665 4771 1151 4829 consubstantialia
1207 4772 1344 4827 :sic
1405 4772 1591 4841 utique
1662 4771 1844 4838 Pater,

252 4869 430 4924 Filius
484 4875 646 4936 atque
703 4864 943 4935 Spiritus
998 4872 1221 4921 sanctus
1274 4865 1550 4936 wqualiter
1601 4864 1848 4936 ejusdem

251 4969 467 5015 natura
503 4959 761 5015 dicuntur
787 4966 952 5026 atque
996 4956 1496 5013 consubstantiales
1545 4957 1849 5012 secundum

252 5051 576 5108 substantia
624 5066 847 5115 nomen,
877 5059 934 5103 et
963 5064 1071 5103 non
1109 5050 1409 5118 aquivoce.
1457 5049 1600 5121 Ergo
1646 5064 1849 5104 secun-

252 5146 386 5200 dum
419 5160 581 5213 quem
636 5143 859 5198 modum
900 5141 1102 5196 dicitur
1135 5139 1373 5212 Spiritus
1405 5141 1850 5199 consubstantia-

254 5237 323 5293 lis
363 5236 531 5299 Patri,
584 5236 887 5291 secundum
929 5236 1183 5291 eumdem
1229 5244 1284 5290 et
1304 5234 1443 5289 Filio
1480 5234 1850 5289 consubstan-

256 5329 402 5384 tialis
483 5336 599 5394 est;
660 5337 713 5382 et
770 5327 915 5383 sicut
985 5326 1153 5382 Filius
1222 5327 1700 5383 consubstantialis
1766 5335 1851 5382 est

256 5417 509 5490 Spiritui,
564 5418 640 5472 ita
691 5417 929 5487 Spiritus
967 5415 1104 5472 Filio
1144 5427 1201 5472 et
1237 5417 1406 5474 Patri.
1454 5416 1669 5472 Nullam
1702 5417 1849 5471 enim

254 5510 539 5583 possident
584 5509 950 5568 differentiam
989 5509 1046 5564 in
1092 5525 1180 5576 eo,
1224 5510 1367 5580 quod
1411 5509 1850 5565 consubstantia-

255 5605 371 5675 les;
409 5617 580 5682 quare
623 5619 727 5656 non
752 5603 878 5669 quia
931 5602 1188 5672 procedit,
1249 5601 1717 5656 consubstantialis
1772 5610 1850 5655 est

325 5761 404 5832 (5)
435 5760 570 5832 Cap.
601 5762 663 5817 9i
715 5775 976 5832 expresse
1013 5761 1177 5816 docet
1227 5759 1497 5816 Photius:
1552 5779 1570 5812 ι
1612 5759 1850 5832 Spiritus

253 5831 403 5888 Patri
441 5831 948 5893 consubstantialis,
994 5832 1121 5902 quia
1151 5847 1219 5885 ex
1264 5833 1384 5899 ipso
1429 5831 1714 5902 procedit;
1754 5834 1851 5888 sed

260 5918 361 5958 ιυη
388 5918 454 5960 ex
490 5918 557 5959 eo
584 5903 817 5975 procedit
843 5903 973 5972 quia
1005 5900 1507 5959 consubstantialis.
1548 5923 1567 5956 ι
1605 5900 1851 5963 Priorem

1952 4703 2312 4760 personarum
2363 4682 2721 4741 relationibus
2775 4686 3047 4741 deductus
3085 4696 3188 4750 est,
3216 4697 3276 4741 ut
3310 4688 3555 4743 Catholi-

1952 4794 2140 4835 corum
2177 4793 2277 4849 pro
2305 4777 2410 4833 hoc
2438 4778 2695 4849 dogmate
2741 4777 2996 4833 universa
3047 4789 3368 4850 argumenta
3399 4794 3555 4834 com-

1953 4880 2281 4927 monstrant.
2314 4869 2509 4926 Nonne
2539 4870 2685 4940 quod
2737 4870 2910 4925 Filius
2945 4869 3088 4924 solus
3120 4871 3184 4925 de
3220 4870 3333 4925 solo
3365 4869 3551 4937 Patre,

1954 4976 2149 5032 magna
2200 4962 2322 5031 ejus
2373 4960 2732 5031 prarogativa
2788 4968 2895 5025 est,
2962 4975 3087 5031 qua
3138 4962 3288 5015 hunc
3327 4963 3555 5019 omnino

1953 5057 2201 5126 exposcit
2234 5058 2537 5113 honorem?
2572 5056 2680 5129 (Cf.
2709 5066 2813 5113 art.
2845 5058 3080 5128 praced.
3112 5057 3243 5129 §6.)

2027 5148 2179 5221 [512]
2200 5150 2289 5204 25.
2314 5169 2333 5201 ‹
2357 5151 2624 5220 Majorem
2642 5149 2845 5214 dicere,
2865 5150 2967 5204 etsi
2983 5166 3090 5203 non
3111 5160 3303 5205 natura
3324 5152 3552 5222 (apage;

1952 5236 2436 5295 consubstantialis
2488 5241 2637 5295 enim
2665 5250 2749 5295 est
2784 5239 3071 5311 Trinitas),
3117 5259 3304 5297 verum
3344 5245 3555 5298 ratione

1954 5347 2148 5394 causa,
2179 5330 2364 5403 genito
2396 5332 2721 5403 genitorem,
2760 5331 2922 5387 docet
2954 5334 3174 5402 quidem
3210 5350 3313 5393 nos
3336 5334 3551 5389 Domini

1954 5438 2059 5476 vox
2110 5423 2275 5493 idque
2343 5423 2508 5478 tradit
2557 5423 2755 5479 exinde
2814 5424 3062 5481 initiatus
3108 5441 3265 5482 sacer
3328 5424 3553 5481 Patrum

1954 5525 2268 5571 nostrorum
2329 5517 2562 5581 chorus;
2635 5533 2809 5571 causa
2865 5526 3046 5574 autem
3096 5519 3302 5572 ratione
3356 5518 3552 5573 Filium

1952 5609 2158 5680 Spiritu
2213 5610 2471 5679 majorem
2515 5626 2696 5681 neque
2724 5628 2792 5668 ex
2831 5612 3037 5667 divinis
3086 5610 3332 5681 Eloquiis
3361 5612 3553 5667 audire

1957 5767 2401 5843 propositionem
2447 5776 2613 5839 negat
2660 5767 2837 5843 Hugo,
2884 5764 2993 5833 ‘sed
3039 5769 3352 5834 immerito;
3412 5769 3553 5833 alter

1958 5838 2139 5911 potius
2172 5838 2422 5911 neganda
2455 5838 2595 5900 erat.
