4032 6460
536 445 640 510 5"!"
1673 437 1942 502 PHOTII
1982 435 2149 499 PAT]

2253 434 2494 497 tRCHAi
2528 435 2639 496 CP.
3719 435 3820 502 598

539 577 831 632 estneque
855 559 967 616 huc
991 573 1167 630 usque
1197 559 1320 630 pius
1368 572 1563 613 sensus
1594 556 1646 612 id
1673 556 1912 627 cogitare
1949 556 2145 625 depre-
2173 559 2218 615 Α
2248 562 2438 608 renter
2468 553 2652 608 minor
2673 550 2810 606 Filio
2849 559 2903 605 et
2933 548 3095 605 simul
3143 549 3368 622 aequalis
3409 548 3588 606 eidem
3635 553 3818 622 pradi-

543 655 957 711 1ιθηᾶεὴθιυτ.›ο
1010 652 1087 706 Ita
1140 650 1368 705 Photius
1421 664 1540 719 cap.
1592 648 1681 702 41.
1731 647 1902 718 Negat
1939 645 2137 700 Filium

2253 653 2426 713 catur,
2457 655 2517 699 ut
2546 644 2810 716 Georgius
2858 643 3115 700 Metocita
3149 643 3211 715 (l.
3249 657 3301 699 c.
3336 658 3391 712 p.
3442 643 3572 713 985)
3620 644 3817 701 edisse-

2243 738 2333 792 rit.
2367 735 2502 803 Quo’
2523 738 2765 807 pertinet
2803 746 2858 792 et
2884 737 3091 793 codicis
3123 735 3450 791 Basileensis
3485 736 3732 792 scholion
3758 739 3819 794 ad

2243 834 2546 906 marginem
2601 833 2768 902 hujus
2806 832 2909 888 loci
2959 832 3236 902 positum:
3298 831 3441 898 Ὅρα
3477 833 3508 884 ὁ
3541 831 3669 893 Υἱὸς
3708 827 3816 896 ἶσος

2244 925 2342 979 καὶ
2373 922 2576 995 μείζων
2606 923 2700 976 τοῦ
2726 923 3066 992 Πνεύματος,
3107 917 3224 986 ἴσος
3254 920 3355 991 μὲν
3395 919 3539 974 κατὰ
3566 923 3666 992 τὴν
3709 921 3817 977 θεό-

2244 1035 2404 1086 τητα,
2432 1015 2636 1087 μείζων
2659 1015 2717 1070 δὲ
2748 1014 2835 1069 διὰ
2865 1015 2963 1085 τὴν
2987 1014 3190 1069 αἰτίαν.
3218 1014 3555 1083 Utrumque,
3609 1014 3820 1083 μείζονα

2244 1116 2303 1162 et
2321 1103 2462 1174 ἴσον,
2493 1107 2785 1178 legendum
2811 1120 2936 1161 esse
2975 1106 3208 1160 suadent
3237 1115 3295 1160 et
3331 1104 3634 1159 Bibliorum
3679 1109 3820 1162 testi-

2247 1200 2432 1253 monia
2460 1197 2694 1268 adjecta,
2725 1195 2928 1265 quibus
2969 1211 3029 1250 se
3061 1196 3364 1250 missurum
3397 1193 3688 1265 Spiritum,
3721 1198 3822 1253 imo

2245 1306 2305 1345 se
2351 1291 2480 1345 dare
2540 1289 2700 1344 docet
2739 1288 3018 1344 Christus.
3078 1287 3207 1342 Haec
3245 1287 3472 1342 demum
3524 1301 3823 1359 congruunt

2246 1383 2408 1452 plane
2427 1381 2712 1438 Athanasii
2742 1381 3028 1436 doctrinm.
3058 1378 3160 1447 Qui
3183 1381 3332 1435 enim
3360 1381 3558 1435 statuit
3578 1383 3819 1438 eumdem

2246 1474 2523 1537 ordinem,
2571 1488 2734 1544 quem
2778 1473 2944 1527 habet
3005 1470 3176 1525 Filius
3220 1471 3290 1525 ad
3342 1469 3585 1534 Patrem,
3636 1471 3824 1526 habere

545 745 770 817 μείζονα
796 743 891 797 τοῦ
923 742 1241 813 Πνεύματος
1273 741 1402 807 dici,
1441 739 1908 810 quemadmodum
1976 739 2138 792 Pater

541 836 881 908 majorzFilio
909 835 1135 899 dicitur,
1191 833 1403 888 ratione
1447 832 1702 887 videlicet
1724 830 2002 901 principii.
2036 828 2139 884 At-

539 931 632 1000 qui
684 939 798 984 tum
847 929 1054 983 Beccus
1084 926 1197 996 (0r.
1227 929 1291 980 de
1320 942 1428 980 una
1474 924 1616 980 Eccl.
1659 939 1697 989 ι,
1731 923 1822 984 27,
1859 923 1948 985 65,
1981 921 2048 976 67
2081 922 2139 976 in

537 1022 756 1078 Camat.
829 1020 1113 1074 Animadv.
1167 1026 1224 1074 et
1286 1016 1470 1088 Epigr.
1535 1032 1665 1080 xm;
1732 1013 1776 1070 G
1820 1013 1884 1069 0.
1926 1013 1967 1080 l,
2015 1014 2140 1078 137,

538 1114 665 1180 9.96,
693 1112 834 1179 219;
874 1111 943 1176 Il,
973 1111 1099 1175 585,
1123 1110 1404 1179 650),tum
1428 1107 1776 1163 Constantin.
1810 1106 2143 1161 Meliteniola

542 1199 632 1269 (G,
689 1199 752 1256 0.
791 1200 854 1265 ΙΙ,
893 1200 1055 1267 748);
1092 1198 1358 1269 Georgius
1389 1197 1678 1252 Metochita
1723 1194 1947 1266 (Contra
1992 1201 2140 1251 Man.

542 1293 684 1349 Cret.
732 1308 784 1348 c.
837 1293 904 1359 7;
938 1292 1017 1347 ib.
1051 1290 1116 1358 ll,
1166 1290 1326 1361 983);
1380 1289 1594 1344 Manuel
1652 1288 1877 1343 Calecas
1909 1288 2004 1342 lib.
2055 1305 2140 1343 l:l.

544 1401 601 1455 p.
649 1384 801 1451 458),
847 1383 1116 1454 Georgius
1156 1379 1558 1452 Trapezuntius
1606 1379 1714 1451 (ad.
1765 1378 1851 1434 lo.
1927 1377 2142 1433 Cubocl.

510 1510 516 1513 -
542 1493 595 1530 c.
618 1475 729 1543 2%;
759 1475 822 1539 G,
843 1474 908 1530 0-.
937 1474 979 1539 1,
1013 1475 1168 1544 517);
1198 1472 1362 1528 Joan.
1387 1471 1750 1527 Plusiadenus
1779 1471 1892 1526 sive
1914 1468 2142 1538 Joseph.

543 1567 922 1623 Methonensis
949 1566 1028 1637 (6)
1055 1567 1142 1621 vel
1169 1564 1420 1635 quisquis
1461 1573 1546 1618 est
1575 1573 1768 1618 auctor
1805 1563 2015 1632 Dialogi
2048 1578 2143 1630 pro
2247 1567 2513 1638 spiritum
2548 1566 2616 1622 ad
2671 1565 2869 1620 Filium
2901 1562 3088 1630 3.132,
3140 1563 3248 1633 ἐξ,
3278 1572 3406 1619 nota
3434 1564 3518 1633 5),
3568 1563 3614 1618 is
3657 1563 3821 1617 mani-

547 1660 767 1714 concilio
820 1659 1126 1715 Florentino
1174 1657 1238 1714 G.
1291 1656 1354 1714 0.
1387 1657 1430 1724 1,
1477 1656 1604 1721 6:28,
1655 1656 1805 1720 6'29),
1855 1664 1970 1710 tum
2034 1654 2146 1709 Leo

2253 1661 2388 1715 [este
2421 1675 2528 1714 non
2558 1659 2780 1731 negabit
2819 1658 3028 1728 Spiritu
3058 1657 3256 1710 Filium
3282 1657 3479 1710 eadem
3507 1670 3702 1709 causa:
3743 1671 3824 1709 ra-

546 1753 778 1807 Allatius
841 1750 1087 1819 (Enchir.
1135 1766 1186 1806 c.
1227 1751 1320 1815 25,
1373 1765 1428 1820 p.
1466 1748 1590 1820 ρλς⁹
1618 1764 1736 1818 seq.
1777 1746 1979 1802 Vindic.
2026 1763 2142 1818 agn.
2252 1750 2402 1806 tione
2433 1751 2722 1821 majorem,
2753 1765 2861 1819 qua
2887 1749 3046 1804 Pater
3074 1745 3211 1801 Filio
3233 1748 3410 1817 major
3444 1745 3669 1810 dicitur,
3695 1761 3824 1815 pra:-

548 1845 686 1915 Eplt.
717 1861 768 1899 c.
799 1844 888 1910 66,
920 1859 976 1914 p.
1003 1843 1128 1912 481)
1177 1844 1378 1913 aliique
1421 1842 1678 1912 permulti
1719 1841 1922 1896 diserta
1969 1842 2138 1896 addu-
2175 1899 2216 1915 η
2251 1843 2442 1899 sertim
2476 1859 2600 1897 cum
2641 1843 2777 1896 ordo
2819 1842 3024 1912 (τάξις)
3068 1841 3120 1894 in
3160 1840 3362 1894 divinis
3392 1854 3460 1894 ex
3495 1838 3747 1908 principii
3775 1849 3824 1894 et

551 1948 686 1994 cunt
708 1936 991 1992 Athanasii
1014 1937 1181 1991 verba
1205 1944 1346 1991 orat.
1375 1935 1423 1999 1,
1464 1944 1646 1988 contra
1671 1934 1917 1998 Arianos,
1949 1950 2005 1988 n.
2030 1935 2135 1988 50:
2173 1929 2218 1954 ”
2245 1935 2562 2006 priucipiati
2623 1934 3039 1990 habitudinibus
3111 1942 3393 2003 repetatur
3459 1929 3610 2002 (vide
3671 1946 3820 2000 supra

550 2029 679 2094 Τοῖς
708 2030 765 2084 δὲ
789 2029 1064 2100 μαθηταῖς
1095 2027 1194 2098 τὴν
1218 2027 1450 2096 θεότητα
1473 2025 1568 2078 καὶ
1592 2024 1697 2095 τὴν
1739 2025 2142 2094 μεγαλειότητα
2241 2028 2268 2099 ς
2299 2029 2332 2082 6
2357 2029 2522 2098 seq.).

549 2122 766 2185 δεικνὺς
797 2119 1018 2182 ἑαυτοῦ,
1043 2119 1228 2172 οὐκέτι
1258 2117 1522 2172 ἐλάττονα
1547 2116 1740 2170 ἑαυτὸν
1763 2116 1860 2168 τοῦ
1882 2116 2141 2186 Πνεῦμα-

2319 2124 2514 2200 [544]
2571 2126 2662 2181 24.
2718 2124 2922 2179 Verum
2993 2123 3156 2178 detur
3227 2120 3550 2186 Photianis,
3611 2136 3674 2174 ex
3727 2120 3822 2176 hoc

549 2229 665 2278 τος,
695 2212 830 2266 ἀλλὰ
863 2211 1088 2282 μείζονα
1113 2212 1206 2262 κα).
1237 2205 1354 2263 ἴσον
1379 2208 1511 2262 ὄντα
1537 2207 1821 2278 σημαίνων
1843 2207 2018 2262 ἐδίδου
2043 2207 2143 2276 μὲν

2253 2220 2568 2276 testimonio
2593 2227 2784 2289 utpote
2815 2217 2977 2270 unico
3031 2217 3117 2270 vel
3175 2230 3285 2269 non
3335 2213 3472 2267 satis
3528 2221 3678 2267 certo
3719 2227 3821 2266 rem

550 2306 613 2359 τὺ
642 2305 867 2375 Πνεῦμα
893 2305 986 2356 καὶ
1009 2303 1164 2371 ἔλεγε
1190 2319 1206 2334 ο
1247 2320 1270 2355 ε
1304 2301 1512 2356 Λάϐετε
1552 2301 1691 2355 Πινεῠ
1703 2317 1779 2371 μα
1795 2301 1952 2368 ἅγιον
1970 2343 1985 2366 ,
2025 2301 2138 2355 καί¹

564 2395 710 2465 Ἐγὼ
736 2395 1047 2451 ἀποστελῶ·
1109 2395 1364 2456 κάκεῖνος
1415 2393 1518 2463 ἐμὲ
1546 2391 1761 2457 δοξάσει
1817 2393 1917 2455 καὶ
1946 2393 2048 2446 ὅσα
2079 2392 2146 2446 ἂν

552 2488 788 2561 ἀκούσῃ,
837 2489 1086 2558 λαλήσει.
1118 2506 1137 2539 ι
1181 2485 1339 2553 Quod
1370 2501 1400 2540 e
1423 2484 1646 2540 Patrum
1696 2500 1849 2540 more
1879 2485 1951 2540 ita
1999 2494 2147 2540 recte

553 2581 784 2652 exponit
816 2580 1044 2651 praefata
1081 2579 1406 2647 Disceptatio
1436 2593 1531 2647 pro
1566 2593 1714 2630 conc.
1749 2577 1892 2631 Flor.
1930 2577 2032 2631 sub
2047 2592 2148 2632 no-

553 2675 702 2728 mine
729 2671 1042 2727 Plusiadeni
1073 2670 1293 2741 vulgata
1327 2689 1342 2725 :
1367 2665 1516 2722 Ἶσον
1558 2668 1656 2742 μὲν
1680 2669 1824 2722 κατὰ
1856 2667 1918 2721 τὸ
1945 2668 2146 2738 ὁμοσύ-

559 2782 704 2820 σιονσ
749 2765 906 2818 οὐδὲν
964 2764 1080 2836 γὰρ
1116 2762 1229 2816 τῶν
1257 2761 1429 2834 τριῶν
1482 2760 1792 2834 προσώπων
1831 2759 2016 2832 μεῖξον
2053 2759 2150 2814 καὶ

559 2857 781 2911 ἔλαττον
812 2859 878 2927 τῇ
905 2855 1070 2926 οὐσίᾳ
1103 2855 1199 2909 καὶ
1220 2856 1285 2925 τῇ
1320 2853 1560 2923 θεότητι,
1595 2851 1712 2906 ἀλλ’
1735 2851 1882 2921 ἄκρα
1925 2852 2104 2920 ἰσότης
2132 2867 2146 2880 ⁸

561 2948 785 3018 μείζονα
820 2948 895 3008 δὲ,
941 2948 1024 3000 ὅτι
1069 2947 1166 2999 ἀπ’
1206 2945 1418 2998 ἐκείνου
1454 2945 1515 2996 τὸ
1562 2941 1704 2998 εἶναι
1741 2943 1876 3013 ἔχει.
1937 2940 2148 3008 Quodsi

559 3042 934 3097 Moutfaucou.
995 3041 1050 3093 in
1102 3055 1198 3094 sua
1247 3038 1490 3093 editione
1530 3039 1598 3107 (l,
1646 3053 1701 3107 p.
1749 3035 1876 3105 454)
1931 3035 2151 3106 μείζονα

561 3133 694 3191 illud
718 3133 922 3199 omisit,
959 3131 1251 3202 disceptari
1283 3131 1462 3186 adhuc
1493 3139 1694 3200 potest,
1731 3137 1912 3183 utrum
1953 3128 2151 3183 merito

2247 2329 2356 2368 non
2381 2311 2602 2376 confici,
2645 2311 2696 2366 id
2728 2325 2922 2380 parum
2955 2324 3051 2364 eos
3104 2307 3334 2378 juvabit.
3401 2305 3632 2360 Etiamsi
3690 2305 3819 2360 enim

2248 2421 2356 2458 non
2387 2403 2642 2472 cxplicite
2664 2402 2943 2456 diceretur
2976 2400 3148 2454 Filius
3204 2399 3379 2463 major
3407 2395 3641 2466 Spiritu,
3673 2397 3822 2464 aequi-

2247 2496 2508 2566 pollentia
2543 2503 2726 2548 tamen
2761 2493 2926 2548 verba
2961 2501 3073 2547 tum
3101 2488 3386 2545 Athanasii
3435 2498 3553 2542 tum
3610 2488 3818 2542 aliorum

2247 2588 2469 2644 Patrum
2509 2597 2704 2658 pmsto
2730 2596 2878 2642 sunt.
2919 2586 3182 2641 Athanas.
3220 2583 3295 2637 De
3320 2584 3536 2651 incarn.
3579 2598 3637 2638 n.
3665 2581 3716 2646 9,
3748 2580 3821 2634 Fi-

2251 2681 2381 2735 lium
2403 2690 2558 2736 vocat
2583 2682 2768 2750 πηγὴν
2793 2679 2887 2733 τοῦ
2917 2678 3058 2732 Πνεύ
3069 2695 3238 2746 ματος
3261 2696 3275 2744 ;
3311 2677 3408 2732 sed
3433 2677 3621 2748 πηγῆς
3637 2691 3819 2730 nomen

2249 2771 2395 2842 apud
2441 2768 2661 2825 Graecos
2685 2768 2994 2840 Theologos
3025 2770 3126 2840 τὴν
3169 2769 3348 2823 αἰτίαν
3400 2768 3630 2821 omnino
3671 2765 3819 2835 signi-

2252 2863 2376 2919 ﬁcat
2406 2863 2525 2935 (Cf.
2552 2863 2736 2918 Pctav.
2799 2863 2864 2916 de
2891 2862 3040 2916 Trin.
3077 2879 3152 2917 vtt
3182 2903 3195 2928 ,
3219 2861 3298 2932 4).
3328 2861 3540 2916 Eadem
3570 2874 3697 2914 voce
3727 2858 3819 2912 uti-

2253 2967 2343 3012 tur
2377 2955 2672 3028 Gregorius
2716 2955 3045 3026 Theologus,
3103 2955 3232 3009 dum
3296 2953 3516 3007 Patrem
3568 2951 3818 3020 ὀφθαλμδν

2253 3048 2510 3119 appellat,
2559 3046 2755 3101 Filium
2783 3036 2987 3117 τὲηγὴν,
3016 3045 3282 3110 Spiritum
3305 3045 3572 3114 ποταμὸν,
3597 3058 3658 3097 ac
3710 3041 3817 3111 Spi-

2254 3140 2418 3194 ritum
2449 3139 2674 3194 exhibet
2699 3148 2761 3194 ut
2786 3137 3011 3193 ﬂuvium
3047 3153 3078 3192 e
3108 3137 3259 3192 fonte
3291 3135 3652 3206 profluentem
3673 3133 3813 3204 (orat.

559 3239 629 3278 an
695 3222 889 3294 iniuria
951 3221 1158 3277 fecerit-
1233 3219 1378 3276 Sane
1429 3227 1796 3291 praeterquam
1865 3219 2010 3288 quod
2041 3218 2222 3306 Nec
2256 3232 2346 3296 57,
2374 3231 2443 3285 de
2494 3229 2699 3300 Spiritu
2737 3239 2942 3292 sancto,
2974 3244 3030 3299 p.
3063 3227 3190 3294 611,
3222 3228 3309 3283 ed.
3347 3228 3469 3280 Bill.
3515 3225 3598 3281 cr.
3645 3234 3739 3279 art.
3767 3225 3814 3287 2,

561 3316 783 3372 nonnisi
825 3313 988 3369 unius
1018 3312 1223 3369 codicis
1267 3312 1518 3384 Seguier.
1550 3321 1606 3366 et
1642 3311 1860 3366 Catenae
1886 3325 2020 3366 mss.
2041 3301 2150 3365 au-

565 3407 815 3464 ctoritale
835 3405 989 3479 [5l5]
1021 3406 1075 3460 in
1106 3421 1204 3460 sua
1232 3405 1471 3460 lectione
1500 3403 1773 3467 innititur,
1793 3403 2003 3474 priores
2034 3402 2151 3457 edi-

564 3499 748 3554 tiones
791 3514 983 3554 vocem
1016 3498 1090 3552 ah
1133 3497 1225 3552 illo
1270 3495 1491 3568 egregio
1541 3495 1786 3565 alioquin
1843 3493 2154 3549 eruditissi-

569 3607 772 3662 moque
811 3591 930 3646 viro
961 3600 1291 3660 expunctam
1335 3589 1597 3653 retinent,
1627 3599 1685 3642 et
1709 3587 1862 3642 citati
1893 3597 2151 3641 auctores

565 3684 724 3757 graeci
752 3685 830 3756 (7)
865 3698 980 3739 non
1019 3682 1179 3738 facile
1207 3691 1400 3738 contra
1431 3695 1658 3736 suorum
1694 3689 2005 3749 temporum
2051 3677 2152 3733 ad-

573 3776 849 3832 versarios
882 3790 946 3830 ea
981 3775 1214 3830 lectione
1242 3773 1327 3829 usi
1357 3773 1605 3839 fuissent,
1648 3771 1934 3827 sufﬁcienti
1960 3779 2154 3825 aucto-

565 3867 729 3923 ritate
753 3866 1035 3933 destituti;
1065 3877 1122 3923 et
1155 3866 1286 3920 illud
1321 3865 1768 3935 perpendendum
1796 3871 1901 3930 est,
1931 3862 2074 3932 quod
2099 3870 2156 3916 et

567 3960 685 4031 ipse
712 3958 1062 4014 Andronicus
1098 3959 1419 4013 Camaterus
1445 3955 1656 4010 Latinis
1692 3955 1942 4008 infensus
1986 3953 2152 4023 (apud

568 4051 824 4116 Beccum,
858 4050 924 4103 (ἐ.
952 4049 1014 4105 0.
1046 4049 1112 4112 ll,
1140 4049 1267 4118 581)
1300 4063 1412 4103 non
1453 4047 1614 4102 aliter
1655 4047 1856 4118 legisse
1902 4046 2154 4100 videatur

569 4151 628 4197 et
652 4142 798 4213 quod
824 4150 1115 4198 contextus
1151 4141 1280 4194 huic
1302 4137 1765 4194 lectioniomnino
1810 4138 2010 4192 faveat.
2043 4136 2155 4191 Me-

569 4235 678 4291 lius
700 4235 847 4290 enim
872 4243 926 4289 et
950 4233 1152 4288 fortius
1171 4231 1254 4302 τῷ
1282 4231 1528 4287 ἐλάττονι
1552 4229 1850 4301 opponitur
1872 4228 1933 4282 τὸ
1967 4227 2151 4298 μεῖζον

568 4327 666 4380 καὶ
691 4322 834 4391 ἴσον,
866 4340 1030 4395 quam
1060 4325 1122 4378 τὸ
1143 4319 1262 4377 ἴσον
1305 4323 1522 4388 solum;
1555 4331 1611 4377 et
1664 4321 1862 4376 melius
1907 4319 2155 4376 ostendi-

570 4426 661 4472 tur
729 4415 852 4471 Filii
913 4415 1149 4487 dignitas
1197 4413 1291 4484 qui
1337 4413 1604 4484 Spiritum
1651 4413 1832 4483 ipsum
1881 4411 2154 4483 elargiens

570 4511 896 4575 exhibetur;
941 4517 1206 4580 praeterea
1248 4509 1466 4578 phrasis
1494 4507 1756 4572 ἐλάττων,
1807 4505 1893 4561 vel
1951 4504 2155 4576 μείζων

2251 3318 2346 3388 §6,
2378 3319 2554 3372 notati
2579 3334 2594 3384 ;
2625 3317 2911 3372 Constant.
2932 3315 3169 3371 Meliten.
3194 3315 3347 3370 Orat.
3371 3329 3422 3368 c.
3455 3314 3554 3378 29;
3583 3313 3811 3374 Bcccum,

2253 3410 2440 3482 Epigr.
2493 3428 2544 3466 nt
2580 3428 2604 3478 ;.
2644 3411 2709 3467 G.
2755 3410 2816 3466 0.
2855 3411 2920 3471 11,
2954 3409 3077 3472 706,
3109 3410 3234 3474 707,
3258 3409 3363 3462 607
3405 3409 3548 3476 seq.)
3601 3404 3661 3458 Et
3690 3403 3813 3456 Pho-

2256 3504 2388 3559 tiani
2437 3503 2549 3559 fere
2565 3505 2768 3574 ubi-que
2797 3503 3130 3558 inclamant:
3152 3502 3330 3564 Μόνος
3354 3503 3508 3573 πηγὴ
3549 3503 3576 3552 ὁ
3609 3494 3810 3565 11ατήρ1

2254 3593 2334 3649 Re
2356 3594 2469 3664 ipsa
2501 3594 2830 3664 quandoque
2853 3579 3014 3646 Pater
3048 3608 3182 3662 unys
3216 3591 3444 3646 Deitatis
3499 3592 3614 3658 fons
3651 3583 3814 3656 appel-

2254 3687 2417 3751 latur,
2447 3685 2574 3755 quia
2625 3693 2710 3740 est
2758 3684 2924 3738 veluti
2972 3684 3144 3755 prima
3185 3684 3358 3749 radix,
3413 3699 3576 3737 causa
3626 3696 3726 3735 non
3760 3693 3814 3732 ex

2255 3792 2450 3844 causa,
2493 3776 2820 3849 principium
2838 3793 2948 3831 non
2975 3779 3043 3832 de
3076 3777 3364 3848 principio,
3405 3793 3471 3831 ex
3507 3790 3612 3844 quo
3635 3772 3811 3828 omnia.

2256 3871 2460 3926 Eodem
2502 3871 2752 3926 modoita
2789 3873 3015 3935 dicitur,
3043 3881 3102 3925 ut
3139 3873 3375 3926 advertit
3401 3870 3688 3941 Gregorius
3708 3866 3811 3936 Cpl.

2256 3963 2565 4040 patriarcha
2593 3973 2781 4040 contra
2826 3963 3069 4018 Marcum
3113 3963 3410 4034 Ephesium
3445 3964 3544 4033 (8),
3581 3976 3684 4031 quo
3711 3960 3812 4030 quis

2255 4038 2702 4125 protoparenteiu
2735 4055 3004 4110 Adamum
3031 4055 3238 4110 diceret
3268 4056 3440 4109 solum
3500 4067 3692 4124 patrem
3732 4052 3811 4105 hu-

2255 4145 2557 4208 manitatis,
2603 4145 2695 4214 qui
2739 4153 2890 4200 certe
2951 4145 3087 4200 alios
3135 4146 3387 4200 homines
3427 4162 3458 4199 a
3516 4143 3810 4216 paternitate

2255 4236 2549 4292 excludere
2589 4252 2698 4290 non
2741 4237 2874 4303 vult,
2927 4239 3024 4293 sed
3060 4239 3432 4309 principaliter
3451 4239 3500 4294 ei
3541 4239 3674 4293 illam
3705 4236 3809 4289 vin-

2258 4327 2423 4392 dicat,
2457 4343 2486 4382 a
2520 4343 2629 4398 quo
2669 4337 2840 4383 totum
2872 4344 3042 4398 genus
3089 4341 3447 4401 propagatum
3477 4340 3581 4396 est,
3636 4345 3662 4383 a
3720 4339 3809 4396 quo

2258 4423 2453 4493 reliqui
2485 4423 2761 4494 genitores
2807 4423 2858 4477 id
2883 4423 3109 4487 habent,
3144 4432 3204 4478 ut
3251 4432 3436 4494 patres
3463 4438 3582 4479 esse
3613 4427 3804 4492 queant.

2261 4509 2399 4567 llinc
2426 4513 2783 4568 nihilominus
2809 4513 3060 4569 doctores
3082 4513 3275 4578 Graaci,
3303 4524 3366 4569 ut
3391 4515 3641 4578 vidimus,
3659 4520 3708 4566 et
3736 4509 3808 4563 Fi-

569 4603 667 4656 καὶ
694 4597 810 4661 ῐσος
834 4588 1398 4656 Patribus'familiaris
1415 4607 1521 4664 est,
1549 4597 1855 4668 praesertim
1905 4613 2032 4652 cum
2081 4597 2151 4652 de
2183 4588 2228 4643 Ι)
2259 4604 2390 4658 lium
2436 4612 2635 4659 vocant
2689 4606 2885 4675 fontem
2942 4605 3112 4660 relate
3168 4606 3236 4661 ad
3273 4608 3534 4678 Spiritum
3569 4613 3803 4660 sanctum.

569 4691 708 4748 Filio
730 4690 1052 4761 loquuntur,
1075 4689 1168 4760 qui
1196 4689 1401 4744 dicitur
1422 4689 1554 4760 ipsis
1583 4689 1762 4743 minor
1788 4688 1949 4744 Patre
1969 4689 2151 4757 (Joan.

568 4799 680 4850 xw,
703 4784 797 4854 28)
830 4794 1086 4852 respectu
1128 4782 1502 4854 generationis
1535 4791 1591 4835 et
1637 4782 1862 4851 aequalis
1898 4791 2154 4852 respectu

574 4875 887 4931 communis
915 4882 1129 4928 naturae
1161 4873 1343 4944 (Joan.
1395 4890 1447 4940 χ,
1475 4874 1604 4942 20);
1643 4872 1776 4927 illud
1816 4874 1931 4943 ipse
1980 4872 2153 4927 Athas

533 5019 536 5026 ,
567 4966 762 5021 nasius
787 4967 1059 5022 declarat:
1090 4965 1332 5031 Μείζονα
1372 4965 1570 5019 ἑαυτοῦ
1604 4966 1696 5018 τὸν
1740 4966 1964 5036 Πατέρα
1984 4969 2013 5019 ὁ
2039 4965 2152 5018 Κύ-

575 5073 690 5126 ριος
716 5053 868 5112 εἶπεν
888 5100 902 5124 ,
933 5059 994 5112 οὑ
1033 5060 1252 5130 μεγέθει
1278 5059 1388 5113 τινὶ
1409 5058 1530 5112 οὐδὲ
1560 5058 1759 5129 χρόνῳ,
1787 5058 1925 5112 ἀλλά
1945 5059 2034 5114 διὰ
2054 5060 2155 5129 τὴν

573 5149 634 5212 ὲξ
653 5148 818 5204 αὐτοῦ
847 5149 942 5203 τοῦ
961 5152 1174 5222 Πατρος
1191 5151 1469 5222 γέννησιν.
1493 5150 1587 5204 Sic
1614 5159 1669 5205 et
1699 5150 1940 5220 Spiritus
1970 5151 2152 5206 cohae-

643 5378 722 5450 (6)
753 5374 1126 5450 V._Allat._0¢_:
1154 5393 1294 5431 cons.
1330 5377 1364 5431 1.
1409 5392 1493 5442 tu,
1537 5393 1591 5446 p.
1629 5375 1754 5431 955.
1799 5373 1875 5431 Le
1929 5375 2154 5442 Quien.,

569 5445 663 5508 0r;
695 5445 808 5504 chr.
835 5448 902 5512 ll,
940 5463 994 5516 p.
1023 5445 1152 5501 252.
1538 5445 1574 5516 ί
1916 5485 1924 5492 .

642 5521 720 5604 <1.)
744 5518 863 5604 His
881 5514 1024 5604 adds
1043 5517 1290 5604 Nicetes
1317 5517 1517 5604 Thess-
1549 5515 1700 5604 υείεέ-
1721 5532 1793 5604 Ila
1831 5516 1994 5604 .teed-
2012 5514 2154 5604 ,Υ

539 5659 542 5662 ,
573 5587 714 5649 1115
740 5587 785 5646 f.‘
814 5591 868 5662 9)
904 5599 960 5662 et
985 5587 1150 5662 Gre_g_.
1171 5587 1487 5662 Cpl_._§pol.
1539 5604 1590 5642 c.
1631 5587 1797 5642 Marci
1829 5587 1969 5657 Eph.
2009 5587 2157 5642 Con-

574 5663 703 5718 fess.
736 5661 879 5731 (cod.
905 5660 1049 5714 Mou.
1081 5657 1150 5731 2]
1181 5657 1222 5731 f.
1260 5657 1365 5731 l5}!
1383 5657 1475 5731 7b.)

644 5721 881 5806 (SjiCod.
913 5731 1063 5806 non.
1091 5728 1160 5806 _27
1190 5727 1228 5783 f.
1272 5728 1376 5806 129
1400 5721 1472 5806 1).:
1486 5727 1561 5806 T‘o
1594 5727 1758 5806 μόνον
1788 5721 2155 5806 _1trjy_ljv_e_ivat

571 5797 664 5856 τὸν
698 5797 922 5873 Πατέρα
948 5800 1050 5873 τῆς
1085 5797 1413 5873 ὑπερουσίου
1449 5797 1700 5873 θερτᾑτοξ
1749 5799 1848 5873 ob}
1899 5797 2154 5873 εκΰὰλλει

571 5874 665 5928 τὸν
696 5873 824 5927 Υἱὸν
850 5867 944 5926 τοῦ
987 5867 1126 5925 εἶναι
1189 5867 1376 5940 λπηγὴν
1431 5869 1526 5923 τοῦ
1574 5869 1734 5938 ἁγίου
1793 5870 2106 5940 Πνεύματος
2135 5883 2148 5898 °

2262 4697 2422 4753 Unde
2461 4697 2629 4751 Isaias
2653 4697 2903 4769 Cyprius,
2925 4698 2978 4751 in
3011 4698 3179 4768 epist.
3205 4699 3272 4754 ad
3304 4698 3476 4753 Nicol.
3511 4694 3802 4765 Sclengiam:

2268 4787 2445 4843 «Dicis
2499 4804 2666 4858 porro
2697 4789 2872 4843 solum
2901 4789 3110 4845 fontem
3139 4788 3672 4861 supersubstantialis
3703 4782 3803 4837 dei-

2262 4879 2388 4934 tatis
2413 4895 2533 4934 esse
2561 4879 2802 4935 Patrem.
2845 4879 2910 4936 Et
2942 4896 3042 4936 nos
3063 4880 3114 4934 id
3147 4897 3364 4951 quoque
3419 4880 3662 4942 fatemur,
3691 4884 3737 4929 et
3762 4881 3803 4926 te

2261 4972 2432 5026 multo
2456 4971 2654 5042 aptius,
2691 4977 2747 5026 et
2782 4981 2840 5027 ut
2874 4973 3042 5044 magis
3073 4975 3354 5046 theologos
3399 4974 3650 5037 addecet;
3679 4963 3800 5040 [315}

2262 5063 2354 5116 sed
2411 5062 2650 5118 fatemur
2688 5074 2948 5132 praeterea
2982 5065 3177 5120 Filium
3211 5067 3414 5122 fontem
3448 5062 3671 5133 Spiritus
3696 5072 3800 5112 san-

2261 5154 2358 5219 cti,
2404 5169 2659 5224 magnum
2724 5153 3082 5210 Athanasium
3127 5166 3182 5211 et
3234 5155 3552 5228 Gregorium
3596 5145 3798 5204 Theolo-

2242 5353 2289 5454 γε
2328 5383 2516 5454 Πάντα
2545 5381 2654 5453 γὰρ
2685 5383 2786 5437 ὅσα
2825 5382 2941 5454 ἐκεῖ
2975 5385 3004 5436 ὀ
3049 5384 3200 5448 Υἱὸς,
3239 5384 3302 5437 ὲκ
3333 5383 3427 5436 τοῦ
3467 5369 3791 5454 Πατρὸίέζξιν

2261 5452 2337 5526 ὡς
2367 5452 2530 5526 adid;
2556 5439 2694 5522 ξρτῖσι
2733 5490 2747 5526 ε
2794 5493 2808 5509 .
2839 5439 2887 5526 Δί’
2907 5452 3101 5526 ὥσπερ
3139 5439 3207 5508 ἀν
3237 5454 3301 5526 εῖγ
3323 5471 3404 5526 τις
3427 5454 3516 5505 καὶ
3537 5439 3620 5526 τιὸν
3653 5439 3794 5526 Ἀδιξμ

2264 5523 2424 5595 μόνον
2448 5520 2672 5595 Πατέρα
2688 5524 2797 5595 τῆς
2825 5520 3248 5595 ἀνθρωπότητος
3294 5524 3471 5595 λέγων
3505 5520 3718 5595 πάντων.
3739 5520 3791 5564 ἂν

2261 5583 2409 5666 λέγες.
2457 5592 2574 5666 τῶνΔ
2602 5583 3384 5666 ’ἀνθρῶτζωίΠα-τὲρᾲίὸπερ
3423 5593 3518 5646 οὐκ
3567 5592 3628 5643 ἂν
3674 5583 3791 5666 fitﬁt

2260 5655 2480 5738 Πατέρα
2502 5655 3074 5738 πῇθτωνάνθρῴττων,
3097 5655 3415 5738 aspir/aa!
3431 5677 3589 5738 τινων
3606 5655 3790 5738 τούτους

2259 5723 2515 5804 λέγεσθαι
2557 5733 2807 5808 Πατέρας
2837 5723 3094 5805 ἑωλύσεί,
3127 5723 3222 5802 οὒ’ς
3253 5723 3366 5791 ὀὐκ
3401 5730 3534 5795 οἶδεν
3572 5729 3661 5784 οὐκ
3700 5723 3786 5777 ἄπο

2259 5805 2413 5859 αιδας
2453 5804 2630 5859 ὄντας.
2787 5809 2790 5813 ’
2996 5813 3005 5822 ·

2258 5813 2413 5869 αιδας
2453 5813 2630 5868 οντας.
2996 5813 3005 5822 ·
