4032 6464
579 359 678 426 531

1755 363 2019 434 PHO’I‘II
2051 364 2556 438 PATRIARCH/E
2594 358 2721 444 cpi

3747 374 3851 450 532

575 477 725 532 enim
751 477 876 548 est),
905 478 1136 534 alterum
1163 478 1310 552 [5l8]
1346 493 1476 537 vero
1498 494 1564 536 ex
1594 482 1835 538 secundo
1869 491 1924 539 et
1957 484 2158 554 princi-
2183 483 2236 543 A
2259 485 2382 540 dem
2408 487 2620 557 genitor
2678 492 2781 554 εει,
2816 489 2926 542 non
2951 485 3266 559 productor,
3301 485 3548 557 Spiritus
3578 502 3846 563 veropro-

575 569 724 638 piato
751 573 949 640 (neque
987 571 1129 626 enim
1160 580 1244 627 est
1297 571 1504 644 absque
1569 573 1859 644 principio)
1903 575 2154 644 spiritum

578 659 866 717 admittere
894 661 1147 732 debent)»
1179 663 1323 734 (cap.
1367 663 1482 734 45).
1527 663 1730 719 Eadem
1779 665 1989 720 ratione
2013 667 2156 736 apud

577 750 814 806 Beccum
848 752 931 821 (de
966 769 1109 822 proc.
1145 753 1332 824 Spirit.
1383 771 1433 810 c.
1469 753 1532 822 6;
1575 755 1638 812 ϐ.
1679 757 1742 812 0.
1791 758 1833 821 I,
1875 757 1982 813 288
2013 759 2155 828 seq.)

577 840 695 895 haec
727 840 993 897 dubitatio
1020 845 1335 914 pr0ponitut
1371 864 1384 900 :
1416 846 1472 901 Si
1506 845 1742 916 Spiritus
1797 859 2018 903 sanctus
2060 865 2157 918 per

579 927 775 983 Filium
831 932 1098 1000 procedit,
1141 933 1415 1003 quomodo
1441 949 1552 990 non
1575 935 1849 990 suntdual.
1889 937 2158 990 exsistenv

578 1020 665 1075 tiae
698 1021 1003 1094 (ὑπάρξεις)
1047 1021 1304 1094 Spiritus,
1337 1029 1508 1081 altera
1541 1041 1610 1081 ex
1658 1027 1838 1091 Patre,
1869 1028 2040 1084 altera
2088 1045 2155 1085 ex

579 1112 756 1168 Filio?
786 1112 886 1169 Cui
929 1117 1226 1186 respondet
1295 1116 1387 1172 ille
1424 1118 1478 1173 id
1535 1119 1879 1189 potissimum
1933 1135 2153 1192 urgens,

576 1217 755 1273 neque
782 1204 837 1259 in
883 1207 1048 1262 rebus
1068 1207 1420 1265 inferioribus
1439 1217 1495 1264 et
1545 1210 1732 1266 sensui
1779 1211 2062 1280 subjectis,
2098 1213 2152 1266 in

576 1297 775 1365 quibus
805 1298 913 1354 duo
957 1299 1182 1354 eﬂ‘ectus
1219 1301 1635 1371 conspiciuntur
1674 1317 1740 1357 ex
1764 1305 1936 1374 prima
1989 1321 2155 1363 causa

577 1389 983 1453 provenientes,
1036 1405 1269 1458 quorum
1316 1405 1462 1447 unus
1512 1406 1610 1463 per
1660 1392 1826 1447 alium
1876 1407 1980 1463 est,-
2021 1397 2157 1451 duas

575 1476 840 1546 ὑπάρξεις
886 1479 992 1532 dici
1019 1491 1177 1548 posse
1203 1480 1372 1548 illius,
1417 1482 1562 1552 quod
1587 1491 1668 1538 est
1698 1484 1916 1538 tertium
1965 1487 2157 1541 ordine

576 1578 632 1623 et
653 1585 764 1624 non
793 1570 1142 1626 continenter
1175 1575 1504 1645 (προσεχῶς)
1530 1589 1598 1630 ex
1629 1577 1803 1646 prima
1830 1591 1993 1632 causa
2024 1581 2158 1634 sub-

576 1662 739 1719 sistit.
785 1662 986 1719 «Dicite
1013 1665 1188 1732 nobis,
1223 1668 1299 1721 ait
1331 1665 1556 1733 Beccus,
1581 1681 1652 1720 an
1704 1668 1826 1723 dua:
1850 1670 2043 1724 solaris
2073 1671 2157 1725 lu-

577 1760 742 1814 minis
765 1758 1094 1814 exsistentiae
1128 1767 1274 1822 sunt,
1318 1774 1426 1813 una
1473 1773 1542 1814 ex
1590 1759 1761 1827 disco,
1818 1761 1988 1818 altera
2059 1780 2158 1834 per

579 1849 792 1905 radium
827 1850 1064 1904 ?Palam
1112 1850 1274 1905 facite
1304 1851 1487 1916 nobis,
1541 1867 1610 1906 an
1651 1852 1773 1909 duae
1820 1856 2154 1914 exsistentiae

579 1940 745 1996 unius
773 1947 900 1996 sunt
930 1939 1102 2003 ﬂuvii,
1159 1954 1266 1994 una
1317 1954 1383 1994 ex
1421 1939 1601 2007 oculo,
1634 1941 1802 1996 altera
1846 1959 1914 1997 ex
1965 1943 2154 2000 fonte?

580 2030 805 2097 (Alludit
861 2032 928 2083 ad
977 2030 1241 2102 imagines
1273 2031 1498 2086 Patrum
1541 2041 1644 2089 art.
1701 2034 1737 2088 2
1767 2075 1783 2101 ,
1825 2034 1854 2106 ς
1894 2035 1971 2108 6.)
2000 2036 2156 2103 Quod

578 2123 622 2176 si
654 2121 708 2175 in
760 2121 1028 2177 similibus
1058 2123 1242 2178 sensui
1272 2123 1535 2192 subjectis
1597 2132 1653 2180 et
1709 2135 1920 2181 naturae
1960 2139 2157 2186 creatae

578 2214 778 2270 ﬁnibus
807 2214 1112 2270 terminatis
1139 2231 1248 2270 non
1275 2230 1573 2285 possumus
1625 2217 1811 2274 dicere
1845 2221 1980 2276 duas
2035 2237 2158 2278 esse

461 2329 467 2335 ·
577 2307 744 2363 unius
792 2308 869 2362 rei
897 2307 1270 2375 exsistentias,
1312 2324 1434 2379 qua:
1481 2325 1582 2380 per
1618 2310 1873 2367 effectum
1906 2329 2013 2369 una
2075 2329 2159 2370 se—

575 2415 701 2456 cum
725 2410 1080 2474 ema‘nantem,
1104 2415 1167 2456 ex
1199 2401 1373 2472 prima
1397 2417 1559 2458 causa
1601 2404 1973 2461 exsistentiam
2025 2422 2159 2478 pos-

573 2493 736 2560 sidet,
774 2495 1048 2564 quomodo
1078 2494 1145 2548 de
1165 2493 1252 2560 iis,
1291 2494 1359 2550 de
1387 2495 1586 2564 quibus
1630 2506 1841 2553 natura;
1885 2499 2022 2553 ratio
2051 2515 2157 2554 nu-

575 2593 670 2650 tat,
707 2584 900 2640 similia
938 2593 993 2640 et
1020 2599 1360 2656 quacunque
1392 2585 1482 2641 illa
1507 2587 1650 2654 sint,
1679 2588 1938 2644 dubitatis
1959 2591 2010 2644 ir
2039 2591 2158 2647 Alia

574 2692 685 2732 non
725 2677 905 2735 minus
936 2677 1162 2732 evidens
1196 2676 1483 2750 responsio
1513 2693 1578 2732 ex
1609 2678 1838 2751 Hugone
1866 2681 2160 2739 Etheriano

574 2769 688 2838 peti
753 2777 933 2838 potest
989 2769 1050 2838 (l.
1116 2785 1190 2834 ιι,
1253 2784 1305 2837 p.
1359 2767 1500 2823 ηδε
1557 2769 1644 2841 F.)
1712 2771 1786 2826 ita
1841 2774 2157 2831 scribente:

581 2877 600 2908 «
622 2857 893 2913 Caeterum
923 2859 966 2914 si
996 2859 1136 2924 ideo,
1163 2859 1290 2930 quia
1341 2874 1405 2914 ex
1438 2859 1655 2915 duobus
1687 2863 1962 2932 procedit,
2018 2867 2159 2920 divi-

575 2949 710 3003 duua
759 2949 1106 3019 sitSpiritus,
1151 2951 1372 3006 Patrem
1409 2953 1557 3010 dicat
1587 2955 1714 3026 quis
1743 2956 1938 3011 eodem
1996 2959 2160 3014 modo

575 3041 846 3095 dividuum
875 3041 1008 3106 fore,
1031 3056 1154 3097 cum
1179 3058 1246 3098 ex
1276 3059 1335 3100 se
1365 3043 1563 3100 Filium
1593 3055 1818 3117 generet
1838 3048 2159 3119 emittatque

2260 578 2473 644 ductor,
2517 589 2571 634 et
2593 585 2702 636 non
2737 581 2972 652 genitor,
2996 580 3139 636 alius
3163 590 3326 651 atque
3362 581 3511 636 alius
3559 597 3590 636 a
3618 597 3681 638 se
3732 585 3844 654 ipso

2262 667 2418 724 Pater
2449 670 2573 732 erit,
2618 671 2852 742 indeque
2881 673 3045 727 etiam
3077 672 3432 742 compositus.
3461 673 3534 728 Et
3564 673 3846 730 nihilomi-

2257 765 2365 815 n’us‘
2389 760 2622 831 Spiritus
2677 774 2745 818 ex
2798 773 3030 834 utroque
3061 770 3380 835 progressus
3403 765 3690 836 (πρόοδος)
3709 783 3844 824 unus

2258 853 2510 924 idemque
2535 863 2638 920 e'st,
2697 855 2791 910 sed
2813 855 3038 910 facultas
3070 857 3365 927 generandi
3414 869 3474 911 et
3506 859 3841 927 producendi

2257 947 2433 1001 Patris
2453 947 2554 1001 alia
2577 956 2634 1002 et
2682 948 2809 1002 alia.
2861 948 2970 1004 Sed
3026 950 3492 1018 quemadmodum
3558 961 3841 1020 propterea

2256 1036 2415 1093 Pater
2441 1038 2590 1092 nullo
2618 1039 2782 1094 modo
2811 1040 2865 1093 in
2902 1043 3083 1110 partes
3104 1040 3369 1096 sciridittrr
3392 1044 3584 1111 neque
3625 1046 3842 1114 compo-

2256 1130 2439 1186 sitioni
2468 1130 2756 1200 subjicitur
2789 1131 2872 1201 (οὐ
2898 1132 3152 1203 μεριστὸς
3181 1132 3460 1198 ἐντεῦθεν,
3485 1131 3550 1186 δύ
3587 1133 3696 1204 μὴν
3723 1134 3842 1188 dav-'-

2257 1217 2456 1289 θετος),
2499 1220 2626 1290 quia
2677 1219 2764 1275 illa
2815 1221 3040 1276 Deitatis
3095 1229 3272 1291 partes
3331 1223 3565 1277 minime
3599 1225 3748 1286 sunt,
3792 1225 3843 1280 et

2256 1319 2658 1381 consequenter
2695 1325 2875 1381 neque
2903 1313 3209 1381 compositio
3237 1330 3256 1378 ;
3287 1313 3523 1383 simplex
3565 1314 3713 1369 enim
3759 1331 3842 1369 su-

2255 1419 2354 1475 pra
2383 1419 2602 1460 omnem
2643 1404 3050 1474 simplicitatem
3099 1405 3278 1460 Deitas
3309 1412 3394 1459 est
3423 1413 3484 1459 et
3541 1421 3708 1475 supra
3735 1421 3844 1459 om-

2257 1512 2381 1552 nem
2423 1495 2745 1550 divisionem
2770 1496 3003 1550 indivisa
3037 1495 3204 1564 (ἀπλὴ
3242 1495 3352 1566 γὰρ
3386 1496 3420 1565 ἠ
3455 1494 3658 1566 eam;
3709 1496 3840 1566 ὑπὲρ

2258 1588 2440 1640 πᾶσαν
2475 1587 2776 1656 ἁπλότητα,
2799 1585 2896 1638 καὶ
2914 1585 3129 1658 ἀμερὴς
3153 1585 3293 1656 ὑπὲρ
3319 1587 3507 1638 πᾶσαν
3532 1585 3838 1656 ἀμέρειαν),

2257 1679 2351 1733 sed
2382 1674 2743 1749 proprietates
2769 1677 2914 1732 circa
2956 1677 3129 1748 ipsam
3157 1676 3528 1731 considerata:
3565 1675 3841 1746 (ἰδιότητες

2257 1772 2387 1842 περὶ
2413 1770 2584 1841 αὐτὴν
2611 1768 3005 1840 θεωρούμεναι)
3037 1786 3052 1824 :
3089 1769 3205 1839 pari
3232 1769 3403 1824 modo
3444 1781 3631 1837 neque
3664 1768 3754 1837 qui
3779 1783 3840 1822 ex

2257 1862 2472 1916 duobus
2519 1869 2603 1915 est
2633 1875 2953 1931 progressus
2981 1857 3298 1929 Spiritusa
3329 1873 3428 1913 sua
3474 1857 3650 1928 ipsius
3696 1857 3838 1912 iden-

2255 1951 2412 2006 titate
2445 1964 2570 2004 eum
2584 1948 2910 2004 exterminat
2936 1953 3031 2000 aut
3047 1945 3412 2016 compositum
3426 1943 3716 1999 constituit
3746 1943 3841 2013 (ἐξά

2259 2040 2470 2112 ἔστησεν
2501 2039 2632 2095 αὐτὸ
2656 2039 2755 2108 τῆς
2782 2037 3106 2109 ταυτότητος
3125 2036 3324 2091 ἑαυτοῦ
3353 2035 3386 2106 ἢ
3422 2033 3684 2089 σύνθετον
3706 2051 3837 2104 παρέ

2259 2133 2506 2204 ιστάνει),
2562 2131 2655 2187 sed
2688 2145 2754 2185 ex
2784 2129 2946 2185 Patre
2989 2137 3076 2186 est
3119 2138 3175 2184 et
3233 2144 3301 2184 ex
3346 2127 3511 2194 Filio,
3553 2133 3622 2182 ex
3684 2126 3835 2183 Patre

2255 2239 2454 2294 nempe
2486 2239 2585 2293 per
2615 2221 2837 2288 Filium,
2867 2221 3099 2292 simplex
3125 2235 3189 2276 ex
3213 2219 3586 2290 simplicibus,
3615 2233 3680 2273 ex
3714 2219 3836 2274 sim-

2255 2315 2384 2387 plici
2417 2315 2536 2369 scil.
2570 2327 2669 2385 per
2699 2314 2952 2384 simplex,
3005 2322 3065 2366 ut
3091 2311 3401 2368 divinorum
3465 2310 3692 2365 Patrum
3722 2325 3834 2366 seu;

2260 2406 2428 2462 tentia
2471 2413 2606 2461 est.»
2645 2402 2760 2470 Qua
2797 2403 3120 2459 dexteritate
3147 2401 3442 2458 Metochita
3465 2411 3832 2472 argumentum

2258 2499 2328 2554 ab
2374 2497 2602 2569 Hugone
2637 2496 2936 2551 indicatum
2991 2495 3081 2550 hic
3129 2495 3354 2562 evolvit,
3388 2493 3586 2548 eadem
3624 2492 3829 2546 Patrum

2257 2587 2751 2658 comparationibus
2785 2586 3001 2658 egregie
3027 2587 3197 2640 utitur
3241 2589 3320 2658 (ρ.
3371 2585 3502 2650 957,
3527 2585 3654 2650 948,
3694 2586 3829 2656 949).

2257 2681 2373 2737 Nec
2431 2679 2614 2734 minus
2670 2686 2894 2734 strenue
2953 2677 3241 2733 Bessarion
3269 2677 3526 2732 eamdem
3592 2676 3829 2731 Planudze

2258 2770 2728 2827 ratiocinationem
2751 2769 2970 2834 evertit,
3000 2783 3162 2839 quam
3194 2767 3340 2823 ltaud
3373 2767 3657 2822 immerito
3689 2768 3822 2821 velut

2257 2865 2554 2920 materialia
2589 2877 2652 2918 ac
2685 2863 2957 2917 crassiora
2980 2861 3245 2916 duntaxat
3274 2860 3616 2931 sapientium
3646 2868 3700 2914 et
3720 2874 3826 2913 car-

2256 2958 2472 3013 nalibus
2528 2954 2911 3010 inhaerentium
2942 2969 3065 3008 esse
3109 2969 3272 3022 posse
3304 2952 3499 3007 statuit
3527 2950 3664 3020 (14).
3693 2948 3828 3016 Ὦιηε

2258 3062 2384 3104 cum
2413 3047 2487 3100 ita
2527 3045 2658 3111 sint,
2699 3044 2865 3098 inane
2914 3057 3142 3114 prorsus
3171 3051 3257 3098 est
3315 3041 3659 3112 ﬁgmentum,
3693 3038 3825 3111 [520]

578 3132 859 3202 Spiritum.
897 3132 1181 3199 Quomodo
1205 3135 1352 3190 enim
1381 3150 1446 3190 ex
1493 3135 1812 3193 indivisibili
1861 3139 1971 3195 duo
1997 3142 2148 3210 quasi
2180 3162 2224 3221 ο
2257 3139 2404 3210 quod
2427 3137 2654 3192 Pbotius
2675 3135 2800 3190 inde
2817 3134 3059 3200 deducit,
3089 3135 3209 3189 loco
3234 3133 3605 3188 fraternitatis
3623 3139 3826 3202 quater-

574 3223 790 3281 diversa
834 3221 1004 3280 Filius
1041 3224 1261 3295 quidem
1318 3242 1416 3297 per
1461 3229 1889 3299 generationem,
1921 3231 2156 3303 Spiritus
2256 3233 2482 3288 nitatem
2505 3227 2820 3284 Christianis
2851 3227 2969 3282 fore
2995 3227 3301 3290 colendam,
3335 3225 3384 3280 si
3401 3224 3713 3280 Latinorum
3737 3222 3824 3277 do-

578 3331 707 3371 vero
736 3331 835 3386 per
862 3317 1269 3387 processionem
1299 3321 1754 3391 progrediantur?
1792 3323 2026 3381 Fallacia
2059 3341 2156 3397 pro

573 3418 726 3464 certo
757 3409 807 3464 id
844 3417 952 3475 est,
987 3426 1106 3464 cum
1132 3427 1196 3465 ea:
1227 3411 1466 3467 relativis
1495 3416 1799 3484 compositio
1835 3418 1951 3486 ﬁeri
1996 3429 2156 3489 puta-

575 3508 717 3553 tur.»
769 3498 1035 3554 Audi-atur-
1062 3508 1116 3554 et
1141 3500 1406 3572 Georgius
1424 3501 1718 3557 Metocbita
1787 3503 2002 3558 Maximi
2037 3505 2158 3560 l’la-

573 3591 736 3648 nudae
757 3591 1010 3648 refellens
1049 3602 1430 3664 argumentum
1483 3593 1570 3665 (G.
1603 3594 1662 3650 0.-
1708 3593 1776 3660 ll‘,
1825 3597 1951 3662 959,
1978 3597 2103 3666 940)
2141 3615 2154 3651 :

581 3682 764 3740 «Sicut
818 3683 966 3738 enim
1007 3684 1169 3738 Pater
1198 3700 1376 3754 neque
1403 3685 1659 3743 dividuus
1688 3696 1773 3743 est
1796 3704 1976 3758 neque
2005 3705 2159 3744 com-

572 3776 806 3846 positus,
835 3777 980 3846 quod
1002 3785 1223 3848 generet
1250 3775 1444 3831 Filium
1479 3786 1534 3833 et
1561 3777 1822 3849 Spiritum
1869 3780 2155 3851 producat,

568 3869 702 3924 licet
737 3866 885 3924 a‘liu‘d
942 3869 1107 3940 atque
1129 3868 1275 3924 aliud
1314 3878 1578 3942 generare
1619 3880 1676 3926 et
1695 3866 1997 3941 producere
2022 3889 2158 3928 con-

573 3961 848 4016 sideretur
881 3977 895 4026 ;
929 3976 995 4015 ex
1053 3961 1321 4016 ambobus
1357 3961 1488 4016 item
1533 3975 1792 4032 egressus
1813 3949 1959 4019 idem
1987 3973 2072 4020 est.
2103 3973 2161 4021 et

573 4064 738 4116 unus,
765 4051 908 4122 quod
941 4051 1058 4117 istae
1086 4060 1268 4120 partes
1289 4066 1398 4107 non
1429 4060 1577 4119 sunt,
1613 4053 1709 4109 sed
1763 4056 2157 4125 proprietates;

574 4161 752 4216 neque
781 4144 1080 4201 seCuttdum
1114 4141 1261 4215 [519]
1317 4138 1553 4214 aliquam
1588 4146 1912 4202 recisionem
1960 4149 2162 4204 utrius-

572 4253 681 4308 que
747 4244 1067 4308 prOgressus
1115 4236 1459 4308 cognoscitur
1492 4237 1650 4307 :pari
1688 4239 1920 4294 ratione
1982 4257 2162 4312 neque

577 4329 816 4398 Spiritus
858 4328 1112 4384 dividuus
1154 4337 1241 4384 est
1289 4344 1469 4399 neque
1521 4332 1878 4402 compositus,
1915 4334 2061 4402 quod
2092 4349 2162 4390 ex

575 4419 736 4475 Patre
805 4430 860 4475 et
904 4419 1060 4486 Filio,
1088 4435 1153 4476 ex
1179 4421 1521 4492 simplicibus
1551 4431 1657 4489 est,
1699 4438 1900 4494 nempe
1929 4439 1995 4478 ex
2031 4424 2163 4480 sim-

2255 3326 2431 3382 ctrina
2460 3323 2752 3378 obtineret.

2326 3413 2418 3467 27.
2463 3411 2597 3477 Quae
2625 3425 2746 3480 cap.
2801 3409 2872 3465 44
2916 3415 3247 3477 sequuntur,-
3310 3405 3367 3460 in
3416 3403 3688 3459 Trinitate
3721 3400 3822 3456 fore

2259 3504 2584 3575 principium
2611 3501 3012 3572 imperfectum,
3045 3497 3255 3563 inutile”,
3303 3512 3582 3562 mancum,
3624 3511 3684 3550 ex
3720 3509 3824 3564 per-

2258 3595 2402 3650 fectu
2427 3603 2486 3649 et
2537 3592 2860 3663 imperfecto
2915 3591 3300 3661 compositum,
3359 3589 3562 3643 Filium
3615 3587 3817 3647 scilicet,

2259 3686 2454 3757 partim
2501 3699 2568 3739 ex
2599 3684 2664 3738 iis
2716 3699 2840 3754 qute
2891 3697 3040 3737 nunc
3099 3681 3337 3736 diximus
3387 3679 3442 3751 (§
3475 3678 3589 3749 26),
3646 3675 3819 3747 partim

2257 3794 2326 3834 ex
2373 3787 2500 3833 ante
2524 3777 2687 3832 dictis
2717 3777 2844 3847 (art,
2883 3777 2942 3840 5,
2971 3775 2998 3846 δ
3030 3775 3105 3840 4;
3156 3781 3258 3828 art.
3297 3773 3351 3840 4,
3389 3773 3503 3843 ξι,
3544 3769 3631 3839 14)
3683 3765 3819 3823 facile

2260 3870 2488 3926 refutari
2517 3875 2771 3940 possunt.
2803 3868 2887 3923 Ad
2918 3882 3032 3922 rem
3065 3865 3218 3937 Hugo
3249 3864 3580 3918 Etherianus
3613 3861 3668 3932 (Ι.
3714 3860 3815 3928 c.):

2267 3962 2397 4017 «Ast
2420 3961 2754 4024 indubitato,
2783 3959 2981 4029 inquit,
3013 3957 3227 4029 (Filius)
3255 3957 3478 4026 quidem
3517 3964 3648 4006 totus
3675 3965 3816 4004 causa

2261 4065 2318 4112 et
2338 4065 2475 4109 totus
2506 4071 2570 4109 ea:
2596 4071 2760 4108 causa
2811 4062 2925 4117 est,
2965 4068 3090 4107 cum
3131 4050 3447 4105 individuus
3489 4049 3559 4101 sit
3583 4055 3636 4100 et
3657 4045 3817 4098 incor-

2262 4159 2486 4216 porcus.
2551 4143 2820 4210 Quoniam
2869 4157 3002 4197 vero
3051 4157 3213 4194 causa
3245 4149 3293 4194 et
3339 4137 3666 4193 causativum
3695 4147 3815 4187 com-

2261 4237 2572 4306 positionem
2615 4251 2718 4288 non
2764 4235 3042 4299 inducunt,
3097 4231 3468 4286 manifestum.
3513 4229 3646 4283 Ecce
3685 4239 3814 4278 nam-

2260 4345 2369 4402 que
2393 4327 2566 4383 Filius
2597 4336 2654 4381 et
2685 4326 2922 4396 Spiritus
2951 4324 3282 4396 principium
3319 4333 3374 4379 et
3391 4336 3552 4379 causa
3587 4332 3700 4374 cum
3725 4315 3811 4370 Pa:

2267 4429 2352 4476 tre
2382 4428 2512 4474 sunt
2567 4417 2838 4472 conditrix
2891 4417 3285 4482 universitatis,
3311 4433 3376 4472 ex
3427 4418 3584 4472 Patre
3620 4411 3806 4483 quidem

574 4511 714 4582 plice
743 4527 843 4582 per
872 4512 1178 4582 simplicem
1222 4513 1474 4584 simplex,
1527 4521 1584 4568 et
1615 4529 1684 4568 ex
1740 4514 2038 4571 individuis
2067 4515 2155 4569 in-
2182 4528 2236 4589 1)
2263 4527 2427 4569 causa
2457 4509 2596 4567 Filio
2648 4520 2703 4566 et
2744 4519 2933 4566 sancto
2979 4510 3184 4579 Spiritu
3231 4511 3530 4564 secundum
3578 4506 3725 4562 aliam
3764 4510 3809 4554 et

573 4603 849 4671 dividuus,
890 4605 1218 4675 et-ejusdem
1262 4613 1474 4661 natura:
1497 4621 1623 4662 cum
1656 4606 1742 4671 iis,
1782 4607 1874 4678 qui
1915 4607 2160 4678 ejusdem

573 4702 784 4750 naturae
804 4708 930 4749 cum
964 4695 1084 4766 ipso
1121 4696 1305 4750 sunt.»
1347 4694 1414 4750 Et
1439 4710 1657 4750 rursum
1687 4695 1788 4764 (ib’.
1823 4695 1952 4758 947.
1985 4695 2111 4763 948)
2145 4712 2158 4749 :

579 4783 668 4840 «Si
691 4785 852 4841 Pater
901 4786 1182 4858 ingenitus
1211 4790 1338 4842 cum
1367 4786 1458 4854 sit,
1489 4786 1706 4859 genitor
1742 4793 1825 4842 est
1850 4795 1906 4843 et
1954 4787 2163 4857 produ-

575 4889 712 4941 ctor,
745 4877 850 4934 hoc
899 4877 1121 4948 quidem
1176 4879 1438 4950 Spiritus,
1498 4879 1592 4935 illo
1617 4878 1761 4944 Filii,
1797 4887 1854 4935 et
1879 4865 2002 4935 Filii
2034 4879 2161 4950 qui-

647 5093 1004 5167 (Ιιῌῖεεεειτ.
1039 5114 1084 5151 c.
1129 5094 1402 5167 iPlanudL
1437 5095 1567 5167 (ap.
1613 5095 1818 5167 Arcud_.
1852 5092 1908 5152 et
1949 5097 2006 5152 in
2035 5097 2158 5155 cod.

577 5159 723 5251 Non
861 5165 1010 5251 'f."80
1127 5166 1209 5251 73‘
1230 5182 1281 5251 a:
1310 5159 1596 5251 )‘Efp'qra‘t
1624 5205 1639 5228 ,
1670 5159 1818 5251 fin“
1853 5168 2023 5251 ρονὰς
2065 5169 2161 5222 καὶ

575 5232 710 5308 ῷεὸς
739 5235 820 5298 εἰς
853 5237 882 5308 6_
910 5234 1096 5308 ῌᾳτὴρ
1119 5237 1219 5308 καὶ
1255 5232 1449 5308 όρϊξὸξ
1493 5232 1593 5291 ’καὶ
1635 5236 1698 5308 τὸ
1739 5232 1968 5308 Πνεῦμα
2025 5254 2162 5307 προ-

577 5304 771 5370 άγουσι
799 5305 891 5358 καὶ
915 5304 1005 5358 διὰ
1049 5304 1210 5359 causa
1233 5307 1294 5360 οὐ
1323 5306 1547 5360 δύναται
1593 5306 1690 5360 καὶ
1731 5304 1928 5365 ταύτὸν
1962 5304 2160 5362 ἑαυεὲοῦ

575 5371 726 5448 εἷνᾳι-
749 5373 1064 5448 τὸᾼΠνεῇμα
1093 5375 1160 5448 ἰδΔ
1175 5375 1328 5448 ἅγιον
1352 5393 1367 5407 ο
1401 5376 1518 5430 ἀλλ’
1547 5377 1761 5448 ἀνάγκη
1795 5377 1994 5448 μᾶλλον
2020 5375 2160 5433 εἶναι

576 5444 771 5498 ταύτὸν
817 5444 996 5516 ἐαυτῷ
1030 5445 1191 5516 (at:
1223 5446 1381 5500 τοῦτο
1434 5444 1682 5516 προϊέναι
1722 5444 1808 5500 ὲόί
1834 5449 2038 5504 τούτων
2085 5451 2160 5513 ὡς

577 5517 643 5594 εκ
683 5515 924 5594 pavendo;
953 5531 966 5543 '
1026 5515 1086 5594 ys
1137 5515 1246 5594 γὰρ
1289 5515 1489 5594 ἕτεροί
1533 5517 1732 5594 educati
1775 5519 2161 5594 κᾳὶῌσῷνθετᾳν

577 5585 963 5659 ῥτξολαεέῦάνει-
992 5585 1054 5638 τὸ
1096 5585 1313 5659 πχεῦμᾳ.
1354 5585 1619 5659 τδωᾷγιον
1659 5587 1747 5659 διὰ
1787 5589 1848 5659 τὸ
1878 5589 2007 5642 ἄλλο
2059 5589 2161 5659 μὲν

577 5656 688 5707 δεῖν
735 5651 875 5710 εἶναι
917 5655 979 5708 τὸ
1029 5658 1093 5708 ὲκ
1126 5651 1364 5725 [Iatrpr
1413 5651 1540 5709 ἄλλό
1577 5657 1634 5708 δὲ
1664 5657 1725 5709 τὸ
1759 5657 1816 5724 ἐξ
1871 5659 2014 5724 fiat),
2048 5651 2159 5711 ’ἐῶν

580 5725 723 5778 πάνυ
762 5726 1091 5795 σωματικῶν
1133 5724 1280 5779 ἔστιν
1329 5726 1530 5779 ἐννοεῖν
1560 5726 1655 5779 καὶ
1702 5727 1824 5781 λίαν
1864 5729 2067 5791 ὑλικῶς
2097 5727 2166 5781 τό

582 5796 677 5846 M‘t
719 5795 995 5866 σαρκικῶς
1034 5795 1101 5848 τὰ
1142 5796 1321 5849 ἐκεῖσε
1355 5795 1638 5851 νοούντων’
1667 5798 1728 5850 οὐ
1768 5797 1872 5870 γὰρ
1910 5798 2082 5862 οὕτως
2121 5800 2156 5870 ἡ

2262 4605 2424 4660 aliam
2446 4605 2682 4674 speciem
2703 4643 2717 4667 ,
2755 4604 2808 4658 in
2855 4620 2965 4675 quo
2984 4603 3157 4674 magis
3178 4618 3338 4672 quam
3355 4603 3537 4672 aliquo
3555 4599 3657 4653 alio
3677 4608 3807 4650 com-

2263 4696 2467 4768 positio
2502 4696 2607 4769 (ed.
2667 4695 2995 4766 composito)
3053 4703 3333 4764 appareat,
3401 4687 3802 4748 exsistentibus;

2261 4789 2466 4861 Quippe
2488 4788 2866 4844 creaturarum
2899 4788 3162 4841 alteruter
3207 4786 3480 4858 (uterque)
3505 4797 3659 4840 causa
3689 4775 3802 4832 dici-

2262 4890 2372 4949 tur,-
2406 4892 2468 4939 ut
2503 4883 2744 4939 elﬁciens
2791 4880 3065 4938 conditrix
3115 4880 3261 4945 scil.,
3320 4878 3612 4935 secundum
3663 4882 3800 4942 quam

2260 5103 2354 5177 τοῦ
2377 5102 2590 5177 Πατρδς
2612 5101 2864 5177 iri-ferere
2890 5101 2988 5177 ῖῆς
3014 5102 3108 5177 τοῦ
3135 5099 3267 5177 Tim?
3298 5099 3708 5177 ἀπεῖχοίνιδῖτςην
3735 5089 3798 5177 ίὲλξ

2260 5177 2294 5260 ῂ
2334 5175 2443 5260 ἐμὴ
2472 5165 3046 5260 ῖῆςρῆςὲἑὺδζοῦἔςεξς
3069 5171 3226 5260 dies
3257 5173 3353 5260 ξαι
3383 5165 3707 5260 ἀλῖεξηεέσὶῖτ

2261 5235 2378 5313 ὲ’γὼ’
2404 5235 2500 5297 διξαὶ
2525 5235 2614 5295 σύ·
2649 5235 2768 5294 ἶεότε
2805 5241 2922 5313 γὰρ
2951 5235 3216 5310 ἆνίμόνοζ
3233 5237 3348 5312 εἶχε
3384 5240 3560 5313 χῴραν
3585 5237 3628 5313 ἠ,
3651 5235 3793 5313 ἐχ

2261 5260 2371 5313 εγω
2404 5260 2500 5297 και
2529 5260 2614 5295 συ·
2649 5260 2768 5294 τοτε
2813 5260 2922 5310 γαρ
2951 5260 3018 5294 αν
3050 5260 3210 5310 μονος
3233 5260 3348 5312 ειχε
3384 5260 3560 5361 γᾶυραν
3585 5260 3616 5303 η
3651 5260 3705 5283 ιν
3739 5260 3791 5296 ’Ψ

2259 5314 2664 5384 ἀποτελέσματι
2694 5312 2987 5384 σύνθεσις)
3010 5313 3080 5384 κει
3119 5313 3224 5384 γᾴρ
3254 5313 3348 5384 θεαὶ
3375 5313 3408 5364 ἀ
3441 5311 3526 5384 ita;
3550 5304 3636 5384 xu}
3662 5299 3791 5384 ᾀλλςς

2258 5388 2371 5458 τρῖς
2400 5373 2711 5458 προέῴτξοις
2747 5373 3054 5458 εἰσὶνίάλῇ
3081 5373 3233 5458 esse»
3259 5377 3422 5458 ᾖττσν
3452 5375 3528 5458 εἷς
3553 5375 3639 5428 καὶ
3663 5373 3692 5458 (ξ

2259 5444 2483 5519 τός⁷εἱσι
2504 5456 2570 5523 τῇ
2589 5452 2812 5523 Αθεότητι
2842 5444 2935 5523 κά).
2968 5449 3050 5516 εἷς
3079 5444 3298 5522 ἀριθμῷ
3325 5470 3340 5484 ’
3367 5451 3442 5523 ᾡς
3461 5444 3601 5523 ἐἶναι
3641 5444 3788 5523 adstitit

2261 5511 2354 5579 xui.
2387 5524 2519 5594 μίαν
2539 5511 2617 5591 ιῖᾦ
2646 5511 2865 5593 ἀριδμῷ
2883 5523 2982 5594 τῂν
3011 5511 3290 5594 ξνέργεξαν
3318 5539 3332 5554 ο
3359 5511 3436 5594 ὧν
3453 5520 3555 5594 δὲέή
3579 5511 3783 5594 ἐνέρχξξξ

2309 5579 2398 5659 ίαν.
2445 5593 2562 5656 πῶς
2587 5579 2696 5663 ’ω’
2735 5579 2951 5663 κᾶὶίτξὶ
3009 5596 3073 5646 ὲκ
3101 5579 3340 5663 ’ἑαύτης
3395 5591 3450 5644 ἒν
3500 5579 3561 5641 ἂν
3613 5579 3783 5663 an}???

2263 5613 2384 5666 μια,
2445 5613 2562 5656 πως
2621 5613 2682 5645 ου
2735 5613 2827 5645 και
2883 5613 2945 5645 το
3009 5613 3073 5646 εκ
3130 5613 3340 5663 ταυτης
3395 5613 3450 5644 εν
3500 5613 3561 5641 av
3613 5613 3780 5661 umng

2260 5664 2366 5734 εἴη,
2404 5663 2500 5734 καὶ
2539 5661 2718 5733 πάντη
2770 5661 3068 5718 ἀσύνθετον
3107 5664 3203 5716 καὶ
3245 5665 3308 5728 ἐξ
3351 5664 3580 5728 ἀνάγκης
3619 5643 3782 5704 ταυτὸν

2261 5733 2438 5805 ὲαῡτῷ
2457 5749 2472 5798 ;
