4032 6432
361 372 470 439 533

355 590 425 629 ex
459 571 619 624 Patre
671 567 987 638 prodeunt;
1023 572 1213 613 eorum
1266 554 1409 610 enim
1461 549 1691 619 quisque
1734 552 1947 599 creator

357 678 465 730 est,
495 680 608 717 non
640 670 960 715 creatura...
1010 654 1173 723 Igitur
1222 650 1266 705 si
1312 662 1477 704 causa
1509 652 1563 709 et
1612 638 1949 697 causativum

360 727 693 828 (causatum)
723 748 1023 804 secundum
1058 744 1398 797 differenten]
1426 727 1951 796 habitudinem-Spi-

360 850 506 903 ritus
557 845 694 898 Filio
724 838 1066 909 Spirituique
1104 829 1477 901 competentia
1502 825 1705 879 nullam
1734 822 1787 874 in
1841 819 1953 872 eis-

363 943 488 996 dem
518 939 731 993 faciunt
779 932 1250 1001 compositionem,
1281 924 1659 982 manifestum,
1686 915 1830 985 quod
1858 928 1956 965 ne—

364 1050 474 1106 que
502 1032 681 1086 Filius
715 1045 781 1083 ex
811 1041 878 1080 eo
899 1025 1044 1095 quod
1075 1022 1328 1077 similiter
1360 1016 1506 1071 Patri
1537 1011 1773 1083 Spiritus
1799 1020 1958 1062 causa

367 1131 745 1193 nuncupetur,
795 1116 1244 1187 compositionem
1298 1112 1547 1166 habeat.»
1600 1105 1700 1159 llic
1728 1113 1963 1169 sequens

370 1218 557 1274 Pbotii
615 1221 996 1285 argumentum
1048 1210 1121 1279 (c.
1155 1206 1245 1276 45)
1303 1220 1411 1274 quo
1461 1199 1641 1271 arguit
1669 1206 1958 1252 causarum

373 1282 702 1366 dualitatem
743 1304 971 1358 minime
1005 1311 1311 1369 congruere
1336 1293 1529 1348 unitati
1559 1299 1613 1346 et
1633 1282 1964 1356 simplicitati

378 1406 625 1476 Spiritus
679 1400 849 1455 sancti
903 1398 1156 1466 hancque
1213 1393 1357 1447 illam
1406 1387 1714 1447 excludere,
1765 1380 1971 1454 pariter

378 1494 781 1567 expediendum
814 1500 935 1556 est;
978 1503 1147 1542 unum
1203 1499 1333 1539 sane
1370 1493 1455 1537 est
1485 1476 1833 1550 principium,
1864 1490 1971 1528 una

379 1591 561 1644 virtus
592 1597 648 1641 et
668 1586 809 1640 actio
830 1582 1087 1652 spirativa
1120 1593 1293 1647 eaque
1318 1574 1569 1644 simplex,
1605 1584 1748 1625 unus
1774 1577 1829 1623 et
1844 1568 1973 1621 sim-

382 1685 509 1754 plex
540 1690 626 1735 est
654 1679 815 1748 hujus
862 1674 1093 1729 actionis
1139 1670 1427 1726 terminus.
1473 1666 1551 1720 Ad
1595 1665 1647 1717 id
1686 1661 1829 1733 quod
1860 1659 1976 1713 Me-

389 1773 679 1830 thon‘ensis
731 1771 843 1824 ait:
885 1767 1068 1833 «Quod
1120 1781 1189 1820 ex
1218 1763 1432 1818 duobus
1482 1770 1585 1820 est,
1618 1758 1666 1812 ei
1702 1756 1846 1827 quod
1908 1769 1973 1807 ex
2006 1796 2049 1850 Β

390 1883 503 1923 uno
551 1876 786 1927 tantum,
814 1876 1094 1930 nunquam
1130 1866 1212 1915 est
1240 1854 1499 1926 aequale”
1531 1852 1666 1906 scite
1686 1847 1981 1918 respondet

390 1963 551 2033 Hugo
569 1960 897 2017 Etherianus
927 1958 987 2023 (Ι.
1015 1954 1080 2019 ll,
1113 1969 1162 2008 c.
1198 1952 1285 2013 12,
1315 1965 1371 2019 p.
1411 1944 1569 2013 1226)
1602 1950 1976 2014 argumentuu‘

392 2057 468 2113 ita
518 2064 843 2122 retorquens
882 2069 897 2105 :
938 2069 955 2098 ι
995 2046 1155 2113 Quod
1179 2060 1245 2099 ex
1295 2057 1427 2105 uno,
1473 2040 1521 2093 ei
1566 2035 1711 2106 quod
1741 2051 1806 2087 ex
1836 2030 1985 2085 nullo

395 2158 502 2209 est,
519 2159 799 2215 nunquam
830 2151 913 2196 est
940 2138 1163 2209 :equale.
1186 2134 1257 2188 At
1285 2148 1414 2186 vero
1435 2129 1601 2182 Filius
1623 2142 1689 2180 ex
1712 2140 1822 2180 uno
1845 2123 1982 2186 solo,

398 2239 561 2294 Patre
593 2240 739 2304 scil.,
760 2236 851 2307 qui
882 2250 909 2287 a
941 2232 1090 2285 nullo
1117 2228 1278 2282 habet
1304 2222 1711 2283 exsistentiam;
1748 2218 1988 2285 intequaa

397 2336 482 2389 les
508 2342 639 2388 sunt
673 2347 802 2401 ergo
831 2328 991 2382 Pater
1021 2334 1075 2379 et
1105 2322 1326 2376 Filius.»
1358 2319 1465 2372 Sed
1508 2335 1527 2367 ι
1572 2331 1681 2369 non
1705 2320 1831 2367 sunt
1871 2312 1987 2365 base

402 2427 461 2481 in
503 2423 869 2493 quantitatum
903 2416 1264 2488 proprietate,
1327 2410 1455 2480 quia
1497 2420 1676 2475 neque
1730 2416 1988 2457 mensura

404 2533 587 2587 neque
614 2514 888 2583 quantitas
919 2510 971 2562 in
996 2506 1195 2562 divinis
1226 2511 1330 2558 est.

478 2609 571 2662 28.
613 2627 630 2658 α
665 2606 771 2659 Sed
807 2604 978 2658 Filius
1005 2615 1158 2655 suam
1200 2604 1385 2651 servat
1410 2590 1821 2663 proprietatem,
1852 2587 1992 2641 ﬁlia-

413 2704 643 2761 tionem,
675 2705 729 2750 et
756 2694 995 2764 Spiritus
1051 2706 1204 2744 suam
1255 2686 1661 2757 processionem
1690 2698 1757 2737 ex
1787 2681 1947 2734 Patre
1975 2694 1990 2743 ;

412 2804 471 2850 et
531 2794 674 2847 sicut
709 2790 948 2860 Spiritus
993 2802 1024 2841 a
1056 2786 1215 2840 Patre
1259 2781 1565 2854 procedens
1608 2778 1809 2832 nullam
1857 2774 1995 2830 acti-

413 2901 541 2940 vam
577 2881 992 2954 productionem
1042 2877 1128 2932 vel
1162 2872 1568 2948 generationem
1605 2870 1868 2941 possidet,
1922 2869 1995 2923 ita

415 2994 521 3034 nec
568 2976 740 3032 Filius
781 2988 809 3027 a
841 2971 1003 3026 Patre
1037 2969 1253 3041 genitus
1299 2967 1475 3022 activa
1516 2963 1863 3036 generatione
1915 2960 1999 3015 vel

416 3068 718 3125 emissione
739 3062 1152 3136 praerogativam
1184 3058 1459 3114 ﬁliationis
1487 3056 1759 3110 adulterat
1800 3072 1818 3103 ι
1852 3054 1996 3120 (cap.

1075 360 1175 420 DE
1206 359 1266 417 S.
1311 353 1505 415 SPIR.
1542 339 2046 410 MYSTAGOGIA.
2076 358 2147 369 -··
2180 331 2278 391 AN
2290 317 2928 388 lMAlWERSIONES.

357 478 598 552 speciem
655 468 995 528 habitudiuis
1034 467 1185 521 nullo
1213 463 1373 520 modo
1403 457 1640 528 Spiritus
1664 452 1749 505 vel
1777 449 1948 503 Filius
1979 457 2021 511 Α

3525 287 3631 358 534

2053 448 2168 493 tum
2200 433 2369 488 infert
2398 426 2667 489 filiationi,
2702 420 2847 491 quod
2876 430 2985 471 non
3014 427 3119 482 qna
3143 410 3313 465 Filius
3343 406 3505 475 Spirat
3543 401 3634 455 Fi-

2050 532 2200 592 lius;
2233 539 2412 592 neque
2446 520 2590 574 enim
2625 514 2812 570 filiatio
2840 507 3070 565 ulterius
3091 518 3149 557 se
3180 498 3442 559 extendit,
3474 508 3636 563 quam

2053 588 2464 675 diximus-llaec
2487 617 2678 663 contra
2706 604 2948 657 Nicetam
2981 594 3301 667 Byzantium
3351 588 3461 658 (l7)
3489 594 3641 637 notat.

2056 711 2210 780 llngo
2263 702 2593 759 Etherianus
2646 696 2703 765 (l.
2753 712 2788 747 I.
2831 708 2879 745 c.
2926 688 3010 752 17,
3062 701 3115 755 p.
3158 680 3340 747 1211),
3376 678 3643 729 obscurus

2057 798 2356 857 interdum,
2403 793 2497 847 sed
2529 801 2806 855 nunquam
2856 781 2971 835 sale
3025 786 3081 831 et
3120 770 3374 827 acumine
3428 766 3646 836 penitus

2059 890 2380 946 destitutus.
2418 903 2437 935 ‹
2470 853 2694 947 Quaerit,
2727 891 2849 945 qua:
2877 863 3289 926 exhaereditatio
3322 861 3444 921 ista,
3477 866 3532 909 et
3555 853 3646 907 Fi-

2062 984 2117 1038 lii
2141 945 2556 1036 detrimentum,
2588 979 2647 1025 ut
2682 983 2787 1021 non
2812 966 2867 1017 in
2916 977 2974 1015 eo
3005 957 3139 1023 quod
3170 953 3340 1006 Filius
3366 950 3523 1002 Pater
3556 945 3646 998 sit.

2063 1075 2219 1143 Quod
2244 1071 2463 1142 quidem
2500 1063 2851 1137 quaerendum
2882 1071 2993 1111 non
3028 1058 3168 1113 erat,
3201 1047 3296 1103 sed
3343 1043 3516 1099 multo
3545 1040 3650 1093 mi-

2069 1137 2175 1223 nus
2212 1137 2580 1223 inferendum,
2616 1164 2676 1211 ut
2713 1169 2778 1208 ex
2806 1148 3054 1221 pluribus
3078 1142 3198 1197 aliis
3227 1137 3399 1194 videri
3428 1141 3608 1205 potest
3634 1150 3649 1197 ;

2068 1259 2229 1313 velut
2257 1256 2301 1310 si
2329 1253 2489 1306 Pater
2523 1251 2579 1303 in
2612 1262 2680 1301 eo
2708 1243 2854 1314 quod
2886 1239 3059 1293 factor
3087 1233 3257 1289 filium
3286 1230 3547 1283 factorem
3574 1240 3657 1276 ns-

2072 1347 2264 1404 tendat
2296 1342 2502 1415 (omnia
2545 1338 2693 1393 enim
2723 1349 2821 1405 per
2856 1331 3034 1399 ipsum
3067 1325 3207 1379 facta
3239 1318 3414 1387 sunt),
3459 1328 3656 1369 ncces-

2072 1441 2275 1497 sarium
2325 1437 2416 1500 sit,
2457 1433 2653 1488 Filium
2703 1427 2919 1480 Patrem
2972 1433 3095 1475 esse
3145 1415 3213 1469 ad
3261 1405 3657 1467 ostendendum

2075 1548 2201 1589 eum
2242 1498 2487 1602 [325lin
2548 1538 2613 1577 eo
2650 1518 2795 1589 quod
2844 1514 3021 1568 factor
3070 1506 3399 1579 genitorem,
3452 1498 3661 1552 nullum

2076 1640 2209 1681 vero
2243 1621 2631 1677 detrimentum
2664 1612 2809 1667 circa
2864 1605 3100 1661 divinam
3127 1606 3377 1653 naturam
3416 1588 3663 1646 invenia-

2080 1726 2209 1772 tur:
2263 1728 2385 1783 qua!
2440 1706 2670 1769 fallacia,
2707 1702 2751 1756 si
2791 1700 2857 1754 de
2903 1698 2989 1751 h's
3015 1708 3135 1763 qua:
3193 1687 3335 1758 apud
3371 1699 3472 1738 nos
3514 1688 3663 1758 sunt,

2088 1764 2159 1772 -ν-
2198 1764 2208 1768 -
2267 1764 2377 1783 -.ην
2658 1764 2665 1769 .

2088 1801 2399 1871 exemplum
2440 1802 2707 1854 sumatur,
2737 1784 3081 1856 apertissima
3109 1778 3320 1833 esthoc
3358 1771 3554 1827 modo:
3610 1764 3666 1820 δι

2090 1857 2267 1965 pater.
2296 1890 2350 1943 in
2381 1904 2446 1942 eo
2485 1884 2629 1955 quod
2677 1877 2899 1948 desipit,
2935 1875 3105 1928 (ilium
3145 1870 3483 1924 dcn‘tonstrat
3534 1857 3669 1912 insi-

2092 1985 2355 2055 pientem,
2411 1977 2558 2031 nulla
2617 1981 2767 2027 certo
2800 1968 3017 2022 videtur
3058 1957 3356 2015 necessitas
3400 1950 3533 2006 fatui
3573 1945 3671 2001 filii

2092 2076 2505 2148 generationem
2540 2068 2762 2130 inferre,
2791 2079 2862 2117 ne
2897 2061 2987 2115 fiat
3021 2064 3261 2128 paterna:
3283 2048 3671 2106 detrimentum

2093 2136 2379 2224 fatuitatis.
2417 2164 2550 2216 Puto
2570 2160 2622 2212 in
2650 2157 2821 2227 ﬁgura
2849 2147 3105 2206 dictionis
3142 2136 3457 2211 hujusmodi
3487 2147 3677 2204 pecca-

2097 2269 2209 2314 tum
2263 2252 2505 2316 obvolvi,
2537 2264 2602 2303 co
2633 2246 2775 2317 quod
2808 2258 2918 2296 non
2965 2239 3110 2293 idem
3138 2233 3328 2289 eadem
3370 2230 3677 2296 exponatur

2096 2313 2567 2415 interpretatione.
2594 2313 2809 2390 Etenim
2840 2328 3073 2398 hujusce
3100 2317 3417 2379 consecutio
3436 2313 3681 2367 substanr

2098 2435 2309 2488 tialium
2354 2432 2469 2495 est,
2501 2444 2603 2481 non
2629 2423 3049 2495 proprietatum;
3103 2412 3246 2484 quod
3274 2407 3504 2463 reclusis
3546 2416 3679 2456 con-

2099 2524 2328 2582 siderari
2352 2531 2530 2593 potest
2566 2516 2827 2577 latibulis,
2869 2511 2914 2566 si
2946 2509 3148 2563 omissa
3180 2501 3440 2572 religione
3466 2495 3532 2550 ad
3560 2507 3680 2547 mo-

2099 2619 2280 2675 dicum
2321 2614 2504 2670 divina
2536 2618 2774 2665 mentem
2808 2606 2876 2659 ad
2912 2599 3135 2657 humani
3180 2593 3395 2668 generis
3419 2602 3684 2659 propaga-

2102 2710 2310 2766 tionem
2376 2705 2496 2775 quis
2550 2707 2786 2755 revocet.
2853 2694 3051 2748 Nonne
3096 2686 3389 2757 cujuslibet
3450 2676 3688 2734 hominis

2102 2800 2268 2862 ﬁlius,
2313 2812 2436 2851 cum
2488 2792 2691 2855 omnia,
2746 2803 2866 2858 qum
2913 2782 3055 2852 patri
3107 2772 3485 2834 substantialia
3538 2777 3687 2829 sunt,

2105 2891 2325 2948 haheat,
2361 2900 2551 2941 eorum
2583 2896 2704 2951 quae
2737 2877 2861 2931 talia
2894 2890 3000 2928 non
3039 2877 3187 2931 sunt,
3222 2864 3503 2920 minimam
3530 2859 3695 2912 inter-

2105 2985 2255 3049 dum,
2312 2980 2614 3049 portionem
2664 2969 2911 3026 retinet?
2966 2966 3025 3019 Si
3078 2961 3217 3016 Patri
3269 2950 3693 3012 substantialiter

2106 3077 2183 3147 (id
2225 3083 2313 3128 est
2341 3081 2599 3140 tanquam
2634 3060 2961 3124 substantia)
3002 3059 3205 3111 inesset
3237 3049 3361 3105 Filii
3416 3041 3694 3117 generatio

419 3163 536 3231 46).
560 3161 705 3215 Sane
728 3155 1121 3229 proprietatem
1163 3147 1663 3206 characteristicam
1691 3154 1805 3199 tum
1837 3143 2004 3198 Filius
2033 3151 2074 3205 (ζ
2109 3136 2470 3231 ὲηὶίεείοηυθ“
2496 3156 2756 3228 Spiritus,
2805 3166 2873 3205 ex
2919 3144 3250 3203 necessitate
3295 3137 3467 3195 pinus
3519 3136 3696 3202 ipsum

422 3266 542 3311 tum
583 3254 815 3322 Spiritus
856 3256 1080 3304 sanctus
1107 3245 1271 3301 etiam
1307 3243 1360 3296 in
1394 3240 1713 3295 Latinorum
1761 3237 2007 3292 doctrina

422 3352 791 3409 conservant;
846 3356 1033 3396 verum
1075 3336 1220 3408 quod
1274 3334 1364 3388 hic
1396 3331 1599 3386 nullius
1647 3344 1896 3399 persona:
1942 3327 2013 3381 sit

423 3437 783 3510 principium,
812 3433 902 3487 ille
922 3446 1055 3486 vero
1084 3445 1208 3483 cum
1243 3425 1401 3480 Patre
1431 3424 1500 3479 sit
1526 3420 1856 3489 principium
1889 3418 2014 3487 Spi-

424 3508 588 3590 ritus,
632 3528 687 3582 id
725 3526 793 3580 ad
838 3521 1088 3578 neutrius
1137 3516 1490 3574 constitutiva
1540 3511 1800 3584 pertinet.
1850 3508 2009 3561 Nulla

428 3628 698 3691 praeterea
757 3616 811 3669 in
857 3628 925 3667 eo
985 3620 1072 3666 est
1110 3606 1490 3668 contradictio,
1545 3602 1689 3673 quod
1734 3599 1903 3654 Filius
1946 3599 2016 3652 sit

428 3713 765 3785 principium
798 3707 963 3762 simul
1007 3714 1063 3760 et
1092 3701 1501 3774 principiatum,
1536 3698 1662 3768 quia
1692 3712 1802 3751 non
1834 3703 1917 3750 est
1949 3693 2017 3748 ad

430 3808 580 3861 idem
610 3819 705 3857 seu
728 3802 793 3857 ad
824 3798 1073 3854 eamdem
1105 3809 1395 3866 personam
1432 3791 1541 3862 (15)
1568 3808 1583 3857 ;
1615 3798 1862 3859 respectu
1895 3787 2018 3856 qui-

430 3900 563 3952 dem
609 3892 759 3967 [522]
809 3891 987 3947 Patris
1029 3898 1112 3946 est
1159 3887 1422 3949 αἰτιατὸς,
1477 3892 1729 3953 respectu
1780 3878 2020 3949 Spiritus

430 3990 608 4051 αἴτιος
636 3986 745 4058 (16)
773 4002 788 4052 ;
813 3987 978 4041 habet
1001 3999 1129 4056 ergo
1148 3982 1319 4037 solum
1338 3978 1677 4034 difl'erentem
1701 3972 2019 4028 relationem

434 4086 509 4139 ad
542 4084 757 4137 Patrem
786 4090 843 4135 et
872 4079 939 4133 ad
975 4076 1260 4147 Spiritum.
1292 4072 1447 4125 Nulla
1477 4069 1712 4137 denique
1742 4067 1797 4118 in
1824 4080 1889 4118 eo
1939 4071 2021 4117 cst

437 4173 723 4229 ﬁliatinnis
770 4169 1113 4233 adulteratio,
1158 4165 1301 4236 quod
1347 4161 1608 4232 Spiritum
1648 4158 1818 4213 Filius
1852 4155 2024 4224 spirat

437 4282 569 4321 cum
601 4264 799 4328 Patre;
833 4261 1021 4316 ﬁliatio
1048 4258 1193 4314 enim
1239 4254 1667 4311 constituiteum
1700 4250 1753 4303 in
1786 4254 1907 4303 esse
1935 4244 2023 4299 Fi-

442 4360 507 4413 lii
543 4367 601 4413 et
628 4358 850 4411 denotat
896 4352 1015 4422 ejus
1046 4349 1363 4405 relationem
1395 4346 1462 4400 ad
1496 4346 1713 4398 Patrem
1768 4350 1978 4396 tantum
2006 4356 2021 4404 ;

442 4465 628 4519 neque
667 4447 901 4517 Spiritus
945 4442 1117 4499 sancti
1152 4441 1295 4495 filius
1335 4437 1503 4491 Filius
1534 4443 1636 4498 est,
1671 4448 1848 4501 neque
1888 4447 2023 4501 qua-

443 4553 601 4596 tenus
648 4539 816 4593 Filius
847 4537 967 4605 ejus
1011 4534 1268 4604 spirator.
1312 4529 1534 4583 Nullum
1576 4527 1699 4580 hoc
1729 4522 2030 4578 detrimen-

526 4673 637 4742 (l5)
677 4671 839 4727 Geor.
872 4670 1117 4742 Scholar.
1152 4666 1347 4742 Contra
1379 4661 1550 4742 Marc.
1593 4660 1790 4742 Ephes.
1842 4658 2031 4742 syllog.

454 4729 719 4809 thum.
767 4742 910 4794 Mon.
967 4740 1033 4792 27
1080 4739 1119 4792 f.
1154 4739 1245 4809 18,1
1294 4737 1348 4809 b_.
1405 4733 1609 4809 182a.)
1663 4729 2037 4809 'sztxsittsvc}

505 4814 563 4865 ὲν
584 4810 672 4865 οὖν
706 4813 814 4862 εἱσι
844 4810 906 4863 τὸ
931 4810 1103 4862 αἴτιον
1149 4808 1243 4861 καὶ
1287 4806 1349 4857 τὸ
1390 4796 1651 4863 αἰτιατδν,
1710 4800 1806 4853 καὶ
1855 4796 1912 4849 ἐν
1960 4796 2038 4866 τῷ

514 4884 578 4949 ἰῷ
605 4880 743 4934 εἶναι
776 4881 954 4933 ταῦτά
986 4895 1152 4949 φασιν
1186 4879 1233 4930 οἱ
1264 4874 1605 4949 Λατζνοιμκαὶ
1630 4872 1757 4949 fiunt
1782 4886 1796 4900 °
1831 4868 1949 4921 ἀλλ’
1978 4868 2038 4949 of)

460 4936 599 5022 πρδς
615 4953 681 5003 τὸ
718 4952 853 5004 αὐτὸ
883 4953 976 5022 καξι
1000 4936 1315 5022 ὧσᾳύτῳε-
1358 4943 1417 5022 *εδ
1448 4942 1547 5011 μὲν
1578 4936 1694 5022 γάρ
1730 4942 1878 5022 ἐστι.
1906 4936 2042 5022 apo;

460 5007 557 5074 τὸν
580 5007 818 5089 Ϊῖατέρα,
837 5021 896 5072 τὺ
921 5020 979 5075 δὲ
1006 5020 1142 5087 πρὸς
1163 5007 1468 5089 conﬂigat
1491 5028 1518 5089 '_
1532 5013 1626 5064 κα)¹
1652 5007 1794 5089 ἆτρὸιςι
1822 5008 1921 5077 μὲν
1951 5007 2044 5087 ξὺν

461 5092 680 5178 Ιξατέρὲ
1040 5077 1175 5178 ﬁgi);
1195 5086 1253 5137 δὲ
1282 5085 1343 5178 ab
1383 5077 2035 5178 [Ινεῦμᾳέἷῑροἒληέιικῶςο

462 5147 692 5246 ρῢτυίδξ.
720 5147 873 5215 ὀὐδέ
910 5147 1171 5214 ἀδύναὶόν
1207 5172 1260 5207 τι
1297 5154 1510 5217 ἕπεται,
1531 5147 1767 5204 ὀὐδὲ’τὺ
1821 5147 2038 5215 ἀξίωμα

463 5233 789 5300 ἀναιρεῖται.

542 5301 837 5383 (t6)_lde_m
891 5295 1425 5383 Scholar'i'us‘paulo
1479 5299 1606 5383 ante
1643 5290 1824 5383 citata
1881 5286 2050 5383 Xerba

468 5358 720 5440 exemplo
757 5373 1035 5442 illustrat:
1090 5358 1288 5442 Ἡγᾲρ
1322 5365 1600 5442 πατρρτηε
1643 5362 1737 5442 ζα)
1767 5363 1800 5442 ῄ
1830 5358 2049 5442 ,γὶότῃςν

469 5443 505 5511 ἧ
532 5442 593 5493 τὸ
619 5428 790 5495 ἆῖτιον
813 5444 862 5494 εἰ
887 5441 1062 5510 βούλει
1086 5440 1179 5493 καὶ
1192 5428 1538 5511 caelamina,
1558 5428 1631 5506 ἦν
1654 5433 1710 5511 ἒν
1731 5428 1809 5499 τῷ
1830 5428 2019 5482 Ἰσαάκ
2034 5441 2047 5455 ⁶

474 5498 613 5565 ἀλλὰ
640 5512 773 5565 διότι
800 5498 937 5581 πρδς
995 5511 1122 5564 ἀλλο
1154 5509 1248 5581 κᾳὶ
1278 5506 1404 5581 uno
1443 5498 1599 5581 per“
1631 5498 1795 5581 εῖχςγ;
1828 5500 2054 5581 θᾴτερρν

478 5581 583 5652 μὲν
633 5584 741 5652 γὰρ
973 5581 1064 5635 τὸν
1114 5577 1414 5652 ῘΑρραᾲμη
1444 5567 1765 5652 θᾲτεροιίδὲ
1798 5570 1935 5652 πρὸις
1963 5567 2056 5620 τὸν

489 5641 729 5723 inmiti;
751 5641 850 5720 μ.ίά
877 5641 945 5723 ἦν
977 5654 1009 5721 ὴ
1046 5650 1140 5703 τοῦ
1184 5641 1366 5700 Ἰξταὰὶς
1394 5641 1710 5723 ﬁnde-tacte,
1735 5657 1789 5693 κ.
1816 5657 1869 5723 τἶ
1896 5641 1948 5693 λ.

553 5725 664 5790 (17)
691 5710 1298 5791 Nicena-argumentum
1322 5717 1463 5791 apud
1494 5715 1775 5791 llugonem
1803 5710 1907 5791 tale
1942 5720 2054 5789 est:

488 5815 509 5849 ι
551 5779 660 5854 Aut
689 5810 799 5852 non
834 5812 901 5851 ex
935 5779 1098 5851 cavusa
1124 5779 1392 5848 exsisten's
1423 5779 1780 5843 habet'Filius
1812 5779 2051 5851 Spiritus

2118 3256 2259 3309 idem
2290 3228 2484 3306 nactus
2530 3248 2692 3306 foret,
2716 3240 2847 3313 quin
2890 3240 3052 3293 etiam
3090 3242 3145 3288 et
3176 3228 3412 3300 Spiritus
3453 3230 3697 3281 sanctus,

2115 3347 2304 3402 ethoc
2339 3343 2395 3397 in
2440 3337 2713 3395 infinitum
2735 3310 2760 3398 ξ
2793 3330 2888 3386 sed
2923 3325 3144 3399 (neque)
3176 3323 3337 3376 Pater
3366 3317 3419 3369 in
3453 3328 3519 3369 co
3554 3310 3699 3381 quod

2113 3438 2413 3495 substantia
2467 3437 2691 3503 generat
2735 3434 2829 3481 aut
2859 3421 3122 3493 Spiritum
3156 3413 3375 3474 emittit,
3413 3421 3589 3477 neque
3645 3404 3702 3458 in

2114 3547 2179 3586 eo
2213 3528 2358 3599 quod
2410 3525 2550 3578 Deus
2586 3520 2784 3577 aFilio
2830 3516 2914 3571 vel
2953 3530 2984 3568 a
3035 3510 3240 3581 Spiritu
3292 3504 3506 3566 differt;
3557 3512 3703 3553 unus

2117 3623 2263 3676 enim
2292 3630 2346 3674 et
2378 3618 2521 3673 idem
2572 3614 2717 3668 Deus
2745 3611 2803 3665 hi
2831 3618 2940 3662 tres
2969 3611 3100 3660 sunt
3125 3619 3139 3667 ;
3175 3599 3269 3654 sed
3293 3599 3347 3651 in
3376 3611 3441 3650 eo
3485 3591 3704 3663 quidem

2117 3712 2264 3785 quod
2309 3711 2468 3766 Pater
2506 3712 2751 3778 generat,
2802 3716 2832 3755 a
2864 3696 3002 3754 Filio
3031 3693 3255 3757 differt;
3291 3689 3346 3743 in
3405 3702 3471 3741 eo
3523 3690 3704 3737 autem

2119 3777 2265 3877 quod
2289 3777 2573 3864 emittit,ia
2601 3796 2806 3867 Spiritu
2835 3792 2965 3847 solo.
2990 3788 3107 3856 Qua
3137 3786 3204 3841 de
3235 3798 3293 3837 re
3327 3777 3704 3837 manifestum,

2121 3866 2266 3969 quod
2301 3910 2457 3966 penes
2491 3866 2873 3946 substantialia
2920 3891 3133 3937 tantum
3160 3875 3282 3931 talis
3322 3872 3503 3925 locum
3545 3866 3710 3920 habet

2122 3985 2459 4044 consecutio.
2514 3980 2650 4036 Nam
2690 3972 3052 4033 indubitabile
3096 3980 3179 4026 est
3218 3962 3533 4037 personales
3596 3957 3713 4011 sive

2124 4074 2497 4151 hypostaticas
2538 4070 2909 4142 proprietates
2977 4056 3429 4133 impermutabiles
3498 4064 3617 4104 esse
3659 4054 3715 4099 et

2124 4185 2316 4226 earum
2378 4161 2837 4237 permutationem
2869 4166 3073 4213 tantam
3098 4149 3474 4208 confusionem
3509 4150 3564 4195 et
3599 4140 3715 4194 dis-

2125 4261 2452 4333 paritionem
2486 4252 2845 4326 personarum
2870 4248 3072 4308 facere,
3096 4242 3292 4314 quibus
3319 4237 3448 4293 solis
3484 4235 3718 4288 circum-

2130 4350 2349 4422 scriptis
2377 4346 2635 4404 omnibus
2654 4343 2774 4398 aliis
2804 4340 3125 4396 dilIerentes
3153 4334 3561 4403 cognoscuntur
3595 4336 3719 4392 per--

2130 4460 2321 4507 sonte;
2376 4450 2432 4495 at
2476 4454 2639 4493 causa
2666 4444 2742 4497 et,
2790 4443 2850 4487 ut
2905 4432 2979 4486 ita
3008 4431 3206 4485 dicam,
3257 4421 3618 4478 causativum,
3664 4420 3720 4467 et

2134 4505 2351 4589 mittere
2400 4539 2455 4585 et
2485 4528 2648 4589 mitti,
2690 4535 2746 4580 et
2788 4538 2950 4593 quam
2981 4519 3182 4607 plurg
3208 4516 3329 4569 alia;
3381 4505 3721 4580 [typostaticar

2138 4663 2367 4719 emissor
2409 4672 2533 4713 esse
2565 4665 2661 4709 aut
2711 4670 2775 4707 ex
2822 4665 2985 4708 causa
3028 4656 3323 4703 exs...tens,
3379 4641 3538 4693 Patre
3595 4639 3716 4719 scil.

2140 4732 2302 4800 Atqui
2340 4730 2383 4782 si
2421 4744 2523 4800 non
2568 4726 2839 4800 exsistens
2887 4737 2950 4774 ea:
3000 4734 3186 4800 causa,
3235 4720 3397 4766 erunt
3434 4724 3623 4800 gtrsus
3663 4708 3719 4760 in

2142 4778 2558 4857 :l-‘r‘i‘n-i-ta-t-ehduo
2606 4778 2865 4863 principia
2918 4797 2971 4863 e_t
3015 4790 3140 4863 duae
3188 4797 3389 4863 causai.
3443 4778 3721 4863 Siuautem

2141 4890 2204 4927 ea:
2243 4886 2407 4925 causa
2434 4850 2905 4920 Filius'exsis'tens
2935 4857 3174 4927 Spiritus
3202 4853 3433 4907 emissor
3470 4850 3721 4927 sithom-

2143 4944 2276 4996 nino
2305 4956 2367 4993 ea;
2400 4918 2562 4989 Patre
2581 4918 2684 4988 hoc
2706 4932 2931 4987 sortitus
2956 4918 3107 4982 est...
3134 4925 3228 4977 Sin
3257 4931 3531 4996 autem‘ex
3557 4918 3721 4996 Patre

2148 4989 2458 5069 liocltli‘abet,
2485 5021 2606 5074 quae
2634 5013 2719 5057 est
2756 5004 2857 5055 ista
2887 4996 3279 5074 exhwreditatio
3329 4998 3385 5045 et
3432 4989 3722 5074 detrimen-

2148 5057 2852 5149 fl-iatisjeasistentiw,
2906 5078 2964 5122 ut
3004 5082 3107 5120 non
3161 5066 3216 5116 in
3266 5080 3325 5117 eo
3373 5060 3512 5149 quod
3556 5057 3723 5136 Filius

2147 5127 2346 5205 Filium
2387 5127 2631 5218 generet,
2650 5127 2920 5218 e_t__Pater
2965 5144 3270 5215 censeatur,
3314 5127 3437 5187 cum
3474 5130 3633 5218 Patet;
3668 5127 3723 5218 il:

2150 5236 2216 5275 eo
2234 5195 2632 5290 quodtemissor
2649 5195 2848 5290 _Fil_ium
2874 5205 3410 5290 rursurshemissorem
3442 5195 3725 5290 ostendat?

2154 5268 2213 5345 Si
2231 5268 2380 5345 86in?
2390 5268 2630 5340 esiPatre
2648 5281 2921 5337 indemnis
2936 5287 3020 5332 est
3037 5274 3153 5330 Filii
3168 5271 3447 5345 generatio
3460 5268 3726 5337 Spiritus-

2152 5376 2259 5486 que
2295 5356 2592 5428 processio,
2625 5348 3081 5422 quemadmodum
3101 5340 3332 5400 emissor
3348 5340 3519 5395 Filius
3539 5346 3725 5390 osten—

2193 5441 2315 5486 etur
2344 5439 2612 5483 :necesse
2644 5423 2889 5482 omnino,
2924 5428 2985 5472 ut
3016 5417 3403 5486 detrimentum
3456 5408 3603 5486 circa.
3644 5405 3725 5457 di-

2193 5405 2325 5486 etutr
2344 5446 2359 5483 :
2383 5405 2612 5480 necesse
2633 5405 2889 5482 Somnino,
2924 5428 2985 5472 ut
3016 5417 3403 5486 detrimentum
3456 5408 3603 5486 circa
3644 5405 3728 5457 di-

2154 5502 2336 5554 vinam
2365 5503 2613 5550 naturam
2636 5475 2745 5546 non
2776 5475 3083 5543 inveniatur
3098 5485 3243 5554 quod
3268 5487 3489 5554 generet
3509 5475 3727 5534 Filium,

2156 5581 2211 5625 et
2255 5570 2324 5624 sit
2369 5582 2523 5627 nepos
2578 5563 2707 5616 hinc
2766 5550 3187 5628 complasmatins
3232 5550 3464 5628 aliquis,’
3502 5561 3623 5599 cum
3677 5552 3731 5594 et.

2156 5641 2388 5693 emissor
2420 5618 2661 5702 Spiritus
2688 5631 2741 5684 in
2772 5647 2829 5683 eo
2860 5618 2997 5698 quod
3044 5644 3107 5680 ea:
3148 5618 3343 5701 Patre,
3370 5618 3536 5699 Filius
3571 5630 3731 5695 mon—

2161 5718 2405 5768 stretur;
2462 5685 2608 5771 quod
2640 5685 2702 5757 isi
2742 5701 2814 5754 ita
2860 5685 2961 5762 est,
2998 5696 3282 5767 congeries
3332 5685 3628 5758 impietatis
3676 5693 3734 5737 ct

2164 5777 2431 5850 profunda
2456 5783 2695 5844 emerget
2725 5771 2899 5825 fovea.
2937 5788 2955 5820 ι
