4032 6500
396 343 502 406 535

1532 341 1796 410 PHOTII
1830 341 2338 412 PATRIARCH/E
2377 351 2484 412 (ΣΡ.

3629 350 3750 416 336

395 478 506 518 non
538 473 685 525 sunt.
715 463 832 520 sive
864 463 1179 534 personalcs
1204 482 1219 531 ;
1257 462 1490 534 ideoque
1528 479 1639 520 non
1662 464 1720 520 lit
1746 464 1997 521 confusio
2023 471 2070 530 Α
2100 468 2301 523 emittit
2358 468 2642 539 Spiritum,
2673 468 2871 525 Filium
2895 467 3081 536 habet,
3107 483 3230 540 quas
3274 468 3750 525 indemonstra-

395 570 779 624 personarum,
805 555 1026 625 quando
1053 555 1255 610 dicitur
1281 575 1293 610 :
1325 554 1445 610 Una
1475 570 1639 610 causa
1665 556 1838 610 sancti
1859 555 1986 626 Spi-

397 647 534 702 ritus
587 646 760 702 Filius
799 657 855 702 et
893 648 1051 702 Pater
1089 658 1194 703 est.
1236 667 1255 699 ι
1303 647 1529 702 Demum
1560 648 1707 717 quod
1753 663 1874 717 cap.
1919 648 1988 703 47

394 739 646 809 adjungit
689 739 938 806 Photius,
974 739 1025 793 id
1081 740 1279 809 partim
1320 754 1389 793 ex
1420 739 1510 794 hic
1553 739 1734 803 dictis,
1789 741 1987 810 partim

393 848 464 886 ex
519 832 605 894 iis,
657 847 778 901 qua:
811 833 880 886 ad
910 831 1135 886 elTatum
1173 833 1263 886 hic
1304 847 1496 886 rursus
1523 832 1817 902 repetitum
1859 834 1985 902 (art.

390 921 446 987 5,
480 921 560 990 §8
589 922 732 991 seq.)
769 922 1028 978 adnotata
1057 931 1208 990 sunt,
1245 921 1381 977 solvi
1418 921 1581 976 facile
1614 929 1816 992 potest.

465 1009 619 1082 [321]
669 1011 759 1064 29.
799 1011 907 1067 Sed
935 1011 1182 1066 nondum
1211 1011 1476 1066 exhausta
1507 1011 1842 1067 schismatici
1894 1027 1991 1082 pa-

391 1100 648 1157 triarchae
674 1102 1013 1172 SOphismata
1040 1123 1053 1159 :
1088 1104 1304 1158 tertiam
1341 1110 1463 1173 post
1495 1103 1760 1172 prolixam
1787 1103 1854 1158 de
1879 1103 1990 1158 Ga-

393 1194 486 1248 lat.
523 1210 600 1257 ιν,
631 1192 687 1260 6,
716 1193 1148 1264 disputationem
1179 1201 1631 1266 argumentorum
1660 1193 1990 1265 theologica-

397 1304 515 1342 rum
574 1290 774 1344 seriem
812 1290 1125 1359 auspicatur
1156 1303 1438 1353 novasque
1475 1289 1767 1344 auxiliares
1803 1288 1992 1359 cepias

399 1381 451 1434 iu
487 1398 681 1452 agmen
717 1383 990 1452 producit.
1026 1403 1043 1435 ι
1079 1381 1133 1437 Si
1186 1382 1422 1453 genitus,
1457 1382 1678 1452 aitcap.
1703 1381 1792 1448 61,
1822 1380 1991 1438 Filius

399 1488 464 1527 ex
491 1473 675 1541 Patre,
702 1477 952 1546 procedit
983 1492 1112 1531 vero
1147 1475 1386 1546 Spiritus
1429 1490 1493 1530 ex
1528 1473 1688 1541 Filio,
1715 1475 1992 1544 quomodo

403 1567 659 1638 impietas
679 1585 792 1625 non
827 1571 1132 1625 secundum
1177 1568 1456 1640 propriam
1480 1568 1813 1623 sententiam
1865 1567 1992 1638 Spi-

400 1661 568 1714 ritum
633 1671 874 1731 nepotem
903 1663 1200 1717 constituet
1244 1671 1301 1716 et
1327 1661 1670 1716 tremendum
1708 1659 1994 1731 theologia:

2090 558 2215 614 bilis
2269 569 2353 616 est
2395 569 2450 616 et
2482 559 2910 631 impossibilitcr,
2949 560 3076 632 quia
3105 577 3280 632 neque
3308 560 3595 616 maxima
3653 569 3752 616 est

2090 666 2274 721 neque
2303 651 2465 707 fidem
2503 649 2654 724 [525]
2686 652 2754 707 ab
2787 651 2966 721 aliqua
3006 651 3240 706 maxima
3268 651 3342 721 (s.
3401 649 3747 712 axiomate)

2090 741 2373 812 suscipere
2418 744 2666 812 (potest).
2711 741 2946 798 Emissio
2978 741 3216 811 Spiritus
3258 757 3380 797 non
3443 736 3595 795 facit
3631 738 3747 794 Pa-

2091 843 2232 892 trem
2258 847 2382 890 esse
2407 850 2586 906 neque
2619 833 2841 899 Filium,
2875 835 3134 904 quoniam
3166 849 3276 888 non
3307 841 3412 888 est
3443 832 3748 887 nascibili-

2092 933 2182 979 tas
2223 923 2456 996 Spiritus
2505 924 2814 996 progressio
2857 939 2889 979 a
2927 919 3111 990 Patre,
3153 939 3262 994 qua
3292 924 3426 980 sola
3468 921 3661 978 Filius
3709 936 3744 977 ιι

2093 1015 2253 1071 Patre
2275 1015 2477 1071 dili‘ert.
2512 1034 2532 1067 ι
2560 1015 2626 1070 Ει
2655 1030 2870 1070 rursum
2896 1015 2994 1086 (ib.
3027 1031 3078 1072 c.
3109 1016 3196 1072 17.
3223 1032 3279 1087 p.
3315 1015 3511 1084 1211)
3530 1021 3745 1068 contra

2093 1109 2240 1164 idem
2291 1116 2708 1178 argumentum:
2773 1126 2791 1158 ι
2834 1106 2950 1163 Hoc
2986 1123 3171 1178 neque
3221 1108 3278 1164 in
3340 1104 3740 1163 naturalibus

2093 1200 2542 1255 consecutionem
2592 1200 2792 1267 habet;
2827 1211 2888 1256 ut
2926 1201 3036 1256 ales
3060 1202 3281 1271 quidem
3324 1199 3538 1271 prima
3571 1215 3744 1252 ovum

2092 1291 2328 1362 peperit,
2357 1306 2423 1347 ex
2453 1291 2582 1346 alite
2611 1300 2794 1346 autem
2821 1301 2877 1347 et
2897 1306 3000 1347 ovo
3020 1308 3205 1360 passer
3235 1292 3464 1363 prodiit
3504 1307 3522 1356 ;
3560 1289 3743 1362 igitur

2093 1403 2216 1458 qua:
2243 1402 2532 1459 progressa
2559 1396 2644 1443 est
2675 1388 2910 1455 avicula,
2955 1392 3121 1458 neptis
3150 1390 3525 1461 judicabitur
3553 1388 3737 1443 alitis.

2092 1479 2258 1534 Multo
2281 1480 2456 1542 minus
2477 1481 2533 1532 in
2560 1479 2749 1534 divinis
2781 1480 2962 1536 locum
2997 1483 3202 1551 reperit
3225 1480 3577 1553 redargutio
3621 1479 3741 1535 ιω-

2091 1571 2418 1641 juscemodi,
2445 1571 2535 1626 ubi
2565 1587 2746 1640 neque
2774 1587 3037 1643 corporea
3069 1573 3359 1644 generatio
3393 1579 3517 1636 est,
3540 1586 3742 1640 neque

2093 1663 2396 1733 passibile;
2434 1678 2600 1720 omne
2642 1673 2828 1719 autem
2872 1664 3020 1734 quod
3066 1664 3266 1727 talibus
3314 1662 3739 1736 generationi-

401 1762 608 1807 nostrae
659 1753 980 1822 mysterium
1029 1753 1081 1806 in
1119 1753 1307 1822 longas
1338 1759 1394 1806 et
1422 1767 1600 1806 meras
1626 1765 1800 1822 nugas
1839 1749 1992 1804 able—
2023 1815 2061 1825 __
2095 1755 2200 1810 bus
2227 1754 2495 1825 subiacet,
2519 1770 2747 1810 necesse
2785 1765 2870 1810 est
2900 1755 3106 1822 secari;
3137 1771 3302 1812 omne
3331 1764 3545 1813 autem
3579 1755 3738 1824 quod

403 1844 604 1913 gahit?
645 1863 663 1896 ι
719 1844 922 1899 Verum
948 1860 978 1898 e
1025 1853 1214 1898 contra
1252 1841 1426 1897 Latini
1458 1853 1687 1914 arguere
1735 1849 1986 1912 possunt,
2021 1841 2065 1870 "
2094 1858 2329 1912 secatur,
2361 1846 2638 1917 passibile.
2666 1865 2685 1899 ι
2739 1848 2944 1904 Deinde
2965 1857 3114 1903 notat
3142 1849 3254 1918 jam
3278 1845 3738 1915 antiquissimos

403 1934 660 1990 Photium
706 1935 967 2006 Spiritum
1008 1934 1188 1990 facere
1235 1932 1414 1988 Patris
1448 1934 1644 2003 ﬁlium,
1686 1949 1812 1988 cum
1863 1948 1992 1988 eum

403 2043 471 2082 ex
521 2027 682 2089 Patre
712 2043 818 2096 qua
849 2025 1009 2081 Pater
1055 2036 1142 2082 est
1173 2027 1468 2097 procedere
1499 2033 1722 2092 statuat,
1777 2033 1834 2080 et
1865 2025 1994 2081 hinc

405 2119 606 2177 Filium
645 2128 701 2175 et
721 2121 985 2190 Spiritum
1017 2120 1355 2174 constituere
1388 2121 1605 2191 fratres,
1631 2135 1755 2175 cum
1780 2130 1993 2174 utrum-

403 2229 512 2284 que
568 2229 636 2268 ex
681 2213 798 2268 solo
827 2213 987 2267 Patre
1015 2227 1136 2267 esse
1169 2213 1476 2267 decernat:
1531 2211 1765 2280 Ἀδελφὰ
1814 2212 1884 2264 τὰ
1935 2212 1994 2278 ἐξ

406 2306 526 2371 ἑνὸς
567 2304 874 2375 ὑφεστῶτα,
906 2314 967 2360 ιιι
1008 2303 1240 2359 Basilius
1284 2305 1360 2359 ait
1392 2305 1502 2374 (ep.
1535 2304 1601 2359 ad
1654 2319 1856 2359 canon.
1903 2303 1993 2368 5‘2,

404 2403 477 2457 al.
530 2401 682 2471 500),
716 2399 806 2455 hic
845 2414 1036 2455 revera
1077 2399 1253 2463 locum
1282 2398 1507 2453 habere.
1556 2390 1826 2476 Prteterea
1877 2411 1996 2451 res-

404 2493 651 2565 pondent
675 2491 946 2549 Catholici
977 2510 989 2545 :
1023 2509 1040 2542 ι
1084 2491 1156 2547 Ut
1200 2505 1375 2560 nepos
1408 2489 1678 2560 quispiam
1726 2489 1816 2555 sit,
1850 2489 1996 2560 gigni

404 2599 532 2640 eum
579 2591 800 2654 oportet
857 2598 888 2638 a
920 2589 1099 2651 patre,
1145 2591 1201 2635 et
1233 2581 1455 2636 diversa
1495 2579 1716 2650 quidem
1765 2594 1998 2649 genera-

408 2677 557 2732 tione
591 2676 660 2731 ab
713 2675 825 2740 illa,
854 2690 964 2743 qua
1013 2674 1062 2728 is
1095 2672 1188 2744 qui
1223 2681 1480 2743 nepotem
1531 2671 1778 2740 proxime
1811 2669 2000 2740 genuit

407 2779 630 2840 pater,a
662 2784 762 2823 suo
793 2777 971 2838 patre,
1005 2764 1222 2835 nepotis
1253 2780 1376 2828 avo,
1405 2763 1623 2835 genitus
1645 2769 1748 2818 est.
1772 2765 1846 2816 At
1872 2760 2001 2831 Spi-

408 2859 550 2914 ritus
601 2857 778 2912 sancti
824 2856 1108 2926 processio
1133 2868 1313 2924 neque
1341 2850 1624 2924 generatio
1661 2859 1766 2915 est,
1825 2864 2002 2920 neque

411 2949 591 3004 Patris
633 2957 690 3004 et
721 2941 844 3002 Filii
874 2946 1017 3002 actio
1043 2947 1278 3001 diversa.
1319 2963 1339 2998 ι
1402 2943 1593 3014 (Natal.
1623 2942 1782 2997 Alex.
1814 2941 1886 2996 Η.
1931 2940 1998 2996 Ε.

410 3043 452 3097 1.
508 3057 556 3097 c.
598 3057 652 3112 p.
688 3040 834 3108 552).
869 3038 1029 3094 Joan.
1062 3037 1269 3093 Beccus
1314 3037 1506 3092 eodem
1546 3035 1709 3091 modo
1755 3034 2002 3108 arguenti

2097 1941 2386 1996 haereticos
2409 1940 2662 1995 eumdem
2693 1941 3112 2012 paralogismnm
3139 1940 3420 1995 eﬂutiisse
3458 1939 3611 2009 (l8),
3643 1948 3734 1993 ιιι-ι

2095 2045 2203 2101 que
2232 2032 2302 2087 ad
2328 2031 2584 2101 superius
2605 2031 2882 2102 disputata
2926 2030 3077 2104 [526]
3130 2047 3453 2101 provocans
3484 2031 3565 2084 ita
3601 2045 3738 2100 per-

2096 2124 2213 2195 Si“
2257 2142 2275 2174 ε
2320 2121 2477 2189 QUOd
2504 2122 2549 2176 si
2598 2122 2810 2193 genitor
2844 2123 2899 2178 in
2928 2138 2996 2178 eo
3030 2123 3173 2192 quod
3191 2120 3372 2192 ,Pater
3410 2130 3528 2186 est,
3564 2119 3766 2174 habis.

2099 2215 2350 2272 tudinem
2387 2214 2822 2286 relationemque
2875 2215 3041 2270 habet
3067 2215 3132 2268 ad
3173 2213 3486 2283 Spiritum,
3516 2225 3737 2266 eonse-a

2097 2310 2289 2380 quitur
2335 2325 2401 2364 ex
2433 2309 2763 2363 necessitate
2799 2317 3023 2379 propter
3064 2307 3425 2362 identitatem
3489 2303 3727 2358 habitu-

2099 2401 2246 2458 dinis
2302 2401 2570 2472 genitoris
2617 2400 2883 2471 Spiritum
2919 2399 3164 2471 genitum
3216 2414 3342 2454 esse
3387 2405 3452 2451 et
3497 2394 3728 2461 ﬁlium;

2101 2490 2334 2561 ideoque
2383 2500 2478 2545 aut
2513 2492 2774 2546 confundi
2832 2505 3096 2560 personas
3147 2499 3242 2544 aut
3286 2489 3539 2543 fratrem
3598 2484 3726 2540 Filii

2100 2583 2363 2654 Spiritum
2398 2582 2731 2654 confingere,
2755 2582 2898 2653 quod
2924 2581 3068 2636 idem
3093 2595 3362 2652 personas
3391 2577 3723 2635 confundit.

2100 2679 2292 2748 Itaque
2338 2677 2551 2748 genitor
2578 2693 2690 2732 non
2734 2677 2789 2731 in
2827 2692 2894 2732 eo
2937 2675 3083 2746 quod
3121 2674 3365 2746 genitor,
3399 2687 3582 2727 causa
3635 2680 3726 2728 est.

2105 2769 2368 2840 Spiritus,
2413 2769 2509 2824 sed
2541 2771 2593 2821 in
2615 2783 2681 2823 eo
2706 2768 2852 2837 quod
2884 2782 3048 2822 causa
3080 2765 3540 2843 principiumque
3583 2761 3724 2832 (spi-

2104 2861 2279 2930 rans),
2304 2868 2362 2915 ut
2391 2861 2594 2931 saepius
2626 2860 2960 2915 inculcatum
2985 2868 3089 2914 est.
3125 2857 3306 2924 Quare
3337 2871 3536 2926 neque
3577 2854 3719 2908 alie-

2103 2965 2209 3004 nus
2263 2964 2293 3003 a
2325 2948 2460 3003 Filio
2508 2949 2747 3019 Spiritus
2792 2957 2878 3004 est
2911 2963 3090 3017 neque
3117 2947 3331 3016 absque
3380 2943 3722 3000 habitudine

2103 3043 2172 3096 ad
2203 3041 2379 3111 ipsum
2413 3041 2765 3112 iudicandus.
2796 3041 2903 3095 Sed
2929 3056 3109 3110 neque
3142 3041 3247 3094 hoc
3275 3036 3714 3102 inconveniens,

414 3130 704 3187 Camatcro
743 3128 814 3182 ita
841 3128 1083 3184 Occurrit
1110 3126 1196 3200 (Ο.
1244 3131 1308 3182 οο
1344 3126 1413 3194 Π,
1449 3125 1574 3193 599.
1605 3126 1733 3223 409)
1762 3147 1776 3180 τ
1833 3145 1852 3178 ι
1883 3125 2003 3180 Non
2030 3164 2074 3223 α
2107 3133 2154 3188 si
2209 3132 2380 3188 Filius
2427 3148 2536 3186 non
2572 3131 2627 3186 in
2671 3147 2737 3187 eo
2765 3132 2910 3202 quod
2937 3131 3108 3185 Filius
3132 3130 3403 3200 Spiritum
3468 3127 3715 3186 emittat,

415 3235 499 3280 est
525 3238 696 3292 nepos
732 3221 996 3295 (ἔκγονος)
1025 3220 1201 3276 Patris
1231 3219 1486 3291 Spiritus,
1522 3219 1615 3289 qni
1653 3217 1824 3274 Filius
1853 3227 2004 3288 pater

2108 3242 2232 3282 cum
2275 3225 2439 3286 Pater
2487 3241 2596 3280 non
2630 3225 2686 3279 in
2726 3240 2794 3281 eo
2842 3225 2989 3295 quod
3036 3223 3199 3279 Pater
3245 3222 3500 3293 Spiritus
3549 3233 3714 3275 causa

419 3318 658 3389 Spiritus
682 3331 789 3371 non
822 3327 924 3373 est.
953 3317 1087 3372 Cum
1119 3331 1249 3371 vero
1279 3315 1418 3372 dicis
1443 3333 1456 3370 :
1490 3313 1548 3370 Si
1577 3330 1686 3369 non
1713 3323 1799 3370 est
1837 3313 2005 3370 Filius

417 3420 593 3481 pater,
641 3410 918 3480 quomodo
949 3425 1017 3464 ex
1065 3409 1185 3478 ipso
1218 3407 1457 3479 Spiritus
1492 3407 1708 3463 fuerit?
1758 3407 2007 3478 profecto

321 3531 323 3533 ι
419 3517 586 3573 negas
638 3502 806 3556 etiam
858 3500 1130 3572 Spiritum
1175 3515 1243 3555 ex
1269 3499 1432 3556 Patre
1477 3516 1620 3556 esse.
1655 3500 1815 3554 Pater
1857 3500 2006 3556 enim

420 3608 530 3646 non
557 3600 643 3646 est
671 3590 908 3663 Spiritus
944 3600 1099 3661 pater
1145 3599 1200 3645 et
1235 3591 1598 3646 nihilominus
1621 3607 1691 3646 ex
1730 3591 1849 3661 ipso
1883 3589 2007 3660 Spi-

421 3686 559 3738 ritus
615 3691 718 3738 est.
765 3700 783 3733 ι
819 3682 879 3737 id
923 3683 1030 3754 iam
1059 3682 1299 3738 declarat
1338 3691 1560 3739 sanctus
1599 3681 1870 3737 Maximus
1921 3681 2006 3737 di—

421 3793 553 3833 cens
588 3794 601 3830 :
647 3795 666 3828 ι
707 3775 946 3846 Sp'ritns
1001 3775 1214 3830 Patrem
1243 3791 1352 3830 non
1379 3776 1581 3844 habet;
1631 3790 1811 3841 neque
1861 3774 2009 3830 enim

425 3868 644 3940 genitus
684 3875 767 3922 cst
796 3864 879 3938 (τδ
916 3866 1024 3938 γὰρ
1049 3865 1275 3936 Πνεῦμα
1318 3866 1541 3936 Πατέρα
1565 3865 1667 3918 οὐκ
1696 3863 1844 3934 ἔχει·
1885 3861 2011 3916 οὐδὲ

421 3961 533 4033 γὰρ
563 3959 872 4031 ἐγεννήθη).
917 3978 934 4011 ι
975 3959 1244 4014 Audiatur
1272 3969 1328 4014 et
1353 3958 1507 4032 llugo
1533 3958 1858 4014 Etherianus
1884 3957 1942 4026 (Ι.
1967 3955 2007 4022 Ι,

423 4071 476 4111 c.
502 4054 555 4120 8,
583 4071 638 4124 p.
674 4053 835 4123 1205)
869 4072 882 4108 :
919 4072 937 4105 ι
973 4052 1279 4123 Propositio
1309 4068 1432 4122 quae
1461 4051 1593 4106 dicit
1619 4069 1632 4106 :
1664 4049 1821 4116 Quod
1851 4049 2013 4105 emit-

426 4147 491 4201 tit
521 4146 804 4216 Spiritum,
837 4145 1031 4200 Filium
1068 4145 1249 4207 habet,
1285 4146 1462 4214 major
1503 4143 1884 4198 universaliter
1919 4142 2014 4197 de-

430 4239 586 4295 beret
626 4253 748 4293 esse
787 4246 844 4294 et
887 4237 1291 4308 particulariter
1331 4236 1625 4306 accipitur.
1669 4234 1804 4289 Nam
1851 4233 2014 4288 illatae

429 4330 802 4388 conclusionis
828 4345 994 4384 causa
1025 4329 1342 4399 propositio,
1377 4343 1500 4398 qua:
1547 4334 1694 4382 recte
1719 4326 1881 4380 debet
1903 4324 2012 4396 syl-

428 4425 717 4496 logismum
771 4423 933 4476 talem
989 4423 1271 4492 perlicere,
1323 4423 1438 4476 haec
1482 4429 1613 4475 est:
1657 4419 1832 4474 Omne
1865 4417 2014 4488 quod

503 4601 614 4673 (18)
648 4599 853 4656 Revera
879 4592 1764 4673 Macedonianiapudnfiregorium
1784 4593 2020 4673 Nazianf

429 4663 628 4729 zenum
673 4679 810 4726 orat.
860 4668 951 4735 '57,
980 4685 1036 4739 p.
1063 4667 1176 4739 596
1210 4663 1473 4739 edeill.
1511 4663 1705 4739 (Clem.
1748 4673 1889 4718 orat.
1926 4663 2018 4739 51)

430 4749 686 4815 arguunt,
722 4734 998 4811 Spiritum'
1028 4738 1073 4794 si
1111 4737 1388 4809 ingenitus
1423 4751 1534 4790 non
1573 4735 1667 4795 sit,
1706 4734 2020 4789 necessario

428 4826 525 4870 aut
553 4830 582 4868 a
602 4813 778 4870 Patre
809 4812 1051 4870 genitum
1088 4816 1145 4863 et
1181 4820 1314 4863 tunc
1345 4806 1566 4861 fratrem
1598 4805 1715 4858 fore
1745 4803 1890 4870 Filii,
1923 4813 2021 4860 aut

431 4830 525 4870 aut
553 4830 582 4868 tl
602 4830 778 4870 ratre
809 4830 1051 4882 genitum
1088 4830 1145 4863 ει
1181 4830 1314 4863 tunc
1345 4830 1566 4861 Iratl'cm
1598 4830 1715 4858 tun:
1745 4830 1890 4870 run,
1923 4830 2021 4860 aut

431 4902 460 4938 a
491 4883 648 4948 Filio,
680 4894 736 4936 et
761 4894 895 4937 tunc
922 4894 1045 4937 esse
1063 4879 1258 4934 υἱωνὸν
1289 4876 1508 4948 Ρθιιίε.
1529 4875 1685 4948 Quod
1722 4873 2022 4945 Gregorius

436 4947 642 5008 refellit
667 4953 872 5008 docens
903 4950 1144 5006 medium
1173 4963 1297 5004 esse
1325 4948 1468 5002 inter
1491 4947 1786 5014 ἀγέννητον
1813 4951 1868 4999 et
1898 4961 2021 5013 γεν-

433 5023 620 5092 νητὺν,
652 5029 710 5092 ut
739 5022 1031 5092 Scriptura:
1053 5017 1524 5092 manifestanthrb
1567 5014 1920 5092 ὲκῃορευῖρν,
1964 5021 2022 5092 et

433 5084 1091 5163 processionem'diﬂ‘erre
1143 5107 1174 5146 a
1209 5087 1590 5163 generatione.
1639 5084 1770 5163 (Cf._
1805 5084 1899 5163 Gr_.
1952 5085 2016 5163 0_.

435 5154 500 5229 il,
534 5163 822 5229 565-567.)
872 5162 1105 5217 Basilius
1149 5154 1658 5229 du'bitationiiillii
1685 5154 1784 5208 Διὰ
1834 5154 1887 5209 τί
1935 5157 2018 5229 μὴ

434 5227 496 5287 τὸ
529 5231 755 5300 Πνεῦμα
789 5227 850 5284 τὸ
885 5233 1051 5300 ίᾶγιον
1097 5233 1224 5294 Υἱὸς
1263 5230 1358 5282 τοῦ
1396 5228 1528 5300 Υἱοῦ
1558 5227 1709 5300 ;_ita_
1733 5227 1973 5300 occurrit
2001 5244 2015 5280 :

436 5306 512 5359 Οὐ
541 5303 629 5356 διὰ
658 5297 718 5354 ’ἐὺ
753 5302 828 5372 μὴ
857 5297 998 5356 εῐνὰι
1028 5305 1092 5356 ὲκ
1117 5301 1252 5354 Θεοῦ
1287 5301 1352 5354 δι’
1399 5298 1542 5372 Υἱοῦ
1575 5297 1762 5372 (verba
1811 5298 1864 5350 in
1914 5297 2019 5372 hec

437 5379 699 5428 contextu
736 5368 896 5442 plane
947 5372 1311 5439 decretoria),
1351 5371 1466 5424 ἀλλ’
1504 5369 1610 5442 {vat
1659 5369 1734 5442 μὴ
1783 5368 2012 5442 νομισθῇ

436 5445 643 5515 πλῆθος
673 5437 900 5515 ἄτὲειρον
930 5444 964 5514 ἡ
996 5445 1150 5515 τριὰς
1182 5437 1343 5515 Υἱρὺς
1394 5442 1454 5506 ἐξ
1503 5437 1669 5515 Ϊίῷῗῗ
1689 5437 1764 5500 ὡς
1818 5437 1912 5515 ἰαὶ

437 5508 752 5586 ἀνθ’ρώποις
789 5508 964 5586 ςέχειν
1017 5508 1449 5586 ὖπρπτευῦεἰολα.
1492 5511 1581 5586 _Ad
1635 5509 1803 5586 hune
1833 5508 2014 5586 Basilii

441 5579 647 5642 textum
677 5586 750 5641 cf.
785 5579 1042 5648 Beccum,
1078 5583 1155 5637 De
1184 5598 1328 5652 proc.
1358 5581 1588 5652 Spiritus
1610 5581 1804 5652 "sancti
1848 5595 1897 5632 c.
1960 5579 2012 5642 1,

441 5675 496 5710 ιι.
545 5656 647 5721 11;
693 5655 874 5726 Epigr.
899 5671 938 5708 1.
991 5654 1055 5711 G.
1097 5654 1163 5726 Ο.
1186 5651 1237 5717 1,
1268 5651 1376 5726 215
1398 5651 2012 5726 ;‘ll,__555_;___tjon‘stant.

440 5719 684 5794 Meliten.
737 5719 875 5780 orat.
928 5726 979 5791 1,
1035 5741 1085 5780 c.
1143 5725 1210 5781 i5
1264 5723 1350 5794 (G.
1400 5721 1568 5794 0.11,
1599 5719 2012 5794 _665);__Georg.

442 5783 671 5866 “Lapcz.
719 5797 798 5851 De
842 5783 983 5865 proc.
1021 5783 1454 5852 Spiritus‘sancti
1492 5793 1559 5847 ad
1591 5783 1746 5848 Joan'.
1769 5783 2010 5846 ’Cuboﬂ.

2044 4501 2091 4558 D

2105 3319 2351 3374 exsistat.
2397 3337 2415 3368 ι
2463 3316 2706 3372 Breviter
2734 3325 2792 3370 et
2838 3329 3068 3371 nervose
3115 3313 3458 3368 Ratramnus
3503 3311 3566 3380 (l.
3633 3323 3710 3370 Ill,

2109 3424 2156 3464 c.
2185 3409 2240 3472 5,
2277 3424 2332 3479 p.
2377 3408 2552 3479 988)?
2593 3425 2613 3459 t
2647 3407 2738 3463 Sic
2761 3406 3004 3463 evidenti
3027 3407 3237 3466 ratione
3269 3411 3628 3459 monstratur
3642 3400 3712 3453 ab

2109 3512 2342 3571 utroque
2367 3501 2667 3571 procedere
2699 3500 2938 3572 Spiritus
2970 3509 3212 3562 sanctus,
3242 3498 3376 3553 dum
3413 3494 3712 3551 manifeste

2107 3593 2336 3649 docetur
2388 3607 2490 3646 non
2541 3608 2667 3648 eum
2699 3610 2734 3647 a
2763 3593 2874 3648 solo
2903 3593 3065 3646 Patre
3094 3591 3416 3662 procedens,
3445 3603 3521 3643 ne
3567 3585 3710 3654 ﬁlias

2109 3700 2232 3741 esse
2268 3684 2443 3742 Patris
2474 3685 2708 3750 dicatur,
2740 3686 2838 3741 sed
2886 3701 2979 3739 nec
3017 3701 3049 3737 a
3082 3683 3193 3738 solo
3217 3683 3377 3746 Filio,
3410 3697 3488 3736 ne
3542 3679 3712 3734 Filius

2109 3785 2264 3848 pater
2292 3793 2415 3833 esse
2447 3777 2879 3847 blasphemetur,
2910 3776 3007 3832 sed
3054 3776 3257 3831 dicitur
3294 3774 3547 3844 Spiritus
3580 3785 3706 3826 san-

2110 3876 2236 3924 ctus
2259 3878 2308 3923 et
2333 3869 2617 3938 procedens
2634 3878 2681 3923 et
2699 3869 2762 3923 de
2785 3877 3005 3939 utroque
3025 3869 3324 3936 procedens.
3354 3885 3374 3918 ι
3393 3865 3501 3938 (Cf.
3521 3850 3704 3919 Petav.

2111 3963 2177 4016 de
2199 3961 2343 4016 Trin.
2384 3977 2481 4026 vn,
2519 3960 2606 4027 16,
2630 3961 2708 4032 '5).
2739 3961 2877 4016 Cum
2904 3961 2990 4016 his
3023 3976 3086 4016 ea
3117 3960 3505 4018 connectenda
3558 3967 3704 4019 sunt,

2112 4069 2235 4124 qua:
2261 4068 2426 4124 supra
2455 4055 2581 4125 (art.
2609 4053 2845 4124 pI-teced.
2875 4051 2901 4123 §
2925 4052 2990 4108 17
3024 4050 3166 4122 seq.)
3197 4051 3264 4106 de
3294 4051 3485 4110 Patre.
3514 4054 3704 4118 quate-

2113 4159 2218 4199 nus
2263 4143 2462 4198 dicitur
2518 4143 2852 4213 principium
2904 4143 2991 4198 vel
3039 4143 3351 4213 proximum
3401 4140 3491 4196 vel
3532 4152 3706 4193 remo-

2116 4244 2255 4299 tum,
2290 4234 2434 4290 dicta
2473 4234 2698 4289 fuerunt
2728 4235 3037 4304 quibusque
3068 4249 3308 4304 sequens
3339 4232 3524 4288 Photii
3548 4230 3702 4300 sylloo

2115 4325 2321 4400 gismus
2355 4327 2498 4395 (cap.
2523 4324 2612 4395 62)
2649 4325 2936 4380 refutatur.

2186 4416 2274 4472 50.
2315 4416 2377 4471 In
2412 4417 2624 4472 duobus
2675 4432 2796 4487 quae
2822 4426 3128 4488 sequuntur
3155 4415 3496 4488 argumentis
3534 4429 3600 4470 ex
3639 4425 3702 4468 eo

2127 4599 2286 4670 (ibid.
2338 4598 2602 4670 17,7509);
2651 4597 3031 4670 Bessarioncm
3077 4599 3249 4670 (Orat.
3305 4600 3482 4670 dogm.
3541 4611 3594 4670 c._
3637 4594 3697 4658 6;

2125 4665 2294 4726 iiard.
2351 4669 2444 4736 IX,
2473 4665 2651 4741 A536).
2692 4668 2805 4724 Nec
2835 4665 3220 4741 minusdigna
3268 4665 3700 4741 consideratione

2124 4749 2272 4806 sunt,
2313 4733 2437 4810 quai
2470 4739 2525 4794 in
2572 4733 2837 4794 A'ncorato
2883 4739 3078 4810 scribit
3115 4733 3457 4809 Epiphanius
3486 4756 3534 4810 τί
3567 4733 3699 4810 Ἀλλ’

2124 4812 2243 4883 ἐρεῖ
2257 4803 2354 4874 Vri;
2373 4827 2399 4885 _°
2425 4812 2635 4865 Οὐκοῦν
2662 4810 2756 4885 δῦο
2791 4811 2978 4885 φᾳμὲν
3013 4803 3412 4885 ςῐνοιίῖίιούςμς-
3442 4809 3549 4862 Καὶ
3586 4803 3695 4885 πῶξ

2127 4877 2425 4952 ιλονργενής
2450 4897 2466 4948 ἱ
2511 4921 2524 4936 ο
2571 4921 2586 4936 ο
2629 4917 2645 4934 ο
2685 4881 2771 4952 Σίι
2799 4877 2887 4944 sic
2928 4877 2978 4952 si
3024 4882 3053 4932 ὁ
3107 4881 3652 4952 ᾁντιζογιζόμενος-ἰ

2127 4889 2425 4952 μονογενής
2450 4897 2466 4948 ;
2511 4921 2524 4936 .
2571 4921 2586 4936 .
2629 4917 2645 4934 .
2685 4889 2758 4934 Σὺ
2799 4889 2883 4944 τις
2928 4889 2977 4932 εἱ
3024 4889 3053 4932 ὁ
3107 4889 3580 4949 ἀντιλογιςόμενος
3624 4889 3696 4994 ab:

2122 4951 2281 5022 Θεῷ;
2313 4952 2375 5004 El
2409 4954 2518 5022 γὰρ
2562 4953 2654 5005 τὸν
2689 4950 2820 5004 Υῑὸν
2868 4950 3027 5022 καλεί
3074 4951 3164 5003 τὸν
3203 4949 3264 5014 ἐξ
3314 4949 3502 5022 etO-toﬁ,

2123 5015 2278 5093 ἅγιον
2311 5015 2626 5093 Πνεῦμαίτὸ
2657 5022 2787 5092 παρ’
2819 5021 3148 5093 ἀμφοτέρων
3179 5037 3234 5093 ιε..
3253 5020 3377 5093 τξλ.
3401 5020 3478 5073 De
3505 5015 3693 5093 quibus

2122 5083 2474 5164 eliil'ieccum'
2508 5092 2711 5164 Epigr.
2739 5083 2753 5144 ἱ
2781 5109 2796 5156 ;
2834 5083 3124 5164 Constant.
3181 5091 3422 5164 Meliten.
3469 5083 3604 5164 orat”.
3639 5083 3690 5145 2,

2121 5179 2172 5218 c.
2205 5162 2313 5226 29;
2345 5173 2402 5218 et
2427 5155 2903 5233 Georglblemch.
2931 5161 2992 5213 ϐ.
3037 5164 3264 5216 Maxim.
3304 5161 3542 5233 Plan.er
3567 5155 3692 5233 (3313-

2125 5242 2208 5287 lra
2241 5222 2393 5305 Matt.
2421 5222 2695 5305 Cret."(G.
2727 5231 2795 5305 Ο.
2831 5232 2895 5297 ιι,
2929 5233 3056 5305 559.,
3092 5234 3219 5294 857,
3249 5234 3376 5305 956,
3423 5230 3544 5289 957,
3575 5222 3690 5287 977,

2125 5304 2308 5373 1059).
2353 5304 2599 5374 Denique
2621 5303 2685 5358 et
2711 5303 2998 5358 Athanasii
3023 5304 3176 5374 locus
3207 5305 3276 5358 ad
3303 5303 3511 5374 Serap.,
3541 5307 3686 5365 quem

2121 5372 2708 5446 eitatBeccus‘Epigr.
2748 5390 2865 5446 xui.
2900 5372 3092 5446 (6.0.
3127 5374 3194 5439 ll,
3232 5375 3380 5445 639),
3420 5373 3531 5446 huc
3573 5376 3687 5446 spe—

2123 5453 2238 5500 ctat
2265 5447 2417 5518 τούκ
2442 5439 2593 5499 ἔστιν
2623 5439 3142 5518 ἄλλως-ἣ-ᾠςᾲξᾳςειν
3177 5447 3206 5498 ὁ
3238 5439 3449 5518 Παήὴρλ
3492 5439 3682 5518 [ἱκτῆρι

2121 5519 2217 5571 καὶ
2244 5517 2306 5568 οὐ
2340 5516 2589 5578 πάππος,
2621 5516 2716 5570 καὶ
2745 5502 2953 5578 ὁΥῑὸξ
2975 5515 3103 5578 Υἱός
3130 5517 3248 5569 ἐστι
3277 5502 3562 5578 ’ποῦ”Θεοῦρ
3603 5502 3684 5555 καὶ

2120 5589 2181 5641 οὐ
2215 5585 2410 5656 Πατὴρ
2441 5575 3042 5656 τοῦΠνεύματοςξκοιὶ
3084 5575 3148 5638 to
3179 5585 3403 5656 Πνεῦμα
3440 5581 3499 5656 eo
3527 5575 3679 5656 ἃγιρξε

2120 5639 2570 5729 ΠῗνξῦμαἝγ-ιον,
2603 5639 2830 5729 δαὶόὐκ
2867 5639 3114 5729 ’ἔκγονον
3165 5655 3261 5710 τοῦ
3323 5639 3528 5725 Πατρὸς
3570 5639 3683 5700 Pw

2118 5727 2345 5798 ἀδελφὸς
2382 5727 2476 5781 τοῦ
2510 5726 2661 5782 Υεοῦδ
