4032 6450
347 369 451 436 537

1066 360 1164 425 DE
1205 361 1266 424 S.
1308 361 1508 422 SPIR.
1544 359 2054 423 MYSTAGOGIA.
2085 385 2158 397 -
2179 356 2933 424 ANIMADVERSIONES.

3542 360 3649 426 538

346 471 714 549 profiscicitur
754 469 934 525 Photii
971 469 1338 533 ratiocinatio,
1373 469 1521 539 quod
1550 469 1704 541 prius
1736 477 1791 525 et
1816 483 1946 539 pos-
1973 471 2022 530 Α
2051 465 2259 538 Spiritu
2293 467 2565 523 afﬁrmant
2599 465 2712 540 (IV,
2744 467 2771 539 §
2819 468 2891 522 24
2917 466 3036 539 lin.)
3067 483 3082 536 ;
3117 467 3372 524 refellunt
3404 472 3647 529 rationes

348 567 524 624 terius
564 581 594 619 a
629 564 968 633 sempiterna
1004 561 1272 617 Trimtate
1300 576 1528 648 prorsus
1575 561 1645 616 sit
1675 560 1937 626 alienum,

344 659 494 730 quod
524 671 690 728 quam
722 656 1041 727 longissime
1069 654 1362 725 praedicata
1387 663 1606 725 tempus
1636 653 1944 725 signiﬁcan-

347 755 424 807 tia
459 768 488 804 a
515 764 733 804 summe
757 757 964 802 aeterna
987 747 1170 802 absint
1208 746 1526 802 Divinitate.
1566 748 1695 802 Inde
1719 749 1944 805 deduci-

346 851 458 908 tur,
484 839 650 895 simul
680 839 1028 911 cogitandam
1063 853 1185 893 esse
1212 848 1268 893 et
1294 839 1704 910 generationem
1735 850 1790 895 et
1816 856 1945 910 pro-

345 931 680 996 cessionem,
715 944 825 984 non
856 930 1084 984 alteram
1111 929 1283 985 altera
1324 931 1410 986 vel
1436 933 1674 1002 priorem
1704 933 1788 987 vel
1815 947 1944 1003 pos-

347 1024 611 1079 teriorem
637 1022 1038 1092 accipiendam.
1075 1021 1198 1087 Quo
1225 1023 1405 1092 posito
1444 1024 1496 1077 in
1522 1025 1694 1078 altero
1723 1023 1942 1094 quidem

345 1114 530 1184 capite
559 1115 673 1184 (b5)
695 1116 766 1168 ita
791 1122 1211 1184 argumentatur
1236 1131 1249 1164 ε
1277 1134 1294 1165 ι
1323 1113 1607 1180 Quomodo
1627 1131 1732 1170 non
1757 1115 1947 1170 theur-

346 1205 596 1278 git-arum
639 1221 927 1260 causarum
961 1204 1269 1260 differentia
1296 1206 1613 1261 differentes
1649 1207 1949 1262 constituet

347 1314 618 1370 personas
665 1307 721 1352 et
747 1297 1048 1352 sectionem
1088 1297 1290 1353 inferet
1323 1299 1516 1368 contra
1565 1299 1946 1364 insecabilem,

348 1391 660 1458 simplicem
705 1398 761 1444 et
791 1391 1010 1445 unicam
1059 1389 1298 1461 Spiritus
1326 1390 1690 1462 hypostasin?
1719 1390 1797 1445 Ex
1854 1406 1948 1444 ca-

348 1483 473 1536 dem
516 1483 666 1537 enim
699 1497 938 1553 persona
975 1483 1224 1538 diversas
1257 1485 1475 1554 prodire
1505 1485 1853 1554 operationes
1896 1491 1951 1536 et

347 1577 605 1641 virtutes,
642 1576 948 1646 praesertim
978 1574 1034 1628 in
1065 1575 1133 1630 iis
1165 1589 1288 1645 quae
1316 1581 1568 1628 naturam
1597 1582 1761 1643 atque
1795 1570 1948 1644 [527]

350 1667 626 1722 rationem
679 1667 840 1738 plane
866 1675 1152 1736 superant,
1185 1666 1401 1722 facillus
1440 1676 1525 1722 est
1550 1668 1853 1739 intelligere
1896 1675 1952 1722 et

351 1759 646 1812 innumera
704 1759 824 1824 ejus
872 1757 951 1810 rei
979 1756 1395 1825 deprehendere
1425 1756 1797 1819 documenta;
1851 1755 1948 1810 sed

2042 575 2075 614 e
2099 561 2174 614 rei
2203 560 2504 616 visceribus
2542 561 2747 631 petitae,
2777 575 2900 630 quae
2930 561 3344 633 generationem
3367 573 3496 618 ante
3518 581 3648 634 pro-

2044 653 2351 708 cessionem
2400 654 2749 724 prtesupponi
2804 655 3124 709 ostendunt.
3173 653 3292 726 μγ,
3339 654 3366 726 ς
3415 657 3478 712 15
3524 657 3644 730 fin.)

2047 745 2347 818 (οι).ουοά
2370 746 2414 801 si
2439 746 2627 801 Patres
2645 746 2806 800 simul
2832 761 2956 801 cum
2977 747 3118 802 Filio
3138 747 3355 818 prodire
3371 748 3647 819 (συμπρο-

2046 840 2223 906 ιέναι)
2277 839 2541 909 Spiritum
2573 838 2868 905 afﬁrmant,
2920 838 2971 892 id
3023 839 3149 894 ideo
3182 840 3258 905 fit,
3293 848 3352 894 ut
3396 843 3646 910 temporis

2047 931 2345 1003 posteritas
2381 939 2656 984 arceatur.
2690 929 2844 984 Dicta
2877 929 3145 1000 ejusmodi
3179 946 3302 985 cum
3335 931 3478 996 aliis,
3525 948 3648 1002 qua:

2046 1023 2439 1079 mediationem
2508 1021 2634 1078 Filii
2672 1022 2787 1095 (Ill,
2833 1022 2859 1093 §
2915 1021 3004 1092 16)
3034 1023 3369 1093 exprimunt,
3419 1024 3649 1079 omnino

2023 1115 2384 1170 'concordare
2415 1113 2643 1178 Beccus,
2678 1115 2754 1168 De
2802 1132 2946 1185 prae.
2991 1114 3228 1184 Spiritus
3257 1117 3450 1179 sancti,
3482 1133 3532 1172 c.
3565 1118 3599 1172 9
3627 1134 3643 1184 ;

2049 1215 2102 1261 et
2135 1205 2533 1260 Constantinus
2584 1205 2942 1270 Meliteniota,
2981 1219 3124 1262 orat.
3155 1207 3211 1270 2,
3241 1222 3291 1262 c.
3335 1209 3405 1260 28
3436 1208 3522 1278 (ϐ.
3579 1208 3643 1264 0.

2049 1296 2090 1362 l,
2122 1297 2400 1360 308-515:
2437 1297 2502 1362 il,
2529 1298 2629 1351 704
2659 1302 2799 1368 seq.)
2831 1299 3096 1369 praeclare
3122 1300 3442 1354 ostendunt.
3477 1299 3646 1371 Egre-

2021 1389 2135 1458 .gie
2157 1403 2224 1442 ex
2249 1389 2356 1458 iam
2386 1390 2634 1445 adductis
2651 1389 2898 1462 Gregorii
2925 1390 3154 1462 Nysseni
3186 1392 3368 1446 verbis
3400 1391 3452 1463 (§
3482 1393 3572 1463 24)
3593 1402 3650 1448 et

2051 1496 2118 1534 ex
2145 1481 2492 1551 prmstitulaa
2515 1498 2574 1537 se
2604 1483 2976 1537 declaratione
3000 1483 3164 1553 (§'18)
3184 1484 3360 1554 arguit
3380 1484 3648 1555 Georgius

2052 1571 2454 1642 Trapezuntius
2510 1573 2596 1641 (G.
2635 1573 2701 1628 Ο.
2734 1575 2778 1637 l,
2821 1575 2947 1643 529)
2981 1593 2994 1629 :
3030 1593 3048 1626 ι
3089 1573 3328 1644 Uterque
3357 1575 3544 1643 (Pater
3590 1585 3648 1630 et

2054 1664 2245 1735 Filius)
2297 1666 2727 1737 prwintelligitur
2768 1664 3006 1736 Spiritus
3040 1667 3316 1737 hypostasi
3375 1666 3646 1738 (προθεω-

2059 1760 2229 1828 ρεῖται
2255 1757 2356 1826 τῆς
2383 1757 2476 1811 τοῦ
2499 1759 2818 1829 Πνεύματος
2856 1759 3257 1826 ὑποστάσεως),
3291 1770 3351 1814 ut
3369 1760 3646 1832 Nyssenus

349 1852 547 1906 nullihi
602 1852 876 1919 reperitur
905 1865 1066 1920 posse
1101 1849 1241 1914 ﬁeri,
1279 1849 1410 1917 quin
1443 1847 1773 1918 hypostasis,
1825 1864 1947 1918 qua:
1980 1827 2024 1882 Β
2049 1827 2286 1917 asserit;
2321 1860 2606 1924 propterea
2638 1827 2706 1904 ab
2737 1863 2968 1921 utroque
3014 1852 3096 1920 (ἐξ
3123 1852 3350 1921 ἀμφοῖν)
3384 1827 3620 1922 Spiritus

349 1944 418 1997 ad
456 1941 773 1997 differentia
817 1941 1056 1995 refertur
1081 1940 1368 2010 principia,
1414 1940 1726 1994 differentia
1753 1955 1816 1994 ac
1864 1941 1948 1994 di-

350 2035 614 2089 versitate
635 2049 922 2090 causarum
944 2048 1052 2087 non
1085 2039 1142 2087 et
1178 2031 1293 2101 ipsa
1319 2048 1348 2085 a
1376 2048 1435 2086 se
1462 2032 1678 2085 differat
1698 2041 1754 2086 et
1785 2031 1945 2085 simul

347 2124 680 2179 dissecctur.
723 2142 742 2176 ι
768 2123 825 2177 ln
857 2125 1030 2177 altero
1058 2138 1190 2176 vero
1221 2123 1293 2193 (c.
1324 2121 1414 2190 64)
1446 2121 1624 2191 arguit
1679 2119 1943 2190 Spiritum

350 2216 470 2271 fore
513 2225 568 2270 et
607 2216 959 2288 octngenitum
986 2214 1125 2268 Filio
1154 2222 1211 2268 et
1247 2213 1634 2283 procedentem
1685 2228 1751 2269 ex
1802 2213 1942 2282 ipso,

351 2310 426 2364 ita
461 2317 524 2363 ut
571 2307 735 2362 simul
766 2309 984 2378 genitus
1011 2315 1065 2361 et
1093 2307 1398 2377 procedens
1427 2305 1533 2364 sit:
1577 2323 1597 2356 ι
1629 2321 1692 2358 ac
1742 2306 1946 2376 genitus

349 2401 598 2470 quidem,
647 2401 738 2470 qui
779 2400 942 2455 simul
989 2399 1336 2470 progreditur
1364 2414 1489 2453 cum
1537 2398 1675 2452 Filio
1733 2400 1941 2468 genito,

351 2497 639 2564 procedens
671 2512 820 2560 vero,
844 2496 970 2566 quia
991 2494 1264 2567 duplicem
1287 2495 1435 2548 subit
1455 2494 1888 2563 proccssionem.
1920 2514 1938 2546 ι

351 2589 500 2642 Sane
557 2587 612 2642 id
657 2603 852 2643 Ollllles
893 2589 1092 2642 docent
1141 2602 1204 2640 ac
1248 2595 1595 2656 propugnant
1656 2586 1942 2653 Deitatcm,

353 2681 590 2749 ideoque
620 2689 676 2735 et
717 2691 826 2734 tres
863 2695 1126 2750 personas
1172 2689 1324 2734 extra
1359 2688 1573 2749 tempus
1616 2693 1737 2734 esse
1776 2679 1948 2733 nihil-

351 2789 459 2842 que
504 2773 559 2826 in
596 2772 662 2827 iis
709 2788 833 2828 esse
877 2773 1278 2840 temporarium.
1317 2789 1333 2822 ι
1367 2770 1526 2825 Nulla
1578 2771 1653 2826 ibi
1697 2780 1945 2842 tempora

351 2866 686 2938 cogitantur,
730 2864 807 2919 ait
855 2863 1188 2934 Augustinus
1220 2862 1322 2928 (De
1354 2863 1494 2918 Trin.
1537 2879 1625 2925 xv,
1662 2861 1779 2931 26),
1824 2879 1947 2933 qua:

353 2960 564 3015 habent
594 2959 744 3029 prius
772 2969 828 3013 et
869 2958 1144 3029 posterius
1177 2957 1287 3028 (l9)
1329 2975 1377 3010 ι.
1417 2957 1484 3011 Et
1517 2956 1628 3010 Leo
1670 2956 1741 3009 Μ.
1775 2971 1942 3012 serm.

350 3053 407 3120 5,
457 3053 527 3107 de
578 3052 804 3108 Pentee.
859 3068 912 3106 c.
963 3052 997 3104 4
1031 3051 1188 3122 (Ball.
1236 3067 1403 3105 serm.
1448 3052 1536 3113 77,
1593 3067 1646 3121 p.
1693 3053 1799 3106 415
1852 3053 1942 3107 ed.

2051 1944 2244 1998 Sinon
2288 1944 2356 1997 ab
2415 1953 2666 2012 utroque,
2725 1959 2836 1996 non
2892 1943 3389 2013 praeintelliguntur
3437 1945 3644 2008 ambo;

2045 2039 2134 2091 sed
2165 2037 2654 2106 prwintclliguutur
2680 2053 2699 2100 ;
2726 2051 2790 2089 ex
2821 2046 3053 2106 utroque
3085 2036 3270 2106 igitur.
3309 2054 3326 2086 ι
3369 2033 3474 2090 Sed
3507 2035 3647 2090 dilli-

2047 2130 2304 2184 cnltatcm
2354 2137 2579 2183 movent
2609 2129 2908 2181 adversarii
2945 2147 2957 2182 :
2999 2148 3017 2179 ι
3064 2129 3239 2182 Causa
3273 2128 3643 2198 pnrintelligi-

2050 2227 2138 2274 tur
2166 2219 2380 2274 eﬂ'ectni
2407 2236 2423 2284 ;
2484 2220 2715 2273 effectus
2741 2234 2874 2273 vero
2906 2217 3192 2288 (αἱτιατὸς)
3229 2218 3396 2272 Filius
3425 2227 3478 2272 et
3517 2233 3644 2288 pro-

2047 2311 2250 2365 ducere
2312 2308 2687 2381 (προϐάλλειν)
2745 2324 2927 2364 causa;
2982 2318 3067 2363 est
3127 2327 3142 2374 ;
3204 2308 3644 2380 praeintclligitur

2047 2417 2178 2472 ergo
2215 2401 2488 2472 hypostasi
2543 2400 2688 2455 Filii.
2726 2419 2744 2452 ι
2810 2399 3016 2455 Auctor
3059 2410 3248 2454 noster
3287 2401 3582 2469 respondet
3627 2417 3644 2454 :

2054 2513 2072 2546 ι
2114 2493 2269 2547 ltatio
2298 2492 2414 2559 ,ista
2447 2508 2510 2546 ex
2542 2507 2688 2562 penu
2739 2492 3128 2561 Sophistarum-
3157 2501 3260 2546 est.
3316 2491 3645 2546 l’rteintelli-

2047 2585 2192 2656 gitur
2215 2585 2359 2639 enim
2397 2585 2557 2638 Pater
2589 2583 2726 2638 Filio
2765 2599 2928 2637 causa
2955 2599 3058 2636 non
3087 2600 3150 2636 ea
3179 2599 3297 2653 quae
3326 2593 3402 2638 est
3453 2600 3644 2638 secun-

2047 2676 2176 2728 dum
2200 2674 2351 2747 [529]
2375 2676 2759 2743 processionem
2791 2673 2889 2744 (τῷ
2929 2673 3089 2744 αἰτίῳ
3117 2675 3179 2726 οὑ
3213 2673 3292 2743 τῷ
3321 2676 3442 2727 κατ’
3473 2674 3642 2728 ἐκπό-

2047 2771 2295 2836 ρευσιν);
2344 2781 2582 2836 namque
2632 2765 2723 2820 hic
2750 2767 2950 2820 modus
2980 2766 3120 2820 alius
3174 2767 3510 2822 exsistentiae
3560 2774 3645 2822 est

2047 2856 2225 2928 (ἄλλος
2244 2857 2445 2928 τρόπος
2476 2856 2784 2927 ὑπάρξεως)
2809 2872 2824 2919 ;
2851 2871 3016 2911 causa
3043 2872 3172 2910 vero
3193 2873 3313 2926 qua:
3339 2857 3645 2912 secundum

2049 2951 2452 3021 processionem
2501 2959 2559 3005 et
2620 2948 2893 3020 προϐολὴν
2923 2958 3024 3014 est,
3058 2964 3239 3019 neque
3291 2961 3419 3005 ante
3464 2967 3646 3021 neque

2045 3053 2171 3114 post
2215 3044 2538 3115 intelligitur
2589 3041 2735 3114 (οὔτε
2773 3042 3164 3111 ὲπιθεωρεῖται
3218 3039 3347 3095 οὔτε
3398 3045 3646 3114 προθεω-

351 3143 614 3208 MIGNE.):
660 3161 681 3197 ι
717 3142 856 3197 Cum
902 3143 971 3198 ad
1009 3141 1380 3198 confitendum
1419 3141 1632 3196 Patrem
1661 3152 1717 3196 et
1744 3143 1939 3198 Filium

2051 3135 2242 3202 ρεῖται)
2279 3135 2442 3186 Pater
2470 3131 2626 3186 Filio.
2659 3130 2831 3186 Nemo
2852 3131 2999 3186 enim
3045 3145 3111 3185 ex
3159 3131 3292 3199 ipsis
3316 3147 3445 3201 erga
3473 3133 3644 3186 alium

350 3245 409 3292 ct
461 3235 727 3306 Spiritum
767 3242 1044 3298 sanctum,
1104 3233 1276 3287 aciem
1340 3232 1540 3286 ntcntis
1582 3231 1940 3298 intendimus,

351 3325 548 3396 procul
587 3327 655 3381 ab
677 3325 861 3380 animo
893 3324 1098 3379 formas
1121 3323 1412 3378 visibilium
1449 3338 1632 3377 rerum
1663 3331 1720 3378 et
1759 3332 1942 3376 a'tates

354 3419 735 3488 temporalium
777 3428 1119 3482 naturarum,
1168 3415 1358 3486 procul
1406 3429 1636 3485 corpora
1693 3415 1948 3472 locorum

353 3524 408 3569 et
429 3514 550 3570 loca
574 3528 866 3582 corporum
887 3510 1238 3581 repellamus.
1270 3509 1519 3563 Discedat
1538 3523 1567 3561 a
1591 3508 1773 3571 corde,
1798 3508 1944 3578 quod

351 3608 536 3677 spatio
584 3606 920 3665 extenditur.
960 3601 1108 3673 quod
1140 3602 1247 3656 fine
1283 3601 1651 3667 concluditur,
1687 3609 1744 3656 et
1788 3601 1946 3669 quid-

350 3699 488 3770 quid
510 3713 614 3752 nec
640 3711 858 3766 semper
881 3694 1081 3764 ubique
1112 3707 1216 3748 nec
1243 3700 1414 3747 totum
1444 3702 1548 3747 est.
1583 3692 1850 3763 Cogitatio
1875 3693 1945 3748 de

352 3793 566 3848 Deitate
604 3790 892 3845 Trinitatis
919 3796 1184 3858 concepta
1212 3785 1350 3843 nihil
1389 3801 1486 3856 per
1511 3787 1823 3840 distantiam
1857 3786 1944 3839 in-

353 3887 585 3955 telligat,
632 3884 774 3939 nihil
803 3897 902 3953 per
929 3881 1129 3952 gradus
1159 3888 1384 3950 quarat.
1425 3899 1443 3930 ι
1476 3877 1581 3934 Sed
1612 3879 1657 3934 si
1704 3879 1946 3933 excludi-

353 3989 447 4034 tur
499 3977 555 4031 in
599 3975 802 4031 divinis
850 3974 1105 4044 prioritas
1157 3973 1424 4041 temporis,
1477 3987 1589 4026 non
1639 3973 1948 4029 excluditur

353 4071 515 4140 plane
566 4068 820 4137 priorilas
867 4066 1092 4119 rationis
1125 4063 1262 4135 (20).
1306 4082 1326 4116 ›
1379 4064 1522 4118 Sane
1551 4064 1702 4133 prius
1761 4075 1945 4121 mente

353 4162 662 4233 concipitur
710 4175 874 4214 causa
920 4174 1084 4228 quam
1131 4158 1380 4222 effectus,
1425 4157 1578 4227 prius
1617 4157 1944 4226 principium

354 4269 520 4324 quam
580 4249 992 4322 principiatum,
1043 4248 1199 4318 prius
1239 4247 1400 4301 Pater
1433 4262 1594 4317 quam
1641 4247 1829 4312 Filius,
1889 4256 1945 4302 et

355 4345 513 4416 prius
563 4341 727 4397 Pater
754 4350 812 4396 et
833 4340 1005 4394 Filius
1037 4354 1198 4409 quam
1234 4337 1384 4410 [528]
1421 4336 1658 4408 Spiritus
1698 4349 1941 4392 sanctus.

356 4433 798 4508 Progressionem
833 4431 1219 4487 simultaneam
1251 4430 1370 4484 Filii
1405 4439 1460 4484 et
1489 4429 1726 4500 Spiritus
1751 4446 1819 4485 ex
1841 4429 1944 4486 Pa-

2045 3232 2142 3277 aut
2173 3223 2336 3278 veluti
2373 3224 2702 3293 principium
2747 3231 2842 3277 aut
2872 3223 3037 3278 veluti
3071 3224 3196 3278 ﬁnis
3229 3224 3522 3294 (terminus
3569 3222 3642 3278 cf.

2046 3315 2073 3387 §
2102 3315 2186 3386 l8)
2215 3325 2300 3369 est
2323 3313 2703 3384 hujuscemodi
2740 3330 3088 3386 progressus,
3137 3330 3207 3369 ne
3240 3331 3465 3384 prorsus
3497 3333 3644 3370 unus

2045 3423 2111 3462 ex
2175 3407 2259 3461 his
2309 3406 2546 3476 Spiritus
2599 3406 2692 3459 sit.
2752 3405 2826 3458 Τδ
2889 3407 3294 3478 προϐάλλεσθαι
3337 3416 3466 3460 vero
3519 3418 3645 3476 post

2049 3509 2341 3568 utrumque
2370 3498 2712 3570 intelligitur.
2740 3517 2758 3550 ι
2795 3499 2901 3554 Sed
2936 3502 3145 3554 instant
3167 3515 3424 3553 rursum:
3461 3517 3479 3550 ι
3517 3498 3643 3552 Dci-

2047 3599 2150 3653 tas,
2193 3605 2314 3658 qua:
2358 3588 2412 3642 in
2455 3587 2612 3642 Patre
2657 3598 2762 3655 est,
2800 3588 3240 3660 prmintelligitur
3277 3589 3349 3643 illi
3387 3605 3510 3659 qua}
3556 3599 3642 3644 est

2047 3683 2101 3737 in
2134 3681 2269 3736 Filio
2316 3689 2370 3735 et
2397 3681 2450 3734 in
2489 3679 2718 3750 Spiritu,
2751 3689 2807 3736 et
2841 3681 3200 3735 nihilominus
3225 3698 3344 3736 eam
3391 3697 3642 3737 commu-

2046 3774 2192 3830 nicat
2219 3774 2379 3829 Pater
2401 3773 2482 3828 eis
2505 3788 2624 3841 qum
2645 3788 2710 3827 ex
2746 3787 2806 3827 se
2836 3781 2986 3828 sunt.
3029 3791 3046 3824 ι
3088 3772 3290 3828 Verum
3323 3775 3437 3828 haec
3467 3774 3641 3829 solida

2046 3883 2156 3922 non
2214 3882 2336 3922 esse
2383 3866 2682 3936 respondet
2715 3864 3156 3936 Trapezuntius:
3192 3886 3212 3918 ‹
3258 3865 3442 3920 Deitas
3491 3866 3640 3921 enim

2045 3975 2167 4030 quze
2189 3961 2242 4012 in
2266 3959 2425 4013 Patre
2456 3969 2561 4023 est,
2592 3975 2698 4028 qua
2731 3958 2917 4012 Deitas
2966 3952 3021 4031 (ᾖ
3052 3957 3286 4028 θεότης),
3310 3974 3420 4012 non
3443 3959 3642 4029 prasin-

2049 4048 2310 4117 telligitur
2336 4047 2431 4111 illi,
2452 4064 2574 4117 qua;
2599 4047 2654 4100 in
2681 4045 2819 4101 Filio
2852 4056 2957 4110 est,
2987 4063 3113 4101 eum
3135 4047 3328 4102 eadem
3351 4048 3420 4103 sit
3443 4064 3644 4104 secun-

2045 4142 2175 4198 dum
2200 4141 2382 4195 omnia
2408 4142 2664 4211 nullaque
2713 4139 2906 4195 relatio
2932 4139 3328 4210 interjicialur;
3359 4141 3455 4196 sed
3499 4157 3643 4211 prae.

2046 4233 2369 4304 intelligitur
2393 4234 2750 4303 quidemquae
2782 4231 2834 4285 in
2853 4233 3013 4286 Patre
3045 4241 3128 4285 est
3152 4230 3334 4286 Deitas
3361 4249 3464 4302 qua
3495 4249 3645 4302 gene-

2045 4341 2153 4394 rat,
2183 4321 2239 4403 (ᾖ
2262 4327 2473 4396 γεννᾷ),
2496 4333 2684 4396 postea
2705 4323 3026 4394 intelligitur
3042 4323 3098 4376 in
3119 4323 3274 4390 Filio,
3295 4341 3401 4394 qua
3428 4341 3644 4395 genera-

2047 4429 2135 4474 tur
2159 4413 2214 4492 (ᾖ
2243 4418 2546 4486 γεννᾶται),

355 4537 460 4588 tre,
511 4541 635 4594 quae
681 4539 792 4578 non
824 4522 1001 4577 solum
1055 4521 1336 4591 temporis,
1372 4522 1466 4576 sed
1518 4531 1574 4576 et
1613 4521 1944 4591 cogitationis

2122 4513 2212 4568 3|.
2256 4511 2352 4565 Est
2393 4526 2524 4581 ergo
2573 4509 2856 4581 generatio
2898 4509 3047 4578 prior
3091 4509 3480 4579 processione,
3528 4525 3642 4564 non

355 4613 699 4684 prioritatem
752 4611 1028 4676 excludat,
1078 4610 1336 4665 refellunt
1389 4627 1452 4664 ea
1507 4612 1731 4666 Patrum
1778 4612 1946 4678 dicta,

355 4722 483 4776 quae
531 4706 731 4760 docent
763 4703 1035 4774 Spiritum
1089 4704 1162 4759 ita
1189 4719 1250 4759 se
1277 4703 1480 4759 habere
1525 4705 1591 4758 ad
1617 4703 1838 4770 Filium,
1889 4715 1949 4761 ut

356 4799 530 4854 Filius
560 4814 618 4854 se
645 4798 811 4853 habet
843 4797 910 4852 ad
930 4795 1147 4851 Patrem
1173 4795 1261 4866 (ll,
1286 4794 1312 4867 ᾗ
1338 4797 1392 4863 2,
1419 4805 1544 4852 nota
1567 4797 1621 4865 5)
1648 4815 1662 4862 ;
1694 4798 1950 4852 refellunt

356 4892 563 4949 diserta
607 4891 938 4956 testimonia,
977 4889 1177 4960 quibus
1223 4888 1416 4942 Filium
1455 4888 1794 4960 prwintelligi
1835 4905 1948 4960 pra:

432 5106 544 5179 (l9)
574 5107 774 5179 Totum
799 5105 905 5159 hoc
933 5103 1220 5175 Augustini
1252 5111 1418 5179 caput
1456 5104 1524 5179 ad
1554 5119 1668 5179 rem
1704 5105 1946 5179 pertinet

354 5174 624 5241 nostram,
675 5177 743 5231 de
795 5190 906 5246 quo
953 5174 1120 5246 et’ex
1169 5189 1278 5246 quo
1328 5174 1473 5229 haud
1515 5175 1656 5229 male
1705 5176 1946 5246 disputat

357 5249 712 5308 Ratramnus,
739 5247 776 5302 Ι.
819 5245 878 5310 ll,
907 5262 957 5302 c.
989 5245 1043 5308 5,
1069 5261 1123 5314 p.
1155 5245 1281 5299 285.

432 5317 544 5388 (20)
595 5317 796 5372 Prmter
845 5315 1190 5388 prioritatem
1243 5314 1506 5385 temporis
1561 5325 1646 5370 est
1690 5317 1946 5387 prioritas

355 5386 581 5451 ordinis,
621 5404 730 5457 quo
759 5402 929 5440 unum
966 5395 1095 5440 ante
1125 5386 1270 5458 aliud
1306 5395 1628 5441 numeratur
1682 5397 1738 5442 et
1789 5390 1945 5458 poni-

357 5470 468 5524 tur,
499 5459 584 5512 vel
619 5456 848 5528 naturw,
890 5472 1000 5526 quo
1041 5456 1340 5528 exhibetur
1379 5469 1680 5528 conceptus
1711 5456 1942 5524 natura},

353 5544 481 5600 qua:
509 5527 778 5600 completa
832 5537 918 5581 est
966 5527 1264 5600 etgahﬂalia
1292 5527 1560 5600 distincta
1587 5529 1819 5600 exsistit.
1859 5531 1945 5584 vel

355 5596 599 5668 originis,
633 5596 746 5668 qua
787 5613 957 5652 unum
999 5598 1067 5652 ab
1099 5597 1206 5652 alio
1235 5607 1418 5652 ortum
1452 5596 1639 5653 habet.
1675 5599 1731 5652 Si
1766 5611 1852 5654 est
1887 5600 1944 5655 in

355 5667 624 5724 Trinitata
655 5667 823 5738 ordo,
843 5668 1075 5724 habetur
1101 5676 1158 5722 et
1188 5668 1444 5738 prioritas
1470 5668 1718 5738 quaedam
1747 5671 1942 5725 saltem

355 5683 624 5724 ’l'rtmtata
655 5683 803 5729 ordo,
843 5683 1075 5724 nanetur
1101 5683 1158 5722 et
1227 5683 1444 5723 rtorltas
1470 5683 1718 5738 quaedam
1747 5683 1942 5725 saltem

355 5739 550 5812 logica.
584 5739 746 5812 Creg.
778 5735 936 5812 Nyss.
965 5739 1002 5793 l.
1031 5739 1056 5812 l_
1081 5738 1142 5794 C.
1176 5683 1404 5812 Eunom.
1437 5739 1542 5812 ‘(G_.
1579 5737 1641 5794 0.
1695 5739 1759 5805 Il,
1813 5740 1942 5812 524)

356 5807 568 5867 diserte
600 5807 764 5867 habet
788 5825 803 5865 :
829 5807 1096 5880 ”Επινοίᾳ
1134 5809 1274 5881 μόνῃ
1321 5807 1463 5864 κατὰ
1485 5809 1578 5866 τὸν
1617 5813 1717 5882 τῆς
1760 5807 1944 5877 uitiae

2053 4613 2334 4673 tempore,
2375 4605 2467 4658 sed
2515 4602 2754 4673 ἐπινοίᾳ,
2788 4602 3144 4672 cogitatione.
3171 4601 3404 4667 ordine;
3437 4602 3644 4672 praeiu-

2053 4697 2314 4768 telligitur
2367 4695 2675 4750 intellectus
2727 4695 3048 4758 voluntate,
3101 4693 3342 4749 Verbum
3398 4696 3640 4761 Amore,

2049 4787 2260 4858 Spiritu
2305 4785 2498 4841 Filius.
2531 4787 2674 4856 Ergo
2720 4786 2850 4840 licet
2894 4785 3106 4840 nullum
3149 4794 3368 4854 tempus
3409 4785 3639 4851 dividat,

2050 4891 2234 4936 tamen
2270 4895 2382 4935 non
2423 4879 2586 4934 simul
2625 4879 3003 4948 intelliguntur
3029 4889 3212 4934 mente
3250 4889 3440 4934 nostra
3470 4893 3642 4949 gene‘

2046 5091 2724 5223 ἒόὲῖνιῖῑξίἒθξιίρουμὲνου
2756 5092 2854 5148 τοῦ
2878 5093 3032 5148 Υῐοῦ.
3069 5093 3280 5166 (Vide§
3315 5096 3367 5163 7,
3397 5105 3527 5151 nota
3571 5095 3634 5164 1;

2107 5170 2194 5233 ειι,
2219 5179 2350 5222 nota
2379 5170 2460 5223 2).

2051 5169 2194 5242 924,
2219 5179 2350 5222 nota
2379 5169 2460 5223 2).

2122 5240 2232 5310 (21)
2265 5240 2424 5308 Greg.
2459 5235 2578 5310 Cpl.
2606 5236 2757 5310 ᾼροι.
2793 5253 2841 5310 t'.
2887 5235 3062 5310 Marci
3115 5235 3252 5310 Εῃή.
3295 5235 3448 5310 Conf.
3486 5237 3636 5310 (cod.

2047 5306 2192 5368 Moti.
2219 5310 2290 5364 Ξῖ
2329 5306 2507 5379 [(1715
2534 5307 2718 5379 ὺηηϋ
2748 5307 2863 5379 a.):_
2917 5306 3056 5379 Ἀλλ’
3087 5308 3211 5360 οὐδὲ
3261 5307 3366 5379 μὴν
3408 5310 3465 5361 αἱ
3504 5309 3639 5378 πρό-

2047 5388 2155 5440 οδοι
2188 5383 2306 5452 ἃμα
2335 5378 2488 5452 εἰσί-ο
2523 5378 2736 5452 βξδαοοί
2773 5377 2933 5452 θεοῦτο
2972 5378 3012 5430 Γ
3016 5379 3275 5452 ρηγόριος
3304 5377 3358 5452 6-
3372 5377 3638 5452 Θεολόγος

2047 5448 2296 5526 φᾱιετκψγ3
2351 5449 2476 5526 ςΤὸ
2512 5449 2614 5526 τῇς
2663 5449 2979 5526 expavesco;
3026 5449 3284 5526 διᾴφορον
3331 5448 3391 5526 ᾖ*
3417 5448 3480 5501 τὺ
3533 5448 3639 5518 τῆς

2047 5517 2183 5598 ’ἱερὸς
2212 5519 2699 5598 ἄλληλσῌσχέσεῳς
2729 5519 2987 5598 ᾆιάφορρν
3027 5517 3259 5598 autem.
3294 5517 3487 5598 ξλῆσιγ
3537 5517 3636 5598 πε-

2047 5585 2244 5671 πξίτξκε
2263 5609 2291 5671 _-
2335 5585 2546 5671 ἱδῆλὸῦ
2575 5589 2688 5671 γὰρ
2716 5589 2793 5653 ὡς
2819 5585 2872 5671 εἰ
2895 5585 3036 5671 ’ἆξαι
3064 5591 3119 5642 αἱ
3155 5585 3397 5671 πρόρρορζ
3425 5585 3637 5671 οὐκ,

2045 5655 2199 5738 ἔλεῆε
2229 5666 2289 5718 τὸ
2320 5661 2419 5730 τῆς
2440 5655 2932 5738 ’ξκφάήνσίεωςξῐνσι
2951 5655 3234 5738 ξιάςὲοροεὶ.
3269 5657 3474 5738 Dein_de
3501 5658 3638 5738 citat

2045 5727 2248 5795 Athan.
2281 5727 2422 5790 orat.
2450 5733 2504 5789 5.
2534 5727 2584 5785 ‘c.
2618 5731 2713 5784 Ar.
2744 5730 2838 5800 (6,
2860 5734 2921 5784 o.
2955 5727 3156 5800 H.550
3181 5745 3197 5792 ;
3220 5737 3361 5800 erat.
3387 5729 3442 5793 ιι,
3470 5727 3634 5800 epist.

2046 5811 2073 5866 1
2108 5812 2176 5868 ad
2209 5809 2404 5876 Serap.
2430 5802 2586 5875 (ibid.
2624 5801 2774 5872 552),
2799 5798 2962 5872 Greg.
3001 5798 3159 5872 Nyss.
3187 5799 3454 5870 aliosque.
