4032 6432
489 327 596 393 539

1625 317 1890 381 PHOTII
1921 315 2433 379 PATRIARCH/E
2471 316 2581 378 CP.

3629 314 3730 381 540

489 433 629 488 ratio
683 423 1068 503 processioque
1089 470 1104 495 ,
1159 427 1255 484 sed
1308 425 1615 498 concipitur
1668 427 1950 498 generatio
2007 435 2068 482 ut
2099 439 2142 494 Α
2169 425 2451 495 ceptiones
2477 432 2532 479 ct
2556 423 2804 479 veritatis
2825 438 3005 478 sermo
3027 422 3285 478 declarat.
3318 442 3336 477 ι
3365 424 3442 480 Ad
3469 425 3583 482 haec
3605 443 3725 484 vero

487 523 804 594 praecedens
863 519 1296 592 processionem.
1331 519 1394 572 ln
1435 528 1560 573 actu
1593 533 1723 572 vero
1759 519 2066 588 processio-

488 615 574 668 nis
619 613 784 668 simul
827 613 1098 682 spirantes
1141 611 1527 680 concipiuntur
1562 609 1722 664 Pater
1761 617 1816 664 et
1859 608 2062 675 Filius,

487 707 615 760 dum
653 705 866 775 spirant
907 712 968 757 ut
1012 718 1181 756 unum
1233 701 1596 771 principium,
1633 700 1790 754 unica
1832 701 2062 765 virtute,

488 798 648 852 unica
685 795 1022 867 operatione.
1071 812 1089 844 ι
1148 792 1272 846 Non
1318 803 1393 846 est
1441 792 1673 860 Spiritus
1711 804 1953 856 sanctus,
1987 793 2066 847 ait

484 888 776 943 Anselmus
813 886 910 956 (De
937 902 1160 954 process.
1191 884 1377 955 Spirit.
1407 885 1596 948 sancti,
1624 900 1673 938 c.
1708 883 1794 952 16)
1822 886 1968 952 prius
2001 887 2065 938 de

482 980 646 1034 Patre
686 997 847 1050 quam
877 979 939 1032 de
971 977 1136 1038 Filio,
1165 993 1258 1031 nec
1291 979 1354 1032 de
1392 977 1528 1030 Filio
1566 992 1724 1047 quam
1757 975 1822 1028 de
1863 973 2062 1042 Patre;

484 1082 587 1121 nec
621 1066 792 1134 major
831 1080 932 1118 nec
976 1064 1153 1118 minor
1174 1073 1257 1118 est
1286 1063 1556 1118 exsistens
1589 1063 1656 1116 de
1688 1063 1867 1126 Patre,
1899 1078 2062 1132 quam

483 1155 753 1209 exsistens
779 1154 845 1209 de
869 1153 1026 1219 Filio,
1053 1168 1156 1208 nec
1179 1153 1351 1223 magis
1375 1167 1476 1206 nec
1508 1152 1688 1206 minus
1718 1161 1802 1206 est
1830 1153 1898 1206 de
1929 1169 2062 1217 uno,

481 1260 646 1314 quam
680 1245 748 1298 de
783 1245 976 1298 altero.
1021 1263 1040 1296 ι
1082 1243 1134 1298 Id
1165 1253 1320 1314 urget
1352 1253 1544 1298 contra
1578 1241 1824 1297 Nicetam
1854 1243 2061 1314 Byzan-

483 1337 618 1390 tium
650 1335 802 1406 Hugo
837 1336 1168 1390 Etherianus
1195 1339 1254 1404 (Ι.
1291 1353 1356 1396 ι..
1389 1351 1440 1389 c.
1475 1335 1561 1400 15,
1593 1351 1646 1405 p.
1683 1334 1840 1399 1208,
1875 1335 2057 1406 1209).

479 1429 983 1499 Argumentabatur
1009 1428 1098 1482 ille
1127 1429 1273 1482 hunc
1298 1428 1349 1482 in
1381 1428 1602 1482 modum
1629 1445 1642 1480 :
1682 1447 1700 1477 ι
1736 1428 1792 1481 Si
1823 1428 2060 1498 Spiritus

478 1534 546 1573 ex
587 1519 747 1573 Patre
786 1518 1033 1588 Filioque
1067 1520 1350 1589 procedit,
1377 1533 1602 1574 necesse
1640 1527 1742 1582 est,
1774 1527 1868 1572 aut
1903 1519 2060 1572 simul

477 1609 590 1662 sine
637 1619 869 1676 tempore
910 1615 966 1662 et
1003 1617 1262 1676 aeternam
1303 1623 1425 1662 esse
1469 1607 1905 1678 progressionem
1936 1607 2060 1678 Spi-

479 1699 620 1754 ritus
647 1715 714 1753 ex
746 1699 904 1754 Patre
931 1709 986 1753 et
1018 1697 1175 1765 Filio,
1205 1709 1298 1754 aut
1329 1701 1613 1753 secundum
1641 1701 1786 1769 prius
1812 1709 1861 1754 et
1888 1710 2060 1768 poste-

2169 516 2323 586 llugo
2355 516 2649 585 respondct
2701 515 2924 569 Latinos
2956 516 3154 569 merito
3179 515 3247 569 de
3277 515 3386 571 Deo
3405 534 3512 572 non
3568 535 3725 574 enun-

2170 607 2305 662 tiare
2353 606 2574 677 proprie
2613 596 2969 675 verha'prius
3016 615 3071 660 et
3122 608 3412 677 posterius,
3455 611 3724 665 secundum

2170 706 2412 768 tempus,
2469 697 2836 766 principaliter
2889 706 2944 751 et
3000 699 3344 761 secundario;
3390 715 3498 753 non
3556 701 3726 756 dicere

2169 788 2432 859 Spiritum
2477 789 2844 857 principaliter
2873 788 2984 857 (22)
3024 788 3173 861 [551]
3209 789 3278 843 ab
3314 791 3600 856 alterutro,
3637 795 3723 847 sed

2166 881 2229 934 de
2264 891 2481 949 utroque
2518 879 2814 948 aequaliter.
2855 877 3060 933 Deinde
3117 887 3307 934 notat:
3356 899 3373 931 ι
3418 881 3570 946 Quod
3611 899 3725 938 vero

2165 968 2436 1037 sequitur,
2469 967 2680 1020 scilicet
2713 966 3073 1036 propinquam
3109 969 3329 1036 quidem
3369 984 3588 1024 causam
3621 988 3725 1026 ina-

2165 1057 2246 1127 gis
2300 1072 2421 1111 esse
2472 1072 2727 1118 causam,
2778 1057 2962 1111 minus
3017 1071 3148 1111 vero
3193 1073 3313 1125 qua:
3366 1071 3571 1112 remoua
3622 1070 3723 1124 est,

2165 1148 2255 1217 (ad
2288 1148 2362 1219 id)
2393 1149 2784 1204 absolvendum
2831 1147 3107 1204 sufﬁciens
3146 1164 3268 1204 esse
3309 1150 3561 1217 arbitror,
3593 1152 3726 1220 quod

2163 1237 2218 1294 id
2259 1239 2363 1294 tale
2395 1240 2450 1294 in
2483 1240 2844 1313 naturalibus,
2872 1240 3060 1309 logicis
3097 1240 3499 1310 similibusque,
3530 1242 3583 1296 in
3613 1245 3726 1313 qui-
3799 1277 3802 1280 ι

2163 1330 2266 1386 bus
2289 1346 2398 1385 non
2433 1332 2623 1386 eadem
2654 1312 2816 1384 caiisa
2852 1331 3056 1401 ubique
3086 1332 3391 1402 propinqua
3423 1312 3728 1404 remotaque

2163 1430 2280 1486 est,
2310 1423 2489 1477 locum
2533 1423 2735 1488 habet;
2777 1423 2831 1476 in
2862 1423 3062 1478 divinis
3095 1439 3229 1478 vero
3256 1425 3508 1493 personis
3538 1441 3729 1495 nequa-

2161 1530 2324 1584 quam
2349 1555 2364 1578 ,
2405 1525 2519 1569 tum
2578 1525 2800 1584 propter
2841 1516 2946 1570 alia
2989 1517 3194 1583 multa,
3229 1533 3350 1586 quae
3395 1517 3556 1571 silere
3594 1534 3730 1572 nunc

2162 1615 2409 1676 praestat,
2450 1615 2564 1660 tum
2607 1621 2706 1676 pro
2755 1621 2854 1671 eo,
2889 1607 3032 1676 quod
3075 1608 3382 1677 propinqua
3427 1617 3730 1679 remotaque

2157 1715 2324 1758 causa
2373 1717 2586 1770 prorsus
2635 1701 2819 1755 eadem
2850 1711 3184 1756 censeantur
3213 1701 3374 1756 Pater
3411 1711 3468 1757 et
3530 1702 3728 1766 Filius.

479 1790 612 1844 rius.
650 1787 806 1854 Quod
851 1789 897 1844 si
946 1788 1095 1860 [350]
1136 1790 1439 1845 secundum
1483 1791 1635 1860 prius
1673 1799 1727 1846 et
1769 1790 2060 1860 posterius,
2095 1784 2138 1839 Β
2163 1799 2327 1860 atque
2365 1807 2546 1862 neque
2583 1793 2889 1847 secundum
2931 1800 3176 1862 tempus,
3218 1807 3398 1863 neque
3439 1795 3727 1850 secundum

477 1881 535 1936 in
577 1898 903 1952 quocunque
945 1883 1177 1937 duorum
1209 1884 1300 1947 sit,
1329 1883 1554 1938 evidens
1579 1893 1664 1938 est
1687 1883 2056 1954 blasphemia;

475 1975 582 2030 erit
613 1974 758 2028 enim
800 1974 1036 2044 Spiritus
1067 1991 1128 2031 se
1163 1975 1281 2045 ipso
1312 1976 1465 2046 prior
1489 1985 1544 2030 et
1575 1976 1864 2044 posterior,
1895 1984 2056 2029 aeter-

477 2081 583 2127 nus
620 2075 674 2121 et
707 2066 1086 2136 temporalis...
1131 2066 1227 2121 Sin
1254 2075 1438 2121 autem
1471 2067 1660 2129 simul,
1691 2076 1886 2136 prteter
1924 2075 2056 2118 tent-

474 2172 598 2224 pus,
641 2157 966 2210 azternaliter
1007 2173 1073 2212 ex
1114 2158 1404 2220 ambobus,
1445 2158 1602 2211 Patre
1635 2158 1758 2211 dico
1803 2167 1858 2211 et
1895 2155 2053 2221 Filio,

473 2247 754 2318 procedit.
803 2247 890 2302 cui
938 2257 995 2302 ut
1046 2249 1456 2320 propugnaculo
1502 2249 1810 2302 innituntur
1853 2249 1946 2317 qui
1987 2264 2056 2302 ex

471 2340 703 2394 adverso
743 2339 1035 2405 dimicant,
1069 2341 1424 2409 quaerendum
1461 2349 1545 2394 est
1571 2340 1640 2393 ab
1677 2338 1840 2408 ipsis,
1870 2348 2054 2392 utrum

469 2430 633 2484 simul
664 2439 860 2500 praeter
882 2440 1084 2500 tempus
1114 2440 1163 2485 et
1190 2431 1538 2497 mternaliter,
1565 2447 1632 2484 an
1672 2431 1947 2498 quomodo
1970 2429 2056 2484 di-

472 2529 622 2576 cant.
672 2522 810 2576 Nam
869 2522 915 2576 si
975 2523 1344 2592 principaliter
1387 2537 1451 2576 ex
1504 2522 1770 2576 ambobus
1827 2523 2051 2586 dicant,

470 2619 660 2681 aperta
706 2621 791 2666 est
833 2610 1190 2682 blasphemia.
1228 2613 1404 2667 Erunt
1445 2613 1590 2666 enim
1637 2612 1759 2666 in...
1791 2611 2056 2667 Trinitate

473 2704 596 2758 dua:
638 2704 967 2775 principales
997 2712 1052 2760 et
1083 2706 1203 2759 sine
1243 2705 1512 2775 principio
1535 2746 1550 2771 ,
1584 2705 1704 2759 sine
1733 2721 1893 2760 causa
1930 2721 2057 2775 per-

473 2809 657 2859 sonae,
691 2795 922 2865 ideoque
970 2796 1092 2852 due
1131 2811 1344 2858 causa,
1379 2795 1625 2865 duoque.
1668 2796 1962 2865 principia,
2001 2806 2057 2851 et

473 2885 584 2940 duo
617 2902 724 2940 non
761 2887 1018 2941 habentia
1044 2901 1224 2957 neque
1249 2903 1469 2941 causam
1499 2902 1678 2955 neque
1703 2887 2051 2957 principium.

474 2975 663 3046 Itaque
707 2979 762 3030 in
809 2978 1034 3033 deorum
1079 2979 1190 3048 (ed.
1231 2979 1488 3045 duorum)
1538 2978 1902 3048 pluralitatem
1935 2994 2056 3047 quae

473 3067 803 3124 Christiana:
838 3079 965 3125 sunt
998 3070 1276 3140 religionis
1312 3069 1732 3132 transferentur,
1766 3079 1817 3124 et
1855 3070 2053 3138 injuria

2165 1891 2439 1947 naturam,
2469 1898 2647 1952 neque
2699 1883 2983 1937 secundum
3034 1886 3264 1953 aliquem
3323 1885 3494 1939 alium
3532 1889 3729 1945 modum

2164 1971 2328 2028 Pater
2358 1972 2498 2027 Filio
2527 1975 2674 2042 prior
2698 1984 2780 2030 est
2807 1975 2921 2047 (25)
2951 1986 3005 2030 ut
3031 1976 3100 2032 de
3133 1977 3293 2032 Patre
3324 1977 3545 2047 quidem
3574 1978 3731 2048 Spiri-

2167 2073 2252 2118 tus
2287 2065 2678 2136 principaliter.
2706 2067 2773 2122 de
2796 2066 2930 2122 Filio
2963 2083 3093 2123 vero
3113 2069 3440 2124 secundario
3469 2079 3561 2124 aut
3591 2069 3730 2143 [552]

2164 2158 2311 2212 nulla
2334 2158 2566 2221 ratione,
2599 2167 2660 2214 ut
2691 2160 2865 2215 Graeci
2893 2159 3124 2213 nimium
3161 2160 3570 2230 inopinabiliter
3590 2161 3730 2216 afﬁr-

2163 2256 2347 2311 mant,
2393 2248 2685 2317 procedat;
2723 2259 2782 2303 ut
2820 2250 2966 2303 enim
3009 2260 3136 2305 ante
3172 2251 3355 2305 omnia
3398 2261 3636 2321 tempora
3670 2252 3730 2307 sio

2163 2337 2276 2391 mul
2314 2347 2443 2391 sunt
2480 2347 2676 2392 natura
2727 2337 2886 2393 Pater
2931 2349 2987 2393 et
3028 2337 3200 2393 Filius
3249 2340 3602 2410 ejusdemque
3640 2341 3730 2396 ho-

2161 2429 2346 2494 noris,
2391 2430 2464 2483 ita
2507 2429 2769 2500 quidquid
2815 2431 2922 2501 (ed.
2966 2429 3280 2502 quidquam)
3326 2439 3511 2501 potest
3555 2433 3723 2499 Pater,

2162 2529 2346 2590 potest
2383 2531 2438 2575 et
2478 2519 2684 2587 Filius,
2724 2538 2793 2576 ne
2833 2525 2937 2592 (ed.
2973 2522 3048 2594 et)
3082 2523 3376 2592 quidquam
3408 2538 3439 2577 a
3479 2523 3648 2578 Patris
3677 2531 3730 2580 et

2163 2607 2283 2663 Filii
2317 2611 2557 2679 potentia
2591 2622 2989 2667 removeretur.
3019 2631 3038 2665 ι
3083 2611 3204 2666 Jam
3232 2628 3361 2666 vero
3393 2613 3554 2668 inane
3580 2630 3728 2685 pror-

2161 2716 2257 2758 sus
2286 2712 2406 2767 est,
2438 2703 2582 2772 quod
2629 2700 2856 2758 Photius
2899 2704 2972 2773 (c.
3005 2705 3095 2771 65)
3134 2705 3204 2760 de
3245 2721 3536 2760 causarum
3578 2706 3729 2761 difl'e-

2162 2791 2337 2846 reutia
2368 2791 2592 2861 profert,
2623 2809 2744 2863 qua:
2781 2794 2926 2848 nulla
2959 2795 3183 2850 omnino
3214 2805 3329 2864 est;
3382 2797 3614 2867 indeque
3639 2797 3728 2853 de-

2160 2881 2322 2936 ducta
2354 2885 2674 2938 consecutio
2695 2925 2708 2949 ,
2737 2885 3037 2940 sectionem
3070 2897 3125 2941 et
3161 2887 3487 2943 divisionem
3529 2890 3583 2944 in
3621 2889 3729 2958 ipsa

2161 2971 2399 3044 Spiritus
2425 2991 2659 3045 persona
2692 2976 2903 3030 inferri.
2935 2976 3240 3048 Utrumque
3261 2995 3385 3049 quae
3413 2979 3572 3034 toties
3597 2982 3727 3035 dixi-

2161 3079 2284 3118 mus
2314 3065 2646 3120 convellunt.
2679 3064 2866 3136 Neque
2900 3082 3028 3122 vero
3066 3069 3312 3138 sequitur
3353 3068 3427 3140 (c.
3469 3070 3578 3139 lii),
3617 3067 3728 3139 Spi-

476 3176 586 3214 non
629 3161 884 3231 quaelibet
927 3162 1224 3217 zoarchicae
1269 3170 1328 3217 et
1371 3162 1878 3231 supersnbstantiali
1921 3162 2059 3215 irro-
2085 3152 2128 3209 C
2161 3155 2324 3208 ritum
2369 3154 2488 3210 fore
2535 3156 2696 3212 simul
2749 3157 2990 3228 genitum
3045 3169 3102 3214 et
3155 3160 3573 3230 procedentem;
3623 3170 3726 3214 tum

473 3253 690 3324 gabitur
732 3252 1008 3309 Trinitati.
1050 3255 1208 3321 Quod
1251 3253 1295 3310 si
1348 3271 1451 3307 non
1492 3253 1886 3323 principaliter,
1928 3254 2057 3309 licet

475 3345 634 3400 simul
680 3353 737 3399 et
779 3348 1130 3412 teternaliter,
1169 3347 1264 3401 sed
1308 3347 1522 3416 propius
1571 3355 1732 3414 atque
1784 3347 2054 3412 remotius,

475 3443 570 3490 aut
597 3438 770 3505 prima
806 3443 862 3492 et
897 3441 1235 3501 secundario,
1260 3449 1314 3494 et
1337 3440 1415 3493 sic
1437 3439 1738 3509 parturitur
1767 3438 2055 3508 impietas;

477 3526 711 3595 primum
741 3527 984 3596 quidem,
1018 3529 1167 3598 quod
1197 3529 1372 3600 magis
1407 3530 1510 3582 erit
1543 3527 1710 3584 Filius
1734 3546 1896 3585 causa
1931 3529 2058 3599 Spi-

477 3617 648 3682 ritus,
689 3617 871 3673 minus
918 3627 1102 3674 autem
1153 3620 1335 3676 Pater.
1391 3620 1527 3675 Nam
1572 3637 1694 3690 qua:
1752 3623 2057 3691 propinqua

476 3724 641 3764 causa
671 3717 788 3775 (εει,
823 3709 995 3782 magis
1028 3727 1194 3766 causa
1221 3720 1334 3777 εει,
1373 3721 1539 3783 ριόιιι
1567 3727 1886 3766 communes
1925 3727 2059 3767 COR-

555 3921 664 3995 (22)
695 3922 1116 3995 GraecariNicelze
1145 3925 1309 3980 verba
1344 3925 1503 3980 nobis
1533 3941 1642 3980 non
1676 3936 1877 3995 praesto
1909 3937 2057 3995 sunt,

478 4007 543 4067 et:
573 3994 772 4067 quibus
795 3994 1025 4067 judicari
1057 4005 1240 4067 queat,
1267 3996 1399 4064 quid
1431 3996 1531 4067 ipsi
1557 3997 1628 4050 sit
1658 3994 1758 4050 hoc
1787 3994 2060 4067 principa;

481 4061 601 4138 liter
635 4061 920 4138 (dpxtntbg,
959 4061 1706 4138 dpxost66;{xupitb;_etc.).
1737 4061 1869 4138 Quae
1904 4061 2056 4138 llugo

476 4131 579 4206 ait,
614 4131 788 4206 prima
824 4131 1007 4206 fronte
1029 4131 1576 4206 videnturcontraria
1616 4131 1938 4206 Augustino,
1966 4131 2058 4205 q'ui

481 4201 750 4274 Spiritum
780 4203 1153 4274 principaliter
1184 4205 1252 4258 de
1288 4204 1444 4259 Patre
1475 4201 1772 4274 procedere
1810 4201 2059 4261 dixitfld

480 4278 664 4344 tamen
708 4273 1234 4344 ipse_llipponensis
1264 4273 1754 4344 priesul'exposuit
1797 4278 1882 4344 (de
1915 4277 2058 4331 Trin.

477 4341 725 4417 35v,
755 4361 784 4417 ε
830 4341 955 4417 ideo
995 4352 1177 4397 autem
1219 4341 1401 4400 addidi
1445 4341 1813 4417 principaliter
1835 4346 1958 4414 quia
2006 4357 2063 4402 et

477 4412 546 4485 de
583 4409 722 4465 Filio
752 4411 1251 4485 Spiritus_sanctus
1290 4409 1593 4483 procedere
1619 4409 1924 4485 reperitur;
1962 4417 2056 4471 sed

2157 3247 2283 3316 quia
2328 3249 2607 3317 generatio
2649 3258 2703 3303 et
2737 3249 3016 3319 processio
3048 3259 3177 3304 sunt
3217 3250 3335 3304 duae
3382 3251 3625 3306 actiones
3651 3250 3728 3304 di-

2157 3354 2350 3404 versae,
2384 3348 2495 3393 tum
2535 3340 2662 3410 quia
2683 3341 2898 3412 concipi
2927 3341 3122 3412 nequit
3149 3341 3390 3412 Spiritus
3428 3343 3591 3397 simul
3613 3358 3725 3397 cum

2158 3434 2296 3490 Filio
2348 3437 2679 3506 procedens,
2723 3437 2819 3492 sed
2858 3437 3072 3507 concipi
3119 3437 3283 3492 debet
3330 3436 3726 3507 generationem

2159 3541 2396 3596 sequens
2428 3543 2492 3582 ac
2530 3543 2960 3599 praesupponens
2993 3528 3289 3598 processio.
3329 3527 3490 3593 Quod
3531 3536 3728 3596 tempus

2159 3635 2269 3672 non
2327 3620 2521 3674 dividit
2573 3620 2716 3689 inter
2755 3620 3158 3692 generationem
3213 3629 3268 3673 ct
3313 3619 3725 3689 processionctu,

2161 3711 2212 3766 id
2261 3727 2396 3767 sane
2444 3711 2662 3768 efficere
2690 3702 2905 3782 nequit,
2932 3721 2992 3766 ut
3018 3712 3286 3766 terminus
3324 3713 3487 3766 unius
3511 3710 3728 3765 actionis

2161 3926 2456 3996 cultatem,
2505 3925 2766 3996 Spiritum
2831 3934 3083 3981 sanctum
3144 3927 3312 3996 magis
3371 3927 3728 3996 procederca

2161 3995 2341 4062 Patre,
2374 3994 2602 4065 quanra
2642 3994 2798 4056 Filio,
2828 3997 2898 4051 ita
2934 3994 3444 4059 respondet-(Sinin.
3481 3998 3530 4050 1.
3564 4014 3616 4066 q.
3645 3995 3725 4057 56,

2161 4082 2190 4120 a
2236 4067 2288 4118 5.
2337 4069 2404 4119 ad
2447 4066 2542 4128 2):
2583 4084 2601 4116 ‹
2650 4066 2706 4119 Si
2749 4066 2918 4120 Filius
2961 4067 3233 4135 acciperet
3264 4081 3292 4119 a
3347 4066 3536 4121 Patre.
3572 4068 3726 4119 aliam

2163 4152 2379 4190 numero
2414 4137 2654 4190 virtutem
2697 4138 2764 4192 ad
2801 4135 3118 4206 spirandum
3168 4135 3430 4206 Spiritum
3468 4146 3724 4193 sanctum.

2162 4213 2502 4274 sequeretur,
2531 4207 2674 4274 quod
2707 4205 2854 4261 esset
2878 4221 3042 4260 causa
3065 4205 3306 4259 secunda
3325 4215 3382 4259 et
3406 4206 3725 4259 instrumen-

2164 4276 2305 4346 talis,
2332 4285 2388 4330 et
2421 4278 2500 4330 sic
2527 4277 2697 4346 magis
2719 4277 3038 4346 procederet
3062 4291 3090 4328 a
3125 4274 3493 4346 Patre,quam
3521 4291 3548 4329 a
3575 4274 3721 4346 Filio.

2163 4345 2268 4400 Sed
2316 4362 2421 4399 una
2461 4355 2508 4399 et
2551 4345 2731 4399 eadem
2767 4361 2983 4398 numero
3034 4346 3199 4397 virtus
3243 4345 3505 4410 spirativa
3554 4354 3628 4399 est
3675 4345 3723 4398 in

2165 4415 2324 4470 Patre
2366 4426 2420 4470 et
2455 4415 2620 4482 Filio;
2653 4416 2776 4470 ideo
2807 4415 3083 4484 a'qualiter
3105 4416 3351 4484 procedit
3379 4416 3448 4469 ab
3486 4425 3721 4483 utroque.

476 4481 572 4533 hoc
611 4497 818 4556 quoque
849 4481 941 4556 illi
985 4481 1360 4556 Pater‘dedit,
1396 4501 1506 4538 non
1532 4485 1644 4556 jam
1683 4481 1965 4556 exsistenti
2002 4495 2057 4541 et
2090 4485 2134 4540 D
2163 4485 2315 4540 Licet
2366 4486 2658 4556 aliquando
2716 4481 2930 4540 dicatur
2977 4481 3342 4554 principaliter
3389 4485 3497 4556 vel_
3528 4481 3724 4556 proprie

475 4553 1176 4626 nondunrhabenti;_se_d
1225 4555 1488 4626 quidquid
1538 4553 1828 4626 Unigenito
1878 4554 2058 4611 Verbo

476 4620 658 4696 dedit,
693 4621 976 4696 gignendo
1028 4624 1194 4677 dedit.
1244 4620 1339 4679 Sic
1378 4620 1515 4696 ergo
1562 4620 1685 4679 eum
1740 4627 1961 4695 genuit,
1999 4633 2059 4680 ut

472 4691 637 4766 etiam
676 4691 744 4746 de
770 4691 876 4746 illo
917 4694 1112 4746 donum
1151 4711 1420 4749 commune
1454 4691 1787 4766 procederet
1830 4706 1886 4750 et
1930 4696 2057 4766 Spi-

476 4759 616 4835 ritus
663 4772 891 4835 sanctus
940 4772 1089 4835 esset
1134 4759 1510 4820 amborumf:
1567 4765 1883 4820 Declaratur
1927 4759 2058 4835 ergo

474 4832 618 4897 apud
646 4833 1085 4906 Aug._adverbig_
1095 4835 1461 4906 principaliter
1482 4839 1643 4893 Pater
1667 4845 1726 4889 ut
1753 4835 1900 4888 αἰτία
1925 4832 2059 4906 repo-

477 4902 840 4978 Ξᾳταρκτώςὴ,
873 4905 1018 4978 unde
1045 4902 1184 4978 Filio
1215 4902 1294 4960 vis
1323 4906 1573 4978 spiratrix
1601 4902 2054 4978 communicatur.

478 4965 1051 5044 Hinc'erd'nselmus
1093 4965 1367 5029 Cautuarf
1401 4976 1460 5044 (Ι.
1503 4977 1624 5044 c.):
1666 4993 1685 5026 α
1738 4974 1794 5029 Si
1838 4976 2058 5037 dicitur.

475 5039 620 5116 quod
652 5039 885 5116 Spiritus
915 5053 1138 5098 sanctus
1175 5039 1804 5116 principaliter'aiPatre
1829 5045 1918 5116 sit,
1947 5061 2058 5100 non

476 5107 626 5190 aliud
667 5107 1021 5190 significatur.
1054 5107 1215 5190 quam
1239 5107 1388 5190 _quia
1428 5117 1556 5190 ipse
1597 5115 1800 5190 F_ilius_,
1836 5107 1913 5170 de
1949 5132 2059 5185 quo

475 5187 573 5259 est.
593 5177 831 5259 Spiritus
869 5177 1134 5259 sanctusl,
1172 5177 1395 5259 aAPatre
1428 5177 1594 5259 habet
1624 5186 1727 5259 hoc
1760 5177 2060 5259 ipsulm-ut

478 5245 970 5326 _Sp_iritus_sanctus
1004 5253 1076 5307 sit
1098 5245 1171 5326 de
1211 5255 1340 5309 illo:
1373 5257 1630 5326 quoniam
1663 5255 1736 5314 id.
1769 5245 1914 5325 quod
1949 5245 2054 5326 est,

475 5317 644 5400 habet
669 5336 697 5373 a
729 5319 925 5400 Patre;
953 5338 1063 5375 non
1095 5325 1246 5400 sicut
1269 5317 1518 5400 inrebus
1551 5317 1934 5400 creatisfcum
1958 5317 2060 5400 ali-1

475 5388 606 5466 quid
643 5391 944 5466 asserimus
995 5408 1138 5466 esse
1166 5396 1562 5466 principaliter,
1603 5397 1856 5450 volumus
1893 5395 2060 5464 signi-

477 5455 674 5538 ficare,
702 5461 1060 5538 quod__magis
1087 5455 1184 5538 _sit'
1202 5465 1305 5538 huc
1325 5455 1520 5538 [quod
1549 5455 2059 5538 vdici_t_urprincivpao

476 5526 625 5591 liter,
656 5526 1008 5602 quamillud:
1035 5533 1101 5588 ad
1129 5535 1274 5602 quod
1311 5526 1566 5590 refertur.
1598 5555 1618 5587 ›
1665 5526 1862 5590 Eodem
1893 5526 2059 5590 sensu

475 5613 666 5674 [eccm
713 5601 938 5674 adhibet
973 5613 1039 5674 et
1077 5601 1335 5673 explanat
1370 5606 1660 5660 Anselmus
1715 5605 2056 5674 llalvelberg.

479 5665 627 5746 Qial.
660 5669 931 5746 nigram,
973 5673 1008 5727 l.
1062 5665 1222 5746 life.
1256 5676 1324 5746 ‘25
1362 5675 1638 5746 (Spiciﬁlcg.
1675 5675 1938 5746 d'Achcry
1969 5665 2055 5746 ed.

474 5732 626 5796 Paris
653 5741 815 5809 i725,
838 5752 878 5797 t.
908 5732 952 5809 ἰ,
978 5761 1034 5814 p.
1069 5732 1191 5810 189,
1232 5732 1392 5816 190)’;
1522 5732 1792 5810 Thomas,
1817 5746 1884 5800 ad
1910 5732 2058 5801 “illi-

2163 4554 2467 4624 procedere
2499 4557 2565 4610 de
2613 4556 2804 4622 Patre,
2852 4566 3062 4624 propter
3097 4556 3367 4624 hociquod
3408 4554 3557 4608 habet
3600 4555 3723 4607 hanc

2158 4623 2404 4679 uirtutem
2427 4642 2458 4678 a
2481 4625 2663 4680 Patre.
2697 4645 2715 4677 ι
2739 4623 2905 4679 Porro
2925 4625 3066 4693 quod
3091 4625 3158 4678 ad
3183 4623 3461 4694 llugonem
3487 4633 3719 4678 nostrum

2159 4704 2389 4765 spectat,
2422 4695 2469 4750 is
2502 4711 2610 4750 non
2646 4696 2820 4750 solum
2855 4695 2962 4748 alio
2991 4696 3218 4748 omnino
3236 4711 3414 4765 sensu
3447 4694 3718 4748 formulam

2159 4764 2303 4820 hanc
2345 4765 2570 4833 rejecit,
2605 4774 2663 4819 ut
2698 4766 2783 4820 vel
2825 4765 2940 4819 hzee
2979 4765 3097 4833 ejus
3138 4764 3297 4818 verba
3343 4765 3716 4833 manifestam:

2168 4854 2188 4886 ι
2229 4832 2486 4904 lnquiunt
2509 4835 2654 4890 enim
2689 4835 2935 4902 (Latini,,
2963 4832 3146 4889 sinon
3177 4845 3259 4887 est
3296 4835 3348 4887 in
3384 4843 3565 4889 sancta
3607 4832 3721 4904 Tri-

2157 4902 2334 4959 nitate
2374 4906 2526 4975 prius
2571 4907 2870 4960 secundum
2915 4914 3162 4972 tempus,
3209 4919 3387 4973 neque
3436 4902 3716 4975 secundum

2159 4972 2411 5029 naturam
2460 4977 2796 5030 honoremve
2842 4977 3237 5043 potentiamve,
3288 4972 3398 5027 non
3437 4983 3516 5028 est
3555 4972 3718 5039 aliqua

2161 5046 2328 5119 trium
2377 5061 2734 5119 personarum
2774 5046 3142 5113 principaliter
3183 5045 3252 5119 ab
3293 5044 3433 5119 alia,
3473 5053 3716 5119 iuverunt

2160 5115 2324 5169 etiam
2374 5111 2714 5170 differenten)
2762 5111 2985 5169 sensum
3033 5114 3246 5168 notavit
3304 5114 3422 5182 ipse
3469 5111 3583 5179 (lib.
3631 5111 3716 5182 cit.

2160 5186 2339 5308 carui,
2375 5201 2432 5255 p.
2467 5185 2604 5240 1210
2640 5184 2700 5240 F.
2732 5184 2822 5256 G.)
2844 5224 2858 5250 ,
2891 5185 2980 5240 ubi
3011 5201 3073 5240 ea
3105 5185 3218 5254 ipsa
3255 5179 3540 5253 Augustini
3570 5179 3716 5234 verba

2160 5270 2190 5308 a
2235 5270 2294 5308 er
2324 5295 2338 5308 .

2159 5262 2338 5309 affert.

2232 5324 2346 5402 (23)
2382 5323 2507 5380 Haec
2545 5324 2727 5402 minus
2757 5325 2984 5402 praecise
3021 5324 3164 5379 dicta
3191 5323 3446 5402 videntur
3456 5342 3475 5402 _;
3504 5319 3715 5402 restrin-

2160 5395 2334 5465 genda
2367 5405 2579 5469 tamen,
2618 5402 2677 5469 u_t
2697 5395 2824 5469 ipsa
2857 5397 3015 5469 verba
3053 5395 3467 5469 ostendunt,_ad
3502 5394 3715 5469 Spiritus

2162 5467 2590 5537 processionem.
2650 5465 2804 5537 Licet
2857 5465 3005 5519 enim
3049 5465 3265 5537 Patrem
3318 5465 3468 5533 prius
3512 5465 3713 5537 cogitari

2161 5531 2323 5606 quam
2355 5533 2550 5588 Filium
2586 5535 2720 5590 ordo
2755 5535 2870 5605 ipse
2909 5535 3174 5606 postulet,
3208 5531 3384 5606 tamen
3417 5531 3586 5606 quoad
3613 5531 3712 5606 spui-

2161 5600 2431 5660 rationem
2470 5606 2704 5676 activam
2748 5600 2978 5676 uterque
3012 5605 3224 5674 concipi
3265 5600 3510 5676 debet‘ut
3535 5600 3636 5676 jam
3665 5600 3710 5649 iu

2161 5691 2258 5756 sua
2290 5674 2678 5744 personalitate
2716 5667 3047 5731 constitutus
3083 5683 3138 5730 et
3171 5667 3231 5729 ut
3260 5673 3418 5729 simul
3454 5667 3711 5742 aequaliter

2160 5759 2397 5816 Spirans.
