4032 6452
423 394 527 458 547
1572 391 1834 453 PHOTII
1870 390 2386 454 PATRIARCHAE
2419 391 2530 452 cr.
3583 403 3674 466 δίε
3753 429 3762 437 .

1691 737 2461 867 HOMILI/E.

2040 1181 2086 1241 Ι.

421 1399 598 1454 Pharii
650 1396 720 1468 (ο)
755 1396 1136 1468 archiepiscom'
1162 1390 1777 1468 Constantinopolitani,
1823 1389 2012 1468 Oratio

2120 1389 2350 1468 .pwﬂov
2375 1389 2459 1468 (ιη
2477 1387 2960 1468 ἀρχςεπισξιόπου
2989 1391 3694 1468 ιςωνᾳταντιγουπρλεως,

492 1471 546 1524 in
575 1458 1051 1524 sanctissimw'Dei
1082 1458 1363 1522 Cenitricis
1392 1458 1631 1519 natalem
1657 1463 1800 1518 diem
1836 1462 1936 1533 (ά).

2191 1461 2377 1529 λόγος
2407 1461 2495 1526 εις
2550 1460 2616 1513 τὸ
2649 1459 2933 1528 γενέσιον
2966 1458 3080 1528 τῆς
3112 1460 3443 1530 ὑπερατιας
3500 1458 3694 1518 Θεοτόὲ

2190 1547 2321 1583 κου.

2229 1548 2321 1584 ου.

1567 1646 1821 1698 (Ζοιιιιειηε.
1849 1649 1988 1698 Auct.
2024 1659 2134 1698 nov.
2178 1645 2544 1709 [3.1583-1-601.

489 1761 682 1819 Omnis
748 1761 970 1834 quidem
1047 1761 1361 1825 festivitas,
1416 1758 1763 1829 celebrisque
1831 1759 2012 1815 omnis
2037 1777 2081 1839 Α

2191 1759 2353 1812 Πᾶσα
2387 1757 2488 1830 μὲν
2518 1757 2702 1829 ἑορτὴ,
2726 1759 2820 1811 καὶ
2848 1759 3000 1812 πᾶσα
3046 1760 3358 1831 πανήγυρις
3379 1801 3396 1828 ,
3431 1762 3553 1816 καθ’
3587 1764 3694 1836 qva

416 1865 742 1917 conventus.
773 1871 882 1924 quo
912 1855 1126 1925 piorum
1158 1862 1334 1908 coetus
1363 1852 1720 1916 exhilaratur,
1751 1859 1866 1906 tum
1895 1851 2008 1906 dis-

2111 1850 2222 1905 τῶν
2255 1849 2631 1904 εὐσεϐούντων
2680 1848 3036 1922 φαιδρύνεται
3091 1850 3374 1922 σύλλογος,
3441 1853 3556 1907 λύει
3603 1859 3694 1924 μὲν

416 1947 578 2012 sidia,
629 1955 958 2017 mutuasque
999 1945 1123 2001 lites
1163 1943 1451 2009 dissolvit,
1489 1941 1607 1998 'tum
1639 1942 1861 2007 animis,
1893 1952 2008 1998 stu-

2109 1940 2210 2005 τάς
2235 1941 2370 2011 πρὸς
2401 1941 2665 2011 ἀλλήλους
2719 1939 3008 2012 διαφορὰς,
3043 1941 3141 1996 καὶ
3170 1941 3270 2005 τὰς
3320 1942 3506 2014 ὲρίδας
3530 1959 3546 1974 ·
3581 1963 3696 1998 συν-

413 2040 632 2110 diisque
675 2041 904 2105 divisos,
951 2054 1016 2094 ac
1045 2053 1160 2100 eos,
1183 2039 1276 2109 qui
1313 2039 1516 2094 amoris
1545 2037 1826 2093 vinculum
1863 2037 2005 2092 sedi-

2111 2033 2236 2102 άγει
2264 2033 2323 2087 δὲ
2353 2033 2482 2097 τοὺς
2513 2031 2842 2103 άπαλλήλων
2872 2031 3066 2105 γνώμῃ
3117 2033 3416 2098 διεστῶτας
3444 2074 3459 2099 ,
3500 2037 3695 2090 καὶτὸν

415 2130 566 2185 tione
590 2131 952 2202 diruperunt;
981 2131 1336 2185 Canticorum
1364 2145 1636 2185 consonas
1664 2144 1849 2194 voces,
1880 2127 2007 2199 qui-

2107 2124 2307 2197 δεσμδν
2327 2124 2424 2180 τοῦ
2453 2123 2680 2198 φίλτρου
2705 2123 2893 2179 στάσει
2917 2123 3208 2190 λύσαντας.
3229 2126 3331 2198 τὴν
3357 2125 3470 2179 τῶν
3501 2126 3696 2199 ’ᾼσμά-

411 2223 516 2278 bus
561 2224 676 2293 ipsa
717 2240 775 2278 re
809 2224 1142 2290 consoletur,
1189 2223 1260 2277 ad
1311 2222 1618 2277 concordiae
1649 2221 2003 2276 instauratio-

2106 2237 2218 2274 των
2246 2219 2590 2291 συμφωνίαν,
2625 2217 2975 2288 παράκλησιν
3025 2218 3173 2290 ἔργῳ
3231 2218 3693 2292 καταϐαλλομένη,

411 2330 540 2368 nem
581 2314 884 2381 exhibens;
920 2315 1059 2370 mire
1085 2314 1311 2386 colligit,
1343 2313 1604 2384 unitque:
1653 2323 1816 2383 atque
1843 2311 2003 2367 unius

2109 2309 2247 2382 πρὸς
2269 2310 2368 2381 τὴν
2395 2309 2496 2380 τῆς
2521 2308 2905 2383 ὁμοφροσύνης
2941 2309 3318 2380 ἑπανάκλησιν
3339 2325 3354 2340 ·
3379 2310 3617 2366 δείκνυσι
3642 2312 3693 2370 δὲ

411 2406 769 2476 ejusdemque
805 2405 1016 2461 Domini
1047 2421 1110 2461 ac
1133 2407 1420 2471 creatoris,
1465 2405 1722 2478 ﬁgmenta
1751 2419 1818 2462 ac
1849 2419 2003 2460 crea-

2108 2403 2204 2456 καὶ
2234 2401 2328 2456 τοῦ
2358 2401 2526 2456 αὑτοῦ
2561 2402 2836 2456 Δεσπότου
2889 2401 2988 2459 καὶ
3019 2401 3357 2473 δημιουργοῦ
3399 2403 3522 2468 τοὺς
3576 2422 3695 2456 συν-

412 2505 588 2562 turas,
649 2513 747 2554 eos
787 2499 881 2570 qui
925 2499 1140 2555 collecti
1172 2508 1320 2564 sunt,
1353 2499 1596 2554 ostendit
1628 2516 1641 2552 :
1674 2513 1852 2567 exque
1884 2496 2004 2550 uni-

2107 2495 2526 2568 αγηγερμένους
2553 2495 2858 2566 πλάσματά
2883 2513 2944 2549 τε
2987 2495 3085 2550 καί⁹
3134 2501 3456 2567 ποιήματα’
3503 2501 3598 2552 καὶ
3631 2501 3692 2574 τῇ

413 2598 527 2645 tate
556 2591 760 2657 cultus,
788 2589 1034 2660 ﬁgmenti
1061 2605 1250 2661 parem
1276 2591 1598 2662 dignitatem
1626 2590 2002 2654 subindicans,

2107 2589 2320 2661 ὲνότητι
2342 2587 2437 2646 τοῦ
2470 2588 2839 2658 σεδάσματος,
2862 2588 2960 2659 τὴν
2997 2588 3293 2659 ὀμοτιμίαν
3325 2589 3428 2661 τῆς
3457 2590 3696 2655 πλάσεως

409 2699 602 2740 eorum
651 2685 745 2756 qui
793 2685 849 2738 in
897 2700 957 2739 se
995 2685 1232 2739 invicem
1269 2684 1487 2740 acerbis
1514 2685 1655 2739 odiis
1680 2683 2001 2750 afferentur,

2108 2681 2506 2752 ὑποφαίνουσα,
2539 2680 2667 2745 τοὺς
2689 2680 3043 2753 καταλλήλων
3070 2682 3286 2753 πικρῶς
3309 2683 3697 2754 ἐπαιρομένους

408 2773 580 2842 lenit,
629 2791 694 2830 ac
743 2775 1002 2846 deprimit
1044 2776 1293 2841 animos;
1336 2775 1578 2830 suadens
1621 2775 1871 2830 modeste
1917 2791 2000 2829 sa-

2107 2777 2344 2846 πραΰνει
2383 2776 2478 2832 καὶ
2512 2776 2793 2845 κατασπᾷ,
2857 2775 3058 2847 μέτρια
3113 2777 3336 2846 φρονεῖν
3366 2775 3462 2829 καὶ⁵
3491 2774 3697 2846 ἀνθρώ-

408 2881 563 2936 pere,
610 2882 673 2921 ac
718 2883 819 2937 pro
852 2868 1090 2922 humana
1122 2867 1366 2930 ratione;
1407 2866 1724 2936 docensque
1757 2867 1825 2921 ad
1851 2882 2000 2921 eam-

2108 2885 2241 2923 πινα
2275 2853 2562 2932 πείθουσα,
2595 2867 2693 2921 καὶ
2725 2867 2860 2938 πρὸς
2883 2868 2986 2938 τὴν
3011 2866 3182 2938 αὐτὴν
3213 2867 3308 2920 τοῦ
3333 2868 3576 2922 mdes-ou
3604 2886 3700 2922 πα‹¹

410 2961 538 3015 dem
561 2959 794 3015 Fictoris
819 2977 1040 3015 manum
1069 2960 1368 3031 respicere,
1400 2967 1568 3030 atque
1596 2961 1739 3016 idem
1768 2959 2002 3016 ﬁctionis

2107 2958 2290 3029 λάμην
2318 2959 2473 3030 ὀρᾷν,
2513 2957 2606 3012 καὶ
2628 2957 2720 3010 τὸν
2748 2957 2914 3010 αὐτὸν
2956 2956 3380 3026 ἀναλογίζεσθαι
3420 2960 3522 3030 τῆς
3569 2959 3699 3014 πλάσ

408 3054 586 3108 lutum
628 3063 900 3123 reputare.
949 3055 1032 3108 Ad
1081 3055 1188 3110 hoc
1236 3054 1382 3109 enim
1428 3054 1706 3109 solemnes
1751 3053 2000 3109 conferre

2108 3066 2248 3114 σεως
2285 3049 2459 3121 πηλὸν
2508 3049 2925 3104 ὲκδιδάσκουσα.
2984 3050 3080 3113 Εἰς
3135 3049 3295 3104 τοῦτο
3327 3051 3440 3121 γὰρ
3472 3051 3596 3121 ἐμοί
3638 3068 3699 3119 γε

408 3155 745 3211 conventus,
793 3162 1034 3218 congrua
1074 3146 1402 3202 Christianis
1442 3146 1788 3202 consuetudo
1829 3147 2000 3202 docu-

2108 3142 2209 3206 τὰς
2242 3142 2585 3214 πανηγύρεις
2616 3143 2791 3197 τελεῖν
2813 3145 2843 3196 ὁ
2867 3142 3098 3216 πρέπων
3123 3144 3480 3212 Χριστιανοῖς
3503 3143 3697 3214 θεσμὸς

409 3249 597 3295 mento
626 3247 742 3305 est;
773 3255 838 3294 ac
859 3241 1000 3294 alius
1025 3240 1271 3308 quidem,
1295 3239 1576 3296 Christum
1604 3247 1792 3294 natum
1815 3249 2001 3295 osten-

2112 3235 2432 3289 ὑποτίθεται
2452 3250 2464 3263 ·
2504 3235 2602 3290 καὶ
2630 3237 2663 3307 ἠ
2692 3234 2792 3306 μὲν
2830 3237 3066 3307 Χριστὸν
3095 3237 3391 3308 ἐμφανίζει
3449 3237 3696 3308 τικτόμε-

409 3329 524 3396 dit;
576 3330 716 3384 alius
748 3337 984 3384 testatur
1010 3329 1384 3398 baptizatum;
1417 3328 1628 3400 profert
1659 3330 1797 3384 alius
1825 3340 2001 3384 trans-

2110 3346 2200 3382 νον
2223 3343 2238 3358 °
2273 3328 2307 3397 ἡ
2337 3328 2438 3392 δὲ,
2500 3327 2844 3400 μαρτύρεται
2879 3327 3313 3399 βαπτιζόμενον·
3370 3329 3510 3404 ἄλλη
3555 3331 3698 3401 φέρει

408 3421 702 3493 ﬁguratum
747 3439 760 3474 :
811 3420 952 3474 alius
1002 3420 1230 3475 exhibet
1254 3419 1440 3477 divina
1472 3429 1780 3490 patrantem
1809 3419 1999 3491 signa;

2113 3419 2639 3490 μεταμορφούμενον
2665 3435 2679 3450 ·
2723 3419 2886 3489 ἑτέρα
2921 3420 3000 3485 δὲ,
3039 3421 3139 3484 τὰς
3174 3421 3510 3494 θεοσημείας
3540 3422 3698 3492 ἐργας-

407 3514 780 3569 daemoniacos
820 3520 1143 3578 curantem;
1177 3512 1341 3567 caecis
1371 3511 1550 3567 visum
1582 3513 1999 3578 restituentem;

2111 3504 2367 3576 ξάμενον·
2397 3505 2772 3576 δαιμονῶντας
2797 3507 3178 3578 θεραπεύοντα
3201 3524 3217 3542 ⁶
3263 3512 3480 3584 πηροὺς
3525 3511 3699 3580 ὀμμα-

409 3605 739 3676 sanguinum
769 3605 1066 3659 siccantem
1100 3603 1321 3668 fontes;
1355 3603 1565 3657 claudis
1605 3619 1670 3658 ac
1694 3604 2001 3675 paralyticis

2110 3597 2337 3652 τοῦνταο
2389 3601 2576 3669 πηγὰς
2631 3600 2885 3671 αἱμάτων
2946 3602 3313 3674 ξηραίνονταα
3363 3604 3572 3675 χωλοὺς
3611 3604 3698 3658 καὶ

407 3692 655 3749 membra
697 3693 1095 3764 astu-ingentem
1139 3709 1152 3745 :
1200 3701 1449 3750 mortuos
1499 3693 1856 3748 suscitantem
1893 3711 1906 3748 :
1941 3708 1999 3748 ac

2111 3692 2477 3763 παρειμένους
2509 3695 2919 3765 συσφίγγοντα·
2952 3698 3183 3766 νεκροὺς
3226 3697 3568 3751 άνιστῶντα·
3614 3696 3698 3749 τέρ

406 3785 628 3840 demum
677 3785 816 3839 alius
864 3785 1196 3854 pendentem
1248 3785 1303 3839 in
1349 3799 1512 3839 cruce
1554 3785 1827 3852 traducit;
1864 3785 1998 3840 alius

2109 3784 2201 3847 λος
2231 3784 2324 3836 ἐπὶ
2357 3785 2594 3858 σταυροῦ
2625 3787 2980 3859 κρεμάμενον
3003 3787 3140 3860 άλλη
3165 3786 3694 3860 παραδειγματίζει·

404 3891 538 3930 vero
581 3877 779 3931 iterum
828 3884 1237 3946 resurgentem,
1273 3892 1560 3946 meamque
1589 3877 1898 3932 visibilibus
1923 3878 1996 3932 fa-

2111 3874 2208 3929 καὶ
2232 3873 2367 3943 ἄλλη
2395 3875 2563 3929 πάλιν
2595 3876 2980 3949 ἀνιστάμενον,
3006 3880 3103 3933 καὶ
3123 3877 3221 3951 τὴν
3244 3880 3389 3951 ἐμὴν
3411 3880 3698 3936 ἀνάστασιν

407 3971 531 4037 clis,
557 3973 834 4044 gestisque
859 3973 1325 4029 resurrectionem
1355 3972 1690 4028 initiantem.

1470 3974 1690 4028 iamem,
2111 3964 2294 4036 ἔργοις
2322 3967 2623 4037 ὁρωμένοις
2652 3968 3062 4037 ἐγκαινίξοντα.

477 4063 617 4118 Cum
670 4064 750 4119 sic
789 4073 973 4124 autem
1005 4064 1205 4120 divinae
1235 4079 1478 4136 c0ngrue
1503 4064 1752 4136 religioni
1784 4066 2004 4122 institu-

2193 4057 2334 4111 Ἀλλ’
2361 4057 2508 4112 οὕτω
2552 4059 2735 4131 πάσης
2775 4053 3122 4133 θεοπρεποῦς
3169 4062 3560 4136 πανηγύρεως,
3608 4065 3697 4119 καὶ

406 4164 496 4214 tus
562 4156 742 4211 omnis
803 4157 1075 4227 ejusmodi
1129 4167 1474 4220 conventus,
1526 4167 1640 4212 tum
1688 4159 1998 4213 communia

2107 4149 2217 4203 τῶν
2247 4151 2540 4204 ἐπικοινῶν
2573 4151 2934 4224 χαρισμάτων
2969 4155 3324 4227 παρεχούσης
3348 4158 3450 4228 τὴν
3476 4157 3698 4211 ἀπόλαυ-

407 4255 550 4303 dona
589 4247 819 4302 fruenda
870 4249 1132 4318 praebeat.
1167 4257 1282 4302 tum
1313 4249 1587 4318 propriam
1626 4249 1832 4319 pariter
1863 4251 1999 4304 emi-

2112 4256 2218 4304 σιν,
2249 4242 2343 4294 καὶ
2371 4242 2506 4296 ἰδίαν
2527 4248 2649 4299 τινὰ
2683 4248 3207 4319 συνεπαυγαζούσης
3239 4249 3341 4321 τῆς
3371 4251 3590 4322 χάριτος
3612 4249 3696 4303 ἔλ-

406 4352 623 4397 cantem
667 4341 854 4412 gratia:
893 4341 1311 4396 illustrationem
1342 4341 1664 4410 praetendat.
1699 4342 1859 4412 longe
1889 4357 1998 4412 pra:

2108 4333 2334 4406 λαμψιν,
2366 4337 2520 4408 παρά
2547 4338 2682 4392 πολὺ
2711 4339 2818 4393 τῶν
2870 4340 3050 4397 άλλων
3083 4344 3118 4415 ἡ
3151 4343 3408 4416 παροῦσα
3455 4347 3695 4416 πανήγυ-

405 4435 548 4501 aliis,
600 4433 866 4489 solemnis
895 4432 986 4487 hic
1011 4433 1153 4496 dies,
1184 4433 1424 4504 Virginis
1460 4449 1525 4490 ac
1549 4433 1641 4488 Dei
1676 4433 1868 4491 Matris
1900 4449 1997 4488 na-

2112 4444 2216 4498 ρις,
2249 4428 2350 4498 τῆς
2382 4430 2658 4500 Παρθένου
2701 4433 2796 4487 καὶ
2830 4433 2970 4488 Θεοῦ
3021 4437 3246 4509 Μητρὸς
3270 4437 3694 4510 φιλοτιμουμένη

407 4526 584 4581 talitio
633 4526 889 4596 inclytus,
953 4525 1216 4594 prmelara
1275 4526 1502 4582 honoris
1540 4524 1778 4596 insignia
1811 4524 1999 4580 refert.

2106 4497 2208 4589 τὴν
2239 4497 2514 4593 γέννησιν,
2542 4524 2773 4598 λαμπρά
2799 4528 2941 4582 κατὰ
2967 4497 3241 4602 «datae-“cdt
3270 4497 3538 4603 πρεσϐεῖα
3566 4497 3694 4586 duo:

404 4615 882 4683 Quemadmodum
922 4616 1069 4671 enim
1123 4615 1390 4682 radicem,
1439 4631 1736 4682 ramorum,
1793 4615 1996 4671 trunci-

2105 4615 2353 4686 φέρεταιο
2388 4617 2603 4691 Ὠσπερ
2637 4623 2748 4694 γὰρ
2779 4622 2880 4694 τὴν
2915 4625 3077 4696 ῥίζαν
3103 4626 3313 4682 κλάδων
3364 4631 3461 4684 και
3519 4629 3693 4683 στελέ-

404 4726 532 4780 quc,
573 4725 637 4765 ac
679 4710 916 4776 fructus,
968 4709 1242 4779 floresque
1265 4710 1615 4780 agnoscimus
1640 4724 1886 4774 causam,
1926 4718 1996 4763 ta-

2103 4727 2234 4779 χους
2265 4712 2359 4764 καὶ
2387 4713 2604 4783 καρποῦ
2643 4715 2739 4768 καὶ
2762 4714 2960 4780 ἄνθους
2991 4718 3172 4771 αἰτίαν
3230 4720 3594 4793 γινώσκομεν.
3648 4722 3691 4774 εί

407 4802 564 4856 metsi
609 4802 820 4858 fructus
871 4802 1042 4874 gratia
1084 4816 1249 4856 omne
1293 4801 1417 4856 aliis
1459 4800 1703 4858 studium
1741 4800 1999 4872 laborque

2106 4802 2202 4856 καὶ
2230 4801 2325 4856 τοῦ
2364 4804 2582 4876 καρποῦ
2617 4807 2780 4879 χάριν
2802 4809 2836 4879 ἡ
2865 4809 2996 4880 περὶ
3030 4811 3099 4864 τὰ
3126 4812 3264 4866 ἄλλα
3304 4815 3514 4885 σπουδὴ
3547 4814 3637 4869 καὶ
3663 4815 3688 4867 ὁ

408 4892 782 4961 impenditur;
829 4895 1076 4965 citraque
1117 4893 1379 4959 radicem,
1429 4892 1662 4946 aliorum
1703 4891 1843 4946 nihil
1868 4907 2000 4947 ena-

2106 4893 2271 4957 πόνος
2298 4896 2734 4951 καταϐάλλεται·
2763 4901 2859 4954 καὶ
2879 4901 3033 4956 οὐδὲν
3057 4901 3169 4957 τῶν
3197 4903 3373 4958 ἄλλων
3401 4907 3571 4978 χωρὶς
3597 4907 3689 4975 τῆς

409 4983 579 5038 scitur
612 4999 628 5049 ;
660 4984 739 5038 sic
765 4983 1003 5056 Virginis
1042 4984 1265 5054 dempta
1291 4982 1613 5050 festivitate,
1648 4983 1899 5053 aliarum,
1930 4983 1999 5040 ab

2137 4985 2267 5056 μίζης
2290 4987 2556 5058 ἐκφύεται
2577 5005 2590 5020 '
2614 4989 2788 5056 οὕτως
2811 4993 2942 5048 ἄνευ
2960 4994 3056 5068 τῆς,
3086 4996 3429 5072 παρθενικῆς
3453 4996 3690 5068 πανηγύ-
3727 5009 3729 5012 ·

1906 5159 2141 5216 NOTAE.

485 5299 552 5372 (c)
585 5297 658 5355 Ut
682 5300 1214 5379 _sc_hisma_ex_cipias,
1253 5311 1375 5379 erat
1403 5301 1476 5379 '_ut
1507 5300 1751 5379 Photius_
1783 5299 1998 5372 magnis
2098 5305 2326 5379 exordio
2360 5324 2373 5360 ε
2423 5307 2580 5364 valde
2639 5309 2726 5364 illa
2789 5310 3068 5368 luculenta
3091 5354 3106 5379 ,
3141 5315 3358 5371 tametsi
3413 5316 3565 5371 nolui
3622 5317 3688 5372 ita

407 5387 627 5454 quoque
650 5372 801 5436 viris,
815 5387 879 5427 ac
899 5371 1160 5457 Ecclesia:
1177 5373 1451 5454 magistris
1473 5371 1755 5457 accenseri
1783 5371 1995 5457 posset;
2101 5377 2348 5457 mutilam
2391 5381 2726 5457 esseribere,
2755 5393 2947 5457 atque
2991 5371 3104 5440 hic.
3135 5387 3246 5457 loci
3281 5371 3687 5457 repraesentare.

406 5443 564 5527 cujus
615 5454 1034 5527 monumentum
1089 5443 1193 5496 hoc
1240 5442 1998 5527 ἰιξῃεειιιι-οιειιιιγιξείμιξιιοεῃη,ἶ
2103 5445 2386 5527 Praecipue
2429 5449 2677 5527 imitatus
2715 5442 2936 5527 videtur
2983 5442 3534 5527 auctorcreéorium
3579 5457 3686 5512 Na-

407 5511 618 5590 d_iutius
640 5515 819 5590 latere
842 5513 1014 5590 uolui,
1049 5529 1113 5566 ex
1140 5527 1250 5590 q_uo
1283 5513 1462 5590 Photii
1503 5526 1642 5590 vena
1763 5511 1766 5512 ⁷
1790 5511 2002 5566 festivis
2104 5511 2428 5590 zianzénum
2450 5517 2603 5575 Orat.
2626 5521 2678 5574 in
2699 5531 2886 5577 sancta
2908 5523 3244 5590 lumina,ubi
3272 5511 3494 5582 "iam
3516 5511 3684 5582 multis

405 5583 1068 5668 ejusnrodiuorationibus
1111 5583 1259 5663 velut
1306 5581 2002 5668 speciminealiquopsese
2104 5587 2310 5668 absona
2330 5590 2795 5668 genti‘liuntsacra
2820 5594 3072 5650 traducit.
3097 5581 3274 5650 Nolim
3298 5581 3401 5668 ego
3417 5581 3682 5653 immorari

408 5651 620 5739 prodat.
667 5653 780 5710 Nec
806 5655 953 5739 enim
981 5653 1114 5739 alia_
1135 5654 1258 5739 ejus
1279 5651 1530 5739 generis
1549 5651 1702 5739 illius
1727 5651 2000 5739 prodiisse
2102 5651 2442 5739 explicandis
2468 5659 2685 5727 fabulis,
2723 5678 2857 5732 quas
2886 5667 3196 5738 perstin'git.
3230 5651 3408 5724 Addat
3429 5669 3521 5739 qui
3551 5651 3680 5723 volet

406 5723 668 5800 arbitror;
698 5740 802 5780 nec
831 5725 971 5800 forte
999 5723 1616 5800 exstant.__Seguiera_no
1641 5723 1824 5800 codici
1859 5736 2002 5800 pra;
2103 5723 2470 5800 my‘thologos.

406 5795 548 5849 ﬁxus
581 5797 744 5869 index
773 5796 1002 5869 antiquo
1027 5811 1192 5849 manu
1221 5794 1381 5869 aliam
1406 5792 1456 5847 ei
1488 5793 1702 5869 tribuit,
1729 5793 1785 5846 in
1817 5791 1998 5860 sepul-

2163 5791 2243 5869 ld)
2289 5791 2382 5856 Εἰ
2397 5799 2833 5862 Eminentissimi
2862 5806 3158 5866 cardinalis
3190 5810 3444 5867 Mazarini
3472 5810 3677 5868 Codice.

409 5875 587 5920 turam
629 5867 879 5934 Domini,
908 5864 1199 5939 exstatque
1230 5865 1304 5922 ibi
1346 5865 1459 5922 fere
1502 5864 1714 5933 integra
1762 5869 1997 5931 excepto
