4032 6442
297 382 401 448 519

1083 383 1416 444 HOMILIA
1463 381 1514 442 Ι.
1552 404 1620 416 -
1661 379 1740 440 ΙΝ
1779 380 1883 439 SS.
1924 379 2191 440 MARI/E
2229 382 2781 453 NATIVITATEM;

3489 401 3596 464 550

298 513 459 568 ρεως,
491 493 720 566 οὐδεμία
749 493 859 548 τῶν
881 493 940 562 ἐξ
972 494 1143 565 αὐτῆς
1183 492 1718 562 ἅναϐλαστησάντων
1764 493 1886 543 ἐπι-

2014 509 2109 563 psa
2158 496 2607 565 germinantium,
2648 501 2797 554 nulla
2843 501 3145 559 illucescet.
3187 504 3316 561 ideo
3357 523 3597 580 namque

301 588 578 658 φαίνεται.
641 587 968 652 Ἀνάστασις
1030 589 1161 656 γὰρ,
1202 588 1283 640 ὃτι
1337 587 1607 649 θάνατος·
1662 585 1892 646 θάνατος

295 682 373 745 δὲ,
394 683 478 736 ὅτι
509 681 840 752 σταύρωσις·
871 679 1181 750 σταύρωσις
1207 680 1287 744 δὲ,
1312 681 1395 733 ὅτι
1420 679 1674 748 Λάζαρος
1697 692 1893 747 τεταρ-

294 777 449 836 ταῖος
478 772 606 845 ᾅδου
640 772 827 826 πυλῶν
855 771 1173 843 ἀνελήλυθεο
1225 771 1320 826 καὶ
1373 771 1566 838 τυφλοὶ
1597 768 1888 840 βλέπουσι·

297 867 395 921 καὶ⁷
424 867 618 936 κλίνην
646 867 733 936 ἐφ’
769 860 838 937 ἧς
865 865 1062 930 ἔκειτο,
1087 867 1243 938 φέρει
1273 864 1483 936 τρέχων
1507 865 1535 916 6
1561 862 1890 934 παράλυτος·

297 959 530 1012 καὶτῶν
559 959 1054 1030 παραδοξουμένων
1093 957 1269 1027 ἔργων
1292 973 1307 988 ο
1350 958 1411 1008 οὐ
1457 955 1567 1024 γὰρ
1608 953 1895 1024 ἐπίκαιρον

298 1053 478 1107 πάντα
515 1052 860 1120 καταλέγειν·
890 1051 961 1104 τὰ
983 1050 1261 1115 ἐπίλοιπα,
1285 1049 1320 1103 ἃ
1352 1049 1414 1102 τὸ
1448 1047 1720 1101 Ἰουδαίων
1743 1045 1896 1107 ἐθνος

298 1143 417 1196 δέον
446 1141 692 1209 δοξάζειν
745 1142 842 1196 καὶ⁸
873 1143 1156 1211 ἀνυμνεῖν,
1197 1142 1277 1204 εἱς
1311 1139 1509 1210 φθόνον
1560 1138 1892 1203 ἐξέκαυσεν⁸

298 1236 392 1303 ἀφ’
423 1228 484 1287 οὗ
513 1235 606 1286 τὸν
633 1234 774 1288 κατὰ
801 1234 893 1286 τοῦ
931 1234 1183 1303 Σωτῆρος
1214 1233 1302 1285 ἐπ’
1335 1230 1542 1301 ὀλέθρῳ
1588 1229 1737 1300 σφῶν
1764 1228 1896 1298 φθό-

299 1344 388 1381 νον
424 1339 450 1366 ιι
476 1327 923 1396 ἐπαλαμήσαντο.
959 1324 1147 1378 Ταῦτα
1190 1323 1274 1389 δὲ,
1317 1325 1398 1377 ὅτι
1430 1323 1667 1394 Χριστὸς
1698 1321 1897 1390 βαπτι-

305 1415 558 1483 σάμενος,
596 1413 837 1475 καὶτοὺς
859 1411 1182 1481 ἀνθρώπους
1215 1413 1314 1480 τῆς
1365 1411 1578 1481 πλάνης
1625 1409 1901 1464 ἀπολυσὰ-

305 1523 490 1576 μενος,
550 1505 697 1576 ἔργῳ
751 1505 846 1557 καὶ
899 1505 1044 1575 λόγῳ
1066 1505 1165 1575 τὴν
1203 1503 1534 1572 θεογνωσίαν
1572 1502 1853 1556 ἐδίδασκεν
1879 1515 1894 1531 ⁸

302 1601 561 1670 βάπτισις
591 1601 771 1660 δὲ.ὃτι
804 1599 1079 1669 γέννησιςο
1115 1597 1353 1668 Χριστοῦ
1387 1598 1442 1650 δέ
1481 1596 1756 1666 γέννησις,
1778 1611 1901 1648 συν-

301 1693 486 1762 τόμως
516 1692 612 1744 καὶ
644 1691 824 1753 καλῶς
856 1691 1058 1754 εἰπεῖν,
1091 1691 1170 1744 ὃτι
1203 1689 1483 1759 Παρθένου
1514 1688 1802 1756 γέννησις’
1843 1687 1901 1739 ἐν

301 1781 334 1860 ᾖ
363 1785 745 1852 καινιζὸμεθα,
778 1785 874 1837 καὶ
902 1786 969 1853 ἢν
991 1783 1273 1853 ἑορτάζειν
1300 1781 1608 1853 ήξιώμεθα.
1634 1779 1792 1834 Οὕτω
1821 1778 1901 1851 ρί-

303 1878 426 1945 ζης,
459 1879 492 1947 ἦ
525 1878 731 1946 πηγῆς,
767 1877 800 1948 ἦ
828 1876 1096 1947 θεμελίων
1131 1875 1310 1941 λόγον,
1351 1875 1384 1944 ἢ
1431 1875 1530 1926 ούκ
1563 1868 1657 1925 οἷδ’
1688 1873 1771 1924 ὅτι
1807 1872 1901 1923 καὶ

300 1971 635 2040 οἰκειότερον
667 1969 828 2032 εἴπω,
863 1970 896 2038 ἠ
922 1968 1224 2038 παρθενικὴ
1252 1964 1536 2036 πληροῦσα
1568 1967 1897 2035 πανήγυρις,

303 2064 550 2124 ἐκείναις
585 2080 644 2115 τε
677 2064 881 2125 πάσαις
917 2063 1145 2123 εἰκότως
1175 2060 1517 2129 ἀγλαΐζεται,
1561 2056 1655 2110 καὶ
1685 2057 1903 2118 πολλοῖς

303 2153 401 2208 καὶ
463 2152 722 2220 μεγάλοις
770 2151 1126 2220 ἐνδιαπρέπει
1183 2150 1508 2221 χαρίσμασι,
1571 2148 1667 2202 καὶ
1704 2164 1903 2216 παγκο-

310 2241 476 2312 σμίου
507 2240 784 2313 σωτηρίας
819 2241 1004 2312 ἡμέρα
1035 2241 1384 2312 γνωρίζεται.

377 2597 631 2668 Σήμερον
661 2595 772 2665 γὰρ
807 2595 1146 2668 ἡΠαροένος
1179 2595 1383 2665 μήτηρ,
1427 2595 1493 2646 ἐκ
1540 2594 1760 2664 στείρας
1802 2606 1906 2660 μη-

302 2689 435 2762 τρὸς
461 2687 842 2753 ἀποτίκτεται,
875 2688 971 2742 καὶ
1005 2687 1106 2756 τῆς
1136 2686 1477 2754 Δεσποτικῆς
1518 2683 1816 2755 ἐπιδημίας
1845 2679 1906 2734 τὸ

306 2780 574 2834 παλάτιον
608 2779 1011 2848 εύτρεπίζεται.
1043 2779 1292 2849 Σήμερον
1332 2777 1508 2847 δεσμὰ
1563 2774 1906 2845 στειρώσεως

303 2874 517 2934 λύεται,
545 2874 642 2925 καὶ
670 2873 770 2941 τῆς
805 2872 1102 2942 παρθενίας
1140 2872 1207 2923 τα
1255 2870 1480 2939 κλεῖθρα
1519 2869 1904 2939 σφραγίζεται.

304 2962 402 3030 Οἷς
435 2967 547 3036 γὰρ
569 2966 733 3035 νηδὺς
760 2966 971 3033 ἄγονος,
997 2964 1094 3018 καὶ
1110 2963 1305 3031 λόγους
1332 2961 1675 3033 νεκρωθεῖσα
1701 2962 1908 3013 τεκνώ-

307 3077 474 3125 σεως,
505 3059 718 3128 καρπον
746 3059 874 3128 παρ’
899 3056 1124 3119 ἐλπίδας
1148 3056 1351 3126 ὡραῖον
1383 3055 1721 3125 προήνεγκεν
1743 3070 1757 3085 ο
1785 3051 1908 3106 τού-

1995 589 2328 644 resurrectio
2353 600 2456 654 est,
2493 591 2620 659 quia
2647 609 2797 649 mors
2823 614 2836 648 :
2871 612 3020 651 mors
3044 607 3256 665 autem,
3313 601 3440 670 quia
3469 617 3595 658 cru-

1999 681 2184 736 cifixio
2217 699 2232 735 :
2272 681 2580 748 cruxifixio,
2627 684 2754 755 quia
2806 685 3047 742 Lazarus
3091 689 3503 757 quadriduanus
3530 694 3599 748 ab

1994 772 2193 827 inferni
2250 776 2423 844 portis
2480 791 2738 831 reversus
2789 788 2903 843 est;
2939 794 3004 834 ac
3047 781 3174 850 quia
3216 781 3345 837 caeci
3387 783 3599 850 vident,

1995 866 2454 936 paralyticusque,
2497 867 2700 922 lectum
2753 868 2810 922 in
2858 885 2968 940 quo
3009 870 3229 940 jacebat
3262 883 3444 942 portat
3474 883 3604 928 cur"

1996 974 2125 1013 rens
2191 977 2205 1012 :
2270 975 2334 1014 ac
2388 960 2608 1014 demum
2663 960 2793 1031 quia
2847 962 3170 1017 admiranda
3223 965 3325 1019 alia
3387 973 3601 1035 patrata

1996 1067 2162 1122 opera
2210 1051 2334 1123 (nec
2375 1053 2523 1106 enim
2575 1069 2674 1123 per
2705 1061 2925 1124 tempus
2951 1053 3082 1109 licet
3111 1071 3437 1125 percensere
3465 1073 3591 1111 om-

1998 1145 2110 1212 nia)
2141 1145 2342 1214 quibus
2374 1144 2694 1199 .ludaaorum
2729 1145 2992 1215 populus,
3025 1161 3150 1200 cum
3184 1148 3249 1201 ad
3287 1147 3503 1203 laudem
3537 1162 3603 1202 ac

1998 1237 2212 1292 cantica
2261 1237 2545 1306 provocari
2594 1237 2899 1303 debuisset,
2955 1239 3162 1293 invidia
3210 1239 3454 1303 exarsit;
3493 1255 3601 1307 qua

1998 1331 2375 1393 permoveute,
2421 1325 2478 1378 in
2510 1340 2671 1378 suum
2704 1324 2807 1393 ipsi
2842 1325 3129 1382 interitum
3171 1325 3472 1382 Salvatoris
3499 1342 3598 1382 ne-

2001 1434 2119 1473 cem
2167 1419 2337 1472 moliti
2380 1427 2529 1472 sunt.
2566 1417 2692 1471 llaec
2724 1425 2907 1471 autem
2949 1434 3016 1473 eo
3051 1419 3226 1485 fuere,
3260 1421 3402 1489 quod
3431 1419 3602 1473 Cbri--

2001 1521 2118 1566 stus
2143 1512 2447 1581 baptizans,
2480 1522 2642 1581 atque
2669 1514 2737 1568 ab
2765 1512 3108 1566 inﬁdelitatis
3133 1527 3322 1566 errore
3347 1511 3603 1565 homines

2001 1601 2262 1667 liberans,
2308 1618 2474 1672 opere
2529 1602 2738 1671 pariter
2776 1611 2942 1671 atque
2982 1615 3263 1664 sermone,
3302 1599 3392 1651 Dei
3425 1599 3604 1652 scien-

2006 1694 2134 1748 tiam
2197 1709 2260 1748 ac
2306 1693 2469 1748 tidem
2510 1693 2736 1748 doceret
2777 1709 2792 1748 :
2842 1692 3153 1761 baptismus
3203 1699 3425 1757 autem,
3472 1690 3601 1759 quia

2003 1786 2307 1840 nativitas:
2361 1784 2561 1840 Christi
2612 1794 2794 1840 autem
2846 1783 3125 1848 nativitas,
3181 1794 3240 1836 ut
3291 1797 3504 1836 summa
3539 1797 3604 1834 ac

2005 1877 2262 1948 prmo-lare
2310 1877 2508 1941 dicam,
2564 1877 2686 1945 quia
2737 1875 2973 1946 Virginis
3030 1875 3289 1928 nativitas
3339 1890 3354 1926 :
3402 1872 3604 1941 inqua

2005 1971 2307 2033 initiamur,
2373 1983 2646 2039 quamque
2695 1968 2998 2022 meruimus
3047 1967 3345 2022 celebrare.
3395 1965 3605 2032 Quam-

2003 2061 2213 2122 obrem,
2238 2059 2457 2119 radicis,
2491 2059 2746 2122 foutisve,
2778 2066 2874 2111 aut
2906 2056 3272 2116 fundamenti.
3293 2055 3378 2109 vel
3410 2056 3603 2108 nescio

2004 2152 2131 2222 quid
2183 2151 2496 2222 germanius
2547 2166 2610 2204 ac
2653 2149 2825 2220 magis
2862 2149 3144 2218 proprium
3196 2147 3400 2212 dicam,
3432 2147 3601 2200 ratio-

2005 2259 2162 2308 nem,
2232 2241 2508 2312 virginalis
2569 2240 2838 2294 festivitas
2895 2239 3165 2309 implens,
3235 2238 3341 2292 illis
3398 2237 3602 2307 pariter

2006 2335 2279 2390 universis
2331 2335 2676 2399 honestatur,
2737 2348 2801 2386 ac
2852 2331 3139 2402 splendet,
3203 2331 3496 2400 multisque
3535 2344 3602 2384 ac

2007 2426 2219 2498 magnis
2265 2425 2550 2497 praepollet
2591 2426 2774 2493 donis,
2805 2440 2868 2480 ac
2901 2423 3089 2479 mundi
3129 2422 3373 2479 universi
3399 2422 3596 2477 salutis

2007 2520 2126 2574 dies
2156 2519 2420 2574 noscitur.

2079 2611 2255 2665 Hodie
2278 2611 2423 2665 enim
2443 2611 2607 2683 Virgo
2625 2619 2820 2678 mater,
2851 2627 2914 2666 ex
2940 2622 3115 2665 matre
3137 2609 3310 2663 sterili
3334 2608 3601 2674 nascitur,

2012 2704 2388 2774 Dominicique
2432 2710 2701 2760 adventus
2743 2704 3003 2774 palatium
3037 2710 3397 2772 praaparatur.
3426 2699 3604 2753 llodie

2011 2797 2298 2852 solvuntur
2344 2795 2652 2851 sterilitatis
2697 2794 2934 2858 vincula,
2983 2809 3047 2846 ac
3092 2791 3420 2861 virginitatis
3447 2790 3600 2843 clau-

2011 2898 2122 2944 stra
2163 2889 2546 2958 obsignantur.
2599 2886 2810 2952 Quibus
2839 2885 2987 2938 enim
3025 2883 3355 2937 infecundus
3387 2891 3604 2944 uterus,

2011 2993 2076 3033 ac
2110 2979 2271 3045 cujus
2298 2977 2557 3047 proliﬁcae
2589 2977 2830 3030 rationes
2860 2983 3123 3030 emortua:
3147 2983 3352 3034 essent,
3386 2973 3607 3042 praecla-

2012 3083 2132 3121 rum
2173 3066 2409 3120 fructum
2443 3066 2690 3136 protulit,
2730 3081 2854 3119 cum
2887 3080 3015 3134 spes
3045 3064 3228 3118 omnis
3252 3064 3503 3128 abesset;
3537 3062 3607 3116 iis

303 3170 422 3214 τοις
454 3153 547 3204 καὶ
577 3151 636 3203 τὸ
662 3151 759 3220 τῆς
788 3149 1087 3221 παρθενίας
1137 3149 1499 3220 μνηστεύεται
1551 3147 1900 3217 ἀδιάφθορον,

2009 3175 2226 3230 quoque
2279 3159 2557 3229 virginalis
2607 3158 2949 3227 incorruptio
2995 3156 3352 3225 promittitur,
3390 3164 3606 3224 partus-

305 3247 404 3300 καὶ
435 3245 498 3298 τὸ
529 3245 716 3315 θαῦμα
745 3245 842 3314 τῆς
883 3244 1182 3314 κυοφορίας
1227 3243 1502 3313 ἐπιδήλοις
1544 3243 1728 3312 ἔργοις
1771 3259 1906 3312 προ-

306 3336 659 3406 αγγέλλεται.
692 3337 1002 3406 ’Υπερφυές
1035 3337 1134 3406 μὲν
1162 3337 1322 3398 τόκος
1347 3334 1741 3400 ἄνανδρος.καὶ
1764 3349 1908 3403 παρ·

307 3427 498 3488 θενίας
526 3425 744 3495 φυλακὴ
778 3425 918 3494 μετὰ
951 3425 1208 3492 γέννησιν
1229 3439 1242 3452 ’
1275 3425 1401 3493 νικᾷ
1431 3423 1486 3475 δέ
1531 3423 1770 3492 θεσμοὺς
1805 3423 1908 3491 φύ-

308 3535 454 3582 σεως
484 3519 580 3570 καὶ
610 3520 801 3588 στεῖρα
832 3516 972 3586 μετὰ
1007 3516 1186 3587 γῆρας
1242 3514 1637 3584 γεωργουμένη
1674 3514 1770 3567 καὶ
1823 3514 1908 3565 τί·

306 3627 541 3675 κτουσα,
597 3610 814 3677 καὶτῆς
844 3607 1124 3679 Παρθένου
1158 3607 1248 3660 τὸν
1299 3606 1478 3673 τόκον,
1506 3605 1571 3658 δι’
1632 3598 1708 3657 ὧν
1734 3621 1901 3675 τερα-ο

307 3705 656 3772 τουργεῖται,
695 3699 1139 3771 προοιμιάζεται.
1187 3700 1436 3769 Σήμερον
1489 3698 1580 3751 τὸν
1607 3697 1909 3767 ὀνειδισμὸν

309 3798 414 3866 τῆς
444 3795 698 3858 ἀτεκνίας
728 3797 760 3864 ἡ
802 3795 970 3846 Ἀννα
998 3793 1298 3860 θερίζεται,
1327 3794 1421 3846 καὶ
1445 3791 1545 3862 τῆς
1584 3793 1760 3862 χαρᾶς
1783 3791 1909 3852 τοὺς

313 3887 526 3957 στάχυς
587 3889 621 3956 ἡ
670 3886 967 3956 οἰκουμένη
1026 3885 1381 3956 καρπίζεται.
1418 3884 1609 3955 Πατὴρ
1663 3881 1850 3945 παιδὸς
1881 3882 1909 3933 6

321 3976 590 4046 ’lwaxsip.
620 3975 968 4043 ὀνομάζεται,
1003 3974 1096 4026 καὶ
1111 3973 1218 4051 τῆς
1241 3972 1514 4035 υἱοθεσίας
1543 3969 1708 4042 ἡμεῖς
1735 3971 1909 4042 ἀρρα-

313 4067 666 4139 ϐωνιζόμεθα
699 4066 761 4119 τὸ
791 4064 1030 4136 ἀξίωμα.
1059 4067 1359 4136 Σήμερονή
1401 4063 1672 4134 Παρθένος
1694 4059 1754 4125 ἐξ
1777 4061 1909 4128 ἀγό-

313 4181 424 4218 νων
471 4160 712 4228 λαγόνων
759 4159 1109 4228 προέρχεται,
1133 4157 1228 4212 καὶ
1265 4158 1365 4220 τὰς
1396 4157 1560 4225 γονὰς
1598 4155 1698 4225 τῆς
1728 4156 1910 4227 ἁμαρ-

310 4255 438 4318 τίας
469 4255 502 4323 ἡ
562 4251 853 4322 στείρωσις
905 4250 1246 4319 διαδέχεται’
1278 4250 1373 4304 καὶ
1427 4249 1528 4317 τῆς
1576 4247 1909 4316 Συναγωγῆς

313 4347 427 4399 τῶν
493 4344 764 4397 Ἰουδαίων
815 4342 1041 4414 χηρεύει
1097 4343 1157 4396 τὸ
1193 4341 1490 4411 πλήρωμα,
1547 4341 1642 4392 καὶ
1672 4339 1783 4391 τῶν
1807 4338 1910 4408 τῆς

326 4435 659 4505 Ἐκκλησίας
695 4435 912 4488 κόλπων
947 4434 1015 4486 τὰ
1045 4435 1210 4486 τέκνα
1233 4432 1608 4503 προκύπτουσι
1635 4473 1650 4498 ,
1686 4430 1910 4502 Χριστῷ

2010 3266 2117 3321 que
2182 3251 2504 3306 miraculum
2575 3249 2884 3319 perspicuis
2943 3249 3108 3302 rebus
3178 3250 3602 3316 prmnuntiatur.

2010 3343 2274 3413 Equidem
2325 3341 2525 3396 eximia
2573 3357 2684 3404 res,
2739 3357 2803 3394 ac
2841 3349 2953 3394 tota
3001 3339 3133 3408 quid
3165 3340 3341 3408 majus
3378 3346 3602 3402 natura,

2010 3443 2198 3504 partus
2248 3433 2368 3486 sine
2418 3432 2573 3496 viro,
2625 3447 2689 3486 ac
2735 3438 2951 3485 servata
3003 3430 3291 3499 virginitas
3342 3428 3410 3483 ab
3457 3427 3604 3482 edita

2011 3527 2199 3596 prole;
2229 3540 2417 3579 verum
2443 3534 2653 3579 natura:
2683 3541 2901 3595 quoque
2922 3526 3045 3594 jura
3081 3535 3325 3596 superat,
3360 3534 3416 3579 ut
3439 3527 3605 3580 steri-

2011 3616 2078 3671 lis
2126 3631 2156 3669 a
2192 3615 2346 3669 senio
2379 3613 2715 3669 fecunditate
2756 3624 3042 3685 augeatur,
3078 3617 3399 3685 pariatque;
3431 3630 3494 3668 ac
3526 3616 3602 3670 rei

2011 3707 2354 3779 prodigium,
2394 3705 2642 3776 virginali
2698 3705 2877 3775 partui
2929 3706 3157 3760 exordio
3200 3707 3376 3775 praeit.
3428 3706 3606 3762 llodie

2011 3801 2168 3854 Anna
2219 3798 2524 3853 sterilitatis
2575 3798 2932 3867 Opprobrium
2982 3807 3269 3867 amputat;
3313 3798 3605 3869 gaudiique

2013 3899 2228 3962 segetes
2269 3900 2537 3945 terrarum
2582 3889 2730 3943 orbis
2777 3890 2957 3944 metit.
3001 3889 3250 3944 Joachim
3284 3890 3478 3960 puellae
3508 3905 3606 3960 ap-

2013 3983 2249 4052 pellatur
2287 3990 2464 4050 pater,
2508 3995 2720 4050 nosque
2758 3980 3074 4050 adoptionis
3101 3981 3468 4035 arrhabonem
3504 3981 3610 4035 bo-

2013 4075 2163 4129 noris
2222 4074 2444 4129 cumulo
2471 4074 2792 4144 accipimus.
2827 4073 3005 4130 Hodie
3035 4072 3198 4146 Virgo
3234 4089 3301 4128 ex
3344 4074 3606 4128 infecun-

2013 4170 2098 4226 dis
2150 4168 2351 4222 lumbis
2393 4167 2675 4237 procedit,
2731 4168 3054 4237 peccatique
3095 4166 3362 4222 fecundos
3417 4179 3609 4237 partus

2014 4261 2272 4316 sterilitas
2313 4259 2514 4329 exeipit
2540 4299 2555 4322 ,
2610 4258 2906 4330 Syuagoga:
2946 4259 3262 4313 Judaeorum
3299 4268 3479 4314 cretus
3522 4261 3608 4314 vi-

2014 4353 2155 4410 duus
2203 4357 2407 4412 manet,
2461 4361 2638 4416 exque
2694 4345 2948 4400 Ecclesiae
2996 4346 3118 4399 sinu
3170 4345 3265 4399 ﬁlii
3309 4347 3600 4415 prodeunt,

2015 4440 2104 4508 qui
2149 4439 2366 4492 Christo
2417 4450 2620 4504 sponso
2662 4433 2844 4489 divine
2889 4443 3160 4500 crescant,
3208 4450 3269 4489 ac
3314 4435 3475 4504 pleno
3499 4451 3602 4489 nu-

315 4529 394 4598 τῷ
420 4531 639 4598 νυμφίῳ
670 4526 990 4598 θεοπρεπῶς
1016 4525 1360 4596 αὐξανόμενα
1400 4542 1462 4577 τε
1507 4525 1603 4577 καὶ
1644 4524 1904 4595 πληθυνό-

2018 4546 2170 4586 mero
2201 4538 2523 4600 augeantur.
2557 4527 2814 4582 Procedit
2845 4527 2998 4598 virgo
3031 4527 3129 4581 abs
3158 4527 3437 4582 sterilibus
3469 4527 3604 4580 lum-

321 4637 481 4694 μενα.
527 4619 616 4683 Ἐξ
646 4619 856 4686 ἀγόνων
887 4618 1130 4686 λαγόνων
1162 4619 1195 4685 ή
1238 4615 1515 4686 Παρθένος
1554 4616 1908 4686 προέρχεται,

313 4715 407 4765 ὅτε
457 4713 554 4765 καὶ
592 4710 835 4780 γονίμων
889 4709 1058 4761 ὄντων
1086 4711 1114 4762 ὁ
1147 4707 1305 4772 τόκος
1343 4707 1669 4783 παράδοξος.
1695 4708 1759 4760 Ὢ
1812 4705 1910 4764 τοῦ

315 4801 628 4872 θαύματοςί
686 4801 776 4854 ὅτε
821 4801 920 4870 τῆς
952 4801 1161 4868 σπορᾶς
1218 4802 1246 4852 6
1280 4799 1470 4869 χρόνος
1524 4797 1910 4863 ἐξέλιπε,τότε

314 4895 413 4948 τοῦ
445 4893 661 4964 καρποῦ
691 4893 786 4960 τῆς
819 4893 990 4962 φορᾶς
1021 4893 1050 4944 6
1089 4892 1280 4961 καιρὸς
1323 4890 1670 4960 ἐπεδήμησεν
1690 4905 1703 4919 ο
1732 4890 1821 4943 ὅτε
1850 4889 1911 4942 τὸ

318 4987 435 5056 πῦρ
463 4986 700 5056 ἐσϐέσθη
730 4985 830 5055 τῆς
861 4983 1181 5054 ἐπιθυμίας,
1207 4984 1328 5036 τότε
1355 4984 1387 5053 ἡ
1413 4982 1639 5052 λαμπὰς
1693 4980 1911 5051 ἀνήφθη

316 5082 422 5150 τῆς
449 5079 818 5141 παιδοποιΐας.
852 5076 1063 5148 Νεότης
1092 5077 1252 5139 ἄνθος
1277 5076 1376 5129 οὐκ
1409 5076 1630 5146 ήνεγκε,
1671 5075 1762 5127 καὶ
1792 5074 1918 5144 βλα-

319 5172 450 5226 στὸν
471 5171 533 5224 τὸ
558 5170 737 5240 γῆρας
765 5169 1153 5241 προϐάλλεται,
1180 5168 1416 5236 γαστρός
1441 5166 1604 5235 ὄγκος
1630 5163 1916 5236 ἀκμαζού-

319 5279 424 5330 σης
465 5262 568 5314 οὐκ
622 5261 872 5332 ἐγνώσθη
930 5260 1164 5330 φύσεως,
1223 5259 1316 5311 καὶ
1349 5259 1674 5328 ύπεράκμου
1725 5258 1918 5328 νηδύος

319 5352 690 5423 ἀειπὰρθενον
728 5354 930 5424 βρέφος
956 5351 1283 5423 γνωρίζεται
1313 5351 1524 5424 κύημα.

407 5447 548 5502 Ἀλλ’
610 5451 860 5520 ἀπορεῖς,
890 5447 1168 5518 ἄνθρωπε,
1228 5447 1276 5500 εἰ
1331 5449 1365 5517 ἡ
1421 5451 1609 5519 στεῖρα
1660 5446 1918 5512 τέτοκεν;

2015 4625 2121 4688 bis,
2165 4631 2300 4684 tum,
2345 4636 2470 4675 cum
2504 4623 2669 4675 etiam
2712 4619 2778 4673 iis
2823 4617 3073 4674 fecundis
3117 4627 3308 4688 partus
3340 4617 3610 4672 mirabilis

2015 4731 2079 4769 ac
2127 4714 2375 4768 insolitus
2425 4711 2586 4766 foret.
2632 4710 2675 4763 0
2699 4724 2814 4765 rem
2843 4708 3182 4763 mirabilem!
3216 4724 3341 4762 eum
3375 4708 3610 4762 defecis-

2017 4816 2100 4862 set
2150 4803 2415 4860 sementis
2461 4813 2699 4871 tempus,
2728 4810 2860 4856 tunc
2891 4800 3147 4855 editionis
3173 4799 3611 4868 fruclusoppor—

2019 4897 2223 4950 tunitas
2271 4894 2495 4948 advenit
2542 4913 2554 4948 :
2611 4893 2700 4947 ubi
2755 4891 3070 4961 cupiditatis
3114 4891 3254 4961 ignis
3305 4893 3611 4946 exstinctus

2017 5001 2183 5056 esset,
2237 4997 2368 5046 tunc
2418 4986 2766 5042 fecunditatis
2808 4985 2892 5039 fax
2941 5000 3169 5039 accensa
3200 4995 3304 5039 est.
3340 4985 3611 5042 Juventus

2017 5097 2128 5135 non
2183 5080 2412 5150 protulit
2464 5079 2676 5145 florem,
2731 5094 3066 5150 germenque
3119 5091 3376 5133 senectus
3431 5080 3546 5134 edit
3593 5098 3607 5135 :

2015 5173 2191 5243 vegeti
2245 5171 2382 5226 uteri
2425 5183 2607 5226 tumor
2659 5172 2876 5241 ignotus
2917 5170 3042 5237 fuit,
3089 5171 3372 5241 elfaztique
3406 5173 3613 5227 ventris

2016 5267 2170 5338 virgo
2198 5272 2462 5334 perpetua
2497 5263 2680 5317 infans
2712 5263 2962 5318 noscitur
2994 5272 3206 5333 partus.

2103 5443 2418 5507 Enimvero,
2462 5441 2680 5497 dubitas
2720 5441 2908 5514 homo,
2957 5457 3088 5499 num
3131 5441 3336 5500 sterilis
3380 5453 3612 5510 pepere-

1620 5650 1854 5710 VARI/E
1885 5645 2297 5706 LECTIONES.

429 5855 459 5889 ι
510 5841 653 5906 Lego
681 5837 856 5907 φόνον.
