  <div class='ocr_page' id='page_1' title='image "/cluster/home/n/w/nwhite01/storage/ocr_20150623/102:no.2/coo.31924054870062/289.png"; bbox 0 0 4032 6428; ppageno 0'>
   <div class='ocr_carea' id='block_1_1' title="bbox 496 371 599 439">
    <p class='ocr_par' dir='ltr' id='par_1_1' title="bbox 496 371 599 439">
     <span class='ocr_line' id='line_1_1' title="bbox 496 371 599 439; baseline 0 -1"><span class='ocrx_word' id='word_1_1' title='bbox 496 371 599 439; x_wconf 77' lang='grc'><strong>551</strong></span> 
     </span>
    </p>
   </div>
   <div class='ocr_carea' id='block_1_2' title="bbox 1617 367 2588 432">
    <p class='ocr_par' dir='ltr' id='par_1_2' title="bbox 1617 367 2588 432">
     <span class='ocr_line' id='line_1_2' title="bbox 1617 367 2588 432; baseline -0.002 0"><span class='ocrx_word' id='word_1_2' title='bbox 1617 370 1883 432; x_wconf 87' lang='grc' dir='ltr'><strong>ΡΗΟΤΙΙ</strong></span> <span class='ocrx_word' id='word_1_3' title='bbox 1923 367 2437 430; x_wconf 61' lang='grc' dir='ltr'><strong>ΡΑΤΗΙΑΒΟΗἉΕ</strong></span> <span class='ocrx_word' id='word_1_4' title='bbox 2476 369 2588 431; x_wconf 89' lang='lat' dir='ltr'><strong>CP.</strong></span> 
     </span>
    </p>
   </div>
   <div class='ocr_carea' id='block_1_3' title="bbox 3678 372 3776 437">
    <p class='ocr_par' dir='ltr' id='par_1_3' title="bbox 3678 372 3776 437">
     <span class='ocr_line' id='line_1_3' title="bbox 3678 372 3776 437; baseline 0.02 -2"><span class='ocrx_word' id='word_1_5' title='bbox 3678 372 3776 437; x_wconf 74' lang='grc'><strong>552</strong></span> 
     </span>
    </p>
   </div>
   <div class='ocr_carea' id='block_1_4' title="bbox 499 471 2103 552">
    <p class='ocr_par' dir='ltr' id='par_1_4' title="bbox 499 476 2098 552">
     <span class='ocr_line' id='line_1_4' title="bbox 499 476 2098 552; baseline -0.006 -13"><span class='ocrx_word' id='word_1_6' title='bbox 499 486 613 540; x_wconf 83' lang='lat' dir='ltr'><strong>rit?</strong></span> <span class='ocrx_word' id='word_1_7' title='bbox 669 482 930 548; x_wconf 85' lang='lat' dir='ltr'><strong>Quinimo</strong></span> <span class='ocrx_word' id='word_1_8' title='bbox 980 481 1217 552; x_wconf 70' lang='lat' dir='ltr'><strong>quaeris,</strong></span> <span class='ocrx_word' id='word_1_9' title='bbox 1273 480 1474 552; x_wconf 83' lang='lat' dir='ltr'><strong>quibus</strong></span> <span class='ocrx_word' id='word_1_10' title='bbox 1529 488 1582 534; x_wconf 91' lang='lat' dir='ltr'><strong>te</strong></span> <span class='ocrx_word' id='word_1_11' title='bbox 1635 493 1857 548; x_wconf 89' lang='lat' dir='ltr'><strong>quoque</strong></span> <span class='ocrx_word' id='word_1_12' title='bbox 1911 476 2098 532; x_wconf 90' lang='lat' dir='ltr'><strong>mirari</strong></span> 
     </span>
    </p>
   </div>
   <div class='ocr_carea' id='block_1_5' title="bbox 2205 471 3778 552">
    <p class='ocr_par' dir='ltr' id='par_1_5' title="bbox 2211 471 3778 548">
     <span class='ocr_line' id='line_1_5' title="bbox 2211 471 3778 548; baseline 0.003 -17"><span class='ocrx_word' id='word_1_13' title='bbox 2211 476 2414 548; x_wconf 76' lang='grc' dir='ltr'><strong>μᾶλλον</strong></span> <span class='ocrx_word' id='word_1_14' title='bbox 2439 477 2497 530; x_wconf 81' lang='grc' dir='ltr'><strong>δὲ</strong></span> <span class='ocrx_word' id='word_1_15' title='bbox 2525 477 2734 547; x_wconf 78' lang='grc' dir='ltr'><strong>ζητεῖς,</strong></span> <span class='ocrx_word' id='word_1_16' title='bbox 2769 471 2853 540; x_wconf 76' lang='grc' dir='ltr'><strong>οἷς</strong></span> <span class='ocrx_word' id='word_1_17' title='bbox 2881 474 2976 531; x_wconf 75' lang='grc' dir='ltr'><strong>καὶ</strong></span> <span class='ocrx_word' id='word_1_18' title='bbox 3013 474 3073 527; x_wconf 84' lang='grc' dir='ltr'><strong>σὲ</strong></span> <span class='ocrx_word' id='word_1_19' title='bbox 3097 473 3398 545; x_wconf 79' lang='grc' dir='ltr'><strong>θαυμάζειν</strong></span> <span class='ocrx_word' id='word_1_20' title='bbox 3423 476 3586 548; x_wconf 79' lang='grc' dir='ltr'><strong>ἐχρῆν</strong></span> <span class='ocrx_word' id='word_1_21' title='bbox 3627 478 3690 531; x_wconf 88' lang='grc' dir='ltr'><strong>δι’</strong></span> <span class='ocrx_word' id='word_1_22' title='bbox 3710 473 3778 535; x_wconf 81' lang='grc' dir='ltr'><strong>ὧν</strong></span> 
     </span>
    </p>
   </div>
   <div class='ocr_carea' id='block_1_6' title="bbox 500 573 2097 648">
    <p class='ocr_par' dir='ltr' id='par_1_6' title="bbox 500 573 2097 648">
     <span class='ocr_line' id='line_1_6' title="bbox 500 573 2097 648; baseline -0.004 -16"><span class='ocrx_word' id='word_1_23' title='bbox 500 577 814 648; x_wconf 84' lang='lat' dir='ltr'><strong>oportebat,</strong></span> <span class='ocrx_word' id='word_1_24' title='bbox 858 576 1061 646; x_wconf 84' lang='lat' dir='ltr'><strong>quibus</strong></span> <span class='ocrx_word' id='word_1_25' title='bbox 1107 575 1447 630; x_wconf 81' lang='lat' dir='ltr'><strong>admiramur</strong></span> <span class='ocrx_word' id='word_1_26' title='bbox 1488 573 1614 644; x_wconf 88' lang='lat' dir='ltr'><strong>ipsi,</strong></span> <span class='ocrx_word' id='word_1_27' title='bbox 1644 582 1705 628; x_wconf 93' lang='lat' dir='ltr'><strong>ut</strong></span> <span class='ocrx_word' id='word_1_28' title='bbox 1727 573 1949 645; x_wconf 88' lang='lat' dir='ltr'><strong>dignam</strong></span> <span class='ocrx_word' id='word_1_29' title='bbox 1980 587 2097 627; x_wconf 90' lang='lat' dir='ltr'><strong>rem</strong></span> 
     </span>
    </p>
   </div>
   <div class='ocr_carea' id='block_1_7' title="bbox 501 666 2100 736">
    <p class='ocr_par' dir='ltr' id='par_1_7' title="bbox 501 666 2100 736">
     <span class='ocr_line' id='line_1_7' title="bbox 501 666 2100 736; baseline -0.002 -15"><span class='ocrx_word' id='word_1_30' title='bbox 501 667 768 722; x_wconf 91' lang='lat' dir='ltr'><strong>miraculo</strong></span> <span class='ocrx_word' id='word_1_31' title='bbox 821 667 1111 721; x_wconf 86' lang='lat' dir='ltr'><strong>ridiculam</strong></span> <span class='ocrx_word' id='word_1_32' title='bbox 1170 666 1373 732; x_wconf 81' lang='lat' dir='ltr'><strong>facias,</strong></span> <span class='ocrx_word' id='word_1_33' title='bbox 1423 679 1792 736; x_wconf 87' lang='lat' dir='ltr'><strong>spernasque,</strong></span> <span class='ocrx_word' id='word_1_34' title='bbox 1845 679 1910 720; x_wconf 92' lang='lat' dir='ltr'><strong>ac</strong></span> <span class='ocrx_word' id='word_1_35' title='bbox 1968 679 2100 719; x_wconf 87' lang='lat' dir='ltr'><strong>num</strong></span> 
     </span>
    </p>
   </div>
   <div class='ocr_carea' id='block_1_8' title="bbox 503 757 2104 827">
    <p class='ocr_par' dir='ltr' id='par_1_8' title="bbox 503 757 2104 827">
     <span class='ocr_line' id='line_1_8' title="bbox 503 757 2104 827; baseline -0.001 -15"><span class='ocrx_word' id='word_1_36' title='bbox 503 759 706 814; x_wconf 76' lang='lat' dir='ltr'><strong>sterilis</strong></span> <span class='ocrx_word' id='word_1_37' title='bbox 735 759 932 827; x_wconf 84' lang='lat' dir='ltr'><strong>pariat,</strong></span> <span class='ocrx_word' id='word_1_38' title='bbox 973 759 1154 814; x_wconf 79' lang='lat' dir='ltr'><strong>verbis</strong></span> <span class='ocrx_word' id='word_1_39' title='bbox 1187 758 1521 814; x_wconf 76' lang='lat' dir='ltr'><strong>contendis?</strong></span> <span class='ocrx_word' id='word_1_40' title='bbox 1550 758 1604 812; x_wconf 89' lang='lat' dir='ltr'><strong>Si</strong></span> <span class='ocrx_word' id='word_1_41' title='bbox 1633 757 1780 812; x_wconf 91' lang='lat' dir='ltr'><strong>enim</strong></span> <span class='ocrx_word' id='word_1_42' title='bbox 1819 773 1924 812; x_wconf 92' lang='lat' dir='ltr'><strong>non</strong></span> <span class='ocrx_word' id='word_1_43' title='bbox 1958 757 2104 827; x_wconf 89' lang='lat' dir='ltr'><strong>parit</strong></span> 
     </span>
    </p>
   </div>
   <div class='ocr_carea' id='block_1_9' title="bbox 503 848 2099 918">
    <p class='ocr_par' dir='ltr' id='par_1_9' title="bbox 503 848 2099 918">
     <span class='ocr_line' id='line_1_9' title="bbox 503 848 2099 918; baseline -0.001 -14"><span class='ocrx_word' id='word_1_44' title='bbox 503 849 739 907; x_wconf 87' lang='lat' dir='ltr'><strong>sterilis,</strong></span> <span class='ocrx_word' id='word_1_45' title='bbox 764 863 864 902; x_wconf 88' lang='lat' dir='ltr'><strong>nec</strong></span> <span class='ocrx_word' id='word_1_46' title='bbox 891 864 1013 918; x_wconf 73' lang='lat' dir='ltr'><strong>quae</strong></span> <span class='ocrx_word' id='word_1_47' title='bbox 1038 849 1406 918; x_wconf 79' lang='lat' dir='ltr'><strong>paritsterilis</strong></span> <span class='ocrx_word' id='word_1_48' title='bbox 1430 855 1551 916; x_wconf 40' lang='lat' dir='ltr'><strong>estl;</strong></span> <span class='ocrx_word' id='word_1_49' title='bbox 1583 848 1858 917; x_wconf 87' lang='lat' dir='ltr'><strong>quomodo</strong></span> <span class='ocrx_word' id='word_1_50' title='bbox 1886 848 2099 903; x_wconf 83' lang='lat' dir='ltr'><strong>arentia</strong></span> 
     </span>
    </p>
   </div>
   <div class='ocr_carea' id='block_1_10' title="bbox 505 941 2102 1012">
    <p class='ocr_par' dir='ltr' id='par_1_10' title="bbox 505 941 2102 1012">
     <span class='ocr_line' id='line_1_10' title="bbox 505 941 2102 1012; baseline 0.003 -18"><span class='ocrx_word' id='word_1_51' title='bbox 505 941 672 995; x_wconf 89' lang='lat' dir='ltr'><strong>ubera</strong></span> <span class='ocrx_word' id='word_1_52' title='bbox 726 941 780 995; x_wconf 88' lang='lat' dir='ltr'><strong>in</strong></span> <span class='ocrx_word' id='word_1_53' title='bbox 839 942 994 996; x_wconf 88' lang='lat' dir='ltr'><strong>lactis</strong></span> <span class='ocrx_word' id='word_1_54' title='bbox 1036 942 1219 998; x_wconf 85' lang='lat' dir='ltr'><strong>fontes</strong></span> <span class='ocrx_word' id='word_1_55' title='bbox 1261 943 1578 998; x_wconf 85' lang='lat' dir='ltr'><strong>acuuntur?</strong></span> <span class='ocrx_word' id='word_1_56' title='bbox 1626 941 1908 1012; x_wconf 87' lang='lat' dir='ltr'><strong>Siquidem</strong></span> <span class='ocrx_word' id='word_1_57' title='bbox 1952 943 2102 998; x_wconf 92' lang='lat' dir='ltr'><strong>enim</strong></span> 
     </span>
    </p>
   </div>
   <div class='ocr_carea' id='block_1_11' title="bbox 503 1033 2102 1104">
    <p class='ocr_par' dir='ltr' id='par_1_11' title="bbox 503 1033 2102 1104">
     <span class='ocr_line' id='line_1_11' title="bbox 503 1033 2102 1104; baseline 0.001 -16"><span class='ocrx_word' id='word_1_58' title='bbox 503 1042 762 1088; x_wconf 86' lang='lat' dir='ltr'><strong>senectus</strong></span> <span class='ocrx_word' id='word_1_59' title='bbox 816 1034 1101 1104; x_wconf 80' lang='lat' dir='ltr'><strong>sanguinis</strong></span> <span class='ocrx_word' id='word_1_60' title='bbox 1166 1035 1456 1089; x_wconf 83' lang='lat' dir='ltr'><strong>thesauros</strong></span> <span class='ocrx_word' id='word_1_61' title='bbox 1514 1033 1693 1090; x_wconf 86' lang='lat' dir='ltr'><strong>nescit</strong></span> <span class='ocrx_word' id='word_1_62' title='bbox 1757 1034 2102 1101; x_wconf 84' lang='lat' dir='ltr'><strong>recondere,</strong></span> 
     </span>
    </p>
   </div>
   <div class='ocr_carea' id='block_1_12' title="bbox 504 1123 2103 1196">
    <p class='ocr_par' dir='ltr' id='par_1_12' title="bbox 504 1123 2103 1196">
     <span class='ocr_line' id='line_1_12' title="bbox 504 1123 2103 1196; baseline 0.004 -20"><span class='ocrx_word' id='word_1_63' title='bbox 504 1123 783 1192; x_wconf 91' lang='lat' dir='ltr'><strong>quomodo</strong></span> <span class='ocrx_word' id='word_1_64' title='bbox 825 1125 970 1194; x_wconf 92' lang='lat' dir='ltr'><strong>quod</strong></span> <span class='ocrx_word' id='word_1_65' title='bbox 1025 1142 1278 1180; x_wconf 65' lang='lat' dir='ltr'><strong>mamma:</strong></span> <span class='ocrx_word' id='word_1_66' title='bbox 1322 1142 1430 1180; x_wconf 91' lang='lat' dir='ltr'><strong>non</strong></span> <span class='ocrx_word' id='word_1_67' title='bbox 1461 1134 1817 1196; x_wconf 88' lang='lat' dir='ltr'><strong>acceperunt,</strong></span> <span class='ocrx_word' id='word_1_68' title='bbox 1854 1127 1910 1180; x_wconf 89' lang='lat' dir='ltr'><strong>in</strong></span> <span class='ocrx_word' id='word_1_69' title='bbox 1942 1126 2103 1183; x_wconf 78' lang='lat' dir='ltr'><strong>lactis</strong></span> 
     </span>
    </p>
   </div>
   <div class='ocr_carea' id='block_1_13' title="bbox 503 1213 2100 1284">
    <p class='ocr_par' dir='ltr' id='par_1_13' title="bbox 503 1213 2100 1284">
     <span class='ocr_line' id='line_1_13' title="bbox 503 1213 2100 1284; baseline 0.004 -16"><span class='ocrx_word' id='word_1_70' title='bbox 503 1213 763 1268; x_wconf 85' lang='lat' dir='ltr'><strong>dealbant</strong></span> <span class='ocrx_word' id='word_1_71' title='bbox 816 1215 1055 1284; x_wconf 82' lang='lat' dir='ltr'><strong>Speciem</strong></span> <span class='ocrx_word' id='word_1_72' title='bbox 1082 1216 1105 1268; x_wconf 87' lang='lat'><strong>?</strong></span> <span class='ocrx_word' id='word_1_73' title='bbox 1152 1217 1256 1281; x_wconf 95' lang='lat' dir='ltr'><strong>Qui</strong></span> <span class='ocrx_word' id='word_1_74' title='bbox 1295 1232 1426 1270; x_wconf 90' lang='lat' dir='ltr'><strong>vero</strong></span> <span class='ocrx_word' id='word_1_75' title='bbox 1455 1217 1621 1271; x_wconf 90' lang='lat' dir='ltr'><strong>etiam</strong></span> <span class='ocrx_word' id='word_1_76' title='bbox 1645 1217 1806 1272; x_wconf 88' lang='lat' dir='ltr'><strong>vulva</strong></span> <span class='ocrx_word' id='word_1_77' title='bbox 1831 1226 2100 1284; x_wconf 87' lang='lat' dir='ltr'><strong>emortua,</strong></span> 
     </span>
    </p>
   </div>
   <div class='ocr_carea' id='block_1_14' title="bbox 504 1297 2103 1381">
    <p class='ocr_par' dir='ltr' id='par_1_14' title="bbox 504 1297 2103 1381">
     <span class='ocr_line' id='line_1_14' title="bbox 504 1297 2103 1381; baseline 0.004 -21"><span class='ocrx_word' id='word_1_78' title='bbox 504 1315 774 1362; x_wconf 87' lang='lat' dir='ltr'><strong>maturam</strong></span> <span class='ocrx_word' id='word_1_79' title='bbox 826 1309 1116 1379; x_wconf 84' lang='lat' dir='ltr'><strong>vivamque</strong></span> <span class='ocrx_word' id='word_1_80' title='bbox 1157 1310 1366 1380; x_wconf 89' lang='lat' dir='ltr'><strong>prolem</strong></span> <span class='ocrx_word' id='word_1_81' title='bbox 1399 1310 1532 1375; x_wconf 84' lang='lat' dir='ltr'><strong>edit,</strong></span> <span class='ocrx_word' id='word_1_82' title='bbox 1566 1297 1799 1380; x_wconf 86' lang='lat' dir='ltr'><strong>eamque</strong></span> <span class='ocrx_word' id='word_1_83' title='bbox 1826 1311 1941 1381; x_wconf 89' lang='lat' dir='ltr'><strong>ipsa</strong></span> <span class='ocrx_word' id='word_1_84' title='bbox 1968 1327 2103 1366; x_wconf 82' lang='lat' dir='ltr'><strong>con—</strong></span> 
     </span>
    </p>
   </div>
   <div class='ocr_carea' id='block_1_15' title="bbox 507 1400 2104 1474">
    <p class='ocr_par' dir='ltr' id='par_1_15' title="bbox 507 1400 2104 1474">
     <span class='ocr_line' id='line_1_15' title="bbox 507 1400 2104 1474; baseline 0.005 -20"><span class='ocrx_word' id='word_1_85' title='bbox 507 1400 663 1464; x_wconf 87' lang='lat' dir='ltr'><strong>tinet,</strong></span> <span class='ocrx_word' id='word_1_86' title='bbox 715 1410 770 1456; x_wconf 88' lang='lat' dir='ltr'><strong>et</strong></span> <span class='ocrx_word' id='word_1_87' title='bbox 819 1401 949 1456; x_wconf 85' lang='lat' dir='ltr'><strong>alit?</strong></span> <span class='ocrx_word' id='word_1_88' title='bbox 1001 1401 1127 1457; x_wconf 85' lang='lat' dir='ltr'><strong>llaec</strong></span> <span class='ocrx_word' id='word_1_89' title='bbox 1163 1412 1220 1457; x_wconf 92' lang='lat' dir='ltr'><strong>tu</strong></span> <span class='ocrx_word' id='word_1_90' title='bbox 1247 1403 1514 1458; x_wconf 88' lang='lat' dir='ltr'><strong>adversus</strong></span> <span class='ocrx_word' id='word_1_91' title='bbox 1548 1404 1808 1474; x_wconf 89' lang='lat' dir='ltr'><strong>teipsum,</strong></span> <span class='ocrx_word' id='word_1_92' title='bbox 1841 1412 2104 1474; x_wconf 83' lang='lat' dir='ltr'><strong>tuamque</strong></span> 
     </span>
    </p>
   </div>
   <div class='ocr_carea' id='block_1_16' title="bbox 506 1493 2100 1566">
    <p class='ocr_par' dir='ltr' id='par_1_16' title="bbox 506 1493 2100 1566">
     <span class='ocr_line' id='line_1_16' title="bbox 506 1493 2100 1566; baseline 0.003 -18"><span class='ocrx_word' id='word_1_93' title='bbox 506 1493 782 1548; x_wconf 85' lang='lat' dir='ltr'><strong>subtiliter</strong></span> <span class='ocrx_word' id='word_1_94' title='bbox 834 1496 1058 1549; x_wconf 88' lang='lat' dir='ltr'><strong>eonsuis</strong></span> <span class='ocrx_word' id='word_1_95' title='bbox 1096 1495 1327 1549; x_wconf 84' lang='lat' dir='ltr'><strong>salutem</strong></span> <span class='ocrx_word' id='word_1_96' title='bbox 1358 1512 1371 1550; x_wconf 94' lang='lat'>:</span> <span class='ocrx_word' id='word_1_97' title='bbox 1397 1495 1519 1564; x_wconf 87' lang='lat' dir='ltr'><strong>quis</strong></span> <span class='ocrx_word' id='word_1_98' title='bbox 1549 1511 1752 1566; x_wconf 89' lang='lat' dir='ltr'><strong>nempe</strong></span> <span class='ocrx_word' id='word_1_99' title='bbox 1782 1496 2100 1552; x_wconf 79' lang='lat' dir='ltr'><strong>exsistens?</strong></span> 
     </span>
    </p>
   </div>
   <div class='ocr_carea' id='block_1_17' title="bbox 507 1586 2102 1657">
    <p class='ocr_par' dir='ltr' id='par_1_17' title="bbox 507 1586 2102 1657">
     <span class='ocr_line' id='line_1_17' title="bbox 507 1586 2102 1657; baseline 0.003 -17"><span class='ocrx_word' id='word_1_100' title='bbox 507 1586 621 1640; x_wconf 67' lang='lat' dir='ltr'><strong>Nec</strong></span> <span class='ocrx_word' id='word_1_101' title='bbox 663 1586 810 1640; x_wconf 88' lang='lat' dir='ltr'><strong>enim</strong></span> <span class='ocrx_word' id='word_1_102' title='bbox 854 1603 998 1641; x_wconf 91' lang='lat' dir='ltr'><strong>unus</strong></span> <span class='ocrx_word' id='word_1_103' title='bbox 1041 1586 1165 1657; x_wconf 88' lang='lat' dir='ltr'><strong>quis</strong></span> <span class='ocrx_word' id='word_1_104' title='bbox 1214 1587 1458 1641; x_wconf 89' lang='lat' dir='ltr'><strong>ﬁdelium</strong></span> <span class='ocrx_word' id='word_1_105' title='bbox 1499 1588 1751 1653; x_wconf 81' lang='lat' dir='ltr'><strong>exsistas,</strong></span> <span class='ocrx_word' id='word_1_106' title='bbox 1788 1603 1853 1644; x_wconf 91' lang='lat' dir='ltr'><strong>ac</strong></span> <span class='ocrx_word' id='word_1_107' title='bbox 1886 1603 2102 1656; x_wconf 91' lang='lat' dir='ltr'><strong>eorum,</strong></span> 
     </span>
    </p>
   </div>
   <div class='ocr_carea' id='block_1_18' title="bbox 509 1678 2105 1751">
    <p class='ocr_par' dir='ltr' id='par_1_18' title="bbox 509 1678 2105 1751">
     <span class='ocr_line' id='line_1_18' title="bbox 509 1678 2105 1751; baseline 0.004 -20"><span class='ocrx_word' id='word_1_108' title='bbox 509 1679 602 1747; x_wconf 90' lang='lat' dir='ltr'><strong>qui</strong></span> <span class='ocrx_word' id='word_1_109' title='bbox 650 1678 913 1733; x_wconf 88' lang='lat' dir='ltr'><strong>miraculo</strong></span> <span class='ocrx_word' id='word_1_110' title='bbox 945 1679 1094 1750; x_wconf 83' lang='lat' dir='ltr'><strong>digni</strong></span> <span class='ocrx_word' id='word_1_111' title='bbox 1129 1680 1260 1733; x_wconf 89' lang='lat' dir='ltr'><strong>sint.</strong></span> <span class='ocrx_word' id='word_1_112' title='bbox 1307 1678 1442 1733; x_wconf 87' lang='lat' dir='ltr'><strong>Nam</strong></span> <span class='ocrx_word' id='word_1_113' title='bbox 1489 1695 1668 1750; x_wconf 89' lang='lat' dir='ltr'><strong>neque</strong></span> <span class='ocrx_word' id='word_1_114' title='bbox 1699 1680 1873 1736; x_wconf 90' lang='lat' dir='ltr'><strong>ﬁdelis</strong></span> <span class='ocrx_word' id='word_1_115' title='bbox 1901 1683 2105 1751; x_wconf 84' lang='lat' dir='ltr'><strong>produ-</strong></span> 
     </span>
    </p>
   </div>
   <div class='ocr_carea' id='block_1_19' title="bbox 507 1773 2101 1844">
    <p class='ocr_par' dir='ltr' id='par_1_19' title="bbox 507 1773 2101 1844">
     <span class='ocr_line' id='line_1_19' title="bbox 507 1773 2101 1844; baseline 0.003 -17"><span class='ocrx_word' id='word_1_116' title='bbox 507 1781 686 1837; x_wconf 80' lang='lat' dir='ltr'><strong>catur,</strong></span> <span class='ocrx_word' id='word_1_117' title='bbox 711 1773 803 1842; x_wconf 91' lang='lat' dir='ltr'><strong>qui</strong></span> <span class='ocrx_word' id='word_1_118' title='bbox 830 1773 896 1828; x_wconf 90' lang='lat' dir='ltr'><strong>iis</strong></span> <span class='ocrx_word' id='word_1_119' title='bbox 917 1775 1144 1842; x_wconf 83' lang='lat' dir='ltr'><strong>abroget</strong></span> <span class='ocrx_word' id='word_1_120' title='bbox 1170 1774 1352 1837; x_wconf 82' lang='lat' dir='ltr'><strong>ﬁdem,</strong></span> <span class='ocrx_word' id='word_1_121' title='bbox 1381 1790 1477 1844; x_wconf 91' lang='lat' dir='ltr'><strong>per</strong></span> <span class='ocrx_word' id='word_1_122' title='bbox 1496 1790 1618 1844; x_wconf 76' lang='lat' dir='ltr'><strong>quze</strong></span> <span class='ocrx_word' id='word_1_123' title='bbox 1645 1775 1780 1829; x_wconf 88' lang='lat' dir='ltr'><strong>ﬁdes</strong></span> <span class='ocrx_word' id='word_1_124' title='bbox 1807 1777 2101 1844; x_wconf 87' lang='lat' dir='ltr'><strong>astruitur;</strong></span> 
     </span>
    </p>
   </div>
   <div class='ocr_carea' id='block_1_20' title="bbox 2204 567 3776 640">
    <p class='ocr_par' dir='ltr' id='par_1_20' title="bbox 2204 567 3776 640">
     <span class='ocr_line' id='line_1_20' title="bbox 2204 567 3776 640; baseline 0.001 -18"><span class='ocrx_word' id='word_1_125' title='bbox 2204 569 2588 640; x_wconf 77' lang='grc' dir='ltr'><strong>θαυμάζομεν,</strong></span> <span class='ocrx_word' id='word_1_126' title='bbox 2625 569 2776 638; x_wconf 77' lang='grc' dir='ltr'><strong>παρὰ</strong></span> <span class='ocrx_word' id='word_1_127' title='bbox 2809 567 3016 638; x_wconf 79' lang='grc' dir='ltr'><strong>φαῦλον</strong></span> <span class='ocrx_word' id='word_1_128' title='bbox 3054 567 3243 621; x_wconf 78' lang='grc' dir='ltr'><strong>θέσθαι</strong></span> <span class='ocrx_word' id='word_1_129' title='bbox 3273 567 3335 620; x_wconf 71' lang='grc' dir='ltr'><strong>τδ</strong></span> <span class='ocrx_word' id='word_1_130' title='bbox 3363 567 3776 640; x_wconf 81' lang='grc' dir='ltr'><strong>θαυμαζόμενον,</strong></span> 
     </span>
    </p>
   </div>
   <div class='ocr_carea' id='block_1_21' title="bbox 2205 661 3776 736">
    <p class='ocr_par' dir='ltr' id='par_1_21' title="bbox 2205 661 3776 736">
     <span class='ocr_line' id='line_1_21' title="bbox 2205 661 3776 736; baseline 0.003 -20"><span class='ocrx_word' id='word_1_131' title='bbox 2205 664 2298 716; x_wconf 73' lang='grc' dir='ltr'><strong>καὶ</strong></span> <span class='ocrx_word' id='word_1_132' title='bbox 2335 662 2454 722; x_wconf 89' lang='grc' dir='ltr'><strong>πῶς</strong></span> <span class='ocrx_word' id='word_1_133' title='bbox 2479 663 2670 732; x_wconf 87' lang='grc' dir='ltr'><strong>στεῖρα</strong></span> <span class='ocrx_word' id='word_1_134' title='bbox 2695 661 2846 715; x_wconf 80' lang='grc' dir='ltr'><strong>τέκοι</strong></span> <span class='ocrx_word' id='word_1_135' title='bbox 2871 661 3234 730; x_wconf 78' lang='grc' dir='ltr'><strong>λογομαχεῖς;</strong></span> <span class='ocrx_word' id='word_1_136' title='bbox 3274 661 3336 714; x_wconf 74' lang='lat' dir='ltr'><strong>Ei</strong></span> <span class='ocrx_word' id='word_1_137' title='bbox 3378 661 3486 732; x_wconf 82' lang='grc' dir='ltr'><strong>γάρ</strong></span> <span class='ocrx_word' id='word_1_138' title='bbox 3517 667 3693 736; x_wconf 86' lang='grc' dir='ltr'><strong>στεῖρα</strong></span> <span class='ocrx_word' id='word_1_139' title='bbox 3723 669 3776 721; x_wconf 79' lang='grc' dir='ltr'><strong>οὐ</strong></span> 
     </span>
    </p>
   </div>
   <div class='ocr_carea' id='block_1_22' title="bbox 2203 754 3779 829">
    <p class='ocr_par' dir='ltr' id='par_1_22' title="bbox 2203 754 3779 829">
     <span class='ocr_line' id='line_1_22' title="bbox 2203 754 3779 829; baseline 0.005 -22"><span class='ocrx_word' id='word_1_140' title='bbox 2203 754 2413 808; x_wconf 65' lang='grc' dir='ltr'><strong>τίκτεν</strong></span> <span class='ocrx_word' id='word_1_141' title='bbox 2443 755 2705 808; x_wconf 79' lang='grc' dir='ltr'><strong>τίκτουσα</strong></span> <span class='ocrx_word' id='word_1_142' title='bbox 2741 754 2797 808; x_wconf 86' lang='grc' dir='ltr'><strong>δὲ</strong></span> <span class='ocrx_word' id='word_1_143' title='bbox 2823 756 2886 810; x_wconf 85' lang='grc' dir='ltr'><strong>οὐ</strong></span> <span class='ocrx_word' id='word_1_144' title='bbox 2917 759 3104 826; x_wconf 82' lang='grc' dir='ltr'><strong>στεῖρα</strong></span> <span class='ocrx_word' id='word_1_145' title='bbox 3125 771 3140 783; x_wconf 81' lang='grc'><strong><em>⁸</em></strong></span> <span class='ocrx_word' id='word_1_146' title='bbox 3167 755 3286 819; x_wconf 86' lang='grc' dir='ltr'><strong>πῶς</strong></span> <span class='ocrx_word' id='word_1_147' title='bbox 3311 755 3366 810; x_wconf 80' lang='grc' dir='ltr'><strong>δὲ</strong></span> <span class='ocrx_word' id='word_1_148' title='bbox 3409 755 3568 826; x_wconf 73' lang='grc' dir='ltr'><strong>μαζοὶ</strong></span> <span class='ocrx_word' id='word_1_149' title='bbox 3595 757 3779 829; x_wconf 80' lang='grc' dir='ltr'><strong>ξηραν-</strong></span> 
     </span>
    </p>
   </div>
   <div class='ocr_carea' id='block_1_23' title="bbox 2206 843 3776 925">
    <p class='ocr_par' dir='ltr' id='par_1_23' title="bbox 2206 843 3776 925">
     <span class='ocr_line' id='line_1_23' title="bbox 2206 843 3776 925; baseline 0.008 -29"><span class='ocrx_word' id='word_1_150' title='bbox 2206 843 2393 909; x_wconf 81' lang='grc' dir='ltr'><strong>θέντες</strong></span> <span class='ocrx_word' id='word_1_151' title='bbox 2429 847 2511 909; x_wconf 91' lang='grc' dir='ltr'><strong>είς</strong></span> <span class='ocrx_word' id='word_1_152' title='bbox 2538 847 2724 917; x_wconf 84' lang='grc' dir='ltr'><strong>πηγὰς</strong></span> <span class='ocrx_word' id='word_1_153' title='bbox 2772 847 3209 919; x_wconf 82' lang='grc' dir='ltr'><strong>ἀναστομοῦνται</strong></span> <span class='ocrx_word' id='word_1_154' title='bbox 3246 847 3547 916; x_wconf 84' lang='grc' dir='ltr'><strong>γάλακτος;</strong></span> <span class='ocrx_word' id='word_1_155' title='bbox 3585 852 3643 904; x_wconf 79' lang='lat' dir='ltr'><strong>El</strong></span> <span class='ocrx_word' id='word_1_156' title='bbox 3684 855 3776 925; x_wconf 78' lang='grc' dir='ltr'><strong>γὰρ</strong></span> 
     </span>
    </p>
   </div>
   <div class='ocr_carea' id='block_1_24' title="bbox 2207 931 3781 1011">
    <p class='ocr_par' dir='ltr' id='par_1_24' title="bbox 2207 931 3781 1011">
     <span class='ocr_line' id='line_1_24' title="bbox 2207 931 3781 1011; baseline 0.006 -24"><span class='ocrx_word' id='word_1_157' title='bbox 2207 933 2562 1008; x_wconf 77' lang='grc' dir='ltr'><strong>θησαυρίζειν</strong></span> <span class='ocrx_word' id='word_1_158' title='bbox 2605 931 2744 1009; x_wconf 73' lang='grc' dir='ltr'><strong>αἷμα</strong></span> <span class='ocrx_word' id='word_1_159' title='bbox 2787 937 2850 992; x_wconf 76' lang='grc' dir='ltr'><strong>τὸ</strong></span> <span class='ocrx_word' id='word_1_160' title='bbox 2882 938 3065 1009; x_wconf 81' lang='grc' dir='ltr'><strong>γῆρας</strong></span> <span class='ocrx_word' id='word_1_161' title='bbox 3095 939 3195 992; x_wconf 87' lang='grc' dir='ltr'><strong>οὐκ</strong></span> <span class='ocrx_word' id='word_1_162' title='bbox 3222 935 3354 1004; x_wconf 83' lang='grc' dir='ltr'><strong>οἶδε,</strong></span> <span class='ocrx_word' id='word_1_163' title='bbox 3391 939 3512 1003; x_wconf 85' lang='grc' dir='ltr'><strong>πῶς</strong></span> <span class='ocrx_word' id='word_1_164' title='bbox 3535 942 3666 1011; x_wconf 83' lang='grc' dir='ltr'><strong>ὅπερ</strong></span> <span class='ocrx_word' id='word_1_165' title='bbox 3690 946 3781 999; x_wconf 84' lang='grc' dir='ltr'><strong>οὐκ</strong></span> 
     </span>
    </p>
   </div>
   <div class='ocr_carea' id='block_1_25' title="bbox 2207 1027 3782 1105">
    <p class='ocr_par' dir='ltr' id='par_1_25' title="bbox 2207 1027 3782 1105">
     <span class='ocr_line' id='line_1_25' title="bbox 2207 1027 3782 1105; baseline 0.003 -25"><span class='ocrx_word' id='word_1_166' title='bbox 2207 1027 2403 1082; x_wconf 76' lang='grc' dir='ltr'><strong>ἔλαϐον</strong></span> <span class='ocrx_word' id='word_1_167' title='bbox 2426 1030 2482 1084; x_wconf 87' lang='grc' dir='ltr'><strong>αί</strong></span> <span class='ocrx_word' id='word_1_168' title='bbox 2514 1027 2697 1099; x_wconf 78' lang='grc' dir='ltr'><strong>θηλαὶ,</strong></span> <span class='ocrx_word' id='word_1_169' title='bbox 2721 1029 3105 1084; x_wconf 84' lang='grc' dir='ltr'><strong>λευκαίνουσιν</strong></span> <span class='ocrx_word' id='word_1_170' title='bbox 3135 1032 3218 1093; x_wconf 82' lang='grc' dir='ltr'><strong>εἰς</strong></span> <span class='ocrx_word' id='word_1_171' title='bbox 3252 1029 3430 1098; x_wconf 78' lang='grc' dir='ltr'><strong>γάλας</strong></span> <span class='ocrx_word' id='word_1_172' title='bbox 3463 1031 3582 1095; x_wconf 85' lang='grc' dir='ltr'><strong>Πῶς</strong></span> <span class='ocrx_word' id='word_1_173' title='bbox 3609 1031 3660 1085; x_wconf 80' lang='grc' dir='ltr'><strong>δὲ</strong></span> <span class='ocrx_word' id='word_1_174' title='bbox 3691 1036 3782 1105; x_wconf 77' lang='grc' dir='ltr'><strong>μή·</strong></span> 
     </span>
    </p>
   </div>
   <div class='ocr_carea' id='block_1_26' title="bbox 2204 1122 3782 1195">
    <p class='ocr_par' dir='ltr' id='par_1_26' title="bbox 2204 1122 3782 1195">
     <span class='ocr_line' id='line_1_26' title="bbox 2204 1122 3782 1195; baseline 0.004 -20"><span class='ocrx_word' id='word_1_175' title='bbox 2204 1137 2312 1193; x_wconf 88' lang='grc' dir='ltr'><strong>τρα</strong></span> <span class='ocrx_word' id='word_1_176' title='bbox 2338 1123 2676 1193; x_wconf 85' lang='grc' dir='ltr'><strong>νεκρωθείσα</strong></span> <span class='ocrx_word' id='word_1_177' title='bbox 2705 1123 3080 1195; x_wconf 87' lang='grc' dir='ltr'><strong>τελεσιουργεῖ</strong></span> <span class='ocrx_word' id='word_1_178' title='bbox 3117 1122 3214 1177; x_wconf 79' lang='grc' dir='ltr'><strong>καὶ</strong></span> <span class='ocrx_word' id='word_1_179' title='bbox 3244 1123 3531 1189; x_wconf 81' lang='grc' dir='ltr'><strong>ζωοποιεῖ,</strong></span> <span class='ocrx_word' id='word_1_180' title='bbox 3560 1126 3650 1178; x_wconf 74' lang='grc' dir='ltr'><strong>καὶ</strong></span> <span class='ocrx_word' id='word_1_181' title='bbox 3673 1144 3782 1181; x_wconf 86' lang='grc' dir='ltr'><strong>συν-</strong></span> 
     </span>
    </p>
   </div>
   <div class='ocr_carea' id='block_1_27' title="bbox 2207 1215 3780 1288">
    <p class='ocr_par' dir='ltr' id='par_1_27' title="bbox 2207 1215 3780 1288">
     <span class='ocr_line' id='line_1_27' title="bbox 2207 1215 3780 1288; baseline 0.004 -20"><span class='ocrx_word' id='word_1_182' title='bbox 2207 1215 2322 1286; x_wconf 88' lang='grc' dir='ltr'><strong>έχει</strong></span> <span class='ocrx_word' id='word_1_183' title='bbox 2345 1216 2442 1270; x_wconf 76' lang='grc' dir='ltr'><strong>καὶ</strong></span> <span class='ocrx_word' id='word_1_184' title='bbox 2467 1217 2662 1288; x_wconf 80' lang='grc' dir='ltr'><strong>τρέφει</strong></span> <span class='ocrx_word' id='word_1_185' title='bbox 2689 1217 2748 1270; x_wconf 84' lang='grc' dir='ltr'><strong>τὺ</strong></span> <span class='ocrx_word' id='word_1_186' title='bbox 2776 1216 3050 1288; x_wconf 81' lang='grc' dir='ltr'><strong>ἐμϐρυον;</strong></span> <span class='ocrx_word' id='word_1_187' title='bbox 3075 1217 3262 1272; x_wconf 82' lang='grc' dir='ltr'><strong>Ταῦτα</strong></span> <span class='ocrx_word' id='word_1_188' title='bbox 3285 1218 3349 1272; x_wconf 86' lang='grc' dir='ltr'><strong>σὺ</strong></span> <span class='ocrx_word' id='word_1_189' title='bbox 3381 1219 3522 1271; x_wconf 84' lang='grc' dir='ltr'><strong>κατὰ</strong></span> <span class='ocrx_word' id='word_1_190' title='bbox 3552 1222 3780 1287; x_wconf 73' lang='grc' dir='ltr'><strong>σεαυτοῦ,</strong></span> 
     </span>
    </p>
   </div>
   <div class='ocr_carea' id='block_1_28' title="bbox 2207 1310 3785 1384">
    <p class='ocr_par' dir='ltr' id='par_1_28' title="bbox 2207 1310 3785 1384">
     <span class='ocr_line' id='line_1_28' title="bbox 2207 1310 3785 1384; baseline 0.004 -20"><span class='ocrx_word' id='word_1_191' title='bbox 2207 1313 2303 1364; x_wconf 76' lang='grc' dir='ltr'><strong>καὶ</strong></span> <span class='ocrx_word' id='word_1_192' title='bbox 2329 1310 2433 1381; x_wconf 85' lang='grc' dir='ltr'><strong>τῆς</strong></span> <span class='ocrx_word' id='word_1_193' title='bbox 2458 1311 2560 1380; x_wconf 81' lang='grc' dir='ltr'><strong>σῆς</strong></span> <span class='ocrx_word' id='word_1_194' title='bbox 2585 1313 3038 1384; x_wconf 74' lang='grc' dir='ltr'><strong>μηχανορραφεῖς</strong></span> <span class='ocrx_word' id='word_1_195' title='bbox 3068 1312 3376 1384; x_wconf 74' lang='grc' dir='ltr'><strong>σωτηρίαςο</strong></span> <span class='ocrx_word' id='word_1_196' title='bbox 3406 1312 3489 1374; x_wconf 88' lang='grc' dir='ltr'><strong>τίς</strong></span> <span class='ocrx_word' id='word_1_197' title='bbox 3528 1311 3635 1380; x_wconf 83' lang='grc' dir='ltr'><strong>ῶν;</strong></span> <span class='ocrx_word' id='word_1_198' title='bbox 3674 1316 3785 1370; x_wconf 80' lang='grc' dir='ltr'><strong>Τῶν</strong></span> 
     </span>
    </p>
   </div>
   <div class='ocr_carea' id='block_1_29' title="bbox 2207 1401 3781 1479">
    <p class='ocr_par' dir='ltr' id='par_1_29' title="bbox 2207 1401 3781 1479">
     <span class='ocr_line' id='line_1_29' title="bbox 2207 1401 3781 1479; baseline 0.001 -23"><span class='ocrx_word' id='word_1_199' title='bbox 2207 1401 2420 1456; x_wconf 81' lang='grc' dir='ltr'><strong>πιστῶν</strong></span> <span class='ocrx_word' id='word_1_200' title='bbox 2452 1403 2561 1472; x_wconf 84' lang='grc' dir='ltr'><strong>γάρ</strong></span> <span class='ocrx_word' id='word_1_201' title='bbox 2596 1405 2690 1458; x_wconf 76' lang='grc' dir='ltr'><strong>καὶ</strong></span> <span class='ocrx_word' id='word_1_202' title='bbox 2712 1404 2878 1471; x_wconf 78' lang='grc' dir='ltr'><strong>ἀξίων</strong></span> <span class='ocrx_word' id='word_1_203' title='bbox 2926 1405 3022 1459; x_wconf 82' lang='grc' dir='ltr'><strong>τοῦ</strong></span> <span class='ocrx_word' id='word_1_204' title='bbox 3076 1405 3380 1476; x_wconf 87' lang='grc' dir='ltr'><strong>θαύματος,</strong></span> <span class='ocrx_word' id='word_1_205' title='bbox 3409 1408 3510 1458; x_wconf 82' lang='grc' dir='ltr'><strong>οὐκ</strong></span> <span class='ocrx_word' id='word_1_206' title='bbox 3555 1407 3619 1459; x_wconf 87' lang='grc' dir='ltr'><strong>ἂν</strong></span> <span class='ocrx_word' id='word_1_207' title='bbox 3643 1407 3749 1479; x_wconf 74' lang='grc' dir='ltr'><strong>εἴης</strong></span> <span class='ocrx_word' id='word_1_208' title='bbox 3770 1425 3781 1436; x_wconf 72' lang='grc' dir='ltr'><strong>ι</strong></span> 
     </span>
    </p>
   </div>
   <div class='ocr_carea' id='block_1_30' title="bbox 2207 1490 3784 1570">
    <p class='ocr_par' dir='ltr' id='par_1_30' title="bbox 2207 1490 3784 1570">
     <span class='ocr_line' id='line_1_30' title="bbox 2207 1490 3784 1570; baseline 0.004 -23"><span class='ocrx_word' id='word_1_209' title='bbox 2207 1494 2328 1549; x_wconf 74' lang='grc' dir='ltr'><strong>οὐδὲ</strong></span> <span class='ocrx_word' id='word_1_210' title='bbox 2351 1494 2462 1566; x_wconf 85' lang='grc' dir='ltr'><strong>γάρ</strong></span> <span class='ocrx_word' id='word_1_211' title='bbox 2489 1495 2608 1548; x_wconf 76' lang='grc' dir='ltr'><strong>οὐδὲ</strong></span> <span class='ocrx_word' id='word_1_212' title='bbox 2638 1499 2769 1559; x_wconf 83' lang='grc' dir='ltr'><strong>τοῖς,</strong></span> <span class='ocrx_word' id='word_1_213' title='bbox 2804 1497 2871 1550; x_wconf 83' lang='grc' dir='ltr'><strong>δι’</strong></span> <span class='ocrx_word' id='word_1_214' title='bbox 2895 1490 2971 1551; x_wconf 84' lang='grc' dir='ltr'><strong>ὧν</strong></span> <span class='ocrx_word' id='word_1_215' title='bbox 2996 1499 3030 1569; x_wconf 81' lang='grc' dir='ltr'>ἡ</span> <span class='ocrx_word' id='word_1_216' title='bbox 3073 1498 3277 1562; x_wconf 77' lang='grc' dir='ltr'><strong>πίστις,</strong></span> <span class='ocrx_word' id='word_1_217' title='bbox 3327 1498 3580 1551; x_wconf 82' lang='grc' dir='ltr'><strong>άπιστεῖν</strong></span> <span class='ocrx_word' id='word_1_218' title='bbox 3604 1499 3784 1570; x_wconf 74' lang='grc' dir='ltr'><strong>οὐμεν-</strong></span> 
     </span>
    </p>
   </div>
   <div class='ocr_carea' id='block_1_31' title="bbox 2206 1580 3788 1663">
    <p class='ocr_par' dir='ltr' id='par_1_31' title="bbox 2206 1580 3788 1663">
     <span class='ocr_line' id='line_1_31' title="bbox 2206 1580 3788 1663; baseline 0.005 -26"><span class='ocrx_word' id='word_1_219' title='bbox 2206 1580 2300 1638; x_wconf 73' lang='grc' dir='ltr'><strong>ούν</strong></span> <span class='ocrx_word' id='word_1_220' title='bbox 2325 1587 2354 1638; x_wconf 86' lang='grc' dir='ltr'><strong>ό</strong></span> <span class='ocrx_word' id='word_1_221' title='bbox 2377 1586 2568 1650; x_wconf 80' lang='grc' dir='ltr'><strong>πιστὸς</strong></span> <span class='ocrx_word' id='word_1_222' title='bbox 2591 1589 3028 1659; x_wconf 80' lang='grc' dir='ltr'><strong>παρασθήσεται,</strong></span> <span class='ocrx_word' id='word_1_223' title='bbox 3047 1589 3185 1642; x_wconf 78' lang='grc' dir='ltr'><strong>ἀλλὰ</strong></span> <span class='ocrx_word' id='word_1_224' title='bbox 3213 1588 3490 1651; x_wconf 72' lang='grc' dir='ltr'><strong>Ἰουδαῖος.</strong></span> <span class='ocrx_word' id='word_1_225' title='bbox 3539 1589 3599 1642; x_wconf 84' lang='grc' dir='ltr'><em>Ἥ</em></span> <span class='ocrx_word' id='word_1_226' title='bbox 3618 1592 3788 1663; x_wconf 73' lang='grc' dir='ltr'><strong>Σᾶῥρα</strong></span> 
     </span>
    </p>
   </div>
   <div class='ocr_carea' id='block_1_32' title="bbox 2207 1675 3788 1754">
    <p class='ocr_par' dir='ltr' id='par_1_32' title="bbox 2207 1675 3788 1754">
     <span class='ocr_line' id='line_1_32' title="bbox 2207 1675 3788 1754; baseline 0.027 -34"><span class='ocrx_word' id='word_1_227' title='bbox 2207 1677 2286 1743; x_wconf 72' lang='grc' dir='ltr'><strong>δὲ,</strong></span> <span class='ocrx_word' id='word_1_228' title='bbox 2312 1679 2449 1742; x_wconf 79' lang='grc' dir='ltr'><strong>πῶς,</strong></span> <span class='ocrx_word' id='word_1_229' title='bbox 2481 1679 2514 1751; x_wconf 81' lang='grc' dir='ltr'>ἦ</span> <span class='ocrx_word' id='word_1_230' title='bbox 2545 1679 2648 1732; x_wconf 84' lang='grc' dir='ltr'><strong>ποῦ</strong></span> <span class='ocrx_word' id='word_1_231' title='bbox 2682 1697 2764 1734; x_wconf 87' lang='grc' dir='ltr'><strong>σοι</strong></span> <span class='ocrx_word' id='word_1_232' title='bbox 2787 1681 3201 1749; x_wconf 82' lang='grc' dir='ltr'><strong>διαπέπτωκεν;</strong></span> <span class='ocrx_word' id='word_1_233' title='bbox 3230 1675 3381 1752; x_wconf 70' lang='grc' dir='ltr'><strong>’Δρσι</strong></span> <span class='ocrx_word' id='word_1_234' title='bbox 3405 1682 3517 1752; x_wconf 70' lang='grc' dir='ltr'><strong>γὰρ</strong></span> <span class='ocrx_word' id='word_1_235' title='bbox 3538 1681 3597 1735; x_wconf 66' lang='grc' dir='ltr'><strong>οὗ</strong></span> <span class='ocrx_word' id='word_1_236' title='bbox 3620 1684 3788 1754; x_wconf 61' lang='grc' dir='ltr'>γήρως</span> 
     </span>
    </p>
   </div>
   <div class='ocr_carea' id='block_1_33' title="bbox 2211 1768 3788 1844">
    <p class='ocr_par' dir='ltr' id='par_1_33' title="bbox 2211 1768 3788 1844">
     <span class='ocr_line' id='line_1_33' title="bbox 2211 1768 3788 1844; baseline 0.003 -20"><span class='ocrx_word' id='word_1_237' title='bbox 2211 1772 2305 1824; x_wconf 69' lang='grc' dir='ltr'><strong>καὶ</strong></span> <span class='ocrx_word' id='word_1_238' title='bbox 2340 1771 2681 1844; x_wconf 74' lang='grc' dir='ltr'><strong>πειρὼσεως</strong></span> <span class='ocrx_word' id='word_1_239' title='bbox 2714 1768 2822 1828; x_wconf 80' lang='grc' dir='ltr'><strong>εἶδε</strong></span> <span class='ocrx_word' id='word_1_240' title='bbox 2859 1774 3026 1829; x_wconf 88' lang='grc' dir='ltr'><strong>παῖδα</strong></span> <span class='ocrx_word' id='word_1_241' title='bbox 3064 1774 3158 1828; x_wconf 77' lang='grc' dir='ltr'><strong>τὸν</strong></span> <span class='ocrx_word' id='word_1_242' title='bbox 3204 1773 3430 1838; x_wconf 87' lang='grc' dir='ltr'><strong>Ἰσαάκ;</strong></span> <span class='ocrx_word' id='word_1_243' title='bbox 3467 1773 3531 1828; x_wconf 80' lang='grc' dir='ltr'><strong>ἂν</strong></span> <span class='ocrx_word' id='word_1_244' title='bbox 3567 1776 3599 1844; x_wconf 85' lang='grc' dir='ltr'>ἠ</span> <span class='ocrx_word' id='word_1_245' title='bbox 3635 1776 3788 1830; x_wconf 83' lang='grc' dir='ltr'><strong>Ἀννα</strong></span> 
     </span>
    </p>
   </div>
   <div class='ocr_carea' id='block_1_34' title="bbox 509 1847 2103 1941">
    <p class='ocr_par' dir='ltr' id='par_1_34' title="bbox 509 1863 2103 1936">
     <span class='ocr_line' id='line_1_34' title="bbox 509 1863 2103 1936; baseline 0.002 -16"><span class='ocrx_word' id='word_1_246' title='bbox 509 1865 605 1920; x_wconf 88' lang='lat' dir='ltr'><strong>sed</strong></span> <span class='ocrx_word' id='word_1_247' title='bbox 643 1863 886 1920; x_wconf 58' lang='lat' dir='ltr'><strong>Iudaeus.</strong></span> <span class='ocrx_word' id='word_1_248' title='bbox 928 1866 998 1920; x_wconf 85' lang='lat' dir='ltr'><strong>At</strong></span> <span class='ocrx_word' id='word_1_249' title='bbox 1026 1865 1322 1936; x_wconf 90' lang='lat' dir='ltr'><strong>quomodo,</strong></span> <span class='ocrx_word' id='word_1_250' title='bbox 1357 1882 1419 1920; x_wconf 92' lang='lat' dir='ltr'><strong>ac</strong></span> <span class='ocrx_word' id='word_1_251' title='bbox 1451 1867 1542 1922; x_wconf 90' lang='lat' dir='ltr'><strong>ubi</strong></span> <span class='ocrx_word' id='word_1_252' title='bbox 1572 1867 1667 1920; x_wconf 90' lang='lat' dir='ltr'><strong>tibi</strong></span> <span class='ocrx_word' id='word_1_253' title='bbox 1700 1867 1905 1922; x_wconf 78' lang='lat' dir='ltr'><strong>excidit</strong></span> <span class='ocrx_word' id='word_1_254' title='bbox 1931 1866 2103 1923; x_wconf 82' lang='lat' dir='ltr'><strong>Sara?</strong></span> 
     </span>
    </p>
   </div>
   <div class='ocr_carea' id='block_1_35' title="bbox 2205 1847 3787 1941">
    <p class='ocr_par' dir='ltr' id='par_1_35' title="bbox 2214 1865 3787 1941">
     <span class='ocr_line' id='line_1_35' title="bbox 2214 1865 3787 1941; baseline 0.003 -25"><span class='ocrx_word' id='word_1_255' title='bbox 2214 1879 2296 1916; x_wconf 86' lang='grc' dir='ltr'><strong>σοι</strong></span> <span class='ocrx_word' id='word_1_256' title='bbox 2327 1865 2518 1932; x_wconf 84' lang='grc' dir='ltr'><strong>συγχεῖ</strong></span> <span class='ocrx_word' id='word_1_257' title='bbox 2573 1866 2668 1918; x_wconf 69' lang='grc' dir='ltr'><strong>καὶ</strong></span> <span class='ocrx_word' id='word_1_258' title='bbox 2704 1867 2968 1936; x_wconf 86' lang='grc' dir='ltr'><strong>ταράσσει</strong></span> <span class='ocrx_word' id='word_1_259' title='bbox 3001 1867 3131 1930; x_wconf 84' lang='grc' dir='ltr'><strong>τοὺς</strong></span> <span class='ocrx_word' id='word_1_260' title='bbox 3189 1865 3516 1936; x_wconf 78' lang='grc' dir='ltr'><strong>λογισμοὺς,</strong></span> <span class='ocrx_word' id='word_1_261' title='bbox 3559 1867 3589 1938; x_wconf 72' lang='grc' dir='ltr'>ἢ</span> <span class='ocrx_word' id='word_1_262' title='bbox 3618 1869 3787 1941; x_wconf 73' lang='grc' dir='ltr'><strong>Σάρρα</strong></span> 
     </span>
    </p>
   </div>
   <div class='ocr_carea' id='block_1_36' title="bbox 511 1955 2111 2030">
    <p class='ocr_par' dir='ltr' id='par_1_36' title="bbox 511 1955 2111 2030">
     <span class='ocr_line' id='line_1_36' title="bbox 511 1955 2111 2030; baseline 0.004 -20"><span class='ocrx_word' id='word_1_263' title='bbox 511 1955 704 2012; x_wconf 76' lang='lat' dir='ltr'><strong>Nonne</strong></span> <span class='ocrx_word' id='word_1_264' title='bbox 729 1959 874 2012; x_wconf 87' lang='lat' dir='ltr'><strong>enim</strong></span> <span class='ocrx_word' id='word_1_265' title='bbox 918 1958 1028 2022; x_wconf 91' lang='lat' dir='ltr'><strong>illa,</strong></span> <span class='ocrx_word' id='word_1_266' title='bbox 1058 1959 1359 2014; x_wconf 90' lang='lat' dir='ltr'><strong>senectutis</strong></span> <span class='ocrx_word' id='word_1_267' title='bbox 1379 1974 1442 2014; x_wconf 88' lang='lat' dir='ltr'><strong>ac</strong></span> <span class='ocrx_word' id='word_1_268' title='bbox 1463 1959 1766 2014; x_wconf 85' lang='lat' dir='ltr'><strong>sterilitatis</strong></span> <span class='ocrx_word' id='word_1_269' title='bbox 1797 1960 2111 2030; x_wconf 80' lang='lat' dir='ltr'><strong>dispendiis</strong></span> 
     </span>
    </p>
   </div>
   <div class='ocr_carea' id='block_1_37' title="bbox 511 2049 2112 2120">
    <p class='ocr_par' dir='ltr' id='par_1_37' title="bbox 511 2049 2112 2120">
     <span class='ocr_line' id='line_1_37' title="bbox 511 2049 2112 2120; baseline 0.002 -16"><span class='ocrx_word' id='word_1_270' title='bbox 511 2050 716 2104; x_wconf 89' lang='lat' dir='ltr'><strong>editam</strong></span> <span class='ocrx_word' id='word_1_271' title='bbox 772 2051 1007 2119; x_wconf 90' lang='lat' dir='ltr'><strong>prolem,</strong></span> <span class='ocrx_word' id='word_1_272' title='bbox 1060 2049 1212 2106; x_wconf 87' lang='lat' dir='ltr'><strong>Isaac</strong></span> <span class='ocrx_word' id='word_1_273' title='bbox 1260 2050 1437 2105; x_wconf 83' lang='lat' dir='ltr'><strong>vidit?</strong></span> <span class='ocrx_word' id='word_1_274' title='bbox 1480 2049 1762 2120; x_wconf 86' lang='lat' dir='ltr'><strong>Siquidem</strong></span> <span class='ocrx_word' id='word_1_275' title='bbox 1793 2053 1952 2106; x_wconf 82' lang='lat' dir='ltr'><strong>Anna</strong></span> <span class='ocrx_word' id='word_1_276' title='bbox 1985 2053 2112 2108; x_wconf 82' lang='lat' dir='ltr'><strong>ani-</strong></span> 
     </span>
    </p>
   </div>
   <div class='ocr_carea' id='block_1_38' title="bbox 511 2142 2106 2214">
    <p class='ocr_par' dir='ltr' id='par_1_38' title="bbox 511 2142 2106 2214">
     <span class='ocr_line' id='line_1_38' title="bbox 511 2142 2106 2214; baseline 0.002 -18"><span class='ocrx_word' id='word_1_277' title='bbox 511 2158 664 2197; x_wconf 92' lang='lat' dir='ltr'><strong>mum</strong></span> <span class='ocrx_word' id='word_1_278' title='bbox 706 2143 806 2198; x_wconf 90' lang='lat' dir='ltr'><strong>tibi</strong></span> <span class='ocrx_word' id='word_1_279' title='bbox 856 2142 1177 2208; x_wconf 90' lang='lat' dir='ltr'><strong>confundit,</strong></span> <span class='ocrx_word' id='word_1_280' title='bbox 1214 2157 1278 2198; x_wconf 86' lang='lat' dir='ltr'><strong>ac</strong></span> <span class='ocrx_word' id='word_1_281' title='bbox 1307 2143 1530 2210; x_wconf 91' lang='lat' dir='ltr'><strong>turbat,</strong></span> <span class='ocrx_word' id='word_1_282' title='bbox 1564 2144 1764 2214; x_wconf 90' lang='lat' dir='ltr'><strong>potiori</strong></span> <span class='ocrx_word' id='word_1_283' title='bbox 1789 2145 1915 2214; x_wconf 89' lang='lat' dir='ltr'><strong>jure</strong></span> <span class='ocrx_word' id='word_1_284' title='bbox 1949 2144 2106 2211; x_wconf 91' lang='lat' dir='ltr'><strong>Sara,</strong></span> 
     </span>
    </p>
   </div>
   <div class='ocr_carea' id='block_1_39' title="bbox 507 2233 2107 2306">
    <p class='ocr_par' dir='ltr' id='par_1_39' title="bbox 507 2233 2107 2306">
     <span class='ocr_line' id='line_1_39' title="bbox 507 2233 2107 2306; baseline 0.002 -17"><span class='ocrx_word' id='word_1_285' title='bbox 507 2233 732 2303; x_wconf 89' lang='lat' dir='ltr'><strong>quando</strong></span> <span class='ocrx_word' id='word_1_286' title='bbox 757 2235 922 2289; x_wconf 91' lang='lat' dir='ltr'><strong>etiam</strong></span> <span class='ocrx_word' id='word_1_287' title='bbox 955 2235 1124 2306; x_wconf 90' lang='lat' dir='ltr'><strong>prior.</strong></span> <span class='ocrx_word' id='word_1_288' title='bbox 1147 2233 1304 2301; x_wconf 83' lang='lat' dir='ltr'><strong>Quod</strong></span> <span class='ocrx_word' id='word_1_289' title='bbox 1333 2236 1378 2290; x_wconf 91' lang='lat' dir='ltr'><strong>si</strong></span> <span class='ocrx_word' id='word_1_290' title='bbox 1407 2237 1511 2292; x_wconf 93' lang='lat' dir='ltr'><strong>hoc</strong></span> <span class='ocrx_word' id='word_1_291' title='bbox 1535 2236 1933 2291; x_wconf 84' lang='lat' dir='ltr'><strong>dubitationem</strong></span> <span class='ocrx_word' id='word_1_292' title='bbox 1958 2237 2107 2303; x_wconf 81' lang='lat' dir='ltr'><strong>facit,</strong></span> 
     </span>
    </p>
   </div>
   <div class='ocr_carea' id='block_1_40' title="bbox 509 2327 2112 2398">
    <p class='ocr_par' dir='ltr' id='par_1_40' title="bbox 509 2327 2112 2398">
     <span class='ocr_line' id='line_1_40' title="bbox 509 2327 2112 2398; baseline 0.002 -18"><span class='ocrx_word' id='word_1_293' title='bbox 509 2327 601 2381; x_wconf 91' lang='lat' dir='ltr'><strong>ille</strong></span> <span class='ocrx_word' id='word_1_294' title='bbox 659 2335 738 2393; x_wconf 88' lang='lat' dir='ltr'><strong>tu,</strong></span> <span class='ocrx_word' id='word_1_295' title='bbox 791 2343 970 2397; x_wconf 89' lang='lat' dir='ltr'><strong>neque</strong></span> <span class='ocrx_word' id='word_1_296' title='bbox 1010 2328 1306 2398; x_wconf 86' lang='lat' dir='ltr'><strong>persentis,</strong></span> <span class='ocrx_word' id='word_1_297' title='bbox 1354 2337 1502 2383; x_wconf 89' lang='lat' dir='ltr'><strong>tuam</strong></span> <span class='ocrx_word' id='word_1_298' title='bbox 1550 2337 1601 2383; x_wconf 90' lang='lat' dir='ltr'><strong>te</strong></span> <span class='ocrx_word' id='word_1_299' title='bbox 1649 2329 2008 2398; x_wconf 68' lang='lat' dir='ltr'><strong>praescribere</strong></span> <span class='ocrx_word' id='word_1_300' title='bbox 2045 2343 2112 2384; x_wconf 86' lang='lat' dir='ltr'><strong>ac</strong></span> 
     </span>
    </p>
   </div>
   <div class='ocr_carea' id='block_1_41' title="bbox 507 2423 2110 2494">
    <p class='ocr_par' dir='ltr' id='par_1_41' title="bbox 507 2423 2110 2494">
     <span class='ocr_line' id='line_1_41' title="bbox 507 2423 2110 2494; baseline 0.001 -17"><span class='ocrx_word' id='word_1_301' title='bbox 507 2423 839 2478; x_wconf 84' lang='lat' dir='ltr'><strong>submovere</strong></span> <span class='ocrx_word' id='word_1_302' title='bbox 871 2423 1276 2493; x_wconf 79' lang='lat' dir='ltr'><strong>cognationem,</strong></span> <span class='ocrx_word' id='word_1_303' title='bbox 1316 2423 1641 2494; x_wconf 89' lang='lat' dir='ltr'><strong>radicesque</strong></span> <span class='ocrx_word' id='word_1_304' title='bbox 1681 2439 1750 2480; x_wconf 78' lang='lat' dir='ltr'><strong>ex</strong></span> <span class='ocrx_word' id='word_1_305' title='bbox 1774 2424 1979 2494; x_wconf 86' lang='lat' dir='ltr'><strong>quibus</strong></span> <span class='ocrx_word' id='word_1_306' title='bbox 2010 2423 2110 2478; x_wconf 87' lang='lat' dir='ltr'><strong>tibi</strong></span> 
     </span>
    </p>
   </div>
   <div class='ocr_carea' id='block_1_42' title="bbox 509 2515 2110 2586">
    <p class='ocr_par' dir='ltr' id='par_1_42' title="bbox 509 2515 2110 2586">
     <span class='ocr_line' id='line_1_42' title="bbox 509 2515 2110 2586; baseline 0.002 -18"><span class='ocrx_word' id='word_1_307' title='bbox 509 2529 663 2568; x_wconf 85' lang='lat' dir='ltr'><strong>ramo</strong></span> <span class='ocrx_word' id='word_1_308' title='bbox 711 2529 832 2569; x_wconf 91' lang='lat' dir='ltr'><strong>esse</strong></span> <span class='ocrx_word' id='word_1_309' title='bbox 874 2515 1143 2579; x_wconf 89' lang='lat' dir='ltr'><strong>accessit,</strong></span> <span class='ocrx_word' id='word_1_310' title='bbox 1193 2525 1515 2586; x_wconf 88' lang='lat' dir='ltr'><strong>amputare,</strong></span> <span class='ocrx_word' id='word_1_311' title='bbox 1575 2524 1740 2586; x_wconf 91' lang='lat' dir='ltr'><strong>atque</strong></span> <span class='ocrx_word' id='word_1_312' title='bbox 1793 2532 1824 2571; x_wconf 90' lang='lat' dir='ltr'><strong>a</strong></span> <span class='ocrx_word' id='word_1_313' title='bbox 1868 2517 2110 2572; x_wconf 85' lang='lat' dir='ltr'><strong>Judaicis</strong></span> 
     </span>
    </p>
   </div>
   <div class='ocr_carea' id='block_1_43' title="bbox 503 2603 1399 2674">
    <p class='ocr_par' dir='ltr' id='par_1_43' title="bbox 503 2603 1399 2674">
     <span class='ocr_line' id='line_1_43' title="bbox 503 2603 1399 2674; baseline -0.002 -16"><span class='ocrx_word' id='word_1_314' title='bbox 503 2603 724 2674; x_wconf 83' lang='lat' dir='ltr'><strong>juribus</strong></span> <span class='ocrx_word' id='word_1_315' title='bbox 756 2603 1060 2658; x_wconf 86' lang='lat' dir='ltr'><strong>revinceris</strong></span> <span class='ocrx_word' id='word_1_316' title='bbox 1081 2603 1354 2660; x_wconf 79' lang='lat' dir='ltr'><strong>excidisse</strong></span> <span class='ocrx_word' id='word_1_317' title='bbox 1376 2603 1399 2656; x_wconf 85' lang='lat'><strong>?</strong></span> 
     </span>
    </p>
   </div>
   <div class='ocr_carea' id='block_1_44' title="bbox 582 2695 2110 2768">
    <p class='ocr_par' dir='ltr' id='par_1_44' title="bbox 582 2695 2110 2768">
     <span class='ocr_line' id='line_1_44' title="bbox 582 2695 2110 2768; baseline -0.002 -16"><span class='ocrx_word' id='word_1_318' title='bbox 582 2696 656 2752; x_wconf 87' lang='lat' dir='ltr'><strong>Ut</strong></span> <span class='ocrx_word' id='word_1_319' title='bbox 705 2697 926 2766; x_wconf 89' lang='lat' dir='ltr'><strong>quidem</strong></span> <span class='ocrx_word' id='word_1_320' title='bbox 977 2712 1078 2767; x_wconf 89' lang='lat' dir='ltr'><strong>ego</strong></span> <span class='ocrx_word' id='word_1_321' title='bbox 1113 2706 1328 2752; x_wconf 79' lang='lat' dir='ltr'><strong>naturae</strong></span> <span class='ocrx_word' id='word_1_322' title='bbox 1372 2696 1518 2752; x_wconf 90' lang='lat' dir='ltr'><strong>serio</strong></span> <span class='ocrx_word' id='word_1_323' title='bbox 1546 2706 1761 2768; x_wconf 87' lang='lat' dir='ltr'><strong>partum</strong></span> <span class='ocrx_word' id='word_1_324' title='bbox 1793 2695 1994 2750; x_wconf 88' lang='lat' dir='ltr'><strong>factum</strong></span> <span class='ocrx_word' id='word_1_325' title='bbox 2022 2695 2110 2750; x_wconf 90' lang='lat' dir='ltr'><strong>di-</strong></span> 
     </span>
    </p>
   </div>
   <div class='ocr_carea' id='block_1_45' title="bbox 507 2787 2109 2860">
    <p class='ocr_par' dir='ltr' id='par_1_45' title="bbox 507 2787 2109 2860">
     <span class='ocr_line' id='line_1_45' title="bbox 507 2787 2109 2860; baseline 0 -18"><span class='ocrx_word' id='word_1_326' title='bbox 507 2802 663 2854; x_wconf 91' lang='lat' dir='ltr'><strong>cens,</strong></span> <span class='ocrx_word' id='word_1_327' title='bbox 717 2801 906 2858; x_wconf 86' lang='lat' dir='ltr'><strong>postea</strong></span> <span class='ocrx_word' id='word_1_328' title='bbox 949 2804 1200 2860; x_wconf 86' lang='lat' dir='ltr'><strong>rogarem</strong></span> <span class='ocrx_word' id='word_1_329' title='bbox 1245 2788 1301 2842; x_wconf 92' lang='lat' dir='ltr'><strong>in</strong></span> <span class='ocrx_word' id='word_1_330' title='bbox 1346 2804 1526 2843; x_wconf 91' lang='lat' dir='ltr'><strong>meam</strong></span> <span class='ocrx_word' id='word_1_331' title='bbox 1559 2788 1794 2858; x_wconf 90' lang='lat' dir='ltr'><strong>pedibus</strong></span> <span class='ocrx_word' id='word_1_332' title='bbox 1820 2787 2109 2842; x_wconf 84' lang='lat' dir='ltr'><strong>manibus-</strong></span> 
     </span>
    </p>
   </div>
   <div class='ocr_carea' id='block_1_46' title="bbox 507 2875 2064 2944">
    <p class='ocr_par' dir='ltr' id='par_1_46' title="bbox 507 2875 2064 2944">
     <span class='ocr_line' id='line_1_46' title="bbox 507 2875 2064 2944; baseline 0.001 -15"><span class='ocrx_word' id='word_1_333' title='bbox 507 2891 617 2944; x_wconf 89' lang='lat' dir='ltr'><strong>que</strong></span> <span class='ocrx_word' id='word_1_334' title='bbox 661 2875 772 2930; x_wconf 88' lang='lat' dir='ltr'><strong>ires</strong></span> <span class='ocrx_word' id='word_1_335' title='bbox 806 2878 1134 2932; x_wconf 89' lang='lat' dir='ltr'><strong>sententiam</strong></span> <span class='ocrx_word' id='word_1_336' title='bbox 1155 2915 1170 2942; x_wconf 92' lang='lat'><strong>,</strong></span> <span class='ocrx_word' id='word_1_337' title='bbox 1200 2878 1396 2932; x_wconf 92' lang='lat' dir='ltr'><strong>merito</strong></span> <span class='ocrx_word' id='word_1_338' title='bbox 1431 2879 1694 2933; x_wconf 87' lang='lat' dir='ltr'><strong>sterilitas</strong></span> <span class='ocrx_word' id='word_1_339' title='bbox 1717 2887 2064 2933; x_wconf 88' lang='lat' dir='ltr'><strong>senectutem</strong></span> 
     </span>
    </p>
   </div>
   <div class='ocr_carea' id='block_1_47' title="bbox 507 2968 2109 3040">
    <p class='ocr_par' dir='ltr' id='par_1_47' title="bbox 507 2968 2109 3040">
     <span class='ocr_line' id='line_1_47' title="bbox 507 2968 2109 3040; baseline 0.001 -18"><span class='ocrx_word' id='word_1_340' title='bbox 507 2976 729 3026; x_wconf 88' lang='lat' dir='ltr'><strong>natura.</strong></span> <span class='ocrx_word' id='word_1_341' title='bbox 773 2968 1045 3022; x_wconf 87' lang='lat' dir='ltr'><strong>rationum</strong></span> <span class='ocrx_word' id='word_1_342' title='bbox 1103 2969 1347 3024; x_wconf 88' lang='lat' dir='ltr'><strong>laborem</strong></span> <span class='ocrx_word' id='word_1_343' title='bbox 1386 2970 1739 3040; x_wconf 86' lang='lat' dir='ltr'><strong>progigneret</strong></span> <span class='ocrx_word' id='word_1_344' title='bbox 1768 2985 1787 3024; x_wconf 91' lang='lat'><strong><em>:</em></strong></span> <span class='ocrx_word' id='word_1_345' title='bbox 1834 2984 1959 3023; x_wconf 92' lang='lat' dir='ltr'><strong>cum</strong></span> <span class='ocrx_word' id='word_1_346' title='bbox 2009 2983 2109 3024; x_wconf 89' lang='lat' dir='ltr'><strong>au-</strong></span> 
     </span>
    </p>
   </div>
   <div class='ocr_carea' id='block_1_48' title="bbox 509 3060 2106 3133">
    <p class='ocr_par' dir='ltr' id='par_1_48' title="bbox 509 3060 2106 3133">
     <span class='ocr_line' id='line_1_48' title="bbox 509 3060 2106 3133; baseline 0.001 -18"><span class='ocrx_word' id='word_1_347' title='bbox 509 3069 620 3115; x_wconf 91' lang='lat' dir='ltr'><strong>tem</strong></span> <span class='ocrx_word' id='word_1_348' title='bbox 654 3060 856 3115; x_wconf 76' lang='lat' dir='ltr'><strong>divinae</strong></span> <span class='ocrx_word' id='word_1_349' title='bbox 882 3061 1071 3130; x_wconf 70' lang='lat' dir='ltr'><strong>gratiae</strong></span> <span class='ocrx_word' id='word_1_350' title='bbox 1101 3077 1242 3132; x_wconf 86' lang='lat' dir='ltr'><strong>Opus</strong></span> <span class='ocrx_word' id='word_1_351' title='bbox 1269 3062 1518 3127; x_wconf 81' lang='lat' dir='ltr'><strong>doceam,</strong></span> <span class='ocrx_word' id='word_1_352' title='bbox 1543 3062 1674 3132; x_wconf 92' lang='lat' dir='ltr'><strong>quid</strong></span> <span class='ocrx_word' id='word_1_353' title='bbox 1703 3061 1927 3133; x_wconf 82' lang='lat' dir='ltr'><strong>gratiam</strong></span> <span class='ocrx_word' id='word_1_354' title='bbox 1954 3060 2106 3133; x_wconf 86' lang='lat' dir='ltr'><strong>cogis</strong></span> 
     </span>
    </p>
   </div>
   <div class='ocr_carea' id='block_1_49' title="bbox 509 3151 2095 3223">
    <p class='ocr_par' dir='ltr' id='par_1_49' title="bbox 509 3151 2095 3223">
     <span class='ocr_line' id='line_1_49' title="bbox 509 3151 2095 3223; baseline 0.001 -19"><span class='ocrx_word' id='word_1_355' title='bbox 509 3151 720 3205; x_wconf 87' lang='lat' dir='ltr'><strong>servire</strong></span> <span class='ocrx_word' id='word_1_356' title='bbox 767 3160 1001 3214; x_wconf 63' lang='lat' dir='ltr'><strong>natura},</strong></span> <span class='ocrx_word' id='word_1_357' title='bbox 1033 3152 1190 3221; x_wconf 83' lang='lat' dir='ltr'><strong>cujus</strong></span> <span class='ocrx_word' id='word_1_358' title='bbox 1215 3151 1302 3206; x_wconf 91' lang='lat' dir='ltr'><strong>illa</strong></span> <span class='ocrx_word' id='word_1_359' title='bbox 1333 3167 1550 3222; x_wconf 87' lang='lat' dir='ltr'><strong>semper</strong></span> <span class='ocrx_word' id='word_1_360' title='bbox 1576 3152 1842 3208; x_wconf 90' lang='lat' dir='ltr'><strong>dominari</strong></span> <span class='ocrx_word' id='word_1_361' title='bbox 1869 3167 2095 3223; x_wconf 86' lang='lat' dir='ltr'><strong>compa-</strong></span> 
     </span>
    </p>
   </div>
   <div class='ocr_carea' id='block_1_50' title="bbox 508 3244 2098 3312">
    <p class='ocr_par' dir='ltr' id='par_1_50' title="bbox 508 3244 2098 3312">
     <span class='ocr_line' id='line_1_50' title="bbox 508 3244 2098 3312; baseline 0.002 -14"><span class='ocrx_word' id='word_1_362' title='bbox 508 3253 624 3299; x_wconf 88' lang='lat' dir='ltr'><strong>rata</strong></span> <span class='ocrx_word' id='word_1_363' title='bbox 664 3245 793 3298; x_wconf 88' lang='lat' dir='ltr'><strong>est?</strong></span> <span class='ocrx_word' id='word_1_364' title='bbox 829 3245 969 3299; x_wconf 91' lang='lat' dir='ltr'><strong>Num</strong></span> <span class='ocrx_word' id='word_1_365' title='bbox 1006 3245 1272 3300; x_wconf 79' lang='lat' dir='ltr'><strong>Adamum</strong></span> <span class='ocrx_word' id='word_1_366' title='bbox 1303 3244 1545 3300; x_wconf 91' lang='lat' dir='ltr'><strong>admittis</strong></span> <span class='ocrx_word' id='word_1_367' title='bbox 1576 3261 1607 3300; x_wconf 90' lang='lat' dir='ltr'><strong>e</strong></span> <span class='ocrx_word' id='word_1_368' title='bbox 1636 3245 1751 3300; x_wconf 91' lang='lat' dir='ltr'><strong>luto</strong></span> <span class='ocrx_word' id='word_1_369' title='bbox 1778 3245 2098 3312; x_wconf 86' lang='lat' dir='ltr'><strong>formatum,</strong></span> 
     </span>
    </p>
   </div>
   <div class='ocr_carea' id='block_1_51' title="bbox 507 3337 2104 3408">
    <p class='ocr_par' dir='ltr' id='par_1_51' title="bbox 507 3337 2104 3408">
     <span class='ocr_line' id='line_1_51' title="bbox 507 3337 2104 3408; baseline 0.001 -15"><span class='ocrx_word' id='word_1_370' title='bbox 507 3351 576 3393; x_wconf 86' lang='lat' dir='ltr'><strong>ac</strong></span> <span class='ocrx_word' id='word_1_371' title='bbox 600 3338 807 3408; x_wconf 88' lang='lat' dir='ltr'><strong>absque</strong></span> <span class='ocrx_word' id='word_1_372' title='bbox 836 3337 1123 3392; x_wconf 89' lang='lat' dir='ltr'><strong>nativitate</strong></span> <span class='ocrx_word' id='word_1_373' title='bbox 1153 3338 1480 3408; x_wconf 89' lang='lat' dir='ltr'><strong>productum</strong></span> <span class='ocrx_word' id='word_1_374' title='bbox 1506 3352 1627 3393; x_wconf 88' lang='lat' dir='ltr'><strong>esse</strong></span> <span class='ocrx_word' id='word_1_375' title='bbox 1649 3339 1672 3392; x_wconf 91' lang='lat'><strong>?</strong></span> <span class='ocrx_word' id='word_1_376' title='bbox 1692 3337 1830 3394; x_wconf 82' lang='lat' dir='ltr'><strong>Num</strong></span> <span class='ocrx_word' id='word_1_377' title='bbox 1861 3340 2104 3397; x_wconf 88' lang='lat' dir='ltr'><strong>admittis</strong></span> 
     </span>
    </p>
   </div>
   <div class='ocr_carea' id='block_1_52' title="bbox 507 3430 2104 3504">
    <p class='ocr_par' dir='ltr' id='par_1_52' title="bbox 507 3430 2104 3504">
     <span class='ocr_line' id='line_1_52' title="bbox 507 3430 2104 3504; baseline 0.002 -18"><span class='ocrx_word' id='word_1_378' title='bbox 507 3438 566 3486; x_wconf 87' lang='lat' dir='ltr'><strong>et</strong></span> <span class='ocrx_word' id='word_1_379' title='bbox 593 3430 760 3486; x_wconf 87' lang='lat' dir='ltr'><strong>Evam</strong></span> <span class='ocrx_word' id='word_1_380' title='bbox 795 3432 1001 3502; x_wconf 83' lang='lat' dir='ltr'><strong>absque</strong></span> <span class='ocrx_word' id='word_1_381' title='bbox 1028 3433 1220 3501; x_wconf 90' lang='lat' dir='ltr'><strong>copula</strong></span> <span class='ocrx_word' id='word_1_382' title='bbox 1249 3432 1476 3495; x_wconf 89' lang='lat' dir='ltr'><strong>editam,</strong></span> <span class='ocrx_word' id='word_1_383' title='bbox 1507 3447 1570 3486; x_wconf 91' lang='lat' dir='ltr'><strong>ac</strong></span> <span class='ocrx_word' id='word_1_384' title='bbox 1591 3431 1800 3498; x_wconf 89' lang='lat' dir='ltr'><strong>lateris,</strong></span> <span class='ocrx_word' id='word_1_385' title='bbox 1826 3442 2104 3504; x_wconf 65' lang='lat' dir='ltr'><strong>castaeque</strong></span> 
     </span>
    </p>
   </div>
   <div class='ocr_carea' id='block_1_53' title="bbox 509 3521 2102 3594">
    <p class='ocr_par' dir='ltr' id='par_1_53' title="bbox 509 3521 2102 3594">
     <span class='ocr_line' id='line_1_53' title="bbox 509 3521 2102 3594; baseline 0 -16"><span class='ocrx_word' id='word_1_386' title='bbox 509 3538 734 3594; x_wconf 85' lang='lat' dir='ltr'><strong>germen</strong></span> <span class='ocrx_word' id='word_1_387' title='bbox 787 3523 954 3578; x_wconf 88' lang='lat' dir='ltr'><strong>esse?</strong></span> <span class='ocrx_word' id='word_1_388' title='bbox 1003 3531 1063 3577; x_wconf 89' lang='lat' dir='ltr'><strong>nt</strong></span> <span class='ocrx_word' id='word_1_389' title='bbox 1117 3523 1277 3591; x_wconf 88' lang='lat' dir='ltr'><strong>plane</strong></span> <span class='ocrx_word' id='word_1_390' title='bbox 1326 3539 1437 3577; x_wconf 90' lang='lat' dir='ltr'><strong>non</strong></span> <span class='ocrx_word' id='word_1_391' title='bbox 1489 3523 1604 3577; x_wconf 62' lang='lat' dir='ltr'><strong>ha&#39;c</strong></span> <span class='ocrx_word' id='word_1_392' title='bbox 1652 3521 1802 3578; x_wconf 89' lang='lat' dir='ltr'><strong>dicas</strong></span> <span class='ocrx_word' id='word_1_393' title='bbox 1829 3525 2102 3579; x_wconf 90' lang='lat' dir='ltr'><strong>rationem</strong></span> 
     </span>
    </p>
   </div>
   <div class='ocr_carea' id='block_1_54' title="bbox 510 3613 2106 3680">
    <p class='ocr_par' dir='ltr' id='par_1_54' title="bbox 510 3613 2106 3680">
     <span class='ocr_line' id='line_1_54' title="bbox 510 3613 2106 3680; baseline 0 -11"><span class='ocrx_word' id='word_1_394' title='bbox 510 3624 741 3670; x_wconf 68' lang='lat' dir='ltr'><strong>naturae.</strong></span> <span class='ocrx_word' id='word_1_395' title='bbox 769 3614 901 3680; x_wconf 69' lang='lat' dir='ltr'><strong>Quae</strong></span> <span class='ocrx_word' id='word_1_396' title='bbox 931 3615 1078 3668; x_wconf 90' lang='lat' dir='ltr'><strong>enim</strong></span> <span class='ocrx_word' id='word_1_397' title='bbox 1116 3614 1354 3668; x_wconf 89' lang='lat' dir='ltr'><strong>humana</strong></span> <span class='ocrx_word' id='word_1_398' title='bbox 1385 3613 1740 3669; x_wconf 90' lang='lat' dir='ltr'><strong>successione</strong></span> <span class='ocrx_word' id='word_1_399' title='bbox 1779 3615 2013 3670; x_wconf 89' lang='lat' dir='ltr'><strong>accretio</strong></span> <span class='ocrx_word' id='word_1_400' title='bbox 2040 3629 2106 3669; x_wconf 90' lang='lat' dir='ltr'><strong>ac</strong></span> 
     </span>
    </p>
   </div>
   <div class='ocr_carea' id='block_1_55' title="bbox 510 3706 2102 3778">
    <p class='ocr_par' dir='ltr' id='par_1_55' title="bbox 510 3706 2102 3778">
     <span class='ocr_line' id='line_1_55' title="bbox 510 3706 2102 3778; baseline 0.003 -18"><span class='ocrx_word' id='word_1_401' title='bbox 510 3707 821 3778; x_wconf 90' lang='lat' dir='ltr'><strong>procreatio</strong></span> <span class='ocrx_word' id='word_1_402' title='bbox 858 3716 964 3771; x_wconf 89' lang='lat' dir='ltr'><strong>est,</strong></span> <span class='ocrx_word' id='word_1_403' title='bbox 998 3707 1220 3760; x_wconf 82' lang='lat' dir='ltr'><strong>modum</strong></span> <span class='ocrx_word' id='word_1_404' title='bbox 1257 3706 1425 3760; x_wconf 90' lang='lat' dir='ltr'><strong>alium</strong></span> <span class='ocrx_word' id='word_1_405' title='bbox 1453 3706 1824 3775; x_wconf 90' lang='lat' dir='ltr'><strong>processionis</strong></span> <span class='ocrx_word' id='word_1_406' title='bbox 1851 3722 2102 3773; x_wconf 90' lang='lat' dir='ltr'><strong>servans,</strong></span> 
     </span>
    </p>
   </div>
   <div class='ocr_carea' id='block_1_56' title="bbox 511 3799 2105 3870">
    <p class='ocr_par' dir='ltr' id='par_1_56' title="bbox 511 3799 2105 3870">
     <span class='ocr_line' id='line_1_56' title="bbox 511 3799 2105 3870; baseline 0.001 -16"><span class='ocrx_word' id='word_1_407' title='bbox 511 3815 626 3854; x_wconf 90' lang='lat' dir='ltr'><strong>non</strong></span> <span class='ocrx_word' id='word_1_408' title='bbox 682 3799 813 3854; x_wconf 87' lang='lat' dir='ltr'><strong>sinit</strong></span> <span class='ocrx_word' id='word_1_409' title='bbox 880 3808 941 3854; x_wconf 92' lang='lat' dir='ltr'><strong>ut</strong></span> <span class='ocrx_word' id='word_1_410' title='bbox 982 3799 1200 3854; x_wconf 90' lang='lat' dir='ltr'><strong>illorum</strong></span> <span class='ocrx_word' id='word_1_411' title='bbox 1247 3801 1654 3869; x_wconf 89' lang='lat' dir='ltr'><strong>processionem</strong></span> <span class='ocrx_word' id='word_1_412' title='bbox 1703 3808 1916 3854; x_wconf 73' lang='lat' dir='ltr'><strong>naturae</strong></span> <span class='ocrx_word' id='word_1_413' title='bbox 1963 3815 2105 3870; x_wconf 93' lang='lat' dir='ltr'><strong>opus</strong></span> 
     </span>
    </p>
   </div>
   <div class='ocr_carea' id='block_1_57' title="bbox 512 3889 2100 3959">
    <p class='ocr_par' dir='ltr' id='par_1_57' title="bbox 512 3889 2100 3959">
     <span class='ocr_line' id='line_1_57' title="bbox 512 3889 2100 3959; baseline 0.001 -15"><span class='ocrx_word' id='word_1_414' title='bbox 512 3889 797 3944; x_wconf 82' lang='lat' dir='ltr'><strong>existimes</strong></span> <span class='ocrx_word' id='word_1_415' title='bbox 843 3907 857 3946; x_wconf 88' lang='lat'><strong>:</strong></span> <span class='ocrx_word' id='word_1_416' title='bbox 907 3898 964 3944; x_wconf 92' lang='lat' dir='ltr'><strong>at</strong></span> <span class='ocrx_word' id='word_1_417' title='bbox 1003 3905 1182 3959; x_wconf 90' lang='lat' dir='ltr'><strong>neque</strong></span> <span class='ocrx_word' id='word_1_418' title='bbox 1235 3906 1452 3944; x_wconf 86' lang='lat' dir='ltr'><strong>rursum</strong></span> <span class='ocrx_word' id='word_1_419' title='bbox 1487 3901 1546 3946; x_wconf 92' lang='lat' dir='ltr'><strong>ut</strong></span> <span class='ocrx_word' id='word_1_420' title='bbox 1571 3901 1760 3945; x_wconf 89' lang='lat' dir='ltr'><strong>contra</strong></span> <span class='ocrx_word' id='word_1_421' title='bbox 1796 3899 2048 3945; x_wconf 87' lang='lat' dir='ltr'><strong>naturam</strong></span> <span class='ocrx_word' id='word_1_422' title='bbox 2085 3909 2100 3946; x_wconf 90' lang='lat'><strong>:</strong></span> 
     </span>
    </p>
   </div>
   <div class='ocr_carea' id='block_1_58' title="bbox 514 3983 2106 4054">
    <p class='ocr_par' dir='ltr' id='par_1_58' title="bbox 514 3983 2106 4054">
     <span class='ocr_line' id='line_1_58' title="bbox 514 3983 2106 4054; baseline -0.001 -16"><span class='ocrx_word' id='word_1_423' title='bbox 514 3983 784 4054; x_wconf 80' lang='lat' dir='ltr'><strong>siquidem</strong></span> <span class='ocrx_word' id='word_1_424' title='bbox 873 3983 964 4038; x_wconf 91' lang='lat' dir='ltr'><strong>illa</strong></span> <span class='ocrx_word' id='word_1_425' title='bbox 1007 3984 1274 4039; x_wconf 89' lang='lat' dir='ltr'><strong>naturalis</strong></span> <span class='ocrx_word' id='word_1_426' title='bbox 1335 3985 1621 4038; x_wconf 92' lang='lat' dir='ltr'><strong>hominum</strong></span> <span class='ocrx_word' id='word_1_427' title='bbox 1695 3983 2106 4038; x_wconf 90' lang='lat' dir='ltr'><strong>constitutionis</strong></span> 
     </span>
    </p>
   </div>
   <div class='ocr_carea' id='block_1_59' title="bbox 513 4076 2105 4148">
    <p class='ocr_par' dir='ltr' id='par_1_59' title="bbox 513 4076 2105 4148">
     <span class='ocr_line' id='line_1_59' title="bbox 513 4076 2105 4148; baseline 0.001 -19"><span class='ocrx_word' id='word_1_428' title='bbox 513 4076 845 4146; x_wconf 84' lang='lat' dir='ltr'><strong>principium</strong></span> <span class='ocrx_word' id='word_1_429' title='bbox 895 4084 998 4132; x_wconf 87' lang='lat' dir='ltr'><strong>est.</strong></span> <span class='ocrx_word' id='word_1_430' title='bbox 1052 4076 1228 4130; x_wconf 90' lang='lat' dir='ltr'><strong>Divini</strong></span> <span class='ocrx_word' id='word_1_431' title='bbox 1273 4092 1402 4148; x_wconf 87' lang='lat' dir='ltr'><strong>ergo</strong></span> <span class='ocrx_word' id='word_1_432' title='bbox 1439 4076 1651 4131; x_wconf 89' lang='lat' dir='ltr'><strong>consilii</strong></span> <span class='ocrx_word' id='word_1_433' title='bbox 1683 4078 1774 4142; x_wconf 89' lang='lat' dir='ltr'><strong>sit,</strong></span> <span class='ocrx_word' id='word_1_434' title='bbox 1809 4085 1972 4146; x_wconf 88' lang='lat' dir='ltr'><strong>atque</strong></span> <span class='ocrx_word' id='word_1_435' title='bbox 2007 4091 2105 4147; x_wconf 86' lang='lat' dir='ltr'><strong>po-</strong></span> 
     </span>
    </p>
   </div>
   <div class='ocr_carea' id='block_1_60' title="bbox 512 4168 2100 4240">
    <p class='ocr_par' dir='ltr' id='par_1_60' title="bbox 512 4168 2100 4240">
     <span class='ocr_line' id='line_1_60' title="bbox 512 4168 2100 4240; baseline 0.001 -18"><span class='ocrx_word' id='word_1_436' title='bbox 512 4168 719 4223; x_wconf 75' lang='lat' dir='ltr'><strong>tentiaa.</strong></span> <span class='ocrx_word' id='word_1_437' title='bbox 757 4169 897 4234; x_wconf 86' lang='lat' dir='ltr'><strong>Quid</strong></span> <span class='ocrx_word' id='word_1_438' title='bbox 928 4169 1097 4224; x_wconf 90' lang='lat' dir='ltr'><strong>vero?</strong></span> <span class='ocrx_word' id='word_1_439' title='bbox 1120 4168 1258 4224; x_wconf 90' lang='lat' dir='ltr'><strong>Tum</strong></span> <span class='ocrx_word' id='word_1_440' title='bbox 1289 4171 1510 4238; x_wconf 79' lang='lat' dir='ltr'><strong>quidem</strong></span> <span class='ocrx_word' id='word_1_441' title='bbox 1554 4171 1800 4240; x_wconf 90' lang='lat' dir='ltr'><strong>potuisse</strong></span> <span class='ocrx_word' id='word_1_442' title='bbox 1823 4170 2100 4234; x_wconf 88' lang='lat' dir='ltr'><strong>concedis,</strong></span> 
     </span>
    </p>
   </div>
   <div class='ocr_carea' id='block_1_61' title="bbox 513 4260 2101 4332">
    <p class='ocr_par' dir='ltr' id='par_1_61' title="bbox 513 4260 2101 4332">
     <span class='ocr_line' id='line_1_61' title="bbox 513 4260 2101 4332; baseline 0.003 -19"><span class='ocrx_word' id='word_1_443' title='bbox 513 4260 568 4316; x_wconf 88' lang='lat' dir='ltr'><strong>in</strong></span> <span class='ocrx_word' id='word_1_444' title='bbox 599 4261 664 4316; x_wconf 89' lang='lat' dir='ltr'><strong>iis</strong></span> <span class='ocrx_word' id='word_1_445' title='bbox 687 4277 906 4331; x_wconf 89' lang='lat' dir='ltr'><strong>quoque</strong></span> <span class='ocrx_word' id='word_1_446' title='bbox 929 4278 1051 4331; x_wconf 67' lang='lat' dir='ltr'><strong>qua:</strong></span> <span class='ocrx_word' id='word_1_447' title='bbox 1075 4263 1340 4332; x_wconf 86' lang='lat' dir='ltr'><strong>majorem</strong></span> <span class='ocrx_word' id='word_1_448' title='bbox 1363 4263 1780 4318; x_wconf 88' lang='lat' dir='ltr'><strong>admirationem</strong></span> <span class='ocrx_word' id='word_1_449' title='bbox 1807 4263 2101 4328; x_wconf 88' lang='lat' dir='ltr'><strong>habebant,</strong></span> 
     </span>
    </p>
   </div>
   <div class='ocr_carea' id='block_1_62' title="bbox 511 4352 2105 4418">
    <p class='ocr_par' dir='ltr' id='par_1_62' title="bbox 511 4352 2105 4418">
     <span class='ocr_line' id='line_1_62' title="bbox 511 4352 2105 4418; baseline 0.001 -10"><span class='ocrx_word' id='word_1_450' title='bbox 511 4354 758 4408; x_wconf 90' lang='lat' dir='ltr'><strong>divinum</strong></span> <span class='ocrx_word' id='word_1_451' title='bbox 819 4352 1054 4418; x_wconf 87' lang='lat' dir='ltr'><strong>Numen,</strong></span> <span class='ocrx_word' id='word_1_452' title='bbox 1110 4370 1212 4408; x_wconf 89' lang='lat' dir='ltr'><strong>nec</strong></span> <span class='ocrx_word' id='word_1_453' title='bbox 1273 4364 1482 4409; x_wconf 77' lang='lat' dir='ltr'><strong>natura:</strong></span> <span class='ocrx_word' id='word_1_454' title='bbox 1533 4355 1780 4410; x_wconf 91' lang='lat' dir='ltr'><strong>ordinem</strong></span> <span class='ocrx_word' id='word_1_455' title='bbox 1839 4356 2105 4410; x_wconf 86' lang='lat' dir='ltr'><strong>adversus</strong></span> 
     </span>
    </p>
   </div>
   <div class='ocr_carea' id='block_1_63' title="bbox 511 4445 2104 4517">
    <p class='ocr_par' dir='ltr' id='par_1_63' title="bbox 511 4445 2104 4517">
     <span class='ocr_line' id='line_1_63' title="bbox 511 4445 2104 4517; baseline -0.003 -15"><span class='ocrx_word' id='word_1_456' title='bbox 511 4447 632 4517; x_wconf 86' lang='lat' dir='ltr'><strong>ejus</strong></span> <span class='ocrx_word' id='word_1_457' title='bbox 660 4445 931 4502; x_wconf 87' lang='lat' dir='ltr'><strong>Fictorem</strong></span> <span class='ocrx_word' id='word_1_458' title='bbox 986 4446 1251 4512; x_wconf 86' lang='lat' dir='ltr'><strong>instruis;</strong></span> <span class='ocrx_word' id='word_1_459' title='bbox 1299 4462 1451 4501; x_wconf 91' lang='lat' dir='ltr'><strong>nunc</strong></span> <span class='ocrx_word' id='word_1_460' title='bbox 1477 4455 1682 4511; x_wconf 88' lang='lat' dir='ltr'><strong>autem,</strong></span> <span class='ocrx_word' id='word_1_461' title='bbox 1717 4455 1971 4517; x_wconf 88' lang='lat' dir='ltr'><strong>tanquam</strong></span> <span class='ocrx_word' id='word_1_462' title='bbox 2004 4462 2104 4515; x_wconf 85' lang='lat' dir='ltr'><strong>po-</strong></span> 
     </span>
    </p>
   </div>
   <div class='ocr_carea' id='block_1_64' title="bbox 511 4537 2104 4608">
    <p class='ocr_par' dir='ltr' id='par_1_64' title="bbox 511 4537 2104 4608">
     <span class='ocr_line' id='line_1_64' title="bbox 511 4537 2104 4608; baseline -0.001 -15"><span class='ocrx_word' id='word_1_463' title='bbox 511 4538 880 4593; x_wconf 87' lang='lat' dir='ltr'><strong>tentissimum</strong></span> <span class='ocrx_word' id='word_1_464' title='bbox 936 4552 1002 4592; x_wconf 93' lang='lat' dir='ltr'><strong>ac</strong></span> <span class='ocrx_word' id='word_1_465' title='bbox 1043 4537 1405 4592; x_wconf 87' lang='lat' dir='ltr'><strong>immortalem</strong></span> <span class='ocrx_word' id='word_1_466' title='bbox 1455 4538 1710 4591; x_wconf 84' lang='lat' dir='ltr'><strong>virtutem</strong></span> <span class='ocrx_word' id='word_1_467' title='bbox 1754 4537 1902 4608; x_wconf 82' lang='lat' dir='ltr'><strong>gravi</strong></span> <span class='ocrx_word' id='word_1_468' title='bbox 1949 4537 2104 4591; x_wconf 90' lang='lat' dir='ltr'><strong>senio</strong></span> 
     </span>
    </p>
   </div>
   <div class='ocr_carea' id='block_1_65' title="bbox 509 4631 2100 4701">
    <p class='ocr_par' dir='ltr' id='par_1_65' title="bbox 509 4631 2100 4701">
     <span class='ocr_line' id='line_1_65' title="bbox 509 4631 2100 4701; baseline -0.001 -14"><span class='ocrx_word' id='word_1_469' title='bbox 509 4631 778 4688; x_wconf 88' lang='lat' dir='ltr'><strong>defectam</strong></span> <span class='ocrx_word' id='word_1_470' title='bbox 827 4631 1196 4692; x_wconf 79' lang='lat' dir='ltr'><strong>existimares,</strong></span> <span class='ocrx_word' id='word_1_471' title='bbox 1239 4632 1360 4688; x_wconf 88' lang='lat' dir='ltr'><strong>istis</strong></span> <span class='ocrx_word' id='word_1_472' title='bbox 1402 4631 1818 4686; x_wconf 89' lang='lat' dir='ltr'><strong>imbecilliorem</strong></span> <span class='ocrx_word' id='word_1_473' title='bbox 1851 4647 2100 4701; x_wconf 81' lang='lat' dir='ltr'><strong>pronun—</strong></span> 
     </span>
    </p>
   </div>
   <div class='ocr_carea' id='block_1_66' title="bbox 510 4724 2102 4795">
    <p class='ocr_par' dir='ltr' id='par_1_66' title="bbox 510 4724 2102 4795">
     <span class='ocr_line' id='line_1_66' title="bbox 510 4724 2102 4795; baseline 0.003 -17"><span class='ocrx_word' id='word_1_474' title='bbox 510 4725 645 4780; x_wconf 89' lang='lat' dir='ltr'><strong>tias?</strong></span> <span class='ocrx_word' id='word_1_475' title='bbox 685 4741 812 4780; x_wconf 91' lang='lat' dir='ltr'><strong>cum</strong></span> <span class='ocrx_word' id='word_1_476' title='bbox 855 4724 1132 4794; x_wconf 88' lang='lat' dir='ltr'><strong>prioribus</strong></span> <span class='ocrx_word' id='word_1_477' title='bbox 1181 4725 1538 4788; x_wconf 79' lang='lat' dir='ltr'><strong>exercitatus,</strong></span> <span class='ocrx_word' id='word_1_478' title='bbox 1585 4740 1684 4795; x_wconf 91' lang='lat' dir='ltr'><strong>par</strong></span> <span class='ocrx_word' id='word_1_479' title='bbox 1721 4734 1868 4780; x_wconf 90' lang='lat' dir='ltr'><strong>esset</strong></span> <span class='ocrx_word' id='word_1_480' title='bbox 1897 4735 1956 4780; x_wconf 91' lang='lat' dir='ltr'><strong>ut</strong></span> <span class='ocrx_word' id='word_1_481' title='bbox 1981 4726 2102 4782; x_wconf 90' lang='lat' dir='ltr'><strong>aliis</strong></span> 
     </span>
    </p>
   </div>
   <div class='ocr_carea' id='block_1_67' title="bbox 508 4815 2098 4889">
    <p class='ocr_par' dir='ltr' id='par_1_67' title="bbox 508 4815 2098 4889">
     <span class='ocr_line' id='line_1_67' title="bbox 508 4815 2098 4889; baseline 0.001 -17"><span class='ocrx_word' id='word_1_482' title='bbox 508 4834 728 4888; x_wconf 87' lang='lat' dir='ltr'><strong>quoque</strong></span> <span class='ocrx_word' id='word_1_483' title='bbox 769 4820 956 4889; x_wconf 85' lang='lat' dir='ltr'><strong>potius</strong></span> <span class='ocrx_word' id='word_1_484' title='bbox 993 4815 1280 4881; x_wconf 85' lang='lat' dir='ltr'><strong>videreris,</strong></span> <span class='ocrx_word' id='word_1_485' title='bbox 1323 4818 1686 4887; x_wconf 73' lang='lat' dir='ltr'><strong>indubitatam</strong></span> <span class='ocrx_word' id='word_1_486' title='bbox 1737 4819 1790 4873; x_wconf 91' lang='lat' dir='ltr'><strong>in</strong></span> <span class='ocrx_word' id='word_1_487' title='bbox 1828 4819 2098 4886; x_wconf 86' lang='lat' dir='ltr'><strong>ejusmodi</strong></span> 
     </span>
    </p>
   </div>
   <div class='ocr_carea' id='block_1_68' title="bbox 2217 1956 3787 2031">
    <p class='ocr_par' dir='ltr' id='par_1_68' title="bbox 2217 1956 3787 2031">
     <span class='ocr_line' id='line_1_68' title="bbox 2217 1956 3787 2031; baseline 0.004 -23"><span class='ocrx_word' id='word_1_488' title='bbox 2217 1956 2419 2026; x_wconf 70' lang='grc' dir='ltr'><strong>μᾶλλον</strong></span> <span class='ocrx_word' id='word_1_489' title='bbox 2451 1957 2532 2011; x_wconf 86' lang='grc' dir='ltr'><strong>ὃτι</strong></span> <span class='ocrx_word' id='word_1_490' title='bbox 2562 1958 2657 2010; x_wconf 65' lang='grc' dir='ltr'><strong>καὶ¹</strong></span> <span class='ocrx_word' id='word_1_491' title='bbox 2687 1958 2924 2028; x_wconf 90' lang='grc' dir='ltr'><strong>πρῶτον.</strong></span> <span class='ocrx_word' id='word_1_492' title='bbox 2953 1959 3052 2013; x_wconf 80' lang='grc' dir='ltr'><strong>Ἂν</strong></span> <span class='ocrx_word' id='word_1_493' title='bbox 3075 1957 3236 2013; x_wconf 81' lang='grc' dir='ltr'><strong>τοῦτο</strong></span> <span class='ocrx_word' id='word_1_494' title='bbox 3260 1962 3390 2031; x_wconf 80' lang='grc' dir='ltr'><strong>ποιῇ</strong></span> <span class='ocrx_word' id='word_1_495' title='bbox 3427 1959 3528 2031; x_wconf 81' lang='grc' dir='ltr'><strong>τὴν</strong></span> <span class='ocrx_word' id='word_1_496' title='bbox 3566 1962 3787 2031; x_wconf 70' lang='grc' dir='ltr'><strong>ἀμφιδοο</strong></span> 
     </span>
    </p>
   </div>
   <div class='ocr_carea' id='block_1_69' title="bbox 2213 2049 3788 2127">
    <p class='ocr_par' dir='ltr' id='par_1_69' title="bbox 2213 2049 3788 2127">
     <span class='ocr_line' id='line_1_69' title="bbox 2213 2049 3788 2127; baseline 0.003 -24"><span class='ocrx_word' id='word_1_497' title='bbox 2213 2049 2352 2116; x_wconf 88' lang='grc' dir='ltr'><strong>λίαν,</strong></span> <span class='ocrx_word' id='word_1_498' title='bbox 2386 2051 2591 2114; x_wconf 84' lang='grc' dir='ltr'><strong>ἐκεῖνος</strong></span> <span class='ocrx_word' id='word_1_499' title='bbox 2623 2052 2712 2116; x_wconf 82' lang='grc' dir='ltr'><strong>σὺ,</strong></span> <span class='ocrx_word' id='word_1_500' title='bbox 2745 2052 2960 2123; x_wconf 74' lang='grc' dir='ltr'><strong>καὶτῆς</strong></span> <span class='ocrx_word' id='word_1_501' title='bbox 2987 2053 3088 2123; x_wconf 81' lang='grc' dir='ltr'><strong>σῆς</strong></span> <span class='ocrx_word' id='word_1_502' title='bbox 3113 2054 3213 2107; x_wconf 76' lang='grc' dir='ltr'><strong>οὐκ</strong></span> <span class='ocrx_word' id='word_1_503' title='bbox 3243 2053 3482 2127; x_wconf 83' lang='grc' dir='ltr'><strong>αίσθάνῃ</strong></span> <span class='ocrx_word' id='word_1_504' title='bbox 3517 2056 3788 2126; x_wconf 82' lang='grc' dir='ltr'><strong>παραγρά-</strong></span> 
     </span>
    </p>
   </div>
   <div class='ocr_carea' id='block_1_70' title="bbox 2213 2139 3788 2216">
    <p class='ocr_par' dir='ltr' id='par_1_70' title="bbox 2213 2139 3788 2216">
     <span class='ocr_line' id='line_1_70' title="bbox 2213 2139 3788 2216; baseline 0.003 -22"><span class='ocrx_word' id='word_1_505' title='bbox 2213 2158 2330 2211; x_wconf 87' lang='grc' dir='ltr'><strong>φων</strong></span> <span class='ocrx_word' id='word_1_506' title='bbox 2358 2143 2700 2210; x_wconf 84' lang='grc' dir='ltr'><strong>συγγενείας,</strong></span> <span class='ocrx_word' id='word_1_507' title='bbox 2731 2144 2825 2198; x_wconf 75' lang='grc' dir='ltr'><strong>καὶ</strong></span> <span class='ocrx_word' id='word_1_508' title='bbox 2848 2145 3061 2216; x_wconf 75' lang='grc' dir='ltr'><strong>τέμνων</strong></span> <span class='ocrx_word' id='word_1_509' title='bbox 3091 2145 3190 2210; x_wconf 71' lang='grc' dir='ltr'><strong>τὰς</strong></span> <span class='ocrx_word' id='word_1_510' title='bbox 3220 2143 3378 2216; x_wconf 77' lang='grc' dir='ltr'><strong>ῥίζας</strong></span> <span class='ocrx_word' id='word_1_511' title='bbox 3413 2146 3472 2212; x_wconf 76' lang='grc' dir='ltr'><strong>ἐξ</strong></span> <span class='ocrx_word' id='word_1_512' title='bbox 3515 2139 3588 2198; x_wconf 82' lang='grc' dir='ltr'><strong>ὧν</strong></span> <span class='ocrx_word' id='word_1_513' title='bbox 3629 2163 3705 2198; x_wconf 85' lang='grc' dir='ltr'><strong>σοι</strong></span> <span class='ocrx_word' id='word_1_514' title='bbox 3733 2148 3788 2199; x_wconf 78' lang='grc' dir='ltr'><strong>τὸ</strong></span> 
     </span>
    </p>
   </div>
   <div class='ocr_carea' id='block_1_71' title="bbox 2213 2227 3788 2310">
    <p class='ocr_par' dir='ltr' id='par_1_71' title="bbox 2213 2227 3788 2310">
     <span class='ocr_line' id='line_1_71' title="bbox 2213 2227 3788 2310; baseline 0.005 -26"><span class='ocrx_word' id='word_1_515' title='bbox 2213 2227 2354 2286; x_wconf 78' lang='grc' dir='ltr'><strong>εἷναι</strong></span> <span class='ocrx_word' id='word_1_516' title='bbox 2378 2232 2576 2303; x_wconf 80' lang='grc' dir='ltr'><strong>κλάδῳ,</strong></span> <span class='ocrx_word' id='word_1_517' title='bbox 2636 2235 2732 2287; x_wconf 73' lang='grc' dir='ltr'><strong>καὶ</strong></span> <span class='ocrx_word' id='word_1_518' title='bbox 2782 2234 2891 2288; x_wconf 90' lang='grc' dir='ltr'><strong>τῶν</strong></span> <span class='ocrx_word' id='word_1_519' title='bbox 2938 2235 3244 2291; x_wconf 71' lang='grc' dir='ltr'><strong>Ἰουδαϊκῶν</strong></span> <span class='ocrx_word' id='word_1_520' title='bbox 3270 2235 3494 2308; x_wconf 70' lang='grc' dir='ltr'><strong>θεσμῶν</strong></span> <span class='ocrx_word' id='word_1_521' title='bbox 3546 2237 3788 2310; x_wconf 77' lang='grc' dir='ltr'><strong>ἐξελέγχῃ</strong></span> 
     </span>
    </p>
   </div>
   <div class='ocr_carea' id='block_1_72' title="bbox 2214 2327 2704 2395">
    <p class='ocr_par' dir='ltr' id='par_1_72' title="bbox 2214 2327 2704 2395">
     <span class='ocr_line' id='line_1_72' title="bbox 2214 2327 2704 2395; baseline 0.008 -17"><span class='ocrx_word' id='word_1_522' title='bbox 2214 2327 2704 2395; x_wconf 78' lang='grc' dir='ltr'><strong>κατενηνεγμένος.</strong></span> 
     </span>
    </p>
   </div>
   <div class='ocr_carea' id='block_1_73' title="bbox 2295 2679 3787 2758">
    <p class='ocr_par' dir='ltr' id='par_1_73' title="bbox 2295 2679 3787 2758">
     <span class='ocr_line' id='line_1_73' title="bbox 2295 2679 3787 2758; baseline 0.004 -22"><span class='ocrx_word' id='word_1_523' title='bbox 2295 2679 2436 2750; x_wconf 85' lang='grc' dir='ltr'><strong>Ἐγὼ</strong></span> <span class='ocrx_word' id='word_1_524' title='bbox 2463 2679 2540 2748; x_wconf 84' lang='grc' dir='ltr'><strong>δὲ,</strong></span> <span class='ocrx_word' id='word_1_525' title='bbox 2583 2682 2632 2735; x_wconf 83' lang='grc' dir='ltr'><strong>εί</strong></span> <span class='ocrx_word' id='word_1_526' title='bbox 2657 2681 2758 2753; x_wconf 81' lang='grc' dir='ltr'><strong>μὲν</strong></span> <span class='ocrx_word' id='word_1_527' title='bbox 2788 2683 2968 2755; x_wconf 84' lang='grc' dir='ltr'><strong>είρμῷ</strong></span> <span class='ocrx_word' id='word_1_528' title='bbox 3010 2685 3230 2754; x_wconf 84' lang='grc' dir='ltr'><strong>φύσεως</strong></span> <span class='ocrx_word' id='word_1_529' title='bbox 3276 2685 3597 2758; x_wconf 80' lang='grc' dir='ltr'><strong>πεπράχθαι</strong></span> <span class='ocrx_word' id='word_1_530' title='bbox 3632 2688 3787 2758; x_wconf 77' lang='grc' dir='ltr'><strong>λέγων</strong></span> 
     </span>
    </p>
   </div>
   <div class='ocr_carea' id='block_1_74' title="bbox 2209 2771 3786 2851">
    <p class='ocr_par' dir='ltr' id='par_1_74' title="bbox 2209 2771 3786 2851">
     <span class='ocr_line' id='line_1_74' title="bbox 2209 2771 3786 2851; baseline 0.004 -26"><span class='ocrx_word' id='word_1_531' title='bbox 2209 2771 2303 2826; x_wconf 80' lang='grc' dir='ltr'><strong>τὸν</strong></span> <span class='ocrx_word' id='word_1_532' title='bbox 2327 2773 2508 2838; x_wconf 85' lang='grc' dir='ltr'><strong>τόκον,</strong></span> <span class='ocrx_word' id='word_1_533' title='bbox 2546 2773 2742 2828; x_wconf 73' lang='grc' dir='ltr'><strong>ἔπειτά</strong></span> <span class='ocrx_word' id='word_1_534' title='bbox 2777 2791 2838 2827; x_wconf 90' lang='grc' dir='ltr'><strong>σε</strong></span> <span class='ocrx_word' id='word_1_535' title='bbox 2864 2775 3114 2843; x_wconf 80' lang='grc' dir='ltr'><strong>ὁμονοεῖν</strong></span> <span class='ocrx_word' id='word_1_536' title='bbox 3146 2777 3522 2848; x_wconf 80' lang='grc' dir='ltr'><strong>παρεκάλουν,</strong></span> <span class='ocrx_word' id='word_1_537' title='bbox 3551 2779 3721 2844; x_wconf 68' lang='grc' dir='ltr'><strong>καλῶς</strong></span> <span class='ocrx_word' id='word_1_538' title='bbox 3757 2782 3786 2851; x_wconf 85' lang='grc' dir='ltr'>ἡ</span> 
     </span>
    </p>
   </div>
   <div class='ocr_carea' id='block_1_75' title="bbox 2211 2865 3786 2940">
    <p class='ocr_par' dir='ltr' id='par_1_75' title="bbox 2211 2865 3786 2940">
     <span class='ocr_line' id='line_1_75' title="bbox 2211 2865 3786 2940; baseline 0.005 -23"><span class='ocrx_word' id='word_1_539' title='bbox 2211 2867 2400 2936; x_wconf 87' lang='grc' dir='ltr'><strong>στεῖρα</strong></span> <span class='ocrx_word' id='word_1_540' title='bbox 2428 2865 2492 2919; x_wconf 82' lang='grc' dir='ltr'><strong>τὸ</strong></span> <span class='ocrx_word' id='word_1_541' title='bbox 2519 2866 2701 2936; x_wconf 79' lang='grc' dir='ltr'><strong>γῆρας</strong></span> <span class='ocrx_word' id='word_1_542' title='bbox 2720 2882 2734 2896; x_wconf 78' lang='grc'><strong><em>⁸</em></strong></span> <span class='ocrx_word' id='word_1_543' title='bbox 2765 2869 2799 2937; x_wconf 80' lang='grc' dir='ltr'>ἡ</span> <span class='ocrx_word' id='word_1_544' title='bbox 2830 2867 2991 2936; x_wconf 82' lang='grc' dir='ltr'><strong>φύσις</strong></span> <span class='ocrx_word' id='word_1_545' title='bbox 3037 2868 3148 2921; x_wconf 88' lang='grc' dir='ltr'><strong>τῶν</strong></span> <span class='ocrx_word' id='word_1_546' title='bbox 3179 2869 3564 2940; x_wconf 70' lang='grc' dir='ltr'><strong>συλλογισμῶν</strong></span> <span class='ocrx_word' id='word_1_547' title='bbox 3614 2872 3786 2940; x_wconf 81' lang='grc' dir='ltr'><strong>ἐγέννα</strong></span> 
     </span>
    </p>
   </div>
   <div class='ocr_carea' id='block_1_76' title="bbox 2208 2956 3784 3035">
    <p class='ocr_par' dir='ltr' id='par_1_76' title="bbox 2208 2956 3784 3035">
     <span class='ocr_line' id='line_1_76' title="bbox 2208 2956 3784 3035; baseline 0.004 -26"><span class='ocrx_word' id='word_1_548' title='bbox 2208 2956 2490 3020; x_wconf 75' lang='grc' dir='ltr'><strong>τὸνπόνον</strong></span> <span class='ocrx_word' id='word_1_549' title='bbox 2511 2975 2524 2989; x_wconf 89' lang='grc'><strong>·</strong></span> <span class='ocrx_word' id='word_1_550' title='bbox 2556 2959 2604 3012; x_wconf 90' lang='grc' dir='ltr'><strong>εί</strong></span> <span class='ocrx_word' id='word_1_551' title='bbox 2632 2958 2690 3012; x_wconf 80' lang='grc' dir='ltr'><strong>δὲ</strong></span> <span class='ocrx_word' id='word_1_552' title='bbox 2711 2958 2936 3029; x_wconf 85' lang='grc' dir='ltr'><strong>χάριτος</strong></span> <span class='ocrx_word' id='word_1_553' title='bbox 2961 2959 3114 3025; x_wconf 87' lang='grc' dir='ltr'><strong>θείας</strong></span> <span class='ocrx_word' id='word_1_554' title='bbox 3142 2961 3437 3032; x_wconf 83' lang='grc' dir='ltr'><strong>πρεσϐεύω</strong></span> <span class='ocrx_word' id='word_1_555' title='bbox 3460 2962 3558 3035; x_wconf 79' lang='grc' dir='ltr'><strong>τὴν</strong></span> <span class='ocrx_word' id='word_1_556' title='bbox 3583 2962 3784 3030; x_wconf 78' lang='grc' dir='ltr'><strong>πρᾶξιν,</strong></span> 
     </span>
    </p>
   </div>
   <div class='ocr_carea' id='block_1_77' title="bbox 2207 3048 3784 3127">
    <p class='ocr_par' dir='ltr' id='par_1_77' title="bbox 2207 3048 3784 3127">
     <span class='ocr_line' id='line_1_77' title="bbox 2207 3048 3784 3127; baseline 0.003 -25"><span class='ocrx_word' id='word_1_557' title='bbox 2207 3048 2260 3102; x_wconf 89' lang='grc' dir='ltr'><strong>τί</strong></span> <span class='ocrx_word' id='word_1_558' title='bbox 2283 3050 2380 3120; x_wconf 78' lang='grc' dir='ltr'><strong>τὴν</strong></span> <span class='ocrx_word' id='word_1_559' title='bbox 2404 3051 2564 3122; x_wconf 84' lang='grc' dir='ltr'><strong>χάριν</strong></span> <span class='ocrx_word' id='word_1_560' title='bbox 2594 3050 2824 3124; x_wconf 77' lang='grc' dir='ltr'><strong>ἐκϐιάζῃ</strong></span> <span class='ocrx_word' id='word_1_561' title='bbox 2846 3051 3120 3107; x_wconf 85' lang='grc' dir='ltr'><strong>δουλεύειν</strong></span> <span class='ocrx_word' id='word_1_562' title='bbox 3147 3057 3212 3124; x_wconf 79' lang='grc' dir='ltr'><strong>τῇ</strong></span> <span class='ocrx_word' id='word_1_563' title='bbox 3245 3053 3431 3123; x_wconf 85' lang='grc' dir='ltr'><strong>φύσει,</strong></span> <span class='ocrx_word' id='word_1_564' title='bbox 3463 3051 3532 3127; x_wconf 84' lang='grc' dir='ltr'><strong>ἦς</strong></span> <span class='ocrx_word' id='word_1_565' title='bbox 3552 3057 3637 3108; x_wconf 78' lang='grc' dir='ltr'><strong>ἀεὶ</strong></span> <span class='ocrx_word' id='word_1_566' title='bbox 3661 3055 3784 3124; x_wconf 82' lang='grc' dir='ltr'><strong>αὕτη</strong></span> 
     </span>
    </p>
   </div>
   <div class='ocr_carea' id='block_1_78' title="bbox 2209 3139 3786 3221">
    <p class='ocr_par' dir='ltr' id='par_1_78' title="bbox 2209 3139 3786 3221">
     <span class='ocr_line' id='line_1_78' title="bbox 2209 3139 3786 3221; baseline 0.003 -26"><span class='ocrx_word' id='word_1_567' title='bbox 2209 3142 2422 3213; x_wconf 86' lang='grc' dir='ltr'><strong>πέφυκε</strong></span> <span class='ocrx_word' id='word_1_568' title='bbox 2453 3145 2654 3214; x_wconf 87' lang='grc' dir='ltr'><strong>κυρία;</strong></span> <span class='ocrx_word' id='word_1_569' title='bbox 2689 3147 2832 3220; x_wconf 79' lang='grc' dir='ltr'><strong>Δέχῃ</strong></span> <span class='ocrx_word' id='word_1_570' title='bbox 2858 3147 2951 3201; x_wconf 81' lang='grc' dir='ltr'><strong>τὸν</strong></span> <span class='ocrx_word' id='word_1_571' title='bbox 2967 3147 3142 3218; x_wconf 77' lang='grc' dir='ltr'><strong>Ἀδάμ</strong></span> <span class='ocrx_word' id='word_1_572' title='bbox 3171 3139 3326 3221; x_wconf 86' lang='grc' dir='ltr'><strong>πηλῷ</strong></span> <span class='ocrx_word' id='word_1_573' title='bbox 3357 3151 3680 3213; x_wconf 79' lang='grc' dir='ltr'><strong>πλασθέντα,</strong></span> <span class='ocrx_word' id='word_1_574' title='bbox 3701 3161 3786 3217; x_wconf 64' lang='grc' dir='ltr'><strong>καὶ</strong></span> 
     </span>
    </p>
   </div>
   <div class='ocr_carea' id='block_1_79' title="bbox 2204 3238 3784 3318">
    <p class='ocr_par' dir='ltr' id='par_1_79' title="bbox 2204 3238 3784 3318">
     <span class='ocr_line' id='line_1_79' title="bbox 2204 3238 3784 3318; baseline 0.006 -27"><span class='ocrx_word' id='word_1_575' title='bbox 2204 3238 2374 3310; x_wconf 82' lang='grc' dir='ltr'><strong>χωρὶς</strong></span> <span class='ocrx_word' id='word_1_576' title='bbox 2400 3239 2752 3311; x_wconf 75' lang='grc' dir='ltr'><strong>παραχθέντα</strong></span> <span class='ocrx_word' id='word_1_577' title='bbox 2801 3243 3144 3312; x_wconf 85' lang='grc' dir='ltr'><strong>γεννήσεως;</strong></span> <span class='ocrx_word' id='word_1_578' title='bbox 3175 3244 3316 3318; x_wconf 79' lang='grc' dir='ltr'><strong>Δέχῃ</strong></span> <span class='ocrx_word' id='word_1_579' title='bbox 3347 3245 3452 3318; x_wconf 80' lang='grc' dir='ltr'><strong>τὴν</strong></span> <span class='ocrx_word' id='word_1_580' title='bbox 3508 3245 3647 3300; x_wconf 78' lang='grc' dir='ltr'><strong>Εὕαν</strong></span> <span class='ocrx_word' id='word_1_581' title='bbox 3670 3247 3784 3301; x_wconf 79' lang='grc' dir='ltr'><strong>ἄνευ</strong></span> 
     </span>
    </p>
   </div>
   <div class='ocr_carea' id='block_1_80' title="bbox 2207 3333 3784 3410">
    <p class='ocr_par' dir='ltr' id='par_1_80' title="bbox 2207 3333 3784 3410">
     <span class='ocr_line' id='line_1_80' title="bbox 2207 3333 3784 3410; baseline 0.002 -22"><span class='ocrx_word' id='word_1_582' title='bbox 2207 3333 2527 3404; x_wconf 82' lang='grc' dir='ltr'><strong>συναφείας,</strong></span> <span class='ocrx_word' id='word_1_583' title='bbox 2563 3335 2658 3387; x_wconf 77' lang='grc' dir='ltr'><strong>καὶ</strong></span> <span class='ocrx_word' id='word_1_584' title='bbox 2685 3335 2928 3406; x_wconf 81' lang='grc' dir='ltr'><strong>πλευρᾶς</strong></span> <span class='ocrx_word' id='word_1_585' title='bbox 2968 3335 3321 3407; x_wconf 84' lang='grc' dir='ltr'><strong>ὑπάρχουσαν</strong></span> <span class='ocrx_word' id='word_1_586' title='bbox 3346 3338 3621 3410; x_wconf 85' lang='grc' dir='ltr'><strong>γέννημα;</strong></span> <span class='ocrx_word' id='word_1_587' title='bbox 3645 3340 3784 3407; x_wconf 81' lang='grc' dir='ltr'><strong>λόγον</strong></span> 
     </span>
    </p>
   </div>
   <div class='ocr_carea' id='block_1_81' title="bbox 2204 3423 3782 3499">
    <p class='ocr_par' dir='ltr' id='par_1_81' title="bbox 2204 3423 3782 3499">
     <span class='ocr_line' id='line_1_81' title="bbox 2204 3423 3782 3499; baseline 0.003 -21"><span class='ocrx_word' id='word_1_588' title='bbox 2204 3423 2382 3479; x_wconf 79' lang='grc' dir='ltr'><strong>ταῦτα</strong></span> <span class='ocrx_word' id='word_1_589' title='bbox 2402 3425 2618 3495; x_wconf 84' lang='grc' dir='ltr'><strong>φύσεως</strong></span> <span class='ocrx_word' id='word_1_590' title='bbox 2647 3425 2748 3478; x_wconf 83' lang='grc' dir='ltr'><strong>οὐκ</strong></span> <span class='ocrx_word' id='word_1_591' title='bbox 2776 3425 2844 3479; x_wconf 79' lang='grc' dir='ltr'><strong>ἂν</strong></span> <span class='ocrx_word' id='word_1_592' title='bbox 2879 3427 3055 3478; x_wconf 77' lang='grc' dir='ltr'><strong>εἰπεῖν</strong></span> <span class='ocrx_word' id='word_1_593' title='bbox 3083 3425 3241 3497; x_wconf 76' lang='grc' dir='ltr'><strong>ἔχων.</strong></span> <span class='ocrx_word' id='word_1_594' title='bbox 3280 3426 3346 3480; x_wconf 85' lang='lat' dir='ltr'><strong>&#39;H</strong></span> <span class='ocrx_word' id='word_1_595' title='bbox 3376 3428 3487 3499; x_wconf 83' lang='grc' dir='ltr'><strong>γὰρ</strong></span> <span class='ocrx_word' id='word_1_596' title='bbox 3517 3428 3654 3482; x_wconf 76' lang='grc' dir='ltr'><strong>κατὰ</strong></span> <span class='ocrx_word' id='word_1_597' title='bbox 3677 3429 3782 3484; x_wconf 86' lang='grc' dir='ltr'><strong>δια·</strong></span> 
     </span>
    </p>
   </div>
   <div class='ocr_carea' id='block_1_82' title="bbox 2204 3516 3782 3593">
    <p class='ocr_par' dir='ltr' id='par_1_82' title="bbox 2204 3516 3782 3593">
     <span class='ocr_line' id='line_1_82' title="bbox 2204 3516 3782 3593; baseline 0.001 -23"><span class='ocrx_word' id='word_1_598' title='bbox 2204 3516 2370 3588; x_wconf 83' lang='grc' dir='ltr'><strong>δοχὴν</strong></span> <span class='ocrx_word' id='word_1_599' title='bbox 2391 3518 2503 3571; x_wconf 88' lang='grc' dir='ltr'><strong>τῶν</strong></span> <span class='ocrx_word' id='word_1_600' title='bbox 2524 3516 2830 3588; x_wconf 83' lang='grc' dir='ltr'><strong>ἀνθρώπων</strong></span> <span class='ocrx_word' id='word_1_601' title='bbox 2860 3517 3087 3589; x_wconf 73' lang='grc' dir='ltr'><strong>αὔξησίς</strong></span> <span class='ocrx_word' id='word_1_602' title='bbox 3117 3536 3178 3571; x_wconf 87' lang='grc' dir='ltr'><strong>τε</strong></span> <span class='ocrx_word' id='word_1_603' title='bbox 3202 3519 3298 3572; x_wconf 74' lang='grc' dir='ltr'><strong>καὶ</strong></span> <span class='ocrx_word' id='word_1_604' title='bbox 3327 3521 3605 3591; x_wconf 85' lang='grc' dir='ltr'><strong>γέννησις,</strong></span> <span class='ocrx_word' id='word_1_605' title='bbox 3635 3522 3782 3593; x_wconf 75' lang='grc' dir='ltr'><strong>ἄλλην</strong></span> 
     </span>
    </p>
   </div>
   <div class='ocr_carea' id='block_1_83' title="bbox 2205 3609 3782 3686">
    <p class='ocr_par' dir='ltr' id='par_1_83' title="bbox 2205 3609 3782 3686">
     <span class='ocr_line' id='line_1_83' title="bbox 2205 3609 3782 3686; baseline 0.003 -23"><span class='ocrx_word' id='word_1_606' title='bbox 2205 3609 2360 3676; x_wconf 80' lang='grc' dir='ltr'><strong>τάξιν</strong></span> <span class='ocrx_word' id='word_1_607' title='bbox 2384 3610 2484 3681; x_wconf 81' lang='grc' dir='ltr'><strong>τῆς</strong></span> <span class='ocrx_word' id='word_1_608' title='bbox 2505 3612 2732 3681; x_wconf 78' lang='grc' dir='ltr'><strong>προόδου</strong></span> <span class='ocrx_word' id='word_1_609' title='bbox 2761 3611 3128 3677; x_wconf 73' lang='grc' dir='ltr'><strong>διασώζουσαι,</strong></span> <span class='ocrx_word' id='word_1_610' title='bbox 3165 3613 3266 3666; x_wconf 85' lang='grc' dir='ltr'><strong>οὐκ</strong></span> <span class='ocrx_word' id='word_1_611' title='bbox 3295 3616 3362 3686; x_wconf 79' lang='grc' dir='ltr'><strong>ἐᾷ</strong></span> <span class='ocrx_word' id='word_1_612' title='bbox 3392 3615 3493 3686; x_wconf 85' lang='grc' dir='ltr'><strong>τὴν</strong></span> <span class='ocrx_word' id='word_1_613' title='bbox 3533 3615 3782 3686; x_wconf 80' lang='grc' dir='ltr'><strong>προϐολὴν</strong></span> 
     </span>
    </p>
   </div>
   <div class='ocr_carea' id='block_1_84' title="bbox 2207 3703 3780 3779">
    <p class='ocr_par' dir='ltr' id='par_1_84' title="bbox 2207 3703 3780 3779">
     <span class='ocr_line' id='line_1_84' title="bbox 2207 3703 3780 3779; baseline 0.004 -24"><span class='ocrx_word' id='word_1_614' title='bbox 2207 3703 2432 3756; x_wconf 76' lang='grc' dir='ltr'><strong>ἐκείνων</strong></span> <span class='ocrx_word' id='word_1_615' title='bbox 2463 3704 2681 3772; x_wconf 83' lang='grc' dir='ltr'><strong>φύσεως</strong></span> <span class='ocrx_word' id='word_1_616' title='bbox 2723 3703 2968 3770; x_wconf 75' lang='grc' dir='ltr'><strong>δοξάζειν</strong></span> <span class='ocrx_word' id='word_1_617' title='bbox 2989 3705 3152 3777; x_wconf 78' lang='grc' dir='ltr'><strong>ἔργον</strong></span> <span class='ocrx_word' id='word_1_618' title='bbox 3173 3724 3187 3738; x_wconf 89' lang='grc'><strong>·</strong></span> <span class='ocrx_word' id='word_1_619' title='bbox 3243 3707 3364 3760; x_wconf 85' lang='grc' dir='ltr'><strong>ἀλλ’</strong></span> <span class='ocrx_word' id='word_1_620' title='bbox 3391 3709 3512 3762; x_wconf 77' lang='grc' dir='ltr'><strong>οὐδέ</strong></span> <span class='ocrx_word' id='word_1_621' title='bbox 3540 3727 3602 3778; x_wconf 87' lang='grc' dir='ltr'><strong>γε</strong></span> <span class='ocrx_word' id='word_1_622' title='bbox 3647 3710 3780 3779; x_wconf 77' lang='grc' dir='ltr'><strong>παρὰ</strong></span> 
     </span>
    </p>
   </div>
   <div class='ocr_carea' id='block_1_85' title="bbox 2207 3794 3779 3872">
    <p class='ocr_par' dir='ltr' id='par_1_85' title="bbox 2207 3794 3779 3872">
     <span class='ocr_line' id='line_1_85' title="bbox 2207 3794 3779 3872; baseline 0.004 -26"><span class='ocrx_word' id='word_1_623' title='bbox 2207 3794 2370 3862; x_wconf 88' lang='grc' dir='ltr'><strong>φύσιν</strong></span> <span class='ocrx_word' id='word_1_624' title='bbox 2393 3794 2558 3848; x_wconf 80' lang='grc' dir='ltr'><strong>πάλιν</strong></span> <span class='ocrx_word' id='word_1_625' title='bbox 2580 3810 2598 3827; x_wconf 88' lang='grc'><strong>·</strong></span> <span class='ocrx_word' id='word_1_626' title='bbox 2631 3794 2775 3866; x_wconf 79' lang='grc' dir='ltr'><strong>ἀρχὴ</strong></span> <span class='ocrx_word' id='word_1_627' title='bbox 2809 3796 2918 3864; x_wconf 79' lang='grc' dir='ltr'><strong>γὰρ</strong></span> <span class='ocrx_word' id='word_1_628' title='bbox 2949 3797 3048 3866; x_wconf 81' lang='grc' dir='ltr'><strong>τῆς</strong></span> <span class='ocrx_word' id='word_1_629' title='bbox 3086 3797 3228 3851; x_wconf 84' lang='grc' dir='ltr'><strong>κατὰ</strong></span> <span class='ocrx_word' id='word_1_630' title='bbox 3258 3799 3425 3867; x_wconf 89' lang='grc' dir='ltr'><strong>φύσιν</strong></span> <span class='ocrx_word' id='word_1_631' title='bbox 3451 3801 3561 3854; x_wconf 90' lang='grc' dir='ltr'><strong>τῶν</strong></span> <span class='ocrx_word' id='word_1_632' title='bbox 3585 3799 3779 3872; x_wconf 84' lang='grc' dir='ltr'><strong>ἀνθρὼ-</strong></span> 
     </span>
    </p>
   </div>
   <div class='ocr_carea' id='block_1_86' title="bbox 2208 3891 3780 3968">
    <p class='ocr_par' dir='ltr' id='par_1_86' title="bbox 2208 3891 3780 3968">
     <span class='ocr_line' id='line_1_86' title="bbox 2208 3891 3780 3968; baseline 0.004 -26"><span class='ocrx_word' id='word_1_633' title='bbox 2208 3907 2326 3943; x_wconf 86' lang='grc' dir='ltr'><strong>πων</strong></span> <span class='ocrx_word' id='word_1_634' title='bbox 2358 3891 2696 3960; x_wconf 84' lang='grc' dir='ltr'><strong>συστάσεως.</strong></span> <span class='ocrx_word' id='word_1_635' title='bbox 2732 3891 2895 3956; x_wconf 85' lang='grc' dir='ltr'><strong>Θείας</strong></span> <span class='ocrx_word' id='word_1_636' title='bbox 2926 3894 3034 3963; x_wconf 78' lang='grc' dir='ltr'><strong>ἄρα</strong></span> <span class='ocrx_word' id='word_1_637' title='bbox 3066 3892 3308 3965; x_wconf 80' lang='grc' dir='ltr'><strong>βουλῆς,¹</strong></span> <span class='ocrx_word' id='word_1_638' title='bbox 3340 3897 3437 3950; x_wconf 74' lang='grc' dir='ltr'><strong>καὶ</strong></span> <span class='ocrx_word' id='word_1_639' title='bbox 3497 3896 3691 3968; x_wconf 76' lang='grc' dir='ltr'><strong>ἰσχύος.</strong></span> <span class='ocrx_word' id='word_1_640' title='bbox 3723 3895 3780 3948; x_wconf 86' lang='grc' dir='ltr'><strong>Τί</strong></span> 
     </span>
    </p>
   </div>
   <div class='ocr_carea' id='block_1_87' title="bbox 2205 3983 3778 4059">
    <p class='ocr_par' dir='ltr' id='par_1_87' title="bbox 2205 3983 3778 4059">
     <span class='ocr_line' id='line_1_87' title="bbox 2205 3983 3778 4059; baseline 0.005 -24"><span class='ocrx_word' id='word_1_641' title='bbox 2205 3983 2297 4048; x_wconf 65' lang='lat' dir='ltr'><strong>at;</strong></span> <span class='ocrx_word' id='word_1_642' title='bbox 2330 3983 2462 4036; x_wconf 81' lang='grc' dir='ltr'><strong>Τότε</strong></span> <span class='ocrx_word' id='word_1_643' title='bbox 2499 3983 2598 4054; x_wconf 76' lang='grc' dir='ltr'><strong>μὲν</strong></span> <span class='ocrx_word' id='word_1_644' title='bbox 2639 3983 2846 4054; x_wconf 80' lang='grc' dir='ltr'><strong>ἰσχύειν</strong></span> <span class='ocrx_word' id='word_1_645' title='bbox 2874 3985 2979 4038; x_wconf 69' lang='grc' dir='ltr'><strong>κᾶν</strong></span> <span class='ocrx_word' id='word_1_646' title='bbox 3013 3988 3125 4050; x_wconf 88' lang='grc' dir='ltr'><strong>τοῖς</strong></span> <span class='ocrx_word' id='word_1_647' title='bbox 3153 3987 3612 4059; x_wconf 81' lang='grc' dir='ltr'><strong>παραδοξοτέροις</strong></span> <span class='ocrx_word' id='word_1_648' title='bbox 3638 3989 3778 4051; x_wconf 84' lang='grc' dir='ltr'><strong>δίδως</strong></span> 
     </span>
    </p>
   </div>
   <div class='ocr_carea' id='block_1_88' title="bbox 2206 4074 3780 4150">
    <p class='ocr_par' dir='ltr' id='par_1_88' title="bbox 2206 4074 3780 4150">
     <span class='ocr_line' id='line_1_88' title="bbox 2206 4074 3780 4150; baseline 0.005 -24"><span class='ocrx_word' id='word_1_649' title='bbox 2206 4074 2266 4126; x_wconf 84' lang='grc' dir='ltr'><strong>τὸ</strong></span> <span class='ocrx_word' id='word_1_650' title='bbox 2289 4074 2462 4139; x_wconf 85' lang='grc' dir='ltr'><strong>Θείον,</strong></span> <span class='ocrx_word' id='word_1_651' title='bbox 2493 4076 2588 4128; x_wconf 70' lang='grc' dir='ltr'><strong>καὶ</strong></span> <span class='ocrx_word' id='word_1_652' title='bbox 2606 4074 2704 4147; x_wconf 81' lang='grc' dir='ltr'><strong>τὴν</strong></span> <span class='ocrx_word' id='word_1_653' title='bbox 2738 4075 2892 4141; x_wconf 80' lang='grc' dir='ltr'><strong>τάξιν</strong></span> <span class='ocrx_word' id='word_1_654' title='bbox 2925 4078 3022 4146; x_wconf 82' lang='grc' dir='ltr'><strong>τῆς</strong></span> <span class='ocrx_word' id='word_1_655' title='bbox 3050 4076 3268 4147; x_wconf 86' lang='grc' dir='ltr'><strong>φύσεως</strong></span> <span class='ocrx_word' id='word_1_656' title='bbox 3302 4079 3448 4133; x_wconf 81' lang='grc' dir='ltr'><strong>κατὰ</strong></span> <span class='ocrx_word' id='word_1_657' title='bbox 3476 4082 3567 4134; x_wconf 83' lang='grc' dir='ltr'><strong>τοῦ</strong></span> <span class='ocrx_word' id='word_1_658' title='bbox 3596 4079 3780 4150; x_wconf 82' lang='grc' dir='ltr'><strong>ταύτης</strong></span> 
     </span>
    </p>
   </div>
   <div class='ocr_carea' id='block_1_89' title="bbox 2207 4167 3780 4244">
    <p class='ocr_par' dir='ltr' id='par_1_89' title="bbox 2207 4167 3780 4244">
     <span class='ocr_line' id='line_1_89' title="bbox 2207 4167 3780 4244; baseline 0.004 -25"><span class='ocrx_word' id='word_1_659' title='bbox 2207 4167 2304 4237; x_wconf 77' lang='grc' dir='ltr'><strong>οὐχ</strong></span> <span class='ocrx_word' id='word_1_660' title='bbox 2333 4167 2575 4232; x_wconf 79' lang='grc' dir='ltr'><strong>όπλίζεις</strong></span> <span class='ocrx_word' id='word_1_661' title='bbox 2601 4167 2848 4223; x_wconf 87' lang='grc' dir='ltr'><strong>Πλάστου</strong></span> <span class='ocrx_word' id='word_1_662' title='bbox 2869 4187 2882 4201; x_wconf 88' lang='grc'><strong>·</strong></span> <span class='ocrx_word' id='word_1_663' title='bbox 2905 4170 2999 4223; x_wconf 76' lang='grc' dir='ltr'><strong>νῦν</strong></span> <span class='ocrx_word' id='word_1_664' title='bbox 3019 4172 3074 4224; x_wconf 82' lang='grc' dir='ltr'><strong>δὲ</strong></span> <span class='ocrx_word' id='word_1_665' title='bbox 3096 4171 3285 4240; x_wconf 82' lang='grc' dir='ltr'><strong>ὥσπερ</strong></span> <span class='ocrx_word' id='word_1_666' title='bbox 3303 4173 3484 4244; x_wconf 79' lang='grc' dir='ltr'><strong>γῆρας</strong></span> <span class='ocrx_word' id='word_1_667' title='bbox 3512 4173 3642 4244; x_wconf 85' lang='grc' dir='ltr'><strong>βαθὺ</strong></span> <span class='ocrx_word' id='word_1_668' title='bbox 3665 4191 3780 4227; x_wconf 81' lang='grc' dir='ltr'><strong>κατ-</strong></span> 
     </span>
    </p>
   </div>
   <div class='ocr_carea' id='block_1_90' title="bbox 2207 4261 3778 4338">
    <p class='ocr_par' dir='ltr' id='par_1_90' title="bbox 2207 4261 3778 4338">
     <span class='ocr_line' id='line_1_90' title="bbox 2207 4261 3778 4338; baseline 0.003 -24"><span class='ocrx_word' id='word_1_669' title='bbox 2207 4261 2465 4330; x_wconf 85' lang='grc' dir='ltr'><strong>εγνωκὼς</strong></span> <span class='ocrx_word' id='word_1_670' title='bbox 2513 4263 2612 4334; x_wconf 84' lang='grc' dir='ltr'><strong>τῆς</strong></span> <span class='ocrx_word' id='word_1_671' title='bbox 2645 4262 3123 4336; x_wconf 84' lang='grc' dir='ltr'><strong>πανσθενεστάτης</strong></span> <span class='ocrx_word' id='word_1_672' title='bbox 3172 4267 3267 4320; x_wconf 71' lang='grc' dir='ltr'><strong>καὶ</strong></span> <span class='ocrx_word' id='word_1_673' title='bbox 3307 4269 3586 4338; x_wconf 84' lang='grc' dir='ltr'><strong>ἀκηράτου</strong></span> <span class='ocrx_word' id='word_1_674' title='bbox 3636 4267 3778 4321; x_wconf 78' lang='grc' dir='ltr'><strong>δυνά-</strong></span> 
     </span>
    </p>
   </div>
   <div class='ocr_carea' id='block_1_91' title="bbox 2210 4355 3776 4432">
    <p class='ocr_par' dir='ltr' id='par_1_91' title="bbox 2210 4355 3776 4432">
     <span class='ocr_line' id='line_1_91' title="bbox 2210 4355 3776 4432; baseline 0.004 -24"><span class='ocrx_word' id='word_1_675' title='bbox 2210 4373 2378 4426; x_wconf 84' lang='grc' dir='ltr'><strong>μεως,</strong></span> <span class='ocrx_word' id='word_1_676' title='bbox 2412 4355 2811 4426; x_wconf 81' lang='grc' dir='ltr'><strong>ἀσθενεστέραν</strong></span> <span class='ocrx_word' id='word_1_677' title='bbox 2837 4358 3048 4422; x_wconf 81' lang='grc' dir='ltr'><strong>τούτοις</strong></span> <span class='ocrx_word' id='word_1_678' title='bbox 3076 4360 3400 4428; x_wconf 83' lang='grc' dir='ltr'><strong>ἀποφαίνεις</strong></span> <span class='ocrx_word' id='word_1_679' title='bbox 3429 4382 3443 4429; x_wconf 87' lang='grc'>;</span> <span class='ocrx_word' id='word_1_680' title='bbox 3473 4362 3554 4432; x_wconf 72' lang='grc' dir='ltr'><strong>ἐφ’</strong></span> <span class='ocrx_word' id='word_1_681' title='bbox 3583 4358 3656 4415; x_wconf 85' lang='grc' dir='ltr'><strong>ὧν</strong></span> <span class='ocrx_word' id='word_1_682' title='bbox 3678 4365 3776 4425; x_wconf 80' lang='grc' dir='ltr'><strong>τοῖς</strong></span> 
     </span>
    </p>
   </div>
   <div class='ocr_carea' id='block_1_92' title="bbox 2206 4451 3776 4531">
    <p class='ocr_par' dir='ltr' id='par_1_92' title="bbox 2206 4451 3776 4531">
     <span class='ocr_line' id='line_1_92' title="bbox 2206 4451 3776 4531; baseline 0.004 -27"><span class='ocrx_word' id='word_1_683' title='bbox 2206 4451 2519 4522; x_wconf 75' lang='grc' dir='ltr'><strong>ἔμπροσθεν</strong></span> <span class='ocrx_word' id='word_1_684' title='bbox 2573 4453 3113 4522; x_wconf 80' lang='grc' dir='ltr'><strong>ἐγγεγυμνασμένος,</strong></span> <span class='ocrx_word' id='word_1_685' title='bbox 3155 4457 3365 4522; x_wconf 87' lang='grc' dir='ltr'><strong>δίκαιος</strong></span> <span class='ocrx_word' id='word_1_686' title='bbox 3395 4458 3461 4512; x_wconf 85' lang='grc' dir='ltr'><strong>ἄν</strong></span> <span class='ocrx_word' id='word_1_687' title='bbox 3486 4456 3624 4531; x_wconf 86' lang='grc' dir='ltr'><strong>ἦσθα</strong></span> <span class='ocrx_word' id='word_1_688' title='bbox 3658 4460 3776 4528; x_wconf 79' lang='grc' dir='ltr'><strong>μᾶλ-</strong></span> 
     </span>
    </p>
   </div>
   <div class='ocr_carea' id='block_1_93' title="bbox 2138 4544 3776 4635">
    <p class='ocr_par' dir='ltr' id='par_1_93' title="bbox 2138 4544 3776 4635">
     <span class='ocr_line' id='line_1_93' title="bbox 2138 4544 3776 4635; baseline 0.004 -38"><span class='ocrx_word' id='word_1_689' title='bbox 2138 4579 2182 4635; x_wconf 79' lang='lat' dir='ltr'><strong>D</strong></span> <span class='ocrx_word' id='word_1_690' title='bbox 2207 4544 2298 4598; x_wconf 77' lang='grc' dir='ltr'><strong>λον</strong></span> <span class='ocrx_word' id='word_1_691' title='bbox 2329 4546 2425 4598; x_wconf 74' lang='grc' dir='ltr'><strong>καὶ</strong></span> <span class='ocrx_word' id='word_1_692' title='bbox 2453 4549 2568 4609; x_wconf 83' lang='grc' dir='ltr'><strong>τοῖς</strong></span> <span class='ocrx_word' id='word_1_693' title='bbox 2596 4545 2776 4610; x_wconf 81' lang='grc' dir='ltr'><strong>ἄλλοις</strong></span> <span class='ocrx_word' id='word_1_694' title='bbox 2807 4545 3042 4617; x_wconf 82' lang='grc' dir='ltr'><strong>ὀφθῆναι</strong></span> <span class='ocrx_word' id='word_1_695' title='bbox 3073 4550 3172 4619; x_wconf 86' lang='grc' dir='ltr'><strong>τὴν</strong></span> <span class='ocrx_word' id='word_1_696' title='bbox 3213 4552 3344 4622; x_wconf 72' lang='grc' dir='ltr'><strong>περὶ</strong></span> <span class='ocrx_word' id='word_1_697' title='bbox 3384 4553 3587 4607; x_wconf 83' lang='grc' dir='ltr'><strong>τούτων</strong></span> <span class='ocrx_word' id='word_1_698' title='bbox 3614 4555 3776 4606; x_wconf 82' lang='grc' dir='ltr'><strong>πίστιν</strong></span> 
     </span>
    </p>
   </div>
   <div class='ocr_carea' id='block_1_94' title="bbox 2208 4637 3774 4711">
    <p class='ocr_par' dir='ltr' id='par_1_94' title="bbox 2208 4637 3774 4711">
     <span class='ocr_line' id='line_1_94' title="bbox 2208 4637 3774 4711; baseline 0.004 -21"><span class='ocrx_word' id='word_1_699' title='bbox 2208 4637 2533 4690; x_wconf 82' lang='grc' dir='ltr'><strong>άδίστακτον</strong></span> <span class='ocrx_word' id='word_1_700' title='bbox 2566 4639 3004 4711; x_wconf 76' lang='grc' dir='ltr'><strong>παρεσχημένος.</strong></span> <span class='ocrx_word' id='word_1_701' title='bbox 3052 4641 3260 4697; x_wconf 80' lang='grc' dir='ltr'><strong>Οὐκοῦν</strong></span> <span class='ocrx_word' id='word_1_702' title='bbox 3292 4645 3416 4698; x_wconf 77' lang='grc' dir='ltr'><strong>οὐδὲ</strong></span> <span class='ocrx_word' id='word_1_703' title='bbox 3475 4645 3708 4707; x_wconf 83' lang='grc' dir='ltr'><strong>Ἰουδαῖος</strong></span> <span class='ocrx_word' id='word_1_704' title='bbox 3750 4647 3774 4696; x_wconf 82' lang='grc' dir='ltr'><strong>ό</strong></span> 
     </span>
    </p>
   </div>
   <div class='ocr_carea' id='block_1_95' title="bbox 2207 4728 3774 4808">
    <p class='ocr_par' dir='ltr' id='par_1_95' title="bbox 2207 4728 3774 4808">
     <span class='ocr_line' id='line_1_95' title="bbox 2207 4728 3774 4808; baseline 0.004 -26"><span class='ocrx_word' id='word_1_705' title='bbox 2207 4728 2646 4799; x_wconf 78' lang='grc' dir='ltr'><strong>ἀμφισϐητήσων</strong></span> <span class='ocrx_word' id='word_1_706' title='bbox 2704 4730 2812 4801; x_wconf 83' lang='grc' dir='ltr'><strong>εἴη,</strong></span> <span class='ocrx_word' id='word_1_707' title='bbox 2860 4731 3036 4804; x_wconf 86' lang='grc' dir='ltr'><strong>ἄνπερ</strong></span> <span class='ocrx_word' id='word_1_708' title='bbox 3095 4735 3353 4798; x_wconf 83' lang='grc' dir='ltr'><strong>Ἰουδαῖος</strong></span> <span class='ocrx_word' id='word_1_709' title='bbox 3376 4738 3496 4808; x_wconf 73' lang='grc' dir='ltr'><strong>εἴη’</strong></span> <span class='ocrx_word' id='word_1_710' title='bbox 3550 4736 3676 4790; x_wconf 83' lang='grc' dir='ltr'><strong>ἀλλά</strong></span> <span class='ocrx_word' id='word_1_711' title='bbox 3704 4752 3774 4797; x_wconf 84' lang='grc' dir='ltr'><strong>τις</strong></span> 
     </span>
    </p>
   </div>
   <div class='ocr_carea' id='block_1_96' title="bbox 2209 4821 3554 4900">
    <p class='ocr_par' dir='ltr' id='par_1_96' title="bbox 2209 4821 3554 4900">
     <span class='ocr_line' id='line_1_96' title="bbox 2209 4821 3554 4900; baseline 0.006 -24"><span class='ocrx_word' id='word_1_712' title='bbox 2209 4821 2317 4876; x_wconf 90' lang='grc' dir='ltr'><strong>τῶν</strong></span> <span class='ocrx_word' id='word_1_713' title='bbox 2345 4822 2587 4893; x_wconf 84' lang='grc' dir='ltr'><strong>Ἕλληνα</strong></span> <span class='ocrx_word' id='word_1_714' title='bbox 2621 4823 2744 4878; x_wconf 80' lang='grc' dir='ltr'><strong>νοῦν</strong></span> <span class='ocrx_word' id='word_1_715' title='bbox 2782 4826 2879 4878; x_wconf 76' lang='grc' dir='ltr'><strong>καὶ</strong></span> <span class='ocrx_word' id='word_1_716' title='bbox 2911 4827 3136 4896; x_wconf 78' lang='grc' dir='ltr'><strong>γνώμην</strong></span> <span class='ocrx_word' id='word_1_717' title='bbox 3171 4830 3554 4900; x_wconf 81' lang='grc' dir='ltr'><strong>κεκτημένων.</strong></span> 
     </span>
    </p>
   </div>
   <div class='ocr_carea' id='block_1_97' title="bbox 509 4907 3773 4988">
    <p class='ocr_par' dir='ltr' id='par_1_97' title="bbox 509 4907 3773 4988">
     <span class='ocr_line' id='line_1_97' title="bbox 509 4907 3773 4988; baseline 0.002 -26"><span class='ocrx_word' id='word_1_718' title='bbox 509 4911 756 4980; x_wconf 66' lang='lat' dir='ltr'><strong>praebere</strong></span> <span class='ocrx_word' id='word_1_719' title='bbox 800 4909 983 4964; x_wconf 86' lang='lat' dir='ltr'><strong>ﬁdem.</strong></span> <span class='ocrx_word' id='word_1_720' title='bbox 1041 4909 1308 4975; x_wconf 92' lang='lat' dir='ltr'><strong>Quocirca</strong></span> <span class='ocrx_word' id='word_1_721' title='bbox 1341 4923 1409 4962; x_wconf 92' lang='lat' dir='ltr'><strong>ne</strong></span> <span class='ocrx_word' id='word_1_722' title='bbox 1448 4907 1672 4963; x_wconf 76' lang='lat' dir='ltr'><strong>Judzeus</strong></span> <span class='ocrx_word' id='word_1_723' title='bbox 1704 4908 1923 4978; x_wconf 91' lang='lat' dir='ltr'><strong>quidem</strong></span> <span class='ocrx_word' id='word_1_724' title='bbox 1970 4909 2326 4976; x_wconf 89' lang='lat' dir='ltr'><strong>dubitaverit,</strong></span> <span class='ocrx_word' id='word_1_725' title='bbox 2371 4921 2432 4967; x_wconf 91' lang='lat' dir='ltr'><strong>ut</strong></span> <span class='ocrx_word' id='word_1_726' title='bbox 2472 4911 2696 4982; x_wconf 86' lang='lat' dir='ltr'><strong>quidem</strong></span> <span class='ocrx_word' id='word_1_727' title='bbox 2739 4911 2964 4970; x_wconf 61' lang='lat' dir='ltr'><strong>Iudaeus</strong></span> <span class='ocrx_word' id='word_1_728' title='bbox 2991 4914 3096 4978; x_wconf 90' lang='lat' dir='ltr'><strong>sit;</strong></span> <span class='ocrx_word' id='word_1_729' title='bbox 3165 4917 3259 4971; x_wconf 89' lang='lat' dir='ltr'><strong>sed</strong></span> <span class='ocrx_word' id='word_1_730' title='bbox 3323 4933 3513 4974; x_wconf 91' lang='lat' dir='ltr'><strong>eorum</strong></span> <span class='ocrx_word' id='word_1_731' title='bbox 3575 4915 3773 4988; x_wconf 81' lang='lat' dir='ltr'><strong>aliquis,</strong></span> 
     </span>
    </p>
   </div>
   <div class='ocr_carea' id='block_1_98' title="bbox 511 5001 2373 5072">
    <p class='ocr_par' dir='ltr' id='par_1_98' title="bbox 511 5001 2373 5072">
     <span class='ocr_line' id='line_1_98' title="bbox 511 5001 2373 5072; baseline 0.002 -16"><span class='ocrx_word' id='word_1_732' title='bbox 511 5002 604 5072; x_wconf 87' lang='lat' dir='ltr'><strong>qui</strong></span> <span class='ocrx_word' id='word_1_733' title='bbox 669 5003 915 5058; x_wconf 88' lang='lat' dir='ltr'><strong>animum</strong></span> <span class='ocrx_word' id='word_1_734' title='bbox 954 5017 1019 5058; x_wconf 90' lang='lat' dir='ltr'><strong>ac</strong></span> <span class='ocrx_word' id='word_1_735' title='bbox 1058 5012 1299 5057; x_wconf 89' lang='lat' dir='ltr'><strong>mentem</strong></span> <span class='ocrx_word' id='word_1_736' title='bbox 1347 5001 1552 5056; x_wconf 91' lang='lat' dir='ltr'><strong>habent</strong></span> <span class='ocrx_word' id='word_1_737' title='bbox 1591 5001 1860 5072; x_wconf 85' lang='lat' dir='ltr'><strong>gentilitio</strong></span> <span class='ocrx_word' id='word_1_738' title='bbox 1910 5017 2096 5058; x_wconf 90' lang='lat' dir='ltr'><strong>errore</strong></span> <span class='ocrx_word' id='word_1_739' title='bbox 2139 5011 2373 5060; x_wconf 77' lang='lat' dir='ltr'><strong>tantum.</strong></span> 
     </span>
    </p>
   </div>
   <div class='ocr_carea' id='block_1_99' title="bbox 583 5098 2107 5171">
    <p class='ocr_par' dir='ltr' id='par_1_99' title="bbox 583 5098 2107 5171">
     <span class='ocr_line' id='line_1_99' title="bbox 583 5098 2107 5171; baseline 0.001 -19"><span class='ocrx_word' id='word_1_740' title='bbox 583 5098 702 5155; x_wconf 88' lang='grc' dir='ltr'><strong>Νοιι</strong></span> <span class='ocrx_word' id='word_1_741' title='bbox 748 5100 928 5154; x_wconf 87' lang='lat' dir='ltr'><strong>credis</strong></span> <span class='ocrx_word' id='word_1_742' title='bbox 968 5115 1097 5171; x_wconf 90' lang='lat' dir='ltr'><strong>ergo</strong></span> <span class='ocrx_word' id='word_1_743' title='bbox 1123 5109 1204 5162; x_wconf 89' lang='lat' dir='ltr'><strong>tu,</strong></span> <span class='ocrx_word' id='word_1_744' title='bbox 1233 5099 1676 5168; x_wconf 87' lang='lat' dir='ltr'><strong>subsannasque,</strong></span> <span class='ocrx_word' id='word_1_745' title='bbox 1706 5106 1768 5152; x_wconf 93' lang='lat' dir='ltr'><strong>ut</strong></span> <span class='ocrx_word' id='word_1_746' title='bbox 1799 5099 1976 5170; x_wconf 89' lang='lat' dir='ltr'><strong>puella</strong></span> <span class='ocrx_word' id='word_1_747' title='bbox 2007 5099 2107 5154; x_wconf 89' lang='lat' dir='ltr'><strong>abs</strong></span> 
     </span>
    </p>
   </div>
   <div class='ocr_carea' id='block_1_100' title="bbox 513 5189 2108 5261">
    <p class='ocr_par' dir='ltr' id='par_1_100' title="bbox 513 5189 2108 5261">
     <span class='ocr_line' id='line_1_100' title="bbox 513 5189 2108 5261; baseline -0.003 -15"><span class='ocrx_word' id='word_1_748' title='bbox 513 5191 688 5246; x_wconf 90' lang='lat' dir='ltr'><strong>sterili</strong></span> <span class='ocrx_word' id='word_1_749' title='bbox 728 5190 1015 5261; x_wconf 88' lang='lat' dir='ltr'><strong>prodierit,</strong></span> <span class='ocrx_word' id='word_1_750' title='bbox 1062 5191 1154 5259; x_wconf 92' lang='lat' dir='ltr'><strong>qui</strong></span> <span class='ocrx_word' id='word_1_751' title='bbox 1195 5190 1448 5245; x_wconf 92' lang='lat' dir='ltr'><strong>homines</strong></span> <span class='ocrx_word' id='word_1_752' title='bbox 1473 5189 1765 5258; x_wconf 90' lang='lat' dir='ltr'><strong>putredine</strong></span> <span class='ocrx_word' id='word_1_753' title='bbox 1795 5199 1948 5244; x_wconf 91' lang='lat' dir='ltr'><strong>ortos</strong></span> <span class='ocrx_word' id='word_1_754' title='bbox 1974 5205 2108 5244; x_wconf 89' lang='lat' dir='ltr'><strong>con-</strong></span> 
     </span>
    </p>
   </div>
   <div class='ocr_carea' id='block_1_101' title="bbox 511 5281 2104 5354">
    <p class='ocr_par' dir='ltr' id='par_1_101' title="bbox 511 5281 2104 5354">
     <span class='ocr_line' id='line_1_101' title="bbox 511 5281 2104 5354; baseline -0.001 -17"><span class='ocrx_word' id='word_1_755' title='bbox 511 5282 714 5354; x_wconf 88' lang='lat' dir='ltr'><strong>ﬁngis?</strong></span> <span class='ocrx_word' id='word_1_756' title='bbox 752 5282 844 5352; x_wconf 93' lang='lat' dir='ltr'><strong>qui</strong></span> <span class='ocrx_word' id='word_1_757' title='bbox 885 5281 1140 5336; x_wconf 90' lang='lat' dir='ltr'><strong>draconis</strong></span> <span class='ocrx_word' id='word_1_758' title='bbox 1173 5282 1367 5336; x_wconf 84' lang='lat' dir='ltr'><strong>dentes</strong></span> <span class='ocrx_word' id='word_1_759' title='bbox 1406 5282 1706 5352; x_wconf 90' lang='lat' dir='ltr'><strong>majoribus</strong></span> <span class='ocrx_word' id='word_1_760' title='bbox 1741 5282 1852 5337; x_wconf 92' lang='lat' dir='ltr'><strong>tuis</strong></span> <span class='ocrx_word' id='word_1_761' title='bbox 1891 5283 2104 5348; x_wconf 90' lang='lat' dir='ltr'><strong>vulvas,</strong></span> 
     </span>
    </p>
   </div>
   <div class='ocr_carea' id='block_1_102' title="bbox 509 5372 2104 5443">
    <p class='ocr_par' dir='ltr' id='par_1_102' title="bbox 509 5372 2104 5443">
     <span class='ocr_line' id='line_1_102' title="bbox 509 5372 2104 5443; baseline -0.002 -15"><span class='ocrx_word' id='word_1_762' title='bbox 509 5375 713 5443; x_wconf 91' lang='lat' dir='ltr'><strong>quibus</strong></span> <span class='ocrx_word' id='word_1_763' title='bbox 754 5373 868 5429; x_wconf 87' lang='lat' dir='ltr'><strong>sint</strong></span> <span class='ocrx_word' id='word_1_764' title='bbox 911 5373 1178 5443; x_wconf 90' lang='lat' dir='ltr'><strong>suscepti,</strong></span> <span class='ocrx_word' id='word_1_765' title='bbox 1226 5373 1442 5428; x_wconf 82' lang='lat' dir='ltr'><strong>eﬁicis:</strong></span> <span class='ocrx_word' id='word_1_766' title='bbox 1490 5372 1737 5443; x_wconf 86' lang='lat' dir='ltr'><strong>adeoque</strong></span> <span class='ocrx_word' id='word_1_767' title='bbox 1766 5373 1974 5427; x_wconf 91' lang='lat' dir='ltr'><strong>utinam</strong></span> <span class='ocrx_word' id='word_1_768' title='bbox 2007 5372 2104 5427; x_wconf 91' lang='lat' dir='ltr'><strong>tibi</strong></span> 
     </span>
    </p>
   </div>
   <div class='ocr_carea' id='block_1_103' title="bbox 511 5465 2105 5537">
    <p class='ocr_par' dir='ltr' id='par_1_103' title="bbox 511 5465 2105 5537">
     <span class='ocr_line' id='line_1_103' title="bbox 511 5465 2105 5537; baseline -0.001 -16"><span class='ocrx_word' id='word_1_769' title='bbox 511 5466 631 5537; x_wconf 88' lang='lat' dir='ltr'><strong>ipse</strong></span> <span class='ocrx_word' id='word_1_770' title='bbox 666 5465 894 5530; x_wconf 89' lang='lat' dir='ltr'><strong>dicenti,</strong></span> <span class='ocrx_word' id='word_1_771' title='bbox 937 5479 1034 5520; x_wconf 91' lang='lat' dir='ltr'><strong>eos</strong></span> <span class='ocrx_word' id='word_1_772' title='bbox 1077 5466 1329 5535; x_wconf 88' lang='lat' dir='ltr'><strong>sepulcra</strong></span> <span class='ocrx_word' id='word_1_773' title='bbox 1375 5465 1735 5528; x_wconf 85' lang='lat' dir='ltr'><strong>ostendisses,</strong></span> <span class='ocrx_word' id='word_1_774' title='bbox 1771 5465 1868 5536; x_wconf 89' lang='lat' dir='ltr'><strong>qui</strong></span> <span class='ocrx_word' id='word_1_775' title='bbox 1896 5465 2105 5536; x_wconf 85' lang='lat' dir='ltr'><strong>lapides</strong></span> 
     </span>
    </p>
   </div>
   <div class='ocr_carea' id='block_1_104' title="bbox 509 5556 2104 5628">
    <p class='ocr_par' dir='ltr' id='par_1_104' title="bbox 509 5556 2104 5628">
     <span class='ocr_line' id='line_1_104' title="bbox 509 5556 2104 5628; baseline 0.001 -17"><span class='ocrx_word' id='word_1_776' title='bbox 509 5558 671 5628; x_wconf 90' lang='lat' dir='ltr'><strong>jubes</strong></span> <span class='ocrx_word' id='word_1_777' title='bbox 721 5571 1082 5613; x_wconf 88' lang='lat' dir='ltr'><strong>concrescere</strong></span> <span class='ocrx_word' id='word_1_778' title='bbox 1132 5557 1186 5611; x_wconf 92' lang='lat' dir='ltr'><strong>in</strong></span> <span class='ocrx_word' id='word_1_779' title='bbox 1228 5556 1502 5622; x_wconf 90' lang='lat' dir='ltr'><strong>homines,</strong></span> <span class='ocrx_word' id='word_1_780' title='bbox 1554 5565 1882 5628; x_wconf 90' lang='lat' dir='ltr'><strong>tuorumque</strong></span> <span class='ocrx_word' id='word_1_781' title='bbox 1928 5560 2104 5628; x_wconf 88' lang='lat' dir='ltr'><strong>majo-</strong></span> 
     </span>
    </p>
   </div>
   <div class='ocr_carea' id='block_1_105' title="bbox 513 5649 2104 5721">
    <p class='ocr_par' dir='ltr' id='par_1_105' title="bbox 513 5649 2104 5721">
     <span class='ocr_line' id='line_1_105' title="bbox 513 5649 2104 5721; baseline 0.001 -18"><span class='ocrx_word' id='word_1_782' title='bbox 513 5662 636 5704; x_wconf 86' lang='lat' dir='ltr'><strong>rum</strong></span> <span class='ocrx_word' id='word_1_783' title='bbox 685 5665 858 5721; x_wconf 87' lang='lat' dir='ltr'><strong>genus</strong></span> <span class='ocrx_word' id='word_1_784' title='bbox 905 5649 1068 5720; x_wconf 86' lang='lat' dir='ltr'><strong>digna</strong></span> <span class='ocrx_word' id='word_1_785' title='bbox 1117 5658 1171 5704; x_wconf 90' lang='lat' dir='ltr'><strong>te</strong></span> <span class='ocrx_word' id='word_1_786' title='bbox 1203 5649 1345 5704; x_wconf 90' lang='lat' dir='ltr'><strong>serie</strong></span> <span class='ocrx_word' id='word_1_787' title='bbox 1367 5664 1645 5715; x_wconf 88' lang='lat' dir='ltr'><strong>recenses,</strong></span> <span class='ocrx_word' id='word_1_788' title='bbox 1671 5650 1726 5704; x_wconf 89' lang='lat' dir='ltr'><strong>in</strong></span> <span class='ocrx_word' id='word_1_789' title='bbox 1749 5650 2104 5706; x_wconf 83' lang='lat' dir='ltr'><strong>formicarum</strong></span> 
     </span>
    </p>
   </div>
   <div class='ocr_carea' id='block_1_106' title="bbox 515 5739 2103 5812">
    <p class='ocr_par' dir='ltr' id='par_1_106' title="bbox 515 5739 2103 5812">
     <span class='ocr_line' id='line_1_106' title="bbox 515 5739 2103 5812; baseline 0.002 -18"><span class='ocrx_word' id='word_1_790' title='bbox 515 5742 838 5810; x_wconf 85' lang='lat' dir='ltr'><strong>sanguinem</strong></span> <span class='ocrx_word' id='word_1_791' title='bbox 878 5741 1147 5797; x_wconf 91' lang='lat' dir='ltr'><strong>referens.</strong></span> <span class='ocrx_word' id='word_1_792' title='bbox 1197 5739 1282 5795; x_wconf 88' lang='lat' dir='ltr'><strong>Tu</strong></span> <span class='ocrx_word' id='word_1_793' title='bbox 1331 5740 1448 5795; x_wconf 64' lang='lat' dir='ltr'><strong>hazc</strong></span> <span class='ocrx_word' id='word_1_794' title='bbox 1491 5740 1746 5811; x_wconf 89' lang='lat' dir='ltr'><strong>sapiens,</strong></span> <span class='ocrx_word' id='word_1_795' title='bbox 1789 5757 2103 5812; x_wconf 89' lang='lat' dir='ltr'><strong>quanquam</strong></span> 
     </span>
    </p>
   </div>
   <div class='ocr_carea' id='block_1_107' title="bbox 517 5833 2102 5904">
    <p class='ocr_par' dir='ltr' id='par_1_107' title="bbox 517 5833 2102 5904">
     <span class='ocr_line' id='line_1_107' title="bbox 517 5833 2102 5904; baseline 0.003 -19"><span class='ocrx_word' id='word_1_796' title='bbox 517 5840 646 5886; x_wconf 87' lang='lat' dir='ltr'><strong>sunt</strong></span> <span class='ocrx_word' id='word_1_797' title='bbox 686 5835 980 5889; x_wconf 81' lang='lat' dir='ltr'><strong>maximum</strong></span> <span class='ocrx_word' id='word_1_798' title='bbox 1006 5833 1258 5890; x_wconf 89' lang='lat' dir='ltr'><strong>delirium</strong></span> <span class='ocrx_word' id='word_1_799' title='bbox 1287 5849 1301 5900; x_wconf 91' lang='lat'><strong>;</strong></span> <span class='ocrx_word' id='word_1_800' title='bbox 1345 5847 1446 5889; x_wconf 82' lang='lat' dir='ltr'><strong>nec</strong></span> <span class='ocrx_word' id='word_1_801' title='bbox 1477 5849 1706 5904; x_wconf 90' lang='lat' dir='ltr'><strong>usquam</strong></span> <span class='ocrx_word' id='word_1_802' title='bbox 1732 5835 1959 5904; x_wconf 84' lang='lat' dir='ltr'><strong>aliquid,</strong></span> <span class='ocrx_word' id='word_1_803' title='bbox 1991 5851 2102 5890; x_wconf 89' lang='lat' dir='ltr'><strong>non</strong></span> 
     </span>
    </p>
   </div>
   <div class='ocr_carea' id='block_1_108' title="bbox 2288 5101 3771 5176">
    <p class='ocr_par' dir='ltr' id='par_1_108' title="bbox 2288 5101 3771 5176">
     <span class='ocr_line' id='line_1_108' title="bbox 2288 5101 3771 5176; baseline 0.002 -22"><span class='ocrx_word' id='word_1_804' title='bbox 2288 5102 2567 5165; x_wconf 77' lang='grc' dir='ltr'><strong>’Ᾱπιστετς</strong></span> <span class='ocrx_word' id='word_1_805' title='bbox 2609 5101 2666 5155; x_wconf 77' lang='grc' dir='ltr'><strong>δὲ</strong></span> <span class='ocrx_word' id='word_1_806' title='bbox 2711 5102 2819 5172; x_wconf 80' lang='grc' dir='ltr'><strong>ἄρα</strong></span> <span class='ocrx_word' id='word_1_807' title='bbox 2850 5105 2942 5168; x_wconf 77' lang='grc' dir='ltr'><strong>σὺ,</strong></span> <span class='ocrx_word' id='word_1_808' title='bbox 2995 5105 3088 5158; x_wconf 72' lang='grc' dir='ltr'><strong>καὶ</strong></span> <span class='ocrx_word' id='word_1_809' title='bbox 3143 5104 3428 5174; x_wconf 83' lang='grc' dir='ltr'><strong>φαυλίζεις</strong></span> <span class='ocrx_word' id='word_1_810' title='bbox 3468 5108 3532 5160; x_wconf 84' lang='grc' dir='ltr'><strong>ὲκ</strong></span> <span class='ocrx_word' id='word_1_811' title='bbox 3575 5105 3771 5176; x_wconf 83' lang='grc' dir='ltr'><strong>στείρας</strong></span> 
     </span>
    </p>
   </div>
   <div class='ocr_carea' id='block_1_109' title="bbox 2203 5192 3770 5267">
    <p class='ocr_par' dir='ltr' id='par_1_109' title="bbox 2203 5192 3770 5267">
     <span class='ocr_line' id='line_1_109' title="bbox 2203 5192 3770 5267; baseline 0.002 -23"><span class='ocrx_word' id='word_1_812' title='bbox 2203 5192 2374 5246; x_wconf 76' lang='grc' dir='ltr'><strong>παῖδα</strong></span> <span class='ocrx_word' id='word_1_813' title='bbox 2401 5192 2852 5263; x_wconf 82' lang='grc' dir='ltr'><strong>προεληλυθέναι,</strong></span> <span class='ocrx_word' id='word_1_814' title='bbox 2884 5197 2911 5249; x_wconf 86' lang='grc' dir='ltr'>ὁ</span> <span class='ocrx_word' id='word_1_815' title='bbox 2937 5196 3156 5267; x_wconf 79' lang='grc' dir='ltr'><strong>σήψεως</strong></span> <span class='ocrx_word' id='word_1_816' title='bbox 3185 5199 3352 5252; x_wconf 81' lang='grc' dir='ltr'><strong>τέκνα</strong></span> <span class='ocrx_word' id='word_1_817' title='bbox 3398 5199 3640 5252; x_wconf 87' lang='grc' dir='ltr'><strong>πλάττων</strong></span> <span class='ocrx_word' id='word_1_818' title='bbox 3661 5195 3770 5257; x_wconf 78' lang='grc' dir='ltr'><strong>τοὺς</strong></span> 
     </span>
    </p>
   </div>
   <div class='ocr_carea' id='block_1_110' title="bbox 2203 5282 3770 5358">
    <p class='ocr_par' dir='ltr' id='par_1_110' title="bbox 2203 5282 3770 5358">
     <span class='ocr_line' id='line_1_110' title="bbox 2203 5282 3770 5358; baseline 0.001 -23"><span class='ocrx_word' id='word_1_819' title='bbox 2203 5282 2300 5336; x_wconf 81' lang='grc' dir='ltr'><strong>ἀνθ</strong></span> <span class='ocrx_word' id='word_1_820' title='bbox 2312 5282 2557 5353; x_wconf 76' lang='grc' dir='ltr'><strong>ρώπουςς</strong></span> <span class='ocrx_word' id='word_1_821' title='bbox 2589 5286 2616 5336; x_wconf 91' lang='grc' dir='ltr'><strong>ό</strong></span> <span class='ocrx_word' id='word_1_822' title='bbox 2637 5283 3022 5354; x_wconf 76' lang='grc' dir='ltr'><strong>δρακοντείους</strong></span> <span class='ocrx_word' id='word_1_823' title='bbox 3052 5287 3271 5350; x_wconf 77' lang='grc' dir='ltr'><strong>ὀδόντας</strong></span> <span class='ocrx_word' id='word_1_824' title='bbox 3318 5289 3532 5358; x_wconf 80' lang='grc' dir='ltr'><strong>μήτρας</strong></span> <span class='ocrx_word' id='word_1_825' title='bbox 3565 5287 3770 5352; x_wconf 73' lang='grc' dir='ltr'><strong>αὐτουρο</strong></span> 
     </span>
    </p>
   </div>
   <div class='ocr_carea' id='block_1_111' title="bbox 2202 5375 3767 5449">
    <p class='ocr_par' dir='ltr' id='par_1_111' title="bbox 2202 5375 3767 5449">
     <span class='ocr_line' id='line_1_111' title="bbox 2202 5375 3767 5449; baseline -0.008 -9"><span class='ocrx_word' id='word_1_826' title='bbox 2202 5375 2383 5446; x_wconf 74' lang='grc' dir='ltr'><strong>γήσας</strong></span> <span class='ocrx_word' id='word_1_827' title='bbox 2414 5378 2526 5440; x_wconf 84' lang='grc' dir='ltr'><strong>τοῖς</strong></span> <span class='ocrx_word' id='word_1_828' title='bbox 2553 5379 2666 5439; x_wconf 84' lang='grc' dir='ltr'><strong>σοῖς</strong></span> <span class='ocrx_word' id='word_1_829' title='bbox 2697 5394 2762 5445; x_wconf 87' lang='grc' dir='ltr'><strong>γε</strong></span> <span class='ocrx_word' id='word_1_830' title='bbox 2790 5379 3109 5448; x_wconf 75' lang='grc' dir='ltr'><strong>προγόνοιςς</strong></span> <span class='ocrx_word' id='word_1_831' title='bbox 3137 5380 3213 5440; x_wconf 75' lang='grc' dir='ltr'><strong>ὡς</strong></span> <span class='ocrx_word' id='word_1_832' title='bbox 3253 5381 3363 5434; x_wconf 80' lang='grc' dir='ltr'><strong>εἴθε</strong></span> <span class='ocrx_word' id='word_1_833' title='bbox 3398 5381 3592 5449; x_wconf 77' lang='grc' dir='ltr'><strong>τάφους</strong></span> <span class='ocrx_word' id='word_1_834' title='bbox 3619 5377 3767 5431; x_wconf 80' lang='grc' dir='ltr'><strong>ταῦτα</strong></span> 
     </span>
    </p>
   </div>
   <div class='ocr_carea' id='block_1_112' title="bbox 2205 5467 3764 5542">
    <p class='ocr_par' dir='ltr' id='par_1_112' title="bbox 2205 5467 3764 5542">
     <span class='ocr_line' id='line_1_112' title="bbox 2205 5467 3764 5542; baseline -0.003 -20"><span class='ocrx_word' id='word_1_835' title='bbox 2205 5469 2421 5538; x_wconf 82' lang='grc' dir='ltr'><strong>λέγοντί</strong></span> <span class='ocrx_word' id='word_1_836' title='bbox 2448 5487 2530 5523; x_wconf 89' lang='grc' dir='ltr'><strong>σοι</strong></span> <span class='ocrx_word' id='word_1_837' title='bbox 2557 5470 2784 5535; x_wconf 83' lang='grc' dir='ltr'><strong>τούτους</strong></span> <span class='ocrx_word' id='word_1_838' title='bbox 2815 5472 3134 5538; x_wconf 83' lang='grc' dir='ltr'><strong>ἐδείκνυς,-ό</strong></span> <span class='ocrx_word' id='word_1_839' title='bbox 3153 5473 3335 5536; x_wconf 86' lang='grc' dir='ltr'><strong>λίθους</strong></span> <span class='ocrx_word' id='word_1_840' title='bbox 3352 5467 3764 5542; x_wconf 79' lang='grc' dir='ltr'><strong>άνθρωπέζεσοαι</strong></span> 
     </span>
    </p>
   </div>
   <div class='ocr_carea' id='block_1_113' title="bbox 2208 5559 3762 5636">
    <p class='ocr_par' dir='ltr' id='par_1_113' title="bbox 2208 5559 3762 5636">
     <span class='ocr_line' id='line_1_113' title="bbox 2208 5559 3762 5636; baseline 0.003 -21"><span class='ocrx_word' id='word_1_841' title='bbox 2208 5561 2587 5632; x_wconf 83' lang='grc' dir='ltr'><strong>προστάττων,</strong></span> <span class='ocrx_word' id='word_1_842' title='bbox 2651 5563 2748 5616; x_wconf 83' lang='grc' dir='ltr'><strong>καὶ</strong></span> <span class='ocrx_word' id='word_1_843' title='bbox 2796 5564 2907 5616; x_wconf 91' lang='grc' dir='ltr'><strong>τῶν</strong></span> <span class='ocrx_word' id='word_1_844' title='bbox 2965 5565 3073 5618; x_wconf 89' lang='grc' dir='ltr'><strong>σῶν</strong></span> <span class='ocrx_word' id='word_1_845' title='bbox 3125 5566 3487 5636; x_wconf 87' lang='grc' dir='ltr'><strong>προπατόρων</strong></span> <span class='ocrx_word' id='word_1_846' title='bbox 3527 5563 3584 5615; x_wconf 82' lang='grc' dir='ltr'><strong>τὸ</strong></span> <span class='ocrx_word' id='word_1_847' title='bbox 3629 5559 3762 5628; x_wconf 78' lang='grc' dir='ltr'><strong>γένος</strong></span> 
     </span>
    </p>
   </div>
   <div class='ocr_carea' id='block_1_114' title="bbox 2206 5654 3762 5727">
    <p class='ocr_par' dir='ltr' id='par_1_114' title="bbox 2206 5654 3762 5727">
     <span class='ocr_line' id='line_1_114' title="bbox 2206 5654 3762 5727; baseline -0.004 -19"><span class='ocrx_word' id='word_1_848' title='bbox 2206 5654 2376 5720; x_wconf 73' lang='grc' dir='ltr'><strong>ἀξίως</strong></span> <span class='ocrx_word' id='word_1_849' title='bbox 2409 5672 2471 5722; x_wconf 87' lang='grc' dir='ltr'><strong>γε</strong></span> <span class='ocrx_word' id='word_1_850' title='bbox 2503 5655 2703 5708; x_wconf 85' lang='grc' dir='ltr'><strong>σαυτοῦ</strong></span> <span class='ocrx_word' id='word_1_851' title='bbox 2738 5656 3100 5727; x_wconf 85' lang='grc' dir='ltr'><strong>γενεαλογῶν,</strong></span> <span class='ocrx_word' id='word_1_852' title='bbox 3136 5659 3217 5718; x_wconf 86' lang='grc' dir='ltr'><strong>είς</strong></span> <span class='ocrx_word' id='word_1_853' title='bbox 3263 5657 3322 5710; x_wconf 81' lang='grc' dir='ltr'><strong>τὸ</strong></span> <span class='ocrx_word' id='word_1_854' title='bbox 3348 5657 3453 5710; x_wconf 85' lang='grc' dir='ltr'><strong>τῶν</strong></span> <span class='ocrx_word' id='word_1_855' title='bbox 3486 5654 3762 5726; x_wconf 74' lang='grc' dir='ltr'><strong>μυρμῄκων</strong></span> 
     </span>
    </p>
   </div>
   <div class='ocr_carea' id='block_1_115' title="bbox 2209 5739 3762 5819">
    <p class='ocr_par' dir='ltr' id='par_1_115' title="bbox 2209 5739 3762 5819">
     <span class='ocr_line' id='line_1_115' title="bbox 2209 5739 3762 5819; baseline -0.003 -21"><span class='ocrx_word' id='word_1_856' title='bbox 2209 5745 2502 5815; x_wconf 82' lang='grc' dir='ltr'><strong>ἀναφέρων</strong></span> <span class='ocrx_word' id='word_1_857' title='bbox 2527 5741 2689 5814; x_wconf 78' lang='grc' dir='ltr'><strong>αἷμα.</strong></span> <span class='ocrx_word' id='word_1_858' title='bbox 2709 5748 2781 5800; x_wconf 79' lang='grc' dir='ltr'><strong>Σὺ</strong></span> <span class='ocrx_word' id='word_1_859' title='bbox 2803 5747 2976 5800; x_wconf 80' lang='grc' dir='ltr'><strong>ταῦτα</strong></span> <span class='ocrx_word' id='word_1_860' title='bbox 2998 5747 3233 5819; x_wconf 83' lang='grc' dir='ltr'><strong>φρονῶν,</strong></span> <span class='ocrx_word' id='word_1_861' title='bbox 3260 5747 3362 5801; x_wconf 70' lang='grc' dir='ltr'><strong>κᾶν</strong></span> <span class='ocrx_word' id='word_1_862' title='bbox 3386 5746 3585 5816; x_wconf 69' lang='grc' dir='ltr'><strong>μακρὸς</strong></span> <span class='ocrx_word' id='word_1_863' title='bbox 3609 5739 3762 5806; x_wconf 81' lang='grc' dir='ltr'><strong>ὑπάρ·</strong></span> 
     </span>
    </p>
   </div>
   <div class='ocr_carea' id='block_1_116' title="bbox 2209 5829 3756 5909">
    <p class='ocr_par' dir='ltr' id='par_1_116' title="bbox 2209 5829 3756 5909">
     <span class='ocr_line' id='line_1_116' title="bbox 2209 5829 3756 5909; baseline -0.003 -20"><span class='ocrx_word' id='word_1_864' title='bbox 2209 5853 2296 5907; x_wconf 90' lang='grc' dir='ltr'><strong>χει</strong></span> <span class='ocrx_word' id='word_1_865' title='bbox 2331 5836 2495 5907; x_wconf 86' lang='grc' dir='ltr'><strong>λῆρος</strong></span> <span class='ocrx_word' id='word_1_866' title='bbox 2521 5853 2533 5865; x_wconf 90' lang='grc'><strong>·</strong></span> <span class='ocrx_word' id='word_1_867' title='bbox 2561 5837 2655 5892; x_wconf 76' lang='grc' dir='ltr'><strong>καὶ</strong></span> <span class='ocrx_word' id='word_1_868' title='bbox 2705 5838 2940 5909; x_wconf 73' lang='grc' dir='ltr'><strong>οὐδαμῆ,</strong></span> <span class='ocrx_word' id='word_1_869' title='bbox 2983 5838 3171 5893; x_wconf 85' lang='grc' dir='ltr'><strong>οὐδέν·</strong></span> <span class='ocrx_word' id='word_1_870' title='bbox 3206 5841 3267 5893; x_wconf 86' lang='grc' dir='ltr'><strong>οὐ</strong></span> <span class='ocrx_word' id='word_1_871' title='bbox 3308 5837 3497 5909; x_wconf 84' lang='grc' dir='ltr'><strong>χάριν·</strong></span> <span class='ocrx_word' id='word_1_872' title='bbox 3526 5834 3584 5888; x_wconf 86' lang='grc' dir='ltr'><strong>οὐ</strong></span> <span class='ocrx_word' id='word_1_873' title='bbox 3631 5829 3756 5885; x_wconf 78' lang='grc' dir='ltr'><strong>νοῦν.</strong></span> 
     </span>
    </p>
   </div>
  </div>
