4032 6432
328 364 438 430 553

1119 363 1446 424 HOMILIA
1484 365 1534 425 Ι.
1584 390 1652 400 -
1685 365 1768 424 ΙΝ
1812 366 1914 425 SS.
1955 365 2225 427 MARle
2264 363 2803 425 NATIVITATEM.

3506 367 3610 429 5:31

329 477 395 527 οὐ
430 473 616 542 φύσιν,
639 472 741 526 οὐκ
780 472 1055 543 αἴσθησιν,
1087 474 1187 526 οὐκ
1216 474 1502 546 ἀλλοτρίαν
1532 474 1711 542 δόξαν,
1743 478 1805 527 οὐ
1823 476 1922 543 τὴν

2035 477 2278 546 gratiam,
2326 491 2436 528 non
2476 484 2737 535 mentem,
2774 490 2883 529 non
2916 484 3188 539 naturam,
3222 491 3329 530 non
3365 492 3612 534 sensum.

332 567 589 627 σεαυτοῦ.
616 568 719 620 οὐκ
746 566 874 619 ἄλλο
906 567 1058 620 οὐδὲν
1100 570 1401 639 συνήγορον
1446 569 1606 639 ἔχων,
1657 568 1796 640 πλὴν
1825 572 1923 639 τῆς

328 659 434 727 σῆς
461 658 851 728 ἀναισχυντίας
889 660 922 727 ἦ
972 660 1367 730 ἀναισθησίαςο
1420 662 1591 729 ὅμως,
1640 663 1924 732 περιέπεις

328 751 430 805 καὶ
460 734 786 822 πρεσϐεύεις
808 766 822 781 °
851 751 964 804 ἂδὲ
990 751 1085 804 καὶ
1125 752 1275 816 δόξαι
1314 752 1545 823 κυροῦσι
1594 754 1924 823 μαχόμεναι,

327 842 509 895 ταυτα
529 842 660 913 περὶ
687 840 892 895 τούτων
926 841 1150 912 ὑπὸτῆς
1185 842 1445 913 ἀληθείας
1485 843 1856 912 συνφθέγγεσθ
1871 864 1923 897 αι

330 931 692 1003 βιαζόμεναιο
731 932 827 985 καὶ
857 925 931 984 ὧν
959 930 1148 1002 πρώτη
1205 932 1417 1003 μάρτυς
1462 936 1497 1006 ή
1553 934 1787 1004 αὐτοψία
1831 936 1926 987 καὶ

330 1023 611 1095 αἴσθησις,
641 1024 737 1077 καὶ
764 1018 847 1087 οἷς
876 1022 1049 1076 πολλὰ
1072 1023 1180 1076 τῶν
1204 1026 1581 1097 ὁμοιοτρόπως
1627 1027 1795 1080 πάλαι
1832 1044 1926 1096 γε·

330 1116 593 1185 γδνότων,
622 1116 716 1169 καὶ¹
751 1116 921 1186 χωρὶς
961 1115 1070 1167 τῶν
1096 1117 1403 1188 εἰρημένων
1432 1119 1532 1191 τὴν
1564 1119 1748 1173 πίστιν
1782 1129 1925 1190 παρ-

329 1198 540 1279 έχεται·
597 1207 772 1260 ταῦτα
822 1207 1107 1277 χλευάζειν
1153 1210 1475 1281 ἐπιχειρεῖς,
1526 1213 1621 1265 καὶ
1649 1215 1705 1265 ἐν
1738 1213 1928 1283 φαύλῳ

328 1298 618 1363 τίθεσθαις
650 1299 744 1352 καὶ
764 1298 825 1351 οὐ
851 1300 1010 1352 τοῦτο
1039 1299 1206 1371 φαίην
1235 1301 1302 1354 ἂν
1325 1301 1522 1371 ἔγωγε,
1560 1304 1637 1368 ὠς
1664 1299 1745 1369 οἷς
1779 1306 1927 1359 ἐκεῖὸ

328 1406 417 1445 νοι
440 1390 509 1444 τὰ
540 1389 866 1446 ἀτοπώτατα
892 1392 1364 1462 πεπρεσϐεύκασι,
1394 1395 1608 1459 τούτοις
1636 1399 1786 1469 ἡμᾶς
1810 1398 1930 1467 δεή-

332 1498 421 1535 σει
479 1484 831 1551 σεμνολογεῖν
873 1482 943 1536 τὰ
1000 1485 1287 1556 ἡμέτεραο
1334 1483 1455 1540 οὐδὲ
1483 1487 1682 1541 πολλοῦ
1713 1482 1813 1553 δεῖ,
1866 1488 1928 1542 τὸ

332 1574 452 1642 φῶς
484 1573 564 1644 τῷ
589 1574 771 1627 σκότει
805 1574 1247 1644 λαμπρύνεσθαι,
1352 1577 1430 1649 τῷ
1455 1579 1649 1649 ψεύδει,
1671 1581 1927 1634 συνίστα-

332 1666 461 1720 σθαι
494 1667 594 1736 τὴν
625 1667 880 1736 ἀλήθειαν
902 1685 917 1698 ·
950 1668 1072 1738 ἢτῇ
1106 1671 1285 1742 πλάνῃ
1317 1671 1417 1743 τὴν
1451 1674 1634 1727 πίστιν
1680 1676 1931 1746 στηρίζε-

334 1754 493 1806 σθαι’
524 1753 642 1807 ἀλλ’
670 1756 745 1817 ῶς
774 1756 910 1818 ὅλως
944 1758 1046 1811 οὐκ
1081 1758 1211 1828 ἐξῆν
1248 1761 1486 1826 ἐκείνοις
1539 1764 1691 1817 κάτω
1725 1782 1927 1820 παντεά

2026 584 2134 621 non
2189 568 2423 621 alienam
2474 564 2822 635 opinionem,
2875 581 2988 619 non
3039 572 3187 619 tuam
3243 566 3446 637 ipsius,
3504 586 3613 623 neu

2026 660 2172 715 aliud
2214 660 2510 729 quidquam
2556 659 2766 713 habens
2792 660 2938 727 quod
2991 659 3341 731 sull‘ragetur,
3388 673 3617 731 excepta

2026 754 2292 809 duntaxat
2344 752 2681 823 impudentia
2729 762 2845 816 tua,
2881 753 2999 807 sive
3031 753 3487 819 insensibilitate;
3520 771 3614 808 ve-

2026 844 2238 899 neraris
2290 851 2497 906 tamen,
2541 857 2607 897 ac
2654 841 2853 897 honori
2902 841 3073 896 habes
3102 860 3116 895 :
3146 857 3208 896 ea
3249 857 3383 897 vero
3413 857 3535 911 quae
3563 852 3620 895 et

2026 945 2333 1009 pugnantes
2381 935 2710 990 confirmant
2753 934 3065 1005 Opiniones,
3117 950 3346 1007 cogente
3386 935 3619 991 veritate

2027 1038 2089 1083 ut
2145 1027 2214 1083 de
2264 1027 2347 1081 his
2394 1026 2583 1081 eadem
2639 1025 3046 1082 consentienter
3092 1028 3453 1096 pronuntient
3496 1045 3510 1082 :
3554 1045 3620 1081 ae

2026 1136 2258 1193 quorum
2289 1121 2498 1190 primus
2521 1121 2677 1175 testis
2706 1130 2791 1175 est
2816 1119 2935 1189 ipse
2964 1130 3238 1189 aspectus,
3272 1136 3576 1190 sensusque
3599 1164 3615 1185 ,

2026 1206 2225 1284 quibus
2271 1212 2541 1282 denique,
2588 1212 2745 1283 plura
2782 1212 2912 1266 olim
2958 1211 3122 1266 simili
3176 1212 3386 1267 ratione
3434 1212 3614 1273 facta.

2027 1305 2270 1375 exceptis
2297 1304 2461 1359 etiam
2491 1303 2578 1370 iis,
2609 1319 2731 1373 qua:
2759 1312 2889 1358 sunt
2908 1303 3078 1367 dicta,
3107 1302 3265 1357 fidem
3298 1304 3617 1363 conciliant,

2029 1398 2370 1452 subsannare
2410 1396 2723 1458 contendis,
2751 1410 2816 1451 ac
2850 1394 3294 1464 ﬂoceipendere?
3343 1395 3457 1451 Nec
3484 1412 3618 1452 sane

2029 1506 2128 1562 ego
2181 1490 2235 1544 id
2285 1489 2541 1555 dixerim,
2591 1499 2655 1543 ut
2694 1489 2898 1560 quibus
2942 1490 3014 1543 illi
3058 1505 3148 1544 res
3190 1490 3619 1546 absurdissimas

2030 1583 2396 1645 honorarunt,
2440 1582 2509 1637 iis
2556 1597 2657 1636 nos
2709 1590 2963 1652 oporteat
3001 1582 3299 1637 honestare
3353 1593 3611 1645 nestras;

2029 1685 2229 1742 neque,
2263 1672 2407 1742 quod
2442 1673 2603 1742 longe
2627 1672 2801 1737 abest,
2833 1673 3073 1728 tenebris
3096 1673 3281 1728 lumen
3306 1674 3614 1740 illustrare;

2030 1774 2125 1819 aut
2174 1767 2461 1821 veritatem
2502 1766 2791 1821 mendacio
2828 1773 3121 1820 astruere:
3158 1766 3243 1819 vel
3274 1765 3435 1821 fidem
3491 1766 3618 1820 inlis-

330 1846 443 1910 λῶς
472 1846 870 1917 κατενεχθεῖσι,
898 1850 993 1903 καὶ
1020 1850 1145 1904 ὅσον
1190 1852 1354 1921 ἡμεῖς
1383 1854 1497 1907 ἄνω
1524 1858 1623 1928 τῆς
1667 1857 1883 1923 φύσεως
1907 1900 1921 1926 ,

2035 1859 2271 1913 delitalis
2310 1870 2499 1914 errore
2543 1858 2868 1914 confirmare
2917 1876 2933 1926 ;
2982 1858 3076 1914 sed
3126 1859 3286 1930 plane
3327 1860 3482 1916 nefas
3525 1877 3619 1915 eos

330 1936 401 1989 τὰ
429 1935 529 2006 μὲν
558 1938 711 2007 παρὰ
740 1936 925 2005 φύσιν,
951 1938 1047 1992 καὶ
1072 1940 1109 1994 ἃ
1139 1942 1263 2010 μηδ’
1289 1944 1438 2007 ὅστις
1454 1941 1548 2000 οὖν
1571 1947 1773 2027 τρόπος
1798 1966 1929 2017 συγ-

332 2030 679 2100 κροτήσειεν,
712 2026 885 2081 ταῦτα
907 2031 1096 2101 τιμᾷν,
1119 2032 1213 2085 καὶ
1236 2033 1536 2105 θαυμάζειν
1554 2054 1570 2069 ο
1598 2026 1634 2091 ἆ
1665 2038 1722 2092 δὲ
1750 2039 1929 2110 πολλῷ

334 2123 579 2194 κρείσσω
601 2124 696 2178 καὶ
725 2125 887 2194 λόγου
930 2127 1026 2180 καὶ
1057 2126 1295 2197 φύσεως,
1342 2132 1437 2185 καὶ
1470 2133 1709 2197 ἀνέσεως
1738 2132 1801 2199 ι’,ο
1832 2133 1929 2185 καὶ

334 2216 505 2268 εἰσέτι
527 2214 826 2287 μαρτύρων
864 2217 1044 2287 τάφοι,
1090 2219 1237 2274 ἔστιν
1264 2213 1325 2275 οὗ
1356 2223 1458 2293 τῆς
1493 2225 1684 2295 χρείας
1729 2224 1928 2278 καλούι-

335 2324 457 2378 σης,
472 2310 566 2362 καὶ
587 2309 689 2379 τῆς
716 2311 980 2380 Προνοίας
1006 2313 1421 2385 οἰκονομούσης,
1435 2334 1663 2389 τερατου
1673 2319 1930 2389 ργοῦντες

332 2400 831 2471 ὲπιμαρτύρονται,
885 2402 1065 2458 ταῦτα
1117 2404 1176 2458 δὲ
1208 2406 1349 2478 λόγῳ
1380 2410 1475 2463 καὶ
1515 2410 1690 2482 πλάνῃ
1735 2413 1928 2482 πειρᾶ-

338 2491 465 2547 σθαι
495 2493 923 2565 παρασαλεύειν.

405 2768 553 2838 Ὅρα
604 2770 663 2824 δὲ
695 2771 937 2826 κάκεῖνο.
987 2774 1062 2826 Οὐ
1104 2774 1276 2837 πάθος
1332 2779 1529 2846 κρατεῖ
1578 2778 1832 2848 φύσεωςξ
1867 2783 1929 2834 οὐ

340 2858 523 2926 ψόσοςς
573 2860 636 2913 οὐ
684 2861 906 2933 γῆρας;
972 2864 1075 2916 οὐκ
1126 2864 1265 2935 αὑτὴ
1299 2864 1355 2918 δὲ
1384 2867 1576 2935 νεότης
1620 2869 1763 2923 οὕτω
1794 2870 1933 2940 ἡϐά-

341 2969 551 3006 σκουσα
581 2954 631 3006 εἰ
656 2954 752 3007 καί
784 2971 838 3008 τι
866 2956 1016 3021 ἄλλο,
1043 2957 1300 3011 άσθένεια
1331 2960 1659 3013 καθεστῶσα
1708 2962 1807 3032 τῆς
1845 2981 1933 3016 τεο

339 3043 631 3114 κνώσεως;
663 3047 759 3100 καὶ
802 3049 864 3102 τὸ
900 3049 1225 3119 παράδοξον,
1259 3050 1305 3103 εἰ
1332 3051 1407 3123 μὴ
1438 3052 1516 3122 τῷ
1565 3054 1784 3122 συνήθει
1831 3055 1931 3125 τὴν

2032 1968 2385 2024 praesumere,
2420 1951 2645 2005 omnino
2676 1965 2841 2006 sensu
2864 1952 2931 2005 ad
2956 1950 3062 2005 ima
3079 1951 3389 2022 depressos,
3414 1961 3618 2022 quanto

2031 2058 2133 2103 nos
2178 2054 2387 2101 naturae
2436 2046 2752 2116 superiores
2774 2058 2985 2110 sumus,
3021 2052 3079 2098 ut
3115 2059 3237 2114 qua:
3263 2054 3393 2099 sunt
3425 2054 3616 2100 contra

2030 2151 2307 2199 naturam,
2350 2152 2581 2209 qmeque
2623 2137 2757 2191 nulli
2813 2136 3292 2206 comprobaverint
3317 2152 3520 2202 mores,
3548 2153 3613 2193 ea

2030 2229 2104 2282 illi
2131 2227 2327 2283 hanori
2356 2227 2614 2291 habeant,
2648 2240 2712 2279 ac
2738 2223 3083 2279 admirentur
3108 2239 3122 2277 :
3149 2240 3274 2294 quae
3295 2234 3480 2280 autem
3502 2241 3616 2280 mas

2026 2320 2128 2390 jori
2156 2330 2209 2374 et
2249 2319 2498 2373 oratione
2523 2323 2577 2371 et
2604 2324 2819 2380 natura,
2854 2328 2919 2369 ac
2941 2314 3122 2381 laude,
3157 2316 3453 2385 praacOnio,
3482 2316 3616 2370 hac-

2033 2419 2193 2466 tenus
2233 2419 2451 2481 qudque
2498 2416 2793 2479 martyrum
2830 2407 3102 2477 sepulcra,
3151 2409 3481 2479 quandoque
3512 2424 3615 2464 usu

2034 2508 2285 2566 voeantc,
2325 2517 2389 2555 ac
2413 2501 2742 2570 disponente
2763 2499 3130 2569 providentia,
3166 2500 3428 2571 prodigiis
3453 2501 3617 2557 editis

2032 2596 2198 2656 clara,
2244 2600 2595 2657 attestantur,
2637 2607 2700 2646 ea
2746 2606 3000 2647 sermone
3039 2599 3207 2662 atque
3253 2602 3440 2648 errare
3482 2608 3617 2649 con-

2033 2687 2235 2742 vellere
2261 2688 2529 2741 nitantur.

2103 2775 2241 2830 lllud
2291 2788 2507 2844 quoque
2536 2772 2679 2827 vide.
2716 2770 2911 2827 Nonne
2942 2772 3163 2829 all‘ectlo
3201 2777 3425 2845 superat
3453 2784 3615 2831 natu-

2034 2868 2183 2923 ram?
2205 2883 2388 2923 nonne
2416 2864 2682 2922 morbus?
2702 2878 2887 2920 nonne
2916 2865 3175 2921 senium?
3202 2876 3388 2922 nonne
3416 2868 3618 2939 juven-

2032 2971 2124 3017 tus
2165 2962 2301 3032 ipsa,
2345 2960 2419 3014 ita
2476 2958 2669 3029 vigens
2710 2972 2775 3012 ac
2818 2958 2965 3012 aliud
3005 2958 3260 3029 quodvis,
3297 2961 3621 3031 generandae

2033 3056 2205 3127 prolis
2258 3052 2577 3122 impotentia
2622 3050 2934 3105 exsistens?
2985 3052 3245 3122 quddque
3294 3053 3617 3109 miraculum

338 3136 603 3208 ἔκπληξιν
639 3140 1012 3205 διεκλέπτετο,
1062 3144 1147 3197 ὅτι
1180 3145 1245 3198 δι’
1278 3138 1346 3217 ἧς
1382 3146 1602 3217 ἔρχεταί
1659 3162 1743 3211 τις
1789 3142 1928 3200 εἶναι

2037 3152 2286 3216 haberet,
2321 3150 2427 3204 nisi
2470 3151 2671 3204 sensim
2698 3147 3120 3207 consuetudine,
3145 3147 3527 3203 admirationis
3558 3165 3624 3203 ac

336 3229 549 3301 πατὴρ,
589 3233 725 3303 αὑτὴ
759 3233 899 3298 τέως
925 3235 1027 3290 οὐκ
1056 3237 1120 3309 ὲᾷ
1145 3237 1400 3306 γενέσθαι
1432 3239 1664 3309 πατέρα.
1698 3240 1763 3291 Τί
1793 3237 1885 3294 οὖν
1912 3257 1930 3308 ;

334 3323 407 3375 τὲ
428 3323 577 3394 πάθη
610 3326 737 3398 νικᾷ
763 3326 867 3398 τήν
900 3328 1082 3397 φύσιν,
1133 3332 1183 3383 εἰ
1231 3332 1305 3403 μή
1367 3349 1421 3386 τι
1468 3332 1596 3387 ἄλλο
1629 3334 1800 3398 πάθος
1834 3334 1932 3387 καὶ

337 3417 668 3489 περίττωμα
694 3421 900 3491 ταύτης
928 3422 987 3475 ὃν
1007 3439 1021 3453 ο
1052 3425 1086 3494 ή
1110 3424 1166 3477 δὲ
1190 3427 1351 3497 χάρις
1372 3427 1439 3497 ἢν
1468 3426 1701 3479 ἔπλασεν
1722 3427 1783 3480 οὐ
1815 3426 1933 3497 βελ-

336 3511 448 3562 τιοῖ
473 3509 676 3578 φύσιν;
706 3511 769 3565 τὸ
792 3514 973 3584 γῆρας
994 3515 1188 3586 ψύχον,
1221 3517 1323 3586 τῆς
1378 3519 1543 3588 γονῆς
1580 3518 1932 3590 άναξηραίνει

336 3604 443 3666 τὰς
466 3605 675 3674 πηγὰς,
733 3605 831 3659 καὶ
874 3605 903 3658 ὁ
938 3606 1184 3677 πλάστης
1224 3607 1447 3665 θάλπων
1483 3609 1585 3662 οὐκ
1632 3610 1844 3681 ἀρδεύει
1872 3612 1934 3663 τὸ

337 3695 690 3765 γεγηρακόςς
728 3699 915 3751 ἐκεῖνα
945 3698 1082 3768 πρὸς
1105 3698 1140 3752 δι
1166 3700 1333 3771 μήπω
1364 3700 1696 3771 κατηνέχθη,
1715 3694 1811 3754 καὶ
1837 3701 1931 3754 τοῦ

335 3789 538 3860 καιροῦ
574 3791 741 3861 μήπω
761 3791 1167 3860 παραστάντος,
1199 3793 1294 3847 καὶ
1316 3794 1577 3864 χειρόνων
1602 3793 1772 3848 ὄντων
1795 3796 1932 3866 πρὸς

333 3880 373 3936 ἃ.
417 3881 767 3947 καθέλκεται,
804 3882 962 3953 φέρει
986 3883 1136 3953 ὅμως
1169 3885 1463 3957 εὐμαρῶς·
1504 3890 1533 3941 ό
1562 3887 1618 3941 δὲ
1661 3887 1927 3960 πλάστης,

334 3980 398 4031 ὲν
438 3971 523 4036 οἷς
554 3976 615 4041 ἐξ
647 3978 825 4049 ἀρχῆς
845 3978 996 4048 ὅροις
1026 3976 1277 4049 ἔστησεν,
1315 3980 1415 4033 οὐκ
1453 3982 1719 4050 ἐπανάγει
1761 3982 1930 4035 θέλων

334 4068 590 4141 εὐχερῶς
613 4085 627 4134 ;
652 4068 900 4132 ἀπιστεῖς
921 4071 1036 4134 τοῖς
1068 4071 1381 4141 εἰρημένοις
1400 4090 1414 4138 ;
1436 4072 1615 4137 καλῶς
1644 4090 1706 4142 γε
1738 4076 1927 4128 ποιῶν

335 4162 401 4213 οὐ
435 4160 544 4229 γὰρ
568 4158 779 4229 ἔμοιγε,
810 4153 873 4214 οὗ
907 4159 1103 4212 πολλοῦ
1133 4159 1214 4213 δεῖ
1242 4162 1349 4214 τῶν
1390 4163 1604 4233 σεμνῶν
1639 4176 1733 4216 σου
1756 4165 1931 4220 ταῦτα

343 4250 761 4321 μεταπλάσεων,
794 4250 862 4315 ἃς
899 4251 1009 4321 ἐγώ
1048 4270 1131 4307 σοι
1170 4254 1580 4325 ἀριθμήσομαι·
1620 4256 1819 4326 μᾶλλον
1847 4258 1926 4323 δὲ,

341 4344 440 4397 σόν
465 4347 585 4398 ἐστι
609 4345 936 4414 καταλέγειν
960 4345 1154 4409 ταῦτα,
1182 4346 1248 4400 ἵν’
1273 4347 1403 4419 ἔχῃς
1436 4347 1597 4402 πλέον
1630 4350 1688 4401 ἐν
1706 4351 1817 4410 τοῖς
1847 4366 1930 4403 σοι

344 4432 806 4507 βιωφελεστάτοις
844 4439 1207 4508 ἁφηγήμασιν
1233 4442 1263 4510 ή
1274 4440 1390 4509 μῶν
1419 4441 1869 4511 κατεπαίρεσθαι.

2041 3241 2282 3311 stuporis
2334 3254 2557 3294 sensum
2589 3239 2851 3303 auferret,
2889 3252 2997 3307 qua
3027 3236 3150 3306 quis
3180 3236 3433 3305 provehit
3458 3243 3519 3291 ut
3550 3237 3624 3291 sit

2039 3342 2230 3402 pater,
2276 3332 2391 3401 ipsa
2433 3329 2698 3385 hactenus
2736 3338 2946 3399 patrem
2993 3327 3109 3383 fieri
3154 3327 3431 3397 prohibet.
3479 3328 3623 3392 Quid

2042 3422 2207 3493 ergo?
2251 3421 2575 3476 affectiones
2605 3422 2860 3475 naturam
2892 3417 3140 3479 vincunt.
3172 3417 3277 3472 nisi
3310 3417 3443 3488 quid
3472 3418 3625 3483 aliud

2040 3515 2200 3579 adsit,
2246 3513 2393 3584 quod
2440 3513 2562 3583 ejus
2592 3513 2663 3567 sit
2695 3511 2914 3567 affectio
2945 3526 3012 3565 ac
3039 3518 3487 3578 recrementum;
3518 3524 3624 3565 nec

2040 3608 2231 3679 gratia,
2259 3620 2422 3676 quam
2456 3604 2612 3658 finxit
2638 3618 2701 3658 ae
2729 3603 2992 3669 condidit,
3032 3611 3284 3657 naturam
3321 3603 3376 3657 in
3428 3605 3623 3659 melio-

2041 3717 2157 3756 rem
2209 3698 2467 3771 augebit?
2503 3698 2771 3751 Senectus
2798 3694 3121 3766 infrigidans
3152 3695 3415 3766 genitales
3439 3694 3624 3752 fontes

2040 3793 2314 3859 exsiccat;
2354 3805 2459 3847 nec
2496 3791 2673 3854 lictor,
2701 3789 3064 3857 conditorque
3095 3787 3311 3850 favens,
3353 3788 3618 3860 irriguum

2039 3886 2203 3942 faciet
2252 3884 2397 3955 quod
2443 3881 2774 3938 consenuit?
2812 3878 2905 3936 llla
2956 3880 3025 3935 ad
3076 3896 3196 3949 qua:
3232 3880 3352 3935 haec
3384 3881 3620 3935 necdum

2037 3977 2291 4032 devoluta
2321 3984 2423 4041 est,
2453 3991 2519 4031 ac
2544 3987 2670 4030 cum
2698 3974 2877 4027 adhuc
2900 3969 3011 4027 non
3040 3973 3181 4028 adsit
3206 3982 3443 4041 tempus,
3476 3988 3624 4027 cum-

2037 4085 2145 4140 que
2189 4085 2252 4123 ea
2290 4068 2359 4123 ad
2395 4083 2517 4137 qum
2562 4067 2893 4136 pertrahunt
2936 4064 3047 4119 sint
3097 4064 3366 4118 deteriora
3392 4098 3409 4128 ,
3460 4062 3624 4118 facile

2041 4172 2224 4218 tamen
2269 4160 2446 4215 ferent
2472 4177 2487 4227 ;
2521 4159 2675 4214 ﬁctor
2702 4158 2911 4219 autem,
2942 4172 3006 4210 ac
3035 4156 3309 4219 conditor,
3336 4154 3391 4208 in
3422 4157 3623 4225 quibus

2040 4257 2109 4312 ab
2154 4256 2311 4310 initio
2355 4253 2643 4310 constituit
2690 4251 2887 4310 modis.
2941 4260 3003 4304 ut
3049 4249 3180 4304 velit
3215 4264 3321 4303 non
3352 4249 3624 4304 reducet?

2038 4350 2159 4405 Non
2205 4348 2378 4403 habes
2413 4345 2579 4401 dictis
2630 4345 2834 4400 fidem?
2877 4343 3140 4413 prmelare
3169 4342 3388 4411 quidem
3418 4357 3584 4412 agens
3606 4385 3620 4397 .

2039 4451 2095 4496 at
2124 4456 2233 4495 non
2258 4440 2417 4499 mihi,
2451 4438 2539 4493 cui
2577 4438 2694 4492 hate
2723 4437 2881 4507 longe
2903 4437 3013 4489 sint
3036 4435 3285 4489 honestis
3307 4435 3414 4489 tuis
3438 4442 3623 4489 trans-

341 4530 791 4597 formationibns,
831 4546 968 4601 quas
1009 4532 1102 4587 tibi
1153 4548 1274 4586 sum
1332 4544 1797 4590 enumeraturus:
1865 4535 2113 4606 quinimo
2160 4544 2317 4589 tuum
2363 4532 2468 4586 erit
2506 4543 2855 4601 percensere,
2920 4541 3030 4597 quo
3096 4528 3287 4597 magis,
3326 4527 3621 4582 humanam

342 4628 513 4683 vitam
538 4628 863 4698 iuvantibus
893 4628 1305 4683 narrationibus
1344 4629 1473 4694 tuis,
1512 4629 1799 4686 adversum
1835 4648 1935 4689 nos
1974 4631 2190 4705 gloriari
2222 4628 2421 4700 possis.

418 4722 563 4790 Λέγε
583 4722 685 4786 τὰς
706 4721 766 4786 ἐξ
793 4720 1097 4792 ἀνθρώπων
1119 4722 1396 4793 αἰγείρους
1420 4740 1434 4753 ·
1457 4716 1534 4777 ὧν
1568 4725 1806 4796 ἀπορρεῖ
1824 4726 1928 4779 τῶν

2111 4725 2208 4779 Dic
2235 4724 2404 4777 factas
2431 4736 2497 4776 ex
2533 4718 2850 4774 hominibus
2879 4716 3131 4786 populos,
3166 4730 3197 4769 e
3229 4730 3464 4784 quarum
3485 4731 3622 4771 ocu-

344 4814 614 4886 ὀμμάτων
634 4816 668 4886 ἡ
691 4812 787 4867 τοῦ
829 4815 1000 4884 μύθου
1024 4815 1309 4886 ἤλεκτρος,
1344 4816 1437 4886 ἀφ’
1464 4811 1526 4870 οὗ
1577 4818 1641 4870 σὺ
1679 4817 1934 4881 πλουτεῖς

345 4906 448 4977 τὴν
478 4905 759 4977 εὐήθειαν.
813 4906 1064 4977 ’Δρίθμει
1111 4908 1210 4960 καὶ
1254 4908 1354 4971 τὰς
1406 4908 1633 4977 δάφνας.
1666 4910 1762 4963 καὶ
1805 4912 1933 4974 τοὺς

348 5001 599 5070 φοίνικας
618 5016 635 5033 ·
657 5000 758 5064 τὰς
789 5000 1047 5072 ἀηδόνας,
1075 5004 1169 5054 καί
1197 5002 1295 5065 τὰς
1322 5002 1597 5071 χελιδόνας
1617 5019 1631 5034 ·
1653 5006 1779 5068 τοὺς
1809 5004 1937 5075 ᾠδι-
2036 5000 2324 5071 pboeniccs
2366 5018 2379 5053 ε

346 5096 484 5157 κούς
517 5112 612 5147 σου
637 5094 892 5159 κύκνους,
920 5096 1013 5147 καὶ
1038 5095 1139 5158 τὰς
1168 5095 1455 5163 ἀλκύονας,
1501 5098 1596 5152 καὶ
1654 5099 1782 5161 τοὺς
1814 5098 1938 5167 φιλ-

347 5186 675 5257 ανθρώπους
704 5203 797 5238 σου
823 5185 1095 5254 δελφῖνας.
1136 5172 1338 5255 ”Υμνει
1370 5205 1463 5241 σου
1503 5189 1632 5251 τοὺς
1676 5185 1938 5257 ἀνδρογύ-

349 5295 479 5340 νους
526 5276 836 5347 Τειρεσίας,
892 5277 981 5331 ἵνα
1027 5276 1166 5331 θεῶν
1210 5276 1348 5348 ἔριν,
1381 5278 1538 5343 ἀξίαν
1571 5280 1666 5351 τῆς
1718 5278 1944 5331 ἐκείνων

351 5368 645 5436 ἀσελγείας
671 5367 966 5422 διαλύωσιν
987 5384 1001 5400 ·
1033 5368 1083 5421 οἱ
1116 5370 1280 5422 πλέον
1297 5370 1398 5441 τὴν
1426 5369 1622 5441 ἡδονὴν
1644 5373 1946 5440 ἐπιμετρη-

2032 4819 2099 4873 lis
2124 4817 2431 4872 fabulosum
2460 4811 2592 4867 illud
2623 4812 2889 4865 electrum
2923 4807 3133 4872 defluit,
3165 4822 3232 4862 ex
3265 4822 3375 4876 quo
3400 4818 3457 4862 tu
3489 4812 3627 4864 stul-

2036 4910 2169 4966 titia:
2212 4908 2429 4964 divitias
2458 4904 2689 4975 colligis.
2749 4902 3008 4971 Daplmas
3038 4914 3258 4968 quoque
3290 4914 3525 4955 numera
3562 4918 3627 4956 ac

2440 4997 2700 5050 lu9cinias
2740 5009 2804 5049 ac
2847 4991 3172 5045 hirundines
3204 5007 3218 5043 :
3269 5005 3505 5046 canoros
3533 5008 3628 5064 cye

2040 5109 2197 5156 cnos,
2228 5106 2291 5146 ac
2321 5091 2595 5161 alcyones,
2626 5085 3019 5153 hominumque
3042 5092 3291 5139 amantes
3312 5083 3625 5153 delphinos.
3681 5072 3693 5085 ’

2040 5184 2271 5239 Celebra
2301 5197 2365 5235 ac
2394 5178 2554 5234 lauda
2595 5187 2718 5231 tuos
2755 5175 2873 5229 illos
2902 5174 3140 5244 ambigui
3174 5189 3341 5229 sexus
3361 5173 3626 5232 Tiresias.

2041 5292 2150 5346 quo
2193 5274 2422 5328 deorum
2466 5270 2640 5333 litem,
2686 5283 2874 5321 eorum
2922 5266 3141 5336 dignam
3191 5265 3403 5319 luxuria
3432 5264 3626 5321 dissol-

2042 5378 2177 5423 vant
2222 5385 2236 5421 :
2280 5366 2370 5437 qui
2414 5364 2698 5427 nimirum,
2748 5360 2894 5429 quod
2933 5358 3255 5429 ampliorem
3288 5358 3625 5427 voluptatem

353 5463 583 5532 σάμενοι
619 5464 685 5531 τῇ
723 5460 850 5531 θεῷ,
881 5463 962 5526 εἰς
1001 5462 1170 5518 κακὸν
1204 5462 1304 5533 τῆς
1347 5462 1666 5535 παρρησίας
1690 5462 1928 5516 άπώναν-

2045 5462 2161 5517 deae
2188 5459 2530 5523 tribuissent,
2569 5458 2710 5509 mala
2740 5452 3011 5508 libertatis
3042 5451 3266 5522 praemia
3294 5448 3621 5505 retulerunt.

1640 5637 1874 5693 vanus
1928 5623 2333 5693 LECTIONES.

430 5817 463 5861 δ
503 5806 649 5892 [λεεθ
675 5809 957 5885 αἰνέσεως.

607 5917 880 5978 Parnm”
929 5919 1046 5977 Gn.
1092 5900 1213 5975 Cll.

3143 5902 3224 5970 18
