4032 6438
495 362 603 429 555

1654 349 1921 413 ΡΗΟΤΙΙ
1950 346 2462 410 ΡΑΤΒΙΑΒΟΗᾸΞ
2492 350 2603 412 CP.

3630 368 3728 437 556

495 481 586 537 Vis
630 476 850 535 abunde
890 473 949 530 in
998 468 1317 528 memoriam
1374 461 1637 521 reducam
1692 470 1880 516 tauros
1927 472 2061 513 mare

2179 473 2271 549 το.
2313 456 2502 512 Βούλει
2559 476 2644 513 σοι
2696 462 3144 535 προσαναμνήσω
3201 463 3333 530 τούς
3388 477 3732 549 ποντοπόρους

3707 523 3730 548 ἱ

488 574 845 645 trajicientes,
904 566 1129 624 misellze
1188 560 1384 633 puellae
1433 570 1622 613 amore
1687 555 2071 624 gubernante;

482 669 784 740 longasque
831 658 1240 734 profectiones;
1287 669 1352 709 ac
1394 652 1607 708 viarum
1648 647 1853 703 multos
1877 643 2076 698 circui-

484 734 611 827 tus,
647 734 938 825 morasque
986 766 1151 822 quam
1198 745 1387 819 procul
1424 739 1698 816 Olympo?
1740 737 1920 793 Taceo
1948 734 2072 791 alia.

483 1037 699 1103 radios,
744 1030 1012 1103 profunda
1059 1024 1358 1096 impietatis
1386 1018 1615 1091 caligine
1638 1015 1841 1088 probro
1871 1011 2073 1068 allicia-

484 1146 628 1189 mus.
678 1127 1026 1196 QuaprOpter
1068 1117 1267 1189 amplis
1295 1114 1403 1169 illis
1432 1112 1592 1184 nugis
1619 1126 1684 1165 ac
1713 1106 1914 1163 fabulis
1941 1119 2071 1176 pro-

483 1224 573 1281 cul
602 1222 786 1275 valere
814 1215 1002 1286 jussis,
1032 1222 1355 1277 eorumque,
1380 1204 1474 1274 qui
1498 1217 1560 1257 ea
1581 1199 1925 1255 admirantur
1944 1209 2069 1251 cum

483 1312 778 1369 amentiam
822 1306 1189 1364 miserantes,
1242 1307 1357 1352 tum
1406 1293 1533 1350 odio
1582 1292 1848 1346 habentes
1877 1301 2071 1357 super-

483 1408 653 1471 biam,
682 1404 749 1459 ad
784 1401 1020 1471 priorem
1051 1391 1316 1449 orationis
1341 1401 1565 1443 cursum
1598 1382 1923 1453 dirigamur.

560 1469 703 1552 Olim
734 1469 915 1563 itaque
945 1490 1183 1544 humano
1206 1497 1428 1554 genere,
1462 1485 1833 1549 peccatorum,
1863 1469 2068 1541 quibus

486 1606 546 1648 se
573 1589 737 1660 primi
773 1561 1030 1656 parentes
1057 1574 1502 1634 obstrinxissent,
1539 1567 1785 1628 victoria,
1815 1561 2066 1619 servituti

483 1686 722 1746 addicto,
740 1677 922 1749 neptis
961 1674 1142 1746 proles
1166 1682 1358 1725 eorum
1403 1665 1647 1720 futurum
1663 1660 2065 1716 destructorem

486 1780 812 1837 subtonans,
865 1786 930 1826 ac
974 1768 1207 1823 obscuro
1260 1760 1413 1816 velut
1479 1756 1734 1827 clangore
1788 1750 2061 1815 indicans,

484 1874 605 1928 fore
638 1877 699 1923 nt
721 1865 855 1921 illud
891 1864 1199 1930 emergeret
1226 1870 1256 1909 a
1297 1849 1609 1924 tyrannide,
1637 1862 1702 1902 ac
1741 1861 1771 1899 a
1799 1844 2065 1899 servitute

482 1968 830 2024 liberaretur,
882 1958 1030 2012 claro
1070 1951 1227 2021 signo
1286 1943 1655 2000 monstrabat.
1718 1937 2066 2008 Quapropter

481 2056 648 2110 etiam
678 2050 847 2104 Adam
882 2059 990 2099 una
1023 2055 1151 2097 eum
1177 2038 1308 2102 Eva,
1340 2035 1594 2102 antiquas
1632 2029 1751 2085 illas
1801 2026 2061 2099 praevari-

480 2145 715 2203 cationis
777 2142 1146 2209 depurgantes
1200 2131 1413 2193 sordes,
1461 2127 1786 2194 tristemque
1840 2136 1874 2176 a
1924 2134 2061 2175 mae-

480 2238 628 2294 stitia
668 2232 880 2289 vultum
903 2228 1267 2298 deponentes,
1325 2219 1497 2274 libera
1556 2225 1673 2270 tum
1726 2226 1882 2274 voce,
1946 2218 2064 2265 tum

477 2328 642 2392 facie,
675 2324 818 2381 ketis
856 2318 1074 2377 choreis
1115 2312 1443 2385 virginalem
1467 2314 1739 2365 coronant
1793 2303 2063 2360 festivita-

478 2431 621 2478 tem:
650 2418 784 2489 quin
805 2415 925 2485 ejus
951 2406 1420 2482 potiusexsistunt
1447 2399 1723 2471 auspices.
1753 2395 1890 2452 Cum
1913 2394 2063 2449 enim

485 2486 702 2585 peccati
729 2516 925 2563 'senem
950 2502 1049 2558 toti
1076 2500 1337 2556 adnatuiu
1369 2492 1580 2566 generi,
1623 2488 1757 2544 illud
1790 2486 2061 2551 vitiasset,

479 2619 547 2659 eo
574 2599 841 2656 radicitus
871 2594 1197 2662 exstirpato,
1244 2586 1443 2643 merito
1473 2582 1657 2654 potius
1703 2578 1960 2652 gaudium
1997 2591 2062 2630 ac

479 2698 680 2752 choros
708 2690 1085 2760 auspicantur,
1116 2688 1536 2747 accersantque,
1580 2689 1645 2728 ac
1693 2670 1874 2728 socios
1923 2684 2061 2725 con-

476 2794 697 2849 vocent,
744 2782 1032 2837 universos
1057 2775 1127 2833 ab
1159 2774 1238 2829 eis
1269 2778 1610 2842 procreatos.
1644 2765 1723 2820 Ex
1760 2779 1871 2835 quo
1897 2778 2060 2818 nam-

477 2895 586 2952 que
613 2873 980 2950 prelapsionis
1010 2868 1324 2932 inﬁrmitas,
1355 2863 1424 2919 ab
1457 2861 1547 2925 iis,
1578 2859 1670 2929 qui
1697 2857 1862 2929 primi
1914 2872 2059 2927 pra:-

474 2948 707 3028 varicati
734 2973 922 3023 essent
949 2964 1003 3019 in
1048 2973 1242 3017 omnes
1270 2955 1546 3014 transfusa
1589 2951 1899 3031 diduxerat,
1931 2948 2061 3004 uni-

475 3064 733 3134 versique
779 3057 1009 3115 similem
1061 3053 1403 3110 curationem
1453 3032 1823 3101 necessariam
1874 3042 2048 3097 liabe-

475 3164 647 3229 bant;
670 3174 734 3214 ac
771 3154 961 3212 mundi
997 3151 1164 3207 totius
1180 3146 1393 3208 salutis,
1422 3142 1587 3198 bodie
1629 3138 1870 3209 Virginis
1896 3145 2058 3207 partu
2089 3172 2133 3230 ο

477 3262 762 3329 ponuntur
792 3249 1169 3305 fundamenta,
1197 3254 1382 3311 operae
1402 3236 1641 3308 pretium
1676 3240 1791 3287 erat
1817 3241 1876 3285 ut
1904 3246 2057 3286 com-

478 3348 685 3414 munis,
719 3359 784 3400 ac
814 3340 1032 3415 generis
1063 3337 1233 3393 totius
1262 3330 1695 3389 constitueretur
1733 3324 2059 3389 celebritas;

477 3448 650 3510 utque
683 3434 873 3508 populi
909 3430 1100 3491 totius,
1130 3442 1197 3482 ac
1239 3417 1536 3480 mundanis
1564 3419 1796 3487 majora,
1856 3415 2061 3487 gratia-

475 3547 601 3588 rum
633 3526 864 3584 actionis
933 3525 1313 3581 monumento,
1370 3512 1589 3569 cantica
1660 3514 2057 3580 pangerentur.

477 3622 665 3679 Mundi
698 3618 847 3675 enim
873 3615 1042 3671 totius
1071 3611 1242 3674 salus,
1275 3602 1572 3677 mundanis
1604 3600 1845 3670 majores
1870 3595 2059 3667 exigit,

475 3735 541 3776 ac
569 3716 820 3773 vendicat
843 3711 1143 3785 gratiarum
1179 3704 1445 3761 actiones.

543 3811 852 3869 Gratiarum
876 3803 1107 3861 actionis
1170 3799 1383 3856 cantica
1432 3794 1861 3860 submittamus;
1911 3788 2060 3861 quod

472 3905 647 3963 Adam
681 3901 1029 3963 reformetur,
1063 3911 1125 3951 ac
1151 3895 1485 3949 instauretur
1510 3887 1657 3953 Eva;
1681 3886 1924 3956 diraeque
1943 3883 2060 3939 dis-

473 3996 778 4053 solvantur.
819 4005 884 4045 ac
913 3990 1215 4043 humanum
1279 3995 1476 4053 genus,
1517 3986 1792 4034 mortuam
1844 3972 2060 4046 peccati

473 4104 541 4145 ac
575 4086 860 4158 pelliceam
918 4093 1125 4136 exuens
1178 4088 1490 4148 personam,
1548 4071 1606 4125 in
1647 4068 1941 4141 pristinam
1991 4080 2059 4121 ac

472 4170 754 4249 antiquam
783 4172 1080 4231 Dominicve
1113 4166 1369 4240 imaginis
1418 4170 1760 4220 restauretur
1803 4159 2058 4232 dignita-

472 4279 607 4327 tem.
637 4267 949 4326 Gratiarum
990 4261 1224 4318 actionis
1281 4257 1671 4315 submittamus
1700 4252 1934 4316 cantica,
1988 4264 2056 4304 ac

470 4362 661 4437 populi
701 4358 945 4416 universi
975 4355 1176 4411 choros
1202 4351 1627 4411 constituamus,
1664 4346 1811 4416 quod
1867 4345 2053 4415 Virgo,

469 4434 555 4514 ab
576 4451 874 4511 infecundo
894 4450 1017 4505 sinu
1044 4445 1322 4518 prodiens,
1385 4452 1596 4496 natura:
1625 4438 1848 4493 vulvam
1920 4434 2056 4490 infe-

2176 548 2434 620 ταύρους,
2468 550 2639 622 κόρης
2666 551 2969 623 δυστυχοῦς
2996 555 3409 626 οίακιζομένους
3433 561 3587 633 ἔρωτι
3608 548 3628 601 έ
3652 581 3737 630 καὶ,

2176 640 2276 703 τὰς
2305 641 2531 713 μακρὰς
2565 643 2881 716 ἀποδημίας
2906 660 2920 675 σ
2950 647 3046 700 καὶ
3070 647 3170 710 τὰς
3215 650 3414 715 πολλὰς
3443 660 3733 727 περιόδους.

2175 732 2392 796 καὶτὰς
2419 704 2764 805 πορρωτάτω
2790 704 2888 789 τού
2930 704 3206 808 Ὀλύμπου
3250 704 3737 823 διατριδαέξησίγιῶ

2173 824 2222 879 τ’
2251 824 2387 880 ἄλλα
2406 840 2422 856 ⁸
2451 826 2575 880 οὐδὲ
2598 826 2709 900 γὰρ
2736 829 2858 884 οὐδὲ
2881 834 3134 902 προσεῖχε
3167 832 3325 905 μύρῳ
3357 837 3584 906 πίστεως
3610 847 3736 902 πλά-

2174 934 2274 1024 vi};
2293 919 2802 1024 ⁸συναναῖιριὶνιῗσθααι
2830 922 3088 1024 θόρξορον
3107 940 3123 956 ο
3154 925 3187 997 ἢ
3212 924 3311 990 τὰς
3330 928 3426 999 τῆς
3478 932 3739 1005 εὐσεϐείας

2173 1007 2368 1076 αὐγὰς,
2404 1007 2483 1080 τῷ
2508 1007 2667 1079 βαθεῖ
2697 1011 2797 1081 τῆς
2824 1012 3084 1078 ἀσεϐείας
3121 1014 3272 1085 ζόφῳ
3314 1020 3737 1093 καθυϐρίζεσθαι.

2172 1099 2265 1153 Διὸ
2283 1102 2397 1165 τοῖς
2432 1106 2666 1174 μακροῖς
2696 1102 2881 1169 ὖθλοις
2912 1107 3008 1160 καὶ
3062 1107 3256 1179 μύθοις
3316 1113 3502 1185 μακρὰ
3543 1117 3738 1190 χαίρειν

2170 1191 2439 1261 εἰπόντες,
2463 1194 2561 1249 καὶ
2586 1196 2713 1260 τοὺς
2739 1198 3115 1269 ἐπτοημένους
3145 1201 3276 1272 περὶ
3308 1203 3481 1258 ταῦτα
3511 1208 3606 1278 τῆς
3646 1230 3740 1266 πα.

2173 1287 2398 1359 ρανοίας
2446 1288 2747 1354 ἐλεοῦντες,
2796 1293 2894 1345 καὶ
2945 1291 3234 1362 μισοῦντες
3276 1286 3380 1365 τῆς
3418 1296 3737 1369 ἀλαζονείας,

2168 1357 2266 1434 ἐπὶ
2292 1380 2385 1434 τὸν
2410 1379 2650 1452 ὲξαρχῆς
2677 1381 2773 1434 τοῦ
2802 1357 2965 1451 λόγου
2991 1385 3193 1455 δρόμον
3224 1357 3407 1460 καὶ-δὴ
3429 1357 3738 1463 ίθυνώμεθαί

2242 1470 2417 1525 Πάλαι
2475 1472 2768 1543 τοιγαροῦν
2806 1473 2908 1544 τῆς
2966 1476 3321 1550 ἀνθρωπίνης
3374 1481 3586 1549 φύσεως
3641 1486 3739 1539 τῶν

2169 1565 2513 1634 προγονικῶν
2544 1566 2963 1637 ἁμαρτημάτων
2993 1568 3071 1639 τῷ
3106 1572 3299 1642 κράτει
3328 1573 3738 1647 δεδουλωμένης,

2167 1656 2195 1708 ὁ
2226 1658 2326 1727 τῆς
2350 1658 2620 1727 ἀπογόνου
2646 1660 2803 1724 τόκος
2835 1661 2930 1715 τὸν
2974 1662 3313 1735 καθαιρέτην
3362 1667 3566 1722 τούτων
3612 1671 3738 1726 ὑπο.

2169 1749 2471 1816 σαλπίζων,
2499 1752 2817 1823 ἀνενεγκεῖν
2844 1755 2946 1827 τῆς
2965 1758 3284 1827 τυραννίδος
3314 1762 3409 1813 καὶ
3436 1762 3739 1827 ἀπαλλαγῆ-

2172 1857 2260 1893 ναι
2291 1844 2391 1911 τῆς
2427 1808 2685 1907 δουλείας,
2702 1843 2768 1898 λα
2776 1808 2943 1917 μπρέ
2964 1808 3281 1920 παρείχετο.

2171 1933 2263 1986 Διὸ
2300 1934 2397 1986 καὶ
2428 1933 2599 2005 Ἀδὰμ
2639 1936 2738 1990 σὺν
2778 1940 2846 2009 τῇ
2877 1936 2994 2010 Εὕα
3038 1941 3167 2004 τοὺς
3210 1942 3478 2008 παλαιοὺς
3518 1948 3742 2011 ἐκείνους

2169 2026 2271 2127 της
2297 2025 2668 2127 παραδόισεως
2696 2028 3190 2102 ἀποκαθηράμενοι
3224 2033 3561 2106 μολυσμούς,
3586 2040 3671 2091 καὶ
3688 2042 3743 2092 τὸ

2168 2118 2269 2186 τῆς
2288 2118 2595 2187 κατηφείας
2642 2119 3164 2191 ἀποσκευασάμενοι
3207 2125 3552 2197 σκυθρωπὸν,
3606 2129 3742 2183 ἐλευο

2171 2208 2307 2313 θέρᾳ
2339 2210 2435 2263 καὶ
2458 2213 2613 2313 φωνῇ
2642 2212 2738 2266 καὶ
2770 2212 2916 2283 ὄψει,
2972 2214 3074 2287 τὴν
3128 2218 3471 2289 παρθενικὴν
3496 2237 3743 2291 χοροσταο

2168 2305 2322 2357 τοῦσι
2362 2305 2674 2377 πανήγυριν
2722 2307 3044 2378 χαίροντες·
3081 2309 3287 2379 μᾶλλον
3331 2311 3425 2374 δὲ,
3476 2317 3742 2384 κορυφαῖοι

2167 2394 2374 2466 ταύτης
2425 2394 2850 2467 καθεστηκότες.
2885 2398 2968 2451 Δι’
2992 2391 3069 2454 ὧν
3113 2402 3224 2472 γὰρ
3264 2403 3298 2472 ή
3350 2402 3451 2472 τῆς
3482 2402 3744 2474 ἁμαρτίας

2170 2486 2350 2559 σπορὰ
2377 2485 2485 2557 ὅλῳ
2507 2492 2862 2558 παραφυεῑσα
2910 2488 2989 2561 τῷ
3019 2491 3190 2558 γένει,
3221 2492 3319 2545 καὶ
3370 2492 3530 2548 τοῦτο
3574 2496 3744 2549 νοθεύι

2169 2598 2345 2637 σασα·
2365 2575 2511 2636 οὗτοι
2535 2583 2734 2654 μᾶλλον
2761 2583 2969 2653 ταύτης
3007 2585 3512 2657 ἀπορῤιζουμένης,
3555 2589 3743 2661 κατάρ-

2166 2690 2285 2745 χειν
2316 2673 2418 2745 τῆς
2444 2673 2642 2744 χαρᾶς,
2675 2672 2773 2727 καὶ
2804 2674 2907 2745 τῆς
2939 2672 3324 2747 χοροστασίας,
3373 2678 3470 2731 καὶ
3501 2680 3742 2751 μετέρχε-

2168 2765 2315 2832 σθαι,
2346 2765 2443 2820 καὶ
2471 2765 2768 2835 συγκαλεῖν
2789 2767 2919 2832 τοὺς
2967 2752 3028 2833 ἐξ
3054 2768 3232 2823 αὐτῶν
3262 2772 3595 2841 πεφυκότας,
3618 2790 3742 2843 τυγ·

2170 2858 2395 2931 χάνουσι
2420 2858 2643 2914 δίκαιοι.
2693 2860 2803 2913 Καὶ
2836 2859 2947 2933 γὰρ
2986 2861 3077 2916 διὰ
3121 2862 3344 2917 πάντων
3377 2865 3478 2936 μὲν
3514 2866 3618 2919 ἀπὸ
3640 2865 3741 2920 τῶν

2164 2950 2399 3022 πρώτως
2427 2951 2924 3024 παραδεῆηκότων,
2954 2953 3051 3008 τοῦ
3071 2955 3172 3026 τῆς
3193 2957 3611 3028 napum-(beam;
3645 2960 3738 3030 ὰρ-

2169 3045 2530 3117 ρωστήματος
2582 3044 3024 3117 μεταρρυέντος·
3073 3049 3299 3101 πάντων
3350 3049 3409 3102 δὲ
3434 3052 3536 3121 τῆς
3562 3050 3740 3120 ὁμοίας

2166 3139 2464 3211 θεραπείας
2492 3138 2890 3211 ἐπιδεομένωνο
2933 3140 3033 3211 τῆς
3072 3140 3130 3194 δὲ
3170 3142 3524 3213 παγκοσμίου
3572 3159 3740 3213 σωτη-

2167 3233 2290 3303 ρίας
2320 3232 2563 3304 σήμερον
2587 3231 2665 3301 τῷ
2691 3232 2791 3303 τῆς
2821 3232 3103 3304 Παρθένου
3129 3228 3279 3304 τόκῳ
3295 3234 3737 3306 θεμελιουμένης,

2163 3324 2350 3395 κοινὴν
2393 3325 2493 3395 μὲν
2520 3323 2617 3377 καὶ
2646 3325 2895 3396 παγγενῆ
2928 3328 3176 3395 προσῆκε
3232 3327 3612 3399 συστήσασθαι
3645 3328 3739 3396 τὴν

2163 3416 2506 3488 πανήγυρινο
2555 3415 2874 3486 δημοτελεῖς
2928 3416 2986 3470 δὲ
3024 3419 3122 3471 καὶ
3185 3419 3602 3490 ὐπερκοσμίους
3648 3418 3739 3483 τὰς

2161 3511 2623 3584 εὐχαριστηρίους
2668 3511 2814 3583 ᾠδὰς
2843 3513 3323 3585 ἁνακρούσασθαι·
3383 3515 3739 3585 ὑπερχόσμιον

2161 3604 2269 3675 γὰρ
2297 3604 2522 3658 ἀπαιτεῖ
2539 3602 2638 3675 τὴν
2658 3604 3039 3676 εὐχαριστίαν,
3074 3606 3137 3659 τὸ
3160 3606 3261 3678 τῆς
3289 3607 3575 3677 σωτηρίας
3607 3623 3740 3675 παγ-

2162 3696 2410 3767 κόσμιον.

2244 3788 2685 3860 ’Δναπέμψωμεν
2742 3789 3198 3862 εὐχαριστηρίους
3246 3789 3418 3861 ᾠδὰς,
3453 3791 3537 3846 ὄτι
3577 3792 3740 3862 ’Δδὰμ

2160 3882 2585 3949 ἀναπλάττεται,
2617 3885 2710 3938 καὶ⁵
2732 3884 2767 3955 ἡ
2794 3881 2909 3936 Εὕα
2928 3882 3345 3948 ἀνακαινίζεται
3363 3923 3379 3948 ,
3421 3885 3518 3938 καὶ
3549 3887 3581 3956 ὴ
3635 3884 3739 3954 ἀρα

2157 3975 2466 4030 διαλύεται·
2501 3976 2597 4031 καὶ
2619 3978 2653 4048 ἡ
2685 3974 2847 4047 φύσις
2877 3976 3038 4048 ἡμῶν
3080 3976 3142 4030 τὸ
3194 3978 3396 4047 νεκρὸν
3434 3978 3534 4049 τῆς
3564 3979 3737 4049 ἁμαρ-

2156 4068 2279 4131 τίας
2306 4067 2402 4122 καὶ
2434 4067 2758 4139 δερμάτινον
2784 4067 3170 4140 ἀποδυσαμένη
3214 4070 3535 4140 πρόσωπον,
3560 4072 3651 4124 ἐπὶ
3676 4071 3739 4124 τὸ

2156 4160 2386 4232 ἀρχαῖον
2413 4160 2513 4232 τῆς
2539 4160 2880 4231 Δεσποτικῆς
2900 4161 3109 4226 είκόνος
3130 4162 3550 4234 ἀναμορφοῦται
3564 4165 3738 4232 ’ἀξίω-

2160 4269 2258 4324 μα.
2296 4252 2736 4325 Ἀναπέμψωμεν
2781 4254 3241 4325 εὐχαριστηρίους
3292 4253 3493 4327 ᾠδὰςκ
3520 4256 3615 4309 καὶ
3648 4273 3734 4327 χο-

2160 4345 2287 4415 ροὺς
2325 4317 2648 4416 πανδήμους
2674 4317 3100 4416 συστησώμεθα,
3118 4345 3203 4399 ὅτι
3224 4317 3231 4318 7
3256 4317 3493 4400 acclines;
3532 4317 3737 4417 ἀγόνων

2158 4436 2434 4508 Παρθένος
2463 4437 2880 4509 προκύπτουσα,
2905 4437 3006 4509 τὴν
3028 4438 3224 4506 ἄγονον
3276 4440 3499 4511 μήτραν
3527 4439 3733 4508 ἁγιάζει

468 4550 701 4608 cunilam
728 4542 1055 4605 sanctiﬁcet,
1097 4538 1330 4608 ejusque
1358 4532 1722 4595 sterilitatem,
1760 4528 1827 4584 ad
1877 4527 2051 4581 virtu-

2164 4531 2256 4600 τῆς
2282 4530 2531 4631 φύσεως,
2543 4532 2638 4631 είς
2670 4530 3220 4631 ἁρετῶνῃεύκαρπίαν
3242 4534 3303 4586 τὸ
3330 4534 3537 4603 ταύτης
3572 4535 3735 4605 ἄκαρ-

469 4654 587 4699 tum
614 4642 813 4696 uberes
842 4634 1055 4689 fructus
1088 4626 1426 4684 exstimulet.
1472 4621 1683 4689 Quibus
1733 4621 1883 4675 enim
1928 4621 2055 4672 uni-

470 4829 697 4902 guinum
770 4823 979 4879 rivulos
1026 4818 1095 4874 ad
1149 4829 1344 4872 massae
1398 4810 1568 4867 totius
1628 4807 1795 4862 arida:
1855 4804 2054 4874 irriga-

474 4894 676 4976 lionem
703 4912 1106 4974 commodavit;
1138 4909 1206 4964 iis
1243 4905 1443 4961 merito
1484 4901 1785 4958 feracitatis
1833 4894 2057 4953 benedi-

470 5015 710 5070 ctionem
752 5008 970 5078 recipit.
997 5003 1156 5059 Scala
1181 5002 1239 5056 in
1268 4999 1470 5057 cmlum
1493 4994 1809 5052 subvehens
1835 4997 2057 5060 coapta-

475 5119 564 5164 tur
604 5116 935 5170 terrenaque
978 5106 1177 5153 natura
1209 5109 1341 5150 suos
1386 5093 1505 5163 ipsa
1546 5088 1815 5145 terminos
1862 5082 2054 5155 praesi-

360 5242 365 5247 .
470 5202 631 5262 lions,
665 5198 720 5250 in
754 5194 1006 5250 caelestes
1033 5189 1352 5246 mansiones
1377 5182 1730 5241 transfertur.
1768 5177 2054 5233 Dominica

469 5292 631 5348 sedes
664 5288 720 5342 in
752 5296 899 5341 terra
932 5292 1177 5355 paratur,
1216 5290 1558 5348 terrenaque
1608 5272 2047 5334 sanctiﬁcantur,

471 5401 536 5442 ac
563 5381 867 5439 caelestium
899 5376 1123 5431 ordines
1160 5373 1447 5429 nobiscum
1500 5372 1949 5439 congregantur;
1990 5361 2058 5416 il-

471 5478 691 5547 liusque
718 5483 982 5541 nequam,
1015 5481 1082 5521 ac
1111 5465 1207 5535 qui
1233 5477 1333 5518 nos
1356 5459 1598 5531 primum
1630 5454 1867 5526 decepit,
1926 5451 2056 5506 fuit-

471 5584 579 5642 que
610 5573 804 5622 auctor
843 5559 1168 5616 insidiarum
1215 5557 1458 5611 humano
1487 5550 1789 5621 positarum
1842 5543 2051 5617 generi,

470 5637 611 5718 dolis
632 5658 753 5728 ejus
783 5671 847 5712 ac
871 5652 1247 5711 molitionibus
1274 5643 1758 5712 evanescentibus,
1798 5637 2041 5712 potentia

471 5751 766 5810 colliditur.

2157 4639 2259 4677 πον
2278 4623 2729 4695 ὲγκεντρίζουσα.
2762 4622 2842 4675 Δι’
2887 4615 2963 4675 ὧν
2983 4622 3095 4694 γὰρ
3132 4622 3214 4693 τῷ
3242 4622 3492 4696 Δεσπότῃ
3525 4624 3738 4677 πάντων

2028 4739 2055 4753 -
2159 4717 2252 4770 καὶ
2280 4715 2535 4787 γεωργῷ,
2559 4713 2629 4768 τὰ
2652 4712 2760 4767 τῶν
2782 4713 3073 4786 ἀχράντων
3110 4713 3285 4785 αὐτῆς
3330 4715 3584 4787 αἱμάτων
3627 4716 3734 4786 ρεῖ-

2157 4807 2264 4879 θρα
2284 4805 2376 4871 εἰ(
2401 4805 2624 4878 ἁρδείαν
2675 4806 2799 4860 ὅλου
2856 4805 3367 4878 καταξηρανθέντος
3395 4807 3597 4879 ἔχρησε
3644 4805 3733 4860 τοῦ

2157 4898 2517 4969 φυράματος,
2568 4896 2779 4961 τούτοις
2825 4896 3053 4961 εἰκότως
3081 4902 3178 4951 καὶ
3223 4897 3324 4969 τῆς
3362 4898 3736 4971 καρποφορίας

2156 4994 2408 5063 εὐλογίαν
2461 4992 2804 5064 ἀναδέχεται.
2874 4992 2944 5046 Ἦ
2972 4992 3179 5063 κλίμαξ
3210 4994 3245 5065 ἡ
3300 4992 3444 5062 πρὸς
3480 4992 3735 5064 οὐρανοὺς

2155 5088 2508 5160 ἀναφέρουσα
2531 5086 2950 5159 καταρτίζεται,
2984 5087 3079 5141 καὶ
3122 5089 3157 5158 ἡ
3202 5087 3384 5157 γεηρὰ
3428 5085 3590 5157 φύσις
3633 5084 3736 5139 τῶν

2155 5182 2371 5236 οἰκείων
2392 5182 2535 5252 ὅρων
2561 5180 3005 5251 ὑπεραλλομένη,
3030 5179 3167 5251 πρὸς
3202 5179 3299 5243 τὰς
3330 5180 3619 5250 οὐρανίους
3641 5194 3734 5246 μο-

2156 5275 2254 5339 νὰς
2277 5272 2625 5337 ἐνοικίζεται.
2662 5272 2722 5326 Ὀ
2744 5271 3072 5335 Δεσποτικὸς
3100 5271 3290 5343 θρόνος
3324 5270 3422 5324 ἐπὶ
3459 5272 3564 5341 γῆς
3605 5270 3737 5321 ἐτοι-

2160 5366 2418 5440 μάζεται,
2450 5367 2547 5421 καὶ
2582 5364 2654 5419 τὰ
2704 5365 2927 5435 ἐπίγεια
2966 5364 3311 5433 ’ἁγιάζεταισ
3360 5362 3459 5417 καὶ
3514 5361 3583 5415 τὰ
3631 5359 3738 5413 τῶν

2155 5460 2402 5533 οὐρανῶν
2433 5461 2567 5530 ἡμῖν
2594 5457 3025 5528 συναγελάζεται
3049 5457 3305 5527 τάγματα
3329 5471 3342 5485 ·
3396 5454 3492 5507 καὶ
3519 5455 3547 5506 ὀ
3571 5467 3733 5519 πονη-

2159 5556 2274 5629 ρὸςο
2302 5555 2395 5607 καὶ
2430 5552 2664 5625 πρώτως
2684 5553 2831 5624 ἡμᾶς
2856 5552 3164 5621 ἀπατήσας,
3196 5548 3288 5601 καὶ
3316 5547 3417 5616 τῆς
3439 5544 3558 5599 καθ’
3584 5545 3615 5613 ἡ
3625 5539 3736 5611 μῶν

2157 5642 2459 5712 ἐπιϐουλῆς
2484 5642 2827 5714 ἀρχιτέκτων
2867 5639 3187 5710 γενόμενος,
3237 5637 3344 5690 τῶν
3372 5635 3541 5689 δόλων
3572 5629 3733 5687 αὐτοῦ

2157 5738 2255 5794 καὶ
2295 5736 2403 5790 τῶν
2425 5734 2845 5807 μηχανημάτων
2874 5730 3395 5806 ὐποσαθρουμένων,
3443 5728 3543 5802 τὴν
3586 5724 3736 5796 ἰσχὺν

2158 5826 2571 5902 περιθραύεται.
3286 5808 3293 5813 ’
