4032 6438
311 342 419 407 557

1103 340 1434 402 ΗΟΜΙΙᾸΛ
1475 339 1526 400 I.
1564 339 1747 399 -ΙΝ
1791 339 1895 400 SS.
1939 339 2207 401 MARI/E
2249 339 2795 402 NATIVITATEM;

3497 349 3600 409 558

383 455 481 522 Τίς
513 455 722 528 ίσχύσει
753 453 889 508 Θεοῦ
918 452 1196 523 θαυμάσια
1219 451 1584 523 διηγήσασθαι
1611 469 1625 517 ;
1659 452 1816 515 Ποῖος
1848 451 1905 504 δὲ

2089 450 2227 517 Quis
2261 449 2355 504 Dei
2388 451 2658 506 mirabilia
2691 468 2950 510 enarrare
2981 454 3224 525 poterit?
3250 455 3382 521 Quis
3415 468 3598 515 autem

309 548 470 617 λόγος
495 549 762 619 ὲκιρράσει
795 548 866 600 τά
897 547 1038 619 ὑπὲρ
1069 546 1243 614 λόγων
1269 547 1368 615 τὴν
1396 545 1664 614 δύναμιν;
1699 545 1824 607 Πῶς
1851 543 1911 596 δὲ

308 640 439 704 νοῦς
470 641 613 703 ἆπας
643 641 704 693 ού
737 641 1027 711 ναρκήσει,
1060 635 1138 707 τῷ
1177 636 1402 706 μεγέθει
1425 635 1535 688 τῶν
1560 636 1738 704 ἔργων
1767 652 1910 706 συμ-

310 732 784 803 παρατεινόμενος
806 729 904 802 τὴν
939 727 1268 798 κατάληψιη
1303 727 1546 780 Ἔπλασε
1575 727 1666 779 τὸν
1695 724 1909 794 ἄνθρω-

308 843 416 879 πον
447 824 733 894 καταρχὰς
762 826 788 876 ό
815 822 966 888 Θεδς,
997 822 1190 892 άψάτῳ
1233 819 1648 891 φιλανθρωπίας
1693 817 1911 888 πλούτῳ

309 915 637 985 κινούμενος
661 931 674 946 ο
707 913 890 984 χειρὸς
923 913 1131 973 οἰκείας
1167 911 1417 980 πλάσμα,
1459 911 1553 964 καὶ
1585 910 1773 964 εἰκόνα
1810 909 1910 978 φέ-

311 1024 436 1078 ρειν
467 1002 785 1076 χαριτὼσας
809 1004 904 1056 τοῦ
937 1002 1246 1066 πλάσαντος
1269 1018 1284 1031 ⁸
1311 995 1387 1054 ὧν
1415 1004 1476 1053 τὸ
1499 1002 1598 1071 μὲν
1625 995 1726 1071 τῆς
1773 1017 1909 1072 σαρ-

309 1101 432 1164 κὸς,
474 1099 536 1151 τὶ)
591 1097 646 1150 δὲ
689 1096 782 1150 τοῦ
843 1097 1156 1166 πνεύματος
1195 1095 1368 1148 ἐδίδου
1402 1095 1595 1165 δηλοῦν
1628 1090 1725 1164 τὴν
1747 1093 1910 1162 εὐγέ-

309 1204 467 1240 νειαν
488 1202 500 1215 ’
535 1185 865 1257 παράδεισος
895 1185 950 1236 δὲ
980 1188 1171 1254 χρῆμα
1197 1183 1434 1255 τερπνὸν
1461 1184 1558 1236 καὶ
1583 1181 1908 1255 ἐπέραστον,

311 1282 460 1336 κατὰ
491 1275 786 1341 Ἀνατολὰς
805 1295 870 1330 πε
881 1277 1137 1346 φύτευτο,
1150 1274 1431 1346 λειμώνων
1455 1273 1553 1344 μὲν
1573 1275 1912 1346 ἀμαράντοις

311 1373 764 1440 καταπνεόμενος
816 1370 1040 1424 ἄνθεσι·
1099 1368 1282 1438 φυτῶν
1331 1368 1388 1421 δὲ
1420 1370 1655 1439 καρποῖς
1689 1367 1914 1439 ὡραίοις

312 1467 412 1519 καὶ
437 1462 799 1524 παντοδαποῖς
829 1459 1294 1530 ὲνευθηνούμενος
1314 1474 1328 1488 ⁶
1359 1461 1452 1512 καὶ
1483 1459 1723 1530 ποταμοὶ⁵
1755 1459 1913 1529 μέσοι

317 1559 561 1627 ῥέοντες,
591 1557 688 1609 καὶ
725 1553 960 1625 καθαρῷ
1017 1554 1097 1624 τῷ
1131 1554 1335 1626 ῥείθρῳ
1382 1553 1443 1606 τὸ
1492 1553 1787 1624 πρόσωπον
1815 1553 1913 1606 τοῦ

313 1648 506 1702 πεδίου
547 1645 1009 1718 καταρδεύοντες,
1061 1645 1349 1715 ἀμήχανόν
1413 1661 1537 1696 τινα
1585 1643 1682 1697 τοῦ
1711 1643 1912 1714 χωρίου

313 1745 417 1815 τὴν
440 1744 754 1813 ὡραιότητα
785 1739 1210 1804 κατεσκεύαζον.
1253 1739 1342 1792 Ἐν
1375 1737 1553 1808 τούτῳ
1577 1741 1678 1808 τῆς
1700 1739 1913 1790 Δεσπο-

2015 559 2198 598 sermo
2245 559 2308 598 ea
2371 543 2628 614 explicet,
2691 561 2814 614 qua:
2881 547 2991 600 vim
3048 555 3214 601 totam
3279 565 3597 606 sermonum

2014 635 2329 691 excedunt?
2366 636 2471 702 Qui
2510 651 2642 690 vero
2677 637 2896 692 animus
2926 653 3037 693 non
3066 639 3376 709 obtorpeat,
3417 643 3486 696 ad
3517 660 3602 696 rc-

2013 742 2136 782 rum
2215 727 2670 798 magnitudinem,
2747 731 3300 800 comprehensionem
3368 743 3602 790 conten-

2015 821 2191 876 dens?
2215 817 2360 875 Deus
2395 836 2425 874 a
2455 820 2727 890 principio
2761 820 3020 876 formavit
3071 822 3376 886 hominem.
3402 826 3595 881 ineffa-

2014 911 2218 966 bilihus
2270 910 2620 981 impensior-is
2678 911 2732 964 in
2801 911 3104 967 humanum
3170 930 3342 985 genus
3399 917 3604 972 amoris

1987 1004 2223 1060 divitiis
2262 1012 2575 1074 permotus;
2623 1011 2853 1059 suaemet
2902 1004 3224 1074 figmentum
3274 1024 3490 1073 manus,
3539 1026 3604 1066 ac

2016 1097 2230 1153 fictoris
2276 1096 2516 1168 largiens
2551 1097 2696 1151 ferre
2732 1096 3024 1168 imaginem
3054 1115 3068 1152 :
3103 1114 3335 1169 quorum
3369 1102 3603 1158 alterum

2015 1190 2196 1246 carnis
2225 1230 2240 1258 ,
2274 1189 2506 1244 alterum
2529 1189 2754 1260 spiritus
2781 1189 3134 1245 manifestare
3158 1191 3324 1248 dabat
3351 1195 3604 1265 ingenui-

2019 1289 2208 1334 tatem.
2240 1279 2409 1334 Porro
2439 1279 2750 1349 paradisus,
2783 1296 2872 1335 res
2897 1281 3242 1338 delectabilis
3287 1299 3353 1339 ac
3401 1288 3604 1342 amoris

2015 1371 2201 1442 plena,
2236 1371 2304 1426 ad
2334 1371 2616 1427 Orientem
2648 1373 2924 1442 plantatus
2953 1383 3104 1440 erat;
3135 1391 3298 1445 quem
3319 1388 3602 1446 pratorum

2017 1464 2498 1520 immarcessihiles
2547 1463 2711 1520 flores
2750 1464 3090 1536 perﬂarent;
3143 1468 3495 1538 pulchrique.
3540 1486 3605 1525 ac

2017 1555 2295 1628 omnigeni
2321 1558 2579 1611 arborum
2617 1556 2832 1612 fructus
2875 1557 3031 1628 c0pia
3069 1557 3342 1626 ditarent;
3385 1578 3448 1616 ac
3499 1562 3605 1615 flu-

2018 1650 2166 1704 mina
2209 1647 2451 1704 medium
2490 1650 2854 1714 decurrentia,
2889 1649 3239 1720 limpidisque
3283 1653 3438 1722 aquis
3504 1655 3604 1709 soli

2017 1741 2213 1796 faciem
2255 1741 2560 1813 irrigantia,
2605 1743 2875 1796 immenso
2924 1743 3162 1813 quodam
3193 1745 3391 1800 decore
3438 1762 3607 1816 auge-

312 1836 481 1906 ³τικῆς
519 1834 784 1904 παλάμης
833 1835 860 1886 ὁ
895 1833 1145 1902 πλάστης
1201 1833 1577 1901 ἐγκατοικίςει
1610 1833 1672 1886 τὸ
1700 1832 1912 1902 φιλοτέ-

2024 1842 2168 1888 rent.
2221 1833 2277 1887 In
2323 1850 2388 1888 eo
2430 1834 2604 1899 fictor,
2633 1833 2932 1890 Dominicre
2984 1852 3182 1891 manus
3221 1847 3339 1893 arte
3380 1855 3606 1910 compo-

316 1949 418 2000 χνη
431 1946 526 1999 μα’
561 1928 782 1982 πάντων
817 1927 916 1998 μὲν
943 1922 1225 1997 Δεσπότην
1252 1927 1758 1996 καταστησάμενος·
1782 1926 1916 1979 πᾶσι

316 2023 376 2075 δὲ
430 2025 548 2085 τοῖς
604 2020 830 2090 ἀγαθοῖς
884 2020 1136 2090 ἀφθόνως
1205 2020 1385 2086 δείξας
1458 2021 1914 2090 περιρρεόμενον.

322 2115 564 2169 Ἔπειτα
621 2115 678 2169 δὲ
726 2115 976 2169 σύνοικον
1026 2117 1092 2168 ἐκ
1132 2115 1376 2186 πλευρᾶς
1435 2115 1721 2184 ἀφράστου
1753 2115 1916 2168 τόκου

321 2209 732 2279 μαιευσάμενος
792 2203 1167 2279 ὑπεστήσατο,
1228 2208 1315 2260 ἵνα
1368 2207 1428 2274 ἐξ
1477 2201 1649 2277 οὗπερ
1680 2205 1913 2275 ἐλήφθη,

318 2303 567 2374 κεφαλὴν
590 2294 837 2372 γινώσκῃ
871 2301 963 2352 τὸν
1015 2301 1363 2360 δανείσαντα,
1406 2299 1500 2352 καὶ
1542 2298 1678 2367 πρὸς
1710 2301 1917 2351 ἐκεῖνον

318 2394 589 2464 ἀφορῶσα
623 2393 735 2464 εἴη,
773 2391 1208 2462 συλλογιζομένη
1254 2390 1316 2443 τὸ
1356 2389 1662 2459 ὑπόχρεον·
1705 2391 1800 2442 καὶ
1840 2388 1918 2460 τῷ

322 2486 612 2556 συνδέσμῳ
642 2485 744 2554 τῆς
785 2483 1023 2554 φύσεως,
1059 2483 1088 2535 ὁ
1109 2482 1210 2552 τῆς
1243 2480 1498 2552 ὁμονοίας
1527 2481 1714 2542 αὐτοῖς
1746 2480 1919 2549 ὲμποο

317 2573 589 2632 λιτεύοιτο
623 2577 948 2648 σύνδεσμος.

403 2670 572 2724 Ἀλλά
601 2687 667 2739 γε
696 2671 917 2724 πάντων
954 2668 1064 2723 τῶν
1095 2668 1155 2723 ἑν
1185 2661 1507 2740 παραδείσῳ
1532 2667 1632 2737 τὴν
1678 2665 1920 2719 ἀπόλαυ-

321 2782 409 2819 σιν
445 2765 542 2818 καὶ
593 2763 922 2818 δεσποτείαν
969 2764 1360 2834 χαρισάμενος,
1402 2761 1633 2832 ἐπείπερ
1683 2759 1792 2812 ἔδει
1825 2760 1920 2813 καὶ

315 2859 512 2930 ἐντολῇ
564 2876 673 2912 τινι
733 2849 1252 2927 παιδαγωγηθῆναι,
1305 2855 1401 2908 καὶ
1445 2853 1918 2924 ὲγγυμνασθῆναι,

315 2953 412 3005 τὸν
439 2949 778 3022 τηλικαύτης
807 2949 903 3002 καὶ
929 2947 1204 3018 τοσαύτης
1245 2945 1497 3011 ἐξουσίας
1543 2961 1920 2998 καταπιστεύ-

315 3046 488 3098 θέντα
514 3045 577 3097 τδ
605 3043 857 3115 μέγεθος,
882 3042 1130 3113 εἰσφέρει
1160 3041 1326 3110 νόμον
1357 3037 1528 3108 αὐτῷ,
1560 3039 1685 3092 καθ’
1711 3037 1771 3091 ὃν
1794 3035 1919 3091 οὔτε

317 3137 568 3209 χαλεπὸν
595 3133 1123 3205 ἑμπολιτεύσασθαι,
1151 3132 1274 3186 οὗτε
1315 3134 1514 3204 ῥᾷστον
1543 3125 1716 3184 διόλου
1749 3131 1920 3199 φυλά-

317 3227 523 3294 ξασθαι
549 3243 563 3257 ο
594 3226 662 3279 δι’
684 3219 760 3278 ὧν
786 3224 846 3277 τό
877 3240 942 3292 γε
972 3222 1265 3294 ἔμμισθον,
1301 3219 1333 3292 ἢ
1362 3221 1420 3274 τὸ
1461 3220 1717 3274 ὑπόδικον
1747 3221 1916 3292 ἐδρα-

317 3316 540 3374 6εύετο.
572 3318 760 3394 (hung!
783 3316 892 3387 γάρ
923 3334 974 3368 τι
996 3316 1106 3368 τῶν
1148 3313 1460 3368 ἀνθούντων
1499 3307 1812 3385 ὡραιότητα
1839 3313 1919 3386 τῷ

317 3413 470 3481 λόγῳ
499 3409 610 3464 τῶν
639 3397 821 3462 ων
870 3406 1296 3478 ἀφορισάμενος,
1352 3397 1545 3458 τούτου
1598 3405 1672 3476 μὴ
1725 3407 1918 3474 φαγεῖν

322 3503 494 3574 μόνου
518 3501 616 3573 τὴν
647 3499 868 3570 ἐντολὴν
900 3501 1164 3570 παρεῖχεν
1191 3496 1693 3561 άποθεσπίζουσαν.
1717 3496 1919 3568 Θηρίον

317 3595 378 3648 δὲ
431 3591 672 3664 πονηρὸν
721 3591 818 3644 καὶ
877 3589 1213 3658 ἀρχέκακον,
1249 3581 1309 3638 ὃν
1366 3587 1400 3655 η
1441 3583 1641 3654 πρᾶξις
1673 3583 1921 3636 διάϐολον

317 3685 706 3756 ἐπωνόμασεν,
763 3682 822 3746 ἐξ
873 3681 1043 3750 αὐτῆς
1074 3678 1328 3739 πλάσεως
1380 3675 1800 3746 ἐποφθαλμίσας
1830 3674 1922 3726 τδν

319 3777 641 3849 ἄνθρωπον,
681 3775 825 3845 ἄλλῳ
861 3771 1039 3844 θηρίῳ
1070 3771 1179 3824 τῶν
1214 3769 1494 3839 ἑρπόντων
1543 3766 1761 3839 ὀργάνῳ
1786 3781 1923 3836 χρη·-

320 3873 587 3941 σάμενος,
619 3869 714 3922 καὶ
744 3871 813 3938 τῇ
845 3864 1067 3933 γυναικὶ
1093 3861 1508 3930 προσομιλήσας
1535 3856 1800 3926 ἐπαγωγὰ
1827 3855 1923 3909 καὶ

315 3965 647 4037 θελκτήρια,
676 3963 772 4016 καὶ
804 3961 939 4015 πολὺ
976 3960 1071 4013 τοῦ
1099 3959 1397 4029 νομοθέτου
1429 3954 1846 4016 κατασκεδάσας
1862 3950 1924 4004 τὸ

318 4058 676 4128 βλάσφημον,
718 4054 896 4108 πείθει
925 4053 1023 4123 τὴν
1048 4055 1309 4120 γυναῖκα,
1367 4050 1462 4104 καὶ
1495 4042 1564 4102 δι’
1615 4046 1789 4118 αὐτῆς
1831 4044 1924 4098 τὸν

318 4149 595 4221 ὁμόζυγα,
637 4147 737 4218 τῆς
795 4146 894 4214 μὲν
927 4142 1152 4215 ἐντολῆς
1196 4141 1676 4212 κατολιγωρῆσαι·
1726 4139 1925 4208 φαγεῖν

319 4245 378 4297 δὲ
406 4237 470 4296 οὗ
495 4241 572 4312 μὴ
595 4243 794 4310 φαγεῖν
809 4237 1179 4292 ὲτεθέσπιστο.
1206 4235 1269 4290 Οί
1292 4236 1368 4299 δὲ,
1389 4234 1506 4300 ἅμα
1532 4251 1590 4286 τε
1619 4232 1680 4285 τὸ
1692 4248 1925 4302 προστα-

322 4334 455 4405 χθὲν
472 4333 833 4405 ὑπερέϐαινον
847 4371 862 4395 ,
904 4332 1001 4384 καὶ
1024 4330 1244 4382 πάντων
1275 4329 1384 4382 τῶν
1401 4326 1762 4399 χαρισμάτων
1783 4324 1927 4388 διεξ-

321 4429 579 4480 έπιπτον·
609 4425 748 4495 ὅπερ
779 4417 848 4494 ἦν
874 4420 953 4492 τῷ
985 4418 1396 4474 ἐπιϐουλεύοντι
1447 4414 1795 4484 σπούδασμα.
1830 4414 1926 4476 Et;

2020 1926 2185 1981 situm
2212 1927 2446 1981 collocat
2470 1943 2640 1997 opus;
2690 1928 3078 1983 universorum
3135 1931 3356 2000 quidem
3398 1933 3607 1988 consti-

2021 2026 2182 2072 tuens
2237 2017 2556 2085 Dominum;
2629 2020 3014 2091 bonorumque
3087 2023 3332 2078 omnium
3397 2025 3605 2080 affatim

2021 2111 2358 2166 afﬂuentiam
2389 2113 2658 2167 tribuens.
2690 2115 2830 2168 Tum
2848 2130 2979 2169 vero
2997 2115 3310 2186 conjugem,
3344 2118 3605 2174 ineflabili

2021 2209 2182 2272 partu
2231 2203 2420 2259 lateris
2461 2204 2856 2260 obstetricatus
2882 2207 3159 2274 produxit,
3216 2217 3276 2263 ut
3316 2225 3464 2273 eum,
3511 2211 3606 2279 qui

2022 2295 2076 2350 id
2103 2297 2526 2364 commodasset,
2563 2312 2629 2352 ex
2661 2313 2772 2367 quo
2801 2297 2998 2354 fuisset
3036 2308 3275 2370 sumpta,
3308 2309 3471 2371 caput
3497 2302 3606 2357 sci-

2021 2392 2125 2446 ret,
2169 2401 2235 2440 ac
2263 2385 2509 2441 debitum
2543 2396 2809 2457 reputans
2838 2388 2894 2442 in
2919 2389 3078 2443 illum
3108 2390 3412 2459 aspiceret;
3441 2402 3607 2446 natu~

2021 2492 2205 2547 neque
2257 2479 2498 2544 vinculo,
2557 2480 2865 2535 concordiae
2921 2480 3078 2550 ipsis,
3129 2482 3410 2538 individua
3479 2485 3608 2540 vita:

2023 2570 2305 2636 societate,
2342 2571 2624 2626 vinculum
2650 2581 2951 2628 constaret.

2092 2663 2388 2730 Caeterum,
2418 2678 2542 2719 cum
2571 2664 2831 2723 omnibus
2866 2665 2921 2719 in
2944 2663 3199 2736 paradiso
3229 2667 3426 2738 positis
3470 2683 3610 2725 con-

2022 2757 2280 2813 cessisset
2311 2756 2442 2824 frui,
2475 2772 2540 2814 ac
2565 2757 2953 2813 universorum
2984 2759 3230 2815 dominio
3258 2761 3608 2834 potiri;quia

2022 2854 2186 2909 etiam
2224 2861 2499 2922 praecepto
2528 2852 2733 2908 erudiri
2751 2852 3060 2923 oportebat,
3097 2869 3160 2909 ac
3179 2856 3424 2911 exerceri
3457 2872 3607 2920 eum,

2022 2946 2111 3000 cui
2146 2945 2269 2998 talis
2304 2959 2368 3000 ac
2413 2952 2577 3022 tanta:
2621 2947 2910 3015 potestatis
2939 2947 3258 3018 magnitudo
3298 2949 3610 3004 concredita

2021 3045 2189 3103 esset,
2225 3037 2333 3092 fert
2366 3037 2416 3091 ei
2451 3023 2646 3108 legem,
2693 3053 2725 3091 e
2758 3039 2920 3106 cujus
2961 3041 3195 3102 ratione,
3238 3055 3342 3096 nec
3391 3041 3611 3097 diﬂicile

2022 3130 2315 3185 admodum
2350 3129 2472 3184 vita:
2521 3129 2762 3183 rationes
2811 3145 3183 3199 componere;
3229 3147 3335 3186 nec
3382 3134 3612 3189 omnino

2021 3223 2180 3277 facile
2214 3236 2473 3284 servare;
2505 3221 2705 3290 quibus
2737 3230 2854 3275 tum
2885 3223 3193 3290 praemium,
3237 3231 3351 3276 tum
3392 3239 3608 3293 poenam

2020 3313 2275 3369 mercede
2338 3321 2694 3385 proponeret.
2751 3314 3021 3369 Arborem
3084 3329 3322 3384 namque
3381 3316 3612 3386 pulchra

2020 3411 2309 3458 venustate
2369 3402 2654 3458 ﬂorentem
2709 3418 2964 3458 sermone
3015 3404 3084 3460 ab
3127 3405 3248 3461 aliis
3295 3422 3606 3479 segregans.

2021 3505 2354 3568 praeceptum
2385 3496 2564 3566 ponit,
2596 3511 2706 3565 quo
2754 3511 2862 3550 una
2905 3497 3007 3552 hac
3049 3499 3197 3553 vesci
3232 3499 3614 3568 prohibeatur.

2024 3588 2160 3642 Mala
2207 3597 2390 3644 autem
2431 3588 2632 3653 bestia,
2675 3605 2739 3643 ac
2770 3590 2896 3644 mali
2949 3591 3164 3645 auctrix
3208 3609 3222 3645 :
3265 3591 3469 3647 diaboli
3513 3608 3612 3647 co-

2023 3697 2256 3750 gnomen
2318 3682 2462 3737 actio
2539 3681 2736 3736 tribuit
2777 3697 2790 3734 :
2835 3682 2904 3736 ab
2959 3682 3077 3754 ipsa
3127 3683 3444 3740 conditione
3489 3685 3625 3740 livi--

2023 3774 2109 3829 dis
2177 3774 2352 3830 oculis
2403 3775 2678 3844 aspiciens
2755 3777 3060 3842 hominem,
3121 3777 3336 3847 aliaque
3400 3778 3470 3835 de
3520 3795 3613 3835 re-

2023 3864 2240 3936 ptilium
2293 3882 2496 3937 genere
2553 3867 2728 3922 bestia
2774 3881 2980 3939 organo
3049 3879 3232 3934 utens,
3302 3871 3610 3943 blandaque

2025 3973 2090 4013 ac
2127 3958 2428 4013 mulcentia
2456 3974 2580 4013 cum
2603 3959 2832 4015 muliere
2859 3961 3152 4026 collocuta,
3186 3962 3354 4034 inque
3390 3963 3614 4034 legisla-

2026 4056 2202 4102 torem
2277 4048 2507 4103 multam
2567 4065 2833 4121 spargens
2906 4051 3330 4121 blasphemiam,
3393 4057 3612 4112 mulieri

2027 4141 2242 4207 suadet,
2293 4156 2361 4196 ac
2397 4157 2496 4212 per
2540 4159 2660 4198 eam
2710 4144 2954 4215 conjugi,
2993 4154 3054 4200 ut
3079 4156 3345 4216 spernant
3383 4149 3611 4218 quidem

2025 4243 2385 4302 przeceptum,
2427 4234 2594 4288 edant
2626 4250 2759 4290 vero
2787 4236 2856 4291 de
2884 4237 3081 4292 arbore
3136 4237 3206 4294 de
3247 4254 3356 4308 qua
3393 4255 3464 4296 ne
3521 4255 3616 4295 co-

2029 4323 2316 4379 mederent
2343 4316 2614 4381 sancitum
2673 4337 2811 4382 erat.
2848 4328 3020 4384 Porro
3071 4330 3170 4396 illi,
3208 4347 3333 4386 mox
3363 4341 3422 4387 ut
3469 4349 3614 4404 praen-

2029 4425 2251 4486 ceptum
2304 4411 2629 4488 tran'sgressi
2700 4429 2908 4484 essent.
2973 4423 3112 4477 dona
3155 4439 3376 4495 quoque
3427 4428 3615 4480 omnia

320 4515 488 4571 τοῦτο
503 4514 614 4585 γὰρ
638 4515 790 4585 αὑτῷ
831 4514 1055 4584 σύμπαν
1082 4510 1492 4565 κατεσκεύαστο
1515 4509 1575 4562 τὸ
1597 4509 1918 4580 μηχάνημα·

2030 4509 2472 4579 amisere;quod
2506 4511 2696 4581 utique
2737 4514 2994 4582 ponentis
3043 4515 3272 4572 insidias
3323 4518 3613 4572 consilium

322 4608 632 4664 κάντεῦθεν
689 4607 798 4660 ἀπὸ
830 4607 942 4660 τῶν
978 4606 1262 4678 προγόνων
1304 4607 1385 4666 είς
1437 4604 1564 4667 τοὺς
1615 4600 1920 4670 ἀπογόνους

323 4700 847 4772 κατασπειρομένου
877 4698 972 4752 τοῦ
1024 4696 1502 4771 παραπτώματος,
1525 4695 1646 4749 ὅλον
1669 4693 1831 4764 ἡμῶν
1863 4693 1924 4745 τὸ

322 4795 486 4865 γένος
515 4795 542 4847 ὁ
570 4791 966 4856 ἐπιϐουλεύσας
993 4790 1099 4845 ὑπὸ
1143 4785 1303 4863 χεῖρα
1335 4786 1451 4862 εἶχε
1486 4789 1920 4857 δουλωσάμενος.

395 4987 467 5047 Τί
494 4985 540 5045 δ’
563 4983 658 5046 οὖν
708 4992 738 5045 ὁ
788 4983 1037 5060 πλάστης
1082 4989 1177 5042 καὶ
1207 4987 1494 5059 κηδεμὼν;
1527 4984 1638 5059 ἄρα
1669 4987 1924 5058 παρεῖδεν

326 5087 406 5153 εἰς
432 5085 592 5150 τέλος
615 5084 678 5138 τὸ
712 5083 940 5155 πλάσμα
963 5082 1481 5154 ταλαιπωρούμενον
1501 5121 1514 5144 ,
1547 5082 1644 5134 καὶ
1684 5081 1925 5152 τοσαύτῃ

327 5179 510 5251 πλάνῃ
545 5177 932 5248 βυθιζόμενον,
991 5176 1086 5229 καὶ
1141 5175 1490 5246 καθεκάστην
1543 5177 1658 5237 τοῖς
1695 5173 1923 5227 πάθεσιν

326 5263 862 5340 ἁνδραποδιζόμενον
883 5286 898 5334 ;
923 5267 997 5321 Ού
1030 5267 1130 5336 μὲν
1153 5263 1268 5321 οὖν.
1299 5267 1422 5330 Πῶς
1457 5267 1566 5337 γὰρ
1605 5268 1744 5338 ὅπερ
1775 5267 1925 5334 φιλο-

325 5360 662 5432 τιμούμενος
717 5359 975 5424 ἔπλασεν,
1007 5352 1255 5432 ἠνέσχετ’
1290 5360 1356 5412 ἂν
1410 5360 1584 5430 ἡδέως
1630 5361 1764 5430 ὁρᾷν
1801 5360 1924 5412 συλέ

329 5451 552 5522 έῐγωγού
561 5469 721 5523 μενον
739 5453 833 5507 καὶ
855 5451 1207 5521 πλανώμενον
1227 5469 1241 5517 ;
1264 5452 1354 5506 Διὸ
1371 5452 1508 5522 πρὸς
1535 5453 1737 5522 ἑαυτὴν
1765 5452 1865 5522 μὲν
1887 5453 1924 5523 ἠ

329 5547 428 5616 τῆς
461 5542 693 5616 Τριάδος
720 5541 929 5615 ἑνότης,
954 5535 1003 5598 εί
1036 5545 1196 5615 θέμις
1229 5547 1428 5609 εἰπεῖν,
1460 5544 1876 5615 ἐκκλησιάσασα
1903 5561 1917 5574 ·

327 5637 492 5707 θέμις
513 5637 572 5691 δὲ
601 5637 762 5691 τοῦτο
790 5639 971 5706 λέγειν
1002 5639 1099 5691 ἐπὶ
1149 5638 1248 5708 τῆς
1281 5638 1662 5701 ἁναπλάσεως,
1713 5639 1797 5692 ὅτι
1826 5638 1921 5692 καὶ

326 5728 409 5795 τὸ,
463 5729 818 5798 Ποιήσωμεν
857 5722 1175 5797 ἄνθρωπον
1208 5730 1338 5784 κατ’
1385 5731 1592 5785 εἰκόνα
1627 5731 1926 5800 ἡμετέραν

327 5823 424 5876 καί
462 5823 771 5893 ὁμοίωσιν,
796 5823 886 5876 ἐπὶ
914 5821 1015 5894 τῆς
1039 5821 1289 5888 πλάσεως
1321 5822 1540 5894 εἴρηται
1561 5840 1573 5853 ο
1619 5823 1698 5894 τῷ
1736 5821 1923 5895 ἐνιαίφ

2030 4611 2167 4656 erat.
2199 4600 2260 4655 In
2291 4618 2415 4656 eum
2447 4618 2687 4672 namque
2715 4603 2879 4660 finem
2917 4615 3026 4661 tota
3059 4608 3269 4663 molitio
3302 4619 3616 4678 comparata

2025 4701 2181 4746 erat:
2217 4692 2454 4762 indeque
2483 4709 2514 4747 a
2545 4694 2852 4763 majoribus
2891 4695 2948 4749 in
2974 4706 3208 4768 nepotes
3257 4698 3617 4753 disseminata

2025 4773 2496 4855 prmvaricatione,
2551 4785 2870 4841 universum
2909 4787 3215 4843 humanum
3267 4803 3441 4861 genus
3487 4795 3647 4846 sui».

2021 4879 2234 4946 jcctmn
2260 4877 2645 4948 captivumque
2674 4877 2962 4934 insidiator
2991 4881 3237 4936 tenebat.

2098 4989 2240 5056 Quid
2271 5007 2402 5062 ergo
2451 4991 2606 5046 fictor
2659 4994 3030 5062 euratorque?
3072 4994 3208 5048 Num
3244 4995 3299 5049 in
3331 4995 3522 5062 finem,
3564 4995 3618 5051 in

2029 5083 2306 5137 miseriam
2331 5083 2645 5154 prolapsum
2677 5085 2884 5154 sprevit
2910 5086 3254 5156 ﬁgmentum,
3289 5088 3452 5157 inque
3483 5089 3619 5143 tanti

2028 5175 2233 5229 erroris
2264 5174 2536 5244 profundo
2580 5177 2918 5240 demersum,
2957 5194 3024 5232 ac
3054 5179 3304 5248 quotidie
3345 5181 3621 5251 passioni-

2029 5269 2133 5322 bus
2161 5269 2430 5338 malisque
2463 5270 2872 5339 mancipatum?
2906 5270 3127 5326 Minime
3158 5272 3423 5342 gentium.
3469 5275 3622 5338 Quo-

2030 5361 2196 5416 modo
2223 5361 2370 5415 enim
2400 5361 2548 5430 quod
2576 5361 2865 5432 magnifice
2887 5362 3247 5427 condidissel,
3279 5363 3474 5418 lubens
3495 5379 3623 5434 spo-

2033 5454 2153 5508 liari
2179 5461 2345 5522 atque
2373 5467 2560 5507 errare
2595 5452 2790 5508 videns
2828 5455 3220 5510 sustinuisset?
3255 5455 3620 5520 Quamobrem

2031 5543 2177 5614 apud
2214 5543 2448 5613 seipsam
2482 5543 2703 5613 quidem
2737 5559 2906 5600 sacrae
2940 5545 3156 5600 Triadis
3196 5546 3412 5610 Unitas,
3447 5554 3507 5600 ut
3538 5547 3621 5601 fas

2033 5639 2103 5691 sit
2155 5637 2226 5691 ita
2257 5636 2426 5706 loqui,
2471 5646 2803 5691 conventum
2841 5653 3009 5710 agens
3041 5658 3054 5694 ι
3087 5654 3252 5708 porro
3295 5639 3620 5694 nihil-nefas

2031 5731 2212 5785 dicere
2262 5731 2314 5784 in
2353 5733 2728 5794 recreatioue,
2768 5732 2989 5800 quando
3032 5731 3196 5786 etiam
3243 5731 3295 5784 in
3414 5731 3619 5786 :atione

2031 5825 2162 5880 illud
2197 5825 2404 5881 dictum
2447 5834 2552 5882 est:
2597 5824 2876 5880 Faciamus
2911 5824 3172 5878 hominem
3389 5825 3618 5894 mginem

3039 5959 3300 6100 κ
