4032 6436
468 377 573 442 559

1643 367 1909 432 ΡΗΟΤΙΙ
1945 358 2455 428 PATRIARClI/E
2493 367 2605 428 (ΞΡ.

3632 373 3725 439 560

466 502 514 550 et
535 490 918 546 similitudincn
943 497 1178 545 nostram
1197 489 1247 522 ’°
1277 505 1294 544 :
1318 486 1512 543 eodem
1531 527 1547 552 ,
1571 499 1635 542 ac
1665 482 1930 556 singulari
1959 498 2057 537 vo-
2081 534 2085 542 Α

2183 483 2256 552 τῆς
2286 479 2512 551 γνώμης
2539 481 2866 552 βουλήματι,
2909 479 3010 552 τὴν
3034 479 3342 536 ἀνάπλασιν
3377 481 3471 536 τοῦ
3527 503 3728 562 συντρι-

466 585 697 641 luntatis
735 583 1001 646 consilio,
1039 581 1342 637 reformare
1393 579 1541 650 quod
1573 576 1871 633 contritum
1910 583 2064 643 erat,

469 678 790 747 ﬁgmentum
817 673 1125 730 constituit.
1146 672 1246 727 Illa
1269 679 1454 726 autem
1487 689 1500 724 :
1527 669 1684 725 valde
1712 668 1912 738 quippe
1934 666 2069 722 οσο-

471 775 650 820 ratum
680 780 745 819 ac
769 763 1070 818 desolatum
1102 760 1538 817 erathumanum
1569 771 1765 829 genus,
1792 754 1938 826 quod
1968 769 2070 809 ne-

472 874 578 928 que
611 857 799 920 minis,
818 869 1000 926 neque
1026 853 1226 924 poenis,
1252 867 1432 922 neque
1452 851 1684 922 legibus,
1712 863 1818 904 nec
1844 845 2069 902 monitis

475 949 866 1019 prophetarum
895 944 1086 1000 reduci
1120 943 1432 1015 potuisset;
1468 939 1746 995 hominem
1788 937 2071 1007 quzercbat

474 1041 720 1112 ejusdem
757 1037 1045 1093 nobiscum
1075 1044 1388 1092 consortem
1421 1043 1634 1088 naturae
1655 1072 1669 1092 ,
1705 1030 1760 1085 in
1789 1044 1902 1100 quo
1932 1026 2069 1099 legis

478 1134 601 1189 lata:
665 1132 1077 1188 observantiam
1149 1129 1299 1184 nulla
1363 1124 1816 1199 praevaricatione
1881 1122 2070 1178 liceret

476 1224 824 1296 perspicere;
853 1239 964 1294 quo
995 1222 1298 1276 humanum
1335 1219 1478 1274 idem
1512 1232 1716 1289 genus,
1747 1215 1950 1286 quibus
1983 1213 2069 1269 sui

479 1313 696 1386 generis
731 1313 1012 1367 hominem
1033 1314 1198 1366 vitam
1221 1309 1600 1365 instituentem
1632 1307 1877 1373 videret,
1913 1320 2072 1361 eum-

481 1409 605 1464 dem
643 1407 821 1478 ipsum
875 1405 1217 1471 imitaretur;
1254 1413 1421 1474 utque
1441 1403 1562 1474 ipso
1594 1417 1660 1457 eo
1683 1440 1698 1466 ,
1734 1401 1821 1456 cui
1857 1401 2071 1456 machi-

481 1513 678 1553 narum
710 1497 1007 1553 instructor
1041 1496 1306 1550 adversus
1338 1509 1442 1550 nos
1463 1493 1747 1548 victoriam
1788 1502 2072 1563 acceptam

482 1589 756 1646 referebat
778 1630 794 1656 ,
814 1588 1058 1660 legitima
1075 1587 1302 1642 victoria
1322 1602 1386 1642 ac
1409 1586 2070 1658 certamine‘prolligatus,
2101 1607 2108 1612 ·

483 1683 729 1740 dominio
759 1681 1001 1737 caderet.

555 1775 699 1848 Ergo
740 1790 911 1829 unum
969 1774 1207 1845 aliquem
1256 1789 1287 1830 e
1320 1769 1590 1829 Trinitate
1628 1772 1918 1843 oportebat
1951 1770 2072 1826 ﬁeri

485 1846 768 1920 hominem
797 1905 812 1931 ,
849 1877 911 1920 ut
943 1865 1101 1936 cujus
1136 1873 1254 1919 erat
1288 1862 1542 1918 formatio
1566 1903 1580 1928 ,
1613 1876 1677 1915 ac
1708 1875 1848 1931 Opus
1872 1900 1887 1926 ,
1922 1858 2070 1927 ejus-
2102 1846 2148 1907 Β

485 1959 609 2015 dem
631 1958 911 2013 videretur
926 1971 1047 2012 esse
1075 1955 1396 2012 reformatio
1427 1969 1491 2009 ac
1514 1951 1838 2008 instauratio
1865 1949 2072 2020 operis.

485 2049 644 2106 lllum
674 2064 836 2119 porro
862 2049 1090 2102 omnino
1117 2046 1406 2117 oportebat
1429 2045 1482 2099 in
1512 2053 1656 2098 terra
1686 2043 1856 2096 (ilium
1885 2039 2075 2111 appel-

485 2139 626 2206 lari,
696 2153 801 2192 nec
857 2151 1152 2207 supernam
1205 2144 1390 2189 tamen
1455 2132 1662 2189 violare
1713 2130 2073 2203 dignitatem,

484 2230 579 2301 qui
613 2229 682 2285 ab
702 2240 908 2284 αξιοι-[ιο
926 2229 1030 2283 hoc
1054 2227 1258 2298 pariter
1283 2233 1454 2291 esset,
1473 2240 1538 2280 ac
1565 2223 1902 2279 laudaretur.
1931 2221 2076 2277 Cen-

485 2321 594 2377 seri
645 2331 829 2376 autem
878 2323 1020 2374 inter
1053 2320 1192 2374 lilios
1236 2317 1520 2372 hominum
1573 2314 1913 2385 impossibile
1961 2321 2079 2368 erat

485 2415 694 2484 absque
739 2411 1138 2468 incarnatione.
1178 2409 1488 2464 lncarnatio
1524 2409 1711 2467 enim.
1747 2408 1832 2462 via
1881 2415 1968 2461 est
2009 2405 2078 2460 ad

487 2507 941 2579 generationem:
997 2504 1280 2576 generatio
1319 2518 1484 2567 vero,
1541 2501 1954 2571 conceptiouis,
2014 2513 2079 2553 ac

486 2599 679 2671 gestati
702 2599 842 2653 uteri
865 2596 1133 2652 terminus
1152 2603 1238 2650 est
1261 2611 1274 2648 :
1299 2608 1534 2664 cumque
1558 2592 1648 2647 illa
1679 2593 2080 2664 complectatur

488 2699 723 2745 matrem
748 2727 766 2753 ,
811 2689 932 2760 ejus
964 2687 1161 2742 merito
1197 2686 1656 2756 praeparationem
1690 2685 1840 2740 velut
1881 2684 2079 2738 funda-

487 2795 679 2840 mento
700 2781 899 2853 praeire
931 2781 1089 2852 petit.
1117 2778 1246 2834 Erat
1271 2779 1456 2848 itaque
1486 2778 1695 2833 lictoris
1724 2777 2080 2849 praeparanda

489 2883 670 2930 mater
687 2914 703 2940 ,
729 2887 840 2942 quo
869 2872 951 2928 sic
978 2871 1357 2942 reﬁngeretur,
1381 2869 1528 2941 quod
1554 2869 1895 2925 confractum
1923 2877 2042 2924 erat
2059 2910 2078 2937 ,

488 2978 722 3032 eamque
744 2961 1022 3034 Virginem
1041 2976 1164 3017 esse
1203 2962 1532 3033 oportebat,
1567 2969 1627 3015 ut
1673 2961 1818 3016 sicut
1867 2961 2080 3032 primus

491 3057 660 3112 homo
709 3071 740 3111 e
775 3065 918 3110 terra
960 3054 1170 3125 virgine
1215 3055 1375 3109 ﬁctus
1432 3055 1640 3120 fuerat,
1683 3054 1764 3108 sic
1811 3068 1878 3108 ex
1917 3054 2081 3108 vulva

490 3145 702 3217 virgine
735 3160 878 3200 nova
913 3145 1110 3198 iterum
1141 3143 1289 3199 ﬁctio
1319 3145 1577 3201 ederetur
1597 3187 1612 3211 ,
1644 3152 1809 3215 atque
1838 3152 1896 3198 ut
1934 3144 2079 3200 nulla

490 3253 718 3312 promus
768 3237 1068 3310 voluptatis
1105 3236 1442 3304 insinuatio,
1496 3237 1584 3293 vel
1634 3237 1680 3292 si
1724 3252 1788 3292 ea
1836 3237 2080 3309 legitima

491 3333 674 3399 foret,
701 3331 757 3388 in
779 3332 1058 3388 Creatoris
1085 3341 1242 3403 partu
1277 3332 1694 3403 intelligeretur.
1725 3331 1939 3402 Quippe
1963 3341 2085 3388 erat

471 3423 788 3510 _.voluptatis
839 3424 1126 3494 captivus,
1173 3438 1336 3494 quem
1390 3423 1648 3477 Dominus
1689 3432 1750 3477 ut
1793 3423 2081 3488 liberaret,

493 3517 646 3572 nasci
690 3517 958 3572 voluerat.
1017 3515 1312 3570 Enimvero
1349 3531 1600 3586 quaenam
1639 3517 1880 3589 mysterii
1921 3518 2085 3588 digna

494 3611 566 3664 sit
602 3625 725 3665 esse
760 3609 1045 3664 ministra?
1073 3608 1335 3675 Quaenam
1377 3609 1540 3679 digna
1578 3608 1714 3664 ellici
1749 3610 1843 3665 Dei
1874 3610 2044 3666 Mater
2066 3650 2083 3676 ,

493 3719 559 3759 ac
585 3704 633 3760 ei
655 3703 1003 3759 commodare
1023 3718 1245 3758 carnem
1273 3745 1288 3770 ,
1315 3705 1370 3758 in
1391 3705 1552 3775 cujus
1581 3704 1837 3759 universa
1861 3720 2088 3760 censen-

497 3807 587 3852 tur
628 3797 868 3854 divitiis?
898 3797 1158 3864 Quaenam
1195 3814 1326 3871 ergo
1355 3799 1564 3870 digna?
1591 3799 1696 3854 nisi
1743 3799 1936 3868 utique
1967 3800 2086 3854 hazc

495 3905 620 3961 qua:
657 3890 925 3946 miraculo
972 3891 1137 3946 hodie
1191 3906 1261 3946 ex
1300 3889 1551 3946 Joachim
1622 3906 1688 3946 ac
1742 3891 1916 3944 Anna:
1965 3906 2088 3961 ger-

496 3983 672 4038 minat
707 3983 1006 4039 infecunda
1051 3981 1277 4038 radice?
1310 3983 1472 4054 cujus
1519 3983 1657 4038 laetis
1694 3983 1909 4055 gaudiis
1940 3985 2086 4038 diem

497 4076 848 4132 celebramus
898 4077 1176 4143 natalem;
1229 4092 1295 4132 ac
1339 4077 1500 4145 cujus
1564 4087 1792 4146 partus,
1847 4077 2092 4149 mysterii

499 4169 767 4236 maximi,
824 4169 1029 4235 Verbi,
1092 4170 1351 4253 inquam,
1415 4170 1470 4223 in
1528 4184 1697 4224 carne
1742 4169 2088 4236 nativitatis,

499 4261 832 4317 miraculum
857 4261 1123 4316 inchoat:
1154 4261 1316 4331 cujus
1353 4261 1597 4332 denique
1626 4261 1821 4334 gratia,
1859 4262 2092 4318 celebris

501 4353 596 4410 hic
625 4353 794 4409 totius
840 4353 1026 4424 populi
1067 4367 1379 4418 concursu,
1437 4368 1706 4425 sacerque
1734 4354 1975 4411 indictus
2008 4362 2094 4410 est

501 4459 570 4502 ac
592 4455 817 4502 coactus
846 4455 1178 4502 conventus.

572 4541 876 4613 Oportebat
905 4542 1052 4596 enim
1076 4581 1093 4608 ,
1131 4542 1298 4613 plane
1325 4544 1615 4614 oportebat
1655 4553 1717 4600 ut
1743 4560 1828 4610 ea,
1871 4559 1995 4614 quae
2019 4543 2088 4599 ab
2121 4539 2164 4595 D

502 4633 638 4704 ipsis
685 4633 1012 4699 cunabulis,
1057 4642 1271 4688 castum
1300 4649 1502 4705 corpus
1523 4674 1540 4700 ,
1573 4643 1780 4690 castam
1817 4636 2092 4702 animam;

501 4734 683 4782 castas
722 4725 964 4796 denique
997 4725 1364 4797 cogitationes
1397 4742 1582 4797 ,supra
1616 4744 1779 4798 quam
1823 4730 2095 4784 sermonis

503 4819 558 4873 vi
579 4819 810 4888 exprimi
837 4826 1026 4888 queat,
1052 4825 1460 4886 conservasset,
1479 4819 1714 4874 Fictoris
1745 4819 1917 4875 Mater
1952 4837 2096 4890 prae-

504 4910 895 4965 destinaretur.
947 4909 1251 4981 Oportebat
1294 4921 1354 4966 ut
1381 4927 1503 4981 qua!
1529 4928 1559 4966 a
1591 4928 1765 4982 puero
1804 4911 1860 4966 in
1895 4912 2098 4981 templo

513 5000 693 5055 oblata
723 5009 888 5066 esset,
923 5001 1150 5072 locaque
1178 5003 1458 5060 inaccessa
1486 5012 1849 5075 penetrasset,
1879 5005 2094 5058 anima-

509 5103 624 5147 tum
648 5093 770 5163 cjus
794 5095 1057 5164 templum
1085 5096 1180 5164 qui
1210 5095 1486 5150 indiderat
1506 5095 1772 5161 animam,
1798 5098 2093 5166 conspice-

508 5197 680 5242 retur.
713 5185 1014 5257 Oportebat
1059 5199 1120 5243 ut
1145 5204 1287 5258 quae,
1323 5204 1466 5244 nova
1497 5204 1560 5243 ac
1593 5189 1814 5244 insolita
1847 5190 2093 5256 ratione,

507 5281 579 5335 ab
624 5279 935 5336 iul‘ecundis
981 5281 1184 5337 lumbis
1228 5291 1354 5337 nata
1396 5283 1726 5353 prodiisset,
1773 5292 2094 5352 parentum...

509 5389 618 5445 que
657 5373 919 5444 probrum
964 5375 1320 5444 abstulisset,
1361 5392 1592 5433 avorum
1623 5392 1842 5448 quoque
1877 5377 2095 5431 ruinam

510 5469 860 5524 instauraret.
905 5466 1098 5538 Neptis
1119 5468 1268 5524 enim
1307 5470 1578 5541 majorum
1615 5471 1803 5526 habuit
1838 5486 2098 5541 reparare

515 5573 703 5615 casum
730 5602 746 5628 ,
771 5559 989 5630 generis
1017 5559 1355 5616 Salvatorem
1383 5569 1544 5632 partu
1567 5560 1672 5615 viri
1693 5562 1879 5617 nescio
1903 5562 2096 5623 edens,

525 5669 590 5710 ac
631 5671 758 5711 eum
814 5671 1015 5725 corpus
1077 5654 1335 5710 induens.
1398 5655 1693 5726 Oportebat
1762 5665 1822 5710 ut
1871 5671 1992 5726 quae
2042 5670 2101 5710 se

622 5859 668 5892 ’°
707 5856 847 5914 Gen.
887 5875 927 5923 ι,
961 5857 1053 5913 26.

2168 574 2360 638 δέντος
2392 573 2657 626 διετίθετο
2686 573 3029 652 πλάσματος.
3066 574 3132 627 Ἥ
3162 574 3218 627 δὲ
3249 573 3520 646 (χαλεπῶς
3547 581 3650 650 γὰρ
3674 585 3731 638 τδ

2167 664 2508 733 ἀνθρώπινον
2537 664 2846 736 ἐξηγρίωτο
2871 667 2969 720 xui
3015 667 3342 739 ὲξηρήμωτο
3367 709 3382 733 ,
3431 670 3551 724 οὔτε
3589 673 3733 729 ἀπει-

2167 753 2308 837 λαῖς,
2337 755 2462 809 οὔτε
2493 760 2727 822 ποιναῖς,
2756 757 2881 810 οῦτε
2911 758 3120 830 νόμοις,
3149 759 3274 812 οὔτε
3319 763 3620 832 προφήταις
3647 769 3737 818 ἐπ-

2166 848 2526 919 αναγόμενον)
2547 849 2834 921 ἄνθρωπον
2855 851 3038 922 ἐζήτει
3063 853 3163 923 τῆς
3188 852 3358 922 αὐτῆς
3374 855 3503 924 ἡμῖν
3523 855 3737 928 λαχόντα

2169 939 2408 1010 φύσεως,
2441 944 2499 996 ὲν
2605 944 2703 1013 τῆς
2735 945 3062 1014 νομοθεσίας
3091 949 3217 1018 ἐνῆν
3241 947 3371 999 ἰδεῖν
3400 948 3738 1018 ἀπαράϐατον

2166 1030 2267 1103 τὴν
2291 1034 2624 1105 συντήρησιν
2644 1053 2657 1065 ο
2682 1035 2759 1099 ὡς
2785 1037 2850 1089 ἂν
2877 1035 2992 1106 ἔχοι
3019 1054 3078 1090 τε
3102 1037 3163 1090 τὸ
3186 1038 3523 1108 ἀνθρώπινον
3551 1036 3625 1104 οἷς
3646 1045 3738 1114 ὁρᾷ

2167 1123 2229 1178 τὸ
2249 1125 2510 1197 ὁμογενὲς
2535 1128 2974 1198 πολιτευόμενον,
3001 1131 3359 1201 ὲκμιμεῖσθαι
3380 1132 3439 1185 τὸ
3461 1134 3737 1203 ὁμόφυλον·

2170 1217 2266 1272 xui
2296 1217 2384 1271 ἵνα
2423 1217 2490 1272 δι’
2517 1211 2579 1272 οὗ
2611 1218 2672 1272 τὸ
2699 1219 2822 1272 καθ’
2867 1220 3028 1292 ήμῶν
3057 1222 3280 1291 κράτος,
3325 1224 3353 1276 ό
3381 1225 3480 1288 τὰς
3511 1228 3743 1296 μηχανὰς

2172 1311 2488 1383 ραψάμενος
2533 1313 2857 1385 ἀνεδήσατο,
2912 1314 3002 1368 διὰ
3035 1315 3230 1369 τούτου
3272 1317 3630 1390 καθαιρεθείη
3654 1322 3745 1388 τῆς

2172 1405 2420 1476 κυρείας,
2448 1406 2662 1478 ἐννόμῳ
2688 1407 2814 1480 νίκη
2836 1410 2928 1462 xui
2953 1409 3319 1482 ἀγωνίσματι.

2248 1769 2460 1825 Οὐκοῦν
2487 1769 2595 1823 ἔδει
2624 1769 2749 1823 τινὰ
2799 1768 2890 1822 τὸν
2922 1767 3023 1838 τῆς
3054 1767 3288 1840 Τριάδος
3336 1768 3417 1831 είς
3448 1768 3751 1840 ἀνθρώπους

2176 1861 2414 1920 τελέσαι,
2441 1861 2510 1914 ἵν’
2529 1857 2710 1934 ἧσπερ
2741 1855 2810 1931 ἦν
2837 1861 2898 1912 τὸ
2933 1860 3396 1932 πλαστούργημα,
3421 1861 3622 1932 ταύτης
3654 1865 3747 1917 ὕπ-

2178 1956 2346 2026 άρχον
2371 1954 2566 2024 ὀφθείη
2603 1954 2696 2006 xui
2717 1953 2780 2006 τὺ
2808 1953 3166 2024 ἀνάπλασμα.
3213 1955 3453 2008 Ἐκεῖνον
3474 1954 3529 2007 δὲ
3552 1955 3752 2018 πάντως

2177 2048 2291 2101 υἱὸν
2315 2046 2424 2100 ἔδει
2455 2048 2606 2102 κάτω
2633 2047 2996 2118 χρηματίσαι,
3049 2047 3146 2100 xui
3201 2046 3278 2118 μὴ
3333 2046 3656 2117 καθυϐρίσαι
3697 2050 3755 2103 τὺ

2178 2139 2290 2194 ἄνω
2315 2137 2556 2208 ἀξίωμα,
2582 2139 2673 2192 τὸν
2705 2139 2762 2203 ἐξ
2801 2139 2974 2193 ἀϊδίου
3009 2139 3171 2194 τοῦτο
3202 2141 3301 2194 καὶ
3324 2139 3454 2194 ὅντα
3487 2143 3578 2194 xui
3618 2141 3757 2207 δοξα-

2179 2232 2429 2302 ζόμενον.
2457 2231 2649 2285 Τελεῖν
2669 2231 2727 2286 δὲ
2767 2233 2850 2296 είς
2883 2233 3191 2306 ἀνθρώπων
3241 2235 3416 2297 υἱοὺς,
3452 2234 3550 2287 οὐκ
3579 2234 3642 2288 ἂν
3669 2238 3753 2302 ἐγ-

2179 2322 2391 2394 χωροῦν
2418 2323 2504 2393 εἴη
2531 2322 2699 2393 χωρίς
2721 2341 2783 2392 γε
2813 2324 3165 2394 σαρκώσεως.
3187 2325 3476 2395 Σάρκωσις
3495 2325 3624 2396 γάρ,
3646 2327 3752 2388 όδὸς

2180 2415 2274 2468 ἐπὶ
2307 2415 2583 2484 γέννησιν·
2603 2414 2853 2485 γέννησις
2868 2417 2948 2481 δὲ,
2968 2416 3270 2487 κυοφορίας
3291 2417 3533 2488 ὑπάρχει
3556 2418 3752 2487 συμπέ-

2183 2521 2386 2578 ρασμα.
2404 2505 2468 2557 Ἦ
2502 2505 2580 2568 δὲ,
2609 2506 2825 2577 μητέρα
2857 2508 3415 2578 συμπεριγράφουσα,
3439 2508 3536 2578 τὴν
3558 2509 3760 2577 ἑτοιμα-

2184 2599 2307 2652 σίαν
2325 2599 2530 2668 ταύτης
2555 2600 2782 2662 είκότως
2807 2601 3034 2653 ἀπαιτεῖ
3055 2600 3625 2672 προκαταὸάλλεσθαι.
3653 2602 3756 2669 Μη-

2179 2693 2316 2763 τέρα
2348 2692 2456 2746 ἐδει
2491 2694 2644 2746 κάτω
2673 2692 3153 2764 διευτρεπισθῆναι
3183 2692 3281 2746 τοῦ
3311 2694 3559 2748 Πλάστου
3600 2694 3674 2757 είς
3703 2695 3756 2746 τὸ

2180 2783 2244 2839 τὸ
2270 2785 2558 2857 συντριὸὲν
2584 2785 3007 2840 ἀναπλάσασθαι
3035 2802 3049 2816 ·
3083 2785 3180 2838 xui
3223 2784 3439 2856 ταύτην
3483 2782 3756 2856 παρθένον,

2183 2879 2252 2932 ἵν’
2275 2879 2467 2948 ὥσπερ
2521 2881 2585 2932 ἐκ
2617 2879 2892 2950 παρθένου
2927 2878 3034 2948 γῆς
3057 2879 3085 2930 ό
3112 2878 3335 2949 πρῶτος
3373 2879 3655 2951 ἄνθρωπος
3687 2879 3757 2932 δι-

2182 2971 2518 3036 επέπλαστο,
2537 2971 2679 3024 οὓτω
2701 2971 2790 3024 διὰ
2819 2970 3091 3043 παρθένου
3120 2975 3362 3040 μήτρας,
3381 2971 3759 3042 πραγματευθῇ

2181 3067 2216 3135 ή
2249 3065 2556 3128 ἀνάπλασις
2577 3081 2593 3096 ·
2655 3064 2748 3118 καὶ
2785 3065 2874 3118 ἵνα
2907 3064 3153 3136 μηδεμία
3191 3064 3325 3134 μηδ’
3382 3065 3604 3134 ἐννόμου
3635 3065 3762 3134 πάρ-

2110 3191 2154 3250 c
2186 3157 2306 3221 οδος
2340 3158 2556 3229 ἡδονῆς,
2590 3157 2714 3228 μηδ’
2738 3157 3053 3230 ἐπινοηθείη
3074 3156 3153 3227 τῷ
3177 3157 3333 3228 τόκῳ
3359 3157 3453 3210 τοῦ
3479 3158 3760 3221 κτίσαντος·

2185 3249 2383 3322 ἡδονῆς
2412 3246 2603 3322 γὰρῆν
2635 3251 3003 3320 αἰχμάλωτος,
3035 3249 3095 3302 ὃν
3120 3253 3148 3303 ό
3173 3251 3461 3320 Δεσπότης
3489 3249 3765 3319 ἐλευθερῶ-

2188 3361 2278 3397 σαι
2304 3345 2404 3414 τὴν
2429 3345 2684 3414 γέννησιν
2716 3343 3067 3409 κατεδέξατο.
3108 3343 3271 3396 Ἀλλά
3290 3346 3383 3407 τίς
3405 3343 3530 3410 ἀξία
3560 3359 3763 3414 χρημα-

2185 3437 2335 3491 τίσαι
2369 3437 2461 3490 τοῦ
2487 3437 2787 3508 μυστηρίου
2813 3437 3091 3502 διάκονος;
3126 3437 3222 3500 Τίς
3247 3435 3381 3501 ἀξία
3412 3438 3607 3508 Μήτηρ
3628 3434 3766 3503 γενέ-

2190 3533 2316 3585 σθαι
2344 3531 2502 3597 Θεοῦ,
2549 3532 2644 3586 xui
2680 3533 2859 3602 σάρκα
2915 3533 3158 3585 δανεῖσαι
3210 3532 3288 3601 τῷ
3354 3529 3668 3584 πλουτοῦντι
3705 3529 3766 3580 τὰ

2192 3623 2528 3695 σύμπαντας
2564 3624 2661 3688 Τίς
2713 3624 2808 3678 οὖν
2856 3624 3090 3695 ἀξία;ἣ
3143 3624 3303 3694 δῆλον
3361 3625 3443 3677 ὅτι
3478 3624 3611 3694 αῦτη
3661 3621 3769 3690 ήὲξ

2203 3716 2462 3786 Ίωακεὶμ
2495 3717 2591 3769 xui
2625 3717 2824 3789 Ἀννης
2851 3720 2950 3787 τῆς
2982 3717 3235 3787 ἀκάρπου
3269 3719 3434 3788 ῥίζης
3469 3716 3768 3788 παραδόξως

2193 3807 2548 3879 βλαστήσασα
2569 3809 2813 3880 σήμερον
2833 3827 2848 3875 ;
2883 3805 2950 3882 ἧς
2971 3811 3132 3879 ἡμεῖς
3157 3809 3433 3879 λαμπρῶς
3456 3809 3769 3880 ἑορτάζομεν

2190 3899 2260 3952 τὰ
2289 3899 2564 3968 γενέθλια,
2619 3901 2714 3953 xui
2740 3894 2809 3972 ἧς
2843 3901 2872 3952 ὀ
2905 3901 3098 3964 τόκος,
3132 3899 3226 3952 τοῦ
3267 3902 3533 3970 μεγίστου
3583 3917 3770 3971 μυστη-

2197 3993 2337 4062 ρίου,
2364 3991 2468 4062 τῆς
2492 3993 2550 4045 ὲν
2583 3992 2772 4063 σαρκὶ,
2810 3993 2972 4062 φημὶ,
3007 3993 3102 4046 τοῦ
3133 3993 3310 4062 Λόγου
3354 3996 3680 4063 γεννήσεως,
3716 3993 3771 4043 τὸ

2195 4084 2383 4155 θαῦμα
2415 4086 2862 4157 προοιμιάζεταιο
2915 4086 3014 4139 xui
3063 4086 3132 4139 δι’
3155 4087 3223 4158 ἢν
3265 4088 3298 4158 ἡ
3339 4086 3620 4158 πάνδημος
3643 4083 3770 4156 αῦτη

2195 4178 2292 4231 xui
2317 4176 2438 4231 θεία
2462 4178 2772 4251 πανήγυρις
2803 4179 3263 4251 συγκεκρότηται.

2269 4538 2419 4592 Ἔδει
2449 4538 2581 4609 γὰρ,
2609 4538 2717 4592 ἔδει
2744 4538 2844 4610 τὴν
2906 4537 2967 4604 ἐξ
3016 4538 3197 4592 αὐτῶν
3242 4541 3578 4613 σπαργάνων
3622 4542 3772 4610 ἁγνὸν

2196 4632 2297 4703 μὲν
2325 4633 2388 4685 τὸ
2418 4632 2603 4702 σῶμα,
2647 4633 2818 4702 ἁγνὴν
2847 4631 3026 4703 δὲτὴν
3064 4632 3244 4704 ψυχὴν
3265 4675 3279 4693 ,
3327 4635 3528 4703 ἁγνοὺς
3569 4635 3624 4687 δὲ
3659 4636 3775 4696 τοὺς

2193 4724 2511 4794 λογισμοὺς,
2546 4727 2795 4796 κρεῖττον
2823 4725 2854 4796 ἢ
2885 4725 3050 4796 λόγῳ,
3084 4729 3522 4798 συντηρήσασαν,
3559 4726 3774 4796 Μητέρα

2193 4816 2401 4887 ταύτην
2449 4815 2844 4888 προορισθῆναι
2879 4817 2975 4870 τοῦ
3024 4819 3352 4882 Πλάσαντος.
3414 4821 3563 4873 Ἔδει
3592 4819 3686 4887 τὴν
3715 4820 3774 4868 ἐκ

2197 4911 2434 4982 βρέφους
2462 4911 2576 4980 ναῷ
2597 4910 3026 4981 προσαχθεῖσαν,
3062 4913 3157 4965 καὶ
3183 4914 3297 4975 τοῖς
3339 4913 3566 4974 ἀϐάτοις
3601 4912 3771 4970 τόποις

2200 5003 2644 5074 ἑμϐατεύσασαν,
2702 5002 2947 5073 ἔμψυχον
2997 5004 3124 5057 ναὸν
3172 5004 3402 5076 ὀφθῆναι
3461 5003 3556 5056 τοῦ
3579 5003 3770 5068 ταύτην

2199 5095 2578 5166 ψυχώσαντος.
2603 5095 2754 5150 Ἔδει
2783 5097 2882 5168 τὴν
2909 5096 2969 5161 ἐξ
2996 5098 3206 5166 ἀγόνων
3231 5098 3476 5167 λαγόνων
3497 5095 3774 5167 παραδόξῳ

2201 5189 2346 5258 λόγῳ
2373 5189 2682 5258 τεχθεῖσαν,
2707 5189 2801 5243 xui
2842 5189 2903 5242 τὸ
2923 5189 3032 5243 τῶν
3071 5189 3342 5244 τεκόντων
3393 5189 3775 5261 περιελομένην

2203 5280 2443 5349 ὄνειδος,
2505 5282 2602 5335 xui
2655 5281 2767 5336 τῶν
2809 5283 3174 5355 προπατόρων
3230 5282 3667 5335 ἀνακαλέσασθαι
3717 5280 3774 5331 τὸ

2205 5372 2520 5444 ἐλάττωμα.
2549 5373 2967 5428 ’Λνασώσασθαι
2997 5375 3106 5445 γὰρ
3148 5374 3274 5444 ἔσχε
3303 5375 3362 5428 τὸ
3405 5371 3718 5444 προγονικὸν
3743 5371 3776 5438 ἡ

2201 5467 2473 5534 ἀπόγονος
2511 5467 2646 5535 ἦττη
2659 5485 2756 5537 μα,
2785 5453 2877 5521 τόν
2929 5470 3159 5540 Σωτῆρα
3188 5469 3282 5520 τοῦ
3323 5467 3514 5536 γένους
3543 5464 3774 5533 ἀνάνδρῳ

2200 5559 2348 5631 τόκῳ
2401 5561 2809 5633 γεννησαμένη,
2865 5564 2962 5616 καὶ
3009 5561 3198 5615 τοῦτον
3248 5560 3769 5632 σωματουργήσασα.

2207 5652 2355 5708 Ἔδει
2388 5653 2486 5723 τὴν
2521 5653 2597 5724 τῷ
2643 5655 2829 5709 κάλλει
2862 5656 2962 5726 τῆς
2992 5655 3170 5726 ψυχῆς
3216 5654 3415 5725 ἑαυτὴν
3446 5653 3660 5724 ὡραίως
3686 5649 3767 5717 ἐμ
