4032 6432
322 373 424 437 561

1110 393 1461 457 HOMILIA
1504 400 1556 464 Ι.
1591 427 1664 437 -
1693 403 1778 464 ΙΝ
1813 405 2236 469 SS.‘MARIIE
2275 409 2825 476 NATIVITATEM.

3500 421 3605 486 562

325 492 724 601 μορὲοὼσασαν,
758 500 964 573 λογάδα
1002 507 1223 581 νύμφην
1270 514 1672 590 ἐμφανισθῆναι
1707 521 1788 593 τῷ
1829 525 1912 578 οὗ·

2018 528 2185 582 animi
2225 529 2426 584 decore
2460 530 2692 600 pulchre
2732 537 3109 600 peromasset,
3145 545 3345 601 sponsa
3401 536 3602 591 eximia

322 585 502 685 ρα-νίῳ
536 592 757 685 νυμφίῳ
787 598 1200 667 ἐμπρέπουσαν.
1256 607 1404 660 Ἔδει
1432 585 1663 680 τὴντῶν
1699 585 1914 685 ἀρετῶν

317 679 440 741 τοῖς
468 678 694 750 τρόποις
745 685 824 748 ὡς
865 686 1088 760 ἄστροις
1135 695 1337 767 ἑαυτὴν
1381 699 1796 772 ούρανὼσασαν,
1823 708 1915 761 τὸν

319 771 431 835 τῆς
455 773 808 849 δικαιοσύνης
857 781 1188 852 ἀνίσχουσαν
1220 789 1430 854 Ἥλιον,
1464 795 1600 846 πᾶσι
1661 799 1774 861 τοῖς
1820 818 1914 856 πι-

323 866 479 930 στοῖς
505 869 932 943 ἐπιγνωσθῆναι.
975 877 1122 930 Ἔδει
1158 879 1258 950 τὴν
1292 881 1549 952 καθάπαξ
1578 887 1779 960 ἑαυτὴν
1801 891 1914 944 τῶν

319 959 679 1029 παρθενικῶν
712 966 961 1035 αἱμάτων
993 971 1057 1040 τῇ
1109 971 1252 1043 βαφῇ
1315 959 1778 1049 πορφυρώσασαν,
1833 986 1914 1047 είς

320 1049 624 1122 ἁλουργίδα
642 1059 979 1126 χρηματίσαι
1011 1063 1106 1114 τοῦ
1131 1066 1547 1135 παμϐασιὶέως.
1570 1072 1632 1124 ’Ὼ
1657 1073 1749 1126 τοῦ
1777 1074 1913 1128 θαύ-

323 1160 501 1241 ματος
525 1146 538 1198 ί
562 1145 675 1241 ὂ-νῆ
706 1149 968 1218 σύμπασα
999 1155 1178 1219 κτίσις
1206 1158 1268 1210 οὐ
1302 1163 1488 1230 χωρεῖ,
1537 1165 1568 1232 ἡ
1603 1167 1912 1241 παρθενικὴ

317 1237 543 1307 γαστὴρ
573 1239 1035 1313 ἁστενοχωρήτως
1061 1250 1340 1316 κυοφορεῖ.
1383 1252 1480 1304 Ὃν
1515 1253 1585 1305 τὰ
1628 1237 1913 1328 Χερουϐὶμ
1995 1249 1998 1252 ⁴

317 1328 599 1393 ἁτενίζειν
648 1333 711 1386 ού
758 1335 955 1404 τολμᾷ,
1011 1339 1267 1412 πηλίναις
1324 1346 1577 1416 χερσί.νὴ
1637 1347 1914 1416 Παρθένος

317 1421 715 1496 ἀγκαλοφορεῖ.
749 1428 842 1480 Τὸ-
867 1429 994 1500 ὅρος
1015 1431 1076 1485 τὸ
1096 1433 1271 1501 ἅγιον,
1318 1437 1383 1490 ὲκ
1415 1439 1516 1508 τῆς
1552 1441 1761 1510 ἐρήμου
1813 1443 1913 1496 καὶ

319 1513 524 1580 ἁγόνου
557 1518 770 1586 μήτρας
796 1522 1148 1592 προέρχεται,
1172 1525 1234 1590 ἐξ
1258 1519 1320 1579 οὗ
1365 1528 1598 1598 τμηθεὶς
1636 1531 1763 1585 ἄνευ
1799 1551 1911 1602 xst-

324 1605 438 1674 ρῶν
488 1606 638 1670 λίθος
688 1609 903 1678 ἔντιμος
965 1615 1362 1685 ἀκρογωνιαίος
1411 1622 1648 1692 Χριστὸς
1699 1627 1728 1678 ὁ
1777 1626 1910 1690 Θεὸς

320 1696 505 1765 ήμῶν,
532 1698 598 1752 τὰ
624 1699 733 1752 τῶν
761 1701 1035 1773 δαιμόνων
1063 1709 1288 1780 τεμένη,
1313 1712 1409 1764 καὶ
1437 1714 1508 1765 τὰ
1527 1714 1622 1767 τοῦ
1646 1714 1774 1786 ᾅδου
1807 1716 1907 1786 βα-

2017 621 2226 676 caelesti
2251 636 2493 693 congrue
2540 636 2748 691 sponso
2785 623 3133 691 proderetur.
3195 623 3498 692 Oportebat
3546 637 3606 681 ut

2017 726 2137 781 quae
2159 726 2219 765 se
2240 710 2504 766 virtutum
2524 711 2701 766 modis
2716 711 2866 766 velut
2887 712 3058 767 stellis
3078 712 3278 768 ccelum
3303 713 3600 782 eﬂ'ccisset,

2012 802 2246 872 justitiae
2265 801 2448 858 Solem
2476 803 2825 872 praetendens
2842 802 3094 858 ﬁdelibus
3123 803 3400 860 universis
3429 820 3604 874 agno-

2016 905 2284 950 sceretur.
2317 894 2620 966 Oportebat
2651 903 2712 949 ut
2768 911 2889 964 quae
2918 893 3262 966 virginalium
3290 911 3348 950 se
3380 897 3603 967 sangui-

2016 1001 2149 1040 num
2205 988 2415 1041 murice
2467 988 2694 1041 omnino
2748 986 3072 1048 imbuisset.
3110 986 3167 1040 in
3219 988 3601 1043 universorum

2017 1082 2160 1151 regis
2197 1081 2438 1136 trabeam
2479 1081 2715 1135 cederet.
2762 1078 2808 1133 0
2857 1080 3214 1134 miraculum!
3251 1078 3425 1146 Quem
3476 1080 3605 1135 uni-

2015 1188 2172 1228 versa
2217 1181 2397 1229 creata
2447 1188 2559 1226 non
2601 1172 2862 1242 capiunt,
2909 1187 3036 1228 eum
3082 1171 3363 1242 virginalis
3412 1181 3604 1227 uterus

2014 1265 2152 1320 nihil
2193 1273 2581 1335 angustatum;
2629 1280 2694 1319 eo
2731 1265 2874 1318 fetus
2921 1272 3115 1334 gestat.
3159 1265 3216 1316 in
3251 1279 3414 1333 quem
3456 1264 3602 1316 Che-

2015 1357 2196 1412 rubim
2213 1357 2496 1411 oculorum
2520 1357 2692 1411 aciem
2715 1356 2882 1428 ﬁgere
2899 1372 3010 1410 non
3041 1356 3266 1419 audent,
3287 1371 3414 1410 eum
3439 1355 3602 1425 Virgo

2014 1451 2178 1507 luteis
2214 1451 2472 1506 manibus
2505 1450 2560 1504 in
2592 1451 2739 1506 ulnis
2784 1451 3146 1521 amplexatur.
3191 1449 3346 1504 Mons
3381 1457 3604 1504 sanctus

2015 1544 2285 1600 edeserta
2350 1543 2636 1613 sterilique
2700 1544 2861 1599 vulva
2923 1542 3306 1615 progreditur,
3364 1559 3431 1597 ex
3493 1556 3602 1612 quo

2014 1635 2289 1706 pretiosus
2336 1635 2424 1690 ille
2473 1635 2937 1706 summangularis
2978 1635 3115 1705 lapis
3166 1634 3419 1690 Christus
3459 1634 3603 1690 Deus

2013 1737 2201 1782 noster
2242 1727 2390 1782 nulla
2434 1743 2697 1781 manuum
2730 1743 2897 1797 opera
2940 1727 3244 1792 abscissus,
3289 1727 3601 1782 daemonum

323 1786 524 1854 σξλεια,
560 1792 696 1862 αὐτῇ
753 1797 1028 1865 τυραννίδι
1056 1800 1397 1871 συνέτριψεν.
1441 1805 1499 1858 '0
1528 1806 1768 1877 ἔμψυχος
1807 1813 1902 1865 καὶ

2017 1819 2239 1875 delubra
2285 1860 2300 1884 ,
2337 1833 2402 1873 ac
2454 1818 2654 1874 inferni
2697 1819 2900 1891 regiam
2927 1861 2942 1884 ,
2996 1835 3102 1874 una
3147 1836 3270 1874 cum
3317 1821 3601 1889 tyrannide

318 1879 577 1948 οὐράνιος
603 1881 698 1936 ἐπὶ
729 1885 830 1953 γῆς
867 1887 1194 1956 χαλκεύεται
1219 1893 1492 1958 κλίϐανος,
1535 1899 1594 1948 ὲν
1628 1891 1670 1964 ᾧ
1693 1899 1722 1950 ὀ
1771 1900 1910 1955 πλά-

322 1987 459 2042 στης
485 1972 580 2025 τοῦ
615 1976 751 2041 ἐμοῦ
783 1979 1105 2048 φυράματος
1139 1983 1216 2054 τῷ
1248 1985 1415 2055 θεῖκῷ
1439 1989 1574 2057 πυρὶ
1595 1991 1696 2061 τὴν
1730 1991 1911 2063 ἀπαρ-

320 2063 426 2134 χὴν
448 2065 853 2137 όπτησάμενος,
888 2074 984 2126 καὶ
1011 2074 1110 2146 τὴν
1143 2076 1251 2131 τῶν
1297 2078 1554 2144 ζιζανίων
1599 2083 1909 2154 ἐπισποράν

320 2158 795 2228 συμφλεξάιιενος,
813 2165 934 2220 ὅλον
965 2169 1142 2239 ἑαυτῷ
1164 2171 1409 2242 καθαρὸν
1437 2175 1813 2242 ἀρτοποιεῖται
1846 2179 1909 2233 τὸ

318 2247 572 2320 φύραμα.

404 2342 568 2398 Ἀλλὰ
597 2347 649 2399 τί
675 2346 740 2400 ἄν
766 2365 850 2412 τις
875 2351 1049 2416 εἴποις
1087 2355 1140 2408 τί
1169 2355 1214 2408 δ’
1242 2356 1342 2410 οὐκ
1379 2359 1445 2413 ἄν
1471 2377 1556 2424 τις
1579 2363 1766 2427 πάθοι,
1797 2366 1909 2420 τῶν

313 2433 422 2526 τῆς
444 2436 729 2508 Παρθένου
759 2446 1122 2513 χαρισμάτων
1158 2450 1252 2503 καὶ
1297 2455 1746 2526 κατορθωμάτων
1789 2459 1909 2513 δια-ι

315 2524 503 2580 πλέων
523 2527 583 2580 τὸ
605 2529 864 2601 πέλαγος;
894 2535 1080 2607 Δειλιᾷ
1107 2539 1199 2592 καὶ
1227 2541 1409 2613 χαίρει
1434 2524 1446 2574 λ
1469 2524 1566 2597 καί
1585 2547 1785 2616 ἠρεμεῖ
1813 2549 1910 2602 καὶ

315 2617 642 2682 ἐξάλλεταιο
681 2624 778 2677 καὶ
803 2627 968 2682 πάλιν
1002 2631 1130 2702 σιγᾷ
1173 2633 1270 2684 καὶ
1319 2634 1762 2704 ἀναφθέγγεται·
1815 2640 1910 2692 καὶ

317 2710 671 2765 συστέλλεται
695 2717 788 2768 καὶ
825 2717 1188 2774 πλατύνεται·
1223 2721 1293 2776 τὰ
1347 2723 1448 2794 μὲν
1498 2725 1577 2796 τῷ
1607 2727 1779 2798 φόϐῳ,
1837 2728 1909 2781 τὰ

314 2803 372 2856 δὲ
406 2804 487 2874 τῷ
514 2806 664 2877 πόθῳ
695 2809 1232 2883 συμμεθελκόμενος.
1279 2815 1421 2885 Ἐγὼ
1455 2817 1500 2872 δ’
1549 2821 1788 2890 ἐμαυτὸν
1830 2820 1911 2892 τῷ

314 2897 475 2968 πόθῳ
505 2901 706 2969 μᾶλλον
763 2902 794 2974 ἢ
851 2904 928 2975 τῷ
965 2906 1118 2978 φόϐῳ
1159 2910 1279 2963 νυνὶ
1312 2913 1702 2982 χαρισάμενος,
1733 2915 1909 2986 ἡδέως

315 2990 412 3057 ἂν,
438 2987 498 3046 εὖ
537 2993 675 3059 ἴστε,
724 2997 818 3051 καὶ
861 2998 1044 3070 πολλῷ
1080 3001 1219 3070 ῥέων
1252 3002 1387 3073 ὑμῖν
1419 3008 1655 3078 ἐπέστην
1679 3024 1693 3038 ·
1725 3008 1776 3060 εί
1813 3009 1912 3062 καὶ

2011 1911 2292 1966 contrivit.
2335 1909 2629 1965 Animatus
2661 1927 2725 1965 ac
2759 1913 3000 1966 caelestis
3032 1913 3088 1966 in
3121 1919 3265 1966 terra
3304 1912 3602 1967 fabricatur

2010 1996 2298 2062 clibanus,
2359 1998 2415 2051 in
2459 2014 2567 2068 quo
2619 1999 2824 2068 plastes
2875 2000 2966 2055 ille
3036 2015 3100 2056 ac
3149 2001 3423 2067 conditor,
3465 2017 3603 2058 mea:

2011 2106 2205 2145 massa:
2226 2091 2495 2162 primitias
2524 2092 2710 2147 divino
2747 2109 3061 2164 excoquens
3091 2096 3217 2166 igne
3241 2131 3257 2156 ,
3304 2109 3368 2148 ac
3393 2093 3604 2149 zizania

2011 2183 2448 2253 superseminata
2515 2186 2881 2253 comburens,
2944 2194 3114 2242 totam
3185 2184 3289 2241 sibi
3340 2186 3604 2242 mundam

2010 2290 2246 2331 massam
2275 2277 2327 2330 in
2350 2291 2524 2346 panes
2547 2275 2818 2332 cﬂ‘ormat.

2081 2368 2282 2423 Verum
2312 2369 2446 2438 quid
2483 2369 2606 2438 quis
2637 2384 2747 2424 non
2773 2368 2942 2435 dicat,
2973 2370 3174 2441 quidve
3205 2369 3600 2444 non'patiatur,

2015 2461 2258 2533 Virginis
2298 2463 2570 2517 donorum
2610 2464 3048 2534 meritorumque
3073 2465 3302 2537 pelagus
3345 2465 3603 2536 pernavi-

2011 2555 2177 2625 gans?
2205 2554 2397 2609 Metuit
2423 2570 2487 2609 ac
2517 2555 2748 2625 gaudet;
2781 2555 3016 2625 quiescit
3044 2571 3106 2611 ac
3129 2557 3331 2623 exsilit;
3356 2572 3605 2612 rursum-

2011 2662 2118 2715 que
2158 2655 2302 2701 tacct
2325 2663 2389 2700 ac
2421 2647 2697 2717 loquitur;
2728 2649 3185 2720 contrahiturque
3216 2665 3283 2705 ac
3319 2650 3602 2718 dilatatur,

2011 2754 2117 2808 qua
2148 2739 2361 2803 timore,
2395 2755 2503 2809 qua
2529 2739 2806 2796 desiderio
2828 2757 3015 2796 secum
3042 2742 3408 2798 trahentibus.
3432 2742 3604 2798 Porro

2013 2846 2113 2903 ego
2149 2832 2641 2902 inpraesentiarum
2658 2834 2952 2901 desiderio,
2971 2851 3134 2906 quam
3153 2836 3334 2890 timori
3367 2836 3604 2907 amplius

2012 2924 2324 2996 indulgens,
2350 2925 2566 2991 lubens,
2592 2926 2764 2996 probe
2792 2928 2988 2993 nostis,
3008 2929 3172 3000 longe
3193 2928 3349 2984 vobis
3381 2929 3605 2985 uberius

2013 3033 2340 3090 congressus
2367 3033 2572 3086 essem,
2599 3035 2913 3090 quanquam
2938 3021 3113 3076 inutili
3145 3021 3409 3077 orationis
3431 3021 3605 3089 fluxu,

313 3085 582 3201 prﬁd’ﬂp
631 3086 728 3140 τοῦ
763 3088 926 3157 λόγου
957 3091 1038 3162 τῷ
1081 3094 1340 3165 ῥεύματι,
1387 3096 1501 3152 τῶν
1558 3099 1909 3170 παρθενικῶν

2019 3085 2405 3181 praestantibus
2440 3085 2724 3166 miraculis
2747 3085 2989 3182 \lirginis
3018 3113 3170 3169 velut
3202 3123 3521 3186 stagnantes
3539 3085 3606 3172 ac

315 3175 622 3266 θαυμάτων
647 3179 991 3252 ἐλλιμνάζειν
1017 3187 1142 3256 ἐμοὶ
1169 3187 1266 3241 καὶ
1291 3188 1398 3256 πλη
1408 3192 1646 3261 μμύρειν
1672 3210 1910 3266 παρεχο-

315 3265 502 3335 μένων
524 3285 538 3300 ο
580 3268 818 3340 μάλιστά
845 3288 907 3339 γε
939 3275 1035 3327 καὶ
1061 3274 1207 3345 ὑμᾶς
1227 3278 1392 3348 ὁρῶν,
1443 3265 1765 3352 προθύμως
1810 3285 1910 3354 μὲν

311 3359 419 3422 τὰς
467 3359 640 3424 ἀκοὰς
695 3363 1193 3432 ἀναπεταννύντας,
1251 3371 1372 3424 ὅλον
1401 3372 1456 3426 δὲ
1485 3377 1578 3426 τὸν
1611 3374 1739 3428 νοῦν
1773 3378 1912 3448 πρὸς

311 3449 418 3520 τὴν
447 3449 728 3521 εὐφημίαν
753 3454 850 3524 τῆς
897 3453 1288 3528 Ἀειπαρθένου
1344 3460 1763 3531 ἀναψαμένους·
1816 3467 1913 3519 καὶ

313 3541 442 3611 ἅμα
500 3543 921 3614 ἀφοσιούμενος,
981 3549 1035 3600 εἴ
1091 3566 1144 3604 τι
1205 3553 1318 3621 ἐγὼ
1375 3554 1763 3625 τετελεσμένος
1797 3561 1912 3624 τοῖς

315 3633 678 3702 παρθενικοῖς
706 3636 914 3708 ὀργίοις
943 3640 1284 3714 καθέστηκα.
1323 3645 1463 3698 Ἀλλ’
1486 3648 1638 3719 ὅμως
1668 3651 1697 3703 ὁ
1720 3651 1914 3722 καιρὸς

313 3724 411 3778 ἐπ’
432 3725 567 3779 ἄλλα
592 3729 934 3798 παρακαλεῖ’
970 3734 1057 3786 ἐπ’
1085 3733 1254 3806 ἄλλην
1283 3737 1451 3810 τιμὴν
1477 3739 1580 3809 τῆς
1607 3741 1910 3814 Παρθένου·

310 3817 420 3886 τῆς
447 3821 740 3892 μυστικῆς,
774 3824 920 3894 φημὶ
943 3863 958 3889 ,
991 3827 1086 3879 καὶ
1118 3828 1462 3898 ἅναιμάκτου
1499 3831 1690 3898 θυσίας
1730 3834 1915 3906 ἀπάρ-

313 3907 520 3970 ξασθαι
545 3909 701 3982 (τιμὴ
729 3915 836 3984 γὰρ
862 3917 1108 3988 Μητρὸς,
1136 3921 1169 3989 ή
1207 3920 1318 3973 τῶν
1351 3921 1616 3976 ἑκουσίων
1653 3924 1750 3978 τοῦ
1783 3925 1914 3978 Υίοῢ

311 3999 666 4071 παθημάτων
694 4005 1025 4077 ἀνάμνησις)
1045 4025 1060 4042 ο
1093 4010 1182 4080 ἐφ’
1205 4010 1274 4081 ἢν
1297 4011 1698 4084 μθελκὸμεθα,
1728 4015 1825 4070 καὶ
1848 4018 1918 4088 ἢν

311 4090 742 4164 ἐπικαιρότατον
777 4098 1121 4166 ἱεράσασθαι.

405 4183 570 4238 Ἀλλὰ
602 4188 689 4250 σὺ,
721 4183 765 4241 ὦ
796 4190 1040 4262 Παρθένε
1074 4193 1170 4246 καὶ
1216 4195 1421 4268 Μήτηρ
1469 4197 1565 4251 τοῦ
1597 4199 1796 4268 Λόγου,
1852 4201 1915 4254 τὺ

315 4273 455 4344 ἐμὸν
489 4276 802 4349 ἱλαστήριον
838 4284 934 4334 καὶ
958 4285 1302 4354 προσφύγιον
1323 4302 1338 4316 °
1389 4290 1424 4359 ἠ
1460 4289 1780 4361 παραδόξως
1813 4290 1915 4361 μὲν

317 4369 388 4421 ὲκ
419 4372 642 4440 στείρας
670 4377 1054 4448 γεωργηθεῖσα
1075 4393 1090 4410 '
1123 4382 1561 4455 παραδοξότερον
1591 4384 1649 4438 δὲ
1675 4386 1767 4438 τὸν
1792 4386 1918 4440 στά-

2018 3202 2361 3258 exundantes
2402 3219 2575 3274 aquas
2621 3219 2731 3258 :ac
2772 3204 3030 3270 maxime,
3056 3204 3202 3275 quod
3245 3217 3300 3260 et
3335 3221 3435 3262 vos
3491 3214 3609 3262 tota

2011 3295 2294 3350 alacritate
2315 3296 2530 3351 videam
2555 3296 2938 3367 adaperientes
2959 3313 3144 3360 aures,
3167 3306 3394 3370 totoque
3418 3299 3606 3354 animo

2013 3386 2068 3440 in
2106 3397 2390 3456 perpetuae
2429 3387 2668 3458 Virginis
2707 3403 2972 3445 accensos
3016 3390 3275 3457 laudem;
3333 3391 3610 3461 simulque

2012 3479 2320 3550 persolvam
2344 3479 2483 3550 ipse,
2516 3478 2562 3533 si
2601 3479 2735 3549 quid
2765 3479 3127 3550 virginalibus
3156 3482 3322 3552 orgiis
3345 3498 3409 3537 ac
3435 3482 3610 3540 sacris

2014 3571 2221 3625 exsisto
2253 3585 2383 3626 reus
2409 3590 2424 3628 :
2452 3587 2642 3626 verum
2691 3580 2909 3643 tempus
2952 3573 3018 3628 ad
3065 3574 3173 3629 alia
3206 3584 3469 3646 provocat
3496 3594 3510 3631 :
3539 3578 3607 3632 ad

2014 3662 2254 3735 Virginis
2295 3665 2459 3719 aliam
2512 3665 2727 3721 laudem
2775 3683 2789 3720 :
2838 3665 2906 3720 ad
2965 3667 3204 3738 mystici,
3260 3668 3508 3738 inquam,
3542 3684 3610 3724 ac

2015 3757 2294 3812 incruenti
2349 3758 2598 3812 sacriﬁcii
2662 3758 3093 3824 inchoationem,
3157 3759 3386 3830 (earum
3458 3758 3609 3814 enim

2015 3851 2334 3921 passionum
2351 3866 2474 3920 quae
2495 3848 2665 3905 Filius
2687 3851 2832 3905 ultro
2850 3851 3112 3922 suscepit.
3133 3849 3606 3918 commemoratio,

2017 3941 2195 3998 honor
2230 3951 2316 3998 est
2357 3943 2545 3999 Matris
2579 3961 2594 3998 :
2627 3943 2741 4014 )ad
2779 3944 2927 4014 quod
2967 3944 3159 4014 utique
3200 3945 3490 4012 trahimur,
3542 3959 3611 4002 ac

2017 4033 2174 4104 cujus
2203 4032 2445 4090 faciendi
2476 4034 2634 4090 adest
2665 4034 3196 4104 Opportunissimum
3225 4043 3464 4105 tempus.

2091 4213 2202 4271 Sed
2233 4222 2313 4278 tu,
2347 4229 2382 4269 ο
2407 4211 2574 4285 Virgo
2594 4229 2662 4270 ac
2694 4213 2861 4270 Verbi
2887 4215 3114 4278 Parens,
3141 4213 3463 4285 prepitiatio
3487 4229 3610 4269 mea

2016 4321 2083 4362 ac
2114 4306 2427 4378 refugium;
2459 4323 2582 4376 quae
2615 4307 2853 4362 mirabili
2898 4305 3112 4361 ratione
3143 4305 3215 4360 ab
3244 4305 3416 4360 sterili
3462 4305 3608 4361 edita

2019 4414 2110 4461 es;
2143 4398 2596 4468 mirabiliorique,
2627 4398 2834 4469 spicam
2857 4397 3018 4452 nobis
3035 4398 3161 4451 vita:
3189 4395 3433 4459 edidisti,
3464 4396 3608 4466 apud

314 4477 420 4528 χυν
450 4461 552 4533 τῆς
606 4463 753 4536 ζωῆς
787 4469 919 4538 ἡμῖν
952 4474 1449 4544 καρποφορήσασα,
1508 4475 1648 4546 πρὸς
1698 4477 1791 4531 τὸν
1826 4479 1912 4532 σὸν

2022 4490 2218 4546 Filium
2250 4500 2404 4547 tuum
2428 4505 2493 4545 ac
2516 4490 2686 4545 Deum
2719 4498 2971 4544 nostrum
2997 4487 3366 4553 intercedens,
3394 4501 3462 4542 ac
3491 4503 3609 4542 me-

320 4553 455 4607 Υίὸν
491 4556 586 4609 καὶ
619 4557 753 4611 Θεὸν
792 4559 947 4631 ἡμῶν
984 4562 1493 4638 διαπρεσϐευομένη
1533 4569 1628 4622 καὶ
1658 4571 1914 4641 μεσιτεύ-

319 4663 481 4713 cum,
506 4650 635 4712 τοὺς
667 4652 793 4714 σοὺς
825 4655 1073 4725 ὑμνητὰς
1115 4658 1316 4720 παντὸς
1357 4659 1531 4729 ῥύπου
1565 4661 1662 4714 καὶ
1710 4664 1914 4727 παντὸς

316 4740 823 4812 ἁποσμηξαμένους
863 4745 1231 4816 μολύσματος,
1267 4748 1364 4803 τοῦ
1396 4752 1648 4822 οὐρανίου
1688 4755 1915 4822 νυμφῶ-

316 4850 410 4896 νος
437 4835 624 4901 ἀξίους
643 4838 947 4902 ἀνάδειξον,
976 4841 1055 4904 εἰς
1086 4842 1258 4895 ἀΐδιον
1295 4842 1451 4915 λῆξιν
1492 4844 1571 4914 τῷ
1603 4846 1704 4916 τῆς
1735 4846 1911 4918 ὑπερ-

315 4927 506 4978 ονςίου
544 4928 776 4998 Τριάδος
799 4930 1011 5000 τρισσῷ
1045 4934 1186 5001 φωτὶ
1230 4934 1779 5006 καταυγαζομένους’
1816 4939 1913 4992 καὶ

268 5037 284 5078 ξ
315 5023 442 5082 ταῖς
467 5019 672 5090 ταύτης
707 5023 1090 5092 ἐντρυφῶντας
1120 5026 1427 5096 ὑπερφυὲσι
1456 5029 1552 5082 καὶ
1576 5029 1912 5099 ἁφθέγκτοις

317 5113 630 5182 θεάμασιν·
665 5116 722 5168 ἐν
758 5115 980 5188 Χριστῷ
1023 5117 1198 5190 Ἰησοῦ
1221 5119 1299 5189 τῷ
1327 5120 1518 5192 Κυρίῳ
1547 5121 1729 5192 ήμῶνν
1783 5117 1829 5191 ᾧ
1879 5125 1915 5195 ἡ

317 5204 448 5267 δόξα
500 5209 596 5260 καὶ
641 5207 705 5261 τὸ
742 5208 946 5282 κράτος
1000 5209 1083 5275 είς
1130 5211 1260 5276 τοὺς
1293 5211 1496 5277 αἰῶνας
1523 5213 1631 5268 τῶν
1675 5213 1911 5272 αἰώνων.

323 5297 532 5371 Ἀμήν·

2014 4582 2216 4639 diatrix
2252 4583 2544 4648 accedens,
2588 4581 2904 4638 laudatores
2946 4589 3072 4636 tuos
3113 4579 3185 4635 ab
3231 4579 3381 4634 omni
3427 4579 3609 4645 sorde,

2015 4675 2276 4744 omnique
2306 4674 2515 4729 macula
2543 4674 2902 4743 depurgatos,
2923 4671 3132 4727 caelein
3160 4671 3400 4725 thalamo
3420 4671 3614 4741 dignos

2015 4764 2186 4828 elIice,
2220 4774 2280 4818 ut
2305 4765 2360 4818 iu
2388 4764 2576 4834 requie
2607 4773 2891 4834 perpetua,
2916 4763 3086 4825 trino,
3117 4761 3427 4816 substantia
3458 4763 3609 4815 omni

2017 4854 2244 4924 majoris
2274 4855 2562 4911 Trinitatis
2585 4854 2817 4920 lumine,
2851 4854 3219 4920 illustrentur,
3250 4854 3479 4923 ejusque
3515 4852 3616 4906 tui-

2024 4947 2181 5000 rabili
2207 4962 2271 5001 ac
2292 4947 2558 5001 ineffabili
2585 4945 2899 5018 spectaculo
2917 4945 3292 5011 delectentur;
3316 4943 3373 4998 in
3395 4943 3615 4999 Christo

2022 5039 2152 5094 .lesu
2183 5039 2416 5095 Domino
2438 5048 2650 5110 nostro,
2678 5040 2766 5096 cui
2787 5038 2957 5111 gloria
2976 5053 3042 5095 ac
3060 5045 3307 5111 petestas
3328 5037 3384 5094 in
3415 5037 3613 5094 saecula

2030 5133 2380 5188 saeculorum.
2421 5132 2617 5187 Amen.
