4032 6460
479 401 586 477 583

1588 404 1850 466 PHOTI'l
1892 403 2403 463 PATRIARCHJE
2445 405 2551 465 GP.

3646 399 3743 462 564

1405 655 1478 710 De
1512 656 1768 727 Symcone
1794 656 2062 710 Christum
2088 655 2145 708 in
2173 653 2340 709 ulnas
2380 653 2698 721 suscipiente
2729 652 2829 721 (5).

1336 766 1608 823 (ΕΟΜΒεΙηε.
1638 763 1872 817 ΒὶὁιὶοιΙι.
1901 764 2178 817 Concionat.
2213 773 2250 818 t.
2272 767 2358 828 VI,
2381 766 2492 827 230,
2516 766 2626 828 ipso
2657 762 2981 826 interprete.)

557 871 675 929 Non
697 884 814 929 erat
832 876 1088 932 sacerdos
1102 875 1337 947 Symeon
1355 877 1455 949 (3‘)
1474 895 1487 932 :
1509 879 1614 932 etsi
1627 878 1786 948 longe
1801 878 2067 933 virtutum
2093 883 2147 940 Α
2171 889 2488 950 tantamque
2517 877 2790 932 atl‘uderat
2824 877 3026 942 lucem,
3060 885 3121 929 ut
3163 889 3283 945 quae
3326 888 3586 945 processu
3616 884 3746 930 tem-

485 977 813 1025 Ornamento
851 969 1229 1026 sacerdotibus
1287 971 1598 1040 praestabat.
1638 969 1845 1026 Idcirco
1899 973 2066 1028 etiam

481 1058 738 1114 sacerdos
767 1059 1010 1129 quidem,
1047 1061 1131 1116 liis
1156 1061 1528 1128 ministrabat,
1555 1077 1675 1131 qua:
1707 1063 1762 1117 in
1788 1078 1958 1133 puero
1980 1063 2066 1118 lex

483 1148 598 1209 lieri
651 1150 878 1220 jubebat
911 1169 924 1204 :
963 1161 1018 1206 at
1064 1152 1296 1222 Symeon
1343 1167 1468 1208 cum
1514 1163 1662 1209 recte
1711 1154 1872 1215 factis
1921 1154 2064 1222 aliis,

481 1251 595 1301 tum
625 1244 775 1298 senis
796 1244 996 1300 canitie
1029 1245 1380 1310 venerabilis,
1402 1245 1558 1315 juxta
1589 1245 1771 1300 divina
1804 1260 2065 1315 responsa

477 1336 622 1392 votis
661 1336 964 1392 fruebatur.
1018 1337 1252 1408 Agnovit
1285 1353 1414 1392 vere
1458 1337 1709 1392 evenisse
1752 1353 2014 1407 responsa
2046 1356 2060 1392 :

483 1430 700 1499 agnovit
738 1446 862 1485 eum
895 1430 986 1500 qui
1019 1429 1417 1500 prtedicabatur
1454 1449 1468 1484 :
1506 1444 1632 1484 eum
1679 1429 1930 1499 portabat
1969 1429 2062 1499 qui

485 1520 654 1578 verbo
705 1521 886 1574 omnia
940 1530 1120 1592 portat
1165 1539 1177 1574 :
1217 1521 1441 1590 visaque
1493 1521 1710 1592 generis
1768 1520 1962 1586 salute,
2003 1537 2067 1578 ac

473 1603 739 1674 'diviniori
777 1614 1019 1684 repletus
1043 1613 1354 1673 dulcedine.
1383 1613 1534 1676 nullo
1564 1613 1676 1682 jam
1719 1613 1844 1667 vita:
1879 1629 2068 1668 amore

483 1705 795 1768 tenebatur.
841 1707 982 1778 Quin
1031 1707 1214 1762 statim
1264 1717 1534 1776 pnesente
1593 1706 1789 1772 salute,
1845 1722 2066 1761 carnem

483 1801 782 1869 deponere,
815 1811 976 1870 atque
1006 1801 1090 1854 bis
1121 1801 1285 1858 etiam
1309 1799 1398 1869 qui
1423 1807 1578 1855 erant
1603 1798 1655 1852 in
1685 1798 1900 1852 inferno
1942 1797 2065 1853 fau-

487 1899 632 1946 stum
658 1893 850 1954 salutis
871 1909 937 1950 ac
976 1893 1371 1964 redemptionis
1397 1892 1650 1946 nuntium
1679 1891 1895 1956 aderre,
1922 1901 2069 1946 totus

483 1984 770 2052 gestiebat.
799 1985 976 2054 Atque
1003 1985 1169 2043 Deum
1196 1983 1416 2054 quidem
1435 1982 1811 2047 benedicehat,
1845 1981 1948 2036 hoc
1963 1990 2066 2046 est,

481 2074 734 2137 laudibus
777 2084 941 2146 atque
992 2076 1223 2131 canticis
1263 2075 1574 2133 celebrabat
1615 2092 1628 2128 :
1682 2073 1882 2144 alioqui
1938 2087 2069 2126 vero

2173 973 2340 1044 poris,
2367 971 2740 1041 paulatimque
2759 968 3054 1024 revelanda
3076 977 3254 1032 erant,
3281 977 3415 1024 tunc
3465 967 3553 1022 ille
3575 969 3746 1025 statim

2176 1071 2508 1134 repenteque
2539 1059 2880 1132 cognoverit.
2909 1059 2988 1114 Ac
3017 1073 3086 1113 ne
3113 1059 3201 1112 cui
3235 1059 3580 1112 occasionem
3619 1074 3748 1128 prae-

2173 1153 2298 1208 beat
2321 1151 2579 1222 Opinandi
2613 1166 2808 1206 omnes
2859 1166 2919 1206 se
2939 1149 3171 1220 populos
3199 1148 3403 1214 dicere,
3431 1147 3524 1217 qui
3542 1145 3746 1205 Judaeu-

2173 1261 2295 1300 rum
2349 1252 2507 1316 gente
2555 1243 3182 1314 comprehenderentur,
3264 1242 3369 1296 ista
3423 1241 3744 1313 subjungit:

2175 1337 2374 1394 Lumen
2401 1339 2472 1392 ad
2498 1337 2871 1392 reuelationem
2900 1337 3136 1409 gentium
3166 1351 3185 1390 :
3215 1334 3373 1405 quasi
3394 1333 3558 1398 dicat,
3588 1332 3748 1389 Nemo

2173 1437 2329 1500 putet
2356 1445 2575 1486 omnem
2605 1445 2693 1486 me
2718 1445 2918 1486 vocare
2969 1428 3262 1484 Judaicum
3310 1427 3572 1498 populum
3601 1444 3614 1480 :
3647 1427 3748 1481 imo

2175 1532 2350 1577 totum
2379 1523 2483 1578 hac
2513 1537 2650 1577 voce
2689 1521 2938 1594 signiﬁco
2970 1536 3142 1592 genus
3185 1522 3512 1575 humanum.
3546 1517 3748 1584 Etenim

2166 1635 2329 1690 quem
2375 1620 2551 1675 oculis
2579 1620 2762 1684 video,
2806 1620 2972 1688 inque
3013 1619 3158 1672 ulnis
3185 1617 3326 1681 fero,
3365 1617 3514 1672 salus
3543 1616 3640 1670 erit
3692 1631 3751 1672 ae

2166 1711 2474 1781 redemptio
2495 1710 2764 1765 omnium.
2783 1709 2973 1778 Neque
2998 1709 3114 1763 haec
3151 1708 3360 1763 dixisse
3388 1707 3523 1762 satis
3552 1709 3748 1775 habuit;

2165 1803 2262 1858 sed
2290 1805 2747 1876 condistinguens
2795 1812 2988 1858 contra
3027 1801 3284 1856 lsraelem
3321 1817 3518 1856 omnes
3553 1811 3749 1890 gentes.

2169 1898 2452 1968 subjungit
2483 1915 2495 1950 :
2527 1898 2728 1952 Lumen
2759 1902 2828 1951 ad
2852 1895 3230 1950 reuelationem
3278 1893 3546 1964 gentium,
3571 1905 3617 1946 et
3648 1894 3751 1964 glo-

2167 1991 2308 2043 riam
2331 1989 2494 2058 plebis
2554 2000 2658 2044 tua:
2695 1988 2868 2042 Israel
2896 1989 2941 2021 “
2968 2005 2988 2053 ;
3025 1985 3182 2057 quasi
3212 1985 3365 2042 dicat
3399 2003 3413 2039 :
3448 1983 3754 2040 Communis

2165 2080 2386 2149 quidem
2414 2079 2559 2134 salus
2582 2089 2686 2144 est,
2708 2094 2872 2148 quem
2903 2079 2957 2132 in
2979 2078 3120 2132 ulnis
3143 2085 3321 2147 gesto,
3354 2073 3534 2128 infans
3561 2073 3755 2130 cunctis

481 2167 645 2226 etiam
692 2169 1071 2237 benedicebal.
1111 2169 1257 2239 quod
1307 2167 1481 2223 laetas
1523 2167 1625 2222 sibi
1667 2166 2065 2237 promissiones
2163 2173 2440 2244 gentibus,
2470 2187 2534 2226 ac
2565 2171 2748 2226 lsraeli
2782 2189 2796 2225 :
2826 2186 3020 2226 verum
3047 2170 3310 2234 gentibus
3333 2167 3555 2238 quidem
3583 2167 3754 2221 lumen

481 2260 731 2315 evenisse
761 2261 991 2326 videret,
1025 2261 1168 2332 quod
1188 2261 1406 2316 lsraelis
1435 2259 1866 2316 consolationem
1889 2257 2062 2312 oculis
2161 2276 2262 2332 est,
2288 2265 2433 2336 quod
2454 2265 2523 2320 ab
2550 2265 2868 2320 idololatriae
2901 2265 3099 2319 educat
3123 2262 3371 2317 tenebris
3396 2278 3410 2314 :
3431 2259 3613 2315 lsraeli
3637 2274 3754 2314 vero

479 2367 762 2426 aspectare
803 2367 968 2427 atque
992 2357 1245 2412 manibus
1263 2365 1476 2428 gestare
1492 2355 1811 2410 meruisset:
1836 2353 2073 2421 hincque
2103 2354 2145 2410 B
2174 2357 2365 2429 gloria,
2405 2357 2549 2426 quod
2579 2357 2701 2411 data
2734 2356 2863 2410 olim
2891 2356 2997 2410 illis
3023 2353 3237 2426 legalia,
3269 2352 3476 2423 quibus
3491 2352 3559 2406 ab
3594 2351 3752 2406 idolo-

479 2464 638 2504 sacro
669 2450 863 2520 plenus
901 2449 1120 2520 gaudio,
1178 2448 1367 2512 Nunc,
1426 2448 1624 2518 inquit,
1686 2446 1909 2500 dimittis
1952 2460 2068 2497 ser-

481 2557 604 2598 vum
641 2551 790 2598 tuum
830 2543 884 2594 in
924 2557 1053 2609 pace
1111 2541 1182 2595 ".
1239 2540 1468 2606 Quando
1519 2539 1914 2611 promissorum
1963 2553 2066 2590 na-

479 2641 602 2686 ctus
659 2647 779 2686 sum
823 2633 1010 2694 tinem,
1047 2632 1211 2686 linem
1263 2646 1482 2700 quoque
1513 2628 1760 2683 mortalis
1785 2627 1894 2682 vita
1919 2627 2088 2681 acci-'

480 2725 595 2794 piat
616 2745 630 2778 :
650 2742 774 2787 nam
799 2725 914 2785 lucc
935 2726 1070 2789 mihi
1097 2725 1326 2781 verbum
1345 2733 1500 2778 tuum
1526 2722 1656 2777 olim
1688 2720 2061 2791 promittebat.

480 2817 695 2884 Etenim
716 2819 832 2886 fore
864 2829 925 2874 ut
947 2835 1052 2878 non
1071 2819 1314 2874 viderem
1330 2825 1560 2872 mortem
1585 2815 1689 2869 nisi
1711 2814 1830 2869 viso
1849 2814 2066 2869 Christo

481 2910 722 2977 Domini,
742 2912 859 2982 ipse
894 2912 1104 2982 pridem
1140 2911 1274 2970 mibi
1307 2897 1581 2980 pollicitus
1605 2922 1746 2962 eras.
1769 2906 1907 2972 Quia
1937 2921 2066 2960 vero

482 3003 538 3057 in
587 3019 738 3061 meos
785 3005 1138 3066 incurrerunt
1183 3004 1391 3064 oculos,
1438 3015 1560 3071 qua:
1585 2999 1902 3070 cupiebant,
1943 3015 2066 3067 qua:

479 3096 813 3166 quaerebam,
886 3111 1121 3165 quorum
1167 3093 1443 3149 desiderio
1514 3091 1851 3156 :estuabam,
1909 3089 2064 3143 Nunc

481 3190 702 3250 dimittis
746 3207 953 3246 servum
1005 3202 1178 3250 tuum,
1224 3187 1316 3258 qui
1363 3203 1467 3242 nec
1516 3185 1708 3240 mortis
1760 3183 2062 3254 periculum

484 3291 695 3352 paveat,
727 3298 830 3338 nec
859 3282 1155 3337 dubietatis
1187 3278 1610 3351 cogitationibus
1639 3285 1928 3339 terreatur,
1966 3273 2063 3329 sed

481 3376 636 3430 ﬁrma
682 3376 924 3448 potiatur
973 3390 1128 3446 pace,
1182 3389 1246 3429 ac
1304 3389 1425 3443 quae
1478 3370 1721 3429 laetitiam
1771 3368 2064 3438 plurimam

479 3470 677 3539 pariat.
712 3469 928 3524 Etenim
953 3468 1064 3523 vidi
1099 3468 1336 3526 salutare
1364 3465 1610 3524 omnium
1643 3463 1990 3535 p0pulorum.

550 3561 631 3614 Ac
658 3561 801 3626 vide,
828 3576 1034 3631 quaeso,
1075 3559 1245 3624 divini
1268 3558 1522 3628 sacrique
1555 3555 1704 3611 senis
1743 3563 2060 3610 accuratam

478 3654 838 3724 diligentiam.
866 3655 1190 3724 Priusquam
1220 3652 1367 3707 enim
1397 3650 1540 3706 beati
1575 3649 1720 3705 illius
1763 3647 2061 3718 spectaculi

2169 2465 2293 2504 rum
2329 2450 2510 2506 cultus
2537 2458 2887 2505 emerserunt
2914 2449 3167 2519 caligine,
3201 2448 3258 2501 in
3295 2446 3529 2517 gloriam
3554 2459 3615 2500 ac
3638 2459 3752 2514 per-

2168 2540 2462 2596 fectionem
2501 2556 2869 2595 conversurus
2909 2541 2999 2594 sit.
3041 2539 3322 2594 Praeterea
3375 2537 3542 2592 etiam
3597 2536 3751 2606 gloria

2166 2641 2251 2685 est
2292 2642 2453 2685 natus
2482 2624 2932 2702 pucr'lsraelitioi
2971 2630 3184 2700 populi,
3237 2639 3503 2698 tanquam
3554 2627 3646 2697 qui
3692 2643 3750 2682 ex

2167 2723 2467 2777 Abrahami
2517 2723 2729 2778 semine
2772 2721 2937 2776 homo
2966 2721 3263 2776 exstiterit.
3301 2721 3508 2774 Eadem
3555 2719 3663 2774 fere
3703 2728 3751 2772 et

2167 2815 2335 2870 Isaias
2357 2815 2600 2869 clamans
2637 2814 2712 2869 ait
2744 2833 2759 2870 :
2789 2814 2924 2868 Ecce
2951 2815 3109 2885 posui
3138 2822 3188 2866 te
3224 2814 3280 2865 in
3313 2812 3487 2866 lucem
3516 2813 3747 2882 gentium,

2166 2916 2225 2961 ut
2267 2908 2482 2977 aperias
2521 2907 2700 2960 oculos
2748 2923 3007 2961 cursorum
3051 2906 3133 2973 ⁹³;
3171 2906 3277 2960 hoc
3311 2914 3416 2971 est,
3443 2904 3548 2959 illis
3591 2903 3746 2959 visum

2165 3000 2428 3071 praebeas,
2469 2999 2756 3069 lucemque
2803 3016 2834 3053 a
2888 2999 3152 3060 tenebris,
3209 3009 3381 3068 atque
3425 3016 3454 3052 a
3486 2996 3749 3052 mendacio

2164 3093 2473 3159 veritatem,
2509 3093 2579 3148 ab
2625 3108 2812 3147 errore
2856 3095 3117 3163 pietatem
3169 3092 3480 3148 discernas.
3532 3090 3678 3147 Unde
3703 3097 3752 3144 et

2164 3185 2335 3241 David
2364 3186 2508 3242 bane
2562 3187 2863 3258 prmdicans
2897 3187 3151 3253 salutem,
3201 3186 3468 3256 velutque
3498 3183 3750 3256 plaudens

2165 3277 2442 3343 manibus,
2474 3294 2538 3333 ac
2568 3279 2768 3335 choros
2787 3280 2995 3334 ducens
3020 3298 3033 3334 :
3061 3278 3276 3346 Omnes,
3329 3279 3531 3349 inquit,
3567 3285 3746 3349 gentes,

2164 3369 2401 3438 plaudite
2425 3371 2690 3438 manibus,
2711 3372 2960 3441 quoniam
2987 3371 3240 3425 Dominus
3272 3371 3530 3433 excelsus,
3557 3368 3749 3424 terribi-

2165 3461 2251 3527 lis,
2273 3460 2386 3516 Rea:
2412 3479 2635 3533 magnus
2661 3479 2818 3532 super
2839 3478 3047 3517 omnem
3070 3463 3433 3517 ιενιιαιηθδιη.
3461 3461 3552 3517 Sin
3585 3471 3749 3517 autem

2163 3553 2368 3612 Christi
2391 3555 2629 3626 populus
2659 3556 2880 3622 dicitur,
2902 3566 3095 3627 estque
3116 3556 3283 3610 lsrael
3325 3564 3388 3610 ut
3417 3555 3750 3626 distinguitur

2163 3646 2487 3716 agentibus;
2545 3644 2902 3718 distinguitur
2975 3657 3158 3702 autem
3242 3645 3498 3704 Mosaicis
3558 3645 3748 3717 legibus

479 3761 705 3816 compos
792 3746 1131 3810 efﬁceretur.
1207 3744 1559 3814 exspectabat
1631 3741 2062 3797 consolationem
2091 3726 2137 3787 C
2167 3744 2333 3806 atque
2369 3737 2635 3802 moribus,
2668 3754 2981 3808 quanquam
3011 3739 3260 3795 nondum
3308 3739 3539 3810 gratiam
3572 3750 3749 3792 consc-

476 3837 646 3896 Israel
676 3860 689 3895 :
717 3849 772 3894 at
802 3841 895 3896 ubi
925 3841 1072 3910 quod
1105 3839 1354 3910 sperabat
1405 3853 1470 3891 ac
1502 3835 1757 3904 cupiebat
1789 3832 2059 3899 obtinuitj,

476 3947 587 4000 non
614 3933 727 4004 jam
749 3932 1179 3990 consolationem
1202 3930 1420 3994 clamat,
1445 3927 1540 3983 sed
1564 3925 1806 3981 omnium
1831 3924 2062 3979 salutem

2165 3840 2352 3894 cutus,
2407 3830 2634 3900 ejusque
2691 3846 2918 3902 compos
2955 3830 3156 3893 factus,
3193 3847 3346 3896 cum,
3385 3831 3626 3901 inquam,
3665 3826 3748 3898 qui

2163 3922 2217 3976 in
2251 3921 2435 3978 Veteri
2459 3923 2812 3979 Testamento
2847 3934 2931 3980 est
2961 3925 3082 3994 ejus
3112 3926 3354 3995 populus
3375 3926 3465 3992 sit,
3493 3921 3748 3994 quomodo

477 4022 940 4092 populorutnzsic
969 4021 1225 4076 nimirum
1253 4019 1400 4074 omni
1430 4032 1684 4073 sermone
1730 4031 1796 4070 ac
1823 4014 2064 4085 cogitatu
2162 4033 2273 4072 non
2307 4019 2672 4073 obstruunlur
2715 4017 2929 4088 perdita
2977 4017 3412 4074 Manichaeorum
3464 4032 3581 4084 ora,
3633 4027 3744 4085 (pne

477 4117 654 4192 major
696 4117 785 4173 ille
832 4117 888 4172 in
932 4131 1104 4186 puero
1153 4113 1336 4186 fulgor
1383 4113 1564 4167 virum
1639 4109 2060 4181 perstrinxerat.
2163 4111 2232 4166 ad
2260 4109 2408 4166 aliud
2437 4125 2535 4166 eos
2565 4109 2901 4188 principium
2936 4109 3228 4168 referunt?

2057 4393 2147 4449 Ill.

474 4534 648 4592 Photii
687 4532 1004 4602 patriarcha:
1035 4529 1629 4602 Constantinopolitani,
1656 4549 1801 4592 novre
1866 4547 2065 4592 sancite

541 4605 637 4660 Dei
689 4603 970 4660 Geni-tricis
1007 4603 1253 4666 ecclesite,
1316 4603 1372 4654 in
1401 4602 1605 4672 palatio
1634 4621 1667 4656 a
1703 4603 1906 4659 Basilio
1937 4608 2051 4662 Ma-

537 4677 729 4731 cedone
764 4684 1066 4740 exstructis,
1093 4673 1374 4742 descriptio
1409 4673 1508 4742 (4).

2174 4537 2401 4594 «Itszat;
2449 4536 2818 4605 πατριάρχου
2865 4534 3601 4600 Κωνσταντινουπόλεως,
3655 4530 3745 4605 ἐκ·

2229 4622 2452 4681 φρασις
2482 4603 2593 4675 τῆς
2705 4603 2834 4681 ἑοῖς
2855 4606 3201 4681 βασιλείοις
3224 4605 3383 4681 ’νέας
3431 4603 3744 4681 ἐκκλησίας

2230 4678 2343 4746 τῆς
2385 4679 2715 4747 ὑπεραγίας
2766 4679 3090 4740 Θεοτόκου,
3124 4677 3242 4730 ὑπὸ
3279 4676 3603 4730 Βασίλειον
3645 4676 3742 4726 τοῦ

2234 4748 2583 4815 Μακεδόνος
2617 4747 3145 4817 οὶκοδομηθείσης.

1503 4876 1806 4940 (Cononis,
1831 4879 2114 4946 Manipulus
2137 4897 2303 4936 rerum
2328 4887 2492 4936 Const.
2518 4897 2568 4946 p.
2595 4881 2732 4946 296.)

536 5005 745 5073 laetum
797 5005 962 5071 video,
1018 5007 1304 5090 praesentis
1353 5007 1459 5073 diei
1533 5023 1866 5072 conventum
1914 5028 1928 5065 :
1986 5029 2051 5068 ac

2227 5016 2458 5092 Φαιδρδν
2491 5013 2606 5086 ὁρῶ
2660 5015 2760 5084 τῆς
2817 5013 3103 5085 παρούσης
3165 5012 3385 5085 ἡμέρας
3427 5012 3522 5066 τὸν
3568 5006 3739 5064 σύλλο-

466 5100 682 5167 qualem
712 5115 874 5154 nemo
903 5101 1142 5154 humana
1175 5103 1397 5156 solertia
1431 5112 1596 5182 atque
1626 5119 1816 5174 opera,
1845 5121 1910 5160 ac
1941 5107 2047 5173 nisi
2078 5113 2088 5171 1

2171 5125 2270 5176 τον,
2300 5107 2396 5160 καὶ
2434 5100 2546 5159 οἷον
2589 5106 2692 5158 οὐκ
2739 5106 2804 5160 ἄν
2861 5123 2944 5168 τις
2997 5105 3327 5176 ἀνθρωπίνῳ
3385 5103 3740 5172 σπουδάσματι

464 5188 634 5244 divini
697 5187 881 5242 alllatu
927 5186 1181 5242 Numinis
1219 5189 1457 5245 conﬂare
1529 5193 1788 5261 potuerit.
1835 5195 2042 5261 Quam-

533 5335 575 5364 ⁹¹
623 5330 759 5387 Luc.
794 5349 854 5396 ιι,
880 5331 974 5387 29.
1053 5334 1100 5368 “
1129 5333 1263 5388 ibid.
1301 5334 1391 5388 59..

2151 5196 2246 5248 καὶ
2292 5195 2464 5265 χωρὶς
2525 5192 2676 5257 θείας
2725 5193 3099 5264 συγκροτῆσαι
3155 5195 3330 5266 ῥοπῆς
3381 5190 3736 5263 κατισχύσειε.

1471 5335 1516 5366 ⁸³
1551 5337 1654 5391 lsa.
1689 5351 1832 5404 xux,
1863 5338 1915 5393 6.
1991 5338 2110 5372 ’Μ’
2140 5339 2286 5394 Psal.
2320 5353 2466 5402 xm,
2499 5337 2557 5391 2.

1981 5482 2192 5539 ΝΟΤᾸΞ
2205 5525 2218 5537 .

535 5620 609 5688 ιδ)
644 5618 721 5673 Ex
750 5619 868 5673 Cat.
930 5617 1081 5670 card.
1118 5616 1256 5688 Maz.

531 5686 815 5762 mutatio
840 5688 1113 5762 ﬁyttteone
1143 5686 1532 5762 Theophanes,
1561 5689 2046 5762 Etttbymitts,,.etc.

533 5761 611 5834 (4)
642 5759 827 5834 Edidit
852 5755 1041 5834 Graece
1083 5757 1408 5812 Lambecius
1433 5775 1464 5814 e
1501 5764 1645 5832 regia
1689 5755 1908 5834 [lupara'
1937 5783 1950 5818 :
1979 5768 2049 5820 li-

461 5828 748 5905 buit'mihi
787 5839 844 5884 et
890 5828 1081 5905 [satine
1117 5841 1532 5905 rcprmseutare.
1566 5828 1786 5890 Laudat
1818 5838 2048 5905 perinde

463 5901 861 5962 gunsmminus
895 5899 1414 5976 Porpbyrogcnncta
1462 5902 1608 5961 illam
1655 5899 1839 5963 Basilii
1875 5909 2053 5966 Mace-

2152 5625 2332 5686 donis,
2359 5620 2704 5696 exstruendis
2729 5637 2827 5677 seu
2852 5621 3017 5696 etiam
3043 5620 3354 5696 reficiendis
3379 5616 3574 5696 divinis
3599 5622 3730 5667 tem-

2199 5698 2286 5761 lis,
2316 5693 2634 5764 religionem
2657 5707 2722 5746 ac
2746 5693 3202 5764 magniﬁcentiam
3225 5709 3245 5764 7:
3281 5691 3443 5764 inque
3459 5688 3541 5764 eis
3564 5688 3728 5764 ipsum

2199 5715 2286 5761 IIS,
2316 5715 2634 5764 TBIIgIOHCIII
2657 5715 2722 5746 ac
2746 5715 3202 5761 lllilglllllcellllalll
3232 5715 3245 5745 ζ
3281 5715 3443 5760 tltquc
3463 5715 3541 5741 Cla
3564 5715 3728 5755 Ιμδυιιι

2159 5715 2264 5823 hoc
2294 5766 2646 5835 tetnplumn.
2679 5764 2747 5835 55
2767 5763 2888 5832 ejus
2919 5763 3050 5835 Vita:
3080 5763 3268 5817 multis
3299 5758 3571 5835 describit.
3603 5752 3728 5835 Qui:

2155 5839 2282 5893 dam
2313 5823 2496 5889 tanien
2532 5833 2664 5887 vitio
2706 5823 2841 5887 dant
2883 5834 3054 5904 quod,
3110 5840 3374 5902 occupata
3405 5823 3723 5904 ejuscetttotli

2162 5906 2410 5970 azditiciis
2457 5905 2654 5971 classe,
2702 5904 2867 5964 libera
2902 5896 3219 5963 'Saracenis
3257 5896 3446 5976 'atquc‘
3484 5896 3716 5956 Barbaris
