4032 6420
402 345 510 412 567

1544 341 1808 400 ΡΠΟΤΙΙ
1848 338 2354 401 ΡΑΤΗΙΑΗΟΗᾸΞ
2394 344 2501 405 CP.
2557 367 2562 370 ·

3576 351 3680 416 568

404 467 524 522 ris?
575 465 844 522 Ostendas
875 463 1080 527 verbis,
1109 478 1230 534 qua:
1259 462 1410 532 prius
1445 462 1578 531 ipsis
1611 461 1776 514 rebus
1799 465 1985 512 osten-

2097 458 2287 527 λόγοις,
2318 458 2354 512 ἃ
2384 463 2495 524 τοῖς
2531 459 2715 531 ἔργοις
2752 460 3324 538 προῦπέδειξαςῘΑρα
3355 467 3466 539 γάρ
3517 471 3683 532 πάλιν

401 559 550 615 disti.
601 557 744 614 Num
780 558 924 614 enim
972 574 1161 612 rursus
1191 556 1454 611 adversus
1488 553 1756 607 Barbaros
1790 550 1983 612 victos,

405 662 606 721 tropaea
657 651 924 705 erexisti?
966 650 1176 715 Quibus
1220 648 1405 703 multis
1429 645 1815 713 continuisque
1847 642 1986 696 libe-

405 744 587 798 raliter
637 744 914 813 accepisti,
978 743 1065 796 his
1109 740 1474 813 congregasti,
1522 747 1579 793 ut
1629 737 1744 806 pari
1789 733 1986 805 gaudio

403 838 670 896 fruamur,
724 849 1185 904 communemque
1232 851 1296 888 ac
1349 832 1531 902 populi
1573 828 1815 885 universi
1855 841 1988 890 con-

401 937 568 988 ventu
597 967 612 990 ,
658 927 901 981 victoriae
933 925 1174 997 largitori
1221 925 1515 996 gratiarum
1556 922 1825 988 actionem
1859 935 1987 990 pro-

403 1032 618 1080 mamus
643 1033 657 1082 ;
684 1025 800 1080 aut,
829 1015 922 1086 qui
957 1017 1148 1071 hostes
1172 1015 1299 1075 data
1331 1014 1434 1068 ﬁde
1457 1012 1850 1080 dedititiosque
1889 1024 1985 1064 ac-

403 1108 656 1177 ceperis,
697 1108 1099 1177 sublimemque
1135 1116 1192 1162 et
1221 1106 1516 1176 superbum
1553 1104 1986 1174 alienigenarum

404 1201 650 1264 animum
694 1215 1026 1270 sensumque
1071 1199 1426 1270 depresseris,
1477 1198 1630 1256 Velut
1661 1195 1753 1268 qui
1791 1194 1882 1265 pio
1908 1209 1990 1248 re-

405 1294 708 1366 ligiosoque
752 1293 920 1346 animi
953 1308 1117 1348 sensu
1152 1303 1348 1352 cuncta
1389 1290 1484 1346 tibi
1524 1289 1780 1360 praeclare
1813 1297 1985 1358 gesta,

406 1387 461 1447 iu
509 1397 789 1457 potentem
837 1385 932 1440 Dei
984 1401 1206 1442 manum
1237 1384 1477 1449 referas;
1506 1390 1603 1437 aut
1635 1380 1726 1450 qui
1758 1378 1988 1450 imperio

403 1480 662 1548 subjicias
706 1480 893 1544 urbes,
937 1479 1070 1546 alias
1119 1479 1363 1549 quidem,
1403 1492 1530 1532 cum
1575 1475 1787 1546 pridem
1838 1473 1988 1528 cives

404 1573 639 1644 alerent,
695 1571 1018 1626 melioribus
1082 1571 1201 1642 ipse
1261 1567 1527 1624 institutis
1579 1565 1984 1638 composueris',

405 1664 544 1736 alias
579 1663 744 1729 etiam
769 1678 798 1718 ιι
823 1662 1199 1719 fundamentis
1222 1661 1484 1728 erexeris,
1509 1660 1748 1730 aliasque
1777 1659 1988 1714 instau-

389 1751 634 1819 'raveris,
686 1769 752 1810 ac
800 1754 1014 1825 imperii
1064 1754 1203 1810 ﬁnes
1255 1755 1464 1809 crebris
1525 1753 1738 1823 oppidis
1800 1754 1988 1822 praesi-

406 1801 634 1819 ...--.--,
687 1801 752 1810 -ν
800 1801 1014 1825 -.-γνη-
1065 1801 1202 1810 _.---
1258 1801 1462 1809 νη-.-
1529 1801 1736 1823 -.τ-η-
1800 1801 1957 1822 Γπ--

381 1837 619 1916 'diisque
684 1845 1109 1910 communieris;
1159 1855 1254 1904 aut
1299 1844 1392 1914 qui
1427 1845 1582 1900 dives
1640 1843 1756 1914 ipse
1794 1844 1988 1904 subdi-
2017 1801 2067 1869 Β

409 1947 492 1999 tos
534 1937 725 1995 beatos
761 1935 999 2001 efﬁcias;
1041 1936 1178 1998 doce
1209 1951 1331 1998 nos,
1356 1933 1409 1988 in
1435 1949 1598 2004 quem
1630 1932 1780 1987 orbis
1811 1941 1986 1996 terra-

407 2046 526 2084 rum
575 2045 926 2086 communem
979 2029 1198 2083 oculum
1259 2027 1357 2092 toti
1405 2027 1781 2098 aspiciamus;
1831 2026 1990 2096 cujus

410 2123 630 2178 tandem
698 2124 893 2178 horum
941 2122 1120 2192 gratia
1165 2122 1451 2184 invitasti?
1500 2120 1610 2190 Aut
1657 2121 1785 2176 siles
1843 2120 1985 2190 ipse,

408 2215 709 2287 ‘mperante
744 2214 1032 2280 modestia,
1063 2222 1120 2268 et
1162 2214 1306 2282 quod
1339 2223 1430 2271 tua
1460 2213 1738 2283 ipse‘nolis
1765 2228 1990 2269 narrare

405 2310 674 2387 facinora,
735 2312 936 2403 quibus
988 2325 1218 2368 necesse
1271 2311 1487 2367 laudem
1539 2320 1898 2368 contexamus
1961 2329 1978 2366 :

2090 551 2233 604 κατά
2287 553 2591 626 Βαρϐάρων
2639 556 2793 620 νίκας
2827 559 3142 629 ἀναστήσας
3173 561 3268 618 καὶ
3299 563 3564 633 τρόπαια,
3597 559 3683 630 οἷς

2088 643 2348 710 πολλάκις
2392 647 2577 718 ἔργοις
2611 649 2698 700 ἐπ’
2725 649 2906 712 ἄλλοις
2944 652 3094 721 ἡμᾶς
3123 652 3395 718 ἐδεξιώσω
3424 657 3686 728 φιλοφρο-

2088 735 2364 807 νούμενος,
2398 741 2491 792 ἐπὶ
2521 739 2733 804 τούτοις
2767 743 3116 814 συνήγειρας,
3145 746 3414 817 εὐφρᾶναί
3461 766 3521 802 τε
3562 751 3685 821 ἅμα

2088 829 2182 882 καὶ
2203 829 2281 900 τῷ
2303 830 2558 884 δεδωκότι
2582 832 2768 903 κοινὴν
2797 834 2893 888 καὶ
2921 835 3204 908 πάνδημον
3231 840 3555 910 ἀναπέμψαι
3581 841 3687 914 τὴν

2088 925 2438 996 εὐχαριστίαν
2466 945 2480 994 ;
2507 929 2578 980 Ἢ
2607 927 2786 983 λαϐὼν
2814 931 3188 994 ὑποσπόνδους
3217 935 3432 1004 ἄλλους,
3459 936 3556 991 καὶ
3585 955 3689 992 τα-

2089 1018 2364 1084 πεινώσας
2391 1020 2595 1091 ὑψηλὸν
2618 1024 2713 1076 καὶ
2735 1023 2942 1096 γαῦρον
2963 1025 3058 1078 καὶ
3079 1026 3378 1097 ἀλλόφυλον
3401 1031 3685 1104 φρόνημα,

2087 1109 2165 1172 ὡς
2213 1109 2306 1163 ἐπὶ
2350 1111 2450 1182 τὴν
2496 1114 2766 1183 κραταιὰν
2795 1118 2953 1187 χεῖρα
2982 1117 3076 1172 τοῦ
3106 1117 3242 1174 Θεοῦ
3271 1121 3686 1193 εὐσεϐοφρόνως

2087 1198 2377 1270 ἀναφέρων
2404 1200 2582 1254 πάντα
2609 1204 2680 1262 τά
2711 1221 2792 1257 σοι
2827 1208 3270 1281 κατορθούμενα·
3294 1212 3327 1282 ἢ
3356 1213 3542 1277 πόλεις
3573 1215 3689 1268 ὑπ·-

2087 1289 2418 1360 ηκόους,τάς
2445 1293 2543 1362 μὲν
2568 1293 2735 1348 πάλαι
2765 1300 2917 1352 κάτω
2935 1302 3197 1370 κειμένας
3221 1303 3558 1375 ἀνορθώσας,
3583 1307 3690 1374 τὰς

2087 1381 2146 1444 δὲ
2181 1383 2276 1437 καὶ
2302 1385 2367 1437 ἐκ
2395 1384 2609 1456 βάθρων
2643 1388 2823 1444 αὐτῶν
2848 1392 3161 1465 ἀνεγείρας,
3178 1396 3288 1450 -καὶ
3321 1397 3499 1452 ἄλλων
3533 1401 3688 1455 ἀνοι·⁵

2090 1478 2323 1546 κισμοὺς
2352 1481 2749 1550 ἐργασάμενος,
2784 1486 2880 1538 καὶ
2928 1487 3028 1557 τῆς
3071 1489 3348 1554 πολιτείας
3387 1491 3692 1555 πυκνώσας

2088 1567 2158 1621 τά
2177 1568 2322 1638 ὅρια,
2342 1570 2375 1641 ἢ
2401 1570 2667 1641 πλουτῶν,
2687 1574 2782 1628 καὶ
2805 1577 2976 1631 ποιῶν
2997 1579 3321 1651 εὐδαίμονας
3340 1581 3401 1635 τὸ
3419 1582 3686 1654 ὑπήκοον.

2089 1657 2312 1726 Δίδαξον
2345 1663 2516 1732 ἡμᾶς,
2554 1666 2692 1735 πρὸς
2741 1667 2801 1720 σέ
2849 1667 2942 1721 τὸν
2989 1671 3167 1725 κοινὸν
3210 1674 3312 1744 τῆς
3351 1677 3691 1746 οἰκουμένης

2093 1751 2418 1823 ἀφορῶντας
2440 1756 2741 1828 ὀφθαλμὸν,
2777 1762 2869 1814 ἐπὶ
2899 1762 3004 1816 τίνι
3035 1764 3242 1818 τούτων
3271 1767 3421 1836 ἡμᾶς
3448 1769 3690 1823 συνεκά-

2093 1844 2295 1912 λεσας;
2335 1847 2406 1900 Ἦ
2452 1851 2612 1921 σιγᾷς
2661 1861 2760 1921 μεν
2809 1855 2972 1920 αὐτὸς
2998 1855 3302 1921 ἐπιεικείας
3327 1859 3554 1929 τρόπῳ,
3589 1861 3692 1918 καὶ

2093 1936 2174 2008 τῷ
2207 1937 2283 2009 μὴ
2315 1937 2600 2008 βούλεσθαί
2632 1959 2689 1996 σε
2717 1945 2786 2006 τὰ
2812 1944 2882 1998 σά
2904 1947 3037 2017 ἡμῖν
3063 1948 3372 2018 διηγεῖσθαι
3403 1951 3694 2022 κατορθώ-

2100 2047 2269 2099 ματα,
2298 2024 2380 2094 οἷς
2411 2033 2627 2104 ἀνάγκη
2655 2037 2780 2101 τοὺς
2805 2037 3061 2104 ἐπαίνους
3089 2042 3512 2110 συνυφαίνεσθαι
3531 2059 3547 2073 ο
3583 2043 3691 2114 ἐμὲ

2095 2120 2156 2173 δέ
2186 2124 2446 2193 παρέχεις
2481 2125 2761 2197 ὑπηχῆσαι
2788 2129 2869 2200 τῷ
2897 2129 3041 2202 λόγῳ
3085 2134 3199 2198 τοῖς
3225 2136 3340 2197 σοῖς
3365 2136 3548 2206 ἔργοις
3581 2139 3690 2208 sp.

2097 2212 2415 2281 πνεόμενον,
2445 2215 2540 2268 τοῦ
2573 2217 2838 2288 παρόντος
2866 2220 3127 2292 συλλόγου
3158 2224 3220 2277 τὸ
3249 2224 3444 2281 αἴτιον.

2055 2308 2193 2365 mihi
2237 2324 2368 2364 vero
2419 2312 2652 2382 praabes,
2703 2323 2764 2375 ut
2815 2327 3033 2374 tuarum
3071 2319 3192 2390 ipse
3227 2321 3415 2377 alllatu
3472 2337 3688 2394 rerum,

409 2403 699 2476 persentis
731 2401 1033 2460 conventus
1079 2419 1299 2468 causam
1343 2405 1590 2458 omnium
1641 2405 1866 2460 auribus
1921 2419 1989 2466 ex
2025 2401 2260 2458 oratoris
2293 2419 2521 2462 munere
2548 2407 2802 2466 inferam.

478 2497 597 2566 Alia
645 2497 827 2568 igitur,
870 2497 1053 2562 amici,
1092 2496 1404 2564 celebritas,
1435 2497 1693 2566 aliudque
1721 2496 1994 2552 hodierna

408 2591 501 2660 die
539 2590 883 2663 mysterium.
937 2587 1231 2658 Virginalis
1263 2589 1321 2644 in
1349 2597 1492 2648 terra
1523 2587 1706 2657 templi
1747 2587 1994 2646 encamia

415 2681 574 2746 hodie
617 2691 976 2753 peraguntur,
1032 2682 1236 2751 Deique
1275 2680 1481 2746 Matris,
1514 2680 1560 2735 si
1589 2679 1734 2750 quod
1763 2679 1910 2736 aliud
1940 2679 1994 2734 in

414 2776 655 2846 mundo,
712 2775 936 2847 dignum
981 2774 1355 2830 habitaculum
1405 2781 1782 2829 consecratur.
1820 2771 1996 2843 Virgi-

415 2871 540 2925 uale
570 2871 627 2924 in
675 2877 819 2924 terra
851 2867 1112 2938 templum
1137 2867 1299 2922 hodie
1321 2866 1627 2933 dedicatur,
1655 2867 1848 2938 regalis
1877 2882 1994 2920 ma-

412 2966 739 3046 gnificentia:
766 2982 906 3036 opus
934 2965 1108 3037 reipsa
1146 2964 1334 3019 multis
1356 2963 1575 3017 laudum
1598 2961 1827 3018 canticis
1853 2961 1997 3015 cele-

2165 2493 2334 2568 Ἀλλη
2379 2498 2692 2572 τοιγαροῦν,
2719 2495 2766 2559 ὦ
2798 2502 2964 2571 φίλοι,
2995 2504 3224 2578 τελετὴ,
3259 2507 3357 2560 καὶ⁵
3401 2507 3534 2561 ἄλλο
3581 2525 3691 2579 μυαι

2099 2587 2323 2659 στήριον
2357 2590 2620 2664 σήμερον.
2652 2594 2800 2659 Ναὸς
2827 2596 3160 2670 παρθενικὸς
3187 2600 3284 2654 ἐπὶ
3311 2601 3417 2673 γῆς
3441 2600 3691 2670 ἐγκαινί-

2090 2675 2242 2741 ζεται
2265 2679 2523 2750 σήμερον,
2541 2681 2635 2734 καὶ
2657 2683 2757 2753 τῆς
2779 2685 3142 2758 Θεομήτορος,
3161 2687 3318 2762 εἰπερ
3335 2690 3465 2745 ἄλλο
3481 2709 3558 2757 τι,
3577 2691 3692 2745 τῶν

2090 2768 2402 2840 ἐγκοσμίων
2437 2773 2662 2841 ἐπάξιον
2691 2777 3030 2848 οἰκητήριον.
3057 2779 3205 2845 Ναὸς
3235 2783 3566 2855 παρθενικὸς
3595 2786 3692 2839 ἐπὶ

2090 2861 2195 2932 γῆς
2215 2865 2588 2932 ἐγκαινίζεται
2607 2869 2673 2940 σή
2683 2887 2748 2936 με
2757 2887 2870 2940 ρον,
2891 2870 3176 2945 βασιλικῆς
3203 2876 3690 2946 μεγαλοπρεπείας

2101 2953 2261 3024 ἔργον
2289 2956 2366 3020 ὡς
2399 2958 2616 3029 άληθῶς
2646 2960 3046 3034 πολυύμνητον.
3077 2965 3222 3030 Nam;
3271 2969 3328 3020 ἐν
3369 2969 3557 3038 μέσοις
3589 2969 3689 3022 αὐ-

415 3043 705 3118 ίιιαηιιιιιιι.
756 3059 1044 3130 Templum
1090 3058 1145 3112 in
1197 3057 1378 3113 medio
1429 3057 1547 3125 ipso
1589 3055 1808 3126 palatio,
1852 3054 1994 3109 divi-

2097 3051 2208 3110 τοῖς
2232 3050 2574 3121 ἀνακτόροις,
2603 3055 2907 3126 ἀνάκτορον
2930 3055 3060 3111 ἄλλο
3089 3057 3232 3112 θεῖον
3263 3059 3358 3112 καὶ
3391 3059 3690 3130 σεϐάσμιον

415 3167 547 3225 num
613 3148 758 3203 aliud
817 3147 1310 3216 venerantiumque
1369 3143 1627 3216 palatium
1687 3145 1992 3208 excitatur;

415 3242 684 3314 ejusmodi
724 3241 950 3305 scilicet,
987 3249 1068 3304 ut,
1107 3239 1152 3305 si
1193 3255 1320 3295 cum
1354 3238 1478 3294 aliis
1505 3239 1780 3302 conferas,
1808 3251 1871 3291 ac
1900 3250 1998 3291 eo-

415 3352 536 3410 rum
581 3335 850 3400 rationem
898 3333 1119 3406 habeas,
1169 3332 1317 3406 regia
1354 3332 1474 3406 ipsa
1513 3331 1735 3402 palatia,
1775 3331 1998 3401 privata

413 3429 559 3500 aedes
609 3437 800 3499 aperte
851 3435 1172 3506 arguantur,
1230 3425 1477 3497 quinimo
1521 3425 1670 3496 quod
1728 3439 1826 3478 sua
1890 3438 1996 3492 qua

415 3522 584 3594 pollet
630 3521 880 3577 claritate
929 3537 993 3575 ac
1037 3527 1349 3584 venustate,
1389 3517 1480 3583 illa
1513 3531 1734 3588 quoque
1761 3515 1999 3572 illustret

412 3632 477 3677 ac
511 3615 701 3686 reddat
733 3614 984 3677 clariora,
1012 3613 1248 3683 priorem
1279 3611 1385 3678 illis
1414 3611 1681 3665 mundum
1703 3617 1868 3681 atque
1903 3624 1998 3662 or-

413 3716 604 3762 natum
633 3705 925 3775 adaugeat.
958 3703 1134 3774 Dicas,
1163 3701 1355 3758 oculos
1390 3701 1445 3756 in
1470 3702 1648 3771 ipsum
1673 3700 1995 3770 conjiciens,

413 3815 524 3874 non
565 3783 820 3853 humanae
858 3797 990 3852 artis
1043 3812 1182 3865 opus
1225 3811 1368 3862 esse,
1411 3793 1508 3850 sed
1539 3794 1777 3849 divinam
1809 3809 2000 3863 quam-

411 3893 536 3967 dam
559 3891 831 3959 nobisque
861 3889 1203 3960 superiorem
1229 3887 1489 3946 virtutem
1530 3886 1998 3957 pulchritudinem

413 3985 491 4048 illi
535 3983 817 4042 indidisse.
849 3979 1060 4050 Templi
1087 3980 1268 4042 aditus
1299 3994 1365 4034 ac
1388 3977 1741 4043 vestibulum,
1779 3976 1998 4048 egregio

413 4053 610 4142 ornatu
662 4089 727 4130 ac
751 4074 952 4146 decore
975 4072 1341 4142 compositum
1377 4088 1391 4125 :
1425 4069 1646 4126 candidi
1674 4069 1821 4124 enim
1855 4085 2000 4123 mar-

417 4151 588 4232 moris
633 4167 830 4223 tabulze
881 4165 1231 4237 splendidum
1276 4165 1407 4235 quid
1459 4165 1870 4236 gratiosumque
1913 4163 2000 4226 cf:

412 4265 644 4335 fulgent,
662 4261 930 4334 ejusmodi
955 4261 1164 4316 scilicet
1190 4268 1248 4319 ut
1269 4268 1440 4314 totum
1463 4269 1818 4328 conSpectum
1848 4272 2000 4312 com-

2095 3139 2478 3212 ἀνιστάμενος,
2509 3145 2605 3199 καὶ
2647 3150 2714 3217 τῇ
2753 3148 2891 3220 πρὸς
2918 3150 3052 3204 αὐτὸ
3079 3151 3368 3223 παραϐολῇ
3411 3153 3510 3207 καὶ
3559 3170 3692 3222 συγ-

2097 3231 2301 3302 κρίσει,
2348 3235 2624 3302 ίδιωτικάς
2657 3239 2836 3304 οἰκίας
2880 3240 3200 3312 ἀποφαίνων
3248 3246 3320 3300 τὰ
3367 3245 3689 3318 ἀνάκτοραο

2100 3324 2304 3393 μᾶλλον
2331 3326 2390 3380 δὲ
2418 3328 2512 3382 καὶ
2548 3332 2615 3403 τῇ
2645 3331 2841 3405 ἐνούσῃ
2871 3332 3222 3406 λαμπρότητι
3249 3335 3348 3392 καὶ
3376 3337 3553 3392 ταῦτα
3586 3355 3691 3397 “ita:

2100 3420 2481 3489 ριαστράπτων
2515 3423 2612 3476 καὶ
2641 3424 2970 3495 φαιδρύνων,
3001 3428 3099 3482 καὶ
3143 3429 3282 3482 πολὺ
3331 3432 3693 3502 παρασκευάη

2099 3511 2208 3576 ζων
2235 3511 2330 3566 τοῦ
2361 3515 2630 3586 προτέρου
2662 3519 2868 3590 κόσμου
2910 3522 3234 3595 σεμνότερα.
3263 3524 3456 3590 Εἵποις
3493 3525 3560 3580 ἂν
3609 3527 3694 3591 είς

2099 3603 2264 3656 αὐτὸν
2297 3603 2442 3667 ἰδὼν,
2462 3607 2565 3661 οὐκ
2588 3608 2938 3683 ἀνθρωπίνης
2962 3614 3146 3686 χειρὸς
3168 3614 3351 3687 ἔργον,
3379 3616 3517 3671 ἄλλα
3541 3615 3694 3680 θείαν

2099 3692 2225 3747 τινὰ
2250 3695 2343 3747 καὶ
2371 3695 2513 3767 ὑπὲρ
2541 3700 2690 3769 ἡμᾶς
2716 3699 2945 3773 δύναμιν
2964 3703 3026 3755 τὸ
3061 3704 3256 3769 κάλλος
3283 3706 3434 3778 αὐτῷ
3459 3709 3695 3779 ἐπιμορ-

2101 3785 2411 3854 φώσασθαι.
2446 3789 2769 3859 Προπύλαια
2819 3793 2921 3864 μὲν
2963 3793 3075 3867 γάρ
3105 3796 3185 3867 τῷ
3231 3796 3348 3868 ναῷ
3385 3799 3692 3870 περικαλλῆ

2100 3881 2518 3936 διεσκεύασται·
2547 3885 2643 3937 καὶ
2673 3885 2782 3957 γὰρ
2813 3889 3125 3960 μαρμάρων
3153 3889 3453 3944 διαλεύκων
3485 3891 3692 3956 πλάκες

2101 3971 2355 4044 λαμπρόν
2406 3991 2461 4027 τι
2508 3975 2605 4028 καὶ
2634 3977 2824 4048 χάριεν
2853 3978 3302 4046 ἁποστίλῦουσαι,
3331 3981 3464 4053 ὃλην
3494 3983 3696 4036 ἐναπο·

2100 4064 2363 4119 λαὸοῦσαι
2390 4067 2489 4137 τὴν
2517 4069 2802 4140 πρόσοψιν,
2829 4070 2924 4129 καὶ
2955 4071 3056 4142 τὴν
3085 4071 3224 4144 πρὸς
3250 4072 3490 4146 ἀλλήλας
3521 4074 3692 4141 θέσιν,

2101 4158 2198 4213 καὶ
2226 4160 2326 4229 τὴν
2350 4160 2460 4213 τῶν
2486 4162 2739 4233 περάτων
2771 4165 3069 4235 συνάφειαν
3093 4166 3170 4238 τῷ
3195 4167 3383 4238 ὁμαλῷ
3415 4169 3510 4223 καὶ
3543 4169 3692 4242 λείῳ,

2102 4251 2198 4311 καὶ
2244 4250 2322 4322 τῷ
2375 4255 2796 4324 προσηρμόσθαι
2842 4255 2963 4311 λίαν
3005 4258 3420 4330 ἀποκρύψασαι,
3462 4263 3544 4323 εἰς
3577 4261 3696 4329 ἐνὸς

415 4360 739 4430 plectentes,
768 4355 1012 4426 ipsarum
1036 4355 1178 4410 inter
1215 4369 1276 4410 se
1297 4353 1483 4420 situm,
1518 4362 1994 4424 exlremorumquc

2104 4344 2253 4398 λίθου
2277 4345 2560 4416 συνέχειαν
2579 4353 2866 4420 γραμμαῖς
2883 4350 3124 4416 εὐθείαις
3143 4353 3330 4423 ὥσπερ
3349 4355 3696 4427 ἐπιγεγραμ-

410 4452 748 4522 juncturam,
800 4447 930 4515 leni,
979 4447 1163 4519 plana,
1193 4446 1489 4518 subtilique
1515 4447 1810 4502 admodum
1849 4462 1994 4502 com-

2110 4439 2294 4508 μένου,
2332 4438 2520 4512 θαῦμα
2548 4440 2735 4494 καινὸν
2760 4441 3028 4513 ὁραθῆναι
3059 4445 3159 4517 ¹καὶ
3186 4445 3426 4515 ἥδιστον,
3455 4447 3557 4519 τὴν
3584 4448 3695 4502 τῶν

412 4543 650 4600 missura
703 4541 964 4613 obtegam
997 4558 1015 4596 ε,
1057 4540 1195 4604 adeo
1224 4546 1287 4594 ut
1322 4539 1459 4610 lapis
1480 4554 1624 4594 unus
1652 4538 1812 4594 lineis
1837 4537 2006 4609 rectis

414 4638 564 4712 velut
591 4635 893 4708 inscriptus
923 4638 1036 4709 (res
1057 4636 1322 4693 miraculo
1351 4637 1549 4699 nova!)
1581 4634 1853 4701 videatur,
1882 4651 2003 4693 sua-

413 4731 749 4804 vissimeque
781 4728 1111 4786 intuentium
1136 4729 1324 4792 oculos
1350 4728 1567 4800 capiant
1595 4746 1608 4783 :
1642 4727 1880 4798 indeque
1901 4728 2002 4795 de:

411 4809 740 4886 vincientes,
787 4837 852 4877 ac
900 4820 956 4876 in
999 4835 1059 4875 se
1088 4827 1494 4886 convertentes,
1530 4826 1871 4888 spectantem
1903 4833 2001 4875 ve-

323 4941 332 4952 -
417 4920 552 4982 tant,
592 4927 667 4978 ne
709 4912 776 4967 ad
817 4928 881 4984 ea
919 4913 1156 4968 transire
1204 4911 1358 4980 velit,
1387 4927 1510 4981 qua:
1547 4911 1696 4966 intus
1726 4911 1940 4967 radiant
1986 4927 2000 4965 :

419 4999 516 5053 sed
569 4999 623 5053 in
657 5001 778 5070 ipso
806 5004 994 5074 templi
1018 5004 1310 5072 vestibulo,
1344 5019 1473 5074 mox
1503 5003 1700 5059 adiens
1737 5003 2002 5074 praeclaro

418 5091 788 5170 exsuscitatus
831 5096 1165 5163 spectaculo,
1221 5095 1464 5166 visisque
1525 5095 1698 5165 ﬁgens
1741 5095 1960 5150 oculum
1985 5135 1999 5159 ,

418 5183 571 5240 velut
627 5184 900 5260 radicibus
939 5185 1080 5251 fixus
1123 5187 1485 5260 admiratione
1533 5188 1728 5242 lueret.
1764 5185 2001 5259 Orpbmo

418 5275 622 5352 Thraci
662 5263 861 5356 fabula:
906 5277 1075 5350 lyram
1116 5279 1416 5350 assignant,
1450 5295 1514 5335 ea
1547 5279 1799 5351 pulsandi
1829 5280 1906 5344 vi,
1943 5291 2004 5336 ut

421 5385 508 5442 res
561 5369 712 5450 ipsas
760 5369 1032 5431 inanimes
1075 5371 1226 5426 sonis
1267 5381 1506 5428 moveat.
1559 5373 1716 5439 Quod
1755 5374 1798 5429 si
1836 5375 2002 5429 etiam

417 5463 578 5519 nobis
623 5462 682 5543 in
720 5462 935 5518 fabulas
965 5463 1250 5517 veritatem
1286 5465 1504 5531 efferre,
1548 5477 1711 5536 atque
1743 5467 2002 5538 ﬁgmento

418 5556 762 5629 tremendam
797 5555 1029 5611 reddere
1059 5556 1142 5610 fas
1169 5566 1335 5622 esset,
1366 5559 1510 5613 dicat
1535 5560 1757 5629 aliquis,
1789 5561 1882 5632 qui
1914 5577 2003 5617 sa-

417 5667 526 5726 erze
573 5649 708 5721 redis
759 5648 1094 5705 vestibulum
1147 5647 1363 5714 adeant,
1412 5650 1467 5704 in
1504 5651 1807 5720 plantarum
1838 5655 2003 5710 arbo-

2105 4529 2358 4602 όρώντων
2389 4532 2692 4602 φαντασίαν
2727 4534 3053 4602 ὑπάγουσιν.
3075 4537 3160 4605 Ἐξ
3190 4531 3363 4611 οὑπερ
3412 4539 3511 4604 τὰς
3543 4540 3698 4612 ὑψεις

2107 4623 2452 4704 συνέχουσαι,
2483 4627 2735 4698 καὶπρὸς
2762 4628 2960 4692 ἑαυτὰς
2983 4631 3430 4701 ἐπιστρέφουσαι,
3462 4633 3561 4686 οὐκ
3583 4633 3699 4687 ἐθέπ

2106 4720 2220 4778 λειν
2249 4721 2466 4796 ποιοῦσι
2492 4721 2585 4775 τὸν
2618 4721 2816 4794 θεατὴν
2850 4724 3248 4796 μεταχωρῆσαι
3277 4727 3415 4798 πρὸς
3449 4728 3520 4781 τὰ
3549 4728 3694 4782 ἐνδό-

2103 4828 2270 4884 τερα·
2299 4813 2416 4866 άλλῖ
2445 4814 2502 4867 ἐν
2549 4813 2698 4883 αὐτῷ
2743 4814 2822 4891 τῷ
2875 4817 3344 4888 προτεμενίσματι
3388 4817 3484 4872 τοῦ
3527 4816 3695 4872 καλοῦ

2107 4905 2382 4976 θεάματος
2411 4907 2438 4959 ὁ
2472 4905 2713 4978 προσιὼν
2743 4908 3186 4978 ἐμπιπλάμενος,
3215 4909 3311 4963 καὶ
3337 4913 3452 4974 τοῖς
3483 4911 3696 4982 ὁρωμέ-

2105 5015 2218 5063 νοις
2245 4999 2469 5070 ἐρείδων
2497 4998 2566 5055 τὰ
2593 5000 2840 5071 ὄμματα,
2865 5001 3058 5074 ὥσπερ
3099 5020 3182 5066 τις
3219 5003 3590 5075 ἐρῤιζωμένος
3619 4999 3697 5076 τῷ

2105 5091 2347 5162 θαύματι
2381 5091 2635 5164 Eat-rixa»).
2654 5094 2846 5165 Ὀρφεῖ
2888 5095 2989 5165 μὲν
3019 5095 3068 5148 οί
3098 5094 3259 5164 μῦθοι
3290 5094 3367 5167 τῷ
3392 5095 3573 5167 Θρᾳκὶ
3610 5113 3698 5150 κιο

2105 5185 2279 5257 θάραν
2312 5186 2586 5258 κροτοῦσι,
2619 5186 2877 5242 κινοῦσαν
2925 5190 3040 5252 τοῖς
3071 5188 3329 5257 φθόγγοις
3376 5189 3444 5242 τὰ
3489 5189 3695 5259 ἄψυχα.

2105 5279 2171 5334 Εἰ
2204 5280 2264 5333 δὲ
2292 5281 2388 5334 καὶ¹
2417 5281 2550 5352 ἡμῖν
2578 5280 2707 5351 ἐξῆν
2737 5283 2796 5344 ἐς
2824 5281 3028 5352 μύθους
3055 5283 3306 5352 ἐπαίρειν
3334 5283 3428 5336 καὶ
3454 5281 3696 5354 φοϐερὰν

2105 5375 2280 5427 ποιεῖν
2309 5375 2410 5445 τὴν
2439 5374 2701 5445 ἀλήθειαν
2721 5413 2736 5440 ,
2774 5370 2928 5428 εἶπεν
2957 5375 3022 5428 ἄν
3056 5392 3161 5438 τις,
3201 5375 3331 5438 τοὺς
3369 5376 3697 5445 προσιόντας

2105 5466 2184 5538 τῷ
2242 5467 2711 5538 προτεμενίσματι
2741 5505 2757 5532 ,
2793 5467 2874 5530 είς
2925 5466 3109 5536 φυτῶν
3161 5466 3697 5538 άποδενδρουμένους

2107 5561 2271 5631 φύσιν
2311 5562 2390 5632 τῷ
2439 5560 2676 5632 θαύματι
2711 5559 3148 5630 μεταϐάλλεσθαι
3170 5575 3184 5590 ·
3229 5557 3406 5625 οὑτως
3438 5557 3587 5626 ἅπαξ
3612 5573 3697 5620 τις

2110 5653 2234 5711 ἰδὼν
2265 5653 2738 5718 δυσαποσπάστως
2771 5653 3083 5726 κατέχεται.

421 5758 653 5815 rumque
694 5751 970 5810 naturam,
1021 5740 1285 5797 miraculo
1330 5742 1598 5816 deligente
1626 5749 1876 5807 transire.
1914 5751 2002 5807 Sic
2041 5753 2130 5832 qui
2179 5749 2348 5809 semel
2384 5748 2624 5822 conjecit
2650 5747 2838 5806 oculos
2859 5762 3001 5830 aegre
3023 5746 3295 5815 avellitur,
3360 5762 3425 5804 ac
3483 5753 3702 5820 specta-.

421 5841 545 5919 culo
577 5849 817 5896 tenetur.
