4032 6428
374 328 513 403 Ξ63η

1022 330 1346 392 HOMILIA
1392 334 1507 397 III.
1534 360 1604 373 ·-*
1634 334 1718 395 IN
1758 335 2270 399 DEDICATIONE
2306 338 2523 401 NOV/‘8
2556 339 2943 403 BASILICE.

3542 345 3649 407 5'70

464 445 712 502 Ἐπειδὰν
729 446 786 501 δέ
808 464 892 511 τις
912 448 1124 501 ἐκεῖθεν
1148 449 1302 519 μόλις
1327 450 1704 515 ἀποσπασθεὶς
1727 453 1807 515 είς
1832 450 1964 504 αὐτὸ

2137 453 2235 508 Ubi
2276 464 2458 508 autem
2492 455 2616 523 quis
2657 457 2744 510 vix
2776 456 2903 510 inde
2937 455 3160 512 avulsus
3193 456 3248 510 in
3282 456 3458 528 ipsum
3495 460 3648 514 delu-

371 539 682 611 παρακύψῃ
710 540 771 592 τὸ
804 540 1050 610 τέμενος,
1084 541 1280 613 ἡλίκης
1333 544 1426 595 καὶ
1454 544 1585 614 ὅσης
1612 539 1765 609 οὗτος
1788 546 1963 616 χαρᾶς

369 654 435 689 τε
462 636 579 705 ἅμα
607 635 701 687 καὶ
726 635 971 704 ταραχῆς
995 637 1089 688 καὶ
1139 634 1418 705 θαύματος
1448 637 1788 706 ἐμπίπλαται
1815 640 1827 692 ι
1877 640 1964 700 Ὠς

371 731 458 790 εἰς
489 726 651 780 αὑτὸν
681 728 789 797 γάρ
822 727 913 780 τὸν
946 727 1176 797 οὐρανὸν
1216 728 1679 799 ὲπιπροσθοῦντος
1713 732 1962 801 μηδαμό-

371 819 471 871 θεν
501 817 869 889 ὲπιὸεόηκὼς,
904 822 998 871 καὶ
1029 822 1144 882 τοῖς
1170 820 1542 891 πολυμόρφοις
1567 822 1663 876 καὶ
1695 823 1963 894 πανταχό-

370 907 472 959 θεν
508 907 963 977 ὑποφαινομένοις
995 909 1268 975 κάλλεσιν,
1301 910 1376 972 ὡς
1403 910 1659 981 ἄστροις,
1691 910 1963 983 περιλαμ-

373 999 616 1066 πόμενος
636 1037 651 1061 ,
692 999 811 1061 ὅλος
840 1000 1291 1070 ἐκπεπληγμένος
1319 1002 1551 1069 γίνεται.
1585 1004 1745 1058 Δοκεῖ
1772 1002 1827 1056 δὲ
1852 1004 1963 1056 λοι-

375 1092 484 1144 πὸν
511 1093 581 1146 τά
605 1108 663 1144 τε
700 1092 834 1149 ἄλλα
867 1092 926 1145 ὲν
957 1094 1212 1146 ἐκστάσει
1242 1089 1381 1146 εἶναι
1403 1134 1418 1160 ,
1446 1096 1541 1150 καὶ
1573 1095 1708 1149 αὐτὸ
1745 1097 1964 1166 περιδο-

374 1183 589 1237 νεῖσθαι
630 1184 691 1236 τὸ
717 1183 965 1253 τέμενος.
997 1185 1129 1247 Ταῖς
1162 1185 1271 1256 γὰρ
1301 1186 1532 1249 οἰκείαις
1562 1190 1657 1243 καὶ
1695 1190 1963 1243 παντοδα-

376 1276 511 1337 παῖς
535 1276 950 1344 περιστροφαῖς,
984 1275 1077 1328 καὶ
1104 1275 1348 1344 συνεχέσι
1371 1277 1670 1347 κινήσεσιν’
1691 1277 1724 1332 ἃ
1751 1279 1968 1343 πάντως

377 1370 578 1423 παθεῖν
620 1373 713 1424 τὸν
760 1369 958 1439 θεατὴν
992 1371 1024 1440 ἡ
1055 1372 1394 1441 πανταχόθεν
1427 1372 1672 1426 ποικιλία
1721 1372 1969 1444 βιάζεται

374 1462 473 1515 τοῦ
505 1462 797 1532 θεάματος,
825 1463 905 1524 είς
950 1462 1082 1515 αὐτὸ
1115 1462 1175 1518 τὸ
1205 1462 1482 1535 ὁρώμενον
1506 1464 1569 1519 τὸ
1597 1468 1797 1524 οἰκεῖον
1830 1484 1967 1538 φαν-

374 1555 603 1622 τάζεται
633 1555 883 1629 πάθημα.

463 1738 627 1792 Ἀλλὰ
660 1739 769 1809 γάρ
799 1739 999 1810 χρυσός
1031 1757 1089 1795 τε
1116 1739 1209 1793 καὶ
1235 1739 1475 1811 ἄργυρος
1509 1740 1579 1795 τὰ
1614 1741 1842 1799 πλεῖστα
1873 1743 1966 1798 τοῦ

374 1830 511 1885 ναοῦ
538 1831 875 1901 διειλήφασιν
893 1848 907 1862 ⁸
934 1834 961 1884 ὁ
990 1832 1088 1901 μὲν
1116 1832 1345 1901 ψηφῖσιν
1366 1833 1797 1903 ὑπαλειφόμενος
1816 1851 1830 1865 ⁸
1863 1838 1891 1889 ό
1908 1836 1965 1889 δὲ

374 1927 460 1989 εἷς
494 1924 709 1987 πλάκας
735 1924 1099 1993 ἀποξεόμενος
1146 1928 1240 1978 καὶ
1273 1926 1634 1996 τυπούμενος,
1674 1929 1834 1991 ἄλλος
1867 1929 1963 1983 ἄλ-

374 2018 493 2080 λοις
524 2016 996 2087 ὲπιπλασσόμενος
1045 2016 1579 2087 μέρεσιν.Ἐνταῦθα
1629 2021 1965 2089 ὲπικοσμού-

376 2128 521 2183 μενα
551 2110 897 2181 κιονόκρανα.
916 2110 1181 2165 Ἐνταῦθα
1205 2110 1259 2162 δὲ
1290 2111 1377 2163 διὰ
1408 2112 1622 2181 χρυσῶν
1650 2111 1966 2181 περιζώμα-

372 2220 481 2255 τα’
516 2201 775 2272 ἀλλαχόθι
812 2201 868 2258 δὲ
916 2204 1036 2263 ταῖς
1087 2201 1341 2257 ἁλύσεσιν
1376 2203 1808 2273 ὲπιπλεκόμενος
1835 2221 1967 2272 χρυ-

373 2295 493 2359 σὸς,
527 2294 561 2363 ἢ
591 2293 794 2363 χρυσοῦ
836 2312 889 2346 τι
926 2292 1371 2364 θαυμασιώτερον
1394 2332 1409 2355 ,
1443 2297 1475 2362 ἡ
1514 2293 1634 2347 θεία
1692 2295 1962 2366 τράπεζα,

372 2386 637 2456 σύνθημα
677 2386 1077 2455 (5).”Αργυρος
1123 2383 1178 2437 δὲ
1229 2386 1382 2456 παρὰ
1442 2386 1541 2449 τὰς
1586 2387 1809 2451 πυλίδας
1874 2389 1967 2441 καὶ

372 2477 603 2541 πυλίδας
629 2477 722 2530 τοῦ
756 2477 1169 2547 θυσιαστηρίου,
1222 2479 1319 2530 σὺν
1352 2482 1460 2542 τοῖς
1490 2476 1812 2553 περιστῲοις
1836 2496 1849 2510 ·
1873 2481 1968 2534 καὶ

370 2571 539 2635 αὐτὸς
568 2573 597 2624 ὀ
632 2571 923 2641 κωνοειδὴς
958 2570 1054 2623 καὶ
1087 2574 1152 2641 τῇ
1189 2570 1309 2643 θείᾳ
1340 2570 1593 2645 τραπέζῃ
1620 2571 1969 2641 ἐπικείμενος

374 2665 478 2717 σὺν
501 2666 615 2725 τοῖς
645 2662 989 2734 ὑπερείδουσι
1021 2662 1330 2726 στυλίσκοις
1358 2664 1452 2719 καὶ
1495 2664 1807 2735 ὑπωρόφοις
1842 2666 1969 2736 ὅρο-

372 2772 501 2827 φος,
546 2754 641 2808 καὶ
677 2754 987 2825 μαρμάρων
1025 2753 1083 2811 δὲ
1118 2753 1494 2825 πολυχρὼμων
1535 2755 1635 2808 ὅσα
1666 2756 1741 2826 μὴ
1770 2756 1970 2825 χρυσὸς

372 2847 712 2919 ἐπέδραμεν,
744 2846 778 2917 ἢ
811 2846 1052 2917 ἄργυρος
1098 2846 1442 2916 περιέλαϐεν,
1474 2845 1756 2916 ἀμήχανόν
1785 2864 1844 2899 τε
1877 2848 1973 2900 καὶ

371 2940 613 3009 τερπνὸν
630 2938 1024 3010 φιλοτέχνημα,
1042 2939 1110 2992 τὰ
1132 2939 1295 2992 λοιπὰ
1316 2939 1408 2991 τοῦ
1433 2938 1562 2991 ναοῦ
1584 2938 1969 3010 διεκόσμησεν.

387 3031 456 3083 Ἡ
486 3030 544 3083 δὲ
571 3030 665 3083 τοῦ
693 3030 921 3101 ἐδάερους
954 3029 1073 3095 θέα,
1098 3032 1179 3094 εἰς
1208 3030 1364 3095 ζώων
1389 3030 1603 3102 μορφὰς
1634 3032 1728 3085 καὶ
1759 3032 1974 3101 σχημά-

2068 547 2226 600 hrmn
2274 548 2639 616 prospexerit,
2686 556 2893 616 quanto
2942 549 3202 617 qualique
3233 549 3434 617 gaudio
3462 550 3645 616 simul,

2065 650 2120 694 et
2168 639 2476 693 turbatione
2520 646 2577 693 et
2632 640 2989 694 admiratione
3036 640 3324 710 impleturi
3368 641 3648 711 Tanquam

2066 733 2212 786 enim
2256 731 2312 785 in
2356 731 2533 801 ipsum
2564 733 2762 787 ctelum
2792 733 2941 787 nullo
2975 750 3201 802 usquam
3233 734 3486 788 obstante
3518 750 3652 787 enn-

2066 824 2365 887 seenderit,
2416 824 2952 893 multiformibusque
3004 840 3069 879 ac
3120 825 3482 894 undequaque
3513 825 3652 879 luci—

2066 919 2152 975 dis
2198 917 2695 988 pulchritudinibus
2724 926 2994 970 astrorum
3027 916 3081 969 in
3114 932 3315 970 morem
3360 916 3652 970 collustra-

2071 1022 2178 1076 tus,
2213 1010 2268 1063 in
2296 1018 2575 1078 stuporem
2609 1017 2754 1062 totus
2783 1009 2962 1078 agitur
2997 1026 3010 1060 :
3044 1006 3495 1076 videturquejam
3525 1004 3651 1058 inde

2068 1112 2267 1159 emota:
2312 1101 2551 1165 mentis;
2590 1099 2879 1169 ipsumque
2921 1098 2997 1152 illi
3026 1099 3310 1152 delubrum
3347 1099 3652 1169 circumqu

2072 1208 2196 1249 rare
2214 1201 2457 1261 putatur.
2496 1189 2652 1254 Quod
2672 1190 2820 1243 enim
2841 1198 3115 1259 spectator
3153 1189 3269 1242 suis
3299 1189 3435 1257 ipse,
3469 1189 3652 1242 omni-

2070 1282 2355 1350 modisque
2389 1279 2779 1351 agitationibus
2808 1295 2872 1333 ac
2929 1279 3209 1333 continuis
3270 1279 3510 1334 motibus
3540 1279 3653 1332 cir-

2068 1383 2477 1439 cumversctur;
2536 1372 2682 1442 quod
2731 1382 2793 1427 ut
2843 1372 2918 1426 illi
2967 1374 3194 1427 omnino
3233 1373 3655 1441 necessarioque

2070 1467 2304 1529 accidat.
2341 1465 2588 1520 miraculi
2621 1463 2862 1533 undique
2897 1464 3185 1518 incurrens
3214 1464 3451 1518 varietas
3481 1464 3649 1531 facit;

2070 1561 2127 1615 in
2156 1575 2216 1615 re
2250 1561 2366 1629 ipsa
2391 1575 2556 1629 quam
2594 1557 2768 1614 oculis
2805 1564 3051 1626 usurpat,
3080 1571 3234 1611 suam
3269 1558 3384 1625 ipse
3415 1555 3654 1610 allectio.

2069 1669 2195 1710 nem
2230 1653 2448 1723 cogitat.

2141 1745 2410 1800 Czeterum
2439 1758 2630 1797 aurum
2666 1752 3059 1812 argentumque
3085 1740 3347 1811 pleraque
3382 1738 3486 1795 sibi
3516 1747 3655 1794 tem-

2072 1841 2145 1912 pli
2189 1841 2305 1895 loca
2334 1838 2632 1892 vindicant.
2677 1836 2947 1897 Alterum,
2994 1836 3253 1890 tessellati
3280 1836 3463 1905 operis
3498 1833 3654 1903 lapil-
3690 1826 3693 1829 ⁷

2068 1933 2134 1986 lis
2171 1930 2421 1991 oblitum,
2474 1929 2711 1982 alterum
2755 1928 2809 1980 in
2853 1926 3065 1981 tabulas
3109 1925 3452 1993 laminasque
3476 1924 3652 1979 dedu-

2067 2034 2215 2078 Ctum
2244 2022 2648 2089 formatumque
2674 2034 2688 2071 :
2731 2028 2894 2087 atque
2923 2017 3069 2072 aliud
3098 2016 3354 2086 aliudque
3380 2016 3501 2070 aliis
3526 2032 3656 2085 par-

2068 2115 2214 2168 tibus
2246 2112 2569 2166 adhibitum.
2602 2111 2702 2165 llic
2735 2111 3111 2165 colmnnarum
3145 2108 3397 2178 eapitella
3420 2118 3652 2172 ornata,

2071 2205 2179 2259 illic
2214 2203 2394 2257 fasciae
2416 2219 2480 2258 ac
2509 2201 2845 2273 subligaeula
2871 2217 3036 2255 aurea
3070 2217 3085 2254 :
3115 2198 3245 2253 alibi
3276 2215 3471 2253 aurum
3506 2208 3655 2253 cate-

2069 2299 2156 2352 nis
2213 2296 2530 2366 implexum,
2584 2302 2678 2349 aut
2704 2294 2847 2364 quod
2876 2308 3009 2347 auro
3037 2293 3213 2361 majus
3242 2292 3307 2346 ad
3341 2291 3657 2346 admiratio-

2067 2406 2192 2445 nem
2240 2391 2414 2459 (saera
2461 2388 2720 2442 nimirum
2762 2388 2969 2449 mensa)
3006 2384 3367 2455 compositum
3400 2384 3653 2440 exsistat.

2069 2480 2198 2535 Loci
2251 2480 2438 2534 altaris
2491 2479 2721 2547 portulae
2764 2485 2820 2531 et
2870 2476 3171 2531 columella:
3217 2486 3489 2547 argenteae
3530 2492 3657 2530 cmn

2069 2573 2390 2644 peristyliis,
2427 2573 2718 2641 ipsumque
2746 2570 2865 2624 cuni
2902 2570 3071 2638 ﬁgura
3102 2569 3415 2636 divinaaque
3445 2583 3656 2621 mensae

2070 2667 2382 2736 impositum
2430 2673 2658 2726 tectum,
2707 2679 2831 2718 eum
2873 2662 3227 2716 fulcienlibns
3275 2660 3346 2712 illi
3397 2661 3659 2729 subjectis

2070 2758 2372 2813 columellis
2398 2771 2745 2826 cameraque.
2782 2754 2927 2808 Varii
2956 2753 3152 2808 coloris
3180 2769 3473 2817 marmora,
3506 2769 3659 2821 qna-.-

2071 2866 2289 2920 cunque
2337 2850 2418 2905 vel
2479 2866 2612 2903 auro
2652 2865 2760 2905 non
2797 2849 3034 2911 obtecta,
3076 2846 3161 2899 vel
3200 2861 3311 2899 non
3358 2846 3663 2915 intercepta

2071 2955 2319 3016 argento,
2358 2944 2494 2998 artis
2523 2959 2661 3013 opus
2688 2942 3046 3011 stupendum,
3084 2939 3329 3009 mireque
3359 2939 3664 3001 obiectans,

2073 3037 2299 3104 reliquis
2350 3034 2537 3104 templi
2595 3033 2842 3103 partibus
2885 3041 3136 3084 ornatum
3189 3038 3465 3100 praestant.
3505 3029 3667 3083 Pavi-

371 3141 489 3175 των
515 3123 682 3188 ἄλλας
712 3125 859 3187 ἰδέας
886 3126 1007 3188 ταῖς
1038 3123 1412 3194 πολυμόρφως
1437 3124 1634 3194 ψηφῖσι
1659 3122 1972 3195 διαμορφω-

2076 3127 2246 3183 menti
2286 3134 2640 3195 conspectus,
2693 3124 2747 3177 in
2797 3121 3121 3176 animalium
3154 3121 3379 3186 formas,
3407 3120 3668 3174 aliarum-

376 3215 563 3279 θεῖσα,
593 3214 919 3287 θαυμαστήν
948 3233 1069 3270 τινα
1102 3217 1193 3269 τοῦ
1221 3216 1468 3286 τεχνίτου
1497 3217 1596 3285 τὴν
1619 3216 1812 3285 σοφίαν
1840 3234 1976 3290 παρ-

376 3307 671 3379 εστήσατο.
691 3308 894 3371 Παῖδας
916 3307 991 3370 ὡς
1016 3308 1233 3378 ἀληθῶς
1256 3308 1347 3361 καὶ
1367 3307 1705 3378 πλασμάτων
1730 3307 1977 3373 πλάστας

378 3403 517 3463 τοὺς
540 3401 752 3463 Φειδίας
782 3400 1023 3465 ἐκείνους
1055 3401 1151 3453 καὶ
1177 3400 1487 3471 Ιιαρασίους
1508 3400 1601 3452 καὶ
1622 3398 1978 3471 Πραξιτέλεις

381 3494 483 3545 καὶ
514 3492 772 3558 Ζεύξιδας
815 3493 872 3544 ὲν
917 3494 983 3563 τῇ
1032 3491 1201 3562 τέχνῃ
1241 3490 1603 3560 ἐπελέγξασα.
1635 3491 1978 3562 Δημόκριτος

380 3580 544 3642 εἶπεν
571 3584 659 3649 ἂν,
691 3579 867 3654 οἶμαι,
891 3582 989 3653 τὴν
1010 3583 1103 3639 τοῦ
1133 3584 1363 3653 ἐδάφους
1382 3583 1744 3656 λεπτουργίαν
1765 3583 1973 3651 ἐνιδὼν,

384 3674 482 3727 καὶ
515 3675 687 3746 ταύτῃ
723 3676 1009 3746 τεκμηρίῳ
1055 3675 1360 3747 χρώμενος,
1396 3675 1471 3746 μὴ
1502 3675 1569 3733 ἂν
1608 3676 1801 3748 πόρρω
1835 3670 1976 3731 εῖναι

383 3765 448 3816 τὸ
482 3766 557 3835 μὴ
591 3765 713 3835 οὐχὶ
758 3766 850 3818 καὶ
885 3766 983 3829 τὰς
1022 3768 1257 3836 ἀτόμους
1298 3765 1461 3820 αὑτοῦ
1494 3767 1587 3819 καὶ
1617 3767 1711 3821 ὑπ’
1740 3766 1862 3836 ὄψιν
1891 3784 1980 3820 πι-

386 3858 635 3923 πτούσας
667 3857 1003 3930 ἁνευρῆσοαι
1024 3875 1038 3890 ·
1080 3859 1224 3915 οὕτω
1253 3860 1431 3914 πάντα
1458 3860 1819 3931 πεπλήρωται
1851 3857 1981 3914 θαύ-

2072 3236 2179 3291 que
2224 3221 2517 3291 tlgurarum
2546 3216 2779 3286 species,
2817 3213 3140 3268 multiformi
3179 3212 3441 3268 tessellati
3481 3211 3665 3281 operis

2074 3310 2495 3367 eoncinnationc
2546 3309 2888 3366 ell‘ormatus.
2943 3308 3317 3361 admirabilem
3372 3306 3664 3376 quamdam

2074 3404 2302 3460 artificis
2349 3403 2674 3472 sapientiam
2711 3400 2975 3464 exhibet;
3024 3408 3231 3453 tantam
3282 3398 3565 3462 nimirum,
3608 3406 3668 3451 ut

2073 3511 2203 3551 vere
2231 3510 2430 3565 pueros
2456 3494 2949 3563 ligmentorumque
2975 3490 3234 3549 artiﬁces.
3265 3488 3492 3543 Phidias
3523 3488 3664 3553 illos,

2081 3588 2462 3656 Parasiosquc,
2494 3594 2550 3642 et
2574 3584 2891 3649 Praxiteles,
2922 3591 2978 3637 ct
3009 3582 3277 3639 Zeuxidas
3306 3590 3421 3635 arte
3446 3579 3511 3633 iis
3538 3579 3669 3632 sub-

2085 3680 2264 3735 tiliore
2339 3684 2619 3746 coarguat.
2687 3675 3049 3738 Democritus,
3110 3682 3264 3742 puto,
3323 3670 3512 3725 subtili
3573 3685 3669 3739 pa-

2084 3766 2313 3824 vimenti
2358 3780 2527 3836 opere
2567 3772 2884 3833 conspecto,
2926 3774 3089 3832 atque
3125 3761 3254 3815 hinc
3295 3759 3669 3829 conjecturam

2084 3861 2326 3926 ducens,
2372 3856 2521 3914 haud
2566 3856 2757 3931 procul
2801 3856 2993 3910 abesse
3036 3853 3300 3909 dixisset.
3351 3848 3488 3920 quin
3538 3861 3670 3903 suas

1959 4048 2199 4110 NOTAE.

467 4254 547 4325 (5)
606 4253 678 4325 Ἦ
723 4252 957 4323 χρυσοῦ
1012 4271 1069 4307 τι
1110 4250 1598 4325 θαυμασιώτερον
1664 4250 1970 4325 σύνθημα.

394 4322 586 4382 lnnuit
621 4322 769 4379 forte
784 4326 961 4379 simile
994 4324 1199 4395 aliquid
1226 4322 1533 4395 factitatum
1568 4322 1625 4376 in
1671 4338 1861 4395 mensa
1891 4323 1974 4377 al-

403 4397 536 4450 taris
592 4410 749 4449 nova:
786 4396 1055 4460 ecclesiaa,
1083 4392 1178 4448 'ae
1226 4394 1427 4449 factum
1465 4394 1643 4447 fuerat
1687 4394 1743 4446 in
1776 4392 1977 4447 Sancta

399 4466 609 4535 Sophia
647 4481 677 4520 a
702 4466 1015 4521 Iustiniano
1041 4483 1058 4532 ;
1094 4465 1342 4535 pluribus
1373 4464 1579 4535 scilicet
1610 4463 1825 4532 liqualis
1853 4478 1983 4533 spe-

2080 4267 2303 4323 nymus,
2355 4252 2498 4309 nihil
2525 4254 2795 4310 habentes
2831 4266 2994 4309 eum-
3019 4251 3135 4323 ipsa
3169 4247 3358 4323 altaris
3385 4261 3577 4323 mensa
3613 4246 3669 4301 in

2082 4320 2290 4379 fabrica
2322 4324 2555 4394 aliisque
2580 4339 2910 4389 commune;
2947 4322 3101 4394 quid,
3140 4320 3183 4375 si
3216 4320 3382 4394 etiam
3424 4320 3481 4394 in
3516 4334 3673 4394 nova:

2087 4394 2335 4449 ecclesia:
2362 4389 2603 4449 sacrario
2648 4408 2838 4459 erant;
2874 4389 2979 4447 nec
3007 4390 3409 4447 Constantinus
3438 4390 3506 4443 de
3551 4389 3671 4457 ipsa

2092 4465 2279 4521 altaris
2318 4480 2509 4519 mensa
2541 4466 2754 4519 locutus
2793 4471 2897 4530 est,
2923 4478 3087 4533 quam
3127 4461 3309 4533 potius
3335 4459 3670 4531 peculiarius

397 4529 615 4603 ciebus,
671 4538 789 4591 sive
822 4538 985 4591 etiam
1012 4529 1284 4600 contusis,
1320 4550 1388 4590 ex
1417 4534 1617 4603 quibus
1653 4529 1759 4587 una
1794 4529 1987 4589 altaris
2019 4529 2064 4586 D
2093 4534 2332 4590 voluerit
2369 4536 2608 4589 notare?

396 4624 592 4662 mensa
620 4607 989 4672 conflaretur;
1040 4607 1198 4676 cujus
1243 4617 1423 4659 tamen
1460 4604 1538 4676 rei
1584 4604 1981 4676 Constantinus

398 4695 511 4732 non
538 4680 818 4743 meminit;
843 4673 1306 4731 Photium’tamen
1335 4675 1475 4730 tueri
1502 4674 1775 4728 recentior
1805 4673 1980 4729 forsi-

400 4759 494 4804 tan
528 4749 793 4803 memoria
824 4749 1013 4817 possit.
1046 4747 1292 4805 Proclive
1317 4756 1467 4800 certe
1495 4743 1823 4817 Justinianaa
1854 4760 1981 4817 mu-

400 4818 700 4873 nificentia:
726 4815 840 4873 fere
881 4820 1142 4874 aemulum
1169 4817 1524 4872 aedificiorum
1561 4815 1842 4884 superbia,
1880 4816 1982 4870 hoc

396 4904 621 4958 quoque
659 4890 903 4944 aeinulari
944 4889 1120 4958 ipsum
1151 4888 1407 4958 voluisse,
1443 4901 1507 4940 ac
1523 4900 1663 4958 ~rem
1712 4893 1975 4958 tentasse.

395 4955 794 5015 Constantinus
825 4962 898 5015 ila
936 4955 1061 5014 ε’Τὰ
1088 4959 1256 5012 ἄδυτα
1285 4957 1379 5009 τοῦ
1419 4955 1571 5018 ναοῦ,
1612 4958 1707 5008 καὶ
1753 4955 1979 5026 χρυσῷ,

396 5032 495 5084 καὶ
520 5030 749 5102 ἀργύρῳ
781 5031 877 5085 καὶ
899 5030 1065 5093 λίθοις
1092 5029 1316 5102 τιμίοις,
1348 5027 1443 5081 καὶ
1466 5026 1782 5102 μαργάροις
1813 5042 1981 5078 κατα-

398 5096 754 5155 πεποίκιλται
775 5118 788 5134 ο
823 5112 1048 5171 tumque
1080 5098 1574 5171 aliisipercensitis.
1610 5112 1730 5171 quae
1760 5096 1815 5171 in
1851 5112 1979 5171 sann-

396 5172 615 5225 ctuario
645 5183 833 5233 erant.
878 5168 976 5225 καῖ
1008 5170 1177 5231 αὐτὰ,
1207 5170 1405 5239 inquit,
1440 5169 1504 5239 ai
1537 5168 1683 5237 ἱεραὶ
1711 5168 1980 5239 τράπεζαι

396 5184 615 5225 ctuarto
645 5184 833 5233 erant.
878 5184 972 5225 και.
1008 5184 1177 5231 αυτα,
1207 5184 1405 5239 qumt,
1440 5184 1494 5222 αι
1538 5184 1683 5237 ιεραι
1711 5184 1980 5289 epam-zeal.

396 5242 460 5304 ἐξ
490 5241 736 5313 ἀργύρου
777 5244 959 5297 πάντα
991 5240 1444 5313 περικεχυμένον
1482 5238 1676 5313 ξχοντα
1717 5254 1746 5288 τ
1782 5255 1810 5289 ν
1845 5254 1981 5313 χρυ-

400 5309 653 5383 σὸνίκαῗ
683 5313 850 5378 λίθοις
881 5309 1170 5383 τιμίοιςέκ
1194 5309 1549 5383 μαργαριτῶν
1579 5309 1980 5383 ⁴ημφιεσμένοις

400 5381 713 5462 πολυτελῶν
732 5377 840 5456 τὴν
861 5377 1137 5454 σύμπηξιν
1169 5377 1289 5462 καῖ’
1321 5377 1807 5462 σύστασιν-ἔχουσα
1839 5377 1979 5445 Ipsm

401 5454 569 5506 etiam
610 5449 1049 5518 sacraz'men'saz,
1075 5452 1255 5506 omnia
1306 5467 1371 5505 ea:
1410 5460 1628 5521 argento
1655 5449 1740 5502 cui
1791 5464 1979 5517 super-

401 5524 582 5595 fusum
608 5527 783 5595 fuerat
814 5542 1030 5590 aurum,
1059 5533 1121 5595 et_
1155 5522 1420 5595 lapidibus
1450 5521 1713 5595 pretiosis,
1762 5534 1978 5589 marga-

401 5592 521 5665 ritis
584 5592 927 5665 superpositis
980 5593 1291 5660 amplissimi
1340 5592 1517 5665 pretii,
1570 5598 1847 5665 compecti}
1911 5605 1976 5665 ᾳσ

402 5657 668 5733 fabricate
702 5657 873 5720 erant.
896 5669 963 5718 At
984 5657 1115 5718 num
1137 5665 1221 5718 ha:
1246 5657 1474 5722 mensae.
1503 5662 1618 5730 ipsa
1636 5657 1762 5733 κατῖ
1781 5657 1976 5733 ἐξοχὴν

402 5729 498 5783 τοι)
531 5735 918 5808 θυσιαστηρίου
968 5734 1244 5805 τράπεζα;
1278 5733 1336 5808 in
1387 5729 1604 5808 Sancta:
1634 5729 1854 5798 Sophia:
1883 5745 1970 5783 sa-

401 5805 584 5873 crario
626 5803 813 5873 etiaui'
840 5807 973 5870 altas
1008 5803 1235 5874 mensas
1291 5803 1551 5860 describit
1594 5808 1784 5867 auctor
1835 5816 1969 5855 ano-

2156 4606 2311 4671 Quod
2342 4605 2549 4659 editum
2588 4604 2746 4659 titulo
2773 4603 3047 4673 ἔκφασις,
3095 4600 3304 4673 mutavi
3359 4598 3627 4673 ἐκφρασις
3650 4616 3665 4630 ·

2084 4669 2198 4730 nec
2233 4674 2382 4729 enim
2416 4674 2563 4728 aliud
2615 4684 2699 4729 est
2728 4669 2891 4744 quam
2942 4672 3251 4744 oscitantia‘
3280 4669 3666 4744 exscribentis,

2084 4746 2214 4800 dum
2250 4761 2372 4815 qua:
2399 4745 2597 4814 duplex
2631 4740 2780 4814 pingi
2815 4746 2994 4798 littera
3023 4743 3179 4803 solet,
3209 4740 3441 4815 simplici
3469 4740 3665 4793 reddit.

2084 4816 2143 4871 In
2184 4812 2309 4887 .qu'o
2364 4812 2691 4887 non—semel
2731 4815 2813 4887 illi
2842 4824 3114 4887 erratum;
3161 4812 3668 4887 qpodquepmnem

2084 4880 2411 4956 scrupulum
2447 4886 2661 4956 adimit,
2689 4886 2892 4956 saapius
2927 4886 2979 4938 in
3000 4898 3137 4956 voce
3166 4880 3535 4956 εὐφαίνεσθαι,
3572 4895 3671 4956 pro

2082 4950 2474 5027 εὐφραίνεσθαι
2503 4970 2518 4983 ο
2545 4954 2627 5027 τῷ
2659 4950 2936 5027 -ἐκῲασις,
2990 4952 3130 5027 nihil
3184 4952 3318 5006 satis
3374 4950 3669 5027 congruit:

2080 5021 2373 5097 ἐκφρασις.
2406 5021 2708 5097 Descriptio
2732 5021 2836 5091 est,
2870 5024 3160 5097 llermolao
3188 5031 3520 5097 auctore._et
3547 5021 3671 5092 qui.

2083 5092 2209 5151 deni
2240 5096 2406 5160 culta,
2439 5092 2847 5165 verborumque
2878 5094 3150 5149 lenocinio
3182 5108 3341 5163 paene
3394 5092 3673 5165 affectata,

2083 5167 2398 5238 cuiusmodi
2425 5166 2515 5238 illa
2546 5162 2770 5238 διωριαὲ
2799 5165 3141 5238 Euphemize,
3172 5162 3398 5238 auctore
3424 5162 3674 5238 Asterin,

2080 5237 2137 5293 in
2157 5232 2241 5292 ’νιι
2270 5237 2475 5309 synodo
2497 5237 2732 5309 laudata,
2750 5232 2993 5309 mihique
3007 5234 3351 5309 emendatior
3372 5233 3425 5285 in
3446 5232 3666 5309 Asterie

2079 5309 2247 5371 edita,
2286 5303 2565 5376 semelque
2603 5316 2660 5360 et
2686 5308 2884 5361 iterum
2905 5303 2917 5305 ἡ
2947 5304 3409 5375 Lugdunensihus
3434 5314 3492 5376 et
3516 5303 3672 5376 Ρογῇτ

2084 5378 2367 5434 siensibus
2391 5372 2689 5448 typothetis
2718 5392 2784 5431 ex
2804 5391 2931 5448 inea
2957 5372 3071 5448 illa
3106 5376 3368 5448 editione,
3390 5372 3670 5448 quidquid

2079 5449 2293 5520 ingrate
2309 5442 2550 5520 taceant,
2570 5462 2783 5503 recusa.
2801 5446 2898 5501 Est
2919 5446 3165 5520 ejusdem
3191 5446 3353 5520 etiam
3370 5442 3671 5520 descriptio

2077 5511 2253 5586 OEuIi,
2290 5519 2444 5573 Orat.
2472 5511 2543 5571 de
2570 5532 2708 5570 εωεο
2748 5528 2895 5585 nato,
2935 5511 3069 5571 mihi
3108 5514 3337 5586 perinde
3366 5522 3491 5581 post
3523 5511 3669 5586 lino-

2080 5582 2551 5658 tiana'excerpta,
2602 5588 2841 5658 primum
2882 5582 2971 5642 ex
3006 5586 3065 5639 P.
3111 5582 3237 5658 ‘Jac.
3285 5582 3670 5658 Siriniiiitli-tft

2077 5658 2327 5730 Seguier.
2362 5652 2725 5714 cofld.’edita.
2783 5657 2843 5712 τὸ
2890 5656 3372 5725 ἑνευθυνούμενον,
3437 5652 3662 5725 etiamid.

2076 5730 2553 5801 ἑνευθηνούμενον.
