4032 6434
442 362 557 430 571'
1614 362 1883 426 PHOTII
1919 361 2431 425 PATRIARCHA‘.‘
2471 364 2580 428 CP.
3605 369 3695 436 572

438 486 514 531 ou
562 477 750 533 oculos
780 484 1067 535 versantes
1093 484 1303 532 atomos
1334 468 1675 531 invenisSet:
1716 473 1799 527 sic
1829 478 2026 526 cuncta

2106 523 2108 532 λ
2138 471 2455 541 ματος.⁹Ενὶ
2486 471 2543 525 δέ
2576 473 2669 541 μοι
2704 469 2857 525 δοκεῖ
2884 470 3049 543 μόνον
3086 471 3118 525 ὁ
3145 467 3242 525 τοῦ
3266 470 3529 542 τεμένους
3556 471 3698 546 ἁρχι.

444 573 605 641 plena
656 572 939 627 miraculo.
996 570 1177 625 Unum
1226 582 1358 623 vero
1399 567 1670 622 duntaxat
1717 565 1854 619 mihi
1898 579 2031 634 pec-

2132 564 2342 619 τέκτων
2361 563 2821 637 διημαρτηκέναι.
2852 566 3046 636 ὅτιπερ
3071 564 3152 629 εἰς
3177 564 3276 619 ινα
3319 566 3418 619 καὶ
3444 564 3535 619 τὸν
3555 567 3701 624 αὑτὸν

442 681 598 720 casse
650 665 863 719 videtur
915 662 1130 717 delubri
1169 659 1530 723 architectus,
1580 656 1725 729 quod
1763 658 1821 711 in
1860 671 2032 711 unum

2134 657 2313 729 χῶρον
2356 656 2474 728 ἅμα
2526 658 2705 712 πάντα
2750 656 3012 721 συλλέξας
3055 656 3128 711 τὰ
3175 657 3368 728 κάλλη,
3396 659 3497 712 ούκ
3533 660 3594 729 ἐᾷ
3620 660 3702 713 τὸν

446 753 810 825 cumdemque
839 756 1021 808 locum
1058 750 1304 822 pulchris
1338 750 1594 805 omnibus
1620 746 1919 818 congestis,
1950 744 2033 800 vi-

2135 749 2330 822 θεατὴν
2376 750 2634 820 καθαρῶς
2685 749 3028 822 ἐντρυφῆσαι
3077 749 3173 803 τοῦ
3221 748 3512 820 θεάματος,
3541 751 3703 806 ἄλλων

444 844 665 896 dentem
712 842 856 895 clare
904 839 1221 910 spectaculo
1256 837 1364 892 frui
1400 852 1511 891 non
1548 835 1702 896 sinit,
1729 832 1852 888 aliis
1900 831 2034 887 sub-

2135 844 2236 898 ἀπ’
2261 841 2440 897 ἄλλων
2463 841 2812 913 ἀφελκόντων
2838 858 2900 895 τε
2931 842 3027 896 καὶ
3058 840 3491 911 μετασπώντων·
3519 843 3608 895 καὶ
3637 844 3704 916 μὴ

448 933 574 986 inde
621 931 728 985 alio
786 929 1169 993 trahentibus,
1227 927 1587 1013 vicissimque
1637 924 2031 988 avellentibus,

2138 934 2617 1006 παραχωρούντων
2643 935 2767 989 ὅσον
2787 951 2875 998 τις
2901 933 3080 990 δθέλει
3108 934 3204 989 τοῦ
3233 933 3509 1005 ὁρωμένου
3537 928 3706 1003 κορέν-

446 1041 550 1080 nec
592 1026 902 1081 sinentibus
946 1033 1212 1094 quantum
1242 1023 1366 1094 quis
1393 1022 1545 1086 velit,
1570 1020 1690 1092 ejus
1714 1020 1859 1091 quod
1889 1018 2035 1074 videt
2136 1029 2357 1085 νυσθαι,

446 1127 671 1188 aspectu
702 1117 910 1172 satiari.

516 1209 673 1274 Quod
718 1223 806 1262 me
856 1222 989 1262 vero
1040 1206 1324 1277 praeteriit,
1356 1205 1706 1276 primumque
1736 1201 2034 1259 dicendum

2211 1212 2279 1267 Ὃ
2306 1210 2367 1267 δέ
2403 1228 2473 1283 με
2519 1212 2878 1286 παρέδραμε.
2907 1213 3003 1267 καὶ
3051 1211 3269 1283 πρῶτον
3319 1208 3548 1281 ῥηθῆναι
3593 1209 3706 1264 ἔδει.

448 1301 574 1356 fuit.
621 1300 825 1356 Verum
886 1315 959 1354 ne
1018 1300 1165 1355 inter
1211 1299 1481 1354 orandum
1537 1297 1792 1367 quidem,
1844 1296 2032 1366 templi

2148 1304 2312 1361 Ἀλλὰ
2332 1306 2443 1378 γὰρ
2472 1307 2582 1360 οὐδ’
2611 1307 2669 1360 ὲν
2700 1308 2814 1370 τοῖς
2842 1304 3026 1374 λόγοις
3046 1302 3141 1356 τοῦ
3162 1301 3428 1373 τεμένους
3449 1301 3509 1354 τὸ
3538 1300 3709 1371 θαῦμα

448 1396 773 1452 miraculum
803 1411 931 1451 suas
960 1402 1211 1451 orantem
1238 1392 1384 1447 clare
1414 1398 1599 1463 partes
1627 1388 1849 1460 exsequi
1870 1388 2034 1443 sinit:

2137 1401 2372 1473 παρέχει
2405 1399 2484 1471 τῷ
2513 1399 2729 1468 λέγοντι
2759 1397 3021 1468 καθαρῶς
3060 1395 3124 1450 τδ
3157 1395 3289 1449 ῐδιον
3315 1393 3495 1448 τελεῖν
3522 1393 3673 1464 ἔργον
3693 1410 3705 1423 ·

448 1505 516 1543 ac
570 1504 701 1544 sane
761 1488 926 1542 modo
980 1486 1230 1543 dicturus
1295 1500 1439 1539 sum.
1506 1482 1567 1537 In
1637 1482 1754 1553 ipsa
1799 1497 2037 1552 namque

2137 1492 2233 1548 καὶ
2276 1492 2343 1566 δὴ
2390 1492 2487 1547 νῦν
2529 1493 2833 1564 εἰρήσεται,
2869 1492 2959 1547 ἐπ’
2992 1488 3166 1559 αὐτῆς
3198 1487 3308 1559 γὰρ
3353 1486 3456 1558 τῆς
3500 1487 3709 1558 ὀροφῆς,

449 1580 719 1650 superiori
751 1578 981 1642 fornice,
1013 1579 1182 1634 virilis
1208 1577 1386 1648 imago
1411 1573 1618 1630 Christi
1643 1574 1871 1629 formam
1893 1588 2038 1643 pra:-

2137 1585 2481 1658 ὰνδρείκελος
2508 1583 2674 1639 εἰκὼν
2708 1585 2926 1657 μορφὴν
2950 1583 3197 1654 φέρουσα
3220 1580 3317 1636 τοῦ
3351 1579 3590 1650 Χριστοῦ
3622 1597 3712 1633 πο-

452 1672 636 1727 ferens
667 1671 974 1743 lapillorum
1007 1670 1159 1725 vario
1188 1667 1321 1724 ﬂore
1342 1668 1557 1738 depicta
1579 1665 1852 1721 enitescit.
1879 1664 2040 1721 Dixe-

2137 1678 2391 1733 λυανθέσι
2418 1678 2649 1750 ψηφῖσιν
2680 1677 3080 1749 ἐγγέγραπται.
3114 1676 3306 1738 Εῐποις
3335 1673 3406 1728 ἂν
3433 1672 3593 1728 αὐτὸν
3625 1672 3713 1745 τὴν

454 1764 531 1818 ris
572 1772 770 1817 terram
820 1763 1153 1833 inspectare,
1183 1761 1413 1831 ejusque
1447 1769 1699 1814 ornatum
1740 1775 1805 1815 ac
1837 1760 2037 1832 guber-

2137 1771 2243 1842 γῆν
2275 1771 2501 1842 ἔφορᾷν,
2538 1769 2634 1824 καὶ
2662 1768 2761 1841 τὴν
2805 1767 2936 1840 περὶ
2960 1767 3165 1838 ταύτης
3189 1764 3520 1820 διανοεῖσθαι
3546 1763 3714 1818 διακό-

452 1856 730 1911 nationem
758 1867 941 1912 mente
977 1857 1180 1927 agitare
1209 1873 1223 1909 :
1266 1856 1345 1910 sic
1370 1865 1627 1909 accurate
1648 1854 1848 1925 pictor,
1876 1863 2034 1926 gestu

3220 1853 3470 1928 ἀκριϐῶς
3520 1853 3550 1908 ὁ
3592 1870 3716 1924 γρα-

448 1966 511 2004 et
571 1948 781 2015 habitu,
830 1948 1215 2019 coloribusque
1251 1945 1532 2001 Creatoris
1560 1962 1687 2017 erga
1724 1962 1826 2001 nos
1855 1947 2038 2016 provi-

2136 1956 2271 2025 φεὺς
2324 1957 2419 2010 atat
2458 1956 2573 2018 τοῖς
2625 1955 2870 2024 σχήμασι
2902 1950 3001 2023 τὴν
3052 1948 3149 2004 τοῦ
3196 1943 3548 2019 Δημιουργοῦ
3597 1944 3717 2013 περὶ

455 2042 697 2095 dentiam
756 2056 1078 2111 curamque,
1130 2039 1360 2095 numine
1421 2039 1749 2110 propensius
1796 2039 2034 2103 amante,

2134 2049 2285 2119 ἡμᾶς
2333 2044 2665 2116 κηδεμονίαν
2713 2042 2977 2105 ἐπίπνους
3015 2039 3242 2110 γέγονεν
3277 2034 3711 2091 έντυπώσασθαι.

451 2132 678 2189 eﬂinxit.
715 2134 1090 2205 ﬂeruispliwrii
1126 2134 1271 2189 circa
1304 2132 1514 2187 tholum
1544 2132 1768 2187 insectis
1792 2130 2036 2193 circulis,

2137 2141 2264 2203 Τοῖς
2305 2138 2365 2191 δὲ
2388 2138 2519 2208 περὶ
2546 2138 2686 2208 αὐτῇ
2717 2135 2890 2207 ὀροφῇ
2921 2132 3016 2187 τοῦ
3047 2130 3417 2203 ἡμισφαιρίου
3446 2130 3716 2198 τμήμασιν

450 2224 767 2296 angelorum
819 2240 1167 2279 coimuuuem
1223 2224 1543 2294 stipantium
1608 2221 1900 2277 Dominum
1949 2224 2039 2278 dc-

2136 2233 2425 2303 ὲγκύκλοις
2446 2273 2461 2298 ,
2491 2230 2703 2301 πληθὺς
2730 2229 2979 2299 ἀγγέλων
3007 2225 3085 2297 τῷ
3114 2225 3282 2297 κοινῷ
3307 2224 3551 2292 Δεσπότῃ
3575 2221 3716 2292 δορυ-

452 2314 600 2385 picta
658 2315 953 2371 multitudo
1009 2333 1022 2370 :
1081 2331 1203 2385 quae
1246 2330 1378 2370 vero
1430 2315 1500 2370 ab
1529 2313 1719 2370 altaris
1748 2316 1868 2369 loco
1891 2318 2039 2385 apsis

2138 2325 2432 2399 φοροῦντες
2457 2321 3045 2395 διαμεμόρφωνται.Ἢ
3075 2319 3130 2372 δὲ
3164 2318 3273 2372 ἀπὸ
3296 2315 3394 2370 τοῦ
3439 2317 3714 2382 θυσιαστη-

451 2408 705 2478 assurgit,
754 2406 995 2480 Virginis
1039 2408 1214 2463 forma
1259 2407 1615 2478 splendescit.
1664 2408 1839 2463 nostri
1875 2424 2039 2464 causa

2142 2420 2257 2491 ρίου
2306 2415 2703 2489 ἀνεγειρομένη
2752 2416 2902 2483 ἁψὶς,
2937 2415 3006 2485 τῇ
3062 2415 3249 2484 μορφῇ
3303 2410 3406 2479 τῆς
3452 2405 3715 2477 Παρθένου

456 2500 718 2570 expansis
751 2501 1093 2555 intemeratis
1121 2500 1395 2565 manibus,
1424 2517 1488 2556 ac
1520 2517 1644 2571 quae
1670 2501 1906 2557 salutem
1937 2501 2042 2555 im-

2139 2507 2673 2578 περιαστράπτεται,
2698 2504 2797 2568 τὰς
2834 2503 3139 2575 ἁχρὰντους
3177 2502 3374 2571 χεῖρας
3405 2495 3546 2565 ὑπὲρ
3574 2493 3717 2564 ἡμῶν

456 2592 695 2661 peratori
736 2601 977 2662 praestet,
1010 2593 1283 2662 roburque
1305 2593 1369 2647 ad
1402 2592 1543 2647 bella
1574 2593 1787 2648 fortiter
1803 2593 2038 2664 gerenda

2139 2599 2504 2670 ὲξαπλούσης,
2525 2598 2623 2652 καὶ
2656 2595 3041 2667 πραττομένης
3072 2592 3150 2664 τῷ
3186 2590 3403 2663 βασιλεῖ
3431 2588 3531 2659 τὴν
3560 2604 3719 2653 σωτη-

450 2683 528 2738 illi
559 2684 839 2740 conciliet.
871 2685 1261 2754 Apostolorum
1291 2685 1496 2739 chorus
1526 2695 1687 2755 atque
1707 2696 2038 2756 martyrum;

2144 2692 2299 2765 ρίαν,
2332 2692 2427 2746 καὶ
2472 2691 2596 2745 κατ’
2652 2688 2865 2760 ἐχθρῶν
2916 2685 3411 2758 ἀνδραγαθήματα.
3462 2679 3631 2751 Χορὸς
3669 2678 3717 2730 δὲ

453 2792 587 2831 sane
642 2776 807 2831 etiam
865 2777 1261 2846 proiihetarum
1308 2790 1371 2830 ac
1404 2776 1858 2845 patriarcharum.
1887 2791 2042 2847 egre-

2140 2783 2458 2839 ἁποστόλων
2484 2783 2582 2835 καὶ
2618 2780 2942 2852 μαρτύρων·
2976 2777 3067 2830 ναὶ⁸
3095 2777 3160 2847 δὴ
3185 2775 3282 2829 καὶ
3315 2770 3612 2842 προφητῶν
3635 2766 3717 2821 καὶ

454 2869 602 2940 gium
645 2868 845 2937 templo
886 2877 1164 2931 ornatum,
1194 2867 1340 2939 quod
1378 2867 1542 2938 pictis
1574 2867 1903 2938 imaginibus
1941 2868 2044 2923 im-

2141 2876 2519 2949 πατριαρχῶν,
2552 2875 2674 2930 ὅλον
2704 2872 3039 2944 πληροῦντες
3071 2872 3193 2934 ταῖς
3222 2868 3398 2922 εἰκόσι
3424 2866 3486 2919 τδ
3511 2864 3717 2935 τέμενος

457 2958 663 3028 pleant,
706 2956 946 3012 aﬂ'erunt
982 2975 997 3011 :
1052 2957 1252 3013 borum
1286 2973 1431 3012 unus
1472 2957 1614 3025 quis,
1652 2957 1867 3012 tametsi
1897 2958 2039 3022 silet,

2142 2968 2563 3042 ὲξωραῐζουσιν·
2591 2958 2667 3020 ὧν
2690 2966 2720 3019 ὁ
2761 2964 2861 3035 μὲν
2889 2963 2985 3016 καὶ
3010 2960 3202 3029 σιγῶν,
3238 2958 3309 3012 δι’
3339 2951 3416 3012 ὧν
3446 2954 3610 3010 πάλαι
3634 2954 3717 3006 ἁν-

452 3050 658 3121 quibus
705 3050 833 3105 olim
913 3051 1129 3106 locutus
1195 3060 1316 3114 est,
1357 3051 1601 3105 clamat:
1639 3049 1810 3114 Quam
1849 3049 2042 3104 dilecta

2143 3064 2467 3133 εφθέγξατο,
2499 3060 2627 3132 βοᾷο
2675 3059 2773 3125 Ὠς
2804 3054 3082 3126 ἀγαπητὰ
3101 3055 3175 3109 τὰ
3203 3048 3571 3120 σκηνώματά
3594 3063 3715 3107 σου,

468 3143 812 3198 tabernacula
869 3154 982 3209 tua,
1048 3144 1269 3198 Domine
1318 3143 1611 3198 virtutum!
1647 3145 1966 3214 concupiscit
1996 3155 2044 3198 et

2147 3159 2326 3225 Κύριε
2355 3155 2476 3211 τῶν
2522 3150 2872 3223 δυνάμεωνέ
2912 3148 3191 3204 ἐπιποθεῖ
3230 3145 3335 3200 καί
3387 3142 3647 3197 ἐκλείπει
3684 3139 3716 3206 ἠ

457 3237 632 3307 deﬁcit
676 3238 856 3291 anim-1
902 3254 1018 3291 mea
1060 3238 1115 3290 in
1158 3237 1299 3290 atria
1339 3236 1549 3290 Domini
1592 3236 1634 3290 '.
1682 3236 1836 3291 Alter
1871 3251 2044 3292 vero:

2150 3251 2323 3322 ψυχή
2362 3267 2483 3319 μου
2525 3250 2614 3314 εἰς
2654 3247 2759 3311 τὰς
2808 3243 3003 3309 αὐλὰς
3043 3240 3150 3296 τοῦ
3178 3239 3423 3307 Κυρίου.
3441 3237 3498 3290 Ὀ
3526 3235 3609 3289 δέ·
3639 3231 3721 3296 Ὠς

460 3331 636 3397 Quam
678 3331 940 3384 mirabilis
984 3339 1057 3383 cst
1098 3329 1242 3384 locus
1275 3331 1408 3384 istc!
1439 3345 1541 3383 non
1572 3338 1646 3384 est
1675 3328 1793 3396 hoc,
1822 3330 1924 3384 nisi
1952 3330 2047 3384 do-

2150 3341 2496 3412 θαυμαστὸς
2520 3342 2553 3395 ὁ
2582 3340 2767 3403 τόπος
2789 3332 3006 3400 οὗτος]
3033 3336 3147 3388 οὐκ
3182 3332 3318 3387 ἔστι
3358 3328 3554 3390 τοῦτο,
3575 3323 3724 3380 ’ἀλλ’

458 3440 576 3477 mus
610 3422 705 3477 Dei
727 3422 769 3476 ⁸.
810 3421 1057 3479 Succinit
1081 3431 1261 3477 autem
1301 3421 1440 3476 forte
1489 3422 1651 3489 alius,
1681 3423 1773 3494 qui
1804 3422 2050 3494 necipse

2151 3435 2189 3505 ἢ
2224 3431 2387 3502 οἶκος
2421 3432 2590 3488 Θεοῦ.
2609 3430 2908 3498 Ἐπιφωνεῖ
2946 3427 3003 3481 δέ
3045 3443 3131 3489 τις
3183 3426 3318 3483 ἴσως
3353 3420 3450 3475 καὶ
3489 3419 3595 3472 τῶν
3636 3416 3743 3485 οὐχ·

457 3531 523 3571 ex
576 3516 796 3576 nostris.
839 3526 935 3571 aut
976 3515 1219 3586 probatis
1260 3514 1352 3579 sit,
1390 3514 1704 3586 invitusque
1749 3524 1933 3570 nostra
1958 3515 2049 3570 de-

2150 3527 2435 3600 ήμετέρων
2459 3524 2569 3579 οὐδ’
2587 3521 3080 3594 ἐγγεγραμμένων,
3106 3518 3202 3572 καὶ
3231 3518 3385 3571 ἄκων
3414 3512 3722 3574 ἐπιθειάζων

458 3610 718 3679 ιιτῖειίίοιιι
743 3627 757 3663 :
792 3608 964 3673 Quam
984 3609 1220 3677 pulchra?
1251 3609 1437 3663 domus
1466 3619 1591 3674 mat,
1626 3604 1833 3675 Jaco'b;
1870 3608 2049 3663 taber-

2149 3619 2221 3673 τὰ
2258 3619 2498 3689 ἡμέτερα
2522 3632 2537 3648 ο
2585 3617 2683 3682 Ὠς
2708 3614 2884 3668 καλοί
2916 3627 3033 3667 σου
3093 3613 3148 3665 οὶ
3201 3606 3355 3664 οἴκοι
3384 3650 3402 3675 ,
3421 3606 3643 3670 Ἰακὼϐ,
3672 3605 3725 3658 αἱ

462 3705 655 3758 naenia
707 3713 821 3768 tua,
876 3702 1081 3756 Israel!
1129 3701 1406 3773 Tanquam
1453 3703 1696 3772 paradisi
1745 3718 1904 3770 super
1945 3702 2050 3771 ﬂu-

2151 3711 2377 3780 σκηναί
2396 3727 2535 3775 σου,
2560 3707 2814 3777 Ἰσραήλ
2835 3707 2855 3760 !
2877 3705 3021 3760 ὡσεὶ
3050 3703 3407 3773 παράδεισοι
3430 3701 3527 3755 ἐπὶ
3559 3713 3726 3753 nora-

462 3796 606 3848 mina
628 3838 642 3859 ,
676 3804 744 3848 et.
766 3796 900 3847 sicut
933 3793 1295 3848 tabernacula
1343 3809 1461 3865 qua:
1496 3793 1614 3863 ﬁxit
1664 3792 1823 3858 Deus,
1854 3802 1904 3849 et
1947 3809 2050 3846 non

2145 3790 2322 3877 μοὺς,
2360 3804 2458 3858 καὶ
2488 3804 2569 3869 ὡς
2597 3805 2656 3857 ai
2684 3801 2905 3870 σκηναί
2936 3799 3009 3865 ἃς
3046 3799 3276 3865 ἔπηξεν
3312 3797 3348 3853 ὁ
3374 3796 3603 3863 Κύριος,
3638 3786 3726 3843 καί

459 3887 613 3939 homo
631 3888 671 3939 ³.

2150 3902 2263 3954 οὐκ
2290 3896 2622 3965 ἅνθρωπος,

532 3979 671 4032 Olim
695 3977 916 4047 quidem
946 3976 1035 4030 Dei
1067 3975 1412 4046 conspectori
1441 3974 1597 4042 Mosi,
1625 3975 1720 4030 Dei
1744 3974 1919 4046 ipsius
1945 3975 2049 4030 im-

2224 3990 2397 4045 Πάλαι
2423 3988 2521 4060 μὲν
2548 3985 2642 4040 οὖν
2665 3985 2745 4057 τῷ
2766 3984 2972 4055 θεὸπτγι
2998 3983 3176 4051 Μωσῇ
3201 3980 3335 4052 θείῳ
3362 3976 3726 4049 προστάγματι

464 4073 619 4142 perio
674 4071 1088 4126 tabernaculum
1146 4071 1442 4126 excitatum
1475 4080 1579 4135 est,
1607 4070 1676 4125 ad
1707 4071 1915 4125 bestias
1940 4069 2050 4125 Deo

2154 4081 2328 4152 σκηνὴ
2357 4075 2766 4133 κατεσκεύαστο
2785 4091 2799 4106 ·
2833 4075 3023 4128 θυσίαν
3050 4089 3110 4126 τε
3139 4071 3303 4124 θῦσαι
3330 4069 3451 4139 Θεῷ
3471 4063 3727 4137 ἁμαρτίας

463 4163 846 4229 immolandas,
863 4180 926 4218 ac
942 4163 1127 4234 populi
1152 4163 1349 4218 delicta
1370 4164 1659 4240 expianda.
1680 4163 1789 4219 Sed
1813 4171 1869 4217 et
1893 4162 2051 4218 Salo-

2151 4170 2527 4240 ἐξιλάσασθαι.
2572 4170 2684 4223 Καὶ
2728 4166 2809 4237 τῷ
2871 4164 3182 4236 Σολομῶντι
3228 4163 3286 4216 δὲ
3353 4159 3564 4231 βασιλεῖ
3613 4158 3640 4208 ὁ
3678 4155 3726 4205 ὲν

463 4256 616 4311 moui
649 4257 783 4327 regi,
816 4256 1079 4325 templum
1115 4256 1314 4311 deinde
1342 4236 1732 4326 Hierosolymis
1765 4255 2048 4311 conditum

2165 4236 2557 4339 Ἱεροσολύμοις
2600 4261 2727 4323 ναὸς
2778 4236 3006 4329 ῦστερον
3054 4254 3290 4326 τερπνόν
3329 4269 3382 4306 τι
3410 4250 3613 4321 χρῆμα,
3644 4244 3726 4339 καί

459 4356 578 4413 est;
615 4363 756 4418 Opus
786 4346 996 4402 scilicet
1027 4355 1252 4418 aspectu
1294 4347 1635 4409 delectabile,
1663 4361 1728 4401 ac
1756 4347 2049 4417 ejusmodi,

2152 4335 2364 4422 πάντας
2402 4355 2529 4418 τοὺς
2575 4350 2887 4424 ἔμπροσθεν
2918 4348 2998 4418 τῷ
3029 4346 3219 4401 κάλλει
3248 4346 3346 4398 καὶ
3375 4341 3616 4412 μεγέθει,
3644 4335 3726 4390 καὶ

462 4449 524 4495 ιιι
540 4440 801 4511 quidquid
826 4439 947 4508 eius
969 4440 1188 4510 generis
1206 4455 1463 4510 unqualm
1474 4440 1778 4504 exstiterat,
1799 4439 2048 4509 pulchri-

2150 4453 2221 4522 τῇ
2271 4445 2594 4515 πολυτελείᾳ
2634 4439 3119 4513 ἀποκρυψάμενος.
3137 4436 3278 4490 Ἀλλ’
3302 4436 3428 4489 ὅσον
3478 4431 3607 4522 σκια
3642 4427 3727 4483 καὶ

461 4510 667 4590 tudine.
692 4510 1096 4604 magnitudine,
1142 4532 1565 4601 sumptuositate
1595 4532 1755 4603 longe
1783 4532 2049 4588 obscura-

2146 4510 2323 4603 τύπος
2366 4510 2623 4607 ἀληθείας
2664 4533 2762 4588 καὶ
2788 4510 3152 4603 *πραγμάτων
3196 4526 3380 4580 αὐτῶν
3411 4520 3721 4589 ὑποϐέϐηκε,

461 4634 566 4680 ret.
615 4623 913 4679 Enimvero
962 4632 1229 4693 quantum
1257 4624 1488 4677 fortasse
1515 4623 1707 4678 umbra
1734 4631 1791 4677 et
1820 4622 1991 4695 figura
2018 4637 2052 4677 a

2148 4633 2404 4690 τοσοῦτον
2439 4631 2626 4685 ἐκεῖνα
2670 4625 2764 4681 τοῦ
2813 4624 2908 4678 νῦν
2958 4620 3469 4691 ὲξοικοδομηθέντος
3500 4613 3620 4667 ναοῦ
3656 4608 3725 4678 τῷ

460 4718 693 4774 veritate
723 4719 996 4788 rebusque
1036 4716 1171 4786 ipsis
1200 4714 1437 4782 decedit,
1472 4723 1682 4770 tantum
1716 4714 1809 4769 illa
1838 4731 1869 4769 a
1908 4723 2052 4770 temo

2149 4725 2330 4794 πιστῷ
2373 4725 2467 4778 καὶ
2504 4720 2730 4793 μεγάλῳ
2761 4716 2973 4789 βασιλεῖ
2998 4713 3185 4785 ἡμῶν
3218 4713 3320 4781 οὐχ
3348 4711 3431 4764 ὅτι
3457 4711 3485 4762 ὁ
3513 4707 3608 4777 μὲν
3636 4701 3725 4794 τῆξ

464 4811 578 4880 pio,
611 4813 757 4881 quod
785 4825 935 4866 nunc
965 4808 1141 4865 fidelis
1160 4823 1506 4879 magnusque
1534 4807 1835 4878 imperator
1865 4818 2053 4862 noster

2151 4822 2380 4894 χάριτος
2401 4816 2614 4872 καὶτοῦ
2639 4813 2952 4882 πνεύματος
2982 4849 2998 4874 ,
3025 4809 3095 4864 τὰ
3119 4807 3180 4861 δὶ
3201 4806 3298 4860 τοῦ
3331 4804 3498 4872 νόμου
3524 4798 3615 4853 καὶ
3639 4790 3724 4847 τοῦ

466 4902 734 4957 exstruxit
786 4920 803 4957 ι
855 4920 964 4957 non
1017 4918 1084 4957 eo
1122 4902 1389 4957 duntaxat
1435 4900 1687 4963 nomine,
1723 4900 1869 4971 quod
1906 4900 2052 4955 istud

2151 4891 2505 4986 γράμματος,
2539 4907 2766 4961 ἀλλῖὄτι
2799 4906 2893 4958 καὶ
2933 4903 3012 4970 τῷ
3040 4900 3251 4963 κάλλει,
3274 4899 3366 4953 καὶ
3404 4899 3469 4967 τῇ
3496 4891 3625 4964 ἄλλῃ
3646 4903 3723 4941 τε·

467 4989 654 5063 gratia:
696 5008 762 5048 ac
807 4993 1032 5063 spiritus
1065 5002 1169 5055 est,
1206 4992 1296 5048 illa
1326 4992 1462 5064 legis
1488 5004 1652 5062 atque
1681 4992 1917 5058 litterzn;
1958 4992 2055 5047 sed

1903 5009 1917 5058 ἱ
1958 4992 2055 5047 εθά
2158 5006 2424 5081 χνουργίᾳ
2452 5005 2547 5062 καὶ
2570 4999 2859 5072 δεξιότητι,
2890 4997 2960 5052 τὰ
2982 4996 3216 5067 δεύτερα
3248 4993 3495 5064 φέρουσι.

466 5082 613 5154 quod
647 5083 810 5136 etiam
847 5085 1259 5152 pulchritudine
1295 5101 1359 5139 ac
1402 5084 1612 5153 reliqua
1655 5083 1790 5139 artis
1823 5082 2055 5138 concin-
2786 5104 2793 5111 -

470 5178 641 5231 nitate
697 5172 1069 5245 elegantisque
1125 5190 1239 5246 pne
1288 5176 1400 5231 illis
1441 5178 1639 5231 merito
1703 5176 1913 5247 primas
1959 5173 2060 5229 ob-

470 5269 631 5324 tinet.

540 5358 745 5429 Ecquis
796 5372 928 5411 veru
982 5358 1135 5413 brevi
1198 5360 1338 5416 adeo
1398 5370 1648 5431 tempore
1703 5359 2049 5416 celeberrimi

2232 5360 2344 5416 Kal
2375 5358 2428 5413 τί
2456 5359 2523 5414 ἄν
2548 5373 2635 5420 τις
2657 5356 2717 5410 ὲν
2745 5353 2891 5409 οὕτω
2922 5353 3117 5425 βραχεῖ
3161 5349 3229 5403 τὰ
3274 5345 3369 5402 τοῦ
3400 5337 3723 5413 περιωνύμου

471 5452 661 5524 templi
712 5451 970 5505 miracula
1011 5459 1180 5507 tentet
1227 5454 1475 5509 oratione
1531 5468 1887 5524 percurrere;
1923 5465 2050 5507 cum

2172 5454 2420 5526 τεμένους
2463 5452 2609 5522 λόγῳ
2669 5451 2927 5521 πειρᾶται
2980 5441 3374 5517 περιέρχεσθαι
3442 5435 3764 5526 θαύματαῖ’

472 5561 578 5604 nec
617 5546 797 5615 ipsum
829 5544 1028 5609 visum,
1063 5544 1159 5599 diu
1197 5523 1542 5616 multumque
1572 5547 1824 5618 legendo,
1872 5560 2052 5618 quan-

2158 5523 2294 5602 ὅπου
2351 5561 2414 5613 γε
2447 5543 2558 5597 οὐδ’
2590 5542 2729 5612 αὐτὴ
2775 5543 2809 5610 ἡ
2854 5540 2978 5610 ὄψις
3011 5538 3122 5592 οὐδ’
3152 5537 3244 5589 ἐπὶ
3292 5531 3484 5604 συχνὸν
3526 5523 3718 5618 χρύνονι

473 5653 638 5713 quam
672 5652 867 5693 sensus
917 5636 1155 5710 reliquos
1197 5636 1453 5694 celeriori
1495 5616 1648 5694 motu
1695 5638 1855 5710 longe
1887 5616 2055 5694 exsu-

2159 5638 2340 5693 καίτοι
2364 5635 2464 5701 τὰς
2489 5634 2655 5699 ἄλλας
2691 5632 2979 5704 αἰσθήσεις
3008 5630 3086 5701 τῷ
3113 5629 3274 5700 τάχει
3320 5623 3545 5680 κατόπιν
3572 5616 3724 5684 ἄγου-

554 5819 571 5852 ⁶
609 5815 750 5874 Psal.
799 5832 1023 5882 Lxxxiu,
1069 5815 1123 5873 2.
1203 5814 1385 5874 'Gen.
1415 5831 1610 5882 xxviii,
1657 5814 1743 5869 l7.
1822 5815 1841 5847 ¹
1872 5814 2031 5871 Num.
2073 5829 2221 5885 xxiv,
2253 5814 2306 5870 5.
