  <div class='ocr_page' id='page_1' title='image "/cluster/home/n/w/nwhite01/storage/ocr_20150623/102:no.2/coo.31924054870062/300.png"; bbox 0 0 4032 6432; ppageno 0'>
   <div class='ocr_carea' id='block_1_1' title="bbox 345 377 448 443">
    <p class='ocr_par' dir='ltr' id='par_1_1' title="bbox 345 377 448 443">
     <span class='ocr_line' id='line_1_1' title="bbox 345 377 448 443; baseline 0 -1"><span class='ocrx_word' id='word_1_1' title='bbox 345 377 448 443; x_wconf 78' lang='grc'><strong>573</strong></span> 
     </span>
    </p>
   </div>
   <div class='ocr_carea' id='block_1_2' title="bbox 1019 365 2942 438">
    <p class='ocr_par' dir='ltr' id='par_1_2' title="bbox 1019 365 2942 438">
     <span class='ocr_line' id='line_1_2' title="bbox 1019 365 2942 438; baseline -0.005 -1"><span class='ocrx_word' id='word_1_2' title='bbox 1019 375 1347 438; x_wconf 79' lang='lat' dir='ltr'><strong>HOMILIA</strong></span> <span class='ocrx_word' id='word_1_3' title='bbox 1384 373 1503 436; x_wconf 90' lang='grc' dir='ltr'><strong>ΙΙΙ.</strong></span> <span class='ocrx_word' id='word_1_4' title='bbox 1529 373 1702 435; x_wconf 81' lang='grc' dir='ltr'><strong>-ΙΝ</strong></span> <span class='ocrx_word' id='word_1_5' title='bbox 1743 366 2262 433; x_wconf 83' lang='lat' dir='ltr'><strong>DEDICATIONE</strong></span> <span class='ocrx_word' id='word_1_6' title='bbox 2300 365 2519 427; x_wconf 62' lang='lat' dir='ltr'><strong>NOVE</strong></span> <span class='ocrx_word' id='word_1_7' title='bbox 2554 365 2942 428; x_wconf 62' lang='lat' dir='ltr'><strong>BASILICE.</strong></span> 
     </span>
    </p>
   </div>
   <div class='ocr_carea' id='block_1_3' title="bbox 3524 361 3629 426">
    <p class='ocr_par' dir='ltr' id='par_1_3' title="bbox 3524 361 3629 426">
     <span class='ocr_line' id='line_1_3' title="bbox 3524 361 3629 426; baseline -0.019 -1"><span class='ocrx_word' id='word_1_8' title='bbox 3524 363 3592 426; x_wconf 85' lang='lat'><strong>57</strong></span> <span class='ocrx_word' id='word_1_9' title='bbox 3595 361 3629 424; x_wconf 62' lang='grc' dir='ltr'>ὁ</span> 
     </span>
    </p>
   </div>
   <div class='ocr_carea' id='block_1_4' title="bbox 342 477 1931 558">
    <p class='ocr_par' dir='ltr' id='par_1_4' title="bbox 342 488 1931 558">
     <span class='ocr_line' id='line_1_4' title="bbox 342 488 1931 558; baseline -0.003 -14"><span class='ocrx_word' id='word_1_10' title='bbox 342 510 434 554; x_wconf 89' lang='grc' dir='ltr'><strong>σα,</strong></span> <span class='ocrx_word' id='word_1_11' title='bbox 492 488 872 544; x_wconf 81' lang='grc' dir='ltr'>ἀντιλαϐέσθαι</span> <span class='ocrx_word' id='word_1_12' title='bbox 914 489 1120 542; x_wconf 81' lang='grc' dir='ltr'>τούτων</span> <span class='ocrx_word' id='word_1_13' title='bbox 1169 488 1421 558; x_wconf 77' lang='grc' dir='ltr'><strong>οὐδαμῶς</strong></span> <span class='ocrx_word' id='word_1_14' title='bbox 1467 489 1751 558; x_wconf 75' lang='grc' dir='ltr'><strong>ἐλέγχεται</strong></span> <span class='ocrx_word' id='word_1_15' title='bbox 1799 503 1931 540; x_wconf 88' lang='grc' dir='ltr'>κατ-</span> 
     </span>
    </p>
   </div>
   <div class='ocr_carea' id='block_1_5' title="bbox 2037 477 3629 558">
    <p class='ocr_par' dir='ltr' id='par_1_5' title="bbox 2037 477 3629 551">
     <span class='ocr_line' id='line_1_5' title="bbox 2037 477 3629 551; baseline -0.001 -17"><span class='ocrx_word' id='word_1_16' title='bbox 2037 489 2212 551; x_wconf 88' lang='lat' dir='ltr'><strong>perat,</strong></span> <span class='ocrx_word' id='word_1_17' title='bbox 2243 479 2361 534; x_wconf 69' lang='lat' dir='ltr'><strong>haec</strong></span> <span class='ocrx_word' id='word_1_18' title='bbox 2383 479 2518 533; x_wconf 82' lang='lat' dir='ltr'><strong>satis</strong></span> <span class='ocrx_word' id='word_1_19' title='bbox 2549 478 2837 548; x_wconf 84' lang='lat' dir='ltr'><strong>percipere</strong></span> <span class='ocrx_word' id='word_1_20' title='bbox 2862 492 3024 548; x_wconf 81' lang='lat' dir='ltr'><strong>posse</strong></span> <span class='ocrx_word' id='word_1_21' title='bbox 3064 491 3127 531; x_wconf 87' lang='lat' dir='ltr'><strong>ac</strong></span> <span class='ocrx_word' id='word_1_22' title='bbox 3153 477 3629 546; x_wconf 80' lang='lat' dir='ltr'><strong>comprehendere</strong></span> 
     </span>
    </p>
   </div>
   <div class='ocr_carea' id='block_1_6' title="bbox 342 575 1934 654">
    <p class='ocr_par' dir='ltr' id='par_1_6' title="bbox 342 575 1934 654">
     <span class='ocr_line' id='line_1_6' title="bbox 342 575 1934 654; baseline -0.004 -17"><span class='ocrx_word' id='word_1_23' title='bbox 342 583 628 654; x_wconf 82' lang='grc' dir='ltr'>ισχύουσα.</span> <span class='ocrx_word' id='word_1_24' title='bbox 657 583 849 650; x_wconf 81' lang='grc' dir='ltr'>Χαίρω</span> <span class='ocrx_word' id='word_1_25' title='bbox 878 581 1010 649; x_wconf 78' lang='grc' dir='ltr'><strong>γοῦν</strong></span> <span class='ocrx_word' id='word_1_26' title='bbox 1034 581 1144 649; x_wconf 77' lang='grc' dir='ltr'><strong>εγω</strong></span> <span class='ocrx_word' id='word_1_27' title='bbox 1169 596 1230 649; x_wconf 88' lang='grc' dir='ltr'><strong>γε</strong></span> <span class='ocrx_word' id='word_1_28' title='bbox 1259 581 1411 633; x_wconf 84' lang='grc' dir='ltr'>οὐδὲν</span> <span class='ocrx_word' id='word_1_29' title='bbox 1441 575 1626 651; x_wconf 85' lang='grc' dir='ltr'>ἦττον,</span> <span class='ocrx_word' id='word_1_30' title='bbox 1661 579 1712 632; x_wconf 82' lang='grc' dir='ltr'>εἰ</span> <span class='ocrx_word' id='word_1_31' title='bbox 1751 577 1847 632; x_wconf 73' lang='grc' dir='ltr'><strong>καὶ</strong></span> <span class='ocrx_word' id='word_1_32' title='bbox 1872 577 1934 630; x_wconf 80' lang='grc' dir='ltr'><strong>τὸ</strong></span> 
     </span>
    </p>
   </div>
   <div class='ocr_carea' id='block_1_7' title="bbox 338 668 1934 742">
    <p class='ocr_par' dir='ltr' id='par_1_7' title="bbox 338 668 1934 742">
     <span class='ocr_line' id='line_1_7' title="bbox 338 668 1934 742; baseline -0.003 -16"><span class='ocrx_word' id='word_1_33' title='bbox 338 674 564 727; x_wconf 75' lang='grc' dir='ltr'>ἔλαττον</span> <span class='ocrx_word' id='word_1_34' title='bbox 605 675 634 726; x_wconf 81' lang='grc' dir='ltr'><strong>ὁ</strong></span> <span class='ocrx_word' id='word_1_35' title='bbox 670 672 828 740; x_wconf 81' lang='grc' dir='ltr'>λόγος</span> <span class='ocrx_word' id='word_1_36' title='bbox 859 673 1235 741; x_wconf 82' lang='grc' dir='ltr'><strong>ἀπηνέγκατο,</strong></span> <span class='ocrx_word' id='word_1_37' title='bbox 1269 671 1302 742; x_wconf 84' lang='grc' dir='ltr'>ἢ</span> <span class='ocrx_word' id='word_1_38' title='bbox 1332 672 1381 724; x_wconf 83' lang='grc' dir='ltr'><strong>εί</strong></span> <span class='ocrx_word' id='word_1_39' title='bbox 1412 672 1505 724; x_wconf 75' lang='grc' dir='ltr'>καὶ</span> <span class='ocrx_word' id='word_1_40' title='bbox 1535 670 1672 742; x_wconf 78' lang='grc' dir='ltr'>πρὸς</span> <span class='ocrx_word' id='word_1_41' title='bbox 1711 670 1841 723; x_wconf 81' lang='grc' dir='ltr'>αὐτὸ</span> <span class='ocrx_word' id='word_1_42' title='bbox 1873 668 1934 722; x_wconf 81' lang='grc' dir='ltr'><strong>τὸ</strong></span> 
     </span>
    </p>
   </div>
   <div class='ocr_carea' id='block_1_8' title="bbox 341 761 1930 838">
    <p class='ocr_par' dir='ltr' id='par_1_8' title="bbox 341 761 1930 838">
     <span class='ocr_line' id='line_1_8' title="bbox 341 761 1930 838; baseline -0.002 -21"><span class='ocrx_word' id='word_1_43' title='bbox 341 766 546 838; x_wconf 79' lang='grc' dir='ltr'>μέτρον</span> <span class='ocrx_word' id='word_1_44' title='bbox 576 765 675 834; x_wconf 84' lang='grc' dir='ltr'>τῆς</span> <span class='ocrx_word' id='word_1_45' title='bbox 711 764 910 826; x_wconf 70' lang='grc' dir='ltr'>ἱκανῶς</span> <span class='ocrx_word' id='word_1_46' title='bbox 958 764 1191 834; x_wconf 84' lang='grc' dir='ltr'>ἐχούσης</span> <span class='ocrx_word' id='word_1_47' title='bbox 1236 763 1464 832; x_wconf 82' lang='grc' dir='ltr'>ἀφίκετο</span> <span class='ocrx_word' id='word_1_48' title='bbox 1497 763 1824 833; x_wconf 78' lang='grc' dir='ltr'><strong>διηγήσεως.</strong></span> <span class='ocrx_word' id='word_1_49' title='bbox 1856 761 1930 814; x_wconf 79' lang='grc' dir='ltr'><strong>Οὐ</strong></span> 
     </span>
    </p>
   </div>
   <div class='ocr_carea' id='block_1_9' title="bbox 337 853 1931 926">
    <p class='ocr_par' dir='ltr' id='par_1_9' title="bbox 337 853 1931 926">
     <span class='ocr_line' id='line_1_9' title="bbox 337 853 1931 926; baseline 0 -20"><span class='ocrx_word' id='word_1_50' title='bbox 337 855 451 926; x_wconf 74' lang='grc' dir='ltr'><strong>γὰρ</strong></span> <span class='ocrx_word' id='word_1_51' title='bbox 479 855 579 919; x_wconf 79' lang='grc' dir='ltr'><strong>τῆς</strong></span> <span class='ocrx_word' id='word_1_52' title='bbox 603 857 662 907; x_wconf 82' lang='grc' dir='ltr'>ὲν</span> <span class='ocrx_word' id='word_1_53' title='bbox 689 855 831 925; x_wconf 86' lang='grc' dir='ltr'>λόγῳ</span> <span class='ocrx_word' id='word_1_54' title='bbox 865 855 1148 924; x_wconf 80' lang='grc' dir='ltr'>δυνάμεως</span> <span class='ocrx_word' id='word_1_55' title='bbox 1179 856 1458 922; x_wconf 81' lang='grc' dir='ltr'>ἐπίδειξιν,</span> <span class='ocrx_word' id='word_1_56' title='bbox 1483 854 1620 908; x_wconf 84' lang='grc' dir='ltr'>ἀλλὰ</span> <span class='ocrx_word' id='word_1_57' title='bbox 1650 853 1712 907; x_wconf 85' lang='grc' dir='ltr'><strong>τὸ</strong></span> <span class='ocrx_word' id='word_1_58' title='bbox 1742 853 1931 908; x_wconf 84' lang='grc' dir='ltr'>κάλλι-</span> 
     </span>
    </p>
   </div>
   <div class='ocr_carea' id='block_1_10' title="bbox 338 941 1933 1016">
    <p class='ocr_par' dir='ltr' id='par_1_10' title="bbox 338 941 1933 1016">
     <span class='ocr_line' id='line_1_10' title="bbox 338 941 1933 1016; baseline -0.002 -15"><span class='ocrx_word' id='word_1_59' title='bbox 338 946 470 1001; x_wconf 84' lang='grc' dir='ltr'>στὸν</span> <span class='ocrx_word' id='word_1_60' title='bbox 497 963 558 1000; x_wconf 88' lang='grc' dir='ltr'><strong>τε</strong></span> <span class='ocrx_word' id='word_1_61' title='bbox 587 941 729 1002; x_wconf 82' lang='grc' dir='ltr'>εἶναι</span> <span class='ocrx_word' id='word_1_62' title='bbox 755 947 845 1000; x_wconf 90' lang='grc' dir='ltr'><strong>τὸν</strong></span> <span class='ocrx_word' id='word_1_63' title='bbox 875 947 1001 1000; x_wconf 81' lang='grc' dir='ltr'>ναὸν</span> <span class='ocrx_word' id='word_1_64' title='bbox 1031 946 1128 1000; x_wconf 65' lang='grc' dir='ltr'><strong>καὶ⁹</strong></span> <span class='ocrx_word' id='word_1_65' title='bbox 1157 945 1494 1016; x_wconf 79' lang='grc' dir='ltr'><strong>ὡραιότατον</strong></span> <span class='ocrx_word' id='word_1_66' title='bbox 1514 986 1528 1008; x_wconf 88' lang='grc'><strong>,</strong></span> <span class='ocrx_word' id='word_1_67' title='bbox 1566 945 1663 998; x_wconf 75' lang='grc' dir='ltr'><strong>καὶ</strong></span> <span class='ocrx_word' id='word_1_68' title='bbox 1695 945 1933 999; x_wconf 80' lang='grc' dir='ltr'>νικῶντα</span> 
     </span>
    </p>
   </div>
   <div class='ocr_carea' id='block_1_11' title="bbox 337 1038 1685 1109">
    <p class='ocr_par' dir='ltr' id='par_1_11' title="bbox 337 1038 1685 1109">
     <span class='ocr_line' id='line_1_11' title="bbox 337 1038 1685 1109; baseline 0 -17"><span class='ocrx_word' id='word_1_69' title='bbox 337 1040 542 1109; x_wconf 83' lang='grc' dir='ltr'>νόμους</span> <span class='ocrx_word' id='word_1_70' title='bbox 575 1038 920 1108; x_wconf 81' lang='grc' dir='ltr'>ὲκφράσεως,</span> <span class='ocrx_word' id='word_1_71' title='bbox 959 1041 1309 1109; x_wconf 81' lang='grc' dir='ltr'>παραστῆσαι</span> <span class='ocrx_word' id='word_1_72' title='bbox 1342 1038 1685 1108; x_wconf 76' lang='grc' dir='ltr'><strong>προῄρημαι.</strong></span> 
     </span>
    </p>
   </div>
   <div class='ocr_carea' id='block_1_12' title="bbox 424 1217 1934 1293">
    <p class='ocr_par' dir='ltr' id='par_1_12' title="bbox 424 1217 1934 1293">
     <span class='ocr_line' id='line_1_12' title="bbox 424 1217 1934 1293; baseline -0.004 -17"><span class='ocrx_word' id='word_1_73' title='bbox 424 1221 587 1276; x_wconf 77' lang='grc' dir='ltr'>Ἀλλά</span> <span class='ocrx_word' id='word_1_74' title='bbox 617 1239 708 1293; x_wconf 86' lang='grc' dir='ltr'><strong>μοι</strong></span> <span class='ocrx_word' id='word_1_75' title='bbox 739 1220 875 1290; x_wconf 80' lang='grc' dir='ltr'>πρὸς</span> <span class='ocrx_word' id='word_1_76' title='bbox 903 1220 962 1274; x_wconf 78' lang='grc' dir='ltr'>σὲ</span> <span class='ocrx_word' id='word_1_77' title='bbox 984 1222 1012 1274; x_wconf 88' lang='grc' dir='ltr'><strong>ό</strong></span> <span class='ocrx_word' id='word_1_78' title='bbox 1031 1219 1126 1274; x_wconf 86' lang='lat'><strong>106</strong></span> <span class='ocrx_word' id='word_1_79' title='bbox 1153 1220 1313 1290; x_wconf 90' lang='grc' dir='ltr'>λόγου</span> <span class='ocrx_word' id='word_1_80' title='bbox 1337 1219 1558 1289; x_wconf 83' lang='grc' dir='ltr'>δρόμος,</span> <span class='ocrx_word' id='word_1_81' title='bbox 1577 1219 1666 1273; x_wconf 84' lang='grc' dir='ltr'><strong>τὸν</strong></span> <span class='ocrx_word' id='word_1_82' title='bbox 1687 1218 1782 1271; x_wconf 86' lang='lat'><strong>106</strong></span> <span class='ocrx_word' id='word_1_83' title='bbox 1807 1217 1934 1271; x_wconf 81' lang='grc' dir='ltr'>συλ-</span> 
     </span>
    </p>
   </div>
   <div class='ocr_carea' id='block_1_13' title="bbox 336 1311 1930 1382">
    <p class='ocr_par' dir='ltr' id='par_1_13' title="bbox 336 1311 1930 1382">
     <span class='ocr_line' id='line_1_13' title="bbox 336 1311 1930 1382; baseline -0.002 -15"><span class='ocrx_word' id='word_1_84' title='bbox 336 1314 502 1382; x_wconf 78' lang='grc' dir='ltr'>λόγου</span> <span class='ocrx_word' id='word_1_85' title='bbox 547 1315 739 1378; x_wconf 80' lang='grc' dir='ltr'>αἴτιον,</span> <span class='ocrx_word' id='word_1_86' title='bbox 773 1313 1238 1382; x_wconf 76' lang='grc' dir='ltr'><strong>ἐπιστρεφόμενος</strong></span> <span class='ocrx_word' id='word_1_87' title='bbox 1295 1311 1577 1366; x_wconf 86' lang='grc' dir='ltr'>ἰθυνέσθω.</span> <span class='ocrx_word' id='word_1_88' title='bbox 1613 1313 1785 1382; x_wconf 87' lang='grc' dir='ltr'>Χαῖρε</span> <span class='ocrx_word' id='word_1_89' title='bbox 1815 1328 1930 1364; x_wconf 85' lang='grc' dir='ltr'>τοι-</span> 
     </span>
    </p>
   </div>
   <div class='ocr_carea' id='block_1_14' title="bbox 337 1400 1927 1476">
    <p class='ocr_par' dir='ltr' id='par_1_14' title="bbox 337 1400 1927 1476">
     <span class='ocr_line' id='line_1_14' title="bbox 337 1400 1927 1476; baseline -0.002 -19"><span class='ocrx_word' id='word_1_90' title='bbox 337 1405 570 1474; x_wconf 73' lang='grc' dir='ltr'>γαροῦν,</span> <span class='ocrx_word' id='word_1_91' title='bbox 595 1400 641 1459; x_wconf 83' lang='grc' dir='ltr'><strong>ὦ</strong></span> <span class='ocrx_word' id='word_1_92' title='bbox 693 1402 917 1476; x_wconf 82' lang='grc' dir='ltr'>βασιλεῦ</span> <span class='ocrx_word' id='word_1_93' title='bbox 960 1403 1337 1474; x_wconf 81' lang='grc' dir='ltr'>θεωχαρίτωτε</span> <span class='ocrx_word' id='word_1_94' title='bbox 1373 1403 1466 1457; x_wconf 71' lang='grc' dir='ltr'><strong>καὶ</strong></span> <span class='ocrx_word' id='word_1_95' title='bbox 1521 1402 1927 1472; x_wconf 80' lang='grc' dir='ltr'>θεοφιλέστατε,</span> 
     </span>
    </p>
   </div>
   <div class='ocr_carea' id='block_1_15' title="bbox 336 1491 1932 1564">
    <p class='ocr_par' dir='ltr' id='par_1_15' title="bbox 336 1491 1932 1564">
     <span class='ocr_line' id='line_1_15' title="bbox 336 1491 1932 1564; baseline -0.003 -15"><span class='ocrx_word' id='word_1_96' title='bbox 336 1497 438 1550; x_wconf 71' lang='grc' dir='ltr'><strong>καὶ</strong></span> <span class='ocrx_word' id='word_1_97' title='bbox 472 1496 824 1561; x_wconf 77' lang='grc' dir='ltr'>ἀνακαινίζου</span> <span class='ocrx_word' id='word_1_98' title='bbox 859 1495 961 1564; x_wconf 83' lang='grc' dir='ltr'>τὴν</span> <span class='ocrx_word' id='word_1_99' title='bbox 1005 1495 1143 1548; x_wconf 88' lang='grc' dir='ltr'><strong>κατά</strong></span> <span class='ocrx_word' id='word_1_100' title='bbox 1184 1511 1245 1547; x_wconf 89' lang='grc' dir='ltr'><strong>τε</strong></span> <span class='ocrx_word' id='word_1_101' title='bbox 1294 1493 1455 1563; x_wconf 89' lang='grc' dir='ltr'>σῶμα</span> <span class='ocrx_word' id='word_1_102' title='bbox 1505 1494 1599 1546; x_wconf 70' lang='grc' dir='ltr'><strong>καὶ</strong></span> <span class='ocrx_word' id='word_1_103' title='bbox 1621 1491 1800 1563; x_wconf 77' lang='grc' dir='ltr'>ψυχὴν</span> <span class='ocrx_word' id='word_1_104' title='bbox 1833 1492 1932 1546; x_wconf 80' lang='grc' dir='ltr'><strong>ἐπ’</strong></span> 
     </span>
    </p>
   </div>
   <div class='ocr_carea' id='block_1_16' title="bbox 334 1585 1928 1661">
    <p class='ocr_par' dir='ltr' id='par_1_16' title="bbox 334 1585 1928 1661">
     <span class='ocr_line' id='line_1_16' title="bbox 334 1585 1928 1661; baseline -0.003 -18"><span class='ocrx_word' id='word_1_105' title='bbox 334 1590 524 1661; x_wconf 79' lang='grc' dir='ltr'>ἔργοις</span> <span class='ocrx_word' id='word_1_106' title='bbox 543 1589 772 1658; x_wconf 76' lang='grc' dir='ltr'><strong>ἀγαθοῖς</strong></span> <span class='ocrx_word' id='word_1_107' title='bbox 802 1589 1070 1659; x_wconf 81' lang='grc' dir='ltr'>ἀκμάζων</span> <span class='ocrx_word' id='word_1_108' title='bbox 1097 1588 1345 1658; x_wconf 86' lang='grc' dir='ltr'>νεότητα·</span> <span class='ocrx_word' id='word_1_109' title='bbox 1371 1585 1466 1639; x_wconf 81' lang='grc' dir='ltr'><strong>τοῦ</strong></span> <span class='ocrx_word' id='word_1_110' title='bbox 1489 1603 1551 1639; x_wconf 87' lang='grc' dir='ltr'><strong>τε</strong></span> <span class='ocrx_word' id='word_1_111' title='bbox 1577 1585 1928 1657; x_wconf 83' lang='grc' dir='ltr'>περιωνύμου</span> 
     </span>
    </p>
   </div>
   <div class='ocr_carea' id='block_1_17' title="bbox 334 1679 1929 1752">
    <p class='ocr_par' dir='ltr' id='par_1_17' title="bbox 334 1679 1929 1752">
     <span class='ocr_line' id='line_1_17' title="bbox 334 1679 1929 1752; baseline -0.001 -18"><span class='ocrx_word' id='word_1_112' title='bbox 334 1681 492 1744; x_wconf 81' lang='grc' dir='ltr'>ναοῦ,</span> <span class='ocrx_word' id='word_1_113' title='bbox 514 1683 609 1736; x_wconf 73' lang='grc' dir='ltr'><strong>καὶ</strong></span> <span class='ocrx_word' id='word_1_114' title='bbox 633 1683 735 1751; x_wconf 73' lang='grc' dir='ltr'><strong>τῆς</strong></span> <span class='ocrx_word' id='word_1_115' title='bbox 762 1681 861 1752; x_wconf 85' lang='grc' dir='ltr'>σῆς</span> <span class='ocrx_word' id='word_1_116' title='bbox 892 1681 1085 1750; x_wconf 74' lang='grc' dir='ltr'>σοφίας</span> <span class='ocrx_word' id='word_1_117' title='bbox 1111 1679 1289 1752; x_wconf 82' lang='grc' dir='ltr'>ἔργων</span> <span class='ocrx_word' id='word_1_118' title='bbox 1319 1681 1414 1734; x_wconf 81' lang='grc' dir='ltr'><strong>καὶ</strong></span> <span class='ocrx_word' id='word_1_119' title='bbox 1443 1679 1624 1750; x_wconf 83' lang='grc' dir='ltr'>χειρὸς</span> <span class='ocrx_word' id='word_1_120' title='bbox 1653 1679 1929 1751; x_wconf 76' lang='grc' dir='ltr'>ἑορτάζων</span> 
     </span>
    </p>
   </div>
   <div class='ocr_carea' id='block_1_18' title="bbox 333 1772 1930 1842">
    <p class='ocr_par' dir='ltr' id='par_1_18' title="bbox 333 1772 1930 1842">
     <span class='ocr_line' id='line_1_18' title="bbox 333 1772 1930 1842; baseline -0.001 -16"><span class='ocrx_word' id='word_1_121' title='bbox 333 1775 405 1827; x_wconf 75' lang='grc' dir='ltr'>τὰ</span> <span class='ocrx_word' id='word_1_122' title='bbox 439 1774 714 1842; x_wconf 82' lang='grc' dir='ltr'>ὲγκαίνια.</span> <span class='ocrx_word' id='word_1_123' title='bbox 751 1775 1036 1838; x_wconf 82' lang='grc' dir='ltr'>Ἔντεινε,</span> <span class='ocrx_word' id='word_1_124' title='bbox 1071 1772 1170 1827; x_wconf 80' lang='grc' dir='ltr'>καὶ</span> <span class='ocrx_word' id='word_1_125' title='bbox 1202 1773 1555 1838; x_wconf 82' lang='grc' dir='ltr'>κατευοδοῦ,</span> <span class='ocrx_word' id='word_1_126' title='bbox 1593 1773 1693 1827; x_wconf 69' lang='grc' dir='ltr'>καὶ</span> <span class='ocrx_word' id='word_1_127' title='bbox 1743 1772 1930 1838; x_wconf 64' lang='lat' dir='ltr'><strong>ﬂat?!-</strong></span> 
     </span>
    </p>
   </div>
   <div class='ocr_carea' id='block_1_19' title="bbox 334 1864 1936 1934">
    <p class='ocr_par' dir='ltr' id='par_1_19' title="bbox 334 1864 1936 1934">
     <span class='ocr_line' id='line_1_19' title="bbox 334 1864 1936 1934; baseline -0.001 -15"><span class='ocrx_word' id='word_1_128' title='bbox 334 1871 504 1929; x_wconf 75' lang='grc' dir='ltr'>λευε,</span> <span class='ocrx_word' id='word_1_129' title='bbox 519 1865 728 1920; x_wconf 79' lang='grc' dir='ltr'>ἕνεκεν</span> <span class='ocrx_word' id='word_1_130' title='bbox 745 1867 1032 1934; x_wconf 76' lang='grc' dir='ltr'><strong>ἀληθείας</strong></span> <span class='ocrx_word' id='word_1_131' title='bbox 1049 1865 1145 1919; x_wconf 80' lang='grc' dir='ltr'>καὶ</span> <span class='ocrx_word' id='word_1_132' title='bbox 1163 1867 1499 1933; x_wconf 78' lang='grc' dir='ltr'>πραότητος</span> <span class='ocrx_word' id='word_1_133' title='bbox 1514 1866 1610 1919; x_wconf 80' lang='grc' dir='ltr'>καὶ</span> <span class='ocrx_word' id='word_1_134' title='bbox 1628 1864 1936 1919; x_wconf 85' lang='grc' dir='ltr'>δικαιοσύ-</span> 
     </span>
    </p>
   </div>
   <div class='ocr_carea' id='block_1_20' title="bbox 337 1956 1936 2030">
    <p class='ocr_par' dir='ltr' id='par_1_20' title="bbox 337 1956 1936 2030">
     <span class='ocr_line' id='line_1_20' title="bbox 337 1956 1936 2030; baseline -0.002 -19"><span class='ocrx_word' id='word_1_135' title='bbox 337 1976 478 2025; x_wconf 76' lang='grc' dir='ltr'>νης.</span> <span class='ocrx_word' id='word_1_136' title='bbox 515 1958 730 2030; x_wconf 85' lang='grc' dir='ltr'>Ὀδηγεϊ</span> <span class='ocrx_word' id='word_1_137' title='bbox 745 1959 874 2028; x_wconf 73' lang='grc' dir='ltr'>γὰρ,</span> <span class='ocrx_word' id='word_1_138' title='bbox 897 1959 971 2021; x_wconf 87' lang='grc' dir='ltr'><strong>ὡς</strong></span> <span class='ocrx_word' id='word_1_139' title='bbox 999 1958 1210 2011; x_wconf 78' lang='grc' dir='ltr'>ἔνεστιν</span> <span class='ocrx_word' id='word_1_140' title='bbox 1243 1959 1372 2010; x_wconf 82' lang='grc' dir='ltr'>ἰδεῖν</span> <span class='ocrx_word' id='word_1_141' title='bbox 1411 1957 1683 2027; x_wconf 79' lang='grc' dir='ltr'>ἐναργῶς,</span> <span class='ocrx_word' id='word_1_142' title='bbox 1729 1957 1824 2009; x_wconf 75' lang='grc' dir='ltr'><strong>καὶ</strong></span> <span class='ocrx_word' id='word_1_143' title='bbox 1850 1956 1936 2009; x_wconf 90' lang='grc' dir='ltr'><strong>όδ-</strong></span> 
     </span>
    </p>
   </div>
   <div class='ocr_carea' id='block_1_21' title="bbox 344 2047 1935 2121">
    <p class='ocr_par' dir='ltr' id='par_1_21' title="bbox 344 2047 1935 2121">
     <span class='ocr_line' id='line_1_21' title="bbox 344 2047 1935 2121; baseline 0.001 -19"><span class='ocrx_word' id='word_1_144' title='bbox 344 2051 550 2119; x_wconf 79' lang='grc' dir='ltr'>ηγήσει</span> <span class='ocrx_word' id='word_1_145' title='bbox 578 2066 636 2102; x_wconf 90' lang='grc' dir='ltr'><strong>σε</strong></span> <span class='ocrx_word' id='word_1_146' title='bbox 665 2052 698 2121; x_wconf 77' lang='grc' dir='ltr'>ἡ</span> <span class='ocrx_word' id='word_1_147' title='bbox 725 2049 819 2102; x_wconf 81' lang='grc' dir='ltr'>τοῦ</span> <span class='ocrx_word' id='word_1_148' title='bbox 853 2049 1110 2120; x_wconf 64' lang='grc' dir='ltr'>Ὑψίστου</span> <span class='ocrx_word' id='word_1_149' title='bbox 1142 2048 1291 2114; x_wconf 79' lang='grc' dir='ltr'>δεξιά</span> <span class='ocrx_word' id='word_1_150' title='bbox 1311 2048 1403 2101; x_wconf 78' lang='grc' dir='ltr'>τοῦ</span> <span class='ocrx_word' id='word_1_151' title='bbox 1431 2047 1716 2111; x_wconf 89' lang='grc' dir='ltr'>κτίσαντός</span> <span class='ocrx_word' id='word_1_152' title='bbox 1744 2064 1823 2111; x_wconf 89' lang='grc' dir='ltr'><strong>σε,</strong></span> <span class='ocrx_word' id='word_1_153' title='bbox 1841 2051 1935 2104; x_wconf 76' lang='grc' dir='ltr'>καὶ</span> 
     </span>
    </p>
   </div>
   <div class='ocr_carea' id='block_1_22' title="bbox 336 2139 1933 2210">
    <p class='ocr_par' dir='ltr' id='par_1_22' title="bbox 336 2139 1933 2210">
     <span class='ocr_line' id='line_1_22' title="bbox 336 2139 1933 2210; baseline 0.001 -18"><span class='ocrx_word' id='word_1_154' title='bbox 336 2140 401 2204; x_wconf 79' lang='grc' dir='ltr'><strong>ἐξ</strong></span> <span class='ocrx_word' id='word_1_155' title='bbox 450 2139 629 2194; x_wconf 71' lang='grc' dir='ltr'>αὐτῶν</span> <span class='ocrx_word' id='word_1_156' title='bbox 679 2141 1011 2210; x_wconf 79' lang='grc' dir='ltr'>σπαργάνων</span> <span class='ocrx_word' id='word_1_157' title='bbox 1056 2142 1136 2204; x_wconf 88' lang='grc' dir='ltr'><strong>είς</strong></span> <span class='ocrx_word' id='word_1_158' title='bbox 1189 2141 1414 2209; x_wconf 80' lang='grc' dir='ltr'>βασιλέα</span> <span class='ocrx_word' id='word_1_159' title='bbox 1464 2141 1556 2194; x_wconf 83' lang='grc' dir='ltr'>τοῦ</span> <span class='ocrx_word' id='word_1_160' title='bbox 1604 2141 1809 2195; x_wconf 79' lang='grc' dir='ltr'><strong>οἰκείου</strong></span> <span class='ocrx_word' id='word_1_161' title='bbox 1839 2142 1933 2196; x_wconf 82' lang='grc' dir='ltr'><strong>καὶ</strong></span> 
     </span>
    </p>
   </div>
   <div class='ocr_carea' id='block_1_23' title="bbox 337 2231 1933 2304">
    <p class='ocr_par' dir='ltr' id='par_1_23' title="bbox 337 2231 1933 2304">
     <span class='ocr_line' id='line_1_23' title="bbox 337 2231 1933 2304; baseline 0.001 -20"><span class='ocrx_word' id='word_1_162' title='bbox 337 2233 658 2304; x_wconf 77' lang='grc' dir='ltr'>περιουσίου</span> <span class='ocrx_word' id='word_1_163' title='bbox 687 2231 818 2286; x_wconf 88' lang='grc' dir='ltr'>λαοῦ</span> <span class='ocrx_word' id='word_1_164' title='bbox 867 2233 1173 2303; x_wconf 82' lang='grc' dir='ltr'>χρίσαντος.</span> <span class='ocrx_word' id='word_1_165' title='bbox 1208 2233 1611 2304; x_wconf 78' lang='grc' dir='ltr'>Συνευφραίνου</span> <span class='ocrx_word' id='word_1_166' title='bbox 1661 2233 1756 2286; x_wconf 71' lang='grc' dir='ltr'><strong>καὶ</strong></span> <span class='ocrx_word' id='word_1_167' title='bbox 1803 2249 1933 2285; x_wconf 87' lang='grc' dir='ltr'>συν-</span> 
     </span>
    </p>
   </div>
   <div class='ocr_carea' id='block_1_24' title="bbox 335 2324 1932 2396">
    <p class='ocr_par' dir='ltr' id='par_1_24' title="bbox 335 2324 1932 2396">
     <span class='ocr_line' id='line_1_24' title="bbox 335 2324 1932 2396; baseline -0.001 -17"><span class='ocrx_word' id='word_1_168' title='bbox 335 2324 693 2396; x_wconf 78' lang='grc' dir='ltr'>ανακαινίςου</span> <span class='ocrx_word' id='word_1_169' title='bbox 728 2325 823 2378; x_wconf 61' lang='grc' dir='ltr'><strong>καί¹</strong></span> <span class='ocrx_word' id='word_1_170' title='bbox 857 2327 1042 2390; x_wconf 76' lang='grc' dir='ltr'>αὐτὸς,</span> <span class='ocrx_word' id='word_1_171' title='bbox 1072 2326 1181 2378; x_wconf 88' lang='grc' dir='ltr'><strong>τῶν</strong></span> <span class='ocrx_word' id='word_1_172' title='bbox 1210 2325 1369 2388; x_wconf 81' lang='grc' dir='ltr'>ὅσους</span> <span class='ocrx_word' id='word_1_173' title='bbox 1397 2326 1548 2391; x_wconf 71' lang='grc' dir='ltr'>ἥλιος</span> <span class='ocrx_word' id='word_1_174' title='bbox 1575 2326 1752 2378; x_wconf 78' lang='grc' dir='ltr'>ἐπεῖδε</span> <span class='ocrx_word' id='word_1_175' title='bbox 1789 2327 1932 2379; x_wconf 85' lang='grc' dir='ltr'>Και-</span> 
     </span>
    </p>
   </div>
   <div class='ocr_carea' id='block_1_25' title="bbox 336 2418 1932 2490">
    <p class='ocr_par' dir='ltr' id='par_1_25' title="bbox 336 2418 1932 2490">
     <span class='ocr_line' id='line_1_25' title="bbox 336 2418 1932 2490; baseline 0.004 -22"><span class='ocrx_word' id='word_1_176' title='bbox 336 2419 526 2488; x_wconf 72' lang='grc' dir='ltr'>σέιρων</span> <span class='ocrx_word' id='word_1_177' title='bbox 557 2418 619 2470; x_wconf 78' lang='grc' dir='ltr'>τὸ</span> <span class='ocrx_word' id='word_1_178' title='bbox 657 2418 1114 2490; x_wconf 82' lang='grc' dir='ltr'>ὲγκαλλώπισμα,</span> <span class='ocrx_word' id='word_1_179' title='bbox 1149 2421 1314 2490; x_wconf 73' lang='grc' dir='ltr'>σοφία</span> <span class='ocrx_word' id='word_1_180' title='bbox 1347 2438 1405 2472; x_wconf 90' lang='grc' dir='ltr'><strong>τε</strong></span> <span class='ocrx_word' id='word_1_181' title='bbox 1446 2421 1541 2475; x_wconf 73' lang='grc' dir='ltr'><strong>καὶ</strong></span> <span class='ocrx_word' id='word_1_182' title='bbox 1567 2421 1776 2475; x_wconf 83' lang='grc' dir='ltr'>συνέσει</span> <span class='ocrx_word' id='word_1_183' title='bbox 1805 2422 1932 2485; x_wconf 81' lang='grc' dir='ltr'>τοὺς</span> 
     </span>
    </p>
   </div>
   <div class='ocr_carea' id='block_1_26' title="bbox 334 2510 1929 2586">
    <p class='ocr_par' dir='ltr' id='par_1_26' title="bbox 334 2510 1929 2586">
     <span class='ocr_line' id='line_1_26' title="bbox 334 2510 1929 2586; baseline 0.004 -24"><span class='ocrx_word' id='word_1_184' title='bbox 334 2510 652 2582; x_wconf 71' lang='grc' dir='ltr'>ἔμπροσθεν</span> <span class='ocrx_word' id='word_1_185' title='bbox 697 2511 1146 2583; x_wconf 81' lang='grc' dir='ltr'>παρευδοκιμῶν·</span> <span class='ocrx_word' id='word_1_186' title='bbox 1197 2514 1290 2566; x_wconf 79' lang='grc' dir='ltr'><strong>καὶ</strong></span> <span class='ocrx_word' id='word_1_187' title='bbox 1346 2514 1424 2583; x_wconf 85' lang='grc' dir='ltr'>τῷ</span> <span class='ocrx_word' id='word_1_188' title='bbox 1475 2513 1595 2585; x_wconf 77' lang='grc' dir='ltr'>θείᾳ</span> <span class='ocrx_word' id='word_1_189' title='bbox 1641 2532 1700 2568; x_wconf 86' lang='grc' dir='ltr'><strong>σε</strong></span> <span class='ocrx_word' id='word_1_190' title='bbox 1743 2515 1929 2586; x_wconf 78' lang='grc' dir='ltr'>ψήφῳ,</span> 
     </span>
    </p>
   </div>
   <div class='ocr_carea' id='block_1_27' title="bbox 333 2603 1932 2680">
    <p class='ocr_par' dir='ltr' id='par_1_27' title="bbox 333 2603 1932 2680">
     <span class='ocr_line' id='line_1_27' title="bbox 333 2603 1932 2680; baseline 0.006 -26"><span class='ocrx_word' id='word_1_191' title='bbox 333 2603 478 2656; x_wconf 78' lang='grc' dir='ltr'>ἀλλὰ</span> <span class='ocrx_word' id='word_1_192' title='bbox 528 2605 603 2674; x_wconf 83' lang='grc' dir='ltr'>μὴ</span> <span class='ocrx_word' id='word_1_193' title='bbox 659 2605 1170 2676; x_wconf 80' lang='grc' dir='ltr'>σπουδαρχήσαντα,</span> <span class='ocrx_word' id='word_1_194' title='bbox 1203 2607 1324 2678; x_wconf 83' lang='grc' dir='ltr'>μηδ’</span> <span class='ocrx_word' id='word_1_195' title='bbox 1355 2607 1726 2678; x_wconf 81' lang='grc' dir='ltr'>ἀνθρωπίναις</span> <span class='ocrx_word' id='word_1_196' title='bbox 1773 2626 1932 2680; x_wconf 88' lang='grc' dir='ltr'>περι-</span> 
     </span>
    </p>
   </div>
   <div class='ocr_carea' id='block_1_28' title="bbox 333 2696 1931 2771">
    <p class='ocr_par' dir='ltr' id='par_1_28' title="bbox 333 2696 1931 2771">
     <span class='ocr_line' id='line_1_28' title="bbox 333 2696 1931 2771; baseline 0.003 -23"><span class='ocrx_word' id='word_1_197' title='bbox 333 2696 568 2765; x_wconf 81' lang='grc' dir='ltr'>δρομαῖς</span> <span class='ocrx_word' id='word_1_198' title='bbox 599 2698 699 2768; x_wconf 81' lang='grc' dir='ltr'><strong>τὴν</strong></span> <span class='ocrx_word' id='word_1_199' title='bbox 732 2698 1066 2770; x_wconf 80' lang='grc' dir='ltr'>τηλικαύτην</span> <span class='ocrx_word' id='word_1_200' title='bbox 1102 2699 1279 2771; x_wconf 79' lang='grc' dir='ltr'>ἀρχὴν</span> <span class='ocrx_word' id='word_1_201' title='bbox 1321 2698 1705 2764; x_wconf 78' lang='grc' dir='ltr'>ἀναδέξασθαι.</span> <span class='ocrx_word' id='word_1_202' title='bbox 1732 2701 1931 2754; x_wconf 84' lang='grc' dir='ltr'>Συνευ-</span> 
     </span>
    </p>
   </div>
   <div class='ocr_carea' id='block_1_29' title="bbox 333 2789 1930 2864">
    <p class='ocr_par' dir='ltr' id='par_1_29' title="bbox 333 2789 1930 2864">
     <span class='ocr_line' id='line_1_29' title="bbox 333 2789 1930 2864; baseline 0.004 -23"><span class='ocrx_word' id='word_1_203' title='bbox 333 2789 572 2857; x_wconf 77' lang='grc' dir='ltr'>φραίνου</span> <span class='ocrx_word' id='word_1_204' title='bbox 614 2793 796 2844; x_wconf 81' lang='grc' dir='ltr'>τοίνυν</span> <span class='ocrx_word' id='word_1_205' title='bbox 845 2791 941 2844; x_wconf 77' lang='grc' dir='ltr'><strong>καὶ</strong></span> <span class='ocrx_word' id='word_1_206' title='bbox 975 2791 1425 2856; x_wconf 76' lang='grc' dir='ltr'>συνανακαινίζου</span> <span class='ocrx_word' id='word_1_207' title='bbox 1471 2792 1549 2863; x_wconf 80' lang='grc' dir='ltr'><strong>τῷ</strong></span> <span class='ocrx_word' id='word_1_208' title='bbox 1596 2793 1825 2864; x_wconf 82' lang='grc' dir='ltr'>μέτοχόν</span> <span class='ocrx_word' id='word_1_209' title='bbox 1871 2811 1930 2847; x_wconf 91' lang='grc' dir='ltr'><strong>σε</strong></span> 
     </span>
    </p>
   </div>
   <div class='ocr_carea' id='block_1_30' title="bbox 335 2881 1930 2958">
    <p class='ocr_par' dir='ltr' id='par_1_30' title="bbox 335 2881 1930 2958">
     <span class='ocr_line' id='line_1_30' title="bbox 335 2881 1930 2958; baseline 0.004 -25"><span class='ocrx_word' id='word_1_210' title='bbox 335 2881 732 2952; x_wconf 76' lang='grc' dir='ltr'>προσειληφότι</span> <span class='ocrx_word' id='word_1_211' title='bbox 780 2886 873 2935; x_wconf 74' lang='grc' dir='ltr'><strong>καὶ</strong></span> <span class='ocrx_word' id='word_1_212' title='bbox 925 2883 1180 2937; x_wconf 76' lang='grc' dir='ltr'>κοινωνὸν</span> <span class='ocrx_word' id='word_1_213' title='bbox 1208 2885 1307 2949; x_wconf 79' lang='grc' dir='ltr'>τῆς</span> <span class='ocrx_word' id='word_1_214' title='bbox 1337 2883 1614 2952; x_wconf 79' lang='grc' dir='ltr'>βασιλείας</span> <span class='ocrx_word' id='word_1_215' title='bbox 1649 2887 1743 2937; x_wconf 79' lang='grc' dir='ltr'><strong>ἐπὶ</strong></span> <span class='ocrx_word' id='word_1_216' title='bbox 1779 2889 1930 2958; x_wconf 79' lang='grc' dir='ltr'>κοινῇ</span> 
     </span>
    </p>
   </div>
   <div class='ocr_carea' id='block_1_31' title="bbox 331 2975 1933 3048">
    <p class='ocr_par' dir='ltr' id='par_1_31' title="bbox 331 2975 1933 3048">
     <span class='ocr_line' id='line_1_31' title="bbox 331 2975 1933 3048; baseline 0.004 -23"><span class='ocrx_word' id='word_1_217' title='bbox 331 2991 399 3026; x_wconf 88' lang='grc' dir='ltr'><strong>τε</strong></span> <span class='ocrx_word' id='word_1_218' title='bbox 429 2975 676 3047; x_wconf 72' lang='grc' dir='ltr'>σωτηρίᾳ</span> <span class='ocrx_word' id='word_1_219' title='bbox 711 2975 816 3028; x_wconf 88' lang='grc' dir='ltr'><strong>τῶν</strong></span> <span class='ocrx_word' id='word_1_220' title='bbox 843 2976 1187 3046; x_wconf 76' lang='grc' dir='ltr'>ἀρχομένων,</span> <span class='ocrx_word' id='word_1_221' title='bbox 1220 2978 1314 3029; x_wconf 77' lang='grc' dir='ltr'><strong>καὶ</strong></span> <span class='ocrx_word' id='word_1_222' title='bbox 1337 2976 1504 3044; x_wconf 75' lang='grc' dir='ltr'>ἀξίως</span> <span class='ocrx_word' id='word_1_223' title='bbox 1528 2978 1628 3048; x_wconf 82' lang='grc' dir='ltr'><strong>τῆς</strong></span> <span class='ocrx_word' id='word_1_224' title='bbox 1660 2980 1741 3042; x_wconf 83' lang='grc' dir='ltr'><strong>είς</strong></span> <span class='ocrx_word' id='word_1_225' title='bbox 1770 2981 1933 3032; x_wconf 65' lang='grc' dir='ltr'>αὐτὸν</span> 
     </span>
    </p>
   </div>
   <div class='ocr_carea' id='block_1_32' title="bbox 334 3067 1932 3142">
    <p class='ocr_par' dir='ltr' id='par_1_32' title="bbox 334 3067 1932 3142">
     <span class='ocr_line' id='line_1_32' title="bbox 334 3067 1932 3142; baseline 0.004 -24"><span class='ocrx_word' id='word_1_226' title='bbox 334 3067 555 3131; x_wconf 71' lang='grc' dir='ltr'>εὐνοίας</span> <span class='ocrx_word' id='word_1_227' title='bbox 587 3069 683 3122; x_wconf 70' lang='grc' dir='ltr'><strong>καὶ</strong></span> <span class='ocrx_word' id='word_1_228' title='bbox 715 3068 1120 3140; x_wconf 64' lang='grc' dir='ltr'>ἀψευδεστάτης</span> <span class='ocrx_word' id='word_1_229' title='bbox 1156 3069 1512 3139; x_wconf 81' lang='grc' dir='ltr'>ἀγαπήσεως.</span> <span class='ocrx_word' id='word_1_230' title='bbox 1545 3071 1645 3123; x_wconf 78' lang='grc' dir='ltr'>Διά</span> <span class='ocrx_word' id='word_1_231' title='bbox 1683 3071 1792 3142; x_wconf 86' lang='grc' dir='ltr'><strong>γάρ</strong></span> <span class='ocrx_word' id='word_1_232' title='bbox 1833 3073 1932 3142; x_wconf 80' lang='grc' dir='ltr'>τῆς</span> 
     </span>
    </p>
   </div>
   <div class='ocr_carea' id='block_1_33' title="bbox 2036 571 3624 645">
    <p class='ocr_par' dir='ltr' id='par_1_33' title="bbox 2036 571 3624 645">
     <span class='ocr_line' id='line_1_33' title="bbox 2036 571 3624 645; baseline -0.002 -17"><span class='ocrx_word' id='word_1_233' title='bbox 2036 590 2262 645; x_wconf 77' lang='lat' dir='ltr'><strong>prorsus</strong></span> <span class='ocrx_word' id='word_1_234' title='bbox 2290 574 2516 643; x_wconf 97' lang='lat' dir='ltr'><strong>liqueat.</strong></span> <span class='ocrx_word' id='word_1_235' title='bbox 2547 572 2693 626; x_wconf 84' lang='lat' dir='ltr'><strong>Nihil</strong></span> <span class='ocrx_word' id='word_1_236' title='bbox 2725 574 2908 641; x_wconf 87' lang='lat' dir='ltr'><strong>itaque</strong></span> <span class='ocrx_word' id='word_1_237' title='bbox 2940 572 3153 626; x_wconf 89' lang='lat' dir='ltr'><strong>minore</strong></span> <span class='ocrx_word' id='word_1_238' title='bbox 3178 573 3376 640; x_wconf 84' lang='lat' dir='ltr'><strong>gaudio</strong></span> <span class='ocrx_word' id='word_1_239' title='bbox 3399 571 3624 637; x_wconf 61' lang='lat' dir='ltr'><strong>alliciar,</strong></span> 
     </span>
    </p>
   </div>
   <div class='ocr_carea' id='block_1_34' title="bbox 2033 665 3628 736">
    <p class='ocr_par' dir='ltr' id='par_1_34' title="bbox 2033 665 3628 736">
     <span class='ocr_line' id='line_1_34' title="bbox 2033 665 3628 736; baseline -0.001 -15"><span class='ocrx_word' id='word_1_240' title='bbox 2033 681 2349 736; x_wconf 85' lang='lat' dir='ltr'><strong>quanquam</strong></span> <span class='ocrx_word' id='word_1_241' title='bbox 2394 666 2538 720; x_wconf 87' lang='lat' dir='ltr'><strong>victa</strong></span> <span class='ocrx_word' id='word_1_242' title='bbox 2575 665 2754 719; x_wconf 90' lang='lat' dir='ltr'><strong>oratio</strong></span> <span class='ocrx_word' id='word_1_243' title='bbox 2803 675 2906 729; x_wconf 87' lang='lat' dir='ltr'><strong>est,</strong></span> <span class='ocrx_word' id='word_1_244' title='bbox 2950 681 3115 734; x_wconf 88' lang='lat' dir='ltr'><strong>quam</strong></span> <span class='ocrx_word' id='word_1_245' title='bbox 3153 665 3196 718; x_wconf 89' lang='lat' dir='ltr'><strong>si</strong></span> <span class='ocrx_word' id='word_1_246' title='bbox 3244 665 3330 717; x_wconf 91' lang='lat' dir='ltr'><strong>illa</strong></span> <span class='ocrx_word' id='word_1_247' title='bbox 3375 665 3440 718; x_wconf 90' lang='lat' dir='ltr'><strong>ad</strong></span> <span class='ocrx_word' id='word_1_248' title='bbox 3466 665 3628 734; x_wconf 60' lang='lat' dir='ltr'><strong>justas</strong></span> 
     </span>
    </p>
   </div>
   <div class='ocr_carea' id='block_1_35' title="bbox 2033 755 3627 822">
    <p class='ocr_par' dir='ltr' id='par_1_35' title="bbox 2033 755 3627 822">
     <span class='ocr_line' id='line_1_35' title="bbox 2033 755 3627 822; baseline -0.003 -8"><span class='ocrx_word' id='word_1_249' title='bbox 2033 761 2258 815; x_wconf 89' lang='lat' dir='ltr'><strong>modum</strong></span> <span class='ocrx_word' id='word_1_250' title='bbox 2292 757 2646 822; x_wconf 77' lang='lat' dir='ltr'><strong>narrationis,</strong></span> <span class='ocrx_word' id='word_1_251' title='bbox 2699 773 2813 812; x_wconf 91' lang='lat' dir='ltr'><strong>rem</strong></span> <span class='ocrx_word' id='word_1_252' title='bbox 2857 757 2993 812; x_wconf 90' lang='lat' dir='ltr'><strong>satis</strong></span> <span class='ocrx_word' id='word_1_253' title='bbox 3027 769 3284 811; x_wconf 80' lang='lat' dir='ltr'><strong>exsecuta</strong></span> <span class='ocrx_word' id='word_1_254' title='bbox 3309 767 3477 811; x_wconf 91' lang='lat' dir='ltr'><strong>esset.</strong></span> <span class='ocrx_word' id='word_1_255' title='bbox 3509 755 3627 810; x_wconf 86' lang='lat' dir='ltr'><strong>Non</strong></span> 
     </span>
    </p>
   </div>
   <div class='ocr_carea' id='block_1_36' title="bbox 2034 849 3630 912">
    <p class='ocr_par' dir='ltr' id='par_1_36' title="bbox 2034 849 3630 912">
     <span class='ocr_line' id='line_1_36' title="bbox 2034 849 3630 912; baseline -0.003 -5"><span class='ocrx_word' id='word_1_256' title='bbox 2034 853 2181 908; x_wconf 89' lang='lat' dir='ltr'><strong>enim</strong></span> <span class='ocrx_word' id='word_1_257' title='bbox 2209 853 2313 906; x_wconf 84' lang='lat' dir='ltr'><strong>hoc</strong></span> <span class='ocrx_word' id='word_1_258' title='bbox 2341 851 2526 905; x_wconf 90' lang='lat' dir='ltr'><strong>animo</strong></span> <span class='ocrx_word' id='word_1_259' title='bbox 2553 853 2934 912; x_wconf 83' lang='lat' dir='ltr'><strong>constitutum,</strong></span> <span class='ocrx_word' id='word_1_260' title='bbox 2968 861 3029 904; x_wconf 92' lang='lat' dir='ltr'><strong>ut</strong></span> <span class='ocrx_word' id='word_1_261' title='bbox 3059 849 3278 904; x_wconf 81' lang='lat' dir='ltr'><strong>dicendi</strong></span> <span class='ocrx_word' id='word_1_262' title='bbox 3306 849 3413 902; x_wconf 87' lang='lat' dir='ltr'><strong>vim</strong></span> <span class='ocrx_word' id='word_1_263' title='bbox 3438 861 3630 904; x_wconf 76' lang='lat' dir='ltr'><strong>osten-</strong></span> 
     </span>
    </p>
   </div>
   <div class='ocr_carea' id='block_1_37' title="bbox 2037 943 3629 1014">
    <p class='ocr_par' dir='ltr' id='par_1_37' title="bbox 2037 943 3629 1014">
     <span class='ocr_line' id='line_1_37' title="bbox 2037 943 3629 1014; baseline -0.003 -15"><span class='ocrx_word' id='word_1_264' title='bbox 2037 955 2237 1009; x_wconf 89' lang='lat' dir='ltr'><strong>tarem,</strong></span> <span class='ocrx_word' id='word_1_265' title='bbox 2260 945 2354 999; x_wconf 87' lang='lat' dir='ltr'><strong>sed</strong></span> <span class='ocrx_word' id='word_1_266' title='bbox 2377 953 2435 999; x_wconf 92' lang='lat' dir='ltr'><strong>ut</strong></span> <span class='ocrx_word' id='word_1_267' title='bbox 2462 945 2724 1014; x_wconf 88' lang='lat' dir='ltr'><strong>templum</strong></span> <span class='ocrx_word' id='word_1_268' title='bbox 2750 943 3183 1014; x_wconf 85' lang='lat' dir='ltr'><strong>pulcherrimum</strong></span> <span class='ocrx_word' id='word_1_269' title='bbox 3212 958 3332 996; x_wconf 82' lang='lat' dir='ltr'><strong>esse</strong></span> <span class='ocrx_word' id='word_1_270' title='bbox 3361 958 3424 997; x_wconf 91' lang='lat' dir='ltr'><strong>ac</strong></span> <span class='ocrx_word' id='word_1_271' title='bbox 3451 959 3629 996; x_wconf 85' lang='lat' dir='ltr'><strong>venu-</strong></span> 
     </span>
    </p>
   </div>
   <div class='ocr_carea' id='block_1_38' title="bbox 2033 1035 3628 1107">
    <p class='ocr_par' dir='ltr' id='par_1_38' title="bbox 2033 1035 3628 1107">
     <span class='ocr_line' id='line_1_38' title="bbox 2033 1035 3628 1107; baseline -0.001 -15"><span class='ocrx_word' id='word_1_272' title='bbox 2033 1038 2367 1098; x_wconf 85' lang='lat' dir='ltr'><strong>stissimum,</strong></span> <span class='ocrx_word' id='word_1_273' title='bbox 2420 1037 2689 1107; x_wconf 78' lang='lat' dir='ltr'><strong>longeque</strong></span> <span class='ocrx_word' id='word_1_274' title='bbox 2762 1035 3154 1106; x_wconf 69' lang='lat' dir='ltr'><strong>descriptionis</strong></span> <span class='ocrx_word' id='word_1_275' title='bbox 3206 1036 3353 1106; x_wconf 77' lang='lat' dir='ltr'><strong>leges</strong></span> <span class='ocrx_word' id='word_1_276' title='bbox 3406 1036 3628 1090; x_wconf 88' lang='lat' dir='ltr'><strong>vincere</strong></span> 
     </span>
    </p>
   </div>
   <div class='ocr_carea' id='block_1_39' title="bbox 2033 1128 2472 1198">
    <p class='ocr_par' dir='ltr' id='par_1_39' title="bbox 2033 1128 2472 1198">
     <span class='ocr_line' id='line_1_39' title="bbox 2033 1128 2472 1198; baseline 0 -15"><span class='ocrx_word' id='word_1_277' title='bbox 2033 1128 2448 1198; x_wconf 78' lang='lat' dir='ltr'><strong>comprobarent</strong></span> <span class='ocrx_word' id='word_1_278' title='bbox 2460 1171 2472 1183; x_wconf 93' lang='lat'><strong>.</strong></span> 
     </span>
    </p>
   </div>
   <div class='ocr_carea' id='block_1_40' title="bbox 2104 1220 3624 1296">
    <p class='ocr_par' dir='ltr' id='par_1_40' title="bbox 2104 1220 3624 1296">
     <span class='ocr_line' id='line_1_40' title="bbox 2104 1220 3624 1296; baseline -0.001 -21"><span class='ocrx_word' id='word_1_279' title='bbox 2104 1221 2187 1276; x_wconf 89' lang='lat' dir='ltr'><strong>Ad</strong></span> <span class='ocrx_word' id='word_1_280' title='bbox 2233 1229 2286 1275; x_wconf 92' lang='lat' dir='ltr'><strong>te</strong></span> <span class='ocrx_word' id='word_1_281' title='bbox 2325 1221 2635 1284; x_wconf 89' lang='lat' dir='ltr'><strong>enimvero,</strong></span> <span class='ocrx_word' id='word_1_282' title='bbox 2677 1221 2770 1291; x_wconf 90' lang='lat' dir='ltr'><strong>qui</strong></span> <span class='ocrx_word' id='word_1_283' title='bbox 2820 1229 3126 1296; x_wconf 83' lang='lat' dir='ltr'><strong>conventus</strong></span> <span class='ocrx_word' id='word_1_284' title='bbox 3165 1230 3353 1274; x_wconf 88' lang='lat' dir='ltr'><strong>auctor</strong></span> <span class='ocrx_word' id='word_1_285' title='bbox 3387 1220 3624 1285; x_wconf 79' lang='lat' dir='ltr'><strong>exsistis,</strong></span> 
     </span>
    </p>
   </div>
   <div class='ocr_carea' id='block_1_41' title="bbox 2033 1303 3627 1382">
    <p class='ocr_par' dir='ltr' id='par_1_41' title="bbox 2033 1303 3627 1382">
     <span class='ocr_line' id='line_1_41' title="bbox 2033 1303 3627 1382; baseline -0.001 -12"><span class='ocrx_word' id='word_1_286' title='bbox 2033 1303 2156 1370; x_wconf 89' lang='lat' dir='ltr'><strong>sese</strong></span> <span class='ocrx_word' id='word_1_287' title='bbox 2202 1314 2468 1368; x_wconf 89' lang='lat' dir='ltr'><strong>orationis</strong></span> <span class='ocrx_word' id='word_1_288' title='bbox 2507 1330 2703 1369; x_wconf 87' lang='lat' dir='ltr'><strong>cursus</strong></span> <span class='ocrx_word' id='word_1_289' title='bbox 2747 1331 2906 1369; x_wconf 82' lang='lat' dir='ltr'><strong>verso</strong></span> <span class='ocrx_word' id='word_1_290' title='bbox 2939 1315 3156 1369; x_wconf 90' lang='lat' dir='ltr'><strong>tramite</strong></span> <span class='ocrx_word' id='word_1_291' title='bbox 3188 1314 3404 1382; x_wconf 87' lang='lat' dir='ltr'><strong>dirigat.</strong></span> <span class='ocrx_word' id='word_1_292' title='bbox 3438 1314 3627 1369; x_wconf 85' lang='lat' dir='ltr'><strong>Gaude</strong></span> 
     </span>
    </p>
   </div>
   <div class='ocr_carea' id='block_1_42' title="bbox 2032 1405 3624 1477">
    <p class='ocr_par' dir='ltr' id='par_1_42' title="bbox 2032 1405 3624 1477">
     <span class='ocr_line' id='line_1_42' title="bbox 2032 1405 3624 1477; baseline -0.002 -16"><span class='ocrx_word' id='word_1_293' title='bbox 2032 1406 2237 1476; x_wconf 86' lang='lat' dir='ltr'><strong>itaque,</strong></span> <span class='ocrx_word' id='word_1_294' title='bbox 2265 1407 2562 1476; x_wconf 89' lang='lat' dir='ltr'><strong>imperator</strong></span> <span class='ocrx_word' id='word_1_295' title='bbox 2595 1407 2702 1460; x_wconf 89' lang='lat' dir='ltr'><strong>Deo</strong></span> <span class='ocrx_word' id='word_1_296' title='bbox 2742 1405 3052 1477; x_wconf 82' lang='lat' dir='ltr'><strong>gratissime</strong></span> <span class='ocrx_word' id='word_1_297' title='bbox 3082 1421 3147 1460; x_wconf 91' lang='lat' dir='ltr'><strong>ac</strong></span> <span class='ocrx_word' id='word_1_298' title='bbox 3191 1406 3624 1477; x_wconf 71' lang='lat' dir='ltr'><strong>religiosissime,</strong></span> 
     </span>
    </p>
   </div>
   <div class='ocr_carea' id='block_1_43' title="bbox 2032 1497 3628 1569">
    <p class='ocr_par' dir='ltr' id='par_1_43' title="bbox 2032 1497 3628 1569">
     <span class='ocr_line' id='line_1_43' title="bbox 2032 1497 3628 1569; baseline 0.001 -16"><span class='ocrx_word' id='word_1_299' title='bbox 2032 1506 2090 1553; x_wconf 92' lang='lat' dir='ltr'><strong>et</strong></span> <span class='ocrx_word' id='word_1_300' title='bbox 2111 1513 2378 1553; x_wconf 85' lang='lat' dir='ltr'><strong>renovare</strong></span> <span class='ocrx_word' id='word_1_301' title='bbox 2430 1507 2644 1568; x_wconf 84' lang='lat' dir='ltr'><strong>vegeta,</strong></span> <span class='ocrx_word' id='word_1_302' title='bbox 2699 1506 2811 1552; x_wconf 91' lang='lat' dir='ltr'><strong>tum</strong></span> <span class='ocrx_word' id='word_1_303' title='bbox 2867 1513 3097 1568; x_wconf 90' lang='lat' dir='ltr'><strong>corpore</strong></span> <span class='ocrx_word' id='word_1_304' title='bbox 3129 1497 3151 1530; x_wconf 74' lang='grc'>⁸</span> <span class='ocrx_word' id='word_1_305' title='bbox 3197 1508 3312 1552; x_wconf 93' lang='lat' dir='ltr'><strong>tum</strong></span> <span class='ocrx_word' id='word_1_306' title='bbox 3368 1499 3628 1569; x_wconf 85' lang='lat' dir='ltr'><strong>operibus</strong></span> 
     </span>
    </p>
   </div>
   <div class='ocr_carea' id='block_1_44' title="bbox 2033 1589 3626 1661">
    <p class='ocr_par' dir='ltr' id='par_1_44' title="bbox 2033 1589 3626 1661">
     <span class='ocr_line' id='line_1_44' title="bbox 2033 1589 3626 1661; baseline -0.001 -14"><span class='ocrx_word' id='word_1_307' title='bbox 2033 1591 2213 1654; x_wconf 85' lang='lat' dir='ltr'><strong>bonis,</strong></span> <span class='ocrx_word' id='word_1_308' title='bbox 2267 1590 2598 1660; x_wconf 74' lang='lat' dir='ltr'><strong>iuventute,</strong></span> <span class='ocrx_word' id='word_1_309' title='bbox 2669 1590 2760 1660; x_wconf 90' lang='lat' dir='ltr'><strong>qui</strong></span> <span class='ocrx_word' id='word_1_310' title='bbox 2819 1589 3161 1646; x_wconf 81' lang='lat' dir='ltr'><strong>celeberrimi</strong></span> <span class='ocrx_word' id='word_1_311' title='bbox 3231 1591 3416 1661; x_wconf 89' lang='lat' dir='ltr'><strong>templi</strong></span> <span class='ocrx_word' id='word_1_312' title='bbox 3489 1601 3626 1646; x_wconf 82' lang='lat' dir='ltr'><strong>tme-</strong></span> 
     </span>
    </p>
   </div>
   <div class='ocr_carea' id='block_1_45' title="bbox 2031 1684 3626 1757">
    <p class='ocr_par' dir='ltr' id='par_1_45' title="bbox 2031 1684 3626 1757">
     <span class='ocr_line' id='line_1_45' title="bbox 2031 1684 3626 1757; baseline 0.002 -19"><span class='ocrx_word' id='word_1_313' title='bbox 2031 1699 2139 1755; x_wconf 90' lang='lat' dir='ltr'><strong>que</strong></span> <span class='ocrx_word' id='word_1_314' title='bbox 2161 1684 2444 1754; x_wconf 65' lang='lat' dir='ltr'><strong>sapientiae</strong></span> <span class='ocrx_word' id='word_1_315' title='bbox 2491 1699 2557 1738; x_wconf 89' lang='lat' dir='ltr'><strong>ac</strong></span> <span class='ocrx_word' id='word_1_316' title='bbox 2591 1699 2806 1744; x_wconf 88' lang='lat' dir='ltr'><strong>manus,</strong></span> <span class='ocrx_word' id='word_1_317' title='bbox 2833 1700 3061 1754; x_wconf 90' lang='lat' dir='ltr'><strong>operum</strong></span> <span class='ocrx_word' id='word_1_318' title='bbox 3087 1685 3330 1740; x_wconf 70' lang='lat' dir='ltr'><strong>encmnia</strong></span> <span class='ocrx_word' id='word_1_319' title='bbox 3363 1687 3496 1757; x_wconf 82' lang='lat' dir='ltr'><strong>agis.</strong></span> <span class='ocrx_word' id='word_1_320' title='bbox 3527 1685 3626 1741; x_wconf 82' lang='lat' dir='ltr'><strong>In-</strong></span> 
     </span>
    </p>
   </div>
   <div class='ocr_carea' id='block_1_46' title="bbox 2036 1776 3625 1847">
    <p class='ocr_par' dir='ltr' id='par_1_46' title="bbox 2036 1776 3625 1847">
     <span class='ocr_line' id='line_1_46' title="bbox 2036 1776 3625 1847; baseline 0.001 -16"><span class='ocrx_word' id='word_1_321' title='bbox 2036 1777 2207 1840; x_wconf 82' lang='lat' dir='ltr'><strong>tende,</strong></span> <span class='ocrx_word' id='word_1_322' title='bbox 2248 1793 2494 1846; x_wconf 80' lang='lat' dir='ltr'><strong>prospere</strong></span> <span class='ocrx_word' id='word_1_323' title='bbox 2520 1776 2742 1843; x_wconf 81' lang='lat' dir='ltr'><strong>procede</strong></span> <span class='ocrx_word' id='word_1_324' title='bbox 2771 1786 2817 1830; x_wconf 86' lang='lat' dir='ltr'><strong>et</strong></span> <span class='ocrx_word' id='word_1_325' title='bbox 2852 1794 3054 1845; x_wconf 82' lang='lat' dir='ltr'><strong>regna;</strong></span> <span class='ocrx_word' id='word_1_326' title='bbox 3112 1787 3325 1847; x_wconf 81' lang='lat' dir='ltr'><strong>propter</strong></span> <span class='ocrx_word' id='word_1_327' title='bbox 3351 1780 3625 1834; x_wconf 80' lang='lat' dir='ltr'><strong>veritatem</strong></span> 
     </span>
    </p>
   </div>
   <div class='ocr_carea' id='block_1_47' title="bbox 2036 1868 3627 1938">
    <p class='ocr_par' dir='ltr' id='par_1_47' title="bbox 2036 1868 3627 1938">
     <span class='ocr_line' id='line_1_47' title="bbox 2036 1868 3627 1938; baseline 0.002 -16"><span class='ocrx_word' id='word_1_328' title='bbox 2036 1882 2085 1922; x_wconf 90' lang='lat' dir='ltr'><strong>et</strong></span> <span class='ocrx_word' id='word_1_329' title='bbox 2137 1869 2594 1922; x_wconf 83' lang='lat' dir='ltr'><strong>mansuetudinem</strong></span> <span class='ocrx_word' id='word_1_330' title='bbox 2638 1877 2685 1922; x_wconf 88' lang='lat' dir='ltr'><strong>et</strong></span> <span class='ocrx_word' id='word_1_331' title='bbox 2715 1868 2988 1938; x_wconf 78' lang='lat' dir='ltr'><strong>justitiam</strong></span> <span class='ocrx_word' id='word_1_332' title='bbox 3014 1870 3057 1923; x_wconf 85' lang='grc'><strong>⁸.</strong></span> <span class='ocrx_word' id='word_1_333' title='bbox 3104 1869 3335 1924; x_wconf 87' lang='lat' dir='ltr'><strong>Deducit</strong></span> <span class='ocrx_word' id='word_1_334' title='bbox 3365 1871 3530 1932; x_wconf 89' lang='lat' dir='ltr'><strong>enim,</strong></span> <span class='ocrx_word' id='word_1_335' title='bbox 3569 1880 3627 1925; x_wconf 90' lang='lat' dir='ltr'><strong>ut</strong></span> 
     </span>
    </p>
   </div>
   <div class='ocr_carea' id='block_1_48' title="bbox 2035 1957 3624 2030">
    <p class='ocr_par' dir='ltr' id='par_1_48' title="bbox 2035 1957 3624 2030">
     <span class='ocr_line' id='line_1_48' title="bbox 2035 1957 3624 2030; baseline 0.003 -18"><span class='ocrx_word' id='word_1_336' title='bbox 2035 1957 2212 2030; x_wconf 81' lang='lat' dir='ltr'><strong>palam</strong></span> <span class='ocrx_word' id='word_1_337' title='bbox 2245 1957 2430 2012; x_wconf 85' lang='lat' dir='ltr'><strong>videre</strong></span> <span class='ocrx_word' id='word_1_338' title='bbox 2458 1958 2586 2012; x_wconf 89' lang='lat' dir='ltr'><strong>licet</strong></span> <span class='ocrx_word' id='word_1_339' title='bbox 2613 1974 2628 2023; x_wconf 91' lang='lat'><strong>;</strong></span> <span class='ocrx_word' id='word_1_340' title='bbox 2655 1958 3000 2027; x_wconf 83' lang='lat' dir='ltr'><strong>deducetque</strong></span> <span class='ocrx_word' id='word_1_341' title='bbox 3039 1967 3088 2014; x_wconf 92' lang='lat' dir='ltr'><strong>te</strong></span> <span class='ocrx_word' id='word_1_342' title='bbox 3115 1959 3376 2014; x_wconf 88' lang='lat' dir='ltr'><strong>Altissimi</strong></span> <span class='ocrx_word' id='word_1_343' title='bbox 3401 1961 3624 2016; x_wconf 84' lang='lat' dir='ltr'><strong>dextera</strong></span> 
     </span>
    </p>
   </div>
   <div class='ocr_carea' id='block_1_49' title="bbox 2035 2051 3623 2122">
    <p class='ocr_par' dir='ltr' id='par_1_49' title="bbox 2035 2051 3623 2122">
     <span class='ocr_line' id='line_1_49' title="bbox 2035 2051 3623 2122; baseline 0.001 -16"><span class='ocrx_word' id='word_1_344' title='bbox 2035 2053 2126 2122; x_wconf 90' lang='lat' dir='ltr'><strong>qui</strong></span> <span class='ocrx_word' id='word_1_345' title='bbox 2165 2053 2370 2106; x_wconf 86' lang='lat' dir='ltr'><strong>creavit</strong></span> <span class='ocrx_word' id='word_1_346' title='bbox 2402 2061 2476 2114; x_wconf 90' lang='lat' dir='ltr'><strong>te,</strong></span> <span class='ocrx_word' id='word_1_347' title='bbox 2507 2067 2682 2121; x_wconf 79' lang='lat' dir='ltr'><strong>exque</strong></span> <span class='ocrx_word' id='word_1_348' title='bbox 2719 2051 2854 2122; x_wconf 88' lang='lat' dir='ltr'><strong>ipsis</strong></span> <span class='ocrx_word' id='word_1_349' title='bbox 2876 2051 3170 2107; x_wconf 85' lang='lat' dir='ltr'><strong>cunabulis</strong></span> <span class='ocrx_word' id='word_1_350' title='bbox 3205 2052 3258 2105; x_wconf 91' lang='lat' dir='ltr'><strong>in</strong></span> <span class='ocrx_word' id='word_1_351' title='bbox 3301 2052 3506 2122; x_wconf 81' lang='lat' dir='ltr'><strong>prOprii</strong></span> <span class='ocrx_word' id='word_1_352' title='bbox 3537 2054 3623 2107; x_wconf 90' lang='lat' dir='ltr'><strong>sui</strong></span> 
     </span>
    </p>
   </div>
   <div class='ocr_carea' id='block_1_50' title="bbox 2033 2142 3626 2213">
    <p class='ocr_par' dir='ltr' id='par_1_50' title="bbox 2033 2142 3626 2213">
     <span class='ocr_line' id='line_1_50' title="bbox 2033 2142 3626 2213; baseline 0.001 -16"><span class='ocrx_word' id='word_1_353' title='bbox 2033 2159 2099 2197; x_wconf 89' lang='lat' dir='ltr'><strong>ac</strong></span> <span class='ocrx_word' id='word_1_354' title='bbox 2150 2143 2443 2212; x_wconf 85' lang='lat' dir='ltr'><strong>peculiaris</strong></span> <span class='ocrx_word' id='word_1_355' title='bbox 2481 2143 2666 2213; x_wconf 89' lang='lat' dir='ltr'><strong>populi</strong></span> <span class='ocrx_word' id='word_1_356' title='bbox 2707 2158 2887 2211; x_wconf 82' lang='lat' dir='ltr'><strong>regem</strong></span> <span class='ocrx_word' id='word_1_357' title='bbox 2935 2142 3171 2196; x_wconf 77' lang='lat' dir='ltr'><strong>inunxit.</strong></span> <span class='ocrx_word' id='word_1_358' title='bbox 3215 2142 3498 2197; x_wconf 70' lang='lat' dir='ltr'><strong>(lollzetare</strong></span> <span class='ocrx_word' id='word_1_359' title='bbox 3559 2158 3626 2198; x_wconf 89' lang='lat' dir='ltr'><strong>ac</strong></span> 
     </span>
    </p>
   </div>
   <div class='ocr_carea' id='block_1_51' title="bbox 2034 2235 3626 2306">
    <p class='ocr_par' dir='ltr' id='par_1_51' title="bbox 2034 2235 3626 2306">
     <span class='ocr_line' id='line_1_51' title="bbox 2034 2235 3626 2306; baseline 0.001 -18"><span class='ocrx_word' id='word_1_360' title='bbox 2034 2237 2242 2305; x_wconf 88' lang='lat' dir='ltr'><strong>pariter</strong></span> <span class='ocrx_word' id='word_1_361' title='bbox 2277 2235 2544 2289; x_wconf 85' lang='lat' dir='ltr'><strong>innovare</strong></span> <span class='ocrx_word' id='word_1_362' title='bbox 2583 2245 2638 2289; x_wconf 89' lang='lat' dir='ltr'><strong>ct</strong></span> <span class='ocrx_word' id='word_1_363' title='bbox 2668 2237 2804 2304; x_wconf 87' lang='lat' dir='ltr'><strong>ipse.</strong></span> <span class='ocrx_word' id='word_1_364' title='bbox 2854 2250 3051 2304; x_wconf 85' lang='lat' dir='ltr'><strong>nempe</strong></span> <span class='ocrx_word' id='word_1_365' title='bbox 3078 2235 3324 2289; x_wconf 90' lang='lat' dir='ltr'><strong>omnium</strong></span> <span class='ocrx_word' id='word_1_366' title='bbox 3352 2252 3488 2306; x_wconf 87' lang='lat' dir='ltr'><strong>quos</strong></span> <span class='ocrx_word' id='word_1_367' title='bbox 3524 2251 3626 2290; x_wconf 86' lang='lat' dir='ltr'><strong>un-</strong></span> 
     </span>
    </p>
   </div>
   <div class='ocr_carea' id='block_1_52' title="bbox 2033 2326 3625 2398">
    <p class='ocr_par' dir='ltr' id='par_1_52' title="bbox 2033 2326 3625 2398">
     <span class='ocr_line' id='line_1_52' title="bbox 2033 2326 3625 2398; baseline 0 -17"><span class='ocrx_word' id='word_1_368' title='bbox 2033 2343 2196 2398; x_wconf 88' lang='lat' dir='ltr'><strong>quam</strong></span> <span class='ocrx_word' id='word_1_369' title='bbox 2243 2328 2323 2382; x_wconf 83' lang='lat' dir='ltr'><strong>Sul</strong></span> <span class='ocrx_word' id='word_1_370' title='bbox 2355 2329 2585 2396; x_wconf 72' lang='lat' dir='ltr'><strong>aspexit,</strong></span> <span class='ocrx_word' id='word_1_371' title='bbox 2617 2327 2783 2398; x_wconf 77' lang='lat' dir='ltr'><strong>gloria</strong></span> <span class='ocrx_word' id='word_1_372' title='bbox 2827 2326 3100 2381; x_wconf 68' lang='lat' dir='ltr'><strong>Caesarum</strong></span> <span class='ocrx_word' id='word_1_373' title='bbox 3129 2344 3145 2392; x_wconf 89' lang='lat'><strong>;</strong></span> <span class='ocrx_word' id='word_1_374' title='bbox 3177 2327 3378 2397; x_wconf 85' lang='lat' dir='ltr'><strong>quippe</strong></span> <span class='ocrx_word' id='word_1_375' title='bbox 3405 2329 3625 2397; x_wconf 87' lang='lat' dir='ltr'><strong>sapien-</strong></span> 
     </span>
    </p>
   </div>
   <div class='ocr_carea' id='block_1_53' title="bbox 2035 2418 3620 2488">
    <p class='ocr_par' dir='ltr' id='par_1_53' title="bbox 2035 2418 3620 2488">
     <span class='ocr_line' id='line_1_53' title="bbox 2035 2418 3620 2488; baseline -0.001 -15"><span class='ocrx_word' id='word_1_376' title='bbox 2035 2420 2122 2473; x_wconf 65' lang='lat' dir='ltr'><strong>tiae</strong></span> <span class='ocrx_word' id='word_1_377' title='bbox 2145 2419 2303 2473; x_wconf 91' lang='lat' dir='ltr'><strong>laude</strong></span> <span class='ocrx_word' id='word_1_378' title='bbox 2330 2435 2394 2472; x_wconf 91' lang='lat' dir='ltr'><strong>ac</strong></span> <span class='ocrx_word' id='word_1_379' title='bbox 2414 2418 2717 2488; x_wconf 69' lang='lat' dir='ltr'><strong>prudentia:</strong></span> <span class='ocrx_word' id='word_1_380' title='bbox 2749 2418 3048 2487; x_wconf 88' lang='lat' dir='ltr'><strong>majoribus</strong></span> <span class='ocrx_word' id='word_1_381' title='bbox 3078 2418 3238 2488; x_wconf 83' lang='lat' dir='ltr'><strong>longe</strong></span> <span class='ocrx_word' id='word_1_382' title='bbox 3269 2419 3620 2488; x_wconf 68' lang='lat' dir='ltr'><strong>praecellens;</strong></span> 
     </span>
    </p>
   </div>
   <div class='ocr_carea' id='block_1_54' title="bbox 2033 2509 3625 2582">
    <p class='ocr_par' dir='ltr' id='par_1_54' title="bbox 2033 2509 3625 2582">
     <span class='ocr_line' id='line_1_54' title="bbox 2033 2509 3625 2582; baseline 0.001 -18"><span class='ocrx_word' id='word_1_383' title='bbox 2033 2527 2249 2582; x_wconf 90' lang='lat' dir='ltr'><strong>quoque</strong></span> <span class='ocrx_word' id='word_1_384' title='bbox 2279 2512 2414 2565; x_wconf 89' lang='lat' dir='ltr'><strong>adeo</strong></span> <span class='ocrx_word' id='word_1_385' title='bbox 2442 2511 2627 2565; x_wconf 89' lang='lat' dir='ltr'><strong>divino</strong></span> <span class='ocrx_word' id='word_1_386' title='bbox 2656 2509 2935 2581; x_wconf 75' lang='lat' dir='ltr'><strong>suﬂragio,</strong></span> <span class='ocrx_word' id='word_1_387' title='bbox 2983 2520 3041 2564; x_wconf 90' lang='lat' dir='ltr'><strong>at</strong></span> <span class='ocrx_word' id='word_1_388' title='bbox 3090 2525 3200 2564; x_wconf 90' lang='lat' dir='ltr'><strong>non</strong></span> <span class='ocrx_word' id='word_1_389' title='bbox 3245 2511 3363 2580; x_wconf 90' lang='lat' dir='ltr'><strong>ipse</strong></span> <span class='ocrx_word' id='word_1_390' title='bbox 3408 2511 3625 2582; x_wconf 82' lang='lat' dir='ltr'><strong>imperii</strong></span> 
     </span>
    </p>
   </div>
   <div class='ocr_carea' id='block_1_55' title="bbox 2033 2602 3622 2674">
    <p class='ocr_par' dir='ltr' id='par_1_55' title="bbox 2033 2602 3622 2674">
     <span class='ocr_line' id='line_1_55' title="bbox 2033 2602 3622 2674; baseline 0.001 -19"><span class='ocrx_word' id='word_1_391' title='bbox 2033 2602 2289 2667; x_wconf 88' lang='lat' dir='ltr'><strong>invidus,</strong></span> <span class='ocrx_word' id='word_1_392' title='bbox 2349 2619 2527 2673; x_wconf 87' lang='lat' dir='ltr'><strong>neque</strong></span> <span class='ocrx_word' id='word_1_393' title='bbox 2586 2603 2844 2657; x_wconf 85' lang='lat' dir='ltr'><strong>humanis</strong></span> <span class='ocrx_word' id='word_1_394' title='bbox 2895 2603 3091 2658; x_wconf 90' lang='lat' dir='ltr'><strong>studiis</strong></span> <span class='ocrx_word' id='word_1_395' title='bbox 3160 2613 3326 2674; x_wconf 89' lang='lat' dir='ltr'><strong>atque</strong></span> <span class='ocrx_word' id='word_1_396' title='bbox 3391 2605 3622 2672; x_wconf 86' lang='lat' dir='ltr'><strong>ambitu,</strong></span> 
     </span>
    </p>
   </div>
   <div class='ocr_carea' id='block_1_56' title="bbox 2035 2695 3626 2768">
    <p class='ocr_par' dir='ltr' id='par_1_56' title="bbox 2035 2695 3626 2768">
     <span class='ocr_line' id='line_1_56' title="bbox 2035 2695 3626 2768; baseline 0.001 -18"><span class='ocrx_word' id='word_1_397' title='bbox 2035 2695 2168 2750; x_wconf 85' lang='lat' dir='ltr'><strong>tanti</strong></span> <span class='ocrx_word' id='word_1_398' title='bbox 2195 2711 2379 2752; x_wconf 89' lang='lat' dir='ltr'><strong>arcem</strong></span> <span class='ocrx_word' id='word_1_399' title='bbox 2415 2696 2632 2766; x_wconf 89' lang='lat' dir='ltr'><strong>imperii</strong></span> <span class='ocrx_word' id='word_1_400' title='bbox 2688 2696 2936 2750; x_wconf 89' lang='lat' dir='ltr'><strong>invadas.</strong></span> <span class='ocrx_word' id='word_1_401' title='bbox 2981 2696 3269 2752; x_wconf 66' lang='lat' dir='ltr'><strong>Collzetare</strong></span> <span class='ocrx_word' id='word_1_402' title='bbox 3300 2697 3464 2768; x_wconf 84' lang='lat' dir='ltr'><strong>igitur</strong></span> <span class='ocrx_word' id='word_1_403' title='bbox 3488 2714 3626 2751; x_wconf 88' lang='lat' dir='ltr'><strong>una-</strong></span> 
     </span>
    </p>
   </div>
   <div class='ocr_carea' id='block_1_57' title="bbox 2032 2788 3624 2863">
    <p class='ocr_par' dir='ltr' id='par_1_57' title="bbox 2032 2788 3624 2863">
     <span class='ocr_line' id='line_1_57' title="bbox 2032 2788 3624 2863; baseline 0.003 -23"><span class='ocrx_word' id='word_1_404' title='bbox 2032 2803 2138 2863; x_wconf 88' lang='lat' dir='ltr'><strong>que</strong></span> <span class='ocrx_word' id='word_1_405' title='bbox 2165 2788 2428 2844; x_wconf 88' lang='lat' dir='ltr'><strong>innovare</strong></span> <span class='ocrx_word' id='word_1_406' title='bbox 2457 2805 2581 2844; x_wconf 90' lang='lat' dir='ltr'><strong>cum</strong></span> <span class='ocrx_word' id='word_1_407' title='bbox 2617 2803 2703 2855; x_wconf 93' lang='lat' dir='ltr'><strong>eo,</strong></span> <span class='ocrx_word' id='word_1_408' title='bbox 2737 2789 2830 2858; x_wconf 92' lang='lat' dir='ltr'><strong>qui</strong></span> <span class='ocrx_word' id='word_1_409' title='bbox 2867 2798 2920 2843; x_wconf 91' lang='lat' dir='ltr'><strong>te</strong></span> <span class='ocrx_word' id='word_1_410' title='bbox 2944 2789 3176 2856; x_wconf 91' lang='lat' dir='ltr'><strong>socium,</strong></span> <span class='ocrx_word' id='word_1_411' title='bbox 3209 2799 3375 2860; x_wconf 90' lang='lat' dir='ltr'><strong>atque</strong></span> <span class='ocrx_word' id='word_1_412' title='bbox 3408 2790 3624 2861; x_wconf 88' lang='lat' dir='ltr'><strong>imperii</strong></span> 
     </span>
    </p>
   </div>
   <div class='ocr_carea' id='block_1_58' title="bbox 2032 2881 3628 2950">
    <p class='ocr_par' dir='ltr' id='par_1_58' title="bbox 2032 2881 3628 2950">
     <span class='ocr_line' id='line_1_58' title="bbox 2032 2881 3628 2950; baseline 0.002 -15"><span class='ocrx_word' id='word_1_413' title='bbox 2032 2889 2344 2935; x_wconf 89' lang='lat' dir='ltr'><strong>consortem</strong></span> <span class='ocrx_word' id='word_1_414' title='bbox 2369 2881 2436 2935; x_wconf 87' lang='lat' dir='ltr'><strong>ad</strong></span> <span class='ocrx_word' id='word_1_415' title='bbox 2464 2881 2806 2936; x_wconf 90' lang='lat' dir='ltr'><strong>subditorum</strong></span> <span class='ocrx_word' id='word_1_416' title='bbox 2837 2897 3185 2938; x_wconf 89' lang='lat' dir='ltr'><strong>communem</strong></span> <span class='ocrx_word' id='word_1_417' title='bbox 3216 2883 3529 2950; x_wconf 88' lang='lat' dir='ltr'><strong>utilitatem,</strong></span> <span class='ocrx_word' id='word_1_418' title='bbox 3563 2900 3628 2938; x_wconf 87' lang='lat' dir='ltr'><strong>ac</strong></span> 
     </span>
    </p>
   </div>
   <div class='ocr_carea' id='block_1_59' title="bbox 2034 2974 3628 3046">
    <p class='ocr_par' dir='ltr' id='par_1_59' title="bbox 2034 2974 3628 3046">
     <span class='ocr_line' id='line_1_59' title="bbox 2034 2974 3628 3046; baseline 0.001 -18"><span class='ocrx_word' id='word_1_419' title='bbox 2034 2991 2134 3046; x_wconf 92' lang='lat' dir='ltr'><strong>pro</strong></span> <span class='ocrx_word' id='word_1_420' title='bbox 2165 2990 2231 3029; x_wconf 90' lang='lat' dir='ltr'><strong>eo</strong></span> <span class='ocrx_word' id='word_1_421' title='bbox 2266 2990 2330 3028; x_wconf 91' lang='lat' dir='ltr'><strong>ac</strong></span> <span class='ocrx_word' id='word_1_422' title='bbox 2365 2983 2512 3029; x_wconf 89' lang='lat' dir='ltr'><strong>tuam</strong></span> <span class='ocrx_word' id='word_1_423' title='bbox 2551 2975 2603 3028; x_wconf 92' lang='lat' dir='ltr'><strong>in</strong></span> <span class='ocrx_word' id='word_1_424' title='bbox 2645 2990 2772 3029; x_wconf 91' lang='lat' dir='ltr'><strong>eum</strong></span> <span class='ocrx_word' id='word_1_425' title='bbox 2809 2974 3279 3039; x_wconf 82' lang='lat' dir='ltr'><strong>benevolentiam,</strong></span> <span class='ocrx_word' id='word_1_426' title='bbox 3310 2977 3628 3032; x_wconf 86' lang='lat' dir='ltr'><strong>sincerissi-</strong></span> 
     </span>
    </p>
   </div>
   <div class='ocr_carea' id='block_1_60' title="bbox 2036 3066 3625 3138">
    <p class='ocr_par' dir='ltr' id='par_1_60' title="bbox 2036 3066 3625 3138">
     <span class='ocr_line' id='line_1_60' title="bbox 2036 3066 3625 3138; baseline 0.005 -20"><span class='ocrx_word' id='word_1_427' title='bbox 2036 3081 2300 3136; x_wconf 87' lang='lat' dir='ltr'><strong>mamque</strong></span> <span class='ocrx_word' id='word_1_428' title='bbox 2323 3066 2674 3122; x_wconf 90' lang='lat' dir='ltr'><strong>dilectionem</strong></span> <span class='ocrx_word' id='word_1_429' title='bbox 2721 3067 2971 3132; x_wconf 90' lang='lat' dir='ltr'><strong>decebat,</strong></span> <span class='ocrx_word' id='word_1_430' title='bbox 3021 3070 3344 3138; x_wconf 88' lang='lat' dir='ltr'><strong>assumpsit.</strong></span> <span class='ocrx_word' id='word_1_431' title='bbox 3390 3068 3495 3124; x_wconf 88' lang='lat' dir='ltr'><strong>Per</strong></span> <span class='ocrx_word' id='word_1_432' title='bbox 3526 3086 3625 3126; x_wconf 86' lang='lat' dir='ltr'><strong>ve-</strong></span> 
     </span>
    </p>
   </div>
   <div class='ocr_carea' id='block_1_61' title="bbox 335 3157 1931 3239">
    <p class='ocr_par' dir='ltr' id='par_1_61' title="bbox 335 3157 1930 3233">
     <span class='ocr_line' id='line_1_61' title="bbox 335 3157 1930 3233; baseline 0.004 -24"><span class='ocrx_word' id='word_1_433' title='bbox 335 3157 619 3229; x_wconf 82' lang='grc' dir='ltr'>ὑμετέρας</span> <span class='ocrx_word' id='word_1_434' title='bbox 667 3158 856 3222; x_wconf 74' lang='grc' dir='ltr'>δυάδος</span> <span class='ocrx_word' id='word_1_435' title='bbox 887 3161 921 3230; x_wconf 80' lang='grc' dir='ltr'>ἡ</span> <span class='ocrx_word' id='word_1_436' title='bbox 956 3159 1128 3230; x_wconf 78' lang='grc' dir='ltr'>Τριάς</span> <span class='ocrx_word' id='word_1_437' title='bbox 1169 3159 1408 3224; x_wconf 82' lang='grc' dir='ltr'>εὐσεϐῶς</span> <span class='ocrx_word' id='word_1_438' title='bbox 1459 3161 1830 3233; x_wconf 79' lang='grc' dir='ltr'>λατρευομὲνη</span> <span class='ocrx_word' id='word_1_439' title='bbox 1873 3179 1930 3216; x_wconf 89' lang='grc' dir='ltr'><strong>τε</strong></span> 
     </span>
    </p>
   </div>
   <div class='ocr_carea' id='block_1_62' title="bbox 2037 3157 3625 3239">
    <p class='ocr_par' dir='ltr' id='par_1_62' title="bbox 2037 3158 3625 3232">
     <span class='ocr_line' id='line_1_62' title="bbox 2037 3158 3625 3232; baseline 0.003 -20"><span class='ocrx_word' id='word_1_440' title='bbox 2037 3169 2204 3212; x_wconf 81' lang='lat' dir='ltr'><strong>stram</strong></span> <span class='ocrx_word' id='word_1_441' title='bbox 2247 3160 2395 3213; x_wconf 88' lang='lat' dir='ltr'><strong>enim</strong></span> <span class='ocrx_word' id='word_1_442' title='bbox 2441 3159 2674 3212; x_wconf 90' lang='lat' dir='ltr'><strong>duorum</strong></span> <span class='ocrx_word' id='word_1_443' title='bbox 2723 3159 3039 3215; x_wconf 80' lang='lat' dir='ltr'><strong>societatem</strong></span> <span class='ocrx_word' id='word_1_444' title='bbox 3084 3158 3330 3216; x_wconf 86' lang='lat' dir='ltr'><strong>Trinitas</strong></span> <span class='ocrx_word' id='word_1_445' title='bbox 3358 3166 3449 3232; x_wconf 87' lang='lat' dir='ltr'><strong>pie</strong></span> <span class='ocrx_word' id='word_1_446' title='bbox 3479 3162 3625 3217; x_wconf 90' lang='lat' dir='ltr'><strong>culta</strong></span> 
     </span>
    </p>
   </div>
   <div class='ocr_carea' id='block_1_63' title="bbox 336 3251 1929 3325">
    <p class='ocr_par' dir='ltr' id='par_1_63' title="bbox 336 3251 1929 3325">
     <span class='ocr_line' id='line_1_63' title="bbox 336 3251 1929 3325; baseline 0.004 -23"><span class='ocrx_word' id='word_1_447' title='bbox 336 3251 436 3303; x_wconf 76' lang='grc' dir='ltr'>καὶ</span> <span class='ocrx_word' id='word_1_448' title='bbox 467 3254 938 3324; x_wconf 81' lang='grc' dir='ltr'>προσκυνουμένη,</span> <span class='ocrx_word' id='word_1_449' title='bbox 968 3253 1067 3324; x_wconf 76' lang='grc' dir='ltr'>τὴν</span> <span class='ocrx_word' id='word_1_450' title='bbox 1101 3253 1301 3322; x_wconf 79' lang='grc' dir='ltr'>ἑαυτῆς</span> <span class='ocrx_word' id='word_1_451' title='bbox 1328 3255 1584 3325; x_wconf 82' lang='grc' dir='ltr'>πρόνοιαν</span> <span class='ocrx_word' id='word_1_452' title='bbox 1612 3257 1693 3319; x_wconf 86' lang='grc' dir='ltr'><strong>είς</strong></span> <span class='ocrx_word' id='word_1_453' title='bbox 1723 3256 1929 3322; x_wconf 81' lang='grc' dir='ltr'>πάντας</span> 
     </span>
    </p>
   </div>
   <div class='ocr_carea' id='block_1_64' title="bbox 336 3343 1933 3421">
    <p class='ocr_par' dir='ltr' id='par_1_64' title="bbox 336 3343 1933 3421">
     <span class='ocr_line' id='line_1_64' title="bbox 336 3343 1933 3421; baseline 0.004 -26"><span class='ocrx_word' id='word_1_454' title='bbox 336 3343 654 3408; x_wconf 76' lang='grc' dir='ltr'>ἐξαπλοῦσά</span> <span class='ocrx_word' id='word_1_455' title='bbox 677 3363 736 3398; x_wconf 87' lang='grc' dir='ltr'><strong>τε</strong></span> <span class='ocrx_word' id='word_1_456' title='bbox 765 3347 858 3398; x_wconf 68' lang='grc' dir='ltr'><strong>καὶ</strong></span> <span class='ocrx_word' id='word_1_457' title='bbox 885 3347 1394 3415; x_wconf 80' lang='grc' dir='ltr'>διαπορθμεύουσα,</span> <span class='ocrx_word' id='word_1_458' title='bbox 1430 3347 1610 3416; x_wconf 72' lang='grc' dir='ltr'>σοφῶς</span> <span class='ocrx_word' id='word_1_459' title='bbox 1642 3347 1933 3421; x_wconf 83' lang='grc' dir='ltr'>πηδαλιου-</span> 
     </span>
    </p>
   </div>
   <div class='ocr_carea' id='block_1_65' title="bbox 335 3435 1285 3508">
    <p class='ocr_par' dir='ltr' id='par_1_65' title="bbox 335 3435 1285 3508">
     <span class='ocr_line' id='line_1_65' title="bbox 335 3435 1285 3508; baseline 0.005 -21"><span class='ocrx_word' id='word_1_460' title='bbox 335 3438 427 3505; x_wconf 87' lang='grc' dir='ltr'>χεῖ</span> <span class='ocrx_word' id='word_1_461' title='bbox 454 3435 551 3488; x_wconf 77' lang='grc' dir='ltr'><strong>καὶ</strong></span> <span class='ocrx_word' id='word_1_462' title='bbox 580 3435 916 3508; x_wconf 82' lang='grc' dir='ltr'>διακυϐερνᾷ</span> <span class='ocrx_word' id='word_1_463' title='bbox 940 3437 1000 3490; x_wconf 88' lang='grc' dir='ltr'><strong>τὸ</strong></span> <span class='ocrx_word' id='word_1_464' title='bbox 1027 3437 1285 3507; x_wconf 78' lang='grc' dir='ltr'>ὑπήκοον.</span> 
     </span>
    </p>
   </div>
   <div class='ocr_carea' id='block_1_66' title="bbox 410 3524 1932 3606">
    <p class='ocr_par' dir='ltr' id='par_1_66' title="bbox 410 3524 1932 3606">
     <span class='ocr_line' id='line_1_66' title="bbox 410 3524 1932 3606; baseline 0.005 -24"><span class='ocrx_word' id='word_1_465' title='bbox 410 3529 649 3602; x_wconf 82' lang='grc' dir='ltr'>Χαίρετε</span> <span class='ocrx_word' id='word_1_466' title='bbox 696 3531 789 3583; x_wconf 80' lang='grc' dir='ltr'><strong>καὶ</strong></span> <span class='ocrx_word' id='word_1_467' title='bbox 825 3531 1006 3596; x_wconf 85' lang='grc' dir='ltr'>ὑμεῖς,</span> <span class='ocrx_word' id='word_1_468' title='bbox 1042 3524 1086 3584; x_wconf 82' lang='grc' dir='ltr'><strong>ὦ</strong></span> <span class='ocrx_word' id='word_1_469' title='bbox 1121 3534 1219 3604; x_wconf 80' lang='grc' dir='ltr'>τῆς</span> <span class='ocrx_word' id='word_1_470' title='bbox 1253 3531 1446 3602; x_wconf 83' lang='grc' dir='ltr'>βουλῆς</span> <span class='ocrx_word' id='word_1_471' title='bbox 1477 3531 1743 3606; x_wconf 81' lang='grc' dir='ltr'>Πατὲρες,</span> <span class='ocrx_word' id='word_1_472' title='bbox 1765 3533 1932 3590; x_wconf 82' lang='grc' dir='ltr'>πολιὰ</span> 
     </span>
    </p>
   </div>
   <div class='ocr_carea' id='block_1_67' title="bbox 337 3622 1931 3699">
    <p class='ocr_par' dir='ltr' id='par_1_67' title="bbox 337 3622 1931 3699">
     <span class='ocr_line' id='line_1_67' title="bbox 337 3622 1931 3699; baseline 0.004 -24"><span class='ocrx_word' id='word_1_473' title='bbox 337 3622 514 3694; x_wconf 82' lang='grc' dir='ltr'>σεμνὴ</span> <span class='ocrx_word' id='word_1_474' title='bbox 549 3623 642 3676; x_wconf 72' lang='grc' dir='ltr'>καὶ</span> <span class='ocrx_word' id='word_1_475' title='bbox 673 3623 972 3696; x_wconf 83' lang='grc' dir='ltr'>αἰδέσιμος,</span> <span class='ocrx_word' id='word_1_476' title='bbox 1008 3624 1184 3694; x_wconf 86' lang='grc' dir='ltr'>πιστῴ</span> <span class='ocrx_word' id='word_1_477' title='bbox 1217 3626 1313 3678; x_wconf 72' lang='grc' dir='ltr'><strong>καὶ</strong></span> <span class='ocrx_word' id='word_1_478' title='bbox 1349 3625 1570 3699; x_wconf 81' lang='grc' dir='ltr'>μεγάλῳ</span> <span class='ocrx_word' id='word_1_479' title='bbox 1598 3627 1809 3698; x_wconf 83' lang='grc' dir='ltr'>βασιλεί</span> <span class='ocrx_word' id='word_1_480' title='bbox 1833 3628 1931 3684; x_wconf 74' lang='grc' dir='ltr'>καὶ</span> 
     </span>
    </p>
   </div>
   <div class='ocr_carea' id='block_1_68' title="bbox 336 3713 1931 3790">
    <p class='ocr_par' dir='ltr' id='par_1_68' title="bbox 336 3713 1931 3790">
     <span class='ocr_line' id='line_1_68' title="bbox 336 3713 1931 3790; baseline 0.006 -25"><span class='ocrx_word' id='word_1_481' title='bbox 336 3713 610 3783; x_wconf 78' lang='grc' dir='ltr'>σεδαστῷ,</span> <span class='ocrx_word' id='word_1_482' title='bbox 639 3715 1222 3785; x_wconf 77' lang='grc' dir='ltr'>συνανακαινιζόμενοι</span> <span class='ocrx_word' id='word_1_483' title='bbox 1244 3715 1506 3788; x_wconf 85' lang='grc' dir='ltr'>Καίσαρι,</span> <span class='ocrx_word' id='word_1_484' title='bbox 1537 3718 1634 3772; x_wconf 87' lang='lat'><strong>106</strong></span> <span class='ocrx_word' id='word_1_485' title='bbox 1662 3719 1931 3790; x_wconf 80' lang='grc' dir='ltr'>περιωνύ-</span> 
     </span>
    </p>
   </div>
   <div class='ocr_carea' id='block_1_69' title="bbox 337 3805 1930 3884">
    <p class='ocr_par' dir='ltr' id='par_1_69' title="bbox 337 3805 1930 3884">
     <span class='ocr_line' id='line_1_69' title="bbox 337 3805 1930 3884; baseline 0.004 -25"><span class='ocrx_word' id='word_1_486' title='bbox 337 3825 444 3875; x_wconf 89' lang='grc' dir='ltr'>μου</span> <span class='ocrx_word' id='word_1_487' title='bbox 473 3805 602 3860; x_wconf 88' lang='grc' dir='ltr'>ναοῦ</span> <span class='ocrx_word' id='word_1_488' title='bbox 639 3807 1052 3878; x_wconf 77' lang='grc' dir='ltr'>συνεορτάζοντι</span> <span class='ocrx_word' id='word_1_489' title='bbox 1083 3808 1150 3862; x_wconf 91' lang='grc' dir='ltr'><strong>τά</strong></span> <span class='ocrx_word' id='word_1_490' title='bbox 1190 3811 1609 3880; x_wconf 78' lang='grc' dir='ltr'>ἐγκαινίσματα.</span> <span class='ocrx_word' id='word_1_491' title='bbox 1643 3812 1840 3884; x_wconf 83' lang='grc' dir='ltr'>Χαίρει</span> <span class='ocrx_word' id='word_1_492' title='bbox 1872 3813 1930 3866; x_wconf 81' lang='grc' dir='ltr'>δὲ</span> 
     </span>
    </p>
   </div>
   <div class='ocr_carea' id='block_1_70' title="bbox 337 3900 1932 3976">
    <p class='ocr_par' dir='ltr' id='par_1_70' title="bbox 337 3900 1932 3976">
     <span class='ocr_line' id='line_1_70' title="bbox 337 3900 1932 3976; baseline 0.003 -22"><span class='ocrx_word' id='word_1_493' title='bbox 337 3902 438 3954; x_wconf 70' lang='grc' dir='ltr'><strong>καὶ</strong></span> <span class='ocrx_word' id='word_1_494' title='bbox 487 3900 937 3971; x_wconf 79' lang='grc' dir='ltr'>συνευφραίνεται</span> <span class='ocrx_word' id='word_1_495' title='bbox 988 3907 1084 3955; x_wconf 71' lang='grc' dir='ltr'><strong>καὶ</strong></span> <span class='ocrx_word' id='word_1_496' title='bbox 1133 3903 1256 3956; x_wconf 84' lang='grc' dir='ltr'>ὅσον</span> <span class='ocrx_word' id='word_1_497' title='bbox 1308 3904 1684 3976; x_wconf 63' lang='grc' dir='ltr'>ἱεροφαντικόν</span> <span class='ocrx_word' id='word_1_498' title='bbox 1730 3921 1792 3958; x_wconf 87' lang='grc' dir='ltr'><strong>τε</strong></span> <span class='ocrx_word' id='word_1_499' title='bbox 1835 3906 1932 3959; x_wconf 75' lang='grc' dir='ltr'>καὶ</span> 
     </span>
    </p>
   </div>
   <div class='ocr_carea' id='block_1_71' title="bbox 337 3993 1931 4070">
    <p class='ocr_par' dir='ltr' id='par_1_71' title="bbox 337 3993 1931 4070">
     <span class='ocr_line' id='line_1_71' title="bbox 337 3993 1931 4070; baseline 0.003 -24"><span class='ocrx_word' id='word_1_500' title='bbox 337 3993 645 4064; x_wconf 77' lang='grc' dir='ltr'>ἀρχιερέων</span> <span class='ocrx_word' id='word_1_501' title='bbox 671 3994 977 4064; x_wconf 86' lang='grc' dir='ltr'>πλήρωμα,</span> <span class='ocrx_word' id='word_1_502' title='bbox 1005 3998 1202 4049; x_wconf 83' lang='grc' dir='ltr'>οἰκεῖον</span> <span class='ocrx_word' id='word_1_503' title='bbox 1233 3995 1390 4059; x_wconf 82' lang='grc' dir='ltr'>κλέος</span> <span class='ocrx_word' id='word_1_504' title='bbox 1425 3997 1520 4050; x_wconf 77' lang='grc' dir='ltr'><strong>καὶ</strong></span> <span class='ocrx_word' id='word_1_505' title='bbox 1544 3996 1807 4068; x_wconf 89' lang='grc' dir='ltr'>καύχημα</span> <span class='ocrx_word' id='word_1_506' title='bbox 1830 3997 1931 4070; x_wconf 79' lang='grc' dir='ltr'>τὴν</span> 
     </span>
    </p>
   </div>
   <div class='ocr_carea' id='block_1_72' title="bbox 338 4082 1932 4159">
    <p class='ocr_par' dir='ltr' id='par_1_72' title="bbox 338 4082 1932 4159">
     <span class='ocr_line' id='line_1_72' title="bbox 338 4082 1932 4159; baseline 0.004 -22"><span class='ocrx_word' id='word_1_507' title='bbox 338 4084 436 4137; x_wconf 83' lang='grc' dir='ltr'><strong>τοῦ</strong></span> <span class='ocrx_word' id='word_1_508' title='bbox 462 4082 592 4136; x_wconf 82' lang='grc' dir='ltr'>ναοῦ</span> <span class='ocrx_word' id='word_1_509' title='bbox 617 4084 931 4157; x_wconf 79' lang='grc' dir='ltr'>ποιούμενοι</span> <span class='ocrx_word' id='word_1_510' title='bbox 951 4085 1285 4156; x_wconf 81' lang='grc' dir='ltr'>καθιέρωσιν</span> <span class='ocrx_word' id='word_1_511' title='bbox 1306 4103 1319 4115; x_wconf 92' lang='grc'><strong>·</strong></span> <span class='ocrx_word' id='word_1_512' title='bbox 1347 4086 1570 4159; x_wconf 85' lang='grc' dir='ltr'>χαίρετε</span> <span class='ocrx_word' id='word_1_513' title='bbox 1597 4087 1654 4141; x_wconf 83' lang='grc' dir='ltr'><strong>δὲ</strong></span> <span class='ocrx_word' id='word_1_514' title='bbox 1681 4091 1776 4142; x_wconf 76' lang='grc' dir='ltr'><strong>καὶ</strong></span> <span class='ocrx_word' id='word_1_515' title='bbox 1802 4106 1932 4158; x_wconf 80' lang='grc' dir='ltr'>συγ-</span> 
     </span>
    </p>
   </div>
   <div class='ocr_carea' id='block_1_73' title="bbox 335 4173 1932 4252">
    <p class='ocr_par' dir='ltr' id='par_1_73' title="bbox 335 4173 1932 4252">
     <span class='ocr_line' id='line_1_73' title="bbox 335 4173 1932 4252; baseline 0.003 -21"><span class='ocrx_word' id='word_1_516' title='bbox 335 4181 598 4249; x_wconf 85' lang='grc' dir='ltr'>χορεύετε</span> <span class='ocrx_word' id='word_1_517' title='bbox 658 4181 753 4234; x_wconf 75' lang='grc' dir='ltr'><strong>καὶ</strong></span> <span class='ocrx_word' id='word_1_518' title='bbox 817 4181 1014 4250; x_wconf 86' lang='grc' dir='ltr'>ὑμεῖς,</span> <span class='ocrx_word' id='word_1_519' title='bbox 1073 4173 1118 4233; x_wconf 80' lang='grc' dir='ltr'>ὦ</span> <span class='ocrx_word' id='word_1_520' title='bbox 1177 4180 1475 4234; x_wconf 82' lang='grc' dir='ltr'>ὑπόλοιπον</span> <span class='ocrx_word' id='word_1_521' title='bbox 1535 4183 1632 4236; x_wconf 74' lang='grc' dir='ltr'><strong>καὶ</strong></span> <span class='ocrx_word' id='word_1_522' title='bbox 1685 4181 1932 4252; x_wconf 80' lang='grc' dir='ltr'>φιλόθεον</span> 
     </span>
    </p>
   </div>
   <div class='ocr_carea' id='block_1_74' title="bbox 333 4271 1932 4344">
    <p class='ocr_par' dir='ltr' id='par_1_74' title="bbox 333 4271 1932 4344">
     <span class='ocr_line' id='line_1_74' title="bbox 333 4271 1932 4344; baseline 0.001 -20"><span class='ocrx_word' id='word_1_523' title='bbox 333 4272 633 4340; x_wconf 78' lang='grc' dir='ltr'>ἄθροισμα,</span> <span class='ocrx_word' id='word_1_524' title='bbox 670 4271 828 4325; x_wconf 83' lang='grc' dir='ltr'>ἄλλον</span> <span class='ocrx_word' id='word_1_525' title='bbox 871 4272 1101 4342; x_wconf 78' lang='grc' dir='ltr'>οὐρανὸν</span> <span class='ocrx_word' id='word_1_526' title='bbox 1135 4271 1372 4341; x_wconf 86' lang='grc' dir='ltr'>ὁρῶντες</span> <span class='ocrx_word' id='word_1_527' title='bbox 1418 4274 1514 4326; x_wconf 76' lang='grc' dir='ltr'><strong>ἐπὶ</strong></span> <span class='ocrx_word' id='word_1_528' title='bbox 1559 4272 1666 4344; x_wconf 82' lang='grc' dir='ltr'>γῆς</span> <span class='ocrx_word' id='word_1_529' title='bbox 1696 4273 1790 4326; x_wconf 75' lang='grc' dir='ltr'>τὸν</span> <span class='ocrx_word' id='word_1_530' title='bbox 1832 4274 1932 4344; x_wconf 78' lang='grc' dir='ltr'>τῆς</span> 
     </span>
    </p>
   </div>
   <div class='ocr_carea' id='block_1_75' title="bbox 333 4361 1934 4439">
    <p class='ocr_par' dir='ltr' id='par_1_75' title="bbox 333 4361 1934 4439">
     <span class='ocr_line' id='line_1_75' title="bbox 333 4361 1934 4439; baseline 0 -19"><span class='ocrx_word' id='word_1_531' title='bbox 333 4363 620 4434; x_wconf 84' lang='grc' dir='ltr'>Παρθένου</span> <span class='ocrx_word' id='word_1_532' title='bbox 685 4364 814 4418; x_wconf 84' lang='grc' dir='ltr'>ναὸν</span> <span class='ocrx_word' id='word_1_533' title='bbox 874 4365 1322 4435; x_wconf 80' lang='grc' dir='ltr'>ὲγκαινιζόμενον</span> <span class='ocrx_word' id='word_1_534' title='bbox 1371 4368 1643 4437; x_wconf 81' lang='grc' dir='ltr'>σήμερον⁶</span> <span class='ocrx_word' id='word_1_535' title='bbox 1693 4361 1764 4439; x_wconf 78' lang='grc' dir='ltr'>ἧς</span> <span class='ocrx_word' id='word_1_536' title='bbox 1810 4370 1934 4431; x_wconf 87' lang='grc' dir='ltr'>ταῖς</span> 
     </span>
    </p>
   </div>
   <div class='ocr_carea' id='block_1_76' title="bbox 334 4457 1932 4529">
    <p class='ocr_par' dir='ltr' id='par_1_76' title="bbox 334 4457 1932 4529">
     <span class='ocr_line' id='line_1_76' title="bbox 334 4457 1932 4529; baseline 0.003 -19"><span class='ocrx_word' id='word_1_537' title='bbox 334 4457 662 4529; x_wconf 78' lang='grc' dir='ltr'>πρεσϐείαις</span> <span class='ocrx_word' id='word_1_538' title='bbox 679 4457 938 4529; x_wconf 81' lang='grc' dir='ltr'>τύχοιμεν</span> <span class='ocrx_word' id='word_1_539' title='bbox 960 4458 1202 4520; x_wconf 76' lang='grc' dir='ltr'>ἅπαντες</span> <span class='ocrx_word' id='word_1_540' title='bbox 1229 4459 1324 4512; x_wconf 77' lang='grc' dir='ltr'><strong>καὶ</strong></span> <span class='ocrx_word' id='word_1_541' title='bbox 1349 4457 1452 4528; x_wconf 83' lang='grc' dir='ltr'>τῆς</span> <span class='ocrx_word' id='word_1_542' title='bbox 1479 4461 1760 4529; x_wconf 82' lang='grc' dir='ltr'>μακαρίας</span> <span class='ocrx_word' id='word_1_543' title='bbox 1782 4460 1932 4514; x_wconf 77' lang='grc' dir='ltr'>ὲκεί-</span> 
     </span>
    </p>
   </div>
   <div class='ocr_carea' id='block_1_77' title="bbox 2037 3249 3626 3323">
    <p class='ocr_par' dir='ltr' id='par_1_77' title="bbox 2037 3249 3626 3323">
     <span class='ocr_line' id='line_1_77' title="bbox 2037 3249 3626 3323; baseline 0.003 -19"><span class='ocrx_word' id='word_1_544' title='bbox 2037 3265 2103 3304; x_wconf 88' lang='lat' dir='ltr'><strong>ac</strong></span> <span class='ocrx_word' id='word_1_545' title='bbox 2130 3249 2375 3314; x_wconf 75' lang='lat' dir='ltr'><strong>adorata,</strong></span> <span class='ocrx_word' id='word_1_546' title='bbox 2405 3264 2560 3306; x_wconf 88' lang='lat' dir='ltr'><strong>suam</strong></span> <span class='ocrx_word' id='word_1_547' title='bbox 2609 3249 2664 3304; x_wconf 90' lang='lat' dir='ltr'><strong>in</strong></span> <span class='ocrx_word' id='word_1_548' title='bbox 2694 3266 2885 3305; x_wconf 88' lang='lat' dir='ltr'><strong>omnes</strong></span> <span class='ocrx_word' id='word_1_549' title='bbox 2915 3252 3318 3320; x_wconf 86' lang='lat' dir='ltr'><strong>providentiam</strong></span> <span class='ocrx_word' id='word_1_550' title='bbox 3348 3252 3626 3323; x_wconf 75' lang='lat' dir='ltr'><strong>explicans</strong></span> 
     </span>
    </p>
   </div>
   <div class='ocr_carea' id='block_1_78' title="bbox 2031 3341 3626 3418">
    <p class='ocr_par' dir='ltr' id='par_1_78' title="bbox 2031 3341 3626 3418">
     <span class='ocr_line' id='line_1_78' title="bbox 2031 3341 3626 3418; baseline 0.004 -22"><span class='ocrx_word' id='word_1_551' title='bbox 2031 3351 2196 3410; x_wconf 79' lang='lat' dir='ltr'><strong>atque</strong></span> <span class='ocrx_word' id='word_1_552' title='bbox 2242 3341 2640 3408; x_wconf 86' lang='lat' dir='ltr'><strong>transmittens,</strong></span> <span class='ocrx_word' id='word_1_553' title='bbox 2687 3343 2968 3414; x_wconf 86' lang='lat' dir='ltr'><strong>sapienter</strong></span> <span class='ocrx_word' id='word_1_554' title='bbox 3006 3344 3258 3400; x_wconf 87' lang='lat' dir='ltr'><strong>subditos</strong></span> <span class='ocrx_word' id='word_1_555' title='bbox 3284 3346 3424 3418; x_wconf 77' lang='lat' dir='ltr'><strong>regit</strong></span> <span class='ocrx_word' id='word_1_556' title='bbox 3459 3355 3626 3417; x_wconf 81' lang='lat' dir='ltr'><strong>atque</strong></span> 
     </span>
    </p>
   </div>
   <div class='ocr_carea' id='block_1_79' title="bbox 2031 3433 2322 3506">
    <p class='ocr_par' dir='ltr' id='par_1_79' title="bbox 2031 3433 2322 3506">
     <span class='ocr_line' id='line_1_79' title="bbox 2031 3433 2322 3506; baseline 0.003 -20"><span class='ocrx_word' id='word_1_557' title='bbox 2031 3433 2322 3506; x_wconf 68' lang='lat' dir='ltr'><strong>gubernat.</strong></span> 
     </span>
    </p>
   </div>
   <div class='ocr_carea' id='block_1_80' title="bbox 2105 3525 3625 3602">
    <p class='ocr_par' dir='ltr' id='par_1_80' title="bbox 2105 3525 3625 3602">
     <span class='ocr_line' id='line_1_80' title="bbox 2105 3525 3625 3602; baseline 0.005 -22"><span class='ocrx_word' id='word_1_558' title='bbox 2105 3525 2212 3582; x_wconf 88' lang='lat' dir='ltr'><strong>Vos</strong></span> <span class='ocrx_word' id='word_1_559' title='bbox 2253 3543 2474 3598; x_wconf 85' lang='lat' dir='ltr'><strong>quoque</strong></span> <span class='ocrx_word' id='word_1_560' title='bbox 2505 3527 2756 3600; x_wconf 78' lang='lat' dir='ltr'><strong>gaudete,</strong></span> <span class='ocrx_word' id='word_1_561' title='bbox 2805 3529 2994 3584; x_wconf 82' lang='lat' dir='ltr'><strong>Patres</strong></span> <span class='ocrx_word' id='word_1_562' title='bbox 3040 3530 3342 3602; x_wconf 81' lang='lat' dir='ltr'><strong>conscripti</strong></span> <span class='ocrx_word' id='word_1_563' title='bbox 3371 3572 3387 3595; x_wconf 97' lang='lat'><strong>,</strong></span> <span class='ocrx_word' id='word_1_564' title='bbox 3445 3529 3625 3602; x_wconf 76' lang='lat' dir='ltr'><strong>gravis</strong></span> 
     </span>
    </p>
   </div>
   <div class='ocr_carea' id='block_1_81' title="bbox 2031 3623 3628 3698">
    <p class='ocr_par' dir='ltr' id='par_1_81' title="bbox 2031 3623 3628 3698">
     <span class='ocr_line' id='line_1_81' title="bbox 2031 3623 3628 3698; baseline 0 -18"><span class='ocrx_word' id='word_1_565' title='bbox 2031 3633 2308 3686; x_wconf 83' lang='lat' dir='ltr'><strong>senectus,</strong></span> <span class='ocrx_word' id='word_1_566' title='bbox 2365 3624 2617 3694; x_wconf 84' lang='lat' dir='ltr'><strong>ﬁdelique</strong></span> <span class='ocrx_word' id='word_1_567' title='bbox 2659 3640 2723 3680; x_wconf 90' lang='lat' dir='ltr'><strong>ac</strong></span> <span class='ocrx_word' id='word_1_568' title='bbox 2761 3639 2962 3695; x_wconf 77' lang='lat' dir='ltr'><strong>magno</strong></span> <span class='ocrx_word' id='word_1_569' title='bbox 2996 3623 3313 3695; x_wconf 88' lang='lat' dir='ltr'><strong>imperatori</strong></span> <span class='ocrx_word' id='word_1_570' title='bbox 3351 3629 3628 3698; x_wconf 78' lang='lat' dir='ltr'><strong>Augusto-</strong></span> 
     </span>
    </p>
   </div>
   <div class='ocr_carea' id='block_1_82' title="bbox 2030 3716 3630 3789">
    <p class='ocr_par' dir='ltr' id='par_1_82' title="bbox 2030 3716 3630 3789">
     <span class='ocr_line' id='line_1_82' title="bbox 2030 3716 3630 3789; baseline 0.001 -19"><span class='ocrx_word' id='word_1_571' title='bbox 2030 3731 2141 3788; x_wconf 90' lang='lat' dir='ltr'><strong>que</strong></span> <span class='ocrx_word' id='word_1_572' title='bbox 2182 3716 2536 3781; x_wconf 87' lang='lat' dir='ltr'><strong>venerabilis,</strong></span> <span class='ocrx_word' id='word_1_573' title='bbox 2577 3731 2795 3786; x_wconf 86' lang='lat' dir='ltr'><strong>unaque</strong></span> <span class='ocrx_word' id='word_1_574' title='bbox 2835 3732 2961 3772; x_wconf 90' lang='lat' dir='ltr'><strong>eum</strong></span> <span class='ocrx_word' id='word_1_575' title='bbox 3006 3718 3246 3783; x_wconf 67' lang='lat' dir='ltr'><strong>Caesare,</strong></span> <span class='ocrx_word' id='word_1_576' title='bbox 3280 3718 3399 3788; x_wconf 82' lang='lat' dir='ltr'><strong>pari</strong></span> <span class='ocrx_word' id='word_1_577' title='bbox 3427 3717 3630 3789; x_wconf 77' lang='lat' dir='ltr'><strong>gaudio</strong></span> 
     </span>
    </p>
   </div>
   <div class='ocr_carea' id='block_1_83' title="bbox 2031 3809 3621 3880">
    <p class='ocr_par' dir='ltr' id='par_1_83' title="bbox 2031 3809 3621 3880">
     <span class='ocr_line' id='line_1_83' title="bbox 2031 3809 3621 3880; baseline 0.001 -15"><span class='ocrx_word' id='word_1_578' title='bbox 2031 3809 2320 3865; x_wconf 86' lang='lat' dir='ltr'><strong>clarissimi</strong></span> <span class='ocrx_word' id='word_1_579' title='bbox 2377 3810 2564 3880; x_wconf 90' lang='lat' dir='ltr'><strong>templi</strong></span> <span class='ocrx_word' id='word_1_580' title='bbox 2601 3811 2844 3866; x_wconf 61' lang='lat' dir='ltr'><strong>encmnia</strong></span> <span class='ocrx_word' id='word_1_581' title='bbox 2892 3811 3214 3877; x_wconf 89' lang='lat' dir='ltr'><strong>celebranti,</strong></span> <span class='ocrx_word' id='word_1_582' title='bbox 3261 3810 3621 3866; x_wconf 86' lang='lat' dir='ltr'><strong>renovamini.</strong></span> 
     </span>
    </p>
   </div>
   <div class='ocr_carea' id='block_1_84' title="bbox 2033 3902 3626 3960">
    <p class='ocr_par' dir='ltr' id='par_1_84' title="bbox 2033 3902 3626 3960">
     <span class='ocr_line' id='line_1_84' title="bbox 2033 3902 3626 3960; baseline -0.001 0"><span class='ocrx_word' id='word_1_583' title='bbox 2033 3902 2246 3960; x_wconf 90' lang='lat' dir='ltr'><strong>Gaudet</strong></span> <span class='ocrx_word' id='word_1_584' title='bbox 2289 3919 2421 3958; x_wconf 87' lang='lat' dir='ltr'><strong>vero</strong></span> <span class='ocrx_word' id='word_1_585' title='bbox 2463 3913 2520 3959; x_wconf 91' lang='lat' dir='ltr'><strong>et</strong></span> <span class='ocrx_word' id='word_1_586' title='bbox 2560 3903 2866 3959; x_wconf 68' lang='lat' dir='ltr'><strong>collaatatur</strong></span> <span class='ocrx_word' id='word_1_587' title='bbox 2899 3915 3213 3960; x_wconf 87' lang='lat' dir='ltr'><strong>sanctorum</strong></span> <span class='ocrx_word' id='word_1_588' title='bbox 3239 3903 3527 3959; x_wconf 84' lang='lat' dir='ltr'><strong>doctorum</strong></span> <span class='ocrx_word' id='word_1_589' title='bbox 3559 3918 3626 3959; x_wconf 85' lang='lat' dir='ltr'><strong>ac</strong></span> 
     </span>
    </p>
   </div>
   <div class='ocr_carea' id='block_1_85' title="bbox 2031 3997 3626 4069">
    <p class='ocr_par' dir='ltr' id='par_1_85' title="bbox 2031 3997 3626 4069">
     <span class='ocr_line' id='line_1_85' title="bbox 2031 3997 3626 4069; baseline -0.001 -15"><span class='ocrx_word' id='word_1_590' title='bbox 2031 3997 2416 4069; x_wconf 83' lang='lat' dir='ltr'><strong>episcOporum</strong></span> <span class='ocrx_word' id='word_1_591' title='bbox 2436 4008 2609 4055; x_wconf 71' lang='lat' dir='ltr'><strong>cmtus</strong></span> <span class='ocrx_word' id='word_1_592' title='bbox 2629 3999 2831 4064; x_wconf 90' lang='lat' dir='ltr'><strong>omnis,</strong></span> <span class='ocrx_word' id='word_1_593' title='bbox 2848 4000 2941 4068; x_wconf 86' lang='lat' dir='ltr'><strong>qui</strong></span> <span class='ocrx_word' id='word_1_594' title='bbox 2969 3999 3249 4069; x_wconf 89' lang='lat' dir='ltr'><strong>proprium</strong></span> <span class='ocrx_word' id='word_1_595' title='bbox 3275 3997 3444 4054; x_wconf 91' lang='lat' dir='ltr'><strong>decus</strong></span> <span class='ocrx_word' id='word_1_596' title='bbox 3460 4006 3626 4068; x_wconf 85' lang='lat' dir='ltr'><strong>atque</strong></span> 
     </span>
    </p>
   </div>
   <div class='ocr_carea' id='block_1_86' title="bbox 2031 4091 3626 4172">
    <p class='ocr_par' dir='ltr' id='par_1_86' title="bbox 2031 4091 3626 4172">
     <span class='ocr_line' id='line_1_86' title="bbox 2031 4091 3626 4172; baseline 0.001 -26"><span class='ocrx_word' id='word_1_597' title='bbox 2031 4092 2257 4172; x_wconf 72' lang='lat' dir='ltr'><strong>gloriam</strong></span> <span class='ocrx_word' id='word_1_598' title='bbox 2293 4092 2482 4162; x_wconf 84' lang='lat' dir='ltr'><strong>templi</strong></span> <span class='ocrx_word' id='word_1_599' title='bbox 2511 4092 2981 4148; x_wconf 88' lang='lat' dir='ltr'><strong>consecrationem</strong></span> <span class='ocrx_word' id='word_1_600' title='bbox 3015 4091 3187 4147; x_wconf 89' lang='lat' dir='ltr'><strong>ducit.</strong></span> <span class='ocrx_word' id='word_1_601' title='bbox 3215 4091 3460 4146; x_wconf 86' lang='lat' dir='ltr'><strong>Gaudete</strong></span> <span class='ocrx_word' id='word_1_602' title='bbox 3494 4106 3626 4147; x_wconf 93' lang='lat' dir='ltr'><strong>vero</strong></span> 
     </span>
    </p>
   </div>
   <div class='ocr_carea' id='block_1_87' title="bbox 2031 4183 3626 4255">
    <p class='ocr_par' dir='ltr' id='par_1_87' title="bbox 2031 4183 3626 4255">
     <span class='ocr_line' id='line_1_87' title="bbox 2031 4183 3626 4255; baseline 0 -17"><span class='ocrx_word' id='word_1_603' title='bbox 2031 4185 2217 4250; x_wconf 90' lang='lat' dir='ltr'><strong>etiam,</strong></span> <span class='ocrx_word' id='word_1_604' title='bbox 2270 4200 2335 4241; x_wconf 90' lang='lat' dir='ltr'><strong>ac</strong></span> <span class='ocrx_word' id='word_1_605' title='bbox 2377 4201 2484 4239; x_wconf 88' lang='lat' dir='ltr'><strong>una</strong></span> <span class='ocrx_word' id='word_1_606' title='bbox 2538 4185 2736 4240; x_wconf 85' lang='lat' dir='ltr'><strong>choros</strong></span> <span class='ocrx_word' id='word_1_607' title='bbox 2784 4185 2988 4252; x_wconf 91' lang='lat' dir='ltr'><strong>ducite,</strong></span> <span class='ocrx_word' id='word_1_608' title='bbox 3017 4201 3116 4240; x_wconf 89' lang='lat' dir='ltr'><strong>vos</strong></span> <span class='ocrx_word' id='word_1_609' title='bbox 3160 4200 3382 4255; x_wconf 84' lang='lat' dir='ltr'><strong>quoque</strong></span> <span class='ocrx_word' id='word_1_610' title='bbox 3417 4183 3626 4255; x_wconf 88' lang='lat' dir='ltr'><strong>reliqua</strong></span> 
     </span>
    </p>
   </div>
   <div class='ocr_carea' id='block_1_88' title="bbox 2035 4276 3626 4350">
    <p class='ocr_par' dir='ltr' id='par_1_88' title="bbox 2035 4276 3626 4350">
     <span class='ocr_line' id='line_1_88' title="bbox 2035 4276 3626 4350; baseline 0 -19"><span class='ocrx_word' id='word_1_611' title='bbox 2035 4293 2100 4332; x_wconf 89' lang='lat' dir='ltr'><strong>ac</strong></span> <span class='ocrx_word' id='word_1_612' title='bbox 2125 4277 2374 4350; x_wconf 79' lang='lat' dir='ltr'><strong>religiosa</strong></span> <span class='ocrx_word' id='word_1_613' title='bbox 2403 4277 2583 4343; x_wconf 91' lang='lat' dir='ltr'><strong>turba,</strong></span> <span class='ocrx_word' id='word_1_614' title='bbox 2617 4293 2739 4347; x_wconf 68' lang='lat' dir='ltr'><strong>qua:</strong></span> <span class='ocrx_word' id='word_1_615' title='bbox 2771 4276 2971 4332; x_wconf 72' lang='lat' dir='ltr'><strong>cmlum</strong></span> <span class='ocrx_word' id='word_1_616' title='bbox 3019 4277 3167 4332; x_wconf 91' lang='lat' dir='ltr'><strong>aliud</strong></span> <span class='ocrx_word' id='word_1_617' title='bbox 3197 4277 3251 4331; x_wconf 93' lang='lat' dir='ltr'><strong>in</strong></span> <span class='ocrx_word' id='word_1_618' title='bbox 3278 4286 3450 4342; x_wconf 88' lang='lat' dir='ltr'><strong>terra,</strong></span> <span class='ocrx_word' id='word_1_619' title='bbox 3480 4277 3626 4348; x_wconf 89' lang='lat' dir='ltr'><strong>quod</strong></span> 
     </span>
    </p>
   </div>
   <div class='ocr_carea' id='block_1_89' title="bbox 2036 4368 3622 4441">
    <p class='ocr_par' dir='ltr' id='par_1_89' title="bbox 2036 4368 3622 4441">
     <span class='ocr_line' id='line_1_89' title="bbox 2036 4368 3622 4441; baseline 0 -15"><span class='ocrx_word' id='word_1_620' title='bbox 2036 4369 2202 4426; x_wconf 87' lang='lat' dir='ltr'><strong>hodie</strong></span> <span class='ocrx_word' id='word_1_621' title='bbox 2254 4369 2541 4425; x_wconf 87' lang='lat' dir='ltr'><strong>dedicatur</strong></span> <span class='ocrx_word' id='word_1_622' title='bbox 2615 4368 2856 4441; x_wconf 80' lang='lat' dir='ltr'><strong>Virginis</strong></span> <span class='ocrx_word' id='word_1_623' title='bbox 2898 4370 3198 4440; x_wconf 85' lang='lat' dir='ltr'><strong>templum,</strong></span> <span class='ocrx_word' id='word_1_624' title='bbox 3241 4370 3560 4441; x_wconf 85' lang='lat' dir='ltr'><strong>conspicitis</strong></span> <span class='ocrx_word' id='word_1_625' title='bbox 3606 4388 3622 4426; x_wconf 90' lang='lat'><strong>:</strong></span> 
     </span>
    </p>
   </div>
   <div class='ocr_carea' id='block_1_90' title="bbox 2036 4463 3626 4534">
    <p class='ocr_par' dir='ltr' id='par_1_90' title="bbox 2036 4463 3626 4534">
     <span class='ocr_line' id='line_1_90' title="bbox 2036 4463 3626 4534; baseline 0 -16"><span class='ocrx_word' id='word_1_626' title='bbox 2036 4463 2196 4534; x_wconf 84' lang='lat' dir='ltr'><strong>cujus</strong></span> <span class='ocrx_word' id='word_1_627' title='bbox 2242 4463 2733 4518; x_wconf 87' lang='lat' dir='ltr'><strong>intercessionibus</strong></span> <span class='ocrx_word' id='word_1_628' title='bbox 2771 4465 2980 4518; x_wconf 88' lang='lat' dir='ltr'><strong>utinam</strong></span> <span class='ocrx_word' id='word_1_629' title='bbox 3012 4478 3206 4519; x_wconf 89' lang='lat' dir='ltr'><strong>omnes</strong></span> <span class='ocrx_word' id='word_1_630' title='bbox 3248 4463 3415 4518; x_wconf 90' lang='lat' dir='ltr'><strong>etiam</strong></span> <span class='ocrx_word' id='word_1_631' title='bbox 3450 4463 3626 4519; x_wconf 63' lang='lat' dir='ltr'><strong>beatae</strong></span> 
     </span>
    </p>
   </div>
   <div class='ocr_carea' id='block_1_91' title="bbox 335 4529 1931 4624">
    <p class='ocr_par' dir='ltr' id='par_1_91' title="bbox 335 4551 1929 4623">
     <span class='ocr_line' id='line_1_91' title="bbox 335 4551 1929 4623; baseline 0.002 -18"><span class='ocrx_word' id='word_1_632' title='bbox 335 4568 440 4621; x_wconf 90' lang='grc' dir='ltr'><strong>νης</strong></span> <span class='ocrx_word' id='word_1_633' title='bbox 489 4551 588 4605; x_wconf 76' lang='grc' dir='ltr'>καὶ</span> <span class='ocrx_word' id='word_1_634' title='bbox 627 4551 989 4623; x_wconf 81' lang='grc' dir='ltr'>ἀτελευτήτου</span> <span class='ocrx_word' id='word_1_635' title='bbox 1038 4551 1259 4623; x_wconf 84' lang='grc' dir='ltr'>χάριτος</span> <span class='ocrx_word' id='word_1_636' title='bbox 1304 4553 1400 4606; x_wconf 75' lang='grc' dir='ltr'><strong>καὶ</strong></span> <span class='ocrx_word' id='word_1_637' title='bbox 1433 4552 1836 4622; x_wconf 83' lang='grc' dir='ltr'>ἀγαλλιάσεως,</span> <span class='ocrx_word' id='word_1_638' title='bbox 1871 4555 1929 4608; x_wconf 81' lang='grc' dir='ltr'>ἐν</span> 
     </span>
    </p>
   </div>
   <div class='ocr_carea' id='block_1_92' title="bbox 2037 4529 3628 4624">
    <p class='ocr_par' dir='ltr' id='par_1_92' title="bbox 2037 4529 3628 4624">
     <span class='ocr_line' id='line_1_92' title="bbox 2037 4529 3628 4624; baseline -0.003 -14"><span class='ocrx_word' id='word_1_639' title='bbox 2037 4529 2184 4610; x_wconf 79' lang='lat' dir='ltr'><strong>illius</strong></span> <span class='ocrx_word' id='word_1_640' title='bbox 2229 4569 2295 4608; x_wconf 86' lang='lat' dir='ltr'><strong>ac</strong></span> <span class='ocrx_word' id='word_1_641' title='bbox 2334 4552 2658 4607; x_wconf 91' lang='lat' dir='ltr'><strong>immortalis</strong></span> <span class='ocrx_word' id='word_1_642' title='bbox 2683 4553 2871 4624; x_wconf 65' lang='lat' dir='ltr'><strong>gratia:</strong></span> <span class='ocrx_word' id='word_1_643' title='bbox 2899 4568 2964 4608; x_wconf 91' lang='lat' dir='ltr'><strong>ac</strong></span> <span class='ocrx_word' id='word_1_644' title='bbox 2993 4553 3378 4608; x_wconf 80' lang='lat' dir='ltr'><strong>exsultationis</strong></span> <span class='ocrx_word' id='word_1_645' title='bbox 3403 4568 3628 4623; x_wconf 86' lang='lat' dir='ltr'><strong>compo-</strong></span> 
     </span>
    </p>
   </div>
   <div class='ocr_carea' id='block_1_93' title="bbox 337 4642 1930 4720">
    <p class='ocr_par' dir='ltr' id='par_1_93' title="bbox 337 4642 1930 4720">
     <span class='ocr_line' id='line_1_93' title="bbox 337 4642 1930 4720; baseline 0.001 -20"><span class='ocrx_word' id='word_1_646' title='bbox 337 4643 565 4715; x_wconf 81' lang='grc' dir='ltr'>Χριστῷ</span> <span class='ocrx_word' id='word_1_647' title='bbox 589 4642 766 4715; x_wconf 81' lang='grc' dir='ltr'>Ἰησοῦ</span> <span class='ocrx_word' id='word_1_648' title='bbox 793 4643 870 4715; x_wconf 84' lang='grc' dir='ltr'>τῷ</span> <span class='ocrx_word' id='word_1_649' title='bbox 891 4644 1082 4716; x_wconf 82' lang='grc' dir='ltr'>Κυρίῳ</span> <span class='ocrx_word' id='word_1_650' title='bbox 1106 4643 1285 4716; x_wconf 80' lang='grc' dir='ltr'>ἡμῶν,</span> <span class='ocrx_word' id='word_1_651' title='bbox 1315 4664 1361 4714; x_wconf 86' lang='grc' dir='ltr'>ῳ</span> <span class='ocrx_word' id='word_1_652' title='bbox 1383 4646 1416 4716; x_wconf 84' lang='grc' dir='ltr'>ὴ</span> <span class='ocrx_word' id='word_1_653' title='bbox 1439 4645 1566 4712; x_wconf 81' lang='grc' dir='ltr'>δόξα</span> <span class='ocrx_word' id='word_1_654' title='bbox 1591 4647 1688 4699; x_wconf 76' lang='grc' dir='ltr'>καὶ</span> <span class='ocrx_word' id='word_1_655' title='bbox 1713 4645 1774 4700; x_wconf 81' lang='grc' dir='ltr'>τὸ</span> <span class='ocrx_word' id='word_1_656' title='bbox 1795 4646 1930 4720; x_wconf 85' lang='grc' dir='ltr'>κρά-</span> 
     </span>
    </p>
   </div>
   <div class='ocr_carea' id='block_1_94' title="bbox 337 4734 1710 4810">
    <p class='ocr_par' dir='ltr' id='par_1_94' title="bbox 337 4734 1710 4810">
     <span class='ocr_line' id='line_1_94' title="bbox 337 4734 1710 4810; baseline 0.004 -22"><span class='ocrx_word' id='word_1_657' title='bbox 337 4751 456 4802; x_wconf 86' lang='grc' dir='ltr'>τος,</span> <span class='ocrx_word' id='word_1_658' title='bbox 487 4734 584 4790; x_wconf 84' lang='grc' dir='ltr'>νῦν</span> <span class='ocrx_word' id='word_1_659' title='bbox 617 4737 712 4790; x_wconf 72' lang='grc' dir='ltr'>καὶ</span> <span class='ocrx_word' id='word_1_660' title='bbox 735 4735 844 4803; x_wconf 78' lang='grc' dir='ltr'>ἀεὶ,</span> <span class='ocrx_word' id='word_1_661' title='bbox 871 4736 967 4790; x_wconf 76' lang='grc' dir='ltr'><strong>καὶ</strong></span> <span class='ocrx_word' id='word_1_662' title='bbox 1002 4737 1085 4800; x_wconf 84' lang='grc' dir='ltr'><strong>είς</strong></span> <span class='ocrx_word' id='word_1_663' title='bbox 1116 4737 1243 4802; x_wconf 75' lang='grc' dir='ltr'>τοὺς</span> <span class='ocrx_word' id='word_1_664' title='bbox 1269 4736 1710 4810; x_wconf 80' lang='grc' dir='ltr'>αίῶνας.’Δμήν.</span> 
     </span>
    </p>
   </div>
   <div class='ocr_carea' id='block_1_95' title="bbox 410 4999 1354 5076">
    <p class='ocr_par' dir='ltr' id='par_1_95' title="bbox 410 4999 1354 5076">
     <span class='ocr_line' id='line_1_95' title="bbox 410 4999 1354 5076; baseline 0.011 -21"><span class='ocrx_word' id='word_1_665' title='bbox 410 4999 441 5032; x_wconf 74' lang='grc'><strong><em>⁸</em></strong></span> <span class='ocrx_word' id='word_1_666' title='bbox 466 4999 608 5057; x_wconf 79' lang='lat' dir='ltr'><strong>Psal.</strong></span> <span class='ocrx_word' id='word_1_667' title='bbox 636 5018 736 5071; x_wconf 91' lang='lat' dir='ltr'><strong>cu,</strong></span> <span class='ocrx_word' id='word_1_668' title='bbox 766 5004 820 5060; x_wconf 83' lang='lat'><strong>5.</strong></span> <span class='ocrx_word' id='word_1_669' title='bbox 896 5005 918 5038; x_wconf 83' lang='lat'><strong>&#39;</strong></span> <span class='ocrx_word' id='word_1_670' title='bbox 953 5006 1096 5062; x_wconf 89' lang='lat' dir='ltr'><strong>Psal.</strong></span> <span class='ocrx_word' id='word_1_671' title='bbox 1129 5024 1274 5076; x_wconf 79' lang='lat' dir='ltr'><strong>xuv,</strong></span> <span class='ocrx_word' id='word_1_672' title='bbox 1301 5009 1354 5065; x_wconf 87' lang='lat'><strong>5.</strong></span> 
     </span>
    </p>
   </div>
   <div class='ocr_carea' id='block_1_96' title="bbox 2039 4642 3623 4711">
    <p class='ocr_par' dir='ltr' id='par_1_96' title="bbox 2039 4642 3623 4711">
     <span class='ocr_line' id='line_1_96' title="bbox 2039 4642 3623 4711; baseline -0.004 -9"><span class='ocrx_word' id='word_1_673' title='bbox 2039 4655 2120 4702; x_wconf 89' lang='lat' dir='ltr'><strong>tes</strong></span> <span class='ocrx_word' id='word_1_674' title='bbox 2164 4645 2492 4711; x_wconf 81' lang='lat' dir='ltr'><strong>eﬂiciamur;</strong></span> <span class='ocrx_word' id='word_1_675' title='bbox 2521 4644 2578 4699; x_wconf 88' lang='lat' dir='ltr'><strong>in</strong></span> <span class='ocrx_word' id='word_1_676' title='bbox 2615 4644 2837 4700; x_wconf 89' lang='lat' dir='ltr'><strong>Christo</strong></span> <span class='ocrx_word' id='word_1_677' title='bbox 2858 4642 2994 4699; x_wconf 82' lang='lat' dir='ltr'><strong>Jcsu</strong></span> <span class='ocrx_word' id='word_1_678' title='bbox 3024 4643 3258 4699; x_wconf 89' lang='lat' dir='ltr'><strong>Domino</strong></span> <span class='ocrx_word' id='word_1_679' title='bbox 3285 4653 3500 4706; x_wconf 90' lang='lat' dir='ltr'><strong>nostro,</strong></span> <span class='ocrx_word' id='word_1_680' title='bbox 3535 4642 3623 4697; x_wconf 85' lang='lat' dir='ltr'><strong>cui</strong></span> 
     </span>
    </p>
   </div>
   <div class='ocr_carea' id='block_1_97' title="bbox 2036 4735 3623 4808">
    <p class='ocr_par' dir='ltr' id='par_1_97' title="bbox 2036 4735 3623 4808">
     <span class='ocr_line' id='line_1_97' title="bbox 2036 4735 3623 4808; baseline 0.001 -18"><span class='ocrx_word' id='word_1_681' title='bbox 2036 4736 2205 4808; x_wconf 75' lang='lat' dir='ltr'><strong>gloria</strong></span> <span class='ocrx_word' id='word_1_682' title='bbox 2231 4746 2286 4793; x_wconf 85' lang='lat' dir='ltr'><strong>et</strong></span> <span class='ocrx_word' id='word_1_683' title='bbox 2321 4736 2635 4808; x_wconf 85' lang='lat' dir='ltr'><strong>imperium,</strong></span> <span class='ocrx_word' id='word_1_684' title='bbox 2676 4752 2846 4802; x_wconf 90' lang='lat' dir='ltr'><strong>nunc,</strong></span> <span class='ocrx_word' id='word_1_685' title='bbox 2877 4743 2933 4791; x_wconf 94' lang='lat' dir='ltr'><strong>et</strong></span> <span class='ocrx_word' id='word_1_686' title='bbox 2961 4750 3202 4808; x_wconf 89' lang='lat' dir='ltr'><strong>semper,</strong></span> <span class='ocrx_word' id='word_1_687' title='bbox 3241 4746 3296 4792; x_wconf 90' lang='lat' dir='ltr'><strong>et</strong></span> <span class='ocrx_word' id='word_1_688' title='bbox 3323 4735 3378 4790; x_wconf 90' lang='lat' dir='ltr'><strong>in</strong></span> <span class='ocrx_word' id='word_1_689' title='bbox 3401 4735 3623 4792; x_wconf 68' lang='lat' dir='ltr'><strong>saecula.</strong></span> 
     </span>
    </p>
   </div>
   <div class='ocr_carea' id='block_1_98' title="bbox 2035 4831 2235 4888">
    <p class='ocr_par' dir='ltr' id='par_1_98' title="bbox 2035 4831 2235 4888">
     <span class='ocr_line' id='line_1_98' title="bbox 2035 4831 2235 4888; baseline -0.005 0"><span class='ocrx_word' id='word_1_690' title='bbox 2035 4831 2235 4888; x_wconf 84' lang='lat' dir='ltr'><strong>Amen.</strong></span> 
     </span>
    </p>
   </div>
  </div>
