4032 6454
1633 376 1890 438 PHOTII
1935 369 2439 434 PATRIARCUHE
2473 372 2581 433 (ΖΡ.
3623 373 3729 439 5m

2045 525 2134 581 IV.

1549 682 1798 739 SANCTI
1829 679 2201 737 A'l‘llANASll
2245 679 2632 738 ENCOMIUM.

454 981 675 1035 Photius
709 979 1131 1048 archiepiscopus
1159 976 1799 1046 Constantinopolitanus,
1833 975 1904 1048 ad
1928 976 2042 1044 fra-

2153 975 2376 1048 Φωτίου
2452 973 2934 1048 ἀρχιεπισκᾷξτοι)
2987 973 3702 1048 ’Κωνσταντινουπάζεως
3720 1015 3736 1040 ,

527 1062 658 1103 trem
681 1068 832 1103 suum
884 1047 1189 1112 Turasium,
1239 1051 1303 1102 de
1343 1048 1667 1101 sermonibus
1701 1047 1880 1114 magni
1909 1049 2046 1099 inter

527 1134 736 1176 sanctos
769 1122 1046 1174 Athanasii
1081 1119 1428 1174 Alexandria:
1458 1117 1842 1187 archiepiscopi
1873 1119 1972 1189 (6).

533 1277 652 1345 Hie,
681 1278 882 1350 inquit,
919 1277 1060 1333 etin
1105 1279 1456 1335 sermonibus
1512 1277 1718 1348 ubique
1757 1276 2041 1334 locutione

458 1373 640 1427 clarus
667 1381 769 1436 est,
801 1371 984 1427 brevis
1013 1380 1067 1426 et
1090 1371 1352 1442 simplex:
1380 1379 1573 1426 acutus
1600 1379 1782 1426 tamen
1811 1379 1867 1425 et
1883 1370 2046 1438 altus,

462 1473 519 1518 et
551 1463 1124 1534 argumentationibus
1197 1463 1426 1518 omnino
1482 1463 1803 1530 vehemens,
1860 1472 1921 1518 et
1990 1463 2046 1518 in

463 1556 550 1611 his
582 1566 730 1610 tanta
762 1557 1006 1623 ubertas,
1036 1565 1095 1611 ιιι
1125 1557 1460 1613 admirabilis
1492 1558 1582 1614 sit.
1615 1555 1829 1628 Logicis
1863 1567 2049 1612 autem

462 1650 737 1706 methodis
780 1651 915 1705 nihil
957 1651 1213 1718 tenuiter,
1245 1652 1385 1706 nihil
1411 1651 1751 1723 juveniliter,
1782 1660 1843 1708 ut
1890 1650 2049 1722 pueri

461 1752 520 1797 et
550 1745 736 1809 rudes,
781 1745 878 1800 sed
931 1746 1328 1816 philosophice,
1381 1747 1477 1802 sed
1524 1747 1811 1819 magniﬁce
1853 1748 2045 1802 utitur.

464 1834 870 1906 Scripturarum
906 1839 1236 1893 testimoniis
1264 1853 1329 1894 ac
1381 1838 1942 1894 demonstrationibus
1980 1838 2050 1894 ad

461 1929 939 1984 conﬁrmationem
969 1931 1342 1985 communitus
1375 1939 1482 1995 est,
1524 1940 1581 1986 et
1609 1933 1666 1986 in
1711 1931 1901 2001 primis
1929 1947 2050 1986 ser-

465 2037 553 2073 mo
583 2019 672 2075 ille
702 2029 893 2074 contra
925 2021 1156 2092 gentiles
1183 2030 1240 2076 et
1263 2021 1355 2092 qui
1404 2023 1473 2077 de
1527 2022 1866 2077 humanitate
1885 2021 2048 2078 Verbi

470 2113 559 2166 Dei
609 2113 828 2168 habitus
856 2123 979 2180 est,
1011 2113 1252 2184 quinque
1280 2113 1336 2167 in
1369 2114 1562 2169 Arium
1603 2114 1746 2178 libri,
1777 2114 1871 2186 qui
1891 2130 2051 2169 reve-

463 2219 521 2258 ra
560 2214 687 2260 sunt
720 2205 899 2259 omnis
964 2206 1236 2261 haereseos
1298 2215 1596 2277 tmpamm,
1672 2207 1766 2262 sed
1831 2207 2050 2263 Arianae

462 2296 828 2365 potissimum.
867 2299 933 2352 Et
963 2299 1008 2352 si
1050 2299 1177 2366 quis
1227 2298 1544 2370 theologum
1605 2298 1950 2370 Gregorium,
1995 2307 2051 2353 et

459 2391 709 2446 divinum
762 2392 1022 2448 Basilium
1071 2395 1281 2450 diceret
1322 2409 1391 2449 ex
1442 2394 1548 2448 hoc
1599 2393 1739 2448 libro
1790 2402 2046 2462 tanquam

461 2480 611 2536 fonte
667 2485 902 2552 quodam
942 2484 1284 2550 haurientes,
1330 2483 1598 2537 orationis
1624 2498 1737 2537 suae
1788 2482 2046 2552 pulchros

460 2588 524 2625 ac
573 2574 881 2643 perlucidos
906 2583 1099 2629 contra
1137 2589 1382 2629 errorem
1406 2574 1639 2629 fundere
1675 2573 1892 2640 ﬂuvios,
1937 2589 2047 2628 non

458 2664 584 2729 erit,
615 2674 676 2720 ut
717 2665 976 2733 arbitror,
1030 2667 1270 2738 procula
1299 2665 1799 2721 verisimilitudine.
1832 2665 2048 2736 Scripta

460 2761 589 2809 sunt
623 2763 808 2809 autem
837 2756 905 2810 ab
927 2773 1014 2823 eo,
1039 2767 1096 2812 et
1119 2757 1172 2810 in
1208 2755 1591 2811 Eeclesiastem
1630 2757 2047 2824 commentaria,

459 2855 517 2900 ct
552 2848 604 2900 in
642 2845 871 2904 Cantieo
908 2849 1274 2916 canticorum,
1307 2849 1387 2904 sic
1413 2856 1469 2904 et
1499 2848 1554 2903 in
1591 2847 1938 2914 Psalterium,
1993 2857 2051 2906 et

460 2938 516 2993 in
543 2939 647 2994 alia
681 2941 876 2995 multa.
922 2940 1106 2997 Gratia
1153 2950 1333 2997 tamen
1375 2951 1430 2996 et
1449 2952 1646 2997 ornatu
1713 2959 1844 2998 vere
1865 2944 2050 2998 excel-

461 3029 584 3084 lunt
645 3047 930 3088 sermones
981 3042 1171 3088 contra
1216 3033 1632 3104 Apollinarium,
1675 3044 1732 3091 et
1756 3035 2001 3106 epistolae
2031 3075 2048 3103 ,

457 3130 727 3192 quotquot
751 3124 870 3193 ejus
898 3125 1313 3182 excusationem
1344 3128 1654 3183 continent.

2217 1047 2369 1113 πρὸς
2416 1043 2540 1100 τὸν
2576 1045 2732 1098 lator
2776 1043 3046 1111 ἀδελφὸν
3095 1044 3430 1113 Ταράσιον,
3462 1043 3741 1110 περὶτῶν

2218 1119 2420 1184 λόγων
2452 1117 2558 1170 τοῦ
2592 1117 2662 1168 ἐν·
2689 1117 2880 1183 ἁγίοις
2915 1113 3185 1185 μεγάλου
3231 1113 3610 1169 Ἀθανασίου
3638 1115 3738 1184 dp-

2219 1191 2619 1256 χιεπεσκόπου
2670 1187 3147 1254 Ἀλεξανδρείας.

2233 1281 2321 1334 Ἐν
2367 1275 2472 1346 οἷς,
2523 1280 2710 1349 φησιν,
2752 1279 2835 1332 ὅτι
2865 1277 3042 1350 σαφὴς
3075 1277 3175 1349 μέν
3217 1279 3339 1330 ἐστι
3387 1275 3491 1348 τὴν
3527 1277 3738 1349 φράσιν,

2149 1373 2341 1444 ὥσπερ
2369 1369 2685 1442 ἁπανταχοῦ
2735 1369 2843 1423 τῶν
2876 1369 3052 1438 λόγων
3089 1369 3280 1435 αὑτοῦ,
3319 1369 3422 1423 καὶ
3455 1368 3741 1440 ἀπέριττος

2149 1467 2247 1521 καὶ
2296 1465 2506 1537 ἀφελής
2532 1481 2549 1498 ’
2606 1463 2801 1536 δριμὺς
2837 1462 2895 1516 δὲ
2932 1463 3027 1517 καὶ
3071 1461 3277 1534 βαθὺς,
3322 1461 3426 1516 καὶ
3476 1460 3597 1514 λίαν
3635 1463 3743 1527 τοῖς

2149 1557 2578 1630 ἐπιχειρήμασιν
2611 1554 2829 1620 εὔτονος
2854 1570 2870 1585 '
2899 1554 2994 1610 καὶ
3021 1553 3083 1608 τὸ
3127 1554 3361 1624 γόνιμον
3398 1552 3459 1605 δὲ
3492 1551 3658 1607 αὐτοῦ
3689 1555 3744 1606 ὲν

2148 1650 2360 1714 τούτοις
2386 1648 2577 1720 ἡλίκον
2592 1649 2740 1712 ὅσον,
2761 1647 2919 1718 φησὶ,
2934 1647 3257 1718 θαυμάσιον.
3274 1647 3553 1715 Λογικαϊς
3570 1664 3629 1700 τε
3650 1645 3745 1721 [sic

2150 1761 2251 1799 ms.
2276 1744 2534 1812 interpres
2570 1742 2775 1796 videtur
2800 1740 2982 1810 legisse
3009 1738 3090 1812 δὲ]
3124 1721 3400 1810 μεθόδοις,
3429 1737 3494 1792 οὔ
3539 1757 3592 1792 τι
3648 1756 3743 1809 γυ-

2154 1837 2308 1910 μνῶς
2337 1839 2434 1893 καὶ
2470 1835 2875 1910 μειρακιωδῶς,
2898 1835 3087 1906 ὥσπερ
3104 1836 3154 1888 οἱ
3177 1836 3373 1898 παῖδες
3392 1835 3492 1888 καὶ
3519 1835 3746 1908 ἀρτιμα-

2151 1933 2286 1998 θεῖς,
2319 1931 2455 1986 ἀλλὰ
2491 1931 2798 2001 φιλοσόφως
2837 1946 2894 1982 τε
2923 1929 3016 1982 καὶ
3051 1926 3503 1998 μεγαλοπρεπῶς
3541 1927 3741 1981 ἀποκέ-

2151 2039 2374 2095 χρηται.
2423 2022 2732 2094 Γραφικαϊς
2771 2036 2832 2072 τε
2881 2019 3211 2089 μαρτυρίαις
3255 2016 3360 2072 καὶ
3405 2015 3744 2082 ἀποδείξεσιν

2150 2119 2233 2180 είς
2255 2117 2315 2170 τὸ
2336 2114 2603 2187 καρτερὸν
2632 2112 3049 2184 κατωχύρωται·
3079 2112 3174 2165 καὶ
3191 2111 3440 2180 μάλιστὰ
3466 2126 3531 2177 γε
3558 2111 3586 2161 ὁ
3609 2111 3743 2163 κατὰ

2165 2209 2468 2280 Ἑλλήνων,
2498 2209 2527 2262 ὃ
2557 2224 2616 2262 τε
2649 2207 2778 2276 περὶ
2819 2205 2919 2275 τῆς
2965 2201 3425 2272 ὲνσωματώσεως
3476 2199 3575 2255 τοῦ
3613 2199 3742 2253 θεοῦ

2081 2333 2127 2395 Β
2155 2303 2326 2371 Λόγου
2365 2300 2691 2370 εἰρημένος,
2731 2297 2886 2368 καὶὴ
2925 2297 3067 2350 κατὰ
3114 2295 3330 2367 Ἀρείου
3362 2291 3740 2354 πεντάόιϐλος,

2150 2396 2413 2467 τρόπαιον
2443 2389 2575 2448 οὖσα
2603 2390 2745 2446 κατὰ
2773 2390 2954 2462 πάσης
2993 2390 3092 2460 μὲν
3125 2389 3422 2462 αἱρέσεως,
3453 2384 3741 2454 ἐξαιρέτως

2147 2489 2204 2543 δὲ
2234 2489 2334 2560 τῆς
2370 2487 2678 2560 Ἀρειανῆς.
2709 2485 2820 2538 Καὶ
2841 2483 2896 2536 εἴ
2917 2501 2998 2548 τις
3019 2484 3110 2536 τὸν
3140 2480 3399 2549 θεολόγον
3422 2477 3740 2550 Γρηγόριον,

2148 2583 2243 2636 καὶ
2271 2581 2365 2636 τὸν
2396 2580 2538 2634 θεῖον
2579 2577 2859 2632 Βασίλειον
2884 2617 2898 2639 ,
2932 2578 2997 2630 ὲκ
3022 2576 3228 2646 ταύτης
3259 2574 3462 2644 ὥσπερ
3499 2571 3608 2625 ἀπὸ
3639 2587 3737 2636 πη-

2147 2675 2250 2746 γῆς
2283 2673 2665 2745 ἀρυσαμένους
2694 2672 2830 2742 φαίη
2859 2673 2959 2741 τῆς
2991 2669 3174 2738 βίῦλου
3202 2668 3338 2731 τοὺς
3365 2663 3570 2725 καλοὺς
3601 2660 3738 2714 ὲκεί-

2147 2785 2272 2832 νους
2303 2769 2395 2821 καὶ
2426 2765 2672 2834 διαυγεῖς
2699 2764 2810 2818 τῶν
2841 2762 3058 2816 οἰκείων
3084 2761 3260 2830 λόγων
3297 2757 3450 2813 κατὰ
3477 2757 3577 2824 τῆς
3610 2754 3739 2809 πλά-

2145 2875 2244 2930 νης
2275 2857 2464 2929 ῥεῦσαι
2495 2857 2800 2928 ποταμοὺς,
2819 2855 2920 2908 οὐκ
2943 2853 3029 2920 ἂν,
3051 2853 3226 2924 οἶμαι,
3249 2850 3489 2922 σφαλείη
3520 2847 3613 2903 τοῦ
3640 2865 3738 2901 πα-

2149 2952 2511 3024 ραδείγματος
2531 2966 2547 2982 ’
2582 2949 2876 3021 πεποίηται
2904 2948 2962 3002 δὲ
3001 2947 3174 3016 αὐτῷ,
3212 2944 3380 3017 φησι,
3415 2943 3514 2997 καὶ
3545 2943 3625 3005 εἰς
3657 2939 3738 2992 τὸν

2160 3043 2624 3116 Ἐκκλησιαστὴν,
2675 3041 2771 3096 καὶ
2826 3040 3024 3105 εἰς’τδ
3072 3035 3266 3110 Ἀσμα
3323 3037 3439 3092 τῶν
3488 3034 3737 3107 ᾀσμάτων

2149 3137 2559 3210 ὑπομνήματα,
2590 3134 2782 3207 ὥσπερ
2828 3133 2925 3188 καὶ
2956 3133 3038 3196 εἰς
3078 3132 3170 3185 τὸν
3217 3131 3496 3202 Ψαλτῆρα
3517 3170 3534 3193 ,
3566 3128 3660 3180 καὶ
3686 3128 3738 3179 ὲν

460 3215 671 3286 ἑτέροις
703 3217 938 3282 πολλοῖς.
981 3219 1078 3284 Εἰς
1114 3220 1214 3292 μὲν
1253 3219 1356 3292 τὴν
1399 3221 1562 3294 χάριν
1597 3222 1784 3280 καὶτὸ
1823 3227 2051 3297 κάλλος,
2121 3231 2368 3305 ἀτεχνῶς
2416 3229 2767 3302 διαφέρουσιν
2840 3229 2892 3283 οἰ
2939 3228 3082 3283 κατὰ
3146 3226 3543 3297 Ἀπολιναρίου
3600 3222 3736 3292 λόγοι

461 3311 558 3366 καὶ
602 3311 711 3366 τῶν
752 3315 1091 3386 ἐπιστολῶν,
1131 3317 1253 3372 ὅσαι
1295 3318 1395 3391 τὴν
1424 3319 1724 3392 ἀπολογίαν
1762 3325 1912 3398 αὐτῷ
1944 3328 2049 3399 τῆς
2086 3330 2266 3401 φυγῆς
2293 3327 2665 3400 περιέχουσιν.

1985 3461 2221 3524 NOTAE.

533 3579 609 3646 (6)
642 3577 946 3658 Phntiusin
979 3579 1307 3658 Bibliotheca
1336 3600 1434 3641 sua
1457 3585 1613 3658 cujus
1634 3585 1738 3641 hoc
1763 3585 2042 3658 fragmen-

462 3658 576 3726 tum
612 3649 822 3726 optimo
852 3651 942 3726 illo
991 3656 1475 3726 vetustissimoque
1523 3649 1895 3712 Athanasianvo
1945 3674 2040 3712 co-

460 3721 604 3782 dice.
630 3721 722 3791 qui
759 3731 844 3778 est
870 3724 1174 3780 Academiae
1218 3721 1563 3795 Basile'ensis,
1615 3727 1900 3799 praeﬁxum
1953 3729 2064 3784 est

2151 3587 2600 3662 tot_idem_verbis
2635 3605 2672 3662 ;_
2692 3588 2934 3658 illudque
2957 3588 3069 3659 jam
3099 3587 3290 3662 olim_a
3328 3588 3492 3662 Petro
3514 3579 3735 3662 Nannio.

2148 3659 2242 3728 qui
2306 3659 2500 3714 eodem
2552 3659 2745 3714 codice
2800 3654 2935 3716 usus
2959 3654 3074 3727 'est,
3106 3658 3188 3714 sic
3228 3658 3429 3714 Latine
3479 3654 3738 3711 redditum

2145 3737 2339 3786 est.—
2359 3729 2445 3784 Cf.
2480 3729 2605 3785 cod.
2637 3731 2761 3785 MO.

3522 3900 3726 3933 ...τε

1751 4096 2475 4229 CABMINA

1733 4605 2470 4711 STICHEBON

1169 4818 1239 4875 ΙΝ
1277 4819 1604 4876 SANCTUM
1641 4817 2056 4876 METIIODIUM
2094 4819 3030 4881 CONSTANTINOPOLITANUM.

1420 4959 1712 5033 (Βοιωτίη.
1744 4960 1876 5012 Acta
1901 4957 2171 5026 Sanctor.,
2202 4958 2351 5014 Junii
2373 4968 2414 5015 t.
2442 4959 2509 5025 ll,
2536 4977 2590 5032 p.
2617 4960 2770 5032 960.)

528 5225 612 5295 Ad
636 5223 903 5294 Vesperas
933 5226 1077 5283 inter
1113 5227 1219 5283 alia
1249 5227 1476 5299 ponitur
1501 5241 1567 5282 ex
1603 5226 1858 5282 Octoeclto
1883 5227 2161 5285 Sticheron
2183 5245 2280 5287 seu
2312 5227 2632 5296 Versiculus,
2658 5227 2728 5286 ad
2763 5227 3013 5286 modulos
3037 5227 3184 5286 tertii
3228 5228 3340 5286 toni
3371 5222 3663 5288 canendus.

1555 5355 1815 5420 tanquam
1839 5367 2026 5422 poema
2073 5352 2253 5408 Photii
2271 5352 2633 5422 {patriam/tce.

525 5507 751 5565 Festive
770 5506 933 5563 hodie
961 5519 1191 5565 ornatur
1238 5509 1331 5565 Dei
1360 5511 1628 5579 Ecclesia,
1687 5524 1744 5569 et
1773 5514 2049 5570 exsultans

2231 5513 2595 5584 Εὐφροσύνως
2627 5512 2869 5584 σήμερον
2895 5511 2930 5582 ἡ
2970 5510 3269 5584 Ἐκκλησία
3293 5509 3385 5566 τοῦ
3413 5506 3550 5598 Θεοῦ
3563 5496 3718 5557 στολί-

457 5607 657 5660 clamat
692 5621 705 5656 :
737 5601 1006 5656 lllustrata
1029 5612 1113 5658 est
1137 5603 1487 5673 pulchritudo
1503 5621 1620 5659 mea
1638 5621 1805 5676 super
1827 5621 2049 5662 omnem

2159 5603 2334 5670 ζεται,
2363 5603 2708 5674 ἀγαλλομένη
2741 5602 3135 5674 κραυγάζουσα
3166 5618 3182 5634 ·
3221 5596 3592 5672 Ἐλαμπρύνθη
3625 5603 3717 5661 μου

459 5696 732 5751 civitatem
775 5713 789 5747 :
825 5711 953 5750 ecce
985 5696 1134 5750 enim
1189 5695 1643 5766 archiprazsulum
1674 5713 1884 5769 gemma
1913 5714 2054 5769 pra:-

459 5789 624 5852 clara,
662 5789 932 5859 gloriosus
989 5788 1324 5856 Mcthodius,
1375 5789 1484 5845 iter
1528 5790 1594 5845 ad
1643 5791 1812 5847 cmlos
1853 5792 2052 5846 tenuit.

463 5877 614 5958 Agite
643 5896 771 5951 ergo
803 5879 924 5936 l'csti
966 5880 1132 5953 huius
1182 5894 1475 5948 amatores,
1528 5889 1704 5939 cmtus
1729 5882 2055 5942 orthodoxa-

2157 5693 2222 5747 τὸ
2251 5692 2444 5756 κάλλος
2475 5693 2617 5763 ὑπὲρ
2639 5694 2822 5747 πᾶσαν
2848 5692 3024 5746 πόλιν·
3051 5693 3159 5747 ἰδοὺ
3185 5693 3294 5764 γὰρ
3313 5693 3419 5747 τῶν
3441 5683 3716 5759 ἀρχιερέων

2159 5786 2220 5840 τὸ
2250 5787 2395 5856 μέγα
2428 5786 2734 5856 κειμήλιον,
2765 5789 2794 5839 ὁ
2827 5785 3034 5852 ἔνδοξος
3069 5787 3331 5850 Μεοόδιος
3352 5826 3365 5848 ,
3391 5783 3484 5853 τὴν
3512 5773 3717 5848 πορείαν

2163 5881 2298 5951 πρὸς
2331 5879 2559 5951 οὐρανὸν
2589 5880 2900 5951 ἐποιήσατο.
2936 5879 3101 5935 Δεῦτε
3141 5877 3236 5934 οὖν
3261 5919 3276 5947 ,
3307 5879 3583 5951 φιλέορτοι,
3616 5865 3716 5921 τῶν
