4032 6430
316 356 421 421 577
1766 356 1908 416 CAR

2015 357 2137 416 NA.
3496 349 3600 413 5'78

313 469 615 541 όρθοδόξων
662 469 724 523 τὸ
760 470 1035 540 σύστημα,
1090 471 1597 543 χοροστατήσαντες
1654 471 1772 542 ἅμα
1810 472 1905 541 τὴν

2014 487 2158 532 rum,
2196 469 2502 538 chorosque
2556 466 2717 521 simul
2750 464 2935 520 ducite
2990 464 3195 520 circum
3241 479 3450 527 arcam,
3507 478 3604 515 cn-

315 561 468 617 θείαν
498 561 744 632 λάρνακα
764 603 779 628 ,
815 562 1062 630 ἰαμάτων
1096 560 1443 631 πλημμύραν
1480 561 1738 624 λαϐόντες
1771 561 1902 631 παρ’

2014 562 2287 616 rationum
2319 560 2548 631 gratiam
2579 558 2705 612 inde
2776 557 3145 611 exundantem
3202 554 3599 625 suscipientes:

315 651 514 721 αὐτῆς,
541 649 877 722 ίκετεὺωμεν
904 650 1237 721 αίτήσασθαι
1264 651 1503 722 Χριστὸν
1530 652 1621 705 τὸν
1646 650 1783 705 Θεὸν
1809 650 1906 705 τοῦ

2015 669 2305 726 precemur
2325 664 2508 706 autem
2538 659 2598 704 ut
2627 649 3109 705 exoretChristum
3140 648 3309 702 Deum
3327 656 3601 712 nostrum,

318 743 587 816 ρυσθῆναι
617 744 719 815 τὴν
747 743 1074 814 οἰκουμένην
1097 742 1209 798 ἀπὸ
1235 744 1420 815 πάσης
1450 743 1741 815 αἱρέσεως.

2018 758 2294 819 quatenus
2345 746 2663 801 universum
2702 742 2898 798 liberet
2922 742 2991 797 ab
3030 742 3179 798 omni
3217 740 3434 796 hzcresi.

1676 1164 2254 1259 MONITUM

1458 1366 1526 1424 IN
1576 1366 1761 1422 TRES
1808 1366 1992 1423 ODAS
2040 1361 2477 1432 SEQUENTES.

1316 1525 1479 1598 (Aug.
1515 1523 1620 1579 ΜΑι
1654 1522 1913 1591 Scriptor.
1943 1531 2048 1576 vet.
2091 1530 2225 1576 tom.
2258 1518 2303 1587 1,
2345 1535 2401 1590 p.
2444 1519 2624 1593 mn.)

395 1817 580 1874 Photii
610 1818 729 1875 odac
754 1829 865 1875 tres
882 1820 1034 1877 suavi
1056 1822 1301 1878 carmine
1316 1822 1554 1893 scriptae,
1576 1821 1864 1876 mediocris
1892 1819 2238 1891 prolixitatis,
2275 1828 2495 1875 exstant
2528 1819 2579 1874 in
2604 1829 2784 1875 retere
2803 1819 2990 1875 codice
3017 1820 3456 1875 Barheriniorum
3488 1820 3617 1886 2w,

324 1915 573 1986 itemque
635 1916 691 1970 in
735 1916 856 1987 ejus
882 1918 1090 1973 recenti
1137 1919 1474 1990 apographo,
1512 1919 1656 1972 inter
1695 1917 1925 1971 aliorum
1968 1926 2255 1972 auctorum
2322 1917 2465 1971 bene
2532 1916 2737 1973 multos
2796 1916 3091 1985 multaeque
3137 1916 3416 1986 elegantirc
3466 1915 3620 1970 Cra--

324 2020 422 2060 eos
443 2005 699 2078 hymnos,
728 2022 965 2077 quorum
988 2006 1027 2061 ii
1072 2007 1265 2062 saltem
1305 2009 1399 2077 qui
1437 2023 1650 2063 morum
1706 2007 1980 2061 honestati
2024 2022 2136 2061 non
2195 2006 2414 2069 obsunt,
2466 2005 2609 2059 haud
2660 2006 2867 2059 diutius
2894 2006 2946 2060 in
3005 2007 3245 2061 tenebris
3304 2006 3618 2061 continendi

332 2100 627 2165 videntur,
655 2118 837 2172 neque
865 2103 1155 2158 sinendum
1193 2113 1251 2158 ut
1275 2102 1458 2158 Pbotii
1481 2117 1701 2172 quoque
1740 2116 1895 2155 musa
1930 2116 2056 2155 cum
2117 2101 2205 2155 bis
2260 2100 2426 2154 invita
2460 2100 2638 2153 sileat.
2680 2098 2795 2152 Imo
2835 2114 2966 2153 vero
2995 2100 3128 2153 odas
3172 2098 3351 2153 Pbotii
3421 2112 3619 2152 novent

326 2208 469 2245 mss.
498 2193 717 2264 collegii
738 2195 884 2264 apud
917 2195 1101 2251 Gallos
1152 2196 1560 2252 Claromoutani
1593 2195 1869 2249 exstitisse
1922 2194 2000 2249 ait
2064 2193 2316 2248 Labbeus
2366 2191 2501 2245 Nov.
2551 2191 2801 2275 Biblioth.
2853 2208 2979 2244 mss.
3001 2207 3056 2261 p.
3105 2192 3229 2246 159.
3267 2191 3446 2245 Photii
3506 2202 3620 2245 tres

326 2289 440 2342 illa:
469 2288 591 2343 odze
632 2290 735 2345 sub
783 2291 994 2347 codicis
1025 2291 1400 2346 Barberiniani
1462 2292 1569 2345 line
1610 2291 1866 2362 leguntur
1899 2307 1915 2356 ;

2029 2304 2181 2343 arum
2218 2289 2391 2359 prima
2448 2296 2532 2341 est
2560 2288 2625 2339 ἐκ
2672 2286 2969 2357 προσώπου
3018 2284 3302 2339 Βασιλείου
3354 2286 3621 2338 δεσπότου

320 2385 395 2437 ad
424 2383 598 2438 Deum
624 2400 640 2450 ;
680 2385 736 2439 in
758 2401 824 2441 ea
863 2387 1075 2441 scilicet
1098 2386 1342 2456 loquitur
1368 2387 1487 2456 ipse
1508 2386 1763 2440 Basilius.
1796 2384 1912 2438 Alte

2023 2386 2083 2436 ἐκ
2112 2381 2405 2454 προσώπου
2439 2381 2539 2451 τῆς
2578 2380 2910 2450 Ἐκκλησίας
2938 2382 3021 2444 είς
3049 2380 3329 2433 Βασίλειον
3368 2380 3615 2449 φιλόχρι-

324 2494 457 2533 στον
486 2475 747 2546 βασιλέα;
781 2478 1023 2534 Ecclesia
1055 2480 1318 2534 nimirum
1354 2480 1656 2549 alloquitur
1681 2482 1916 2550 imperat

2031 2494 2092 2533 m.
2118 2477 2305 2531 Tertia
2340 2477 2445 2532 ode
2473 2476 2894 2547 ἐγκωμιαστικὴ
2915 2477 2994 2539 είς
3024 2476 3309 2529 Βασίλειον
3345 2476 3438 2526 τὸν
3470 2474 3623 2542 φιλό-

324 2588 559 2642 χριστον
600 2570 888 2642 δεσπότην.
922 2572 1276 2627 Notissimum
1301 2556 1698 2635 est,IPhotinm
1722 2573 1895 2645 gratia
1921 2572 2066 2644 apud
2097 2570 2352 2625 Basilium
2386 2572 2772 2640 imperatorem
2804 2568 3075 2633 ﬂoruisse,
3100 2568 3185 2621 cui
3219 2568 3386 2621 etiam
3418 2567 3621 2637 regiam

328 2681 598 2721 coronam
625 2667 862 2721 sumenti
903 2683 1086 2721 sacras
1118 2683 1313 2737 preces
1347 2668 1601 2738 praeivit;
1633 2684 1758 2722 mox
1793 2668 1863 2721 ab
1894 2668 2088 2722 eodem
2114 2666 2170 2722 in
2192 2666 2445 2721 exsilium
2483 2674 2665 2720 actum
2700 2664 2893 2719 fuisse.
2932 2662 3233 2732 Utramque
3290 2678 3405 2715 rem
3435 2668 3625 2714 narrat

324 2754 499 2807 etiam
524 2754 872 2810 llamartolus
899 2756 954 2810 in
998 2755 1263 2812 Vaticano
1288 2757 1476 2812 codice
1507 2758 1772 2823 ineditus,
1795 2773 1916 2828 pag.

2034 2757 2051 2809 ζ
2076 2756 2110 2811 b
2139 2775 2152 2811 :
2205 2756 2265 2809 Ὀ
2297 2755 2573 2817 Βασίλειος
2598 2758 2664 2808 ἐκ
2687 2755 2787 2825 τῆς
2820 2753 3017 2809 ἑαυτοῦ
3044 2752 3290 2823 κεφαλῆς
3314 2752 3373 2805 τὸ
3404 2754 3626 2822 στέμμα

324 2844 609 2915 ἀράμενος
628 2846 827 2899 δέδωκε
854 2848 1045 2919 Φωτίῳ
1073 2848 1153 2919 τῷ
1174 2850 1525 2923 πατριάρχῃ·
1559 2851 1655 2904 καὶ
1684 2847 1999 2919 εἰσαγαγὼν
2030 2849 2194 2903 αὐτὸν
2217 2850 2275 2902 ἐν
2303 2852 2370 2921 τῇ
2402 2848 2535 2921 ἁγίᾳ
2560 2848 2832 2920 τραπέζῃ,
2864 2848 3124 2918 ἐποίησεν
3144 2847 3311 2917 εὐχὴν
3342 2842 3430 2898 ἐπ’
3453 2846 3625 2915 αὐτῷ.

325 2967 405 2980 —
444 2938 505 2992 '0
538 2938 595 2991 δὲ
620 2940 968 3013 πατριάρχης
989 2943 1051 2995 τὸ
1083 2944 1305 3015 στέμμα
1338 2944 1645 3015 ἐξενεγκὼν
1677 2945 1758 3013 τῷ
1784 2944 1998 3017 βασιλεί
2024 2944 2321 2999 ἐπιδέδωκε
2344 2962 2358 2975 ’
2387 2945 2483 2998 καὶ
2511 2944 2622 2997 τῶν
2647 2944 2950 3014 σκήπτρων
3004 2942 3304 3003 πεσόντων,
3357 2941 3432 3003 ώς
3481 2939 3627 3002 ἔθος,

328 3024 563 3101 ἔστεψεν
591 3034 619 3086 ό
652 3033 876 3106 Μιχαὴλ
900 3034 994 3087 τὸν
1023 3037 1326 3091 Βασίλειον.
1358 3038 1577 3093 Patrata
1602 3038 1804 3092 deinde
1858 3036 1920 3091 Mi

2042 3036 2144 3092 elis
2210 3035 2561 3107 imperatoris
2614 3036 2784 3099 caede.
2847 3034 3028 3107 pergit
3055 3035 3242 3089 dicere
3282 3032 3630 3087 llamartolus

331 3140 395 3194 p.
434 3123 542 3179 204
573 3125 608 3181 b
642 3144 657 3180 :
691 3126 800 3179 Τοῦ
832 3125 1119 3183 Βασιλείου
1154 3133 1211 3184 ἐν
1236 3133 1303 3201 τῇ
1339 3131 1610 3203 ἐκκλησίᾳ
1636 3131 1904 3197 ἐλθόντος,
1940 3130 2163 3200 καὶτῆς
2188 3130 2458 3203 ἀχράντου
2489 3127 2683 3191 θυσίας
2715 3127 3043 3199 μεταλαϐεῖν
3072 3125 3445 3197 βουληθέντος,
3470 3125 3499 3176 ό
3520 3141 3631 3176 πα-

329 3218 606 3291 τριάρχης
644 3222 850 3285 Φώτιος
873 3222 974 3294 τῆς
1006 3222 1157 3288 θείας
1176 3223 1342 3278 αὐτὸν
1372 3226 1606 3297 ἀπεῖργε
1649 3223 2028 3295 μεταλήψεως,
2056 3223 2385 3294 ἀνδροφόνον
2411 3221 2703 3276 ἀποκαλῶν
2724 3222 2820 3273 καὶ
2843 3218 3048 3292 λῃστὴν
3072 3220 3168 3273 καὶ
3190 3222 3298 3273 τῶν
3343 3218 3630 3289 ἀχράντων

339 3310 669 3382 μυστηρίων
698 3312 917 3378 ἀνάξιον
941 3329 955 3343 ο
988 3314 1076 3383 ἐφ’
1101 3307 1182 3376 οἷς
1216 3314 1494 3383 θυμωθεὶς
1522 3317 1551 3368 ό
1579 3314 1884 3379 Βασίλειος,
1910 3315 1973 3367 ἐκ
2020 3313 2240 3382 Ῥώμης
2269 3312 2611 3375 ἐπισκόπους
2650 3310 2829 3364 ἐλθεῖν
2856 3310 3263 3380 παρεσκεύασε,
3304 3310 3471 3379 τόμον
3502 3310 3630 3361 ἐπι-

335 3403 679 3470 φερομένους
702 3402 797 3455 τοῦ
833 3403 1017 3467 πάπα,
1043 3404 1139 3457 καὶ
1166 3405 1265 3460 τοῦ
1296 3403 1703 3477 πατριαρχικοῦ
1733 3403 1930 3476 θρόνου
1956 3401 2148 3457 τοῦτον
2177 3402 2475 3474 ἐξώθησεν,
2519 3405 2782 3474 Ἰγνάτιον
2812 3402 2872 3457 δὲ
2921 3402 3014 3456 τὸν
3057 3404 3115 3455 ἐν
3146 3402 3326 3469 ἁγίοις
3357 3400 3634 3471 πατριαροι

334 3509 442 3561 χην
467 3493 887 3563 προεχειρίσατο
908 3496 969 3547 τὸ
1000 3496 1275 3568 δεύτερον.
1312 3497 1554 3567 Utroque
1583 3496 1879 3551 llamartoli
1903 3496 1926 3549 1η

2053 3496 2229 3551 utitur
2259 3495 2503 3551 Zonaras
2529 3513 2639 3561 xvt,
2666 3499 2719 3563 7,
2752 3498 2817 3552 8:
2851 3506 2906 3553 et
2934 3498 3179 3552 secundo
3205 3496 3425 3566 quidem
3457 3508 3632 3564 prope

337 3586 409 3640 ad
438 3584 697 3639 litteram.
762 3584 875 3642 Hac
934 3605 1068 3643 vero
1105 3607 1281 3661 super
1326 3607 1384 3645 re
1409 3589 1636 3660 legenda
1660 3599 1745 3644 est
1774 3587 1953 3644 Photii
1979 3588 2209 3659 epistola
2238 3589 2303 3645 97
2338 3590 2507 3659 (nunc
2542 3590 2663 3643 libri
2698 3606 2740 3655 ι,
2772 3590 2885 3659 l6},
2914 3605 3037 3659 qua:
3064 3600 3148 3644 est
3166 3589 3345 3660 gravis
3370 3588 3636 3641 adversus

339 3682 603 3737 Basilium
634 3681 1005 3750 expostulatio
1068 3684 1136 3738 ab
1159 3684 1358 3739 exsilio
1398 3685 1587 3739 missa.
1614 3683 1863 3751 Denique
1899 3698 2120 3749 moneo,
2156 3683 2325 3738 alium
2357 3698 2479 3738 esse
2495 3682 2754 3738 Photium
2783 3683 3118 3738 monachum
3154 3682 3452 3746 melodum,
3479 3683 3639 3750 etijus

340 3777 539 3847 exigua
576 3776 811 3847 στιχηρὰ
850 3785 981 3831 sunt
1010 3775 1066 3829 in
1101 3777 1294 3831 codice
1326 3775 1590 3831 Vaticano
1611 3774 1738 3841 216,
1764 3792 1820 3846 p.
1849 3775 1901 3839 6,
1936 3784 1991 3831 et
2014 3775 2071 3832 in
2106 3775 2356 3832 Palatino
2408 3778 2532 3844 158,
2564 3793 2618 3848 p.
2677 3779 2799 3834 6-8.
2838 3780 3009 3834 Porro
3049 3780 3138 3833 ille
3184 3780 3326 3833 πάνυ
3352 3796 3637 3849 nunquam

343 3869 451 3924 fuit
476 3869 782 3923 monachus
825 3887 839 3924 :
881 3869 984 3924 etsi
1031 3869 1287 3939 juvenem
1321 3885 1382 3924 se
1416 3885 1447 3924 a
1480 3869 1783 3924 monastica
1806 3869 1916 3923 vita
1940 3885 2052 3924 non
2080 3868 2250 3925 fuisse
2270 3870 2536 3936 alienum,
2564 3871 2661 3927 sed
2690 3872 2839 3927 curis
2865 3873 3216 3927 saecularibus
3255 3875 3636 3944 pra-peditum,

348 3970 546 4017 narrat
603 3962 835 4017 Pbotius
858 3962 913 4017 in
961 3963 1195 4034 epistola
1224 3964 1291 4020 ad
1346 3963 1645 4035 syncellum
1684 3961 2109 4030 Antiochenum,
2146 3979 2311 4034 quam
2346 3972 2402 4019 el
2452 3963 2638 4020 Graece
2696 3965 2900 4020 editam
2941 3966 3075 4031 seio,
3104 3975 3161 4021 et
3202 3981 3302 4037 ego
3354 3967 3407 4021 in
3456 3979 3643 4025 vetere

344 4055 539 4109 codice
570 4056 691 4127 lego
716 4056 816 4127 (7).

417 4146 563 4200 Olim
617 4147 672 4202 in
702 4146 1023 4218 praefatione
1051 4147 1181 4203 torni
1207 4147 1372 4218 primi
1404 4144 1747 4217 Scriptorum
1782 4156 1920 4213 vet.,
1952 4148 2045 4203 ubi
2069 4147 2139 4203 de
2178 4146 2400 4203 ineditis
2437 4147 2619 4203 Pbotii
2673 4149 2893 4219 scriptis
2922 4148 3179 4218 disserui,
3215 4152 3348 4207 odas
3392 4153 3641 4223 ejusdem

351 4245 462 4290 tres
499 4236 951 4304 commemoravi,
991 4252 1021 4291 a
1061 4251 1149 4291 me
1184 4238 1239 4290 in
1273 4236 1666 4291 Barberiniano
1694 4237 1883 4293 codice
1911 4238 2265 4304 observatas;
2297 4254 2531 4308 quarum
2569 4240 2625 4295 in
2655 4242 2838 4311 priore
2871 4242 3040 4297 Deum
3075 4245 3373 4315 alloquitur
3406 4247 3642 4302 Basilius

354 4332 574 4386 Macedo
603 4332 902 4401 imperator
934 4346 951 4398 ;
1001 4330 1059 4386 in
1102 4330 1273 4385 altera
1302 4329 1563 4385 Basilium
1600 4330 1779 4400 ipsum
1824 4331 1960 4402 imp.
1994 4332 2295 4402 alloquitur
2315 4333 2558 4389 Ecclesia
2584 4351 2599 4400 ;
2629 4335 2681 4389 in
2717 4335 2875 4391 tertia
2903 4338 3122 4392 demum
3153 4338 3467 4408 imperfecta
3498 4339 3643 4394 idem

351 4423 585 4480 Basilius
606 4424 737 4495 imp.
769 4423 1042 4479 laudatur.
1074 4423 1155 4478 En
1188 4430 1373 4477 autem
1405 4422 1506 4478 has
1538 4422 1762 4478 demum
1793 4424 1926 4480 odas
1957 4438 1990 4480 a
2025 4424 2098 4481 cl.
2125 4424 2244 4481 viro
2286 4424 2347 4481 P.
2375 4424 2655 4498 Matranga
2684 4429 2985 4501 exscriptas
3013 4431 3273 4488 exhibeo.

1961 4578 2027 4636 ll.

747 4718 974 4774 Φωτίου
1006 4716 1375 4789 πατριάρχου
1402 4715 1590 4787 ὕμνος
1633 4715 1703 4769 ἐκ
1749 4714 2078 4785 προσώπου
2109 4718 2445 4774 Βασιλείου
2477 4720 2811 4778 δεσπότου.
2840 4754 2912 4765 -
2932 4719 3129 4795 Ἦχος
3158 4732 3228 4779 α’.

1512 4828 1672 4903 (Aug.
1699 4825 1803 4884 In
1842 4826 2034 4899 Spicil.
2074 4831 2230 4888 Rom.
2253 4831 2348 4901 IX,
2390 4834 2543 4907 759.)

790 4948 924 5003 Ἀπὸ
955 4948 1182 5021 χειλέων
1211 4947 1380 5020 ὕμνον
2488 4951 2660 5016 Βάθος
2697 4970 2791 5006 σου
2821 4954 2921 5023 τῆς
2953 4954 3165 5023 σοφίας,

717 5040 1023 5114 Προσφέρω
1048 5058 1129 5095 σοι
1149 5040 1228 5111 τῷ
1257 5040 1490 5111 κτίστῃ,
2411 5046 2712 5117 Κριμὰτων
2736 5045 2833 5109 τὰς
2854 5046 3129 5110 ἀϐύσσους

728 5137 865 5191 Ἀπὸ
893 5136 1124 5209 καρδίας
1150 5135 1349 5207 βάθους
2414 5139 2512 5203 Τίς
2538 5137 2695 5207 λόγος
2728 5137 3042 5209 ἐξυμνήσει,

717 5231 811 5287 Σοὶ
839 5230 997 5297 δόξαν
1023 5231 1360 5302 ἀναπέμπω.
2414 5232 2661 5286 Δέσποτα
2683 5234 2794 5287 τῶν
2821 5236 3113 5302 ἀπάντωνς

978 5348 1158 5404 Photii
1191 5346 1516 5418 patriarcha:
1552 5346 1777 5416 hymnus
1810 5347 1865 5400 in
1896 5361 2118 5416 persona
2142 5343 2334 5401 Basilii
2363 5347 2725 5417 imperatoris.
2752 5381 2824 5391 —-
2849 5350 2957 5407 Ode
2982 5350 3031 5405 1.

438 5460 712 5534 Hymnum
741 5476 772 5517 e
802 5462 958 5517 labiis
986 5461 1054 5516 ad
1081 5471 1132 5515 te
1159 5459 1335 5532 dirigo
1360 5459 1706 5524 Creatorem,
1736 5474 1767 5514 e
1797 5457 1984 5515 cordis
2007 5459 2388 5529 penetralibus
2415 5461 2512 5518 tibi
2541 5462 2760 5519 laudem
2790 5466 3001 5521 emitto.

442 5557 742 5630 Sapientiae
773 5566 877 5613 tua:
906 5557 1261 5628 profundum,
1294 5554 1629 5628 iudiciorum
1659 5555 1883 5628 abyssos
1899 5553 2024 5626 quis
2044 5570 2229 5613 sermo
2253 5557 2597 5629 prmdicabit,
2635 5560 3019 5621 universorum
3056 5566 3329 5627 nomine?

1910 5691 2145 5753 NOTAE.

444 5808 526 5885 (7)
549 5811 704 5868 Conl'.
751 5813 815 5867 ad
844 5811 1165 5882 Amphiicch
1194 5852 1206 5865 .
1241 5810 1358 5865 H50.
