4032 6432
1816 335 2183 399 CARMINA.

787 450 1138 523 Φιλάνθρωπε
1160 450 1334 523 οίκτίρ
1344 468 1463 522 μον,
1973 458 2019 513 Α

714 545 817 597 Ἦν
844 542 1051 607 ἔδωκας
1079 544 1303 614 εἰρήνην

706 636 833 699 Τοῖς
873 634 1036 696 θείοις
1067 633 1409 698 ἀποστόλοις,

702 728 991 797 Παράσχου
1022 727 1098 797 τῷ
1120 725 1235 797 λαῷ
1267 743 1382 779 σου.

771 821 965 890 Χάριν,
994 820 1060 889 ἢν
1095 818 1408 887 ὲπηγγείλω

704 912 812 965 Τοῦ
854 911 1168 981 [Ινεύματος
1192 910 1471 982 παρέξειν,

708 990 1106 1072 Κατάπεμψον,
1133 996 1177 1056 ὧ
1206 1003 1459 1073 Πλάστης

718 1098 1002 1152 Ἀπὰντων
1032 1098 1126 1151 καὶ
1158 1096 1457 1167 Δεσπότης.

772 1190 933 1260 Ψυχῇ
966 1188 1011 1243 ὣ
1044 1189 1109 1243 ἂν
1146 1189 1244 1259 μιᾷ
1281 1204 1341 1241 σε
1404 1171 1425 1181 ’
2394 1191 2490 1241 Ὃν
2519 1189 2725 1252 ἔδωκας
2749 1189 2875 1243 λαόν
2911 1207 3000 1260 μοι

708 1284 822 1337 Καὶ
848 1282 1051 1352 γνώσει
1085 1282 1179 1336 καὶ
1211 1280 1409 1354 καρδίᾳ
2362 1282 2441 1353 Τῇ
2476 1280 2625 1352 δεξιᾷ
2652 1299 2744 1334 σου
2777 1282 2953 1351 ἄγοις.

410 1401 513 1467 Qui
540 1400 789 1453 homines
812 1412 962 1453 amas
992 1404 1048 1451 et
1077 1398 1377 1461 misereris,
1412 1413 1577 1469 quam
1602 1397 1799 1453 dedisti
1836 1412 2025 1468 pacem
2049 1396 2251 1453 divinis
2279 1396 2561 1467 apostolis,
2590 1396 2791 1466 populo
2827 1404 2921 1451 tuo
2967 1406 3187 1465 prmsta.

399 1492 676 1556 .Gratiam,
705 1506 866 1560 quam
897 1490 1168 1560 pollicitus
1188 1505 1248 1546 es
1278 1491 1518 1561 Spiritus
1543 1501 1596 1546 te
1625 1489 2023 1561 prmstiturum,
2054 1490 2262 1556 emitte,
2293 1505 2324 1545 ο
2350 1490 2576 1543 Greater
2603 1490 2849 1542 omnium
2887 1496 2941 1542 et
2971 1490 3314 1545 Dominator.

411 1583 607 1637 Anima
636 1593 696 1636 ut
730 1598 857 1647 una,
884 1591 938 1637 et
966 1583 1284 1653 cognitione
1314 1592 1369 1637 et
1402 1584 1566 1638 corde
1596 1592 1860 1654 perpetuo
1890 1593 1942 1638 te
1972 1584 2278 1649 laudemus,
2311 1583 2559 1637 divinum
2591 1582 2833 1637 concede
2854 1598 3108 1653 regnum.

408 1679 513 1745 Qui
544 1680 799 1734 universa
831 1680 993 1751 regis,
1022 1696 1145 1750 qua:
1176 1695 1393 1735 sursum
1421 1690 1477 1736 et
1510 1681 1766 1735 deorsum
1791 1690 1939 1746 sunt,
1967 1680 2019 1734 in
2057 1690 2108 1735 te
2138 1695 2291 1751 Spem
2327 1680 2473 1734 nosti
2509 1694 2725 1734 omnem
2758 1686 2816 1731 ut
2845 1678 3146 1747 posuerim.

410 1769 493 1822 Tu
520 1785 671 1839 ergo,
700 1779 757 1823 ut
786 1770 1032 1825 oumium
1067 1771 1314 1835 Greater,
1346 1771 1490 1827 Deus
1515 1781 1570 1826 et
1603 1771 1718 1825 Rex
1750 1786 1925 1836 meus,
1951 1786 2115 1840 quem
2143 1770 2339 1825 dedisti
2363 1769 2493 1824 mihi
2527 1768 2791 1840 p0pulum
2835 1770 3054 1821 dextera
3090 1777 3180 1821 tua
3203 1768 3424 1839 dirigas.

2412 454 2729 520 ’Λπαύστως
2769 456 3101 527 εὐλογοῦμεν

2388 544 2500 615 Τὴν
2526 545 2673 599 Θείαν
2704 545 3006 615 βασιλείαν.

2470 634 2527 689 Ὀ
2563 635 2783 688 πάντων
2818 635 3118 706 βασιλεύων

2391 727 2511 779 Τῶν
2532 727 2643 780 ἄνω
2666 729 2760 780 καὶ
2795 728 2904 781 τῶν
2932 729 3106 795 κάτω,

2386 818 2483 880 Εἰς
2518 818 2576 871 σὲ
2606 819 2788 873 πᾶσαν
2822 820 3012 874 ἐλπίδα

2386 905 2547 974 Οἶδας
2576 911 2649 974 ῶς
2679 912 2976 984 ἀνεθέμην.

2462 1005 2535 1057 Σὺ
2564 1004 2657 1057 οῦν
2682 1006 2757 1069 ὡς
2782 1006 3025 1077 Κτίστης
3054 1006 3277 1061 πάντων

2385 1095 2517 1158 Θεὸς
2548 1097 2642 1149 καὶ
2670 1095 2937 1159 Βασιλεύς
2972 1114 3075 1166 μου

3521 344 3556 408 5

3592 344 3627 406 2

338 1927 453 1983 Τοῦ
526 1930 716 1985 αὐτοῦ
763 1930 954 2001 ὕμνος
1009 1932 1079 1987 ἐκ
1138 1931 1469 2002 προσώπου
1510 1932 1623 2005 τῆς
1682 1932 2056 2024 Ἐκειέησίας
2095 1934 2181 2003 εις
2236 1933 2564 1989 Βασίλειον
2606 1929 2715 1985 τὸν
2774 1932 3173 2001 φιλόχριστον
3213 1927 3503 1993 βασιλέα.
3541 1952 3614 1968 --

1809 2006 1973 2074 Ηχος
2005 2011 2083 2059 α’.

772 2112 1212 2187 ’Ᾱκουτισθῶμεν
1241 2115 1443 2180 πάντες
1582 2116 1587 2119 ’
1955 2129 1995 2184 Β

688 2205 801 2275 Τῆς
829 2207 1098 2279 βασιλίδος
1129 2209 1367 2281 νύμφης,

695 2303 935 2373 Χριστοῦ
963 2304 1063 2373 τῆς
1108 2304 1458 2373 Ἐκκλησίας,

687 2395 982 2458 Μυστικῶς
1010 2395 1383 2467 ὑπαρχούσης.

761 2486 965 2558 Βουλὴν
1008 2488 1271 2558 Ὑψίστου
1309 2490 1491 2559 μένειν

688 2581 781 2643 Εἰς
806 2581 899 2635 τὸν
931 2580 1104 2633 αἰῶνα
1129 2580 1327 2649 γνῶτε,

688 2674 891 2737 Βουλὰς
918 2674 975 2727 δὲ
1007 2674 1114 2725 τῶν
1149 2671 1455 2743 ἀνθρώπων

688 2768 761 2819 Τὸ
785 2766 1003 2836 βέϐαιον
1038 2766 1138 2817 οὐκ
1176 2764 1344 2834 ἔχειν.

756 2856 926 2909 Γενεὰ
957 2856 1235 2907 ἐπαινέσει

684 2950 794 3021 Τὴν
825 2949 923 3021 σὴν
957 2948 1244 3019 μεγαλωσύ
1253 2965 1369 3019 νην,

685 3044 795 3096 Kal.
814 3042 976 3111 γενεὰ
1003 3042 1224 3112 λαλήσει

685 3135 803 3187 Σῶν
832 3135 1006 3204 ἔργων
1030 3134 1127 3196 τὰς
1151 3132 1430 3201 δυνάμεις.

756 3226 941 3289 Διδοῦς
977 3225 1461 3295 συντετριμμένοις

689 3320 960 3391 Βραχίονα
993 3321 1085 3372 καὶ
1109 3320 1330 3390 κράτος,

691 3416 802 3468 Καὶ
834 3414 1131 3467 κατασπῶν
1157 3413 1346 3481 ἐδάφει

698 3506 899 3575 Ὀφρὺν
931 3504 1027 3573 τὴν
1052 3504 1391 3575 ἐπηρμένην.

765 3595 1027 3665 Ἐξάρχου
1061 3596 1159 3664 τῆς
1188 3594 1412 3664 χορείας

684 3688 849 3741 Δαϐίδ
868 3704 882 3717 ·
912 3688 995 3751 τίς
1022 3688 1335 3757 ἐξαγγέλλει

678 3779 789 3843 Τὰς
819 3780 1157 3845 δυναστείας,
1188 3779 1334 3850 ᾄδων

683 3873 793 3937 Τὴν
818 3874 1026 3926 αἴνεσιν
1054 3874 1260 3944 Κυρίου
1280 3889 1297 3941 ;

747 3968 994 4038 Ζήτησον
1019 3967 1290 4040 μελῳδούς
1317 3985 1413 4021 σου

679 4057 1005 4128 Συνκρούειν
1029 4060 1128 4130 τὴν
1153 4059 1403 4131 κινύραν·

687 4151 902 4221 Ἡμέρα
930 4152 1122 4223 ἑορτῆς
1149 4152 1259 4223 γὰρ

685 4242 957 4315 ’Υπὰρχει
986 4243 1080 4297 τοῦ
1109 4244 1408 4300 Δεσπότου.

761 4334 826 4388 Ἦ
858 4336 991 4404 πρὶν
1016 4334 1361 4405 ἁλγυνομένη

664 4426 755 4498 Τῷ
779 4427 1096 4499 σπαραγμῷ
1127 4426 1234 4481 τῶν
1257 4428 1486 4490 τέκνων,

2385 2118 2509 2189 Τὴν»
2520 2116 2716 2172 ἕνωσιν
2745 2117 2842 2189 τὴν
2869 2117 3074 2170 τούτων

2380 2209 2629 2281 Φαιδρῶς
2661 2210 3039 2281 πανηγυρίζω.

2445 2303 2765 2374 Θυγατέρες
2794 2303 3079 2375 παρθένοι,

2376 2394 2658 2458 Νεάνιδες.
2692 2397 2749 2448 ὲν
2782 2397 2918 2465 οἴκῳ

2380 2491 2661 2559 Ζητὴσατε
2701 2489 2937 2561 ᾀδούσας

2378 2580 2487 2633 Τοῦ
2511 2582 2731 2634 πάντων
2763 2580 3050 2651 βασιλέως.

2461 2672 2590 2726 Ἰδού
2626 2690 2693 2739 με
2720 2673 2912 2743 ὥσπερ
2942 2671 3102 2725 ἄλλον

2372 2763 2615 2836 υὺρανὸν
2645 2762 3064 2834 ὲξαστράπτειν,

2386 2858 2513 2921 Τοῖς
2539 2856 2773 2927 ἀστράσι
2802 2858 2913 2918 τοῖς
2944 2854 3156 2917 τέκνοις

2370 2949 2667 3005 Καλλύνων
2692 2950 2719 3000 ὁ
2740 2947 3039 3018 Δεσπότης.

2450 3044 2815 3098 Κατάπαυσον
2844 3040 2935 3094 τὸν
2970 3040 3160 3107 κόπον,

2382 3134 2595 3207 Ἦνίοχε
2630 3135 2867 3205 ἡμέρας

2380 3230 2678 3283 ’Λνέτειλεν
2703 3230 2813 3299 γὰρ
2841 3228 3001 3291 ἄλλος

2371 3321 2561 3399 Ἥλιος
2598 3325 2677 3386 εἰς
2701 3321 2791 3375 τὸν
2818 3323 3043 3391 κόσμον.

2437 3414 2645 3483 Δύχνον
2674 3414 2766 3466 τὸν
2798 3413 2939 3466 θεῖον
2980 3414 3150 3466 πᾶσιν

1916 3474 1981 3538 ιθ
2388 3505 2474 3559 Ἐν
2506 3474 2660 3576 μέσῳ
2692 3506 2790 3573 τῆς
2818 3504 3039 3575 λυχνίας

2372 3598 2640 3667 ὐρῶντες
2670 3597 3057 3669 δᾳδουχοῦντα,

2365 3691 2507 3754 Aab;
2537 3690 2672 3743 Θεοῦ
2705 3692 3024 3762 εὐφραίνου.

2433 3780 2842 3852 Μεγαλύνωμεν
2868 3780 3011 3853 ἅμα,

2362 3875 2678 3945 Λὶνέσωμεν
2703 3874 2958 3944 βοῶντες.

2369 3967 2434 4021 Ἦ
2462 3967 2746 4030 ἀλλοίωσις
2772 3966 2913 4039 αὕτη

2366 4060 2527 4126 Δεξιὰ
2551 4060 2644 4115 τοῦ
2680 4059 2957 4130 Ὑψίστου.

2431 4150 2538 4203 Ναὶ
2564 4150 2651 4221 δὴ.
2682 4152 2777 4204 καὶ
2801 4151 3066 4222 βασιλέως

2360 4242 2588 4315 Κεφαλῇ
2612 4245 2677 4315 τῇ
2708 4245 2842 4316 ἁγίᾳ

2362 4335 2470 4389 Τοῦ
2501 4335 2660 4404 λόγου
2690 4335 2750 4403 ἐξ
2773 4335 2981 4392 ἀνθέων

2358 4429 2522 4497 Διάδη
2532 4445 2609 4499 μα
2638 4427 2946 4485 πλεκέσθω.

622 4540 871 4611 Ejusdem
891 4544 1113 4615 hymnus
1136 4544 1193 4597 in
1221 4560 1443 4612 persona
1476 4543 1719 4600 Ecclesiae
1751 4545 1805 4599 in
1828 4545 2089 4601 Basiliam
2115 4545 2311 4603 Christi
2342 4548 2572 4601 amicum
2604 4548 2996 4617 imperatorem.
3018 4579 3090 4590 —-
3110 4548 3219 4607 Ode
3240 4549 3288 4604 1.

382 4664 685 4720 Audiamus
706 4682 899 4722 omnes
928 4669 1130 4741 regiam
1162 4686 1441 4740 sponsam,
1469 4669 1675 4725 Christi
1699 4669 2022 4736 Ecclesiam,
2057 4672 2292 4743 mystice
2324 4670 2704 4726 exsistentem.

382 4756 685 4812 Consilium
709 4758 976 4815 Altissimi
1006 4764 1059 4816 in
1094 4772 1359 4817 :eternum
1388 4780 1611 4819 manere
1640 4765 1857 4831 scitote,
1891 4765 2123 4820 consilia
2152 4773 2334 4819 autem
2364 4764 2649 4819 hominum
2672 4762 2983 4818 ﬁrmitatem
3011 4778 3123 4817 non
3156 4761 3379 4816 habere.

383 4850 682 4907 Generatio
711 4852 958 4908 laudabit
982 4862 1127 4908 tuam
1160 4856 1615 4926 magnitudinem,
1651 4867 1707 4913 et
1734 4858 2018 4929 generatio
2048 4857 2302 4926 loquetur
2322 4872 2551 4927 operum
2578 4865 2796 4912 tuorum
2829 4856 3079 4911 virtutes.

381 4941 589 4995 Dedisti
615 4941 700 4996 his
734 4944 824 5013 qui
855 4944 1073 4998 COIllrili
1109 4956 1237 5001 sunt
1266 4946 1553 5002 brachium
1585 4956 1637 5003 et
1669 4949 1995 5018 potentiam,
2025 4958 2081 5004 et
2109 4949 2179 5003 ad
2213 4948 2388 5003 solum
2423 4947 2674 5019 deiecisti
2700 4949 2794 5018 qui
2820 4945 3056 5001 frontem
3086 4945 3439 5001 extollebant.

378 5039 717 5109 Principium
744 5056 804 5096 es
827 5040 1045 5096 Davidis
1070 5044 1264 5100 cantici
1289 5063 1305 5113 ;
1334 5045 1456 5114 quis
1485 5046 1801 5115 praedicabit
1824 5047 2120 5117 potentias,
2153 5061 2360 5100 canens
2388 5045 2604 5101 Domini
2626 5043 2886 5101 laudem?

377 5135 573 5197 Quaere
607 5134 848 5190 musicos
872 5136 967 5189 tibi
994 5136 1232 5207 ciuyram
1258 5138 1558 5207 pulsantes,
1592 5139 1712 5195 dies
1737 5140 1885 5196 enim
1910 5140 2085 5196 festus
2112 5139 2477 5196 Dominatoris
2506 5139 2705 5211 agitur.

376 5230 510 5289 Qua:
539 5236 699 5280 antea
737 5235 900 5296 rupta
927 5238 1045 5282 erat
1077 5229 1391 5283 turbatione
1420 5230 1684 5297 ﬁliorum,
1708 5246 1901 5286 eorum
1932 5246 2084 5286 nunc
2113 5232 2465 5287 concordiam
2499 5231 2751 5285 lzetauter
2784 5230 3139 5285 concelebro.

376 5317 582 5372 Puella:
608 5320 872 5391 virgines,
895 5321 1150 5388 juvenes,
1184 5321 1240 5375 in
1273 5323 1438 5379 domo
1467 5324 1696 5394 quaerite
1718 5341 1839 5395 quae
1870 5333 2071 5379 canant
2097 5326 2480 5381 universorum
2510 5324 2735 5396 Regem.

374 5411 522 5466 Ecce
552 5426 661 5474 me,
700 5421 760 5465 ut
788 5413 953 5467 alium
986 5416 1185 5469 ccelum
1216 5417 1586 5485 splendidam,
1620 5418 1744 5471 filiis
1769 5425 1828 5471 ut
1852 5418 2019 5473 astris
2050 5418 2273 5474 decorat
2296 5418 2613 5490 imperator.

375 5504 612 5569 Quiesce
636 5520 667 5559 a
699 5505 906 5572 labore,
930 5508 1114 5578 auriga
1136 5509 1263 5571 diei,
1298 5519 1452 5564 ortus
1479 5520 1565 5565 est
1593 5512 1739 5566 enim
1768 5512 1848 5565 sol
1881 5512 2019 5567 alius
2048 5511 2103 5566 in
2132 5512 2420 5567 mundum.

375 5596 579 5650 Lucem
610 5597 851 5652 divinam
876 5602 1133 5655 omnibus
1168 5602 1435 5672 lampadis
1465 5604 1523 5658 in
1551 5605 1732 5660 medio
1763 5606 2078 5661 illucentem
2113 5616 2425 5671 cernentes,
2450 5605 2544 5660 Dei
2579 5606 2799 5676 popule,
2832 5607 3082 5677 gaudete.

374 5690 789 5763 Magniﬁcemus
817 5694 1000 5761 simul,
1024 5695 1314 5751 laudemus
1343 5699 1707 5755 acclamantes
1743 5717 1756 5753 :
1782 5700 1911 5755 Haec
1951 5699 2183 5754 mutatio
2211 5708 2296 5753 est
2326 5699 2564 5755 dextera:
2588 5699 2818 5758 Excelsi.

372 5783 453 5837 Ita
489 5784 732 5857 quidem,
765 5793 818 5841 et
849 5786 1192 5860 imperatoris
1222 5798 1412 5846 sancto
1443 5790 1607 5862 capiti
1649 5807 1679 5849 e
1708 5806 2021 5850 sermonum
2054 5790 2279 5847 ﬂoribus
2305 5789 2558 5847 diadema
2585 5796 2931 5849 contexatur.
