4032 6458
443 291 559 393 ⁵587
1591 326 1853 386 PHOTII
1892 321 2397 385 PATRIARCHKE
2452 323 2558 383 cr.
3616 302 3719 387 588

457 424 788 495 ostendisset
886 426 949 492 ac
1002 426 1230 492 multum
1279 424 1517 505 undique
1572 435 1845 505 Specimen
1903 433 2031 487 dile-

2143 430 2396 501 ἀληθινὸν
2446 424 2609 484 Θεὸν
2638 426 2797 501 ἡμῶν
2828 426 3264 500 ἐπιδεδειγμένος
3318 428 3575 496 πίστεως,
3623 433 3715 484 καὶ

456 530 656 585 ctionis
698 528 754 583 in
804 543 929 583 cum
980 528 1220 583 dedisset
1255 541 1270 579 :
1305 530 1459 595 quasi
1493 526 1808 580 coronidcm
1853 540 2031 579 rerum

2140 523 2344 593 πολλὴν
2370 524 2704 592 πανταχόθεν
2733 524 2831 592 τὴν
2856 524 3052 593 πεῖραν
3076 522 3174 591 τῆς
3204 522 3285 584 είς
3313 520 3475 575 αὐτὸν
3498 521 3721 594 ἀγάπης

458 621 715 690 praeclare
762 621 829 674 ab
874 634 943 673 eo
977 628 1248 690 gestarum
1286 628 1343 670 et
1385 626 1728 686 peractarum
1775 615 2031 685 pascendi

2140 617 2406 680 δεδωκὼς,
2433 614 2620 685 ὥσπερ
2647 616 2769 668 τινὰ
2817 613 3085 685 κορωνίδα
3139 612 3250 667 τῶν
3283 612 3520 684 πρόσθεν
3567 613 3721 683 αῦτῷ

458 711 820 765 ministerium
866 709 1177 780 dignatione
1221 708 1463 778 magistri
1511 706 1773 778 suscepit.
1804 707 1872 761 Et
1907 721 2039 761 vero

457 819 617 858 servo
670 803 784 857 scio
845 801 1102 855 concredi
1176 800 1474 866 talentum,
1518 814 1752 868 cumque
1816 808 2041 867 propter

459 908 639 947 meum
678 892 974 946 Dominicze
1017 890 1321 946 severitatis
1347 890 1733 955 occultantem,
1761 903 1862 943 nec
1892 889 2039 944 unde

444 983 560 1037 sibi
606 981 753 1051 quod
788 981 1054 1036 creditum
1102 988 1252 1042 erat,
1283 980 1543 1035 excidens
1585 980 1937 1049 diriperetur,
1974 994 2040 1033 ac

457 1082 746 1143 propterea
800 1072 1066 1126 talentum
1113 1080 1169 1126 et
1206 1072 1299 1140 qui
1343 1070 1572 1126 dederat
1614 1070 2037 1141 multiplicatum

456 1184 564 1222 non
598 1166 850 1231 reddidit,
874 1166 1139 1220 rationem
1173 1166 1242 1221 ab
1268 1180 1333 1221 eo
1363 1166 1595 1235 reposci,
1622 1180 1857 1237 eumque
1897 1166 2036 1237 ignis

455 1276 519 1315 ac
535 1260 797 1332 gehennae
814 1258 1320 1314 condemnationem
1339 1258 1542 1313 subire.

528 1527 730 1582 Verum
759 1542 858 1582 cur
885 1526 1006 1582 haec
1038 1541 1069 1579 a
1093 1540 1182 1579 me
1204 1524 1537 1588 scribuntur,
1561 1530 1617 1578 et
1638 1521 1818 1594 gliscit
1856 1521 2032 1587 dolor,

457 1630 513 1675 et
559 1619 808 1673 molestia
855 1617 1180 1679 intenditur,
1238 1621 1292 1669 et
1347 1613 1581 1668 turbatio
1636 1610 2033 1683 investigatur?

458 1710 593 1765 Nam
618 1708 877 1763 memoria
899 1723 1081 1762 rerum
1103 1705 1384 1760 anxiarum
1412 1704 1614 1759 malum
1642 1702 1825 1760 acrius
1849 1702 2032 1767 eﬂicit,

2140 705 2322 766 καλῶς
2368 703 2775 774 πεπραγμένων
2811 721 2871 757 τε
2900 705 2996 758 καὶ
3023 704 3418 773 διηνυσμένων,
3467 701 3569 773 τὴν
3599 720 3724 757 ποι-

2145 796 2412 866 μαντικὴν
2458 800 2595 865 πρὸς
2643 794 2739 847 τοῦ
2777 794 3101 849 διδασκάλου
3140 792 3356 863 ἠξιοῦτο
3379 792 3723 863 λειτουργίαν

2142 884 2522 950 ἀναδέξασθαι.
2564 884 2723 939 Ἀλλὰ
2751 884 2855 955 μὴν
2871 884 2967 938 καὶ
2985 884 3169 938 δοῦλον
3191 880 3308 938 οῖδα
3324 883 3725 938 καταπιστευό-

2149 994 2306 1047 μενον
2334 975 2596 1030 τάλαντον
2618 1015 2634 1042 ,
2689 976 2783 1029 καὶ
2815 976 2883 1028 δι’
2927 975 3217 1030 εὐλάϐειαν
3251 976 3351 1047 τῆς
3381 975 3724 1044 Δεσποτικῆς

2139 1069 2440 1140 αὐστηρίας
2471 1067 2943 1137 κατακρύπτοντα,
2972 1068 3058 1121 ἴνα
3084 1066 3326 1137 μήποθεν
3351 1066 3499 1136 αὐτῷ
3525 1067 3586 1118 τὸ
3614 1068 3722 1136 έμ-

2140 1162 2426 1214 πιστευθὲν
2455 1161 2712 1214 διαπεσδν
2738 1162 3085 1230 ἀνάρπαστον
3115 1160 3340 1229 γένηται
3359 1200 3375 1223 ,
3405 1160 3500 1213 καὶ
3528 1161 3610 1212 ὅτι
3639 1157 3721 1230 μὴ

2137 1254 2197 1306 τὸ
2228 1252 2490 1307 τάλαντον
2525 1252 2602 1321 τῷ
2646 1252 2897 1305 δεδωκότι
2957 1251 3382 1324 πλειπηριὰσας
3434 1249 3721 1305 ἀπέδωκεν

2142 1342 2375 1406 εὐθύνας
2399 1344 2884 1413 είσπραττόμενον,
2940 1341 3035 1396 καὶ
3068 1341 3179 1414 πῦρ
3228 1342 3319 1395 καὶ
3364 1342 3590 1410 γέενναν
3616 1343 3723 1410 τὴν

2142 1435 2438 1505 καταδίκην
2469 1433 2856 1505 ὑφιστάμενον.

2224 1526 2383 1581 Ἀλλά
2408 1526 2461 1580 τί
2485 1524 2654 1579 ταῦτά
2678 1542 2767 1597 μοι
2787 1525 3087 1598 γράφεται,
3099 1526 3194 1580 καὶ
3217 1525 3279 1579 τὸ
3305 1526 3529 1597 ἄλγημα
3555 1526 3724 1592 αὔξε-

2134 1639 2244 1686 ται,
2278 1622 2373 1675 καὶ
2400 1620 2462 1673 τὸ
2483 1620 2725 1692 λυπηρδν
2763 1621 3111 1685 ἐπιτείνεται,
3142 1620 3236 1673 καὶ
3256 1619 3315 1673 τὸ
3329 1619 3570 1690 διοχλοῦν
3615 1623 3719 1674 ἀν·-

2141 1714 2448 1783 ιχνεύεται;
2481 1714 2669 1784 μνήμη
2695 1712 2804 1782 γὰρ
2832 1712 2942 1765 τῶν
2971 1710 3210 1781 ἀνιαρῶν
3234 1709 3487 1782 ὀξύτερον
3515 1710 3578 1764 τὸ
3606 1710 3715 1763 πά-

457 1818 524 1860 ac
554 1802 827 1858 sublevari
864 1816 974 1855 non
1004 1799 1133 1855 sinit
1177 1813 1490 1852 maerorem.
1517 1796 1585 1850 At
1616 1795 1764 1851 enim
1793 1796 1932 1850 banc
1964 1795 2031 1851 oh

2139 1806 2229 1868 θος
2257 1783 2649 1874 ἀπεργάζεται,
2671 1804 2765 1857 καὶ
2793 1802 3143 1871 κουφίζεσθαι
3177 1802 3277 1872 τὴν
3309 1801 3582 1874 ρᾳθυμίαν
3612 1801 3717 1855 οὐκ

459 1910 677 1951 causam
721 1909 909 1949 eorum
944 1908 1066 1962 quae
1104 1891 1423 1947 acciderunt
1469 1891 1726 1961 tragoedia
1771 1889 1925 1960 quasi
1975 1890 2029 1944 in

458 2003 623 2043 scena
654 1996 775 2043 acta
804 1995 907 2053 est,
945 1993 1006 2039 ut
1044 1983 1239 2038 vestris
1278 1981 1639 2046 orationibus,
1665 1979 1855 2035 nescio
1893 1995 2033 2050 quo-

459 2078 621 2133 modo
651 2076 917 2132 creditum
956 2074 1115 2129 nobis
1156 2088 1372 2146 gregem
1405 2073 1629 2142 pulchre
1665 2073 1914 2128 videntes
1946 2071 2031 2143 agi

457 2179 513 2225 et
556 2167 846 2239 gubernari
879 2165 1206 2221 olIicicntem
1255 2163 1414 2218 nobis
1456 2162 1785 2218 diilicultatis
1827 2162 2029 2217 nubem

457 2257 832 2321 discutiamus,
864 2263 920 2310 et
944 2254 1155 2310 inertiae
1189 2253 1474 2325 caliginem
1504 2251 1847 2324 eﬂ‘ugiamus.
1869 2253 2032 2311 Novit

456 2350 626 2413 enim,
658 2348 813 2404 novit
843 2346 1193 2418 gubernatori
1225 2345 1466 2401 secundo
1500 2356 1666 2402 vento
1705 2347 1875 2402 navis
1902 2363 2029 2402 cur-

458 2454 608 2505 rens,
646 2454 712 2494 ac
742 2437 966 2511 egregie
982 2437 1369 2511 gubernaculis
1388 2449 1533 2492 recta
1556 2438 1795 2492 laetitiam
1815 2436 2027 2503 aﬂ‘erre,

456 2541 515 2587 et
551 2531 803 2587 Ecclesia:
831 2541 1005 2587 cretus
1031 2531 1250 2602 pietate,
1278 2530 1681 2600 virtutibusque
1723 2531 2032 2585 exuberans

459 2623 774 2695 pr.efectum
795 2632 849 2678 et
869 2633 1141 2694 pastorem
1164 2622 1378 2678 adicere
1398 2623 1696 2693 voluptate,
1721 2630 1777 2677 et
1794 2620 2027 2688 efficere,

458 2727 521 2773 ut
574 2718 799 2774 incerta;
855 2719 1075 2783 mentis,
1136 2718 1443 2789 inopiaque
1510 2717 1724 2775 consilii
1773 2716 2029 2773 nebulam

444 2808 760 2879 «abstergat.

528 3061 711 3133 Nuper
762 3062 945 3133 itaque
988 3078 1111 3118 cum
1160 3063 1227 3128 is,
1284 3065 1368 3120 cui
1420 3075 1546 3119 ante
1585 3082 1685 3122 nos
1729 3070 2031 3126 sacerdotio

456 3150 609 3223 fungi
657 3152 944 3221 obtigerat,
990 3167 1058 3206 eo
1105 3154 1313 3208 honore
1346 3155 1574 3211 abiisset
1611 3175 1624 3208 :
1661 3160 1849 3215 nescio
1891 3178 2030 3232 quo-
2059 3135 2101 3193 (δ

459 3241 627 3296 modo
657 3241 871 3312 impulsi
918 3258 1111 3314 magna
1166 3261 1255 3299 me
1299 3246 1349 3300 vi
1380 3247 1783 3317 aggrediuntur,
1832 3262 1886 3306 et
1940 3254 2035 3323 qui

457 3333 824 3387 censebantur
856 3333 910 3387 in
943 3334 1110 3398 clero,
1140 3346 1196 3391 et
1232 3341 1616 3410 episcoporum
1658 3345 2037 3415 metmpolita-

448 3434 1015 3493 cnorutnlconventus,
1069 3436 1125 3481 et
1152 3438 1279 3484 ante
1310 3431 1430 3497 hos,
1468 3448 1702 3503 cumque
1733 3434 1800 3490 iis
1828 3436 2036 3505 pietate

445 3524 722 3586 praestans
760 3514 1144 3587 Christumque
1165 3519 1394 3592 diligens
1420 3522 1732 3593 imperator,
1758 3526 1814 3579 in
1842 3542 2035 3583 omnes

456 3605 676 3674 quidem
710 3604 977 3676 benignus
1008 3617 1063 3662 et
1084 3623 1273 3678 aequus
1295 3620 1351 3666 et
1383 3611 1668 3673 humanus
1689 3616 1838 3686 (quid
1864 3618 2036 3673 enim?

454 3711 648 3750 verum
683 3694 974 3753 dicendum
998 3715 1107 3755 non
1135 3702 1293 3773 est?)
1336 3718 1441 3760 nec
1485 3720 1814 3777 quemquam
1841 3724 2031 3766 eorum

455 3789 546 3857 qni
569 3798 699 3844 ante
735 3789 911 3860 ipsum
934 3791 1275 3864 imperarunt
1300 3797 1555 3867 aequitate
1570 3814 1756 3869 parem
1787 3802 2030 3871 habens;

450 3876 590 3931 mihi
609 3893 739 3933 vero
764 3887 878 3934 tum
893 3881 1225 3939 inhumanus
1243 3885 1460 3955 quidem
1482 3887 1633 3943 visus
1656 3903 1721 3944 ac
1740 3889 2029 3958 violentus,

456 3969 859 4040 admodumque
888 3971 1282 4031 formidandus.
1313 3977 1365 4032 ls
1406 3978 1553 4033 enim
1584 3995 1692 4035 una
1722 3996 1847 4037 cum
1878 3998 2031 4038 com-

456 4073 757 4116 memorato
799 4064 1142 4119 sacerdotum
1182 4074 1327 4121 coetu
1366 4068 1502 4123 nihil
1540 4071 1852 4128 remittebat
1879 4073 1948 4128 de
1977 4073 2031 4128 vi

455 4160 511 4204 et
539 4150 895 4233 impressione
929 4155 1064 4209 mihi
1096 4156 1381 4225 facienda,
1421 4161 1517 4215 sed
1550 4163 1904 4230 quamobrem
1941 4180 2030 4229 me

452 4240 781 4297 dimissurus
808 4259 910 4299 non
943 4255 1108 4313 esset,
1136 4248 1486 4306 excusatione
1514 4252 1768 4308 utebatur
1795 4270 2029 4311 consen-

456 4334 642 4390 tien‘tis
711 4336 1053 4391 sacerdotum
1121 4339 1418 4395 voluntatis
1470 4353 1527 4399 et
1575 4346 1778 4415 studii;
1860 4363 2029 4419 seque

2140 1895 2432 1949 ἐνδίδωσιν.
2478 1894 2639 1949 Ἀλλὰ
2657 1894 2764 1965 γὰρ
2793 1893 2995 1963 ταύτης
3035 1894 3199 1948 ἓνεκα
3243 1893 3346 1964 τῆς
3377 1894 3559 1957 αἰτίας
3603 1893 3716 1947 τῶν

2139 1986 2561 2057 συμϐεϐηκότων
2603 1987 2637 2055 ἡ
2690 1985 2967 2055 τραγῳδία
3004 1984 3500 2056 διεσκηνοποίηται,
3541 1984 3619 2048 ὡς
3643 1984 3716 2038 ἂν

2137 2080 2257 2138 ταῖς
2290 2076 2580 2147 ὑμετέραις
2606 2077 2794 2146 εὐχαῖς
2825 2075 2907 2140 τὸ,
2929 2077 3028 2129 οὐκ
3052 2071 3148 2129 οἵδ’
3189 2076 3336 2140 ὅπως
3375 2076 3571 2138 εἰπεῖν,
3605 2076 3713 2145 ιμ-

2139 2169 2426 2222 πιστευθὲν
2458 2170 2589 2238 ἡμῖν
2623 2167 2875 2237 ποίμνιον
2904 2166 3083 2232 καλῶς
3112 2166 3345 2239 ὁρῶντες
3367 2166 3714 2237 ποδηγούμεο

2138 2262 2227 2317 νόν
2256 2279 2317 2316 τε
2347 2262 2443 2316 καὶ
2470 2244 2905 2333 κυϐερνώμενον,
2941 2261 3001 2315 τὸ
3021 2259 3388 2331 ἐπιπροσθοῦν
3431 2261 3565 2331 ἡμῖν
3610 2258 3715 2331 τῆς

2140 2354 2448 2423 ἀμηχανίας
2491 2354 2653 2423 νέφος
2709 2351 3251 2422 ἀποπευασώμεθα,
3291 2351 3387 2405 καὶ
3415 2351 3515 2423 τὴν
3540 2350 3713 2421 ἀχλὺν

2136 2443 2237 2513 τῆς
2270 2444 2538 2515 ῥᾳθυμίας
2565 2445 2998 2515 ὑπεκφύγοιμεν.
3018 2439 3155 2498 *Οίδε
3174 2445 3305 2515 γὰρ,
3347 2438 3456 2497 οῐδε
3484 2443 3578 2496 καὶ
3606 2459 3713 2496 κυ-

2138 2535 2376 2605 ϐερνήτῃ
2406 2535 2584 2598 καλῶς
2612 2537 2672 2588 τὸ
2706 2536 2912 2606 σκάφος
2940 2533 3331 2607 οὐριοδρομοῦν
3374 2550 3435 2588 τε
3467 2534 3563 2588 καὶ
3601 2551 3712 2605 πη-

2136 2625 2586 2694 δαλιουχούμενον
2617 2625 2881 2695 εὐθυμίας
2907 2625 3271 2680 καθίστασθαι
3301 2627 3580 2696 πρόξενον,
3613 2625 3711 2678 καὶ

2135 2717 2197 2772 τὸ
2226 2717 2326 2789 τῆς
2371 2717 2696 2788 Ἐκκλησίας
2741 2717 3017 2789 πλήρωμα
3060 2718 3310 2789 εὐσεϐείᾳ
3348 2718 3446 2773 καὶ
3485 2718 3711 2788 ἀρεταῖς

2135 2809 2529 2882 εὐθηνούμενον
2555 2812 2646 2865 τὸν
2670 2811 3007 2882 ἐφεστηκότα
3044 2811 3137 2865 καὶ
3179 2812 3437 2883 κριθέντα
3480 2809 3708 2880 ποιμαί-

2136 2917 2267 2969 νειν,
2297 2902 2609 2974 εὐφραίνειν
2639 2920 2719 2968 τε,
2749 2904 2843 2956 καὶ
2866 2903 2929 2955 τὸ
2953 2903 3049 2973 τῆς
3080 2904 3389 2974 ἀμηχανίας
3410 2902 3709 2974 ὁμιχλῶδες

2136 2992 2577 3060 παρασκευάζειν
2606 2991 3031 3064 ἀποτρίψασθαι.

2172 3083 2329 3153 Ἀρτι
2354 3082 2643 3153 τοιγαροῦν
2664 3082 2755 3134 τοῦ
2791 3082 2898 3152 πρὸ
2928 3082 3084 3153 ἡμῶν
3108 3083 3406 3155 ἱερατεύειν
3430 3082 3706 3155 λαχόντος,

2132 3172 2231 3241 τῆς
2262 3173 2519 3243 τοιαύτης
2552 3171 2936 3237 ὐπεξελθὸντος
2960 3173 3139 3239 ἀξίας,
3170 3174 3271 3227 οὐκ
3312 3169 3408 3228 οἶδ’
3434 3174 3583 3238 ὅπως
3615 3176 3709 3245 ὀρ-

2135 3263 2400 3335 μηθέντες
2429 3263 2760 3318 ἐπιτίθενται
2807 3281 2896 3335 μοι
2941 3266 3239 3341 κραταιῷς,
3276 3266 3390 3321 ὅσοι
3432 3284 3492 3322 τε
3520 3268 3708 3339 κλήρῳ

2133 3352 2545 3423 κατειλεγμένοι
2569 3355 2884 3426 ἐτύγχανον,
2915 3356 3009 3408 καὶ
3040 3354 3149 3408 τῶν
3190 3357 3505 3411 ἐπισκόπων
3526 3375 3585 3411 τε
3612 3362 3711 3414 καὶ

2137 3442 2548 3513 μητροπολιτῶν
2571 3444 2630 3498 τὸ
2664 3445 2958 3515 ἄθροισμα,
2995 3445 3091 3497 καὶ
3120 3446 3228 3515 πρό
3257 3462 3322 3515 γε
3363 3447 3569 3502 τούτων
3611 3429 3708 3502 καί

2136 3531 2233 3584 σὺν
2275 3532 2461 3595 αὐτοῖς
2501 3536 2530 3587 6
2557 3533 2885 3604 φιλευσεϐὴς
2929 3536 3022 3589 καὶ
3060 3536 3405 3605 φιλόχριστος
3453 3536 3710 3606 βασιλεὺς

2133 3627 2267 3679 πᾶσι
2293 3627 2390 3694 μὲν
2415 3626 2645 3696 χρηστὸς
2676 3627 2751 3679 ὢν
2773 3629 2863 3679 καὶ
2885 3630 3155 3703 ἐπιεικὴς,
3179 3630 3275 3684 καὶ
3302 3615 3705 3702 φιλάνθρωπος,

2134 3718 2306 3786 κα“ι(τί
2334 3719 2443 3788 γὰρ
2474 3719 2533 3770 οὐ
2570 3719 2676 3791 χρὴ
2705 3720 2881 3789 λέγειν
2912 3722 3144 3793 τάληθές
3163 3723 3203 3790 ;)
3233 3724 3343 3778 οὐδ’
3369 3725 3507 3794 ἔχων
3528 3725 3706 3781 ἄλλων

2132 3808 2242 3863 τῶν
2273 3809 2377 3881 πρὸ
2399 3809 2565 3863 αὐτοῦ
2590 3811 3053 3881 βεϐασιλευκότων
3099 3819 3164 3887 τῇ
3186 3817 3461 3889 ἐπιεικείᾳ
3491 3818 3706 3886 ὲξισούτ

2134 3915 2317 3969 μενον,
2350 3900 2475 3970 ἐμοὶ
2499 3900 2543 3953 δ’
2571 3901 2986 3971 ἀφιλάνθρωπός
3012 3922 3095 3970 τις
3123 3907 3300 3961 ἐδόκει
3338 3909 3483 3973 τότε,
3529 3908 3703 3980 βίαιός

2129 4008 2211 4054 τε,
2242 3992 2338 4044 καὶ
2363 3991 2483 4044 λίαν
2519 3992 2767 4064 φοϐερός.
2787 3995 2920 4048 Οὐδὲ
2949 3997 3081 4069 γὰρ,
3102 3980 3223 4052 οὐδὲ
3252 4000 3450 4070 μικρὸν
3475 3995 3544 4072 ἦν
3566 3999 3702 4054 ενδι-

2128 4081 2254 4146 δοὺς
2297 4082 2397 4154 τῆς
2443 4082 2562 4153 ἅμα
2591 4085 2757 4139 παντὶ
2793 4086 2871 4157 τῷ
2910 4089 3295 4161 προειρημένῳ
3350 4090 3459 4145 τῶν
3510 4091 3701 4162 ίερέων

2131 4170 2458 4243 πληρώματι
2476 4173 2796 4240 ἐπιθέσεως.
2840 4177 2979 4231 Ἀλλ’
3000 4179 3029 4230 6
3053 4180 3153 4250 μὲν
3192 4181 3466 4252 πρόφασιν
3496 4182 3589 4236 τοῦ
3624 4182 3699 4255 μὴ

2132 4264 2390 4335 μεθήσειν
2410 4267 2645 4321 ἐποιεῖτο
2669 4268 2767 4339 τὴν
2818 4269 3103 4341 ὁμόψηφον
3134 4272 3244 4326 τῶν
3293 4274 3484 4345 ἱερέων
3525 4275 3699 4347 ὁρμὴν

2128 4358 2225 4412 καὶ
2249 4358 2506 4430 σπουδὴν,
2534 4361 2629 4414 καὶ
2657 4363 2733 4425 ὡς
2759 4363 2861 4417 οὐκ
2889 4364 2956 4418 ἂν
2981 4364 3198 4419 δύναιτο
3239 4367 3335 4421 καὶ
3378 4368 3698 4439 βουλόμενος

443 4425 617 4481 etiam
640 4427 686 4482 si
723 4429 905 4494 vellet,
941 4445 1051 4484 non
1076 4446 1238 4501 posse
1279 4434 1611 4503 postulatum
1643 4452 1824 4492 meum
1861 4439 2028 4509 perii-

2135 4450 2410 4506 ὲκτελέσαι
2441 4425 2547 4524 τὴν
2582 4456 2819 4525 αῖτησιν.
2877 4454 3003 4520 Τοῖς
3054 4458 3101 4512 δ’
3131 4459 3257 4513 ἐπεὶ
3307 4425 3445 4516 πολὺ

453 4533 598 4574 cere.
662 4521 745 4575 Ad
803 4522 1117 4578 sacerdotes
1177 4531 1359 4579 autem
1419 4541 1484 4580 ac
1526 4537 1783 4584 caeterum
1818 4531 2022 4586 clerum

2135 4540 2464 4609 συνείλεκτο,
2489 4521 2597 4598 οὐδ’
2619 4546 2670 4599 οί
2695 4521 2798 4618 τῆς
2820 4549 3219 4620 παρακλήσεως
3244 4550 3401 4620 ἡμῶν
3422 4552 3573 4622 λόγοι
3592 4521 3696 4607 ita;

453 4615 702 4682 (magnus
748 4613 894 4667 enim
936 4630 1199 4671 numerus
1241 4621 1592 4690 convenerat)
1648 4636 1716 4676 ne
1763 4622 2019 4693 obsecra:

453 4703 618 4758 tionis
662 4704 882 4774 quidem
926 4722 1062 4762 meae
1112 4710 1275 4764 verba
1321 4711 1467 4767 clare
1508 4713 1903 4783 perveniebant
1935 4733 1949 4769 :
1979 4717 2024 4771 si

434 4797 650 4865 quibus
688 4812 820 4854 vero
853 4816 918 4855 ea
963 4802 1310 4869 incidebant,
1341 4820 1454 4859 non
1498 4807 1870 4878 recipiebant;
1903 4826 2024 4865 cum

454 4887 556 4941 hoc
607 4905 775 4945 unum
819 4894 1159 4973 etmeditati
1192 4905 1398 4963 essent,
1435 4904 1491 4951 et
1536 4898 1718 4954 dicere
1757 4900 2023 4956 instituis-

453 4990 593 5064 sent,
621 4998 706 5036 me
734 4974 1063 5042 omnino'vel
1091 4988 1367 5045 nolentem
1392 4989 1496 5044 hoc
1522 4990 1859 5061 praefectum
1886 5009 2026 5049 onus

451 5071 728 5139 suscipere
761 5085 1031 5144 oportere.

2133 4628 2316 4701 θαρῶς
2352 4633 2534 4698 αὐτοῖς
2586 4637 3009 4707 προσεφέροντο.
3049 4634 3145 4702 Οἷς
3173 4638 3220 4692 δ’
3259 4640 3328 4694 ἂν
3382 4640 3479 4695 καὶ
3530 4658 3701 4713 προσ-

2126 4721 2377 4789 έπιπτον,
2407 4725 2470 4778 οὐ
2497 4726 2803 4796 προσίεντο.
2827 4729 2924 4781 Ἓν
2948 4729 3011 4801 δὴ
3035 4730 3191 4784 τοῦτο
3219 4732 3316 4785 καὶ
3344 4734 3695 4805 μελετήσασι,

2125 4814 2220 4866 καί
2244 4813 2423 4883 λέγειν
2452 4815 2840 4888 ὲξασκήσασιν,
2868 4818 2931 4872 τὺ
2962 4820 3070 4875 δεῖν
3099 4822 3199 4892 ἐμὲ
3244 4823 3463 4888 πάντως
3491 4831 3588 4879 καὶ
3622 4829 3695 4900 μὴ

2127 4904 2448 4979 βουλόμενον
2468 4910 2529 4963 τὸ
2560 4913 2784 4983 φορτίον
2810 4915 2910 4984 τῆς
2931 4916 3255 4980 ἐπιστασίας
3290 4920 3471 4975 αὐτῶν
3508 4922 3695 4977 ἀναδέ-

2126 4998 2337 5064 ξασθαι.
2382 5001 2535 5054 Ἐπεὶ
2562 5002 2621 5055 δέ
2647 5020 2737 5073 μοι
2764 5006 3098 5075 πανταχόθεν
3120 5009 3177 5061 αἱ
3214 5009 3324 5063 ὁδοὶ
3351 5012 3462 5065 τῶν
3494 5014 3553 5067 ἐν
3585 5016 3697 5076 τοῖς

2127 5090 2304 5159 λόγοις
2332 5094 2729 5164 παρακλήσεων
2753 5095 3179 5166 ἀπεφράττοντο,
3210 5103 3494 5174 προεπήδα
3517 5105 3584 5159 τὰ
3604 5105 3696 5158 δά-

450 5176 617 5268 κρυα,
653 5162 804 5268 καλή
855 5167 952 5235 τῆς
998 5169 1232 5268 ἀπορίας
1263 5170 1544 5268 ἀχλὺς
1578 5172 1789 5229 ἔνδοθεν
1846 5178 2022 5232 πάντα
2060 5182 2398 5252 πληρώσασα
2420 5162 2523 5254 τῆς
2559 5162 2919 5257 συγχύσεως,
2968 5192 3065 5244 καὶ
3132 5162 3328 5265 μέχρις
3384 5162 3566 5252 αὐτῶν
3631 5215 3695 5268 γε
3730 5188 3735 5193 ’

448 5251 558 5304 τῶν
592 5251 856 5322 ὀμμάτων
894 5260 1282 5330 προσαράξασά
1316 5266 1398 5327 είς
1436 5262 1648 5336 ῥεῖθρον
1694 5271 2141 5338 μετεσκευάζετο.
2176 5251 2186 5252 7
2482 5251 2492 5254 ⁷
2854 5251 2863 5252 7
2892 5251 2902 5255 '
2948 5302 2957 5307 -

496 5343 819 5431 ’Postquam
849 5365 980 5405 vero
1020 5366 1210 5411 omnes
1254 5357 1388 5412 mihi
1432 5360 1535 5415 viae
1581 5376 1806 5431 precum
1842 5363 2024 5419 verbis

449 5435 823 5494 faciendarum
851 5443 1145 5500 obstructa:
1166 5459 1322 5513 sunt;
1360 5452 1715 5521 prosiliebant
1749 5455 2018 5526 lacrymze,

449 5541 512 5581 ac
538 5527 934 5598 desperationis
965 5534 1137 5604 caligo
1176 5542 1523 5601 cum,omnia
1587 5524 2020 5603 interiora—con;

453 5617 669 5677 fusione
701 5621 999 5693 implesset,
1019 5636 1072 5680 et
1103 5627 1157 5680 in
1181 5627 1297 5698 ipso
1313 5646 1485 5701 usque
1502 5636 1687 5691 oculos
1711 5639 2014 5709 irrupisset,

2198 5368 2307 5421 Kal.
2336 5368 2446 5441 γὰρ
2474 5369 2693 5439 ἐφάπαξ
2721 5372 2749 5424 6
2775 5371 3034 5444 λογισμὸς
3061 5378 3158 5446 τῆς
3179 5378 3245 5433 ἐκ
3263 5378 3439 5450 λόγων
3465 5384 3697 5457 ἀπειρη-

2124 5457 2234 5521 κὼς
2262 5460 2533 5530 σωτηρίας
2558 5463 2637 5523 είς
2674 5464 2954 5534 ἱκετηρίαν
2980 5467 3079 5537 τὴν
3105 5469 3267 5537 φύσιν
3297 5474 3486 5546 αὐτὴν,
3514 5478 3607 5529 καὶ
3629 5479 3695 5532 τά

2121 5551 2332 5621 δάκρυα
2370 5553 2756 5623 προύϐάλλετο,
2789 5557 3043 5628 βοηθείας
3065 5561 3208 5625 τινὸς
3243 5564 3340 5617 καὶ⁸
3374 5568 3698 5640 ἐπικουρίας

2121 5642 2186 5695 δι’
2217 5643 2396 5696 αὐτῶν
2424 5644 2651 5708 ἐλπίσας
2675 5653 2877 5717 τυχεῖν,
2904 5653 2953 5704 εί
2992 5655 3087 5705 καὶ
3124 5655 3415 5729 διεψεύσθη
3445 5661 3540 5713 τοῦ
3568 5662 3694 5731 βου-

450 5709 507 5762 in
558 5710 737 5766 rivum
804 5715 1135 5771 mutabatur.
1193 5716 1326 5774 Nam
1389 5723 1645 5795 cogitatio
1704 5728 2014 5799 (desperata

2742 5709 2774 5717 ..
2864 5709 2874 5713 -
3219 5709 3231 5724 .
3292 5709 3297 5710 κ
3358 5709 3415 5729 ρ,
3460 5709 3657 5731 ---Γπ

2135 5738 2373 5807 πήματος.
2411 5739 2532 5793 Οὐδ’
2571 5740 2712 5794 οὕτω
2750 5743 2858 5812 γὰρ
2889 5746 3098 5814 ἀνῆκαν
3142 5750 3191 5802 οἱ
3225 5749 3557 5823 βιαζόμενοι,
3594 5756 3701 5826 Pi.
