4032 6424
308 356 416 419 589
1489 352 2033 418 EPIS'I‘OLARUM
2074 354 2306 415 LIBER
2340 354 2391 414 Ι.
3455 359 3559 421 590

309 487 435 541 χρις
459 470 528 523 ἂν
554 470 692 542 ὅπερ
720 467 845 541 ἐμοὶ
871 468 969 540 μὲν
1004 468 1323 539 ἀῦοὑλητον,
1375 469 1605 532 ἐκείνοις
1660 469 1714 522 δὲ
1748 470 1879 539 ὅπερ

1989 470 2159 524 semel
2204 468 2378 523 salute
2421 466 2600 523 verbis
2642 467 3046 538 consequenda)
3097 478 3345 525 naturam
3390 470 3561 540 ipsam

305 556 377 630 ἦν
405 560 574 633 εὑχῆς
603 562 764 633 ἔργον
794 560 1183 631 διεπέπρακτο.
1239 560 1351 614 Καὶ
1393 558 1542 613 οὕτω
1594 560 1779 614 λοιπὸν
1806 562 1879 624 είς

1993 559 2059 612 ad
2083 557 2531 627 supplicationem
2560 565 2616 611 et
2636 557 2898 628 lacrymas
2917 558 3209 623 excitabat,
3231 561 3319 614 his
3337 576 3564 631 sperans

310 651 514 722 μέσους
542 656 671 717 τοὺς
695 653 976 725 θορύϐους,
1007 649 1091 717 οἷς
1138 655 1169 707 ὁ
1198 653 1375 706 πάντα
1423 652 1578 713 εἰδὼς
1622 653 1879 725 κρίμασιν

1991 649 2253 703 auxilium
2292 656 2348 703 et
2390 663 2546 718 opem
2589 648 2830 703 nancisci
2866 664 2926 703 se
2964 664 3144 719 posse,
3184 651 3431 719 quamvis
3466 668 3564 707 vo-

307 736 625 811 ὲπίστατάι,
673 746 1015 817 διακαρτερῶ
1074 744 1490 815 καθιστάμενος,
1519 743 1678 811 ἀλλὰ,
1718 744 1879 815 Δρυὸς

1994 742 2203 797 luntate
2247 756 2311 795 ac
2343 740 2622 811 proposito
2654 755 2755 796 suo
2802 741 3089 796 deciderit.
3124 741 3236 798 Nec
3285 744 3434 799 enim
3482 744 3564 800 sic

308 834 415 905 μὲν
448 836 569 901 ἅλις
591 877 606 903 ,
639 837 895 909 εὔκαιρον
924 839 1100 891 είπείν
1127 837 1228 908 τὴν
1251 836 1570 907 παροιμίαν.

1994 832 2323 887 remiserunt
2371 846 2449 896 se,
2497 832 2586 901 qui
2642 833 2749 886 vim
2808 832 3323 905 faciebant;quoad
3374 846 3564 892 contra

307 928 647 984 voluntatem
696 945 871 983 meam
900 971 914 996 ,
961 930 1177 983 illorum
1233 942 1363 983 vero
1408 943 1473 983 ex
1503 928 1771 982 sententia
1805 941 1893 981 res
1932 924 2175 996 perfecta
2213 936 2317 978 εει.
2359 924 2447 979 Sic
2481 926 2535 979 in
2566 927 2759 981 mediis
2789 926 2857 980 de
2897 937 3095 981 caetero
3123 930 3465 994 tumultibus,
3500 931 3567 987 iis

299 1022 546 1106 iudieiis,
575 1038 694 1091 quae
720 1024 819 1077 scit
847 1022 941 1092 qui
967 1022 1118 1076 novit
1142 1021 1348 1083 omnia,
1373 1021 1667 1075 toleranter
1699 1021 1855 1090 dego,
1881 1019 1976 1074 sed
1994 1018 2128 1074 satis
2160 1033 2412 1087 quaerens
2464 1021 2842 1089 tempestivum
2869 1030 2953 1075 est
2977 1021 3159 1076 dicere
3192 1025 3561 1092 proverbium.

394 1113 551 1166 Ἐπεὶ
582 1113 637 1164 δὲ
694 1113 883 1166 πασῶν
915 1113 1111 1183 ἀρίστη
1160 1110 1469 1182 κοινωνίαὴ
1497 1110 1754 1164 κοινωνία
1786 1111 1887 1179 τῆς

305 1200 544 1262 πίστεως
577 1199 674 1252 καὶ
697 1200 793 1269 τῆς
819 1200 1052 1269 ἀληθοῦς
1081 1199 1321 1268 ἀγάπης,
1343 1198 1498 1251 τοῦτο
1520 1198 1583 1269 δὴ
1611 1197 1671 1250 τὸ
1696 1196 1885 1249 αἰτιώ-

302 1311 492 1357 τατον,
526 1293 603 1355 ὡς
631 1292 699 1346 ἂν
725 1293 816 1347 τὸν
839 1296 975 1365 πρὸς
996 1292 1094 1365 τὴν
1124 1293 1395 1364 ὑμετέραν
1432 1294 1691 1367 ὁσιότητα
1712 1291 1883 1346 καθα-

305 1385 403 1454 ρόν
428 1402 489 1437 τι
518 1385 612 1436 καὶ
634 1384 1002 1439 ἀδιάσπαστον
1027 1385 1223 1456 δεσμὸν
1264 1384 1647 1456 ἐργασώμεθά,
1684 1386 1885 1454 χρῆναι

303 1478 404 1530 καὶ
426 1477 495 1529 τὰ
512 1476 611 1544 τῆς
638 1477 793 1546 ἡμῶν
823 1478 916 1531 καὶ
970 1478 1125 1547 ὑμῶν
1178 1478 1415 1541 πίστεως
1451 1478 1527 1539 ὠς
1567 1479 1624 1529 ὲν
1660 1476 1882 1546 βραχέσι

302 1567 759 1639 στηλογραφῆσαι
782 1566 1175 1639 διεγνώκαμεν,
1198 1568 1446 1622 ἐντεῦθεν
1471 1568 1569 1631 τάς
1602 1585 1661 1621 τε
1693 1568 1723 1619 ὑ
1732 1568 1883 1638 μετόν

308 1678 414 1730 ρας
447 1660 611 1730 εὑχάς
636 1658 965 1730 θερμότερον
990 1659 1384 1729 ἐπισπώμενοι,
1426 1661 1521 1714 καὶ
1546 1660 1645 1730 τὴν
1678 1660 1881 1731 ἡμετέ-

301 1766 412 1822 ραν
436 1750 573 1821 πρὸς
600 1749 745 1821 ὑμᾶς
770 1749 1008 1804 διάθεσιν
1038 1750 1496 1814 ἀναπτύσσοντες.

2065 1109 2332 1175 Quoniam
2390 1124 2522 1164 vero
2575 1110 2816 1165 omnium
2866 1112 3067 1182 Optima
3105 1122 3186 1167 est
3238 1114 3362 1170 ﬁdei
3411 1132 3566 1171 com-

1994 1203 2203 1269 munio,
2231 1203 2572 1272 maximaque
2594 1204 2837 1257 onmium
2863 1220 3024 1261 causa
3052 1221 3193 1261 vera:
3216 1207 3559 1266 dilectionis:

1993 1304 2055 1349 ut
2101 1294 2154 1348 id
2201 1309 2325 1347 cum
2363 1303 2542 1348 vestra
2595 1295 2884 1350 sanctitate
2917 1312 3111 1366 purum
3165 1306 3222 1353 et
3273 1298 3565 1357 insolubile

1990 1386 2266 1440 vinculum
2284 1385 2544 1440 faciamus
2565 1404 2579 1440 :
2598 1387 2911 1442 censuimus
2934 1398 3197 1457 nostram,
3215 1401 3564 1463 vestramque

1990 1479 2150 1533 ﬁdem
2203 1479 2438 1534 breviter
2481 1488 2735 1550 tanquam
2789 1481 2842 1534 in
2897 1483 3147 1538 columna
3196 1485 3562 1540 scribendam.

1990 1570 2120 1625 lnde
2181 1572 2453 1627 orationes
2519 1582 2731 1629 vestras
2790 1574 3087 1639 fervidius,
3148 1579 3563 1648 promptiusque

1987 1662 2347 1728 attrahentes,
2364 1670 2723 1733 nostrumque
2739 1663 2793 1717 in
2808 1679 2905 1720 vos
2932 1665 3185 1721 allectum
3203 1668 3557 1737 explicantes.

378 1841 629 1895 Πιστεύω
648 1842 937 1913 τοιγαροῦν
967 1843 1047 1905 είς
1078 1842 1172 1897 ἕνα
1221 1843 1375 1907 Θεὸν,
1410 1844 1637 1907 τέλειον,
1685 1844 1879 1898 τελειο-

2057 1837 2232 1893 Credo
2263 1840 2424 1910 igitur
2454 1840 2506 1894 in
2556 1857 2723 1895 unum
2761 1841 2927 1897 Deum
2948 1885 2963 1909 ,
2995 1844 3317 1913 perfectum,
3340 1855 3396 1901 et
3430 1861 3558 1916 per-

306 1933 465 1985 ποιὸν
490 1932 733 2003 Πατέρα,
774 1932 926 2000 Υἰὺν,
985 1933 1082 1986 καὶ
1111 1932 1334 2004 Πνεῦμα
1372 1934 1548 2002 ἅγιον,
1572 1935 1634 1987 οὑ
1658 1934 1886 1989 κατατέ-

308 2042 462 2095 μνων
490 2027 556 2097 τῇ
587 2025 696 2078 τῶν
728 2025 1076 2080 ὑποστάσεων
1106 2026 1411 2097 ἑτερότητι,
1436 2029 1529 2079 καὶ
1567 2028 1665 2097 τὴν
1722 2028 1885 2096 φύσιν

304 2117 693 2189 (ἐκτεμνέσθω
739 2116 848 2187 γὰρ
908 2119 941 2187 ἡ
1007 2116 1217 2186 ’Δρείου
1250 2119 1577 2188 κατατομὴ),
1639 2119 1774 2173 ἀλλά
1814 2122 1881 2191 τῇ

304 2209 605 2279 ταυτότητι
643 2210 743 2279 τῆς
790 2209 1006 2279 φύσεως
1036 2212 1137 2281 τὴν
1169 2212 1279 2266 τῶν
1308 2212 1660 2266 ὑποστάσεων
1696 2213 1882 2282 διαφο-

306 2298 416 2368 ρὰν
446 2296 679 2362 δοξάζω.
715 2299 1149 2370 Συναναιρείσθω
1200 2301 1310 2373 γὰρ
1354 2302 1749 2372 παραπλησίως
1790 2304 1883 2357 καὶ

304 2392 345 2460 ἡ
374 2390 469 2443 τοῦ
499 2389 789 2443 Σαϐελλίου
822 2393 1151 2461 συναίρεσις.
1169 2393 1374 2464 Τριάδα
1402 2394 1704 2462 παναγίαν,
1742 2411 1880 2448 παν-

305 2482 561 2553 τουργὸν,
619 2483 1048 2555 παντοδύναμον,
1138 2486 1475 2555 συνάναρχον
1551 2489 1652 2557 μὲν
1711 2487 1881 2555 αὐτὴν

305 2576 504 2645 ἑαυτῇ,
557 2574 633 2638 ὡς
688 2575 947 2646 χρονικῆς
996 2575 1216 2645 ἁπάσης
1256 2577 1430 2648 ἀρχῆς
1477 2577 1877 2649 ὑπεράναρχον,

305 2667 490 2737 ἀρχῆς
514 2666 572 2719 δὲ
603 2665 697 2719 καὶ
726 2666 898 2719 αἰτίου
929 2664 1086 2735 λόγον
1115 2667 1173 2719 ὲν
1208 2667 1342 2738 αὐτῇ
1393 2668 1488 2721 τοῦ
1510 2668 1724 2740 Πατρὸς
1747 2672 1881 2722 ἀνα-

305 2756 672 2828 πληροῦντος.
720 2755 879 2810 Οὕτω
928 2757 1036 2829 γὰρ
1084 2758 1178 2811 καὶ
1228 2757 1329 2827 τῆς
1359 2760 1618 2829 χρονικῆς
1661 2760 1875 2823 ἐννοίας

304 2849 588 2917 όμοτίμως
619 2849 652 2916 ὴ
679 2848 849 2918 Τριάς
875 2846 1388 2919 ὑπεριδρυθήσεται,
1422 2850 1517 2902 καὶ
1555 2850 1656 2920 τῆς
1699 2850 1873 2921 αὑτῆς

303 2940 500 3002 οὐσίας
524 2938 604 3010 τῷ
644 2939 841 3009 Πατρὶ,
892 2938 954 3003 ἐξ
983 2933 1155 3011 οὗπερ
1207 2942 1237 2993 ό
1297 2941 1397 3010 μὲν
1425 2941 1742 3012 ἁρρεὑστως
1786 2943 1881 2995 καὶ

304 3032 572 3104 ἀρρήτως
592 3032 942 3103 γεγέννηται,
963 3032 1024 3086 τὸ
1068 3033 1127 3086 δὲ
1164 3033 1589 3106 ὲκπεπόρευται,
1638 3035 1880 3104 θεολογι-

305 3125 423 3186 κῶς
460 3123 980 3195 ὑμνολογηθήσεται.
1037 3124 1243 3196 Τριάδα
1297 3126 1591 3194 παναγίαν,
1650 3127 1881 3199 ὑπεροὺ-

309 3232 430 3269 σιον
480 3216 690 3279 οὐσίαν,
722 3216 784 3268 τὸ
815 3216 937 3286 μὲν,
972 3217 1054 3271 ὄτι
1102 3217 1284 3287 πάσης
1328 3216 1517 3281 οὐσίας
1562 3218 1879 3289 θεοπρεπῶς

306 3307 786 3379 ὑπραναόἐϐηκε,
836 3308 899 3361 τὸ
931 3308 1010 3375 δὲ,
1043 3310 1127 3361 ὅτι
1160 3310 1296 3362 πᾶσι
1324 3311 1438 3371 τοῖς
1474 3303 1629 3362 οὖσιν
1654 3308 1880 3363 αὐτόθεν

306 3400 345 3470 ὴ
380 3399 585 3469 μετοχὴ
634 3397 730 3451 τοῦ
779 3394 942 3456 εἷναι.
997 3398 1380 3471 ’Υπεράγαθον
1434 3399 1773 3470 ἀγαθότητα,
1819 3399 1880 3453 τὸ

307 3491 435 3562 μὲν,
464 3493 549 3545 ὅτι
576 3491 730 3563 πηγὴ
758 3491 1115 3562 ἀγαθότητος,
1163 3492 1225 3544 τὸ
1258 3492 1337 3557 δὲ,
1385 3491 1467 3544 ὅτι
1504 3492 1618 3554 τοῖς
1655 3490 1880 3560 ἀγαθοῖς

304 3586 521 3638 ἐκεῖθεν
539 3585 601 3639 τὸ
629 3585 1019 3652 ἀγαθὺνεσοαι,
1050 3583 1207 3637 τοῦτο
1240 3585 1375 3654 ἡμῖν
1418 3584 1494 3647 ὼς
1532 3585 1589 3637 ὲν
1622 3581 1880 3654 βραχέσιν

304 3678 344 3747 ἠ
370 3676 473 3744 τῆς
499 3674 623 3729 καθ’
659 3675 806 3746 ἡμᾶς
835 3673 1117 3741 θεολογίας
1139 3672 1465 3743 ἀδιάϐλητος
1494 3670 1879 3743 μυσταγωγία.

380 3859 489 3913 Τὸν
516 3858 573 3912 δὲ
605 3857 736 3911 Υἱὸν
757 3858 851 3911 καὶ
882 3857 1057 3927 Λόγον
1087 3857 1181 3911 τοῦ
1210 3855 1348 3910 Θεοῦ
1402 3856 1497 3909 καὶ
1540 3854 1755 3925 Πατρδς
1794 3853 1880 3906 ἐπ’

308 3952 563 4022 ἐσχάτων
589 3950 696 4005 τῶν
722 3950 944 4022 ἡμερῶν
969 3951 1033 4002 ὲκ
1059 3950 1158 4020 τῆς
1190 3948 1576 4020 Ἀειπαρθὲνου
1601 3947 1693 3999 καὶ
1714 3947 1880 4015 ὑπερ-

306 4043 527 4108 ενδόξου
572 4042 868 4112 Δεσποίνης
905 4041 1063 4112 ἡμῶν
1109 4040 1379 4094 Θεοτόκου
1425 4038 1708 4109 προελθεῖν
1742 4036 1882 4107 μετά

308 4137 517 4207 σαρκὸς
566 4134 967 4206 ὲμψυχωμένης
1025 4133 1171 4204 ψυχῇ
1222 4134 1384 4203 νοερᾷ
1409 4149 1469 4184 τε
1525 4132 1618 4184 καὶ
1664 4131 1877 4200 λογικῇ,

307 4230 560 4282 τουτέστι
579 4226 782 4281 τέλειον
799 4225 1084 4296 ἄνθρωπον
1108 4224 1477 4295 ἀνειληφέναι,
1508 4223 1603 4276 καὶ
1622 4221 1874 4293 ἀληθείᾳ,

307 4322 449 4376 ἀλλὰ
505 4320 581 4391 μὴ
631 4320 775 4373 κατά
829 4319 1158 4389 φαντασίαν,
1195 4318 1256 4370 οὑ
1311 4316 1702 4387 προσωπικῶς,
1758 4315 1881 4369 οὑδί

305 4430 434 4466 τινα
461 4411 570 4466 τῶν
597 4412 716 4465 καθ’
756 4412 962 4466 ἕκαστα
1001 4410 1157 4481 ίδικῷ
1180 4411 1274 4463 καί⁸
1291 4408 1661 4479 ἀφωρισμένῳ
1707 4424 1879 4478 χαρα-

1985 1929 2239 1985 lectionis
2270 1932 2592 1988 efﬁcientem
2626 1933 2860 1999 Patrem,
2894 1946 2949 1990 et
2978 1935 3265 2002 Filium,et
3294 1937 3554 2007 Spiritum

1984 2027 2269 2083 sanctum,
2320 2034 2431 2073 non
2489 2020 2739 2076 dividens
2790 2037 3147 2091 personarum
3207 2025 3558 2082 distinctione

1985 2109 2149 2162 etiam
2196 2118 2445 2164 naturam
2481 2111 2706 2181 (dividat
2733 2113 2879 2168 enim
2920 2114 3064 2168 Arrii
3095 2115 3315 2185 divisio)
3350 2117 3446 2173 sed
3496 2118 3553 2172 in

1984 2200 2271 2257 identitate
2311 2211 2519 2258 natura:
2566 2218 2925 2272 personarum
2974 2205 3337 2261 diﬂ'erentiam
3367 2208 3550 2263 credo.

1984 2292 2228 2348 Tollatur
2252 2296 2397 2349 enim
2435 2296 2640 2366 pariter
2663 2304 2714 2350 et
2739 2295 2954 2351 Sabellii
2978 2300 3297 2355 contractio.
3314 2299 3555 2355 Trinita-

1984 2394 2093 2439 tem
2118 2388 2514 2443 sanctissimam
2538 2390 2781 2444 omnium
2802 2390 3076 2460 Opiﬁccm,
3099 2394 3550 2463 omnipotentem;

1984 2478 2157 2547 ipsam
2187 2479 2409 2533 sibimet
2446 2480 2605 2534 simul
2629 2481 2982 2536 exsistentem
3018 2484 3135 2537 sine
3167 2485 3458 2557 principio,
3494 2495 3555 2543 ut

1982 2583 2145 2623 omne
2172 2569 2469 2639 temporale
2506 2571 2833 2641 principium
2878 2575 3256 2637 excedentem,
3296 2586 3352 2630 et
3393 2576 3555 2632 initio

1982 2667 2281 2725 carentem,
2297 2662 2546 2731 principii
2563 2672 2741 2719 autem
2758 2674 2813 2720 et
2833 2681 3011 2722 causae
3030 2666 3297 2723 rationem
3314 2668 3369 2722 in
3391 2667 3554 2725 Patre

1983 2750 2281 2821 implente:
2307 2753 2386 2809 sie
2414 2754 2559 2809 enim
2590 2764 2645 2810 et
2677 2771 2843 2826 super
2874 2758 3226 2829 temporalem
3265 2760 3552 2831 cogitatio.

1974 2857 2107 2896 nem
2147 2843 2261 2912 pari
2309 2844 2515 2901 honore
2553 2846 2795 2903 Trinitas
2840 2850 3148 2917 stabilitur;
3196 2861 3252 2906 et
3303 2853 3553 2922 ejusdem

1982 2934 2299 2990 substantiae
2344 2950 2467 2991 cum
2518 2936 2699 3006 Patre,
2752 2956 2818 2995 ex
2868 2957 2978 3011 quo
3022 2942 3111 2997 hic
3151 2943 3376 3013 quidem
3431 2944 3555 3000 sine

1980 3024 2217 3082 ﬂuxione
2236 3038 2293 3083 et
2309 3029 2660 3087 ineﬂ‘abiliter
2678 3034 2896 3103 genitus
2922 3043 3022 3096 est.
3048 3035 3138 3090 hic
3158 3051 3288 3092 vero
3309 3037 3558 3107 procedit

1982 3119 2306 3190 tbeologice,
2327 3122 2542 3193 hymnis
2569 3125 3289 3183 celebrabitur.Trinitatem
3320 3130 3554 3187 sanctis—

1982 3213 2197 3275 simam,
2242 3217 2819 3285 supersubstantialem
2863 3221 3243 3289 substantiam,
3288 3221 3393 3277 hoc
3431 3222 3556 3295 qui»

1980 3304 2126 3372 dem,
2153 3306 2296 3375 quod
2320 3322 2534 3362 omnem
2565 3309 2927 3364 substantiam
2959 3310 3069 3365 Deo
3099 3312 3329 3369 decente
3356 3329 3554 3385 super-

1986 3395 2251 3465 greditur;
2287 3396 2391 3452 hoc
2420 3413 2550 3453 vero
2571 3400 2715 3468 quod
2746 3399 2873 3455 inde
2906 3401 3161 3456 omnibus
3184 3403 3406 3457 entibus
3427 3420 3554 3474 paro

1982 3486 2224 3555 ticipatio
2256 3496 2341 3543 est
2372 3488 2584 3543 essendi
2615 3503 2781 3559 super
2813 3505 2975 3545 omne
3008 3492 3209 3545 bonum
3232 3492 3553 3559 bonitatem,

1983 3577 2088 3632 hoe
2137 3578 2355 3647 quidem
2405 3580 2551 3649 quod
2600 3578 2724 3635 fons
2768 3581 3045 3647 bonitatis,
3085 3583 3190 3639 hoc
3233 3600 3364 3639 vero
3408 3588 3555 3656 quod

1981 3668 2139 3725 bonis
2168 3668 2316 3724 illine
2343 3677 2445 3735 est,
2478 3671 2621 3739 quod
2652 3671 2793 3725 bona
2830 3680 2988 3736 sunt,
3023 3673 3129 3728 hoc
3160 3675 3319 3729 nobis
3357 3684 3442 3730 est
3470 3677 3555 3744 (ut

1981 3760 2037 3815 in
2069 3762 2345 3833 brevibus)
2364 3764 2648 3834 theologia
2663 3773 2867 3819 nostrae
2882 3764 3224 3835 ineulpabilis
3242 3766 3551 3837 disciplina.

2054 3851 2248 3907 Filium
2284 3869 2415 3909 vero
2449 3864 2505 3910 et
2552 3856 2789 3911 Verbum
2821 3857 2916 3911 Dei
2949 3867 3003 3912 et
3034 3856 3211 3913 Patris
3242 3858 3297 3912 in
3345 3859 3553 3915 ultimis

1981 3944 2174 3999 diebus
2203 3960 2271 3999 ex
2305 3960 2523 4017 semper
2548 3947 2769 4018 Virgine
2793 3956 2851 4004 et
2876 3952 3278 4023 supergloriosa
3321 3953 3552 4009 Domina

1980 4045 2168 4090 nostra
2231 4036 2460 4108 Deipara
2518 4041 2850 4110 processisse
2911 4056 3035 4097 cum
3087 4057 3251 4099 carne
3311 4045 3552 4101 animata

1980 4127 2161 4183 anima
2191 4128 2511 4202 intelligenti
2534 4140 2589 4187 et
2612 4133 2885 4198 rationali,
2914 4132 2969 4188 id
2997 4143 3101 4199 est,
3132 4134 3433 4205 perlectum
3453 4137 3555 4192 ho-

1979 4220 2182 4275 minem
2221 4223 2585 4293 assumpsisse
2627 4225 2877 4289 veritate,
2922 4240 3031 4280 non
3062 4226 3393 4296 phantasia:
3438 4243 3553 4284 non

1980 4311 2363 4379 personaliter,
2392 4327 2573 4383 neque
2601 4314 2836 4384 aliquem
2869 4315 2925 4369 in
2955 4316 3185 4389 singulis
3225 4319 3449 4389 proprio
3485 4334 3553 4375 ac

1981 4403 2340 4458 determinato
2384 4404 2699 4462 charactere
2740 4407 3161 4463 circumfmitum
3188 4450 3204 4476 ,
3238 4410 3330 4465 sal
3376 4420 3553 4466 totum

309 4506 477 4574 κτῆρι
514 4502 981 4574 περιοριζόμενον,
1014 4501 1127 4554 ἀλλ’
1152 4501 1272 4553 ὅλον
1323 4500 1414 4553 τὸν
1466 4498 1777 4568 ἄνθρωπον,
1817 4497 1876 4550 ὃν

1984 4495 2283 4562 hominem,
2311 4511 2475 4567 quem
2503 4497 2562 4552 in
2593 4512 2689 4552 sua
2728 4498 3000 4569 hypostasi
3044 4500 3384 4556 individuum
3417 4502 3553 4557 sub-

307 4598 407 4650 καὶ
451 4595 511 4649 ὲν
564 4598 629 4664 τῇ
665 4592 829 4646 αὑτοῦ
884 4591 1243 4661 ἀτομώσαντά
1291 4607 1351 4643 τε
1410 4589 1727 4653 ὑποστάσει,
1784 4587 1881 4641 καὶ

308 4687 694 4758 ὑποστήσαντα
742 4684 915 4738 σῶσαι
976 4685 1038 4737 τὸ
1086 4682 1425 4751 ἀνθρώπινον
1490 4682 1669 4749 γένος,
1716 4696 1883 4734 σεσω-

310 4780 589 4849 σμέναςτε
609 4776 703 4827 ἐπὶ
716 4775 811 4829 τοῦ
832 4775 995 4829 αὑτοῦ
1025 4776 1118 4828 καὶ
1153 4775 1271 4839 ἑνὸς
1299 4774 1534 4846 Χριστοῦ
1560 4772 1659 4835 τὰς
1688 4772 1878 4842 φύσεις

310 4870 584 4940 θεότητος,
640 4870 737 4922 καὶ
808 4868 1251 4939 ἁνθρωπότητος,
1310 4867 1597 4938 ὴνωμένας
1656 4867 1755 4936 μὲν
1811 4867 1876 4935 τῇ

309 4963 434 5015 καθ’
461 4961 758 5014 ὑπόστασιν
781 4958 993 5022 ὲνὼσει,
1024 4959 1143 5012 ἀλλ’
1162 4959 1223 5011 οὑ
1270 4958 1625 5029 πεφυρμένος
1654 4959 1721 5028 τῇ
1759 4955 1878 5010 κατ’

308 5056 501 5109 οὐσίαν
544 5053 847 5107 ἀλλοιώσει.
903 5052 1049 5105 Μίαν
1100 5051 1199 5121 μὲν
1254 5051 1554 5103 ὑπόστασιν
1616 5048 1875 5119 Χριστοῦ,

310 5147 405 5199 δύο
434 5145 491 5197 δὲ
520 5145 731 5213 φύσεις,
771 5145 866 5195 καὶ
903 5142 1142 5211 ἑκατέρα
1168 5141 1350 5194 αὑτῶν
1371 5140 1431 5192 τὸ
1463 5141 1594 5192 ῐδιον
1621 5138 1880 5206 ἀπονέμω

313 5238 548 5307 θέλημα.
577 5238 682 5289 Δύο
706 5236 815 5306 γὰρ
851 5234 1137 5303 θελήματα
1180 5234 1273 5285 ἐπὶ
1313 5230 1558 5300 Χριστοῦ
1607 5231 1877 5300 ἁμείωτα,

312 5331 395 5383 ὅτι
455 5328 550 5381 καὶ
602 5328 696 5381 δύο
748 5328 1041 5396 ἐνέργειαι.
1116 5324 1220 5376 Τὸν
1278 5324 1439 5376 αὑτὸν
1490 5321 1734 5392 παθητὸν
1786 5320 1881 5374 καὶ

311 5421 519 5490 ἀπαθῆ,
568 5419 806 5489 φθαρτὸν
875 5419 968 5471 καὶ
1013 5416 1309 5486 ἄφθαρτον,
1378 5414 1621 5485 γραπτόν
1674 5430 1734 5465 τε
1786 5414 1881 5466 καὶ

311 5510 614 5583 ἀγραπτον,
643 5509 711 5563 τά
738 5510 836 5580 μὲν
881 5507 1251 5578 οἰκειούμενος
1308 5507 1375 5577 τῇ
1420 5504 1656 5576 θεότητι,
1710 5503 1781 5555 τά
1822 5502 1878 5555 δὲ

311 5603 645 5673 προσάπτων
667 5603 735 5670 τῇ
770 5599 1175 5670 ἀνθρωπότητι.
1204 5595 1595 5667 Σταυρωθέντα
1615 5593 1879 5655 ἑκουσίως

310 5695 452 5762 ὑπὲρ
503 5691 684 5763 ἡμῶν,
732 5692 825 5745 καὶ
876 5689 1138 5761 πρόξενον
1174 5690 1304 5758 ἡμῖν
1346 5687 1446 5758 τῆς
1492 5684 1586 5739 τοῦ
1637 5684 1871 5737 θανάτου

309 5785 662 5846 καταλύσεως
710 5781 801 5837 τὸν
849 5783 1025 5852 τίμιον
1069 5780 1302 5851 σταυρὸν
1360 5780 1451 5833 καὶ
1508 5777 1879 5851 προσκυνητὸν

1981 4588 2174 4644 sistere
2200 4588 2351 4654 fecit,
2384 4598 2445 4645 ut
2476 4605 2649 4661 genus
2677 4590 2977 4647 humanum
3009 4592 3260 4648 salvaret.
3298 4592 3554 4649 Servata:

1981 4680 2143 4735 etiam
2178 4679 2234 4734 in
2276 4679 2469 4735 eodem
2502 4689 2558 4736 et
2588 4696 2698 4736 uno
2738 4683 2957 4737 Christo
2987 4693 3211 4738 naturas
3250 4683 3553 4740 divinitatis

1980 4782 2037 4825 et
2086 4771 2461 4835 humanitatis,
2502 4772 2684 4827 unitas
2732 4775 2951 4842 quidem
3004 4774 3205 4828 unione
3248 4774 3550 4830 secundum

1981 4863 2339 4933 hypostasim,
2374 4864 2467 4918 sed
2509 4878 2619 4919 non
2652 4865 2907 4919 confusas
2946 4866 3283 4921 substantias
3322 4868 3551 4923 alterili-

1980 4956 2213 5021 catione;
2247 4971 2414 5011 unam
2440 4955 2660 5026 quidem
2690 4958 3027 5028 bypostasin,
3061 4958 3197 5013 duas
3227 4974 3358 5014 vero
3388 4968 3552 5015 natu-

1980 5062 2099 5111 ras;
2126 5055 2183 5100 et
2215 5046 2430 5116 utrique
2452 5063 2639 5101 earum
2670 5047 2944 5118 propriam
2981 5049 3159 5103 tribuo
3189 5050 3548 5105 voluntatem.

1980 5138 2125 5192 Duas
2147 5138 2295 5192 enim
2326 5140 2633 5195 voluntates
2662 5140 2714 5193 in
2743 5140 2964 5194 Christo
2996 5157 3103 5195 non
3132 5142 3391 5206 minutas,
3421 5143 3550 5212 quia

1979 5238 2036 5282 et
2061 5229 2183 5282 duae
2208 5230 2548 5298 operationes
2576 5249 2587 5284 :
2619 5230 2868 5284 eumdem
2914 5218 3226 5299 passibilem
3260 5239 3314 5285 et
3347 5231 3551 5301 impas-
3654 5216 3676 5299 ς’

1980 5319 2214 5385 sibilem;
2250 5319 2655 5389 corruptibilem
2693 5328 2749 5374 et
2784 5319 3284 5389 incorruptibilem;
3315 5319 3550 5375 circum-

1979 5410 2336 5481 scriptibilem
2374 5422 2431 5467 et
2479 5412 3141 5481 incircumscriptibilem;
3195 5412 3298 5466 alia
3347 5427 3549 5482 appro-

1978 5502 2163 5571 prians
2193 5502 2486 5568 divinitati,
2518 5503 2623 5559 alia
2653 5504 2975 5559 humanitati
3010 5504 3336 5569 attribuens;
3368 5503 3549 5557 cruci-

1978 5593 2146 5649 ﬁxum
2178 5594 2457 5651 voluntate
2494 5610 2595 5665 pro
2630 5597 2809 5651 nobis.
2857 5595 2925 5651 Et
2969 5596 3062 5667 qui
3107 5595 3265 5651 nobis
3313 5595 3550 5665 praebuit

1980 5685 2352 5741 honorabilem
2381 5696 2436 5741 et
2465 5688 2829 5743 venerandam
2854 5688 3082 5742 Crucem
3104 5728 3119 5753 ,
3159 5685 3547 5740 destructionis

1980 5779 2169 5835 mortis
2196 5793 2413 5833 causam
2449 5796 2462 5832 :
2496 5779 2770 5849 sepultum
2811 5778 3061 5833 eumdem
3088 5793 3175 5833 ac
3213 5778 3267 5833 in
3319 5772 3549 5832 mortuis
