4032 6428
420 1631 433 1722 ἐ

482 361 584 429 591
1622 348 1886 410 ΡΗΟΤΙῙ
1927 347 2054 407 PA'I

2167 343 2436 404 ARCH/E
2473 344 2582 405 (ΣΡ.
3611 337 3719 401 592

472 482 944 536 eonnumeratum.
967 472 1070 538 Qui
1089 468 1247 527 tertia
1273 466 1363 522 die
1380 465 1533 535 juxta
1550 461 2041 532 ipsiusdeiloquam

2159 455 2585 527 παρασχόμενον.
2647 453 2897 524 Ταφέντα
2951 463 3010 506 τε
3039 452 3130 505 τὸν
3163 449 3326 504 αὑτδν
3366 451 3462 506 καὶ
3505 455 3723 522 νεκροῖς

477 582 666 625 vocem
698 582 727 621 a
761 565 989 620 mortuis
1020 560 1316 618 resurrexit
1340 576 1353 612 :
1376 558 1576 628 quique
1600 555 1751 609 visus
1775 560 1860 608 est
1885 551 2048 606 disci-

2159 549 2638 618 τυναριθμηθὲντα,
2691 548 2785 600 καὶ
2843 545 3142 615 τριήμερον
3199 544 3342 596 κατὰ
3397 543 3499 613 τὴν
3552 543 3719 596 αὑτοῦ

474 662 637 732 pulis,
667 669 725 714 et
751 674 876 714 cum
903 655 1010 710 illis
1041 653 1253 709 edendo
1279 667 1344 706 ac
1357 648 1616 711 bibendo,
1637 659 1856 701 omnem
1873 644 2050 700 ambi-

2159 635 2510 709 )εόφθεγκτον
2542 640 2724 708 φωνὴν
2755 640 2820 691 έκ
2846 636 2954 690 τῶν
3006 651 3214 704 νεκρων
3244 633 3577 693 ἀναστάντα.
3625 632 3722 684 καὶ

475 723 742 822 guitatem
770 762 836 801 ac
864 744 1167 815 phantasia:
1194 741 1507 812 opinionem
1536 737 1605 792 ab
1643 734 1726 792 eis
1752 735 2047 791 submovit.

2159 735 2258 797 τοῖς
2301 731 2572 803 μαθηταῖς
2625 729 2883 796 ὀφθέντα,
2927 727 3024 780 καὶ
3059 725 3138 796 τῷ
3176 725 3486 794 συμφαγεῖν
3535 723 3721 786 αὐτοῖς

476 813 682 894 ὖείηόε
728 845 786 891 ει
830 813 1078 889 ascendit
1122 847 1229 886 una
1257 843 1386 885 cum
1434 833 1734 896 assumpta,
1773 824 1891 879 sive
1920 838 2046 878 cum

2159 827 2242 878 καὶ
2291 823 2549 894 συμπιεῖν
2614 822 2797 874 πᾶσαν
2869 817 3207 889 ἀμφιϐολίαν
3272 813 3370 869 καὶ
3416 815 3723 884 φαντασίας
3783 815 3794 838 '-

477 927 717 982 animata
749 922 933 978 anima
967 919 1290 991 intelligenti
1327 927 1384 973 et
1419 915 1668 971 rationali
1713 915 1886 984 ipsius
1920 929 2048 983 pro-

2159 915 2420 986 ὑπόληψιν
2462 913 2645 968 τέλεον
2702 911 2885 966 αὐτῶν
2948 907 3392 963 ἀπεσκευακότα.
3448 901 3585 960 Εἶτα
3629 906 3724 958 καὶ

478 1017 595 1088 pria
628 1028 814 1071 carne.
850 1013 918 1068 Et
948 1013 1144 1066 iterum
1177 1008 1379 1080 pariter
1407 1016 1668 1062 venturus
1695 1014 1782 1059 est
1807 1004 1875 1059 ad
1907 1002 2051 1073 judi-

2159 1005 2528 1074 ἀναληφθέντα
2561 1003 2703 1073 μετὰ
2751 1000 2846 1054 τοῦ
2891 1001 3341 1071 προσλήμματος,
3369 999 3538 1069 ήγουν
3584 996 3723 1066 μετά

478 1087 713 1164 candum
755 1105 904 1160 vivos
949 1112 1006 1158 et
1056 1110 1323 1156 mortuos.
1374 1099 1469 1154 Sic
1507 1099 1664 1154 ‘enim
1694 1096 1830 1152 dicit
1864 1095 2048 1150 divina

2159 1101 2251 1166 τῆς
2281 1094 2690 1168 ἑμψυχωμένης
2719 1092 2867 1163 ψυχῇ
2890 1092 3053 1161 νοερᾷ
3081 1107 3140 1143 τε
3173 1090 3269 1143 καὶ
3292 1087 3485 1158 λογικῇ
3513 1087 3725 1150 οἰκείας

480 1203 761 1273 Scriptura
778 1217 792 1253 :
807 1221 825 1252 ι
842 1198 1032 1254 Veniet
1053 1194 1509 1266 quemadmodum
1531 1191 1742 1248 vidistis
1766 1206 1892 1246 eum
1915 1205 2050 1246 euu-

479 1304 591 1349 tem
619 1295 677 1350 in
702 1293 922 1348 coelum.
958 1309 1004 1342 ι-

555 1473 647 1532 Sic
689 1475 932 1530 sentiens
983 1483 1040 1528 et
1076 1471 1344 1527 conﬁtens
1379 1466 1894 1524 incommutabiliter
1925 1479 2046 1520 eam

478 1568 667 1634 ﬁdem,
697 1579 820 1634 quae
853 1563 906 1616 in
937 1561 1205 1616 catholica
1237 1570 1292 1614 et
1315 1558 1608 1628 apostolica
1655 1555 1896 1612 Ecclesia
1936 1563 2052 1610 sta-

484 1659 674 1716 bilitur
700 1665 756 1712 et
781 1655 1128 1726 praedicatur,
1143 1660 1358 1708 sanctas
1379 1660 1434 1705 et
1452 1649 1820 1706 tecumenicas
1839 1656 2046 1718 septem

2151 1189 2321 1243 αὑτοῦ
2347 1186 2574 1259 σαρκὸς,
2611 1185 2707 1239 καὶ
2739 1184 2904 1238 πάλιν
2930 1182 3191 1244 ὡσαύτως
3220 1181 3515 1252 ἐρχόμενον
3542 1181 3624 1241 είς
3662 1169 3726 1230 τὸ

2155 1283 2339 1350 κρῖναι
2357 1278 2566 1343 ζῶντας
2581 1277 2675 1330 καὶ
2693 1273 2973 1346 νεκρούς.ι
2993 1271 3178 1336 Οὖτως
3193 1272 3324 1342 γὰρ,
3337 1271 3473 1342 φησὶ
3491 1270 3552 1324 τὸ
3580 1269 3728 1340 ἱερὸν

410 1402 424 1455 ξ,
479 1386 695 1455 Λόγιον,
745 1382 1046 1444 ἐλεύσεται,
1102 1378 1161 1433 ὃν
1200 1375 1401 1450 τρόπον
1425 1375 1724 1430 ἐθεάσασθε
1747 1373 1910 1428 αὐτὸν
1945 1371 2330 1442 πορευόμενον
2361 1369 2444 1434 είς
2481 1367 2574 1422 τὸν
2607 1366 2858 1438 οὐρανόν.
2891 1383 2911 1416 ι

2225 1461 2383 1516 Οὕτω
2409 1459 2644 1530 φρονῶν,
2679 1459 2773 1512 καὶ
2796 1453 3128 1526 διομολογῶν
3167 1452 3606 1524 ἀπαρατρὲπτως
3627 1454 3728 1525 τὴν

2157 1556 2216 1608 έν
2242 1556 2310 1625 τῇ
2339 1551 2600 1622 καθολικῇ
2625 1567 2686 1603 τε
2717 1549 2813 1604 καὶ
2839 1547 3482 1619 ἀποστολικῇῈκκλησίᾳ
3509 1547 3730 1617 ἑφιδρυ-

2159 1649 2331 1718 μένην
2363 1663 2421 1700 τε
2443 1646 2538 1699 καὶ
2584 1643 3004 1715 κηρυσσομένην
3054 1640 3259 1705 πίστιν,
3284 1640 3385 1704 τὰς
3423 1641 3590 1709 ἁγίας
3631 1642 3727 1694 καὶ

483 1749 718 1821 synodos
778 1745 1000 1815 recipio.
1065 1742 1303 1798 Primam
1359 1741 1618 1811 quidem,
1668 1749 1858 1811 utp0te
1922 1755 2046 1809 quae

2159 1741 2542 1814 οἰκουμενικὰς
2571 1740 2712 1793 έπτά
2757 1738 3010 1800 συνόδους
3060 1735 3427 1805 ἀποδέχομαιο
3475 1733 3576 1805 τὴν
3625 1735 3726 1805 μὲν

482 1841 694 1903 Arium,
725 1845 782 1893 et
828 1852 924 1894 eos
965 1835 1056 1906 qui
1102 1849 1228 1890 cum
1271 1848 1337 1888 eo
1383 1832 1714 1898 sentiebant,
1769 1847 1876 1886 una
1927 1847 2052 1886 cum

484 1944 675 1986 eorum
700 1926 1059 1983 abominanda
1087 1934 1356 1980 creaturae
1381 1924 1701 1978 adoratione
1726 1921 1960 1992 disrupit
1989 1937 2053 1976 ac

482 2022 702 2078 evertit.
730 2018 1046 2074 Secundum
1075 2032 1228 2080 vero,
1248 2031 1370 2086 quae
1410 2017 1550 2071 lassa:
1575 2015 1773 2070 mentis
1803 2014 2054 2069 Macedo-

485 2113 637 2166 niunt
663 2111 730 2164 ab
751 2107 1117 2164 ecclesiastica
1146 2105 1533 2162 communione
1564 2105 1966 2168 exterminavit,
1997 2114 2055 2160 et

483 2201 736 2266 abscidit,
767 2199 858 2269 qui
894 2197 1010 2268 pari
1039 2207 1204 2267 atque
1243 2197 1402 2250 Arius
1431 2195 1640 2251 insania
1669 2195 1968 2250 laborabat.
1991 2195 2053 2250 lu

480 2295 751 2350 creaturis
769 2295 915 2347 enim
940 2291 1027 2348 hic
1045 2307 1262 2362 quoque
1283 2291 1706 2355 sanctissimum,
1731 2299 1786 2344 et
1808 2290 2053 2344 omnium

482 2386 735 2458 Opiﬁcem
767 2399 979 2454 ponens
1013 2383 1299 2454 Spiritum,
1333 2391 1637 2438 creaturam
1672 2381 1898 2436 adorare
1940 2395 2054 2434 non

469 2477 859 2534 erubescebat.
884 2474 1368 2532 Verumenimvcro
1411 2481 1467 2529 et
1518 2474 1766 2540 tertiam,
1796 2488 1919 2543 quae
1955 2473 2052 2527 de-

481 2569 920 2643 posuit-impium
947 2565 1283 2631 Nestorium,
1302 2579 1367 2620 ac
1387 2565 1587 2621 evertit
1619 2565 1930 2620 innovatam
1984 2565 2054 2620 ab

483 2679 552 2720 eo
577 2665 688 2718 Deo
706 2675 924 2716 exesam
963 2657 1452 2730 superstitionem:
1485 2656 1576 2712 hic
1603 2657 1750 2712 enim
1794 2657 2049 2724 indivise,

484 2765 544 2812 et
566 2754 864 2812 secundum
896 2751 1206 2824 hypostasin
1241 2751 1452 2806 unitum
1483 2749 1593 2806 Deo
1621 2750 1800 2804 Verbo
1831 2751 2052 2805 totalem

469 2847 761 2903 T'bominem
785 2844 1042 2900 audacter
1073 2850 1129 2897 et
1161 2841 1447 2897 dementer
1477 2857 1507 2896 a
1539 2840 1720 2896 divina
1752 2839 1909 2895 Verbi
1931 2842 2054 2896 abs-

486 2939 714 2994 trahens
771 2934 1079 3007 hypostasi,
1109 2933 1161 2988 in
1193 2932 1412 3005 propria
1440 2948 1564 2988 eum
1596 2934 1869 3004 bypostasi
1911 2949 2050 2999 esse,

484 3039 794 3087 monstrose
845 3027 1060 3083 dicebat
1115 3035 1172 3082 et
1225 3025 1643 3096 imaginabatur.
1711 3024 1791 3082 Ac
1851 3027 2054 3082 idcirco

2161 1834 2412 1906 πρώτην,
2462 1833 2560 1887 am
2595 1831 2660 1902 δὴ
2701 1833 2921 1901 Ἀρειον
2981 1829 3075 1883 καὶ
3120 1828 3246 1890 τοὺς
3290 1825 3726 1898 ὁμοφρονοῦντας

2159 1927 2310 1998 αὑτῷ
2358 1928 2473 1998 ἄμα
2525 1926 2623 1994 τῆς
2657 1923 2951 1994 βδελυκτῆς
2982 1920 3163 1976 αὐτῶν
3197 1920 3726 1992 κτισματολατρείας

2157 2018 2525 2092 διαρῤήξασάν
2549 2034 2609 2070 τε
2651 2017 2747 2070 καὶ
2779 2012 3145 2069 καθελοῦσαν·
3197 2014 3298 2082 τὴν
3337 2013 3397 2066 δὲ
3435 2011 3722 2082 δευτέραν,

2159 2114 2236 2177 ὡς
2262 2113 2353 2166 τὸν
2378 2110 2716 2180 φρενοϐλαῦῆ
2738 2108 3069 2163 Μακεδόνιον
3115 2106 3215 2178 τῆς
3263 2105 3728 2176 ὲκκλησιαστικῆς

2161 2203 2516 2274 χοροστασίας
2569 2199 3033 2271 ὲξοστρακίσασάν
3091 2215 3154 2251 τε
3225 2198 3322 2250 καὶ
3379 2195 3726 2266 ὲκτεμοῦσαν

2173 2293 2370 2363 Ἀρείῳ
2399 2293 2786 2360 παραπλησίαν
2840 2290 2938 2360 τὴν
2983 2290 3179 2360 μανίαν
3219 2290 3588 2360 έκμεμηνότα.
3637 2288 3730 2340 Ἐν

2161 2386 2422 2457 κτίσμασι
2449 2386 2556 2456 γὰρ
2595 2384 2691 2437 καὶ
2720 2376 2876 2447 οὗτος
2893 2383 2954 2436 τὺ
3002 2383 3264 2449 πανάγιον
3321 2381 3415 2434 καὶ
3451 2397 3727 2451 παντουρ-

2160 2478 2254 2547 γὸν
2281 2476 2451 2540 τιθεὶς
2486 2477 2730 2547 Πνεῦμα,
2773 2475 3266 2544 κτισματολατρεῖν
3303 2473 3404 2526 οὐκ
3437 2473 3727 2543 ᾐσχύνετο.

2172 2570 2330 2623 Ἀλλά
2357 2587 2421 2638 γε
2437 2569 2500 2636 δὴ
2539 2569 2634 2622 καὶ
2675 2568 2775 2639 τὴν
2811 2567 3003 2636 τρίτην
3050 2566 3372 2638 καθαίρεσιν
3421 2563 3588 2619 οὖσαν
3627 2564 3727 2618 τοῦ

2158 2661 2453 2724 δυσσεϐοῦς
2480 2661 2798 2730 Νεστορίου,
2848 2660 2945 2712 καὶ
2991 2659 3093 2728 τῆς
3135 2658 3286 2729 αὐτῷ
3326 2658 3729 2728 καινοποιηθείο

2161 2772 2260 2824 σης
2281 2752 2607 2822 θεοπυγοῦς
2635 2752 3078 2822 δεισιδαιμονίας.
3114 2743 3280 2817 Οὗτος
3306 2751 3418 2822 γάρ
3441 2751 3532 2804 τὸν
3555 2753 3730 2806 ἀδιαι-

2163 2847 2330 2916 ρέτως
2370 2845 2464 2900 καὶ
2493 2843 2613 2898 καθ’
2660 2843 2955 2896 ὑπόστασιν
2999 2841 3267 2895 ὲνωθέντα
3300 2841 3378 2912 τῷ
3420 2841 3540 2911 Θεῷ
3567 2843 3730 2911 Λόγῳ

2159 2939 2338 2992 ὑλικὸν
2366 2937 2651 3008 ἄνθρωπον
2677 2935 2963 3006 τολμηρῶς
2993 2937 3089 2989 καὶ
3119 2935 3374 3005 ἀφρόνως
3417 2935 3515 3005 τῆς
3539 2935 3728 3003 θεῖκῆς

2135 3045 2138 3050 ’
2159 3029 2255 3084 τοῦ
2274 3031 2450 3100 Λόγου
2483 3029 2730 3084 διασπῶν
2747 3029 3119 3093 ὑποστάσεως,
3146 3029 3545 3082 ίδιοῦπόστατον
3566 3028 3729 3082 αὑτὸν

479 3121 694 3177 nudum
727 3118 1005 3176 hominem
1028 3132 1152 3172 eum
1175 3118 1270 3188 qui
1297 3133 1462 3174 carne
1489 3127 1838 3188 apparuerat,
1862 3117 2053 3173 Filium

2159 3122 2533 3194 ὲτερατολόγει
2563 3139 2623 3176 τε
2648 3121 2744 3178 καὶ
2773 3120 3126 3191 ἐφαντάζετο.
3159 3122 3250 3174 Διὸ
3274 3121 3370 3174 καὶ
3413 3119 3572 3187 ψιλὸν
3627 3120 3728 3174 ἄν·

485 3223 544 3270 et
573 3211 808 3267 Verbum
840 3209 936 3264 Dei
968 3209 1266 3275 somnians,
1307 3219 1705 3277 consequenter
1737 3210 1828 3265 hic
1868 3210 2056 3266 infelix

485 3303 761 3375 appellare
801 3299 1199 3356 sanctissimam
1245 3299 1338 3354 Dei
1385 3298 1716 3355 Genitricem
1769 3299 2056 3372 Deiparam

484 3394 705 3465 proprie
753 3392 1064 3463 abnegavit.
1100 3389 1356 3456 Quartam
1387 3400 1592 3458 autem,
1624 3400 1686 3446 ut
1724 3407 1846 3462 quae
1889 3390 2058 3464 Euty-

485 3485 654 3548 chen,
677 3483 984 3552 dystielten,
1002 3481 1055 3535 id
1079 3492 1182 3546 est,
1207 3480 1479 3536 infelicem
1506 3497 1572 3538 ac
1590 3481 1880 3538 scelestum
1929 3481 2057 3537 Dio-

487 3591 706 3632 scorum
725 3574 894 3642 elisit,
921 3583 1086 3644 atque
1099 3573 1578 3629 anathematizavit
1600 3589 1707 3627 una
1725 3589 1846 3628 cum
1869 3588 2058 3628 eorum

487 3665 836 3737 imaginativa
894 3664 1169 3720 dementia
1197 3705 1212 3729 ,
1259 3678 1559 3733 eorumque
1599 3665 1754 3719 omni
1814 3674 2052 3720 caterva.

489 3757 704 3812 Domini
732 3756 880 3812 enim
909 3771 1130 3811 carnem
1157 3771 1270 3811 non
1320 3771 1442 3811 esse
1491 3755 1648 3811 nobis
1693 3756 2058 3811 consubstan-

486 3847 694 3911 tialem,
732 3847 903 3902 delire
947 3847 1283 3912 asserebant,
1325 3846 1423 3902 sed
1477 3862 1541 3901 ex
1589 3846 1799 3902 duabus
1837 3846 2058 3917 quidem

488 3939 700 3994 naturis
721 3939 979 3994 unionem
1008 3937 1204 3993 factam
1223 3952 1369 4005 esse,
1389 3937 1444 3993 in
1469 3953 1632 3993 unam
1657 3952 1786 3992 vero
1806 3945 2056 3993 naturam

486 4039 613 4104 post
651 4030 954 4086 unitionem
980 4038 1372 4100 consumptam
1414 4027 1595 4084 fuisse
1633 4029 1882 4084 neutrius
1921 4043 2057 4083 con-

486 4129 796 4178 servantem
826 4121 1209 4192 proprietates,
1242 4135 1347 4177 nec
1373 4121 1608 4184 divinat,
1643 4135 1748 4175 nec
1780 4135 1911 4176 vero
1955 4120 2060 4175 hu-

487 4225 688 4266 manae.
727 4209 989 4276 Quintam
1043 4211 1245 4275 etiam,
1286 4226 1409 4281 quae
1463 4211 1671 4267 excidit
1719 4228 1784 4267 ac
1837 4212 2058 4282 penitus

485 4300 749 4354 exstinxit
790 4315 853 4355 ea
899 4315 1020 4370 qua:
1059 4300 1114 4354 in
1149 4302 1446 4370 perniciem
1496 4311 1780 4358 auctorum
1833 4319 2057 4358 suorum

2160 3214 2376 3286 θρωπον
2429 3214 2524 3268 τὸν
2584 3215 2749 3286 σαρκὶ
2775 3213 3108 3282 ἐπιφανέντα
3143 3212 3272 3266 Υίδν
3314 3211 3409 3268 καὶ
3429 3213 3603 3280 Λόγον
3631 3211 3725 3264 τοῦ

2157 3308 2293 3362 Θεοῦ
2326 3306 2639 3380 όνειρώξας,
2669 3305 2979 3369 ἀκολούθως
3004 3307 3033 3359 ό
3061 3305 3374 3376 τρισάθλιος
3415 3304 3602 3358 καλεῖν
3626 3305 3726 3358 τὴν

2159 3401 2432 3468 παναγίαν
2453 3399 2740 3464 Θεοτόκον,
2779 3398 3046 3453 Θεοτόκον
3072 3398 3302 3467 κυρίως,
3353 3398 3726 3468 ἀπηρνήσατο.

2159 3493 2272 3565 Τὴν
2303 3493 2360 3547 δὲ
2382 3493 2671 3564 τετάρτην,
2695 3491 2771 3555 ὡς
2795 3490 2886 3544 τὸν
2914 3490 3155 3560 δυστυχῆ
3187 3489 3424 3558 Εὐτυχῆ,
3455 3490 3547 3542 καὶ
3569 3489 3726 3541 Διόσο

2160 3601 2318 3655 κορον
2349 3583 2444 3636 τὸν
2481 3582 2759 3651 ἀλάστορα
2799 3579 3188 3651 διαταράξασαν
3240 3581 3334 3631 καὶ
3391 3580 3723 3648 ἀναθεματί-

2161 3688 2332 3726 σασαν
2360 3669 2498 3742 μετὰ
2519 3670 2618 3740 τῆς
2640 3668 3044 3738 φαντασιώδους
3069 3668 3250 3722 αὑτῶν
3276 3665 3725 3736 φρενοϐλαϐείας.

2159 3764 2255 3817 καὶ⁵
2309 3761 2486 3831 πάσης
2533 3759 2715 3814 αὐτῶν
2755 3759 2856 3829 τῆς
2922 3758 3259 3830 συμμορίας.
3311 3759 3422 3828 Τὴν
3473 3757 3582 3828 γάρ
3630 3756 3726 3811 τοῦ

2159 3853 2366 3924 Κυρίου
2397 3853 2575 3921 σάρκα
2606 3851 2684 3922 μὴ
2714 3845 2856 3906 εἶναι
2883 3853 3016 3922 ἡμῖν
3061 3849 3350 3918 ὀμοούσιον
3390 3848 3723 3922 έληρῴδουν,

2158 3944 2274 3998 ἀλλ’
2302 3945 2368 3998 ἐκ
2395 3942 2489 3996 δύο
2520 3942 2620 4014 μὲν
2675 3941 2892 4012 φύσεων
2929 3941 3030 4014 τὴν
3084 3941 3278 3994 ἕνωσιν
3326 3941 3605 4009 γενέσθαι,
3647 3942 3726 4003 είς

2161 4035 2291 4105 μίαν
2321 4035 2377 4088 δὲ
2403 4033 2540 4104 μετὰ
2569 4034 2669 4105 τὴν
2688 4035 2884 4088 ἕνωσιν
2912 4033 3356 4104 συναναλωθῆναι
3399 4033 3588 4103 φύσιν,
3621 4050 3726 4104 μη-

2158 4125 2376 4196 δετέρας
2403 4123 2792 4187 ἀποσώζουσαν
2821 4125 2889 4178 τὰ
2911 4121 3198 4194 ἰδιώματα,
3238 4124 3374 4194 μήτε
3395 4123 3494 4192 τῆς
3516 4122 3722 4192 θεῖκῆς,

2164 4219 2300 4289 μήτε
2357 4218 2464 4287 μὴν
2507 4216 2610 4286 τῆς
2643 4215 3013 4287 ἀνθρωπίνης.
3069 4216 3178 4269 Καὶ
3211 4216 3310 4285 τὴν
3349 4215 3612 4286 πέμπτην
3645 4215 3722 4278 δὲ,

2159 4309 2234 4373 ῶς
2259 4307 2601 4378 ὲκτεμοῦσάν
2652 4323 2716 4361 τε
2774 4308 2868 4360 καὶ
2919 4305 3392 4376 ἀποτεφρῶσασαν
3435 4306 3620 4360 τέλεον
3657 4307 3725 4358 τὰ

484 4391 910 4457 suseitabantur,
954 4393 1213 4447 scelerata
1250 4393 1522 4463 dogmata,
1565 4401 1623 4449 et
1671 4403 1860 4464 partus
1908 4396 2054 4465 impii

2161 4402 2248 4452 ἐπ’
2277 4399 2483 4469 ὀλέθρῳ
2507 4397 2618 4450 τῶν
2646 4396 3054 4466 γεγεννηκότων
3071 4395 3538 4468 ἀναῤῥιπιζόμενα
3558 4397 3724 4466 μιαρά

485 4479 744 4545 Nestorii,
776 4482 868 4552 qui
905 4483 1065 4553 regia:
1090 4484 1241 4538 urbis
1270 4483 1387 4539 sine
1437 4485 1546 4540 Deo
1572 4485 2052 4555 pontifex-fuerat.

484 4581 542 4630 et
559 4573 858 4639 Theodori,
882 4575 974 4644 qui
999 4573 1364 4645 Mopsuestia,
1385 4575 1556 4648 magis
1582 4577 1745 4632 etiam
1777 4578 1896 4634 sine
1921 4579 2052 4644 Deo,

485 4667 861 4738 episcopatum
903 4676 1175 4739 gesserat;
1227 4676 1342 4723 tum
1382 4683 1499 4735 eos,
1547 4679 1663 4725 tum
1703 4686 1916 4740 omnes,
1963 4673 2056 4741 qui

483 4758 676 4814 eadem
719 4775 828 4829 qua
873 4758 947 4812 illi
997 4773 1132 4814 vana
1183 4759 1453 4814 sententia
1499 4762 1870 4831 aegrotabant;
1924 4763 2055 4833 quin

483 4850 648 4904 etiam
695 4859 751 4906 et
795 4865 918 4921 qua:
956 4849 1276 4906 dilaceravit
1317 4859 1376 4905 et
1414 4850 1715 4908 demessuit
1741 4853 2052 4925 Origenem,

485 4939 792 5010 Didymum,
834 4941 1146 5014 Evagrium,
1188 4943 1282 5012 qui
1325 4942 1538 4998 ratione
1585 4959 1710 5000 cum
1763 4947 2056 5016 gentilibus

483 5039 818 5100 congruente
851 5047 916 5086 ac
945 5032 1234 5103 insipiente
1263 5035 1535 5090 sententia
1562 5034 1619 5090 in
1649 5036 1902 5090 ultimum
1929 5052 2055 5107 pro-

483 5119 712 5175 fundum
759 5121 870 5176 Deo
921 5124 1246 5179 adversaria:
1295 5127 1666 5194 persuasionis
1720 5127 2052 5183 inciderunt.

481 5210 620 5265 Cum
645 5211 791 5266 enim
821 5214 1021 5284 gradus
1049 5222 1105 5267 et
1143 5213 1429 5272 inferiores
1466 5217 1626 5273 sedes
1659 5217 1888 5274 Deitatis
1921 5234 2056 5274 con-

481 5301 788 5365 ﬂuxissent,
808 5304 1184 5360 etanimarum
1211 5308 1692 5376 praeexsistentias,
1723 5325 1788 5365 ac
1823 5310 2056 5366 emuxus

480 5398 536 5444 et
601 5389 934 5445 decidentias
989 5395 1338 5462 respectionis
1398 5411 1584 5453 earum
1641 5400 1710 5454 ad
1762 5399 1935 5456 Deum
1998 5401 2055 5454 in

480 5482 673 5550 seipsis
722 5482 1137 5546 constituentes,
1171 5477 1373 5555 easque
1415 5489 1470 5541 in
1514 5489 1724 5544 diversa
1771 5500 1826 5545 et
1867 5492 2054 5545 multi—

477 5572 672 5628 formia
704 5588 930 5642 corpora
956 5583 1381 5640 transvasantes,
1419 5588 1477 5633 et
1518 5589 1966 5646 transmutantes;
2001 5591 2056 5637 et

481 5663 641 5726 finem
673 5665 1081 5736 suppliciorum,
1118 5684 1181 5724 ac
1225 5669 1531 5726 daemonum
1560 5673 1994 5740 restitutionem,
2023 5692 2054 5730 e

487 5768 679 5813 ventre
719 5759 881 5828 (sicut
911 5760 1131 5829 dicitur)
1169 5768 1502 5827 eructantcs,
1547 5765 1721 5821 libero
1754 5775 1806 5823 et
1843 5777 2048 5837 aperto,

2160 4493 2407 4563 δόγματά
2443 4508 2501 4542 τε
2531 4489 2627 4542 καὶ
2659 4491 2917 4559 κυήματα
2947 4489 3042 4541 τοῦ
3083 4487 3376 4551 δυσσεϐοῦς
3435 4487 3724 4557 Νεστορίου

2159 4585 2254 4638 τοῦ
2278 4585 2376 4654 τῆς
2404 4583 2674 4652 βασιλίδος
2702 4583 2876 4645 ἀθέως
2911 4581 3354 4652 ίεραρχήσαντος,
3387 4583 3481 4636 καὶ
3516 4581 3722 4634 Θεοδώ-

2164 4695 2256 4751 ρου
2291 4676 2386 4728 τοῦ
2417 4674 2842 4746 Μομψουεστίας
2875 4675 3180 4746 ἀθεώτερον
3229 4675 3723 4744 ἐπισκοπήσαντος,

2161 4770 2358 4833 αὐτούς
2385 4786 2468 4831 τε,
2522 4769 2618 4822 καὶ
2663 4769 2874 4832 πάντας
2909 4767 3037 4830 τοὺς
3073 4767 3172 4838 τὴν
3205 4766 3373 4838 αὐτὴν
3410 4767 3594 4830 αὑτοῖς
3625 4784 3726 4836 μα-

2161 4860 2559 4931 ταιοφροσύνην
2584 4859 3110 4930 ἑκνοσήσαντας.,οὐ
3139 4858 3247 4927 μὴν
3272 4859 3408 4912 ἀλλά
3436 4875 3500 4926 γε
3526 4858 3591 4928 δὴ
3630 4858 3724 4910 καὶ

2158 4953 2236 5016 ὡς
2287 4951 2664 5006 διασπάσασάν
2725 4968 2785 5004 τε
2843 4951 2938 5003 καὶ
2997 4949 3360 5021 έκθερίσασαν
3424 4948 3722 5020 Ὠριγένην,

2162 5045 2418 5114 Δίδυμον,
2457 5042 2726 5114 Εὑάγριον
2757 5041 3140 5113 Ἐλληνόφρονι
3171 5040 3418 5112 λογισμῷ
3449 5039 3544 5093 καὶ
3564 5040 3724 5092 ἀσυν-

2161 5136 2268 5204 έτῳ
2305 5135 2501 5206 γνώμῃ
2523 5135 2602 5196 εἰς
2625 5133 2849 5204 ἔσχατον
2907 5133 3067 5202 βυθὸν
3098 5132 3390 5202 ἀθεότητος
3426 5133 3721 5200 ἑμπεπτω·

2162 5226 2346 5280 κότας.
2379 5225 2629 5296 Βαθμοὺς
2649 5224 2760 5295 γὰρ
2782 5225 2874 5276 καὶ
2897 5223 3190 5285 ὑποδάσεις
3211 5222 3464 5291 θεότητος
3485 5221 3724 5275 ἀναπλάι
3763 5209 3766 5214 ’

2161 5335 2376 5380 σαντες.
2407 5318 2501 5372 καὶ
2542 5316 2732 5387 ψυχῶν
2766 5315 3162 5388 προὺπάρξεις,
3202 5316 3298 5368 καὶ
3348 5317 3448 5383 τῆς
3497 5313 3636 5383 πρὸς
3666 5313 3728 5365 τὸ

2162 5409 2322 5463 Θετον
2354 5409 2532 5462 αὑτῶν
2553 5407 2789 5470 νεύσεως
2817 5406 3116 5478 ἀπορροίας
3143 5422 3203 5460 τε
3253 5407 3352 5459 καὶ
3379 5403 3727 5464 ἀποπτῶσεις

2159 5505 2218 5554 ὲν
2235 5503 2445 5563 ἑαυτοῖς
2473 5500 2895 5568 ὑποστήσαντες,
2919 5501 2997 5561 εἰς
3019 5497 3254 5568 διάφορά
3273 5513 3332 5549 τε
3351 5499 3445 5549 καὶ
3476 5491 3723 5561 πολυειδῆ

2163 5589 2390 5658 σώματα
2423 5589 2842 5656 μεταγγίζοντες
2884 5589 3108 5647 ταύτας.
3150 5586 3245 5638 καὶ
3281 5581 3722 5653 μεταϐάλλοντες.

2160 5681 2254 5732 καὶ
2305 5679 2456 5740 τέλος
2490 5678 2782 5742 κολάσεων,
2819 5677 2914 5730 καὶ
2958 5676 3228 5744 δαιμόνων
3257 5673 3721 5732 ἀποκατάστασιν,

2164 5767 2218 5819 τὸ
2253 5767 2318 5837 δὴ
2353 5766 2644 5837 λεγόμενον
2676 5765 2784 5820 ἀπὸ
2810 5765 3016 5828 κοιλίας
3061 5765 3405 5836 ἐρευγόμενοι
3432 5761 3724 5830 ἁθυροστό⁴
