4032 6440
359 350 467 419 593

1514 348 2049 410 EPISTOLARUM
2090 335 2323 409 LIBER
2362 350 2412 408 Ι.

3490 342 3593 406 594

357 475 475 527 μως
495 456 903 528 ἐμυθολόγησαν
930 458 1023 511 καὶ
1057 456 1451 528 ἐρῤαψῴδησαν
1470 473 1484 487 ⁸
1527 458 1664 511 άλλὰ
1709 459 1802 511 καὶ
1829 459 1926 527 τὴν

2049 457 2190 512 nullis
2214 456 2487 523 claustris,
2517 472 2613 511 ore
2642 457 2861 512 fabulati
2891 465 3039 517 sunt,
3066 464 3121 509 et
3157 464 3465 511 commenta
3494 472 3592 510 sua

354 552 523 620 ἕκτην
553 550 628 614 ὡς
654 550 1038 622 ἁπορρίψασάν
1081 568 1140 603 τε
1175 551 1273 604 καὶ
1320 551 1752 605 κατασπάσασαν
1799 552 1925 615 τοὺς

354 644 504 713 ἀμφὶ
544 642 819 715 Ὀνὼριον,
880 644 978 696 καὶ
1022 644 1267 713 Σέργιον,
1322 645 1414 697 καὶ
1448 644 1757 713 Μακάρων,
1801 644 1927 707 τοὺς

350 736 745 806 τερατολόγους
776 737 869 789 καὶ
890 736 1245 807 παράφρονας
1278 736 1395 805 ἅμα
1431 737 1635 800 αὐτοῖς,
1666 737 1761 788 καί
1801 737 1928 799 τοὺς

351 828 456 897 τὴν
509 828 690 881 αὐτῶν
744 828 1060 880 δυσσέϐειαν
1118 827 1371 895 ἀκρατῶς
1412 826 1929 897 ἐναπομαξαμένους

357 920 502 989 μετὰ
528 921 629 990 τῆς
680 920 915 989 ἐκφύλου
950 922 1045 975 καὶ
1073 920 1363 974 ἀλλοκότου
1407 920 1584 973 αὐτῶν
1617 920 1930 988 πλασματο-

353 1011 548 1080 λογίας
571 1030 585 1046 ο
623 1012 682 1065 ἓν
710 1012 823 1083 γὰρ
851 1012 1084 1083 θέλημα,
1108 1012 1204 1066 καὶ
1256 1012 1387 1083 μίαν
1422 1011 1703 1081 ἐνέργειαν
1745 1011 1824 1081 τῷ
1865 1011 1930 1063 ἐκ

353 1104 453 1158 δύο
498 1105 942 1176 ἁπαρατρὲπτων
1011 1103 1225 1173 φύσεων
1282 1102 1548 1171 πεφυκότι
1596 1101 1820 1172 Χριστῷ
1852 1101 1930 1169 τῷ

352 1196 478 1267 θεῷ
530 1197 686 1267 ἡμῶν
727 1196 911 1259 κακῶς
954 1198 1003 1249 oi
1031 1195 1254 1248 δείλαιοι
1303 1194 1709 1266 ἐπεγράφοντο·
1742 1193 1823 1245 ἔτι
1872 1192 1929 1245 δέ

355 1289 456 1342 καὶ
484 1288 583 1359 τὴν
618 1289 675 1341 ἐν
700 1288 905 1357 Νικαίᾳ
947 1286 1008 1340 τὸ
1053 1286 1303 1357 δεύτερον
1334 1284 1486 1356 ίερὰν
1534 1286 1629 1338 καὶ
1686 1283 1931 1354 μεγάλην

354 1378 581 1431 σύνοδον
600 1379 725 1441 τοὺς
755 1378 1161 1447 Εἰκονομάχους
1202 1378 1297 1430 καὶ
1318 1376 1407 1430 διὰ
1435 1374 1593 1429 τοῦτο
1612 1374 1929 1445 Χριστομά-

352 1484 490 1535 χους
523 1466 617 1519 καλ⁵
666 1467 1133 1538 ἁγιοκατηγόρους
1179 1465 1700 1520 ἁποσκυϐαλίσασάν
1738 1482 1796 1518 τε
1836 1464 1935 1518 καὶ

354 1556 797 1620 καταϐαλοῦσαν,
832 1558 928 1610 σὺν
952 1559 1136 1619 αὐτοῖς
1151 1558 1209 1609 δὲ
1250 1558 1340 1610 καὶ
1381 1557 1480 1625 τὴν
1511 1555 1808 1625 βδελυκτὴν
1837 1559 1931 1609 καί

354 1646 707 1716 Μανιχαῖκὴν
735 1646 912 1699 αὐτῶν
935 1648 1147 1717 αἵρεσιν
1171 1664 1185 1677 °
1211 1647 1272 1699 τὺ
1298 1646 1407 1718 γὰρ
1424 1645 1518 1699 τοῦ
1540 1648 1744 1716 Κυρίου
1776 1646 1932 1717 ἡμῶν

367 1737 550 1806 Ἰησοῦ
582 1738 820 1807 Χριστοῦ
848 1738 1135 1809 ὁμοούσιον
1162 1740 1294 1809 ημῖν
1321 1738 1477 1807 ἅγιον
1505 1738 1663 1809 σῶμα
1700 1740 1933 1809 γράφειν

356 1830 647 1893 είκονικῶς
678 1832 1064 1900 ἐμυσάττοντο,
1096 1831 1157 1884 τὸ
1187 1832 1470 1901 ἄγραπτον
1503 1832 1599 1884 καὶ
1661 1833 1931 1902 περίγρα-

357 1937 497 1972 πτον
525 1922 689 1975 αὐτοῦ
727 1922 1252 1992 καταϐακχεὼντες,
1284 1924 1378 1976 καὶ
1404 1922 1495 1975 διὰ
1518 1922 1677 1976 τοῦτο
1701 1922 1777 1993 μὴ
1792 1919 1933 1977 εἶναι

356 2014 498 2081 ἡμῖν
536 2013 819 2083 ὁμοούσιον
870 2013 1116 2084 μανικῶς
1165 2014 1652 2084 συμπεραίνοντες.
1714 2015 1933 2078 Ταύτας

355 2100 459 2158 οὖν
479 2106 576 2167 τὰς
603 2104 767 2173 ἁγίας
798 2107 891 2158 καὶ
910 2106 1299 2175 οἰκουμενικὰς
1334 2105 1474 2160 ἑπτὰ
1516 2106 1764 2168 συνόδους
1795 2107 1933 2159 ἁπο-

355 2197 613 2266 δέχομαι,
644 2196 1058 2267 άναθεματίζων
1093 2196 1336 2268 μὲν,νοῦς
1358 2198 1779 2269 ἀνεθεμάτισαν,
1800 2216 1932 2252 κατ-

358 2290 748 2358 ασπαζόμενος
786 2289 843 2342 δὲ
884 2292 977 2343 καὶ
1009 2289 1349 2359 μεγαλύνων,
1374 2289 1468 2353 οὓς
1508 2292 1931 2360 ἐπευφήμησαν.

2029 557 2385 603 consuerunt.
2421 547 2527 602 Sed
2576 557 2633 602 et
2677 556 2907 611 sextam,
2936 556 2997 600 nt
3026 561 3147 613 qua:
3169 546 3369 615 abjeeit
3406 560 3471 599 ac
3501 546 3596 600 de-

2027 639 2212 693 molita
2239 647 2341 703 est,
2382 637 2681 693 Honorium
2699 639 2776 708 (2)
2806 649 2860 693 et
2887 636 3159 708 Sergium,
3187 646 3248 690 et
3274 637 3592 699 Macarium,

2027 728 2357 785 monstrnosi
2388 730 2640 784 homines
2664 730 2934 785 sermonis
2960 745 3021 784 ac
3045 729 3351 792 dementes,
3383 743 3600 796 unaque

2029 836 2154 875 cum
2188 821 2289 891 ipsi
2328 836 2422 876 eos
2459 822 2552 890 qui
2580 820 2825 875 eamdem
2852 820 3187 889 impietatem
3220 819 3287 874 ad
3323 834 3384 873 se
3428 818 3598 873 duxe-

2029 921 2159 966 runt
2183 921 2237 967 et
2264 924 2671 983 expresserunt,
2698 928 2930 982 cumque
2956 911 3151 965 alienis
3174 926 3365 966 eorum
3404 920 3460 965 et
3488 910 3601 963 ab-

2030 1006 2209 1060 surdis
2241 1005 2563 1061 commentis
2591 1023 2604 1058 :
2635 1019 2803 1058 unam
2817 1005 2963 1058 enim
2992 1004 3603 1068 voluntatem,etunam

2030 1100 2400 1169 operationem
2425 1098 2644 1153 Christo
2672 1099 2784 1153 Deo
2808 1107 3019 1162 nostro,
3050 1097 3143 1165 qui
3175 1113 3241 1150 ex
3271 1097 3484 1152 duabus
3514 1098 3604 1151 in-

2030 1189 2307 1247 conversis
2345 1190 2552 1244 naturis
2580 1199 2681 1254 est,
2696 1190 2823 1248 mali
2857 1190 3040 1243 miseri
3068 1189 3431 1244 aseribebant.
3459 1188 3604 1242 Prae-

2031 1292 2177 1337 terea
2206 1292 2259 1337 et
2281 1297 2423 1347 eam,
2457 1298 2577 1353 qua:
2604 1281 2797 1337 Niczeae
2826 1283 3043 1346 iterum,
3074 1281 3213 1337 facta
3244 1289 3349 1349 est,
3393 1297 3609 1337 sacram-

2034 1386 2087 1429 et
2126 1390 2375 1445 magnam
2414 1374 2700 1445 synodum,
2743 1390 2865 1444 quae
2905 1375 3327 1440 iconomachos,
3371 1374 3426 1429 id
3478 1382 3601 1437 est,

2032 1466 2323 1536 imaginum
2370 1475 2790 1537 oppugnatores,
2826 1468 2891 1520 ac
2930 1477 3217 1537 propterea
3262 1466 3605 1520 Christoma-

2032 1557 2185 1622 chos,
2218 1557 2268 1611 id
2296 1569 2398 1624 est,
2431 1557 2710 1613 Christum
2752 1568 3153 1629 oppugnantes,
3184 1569 3240 1612 et
3283 1567 3607 1613 sanctorum

2035 1649 2447 1714 obtrectatores,
2475 1658 2533 1704 ut
2569 1659 2925 1719 purgamenta
2957 1649 3261 1704 eliminavit
3287 1665 3352 1704 ac
3387 1648 3605 1717 deiecit.

2035 1740 2169 1793 Cum
2212 1739 2279 1793 iis
2325 1748 2507 1794 autem
2542 1749 2597 1794 et
2624 1740 3000 1795 detestandam
3032 1754 3185 1810 aeque
3219 1739 3612 1794 Manichaicam

2040 1845 2230 1885 eorum
2260 1830 2511 1886 haeresim
2540 1849 2553 1885 :
2588 1832 2798 1887 Domini
2840 1834 2987 1887 enim
3024 1833 3197 1889 nostri
3238 1833 3371 1889 Jesu
3400 1833 3608 1890 Christi

2039 1924 2504 1979 eonsubstantiale
2548 1924 2710 1981 nobis
2758 1936 3008 1982 sanctum
3038 1942 3237 1997 corpus
3292 1927 3518 1999 pingere
3554 1928 3612 1982 in

2042 2014 2277 2085 imagine
2309 2013 2764 2087 abominabantur
2792 2032 2807 2069 :
2839 2015 2985 2085 pingi
3008 2030 3118 2069 non
3147 2029 3329 2084 posse,
3353 2024 3409 2068 et
3440 2014 3613 2068 incir-

2040 2105 2426 2175 cumscriptum
2442 2120 2562 2161 esse
2582 2106 2966 2161 debacchando
2987 2114 3386 2169 asseverantes,
3400 2120 3467 2162 ac
3487 2105 3616 2161 ideo

2040 2196 2199 2253 nobis
2234 2196 2701 2253 consubstantiale
2734 2213 2843 2252 non
2876 2213 3015 2259 esse,
3047 2197 3242 2253 insano
3278 2212 3432 2252 more
3477 2212 3615 2252 eon-

2037 2290 2343 2346 cludentes.
2361 2288 2470 2344 Has
2496 2290 2661 2362 igitur
2684 2298 2900 2347 sanctas
2915 2298 2970 2343 et
2984 2289 3355 2345 meumenieas
3371 2287 3614 2359 synodos

356 2382 589 2449 recipio.
613 2383 1075 2439 anathematizamus
1097 2400 1236 2453 quos
1280 2384 1902 2450 anathematizaverunt,
1946 2394 1998 2438 et
2033 2384 2430 2453 amplectenset
2447 2384 2817 2455 magnificans,
2835 2382 3613 2453 quoslaudibuscelebrarunt.

440 2472 587 2542 Αὕτη
620 2490 721 2542 μου
750 2475 899 2544 ήτῆς
929 2475 1184 2539 πίστεως,
1208 2476 1304 2529 καὶ
1332 2475 1440 2529 τῶν
1465 2478 1546 2537 εἰς
1581 2477 1792 2544 ταύτην
1843 2476 1937 2529 ἀν-

360 2567 612 2634 ηκόντων
645 2567 740 2619 καὶ
777 2567 908 2636 περὶ
937 2567 1107 2639 αὐτὴν
1140 2567 1523 2637 ὑφισταμένων
1542 2567 1821 2639 ὁμολογία,
1847 2572 1942 2621 καὶ

360 2658 427 2709 ἐν
457 2656 629 2729 ταύτῃ
653 2658 686 2726 ή
726 2656 902 2721 ἐλπὶς,
931 2658 1033 2711 οὐκ
1062 2659 1185 2728 ἐμοὶ
1213 2658 1272 2711 δέ
1308 2660 1490 2730 μόνον,
1537 2660 1672 2720 ἀλλὰ
1712 2660 1806 2713 καὶ
1835 2663 1941 2714 πᾶ-

362 2765 456 2802 σιν
489 2749 633 2811 ὅσοις
664 2747 909 2802 εὐσεϐεῖν
962 2749 1348 2820 μεμελέτηται,
1399 2750 1495 2803 καὶ
1543 2752 1640 2821 τῆς
1695 2750 1943 2821 καθαρᾶς

362 2840 466 2892 καὶ
498 2840 789 2910 ἀκιϐδήλου
832 2839 991 2910 δόξης
1039 2840 1148 2893 τῶν
1206 2841 1548 2911 Χριστιανῶν
1601 2841 1743 2904 θεῖος
1778 2842 1938 2912 ἔρως,

361 2930 761 3001 προσπέφυκεν
788 2929 1031 3000 ἔχεσθαι.
1056 2932 1275 3003 Ταύτην
1306 2927 1399 2985 οὖν
1424 2932 1584 3003 ἡμῶν
1620 2933 1720 3005 τὴν
1746 2932 1944 3003 ἔγγρα-

366 3038 474 3089 φον
509 3020 610 3090 τῆς
668 3021 905 3083 πίστεως
958 3022 1249 3091 ὁμολογίαν
1288 3021 1712 3091 ὑποστήσαντες,
1756 3026 1851 3075 καὶ
1876 3024 1943 3092 τῇ

366 3114 531 3184 ήμῶν
562 3114 806 3185 πανιέρῳ
834 3114 1070 3184 ἱερότητι
1098 3114 1168 3167 τά
1198 3113 1322 3167 καθ’
1360 3116 1509 3185 ἡμᾶς
1544 3115 1620 3178 ὡς
1662 3118 1719 3168 ἐν
1755 3115 1945 3170 πίνακι

362 3205 824 3275 διαχαράττοντες
849 3208 961 3268 τοῖς
988 3204 1170 3274 λόγοις
1197 3206 1676 3277 ἀνιστορήσαντες,
1718 3206 1853 3276 ὅπερ
1882 3204 1947 3277 δὴ

367 3297 635 3359 πολλάκις
710 3296 1054 3366 ᾐτησάμεθα,
1112 3295 1221 3349 τῶν
1282 3297 1564 3367 ὑμετέρων
1618 3296 1946 3366 ἐπιδεόμεοα

368 3387 719 3458 προσευχῶν,
778 3387 910 3440 Θεὸν
962 3389 1061 3457 μὲν
1089 3387 1246 3441 ἵλεων
1274 3389 1368 3441 καὶ
1399 3388 1604 3459 εὐμενῆ
1636 3389 1721 3455 ἐφ’
1770 3380 1851 3447 οἷς
1890 3404 1949 3440 τε

370 3480 729 3549 πράττομεν,
802 3480 897 3531 καὶ
949 3479 1400 3549 διεπραξάμεθα,
1466 3479 1615 3549 ἡμᾶς
1665 3478 1941 3547 ἐφευρεῖν,

370 3575 560 3625 πᾶσαν
614 3573 671 3626 δὲ
704 3571 1015 3625 σκανδάλων
1059 3572 1236 3642 ῥίζαν,
1266 3572 1362 3625 καὶ
1407 3572 1614 3642 πέτραν
1671 3569 1953 3640 προσκόμ-

372 3680 570 3732 ματος,
615 3666 680 3716 ἐκ
727 3663 902 3716 ποδῶν
955 3664 1296 3733 γεγενημένα
1351 3662 1451 3732 τῆς
1484 3660 1949 3730 ἐκκλησιαστικής

368 3752 633 3819 εὐταξίας
714 3752 976 3822 καθορᾷν·
1055 3749 1441 3822 ποιμαίνεσθαί
1517 3768 1578 3803 τε
1639 3750 1823 3813 καλῶς
1884 3749 1946 3801 τὸ

370 3846 644 3914 ὑπήκοον,
695 3845 772 3915 μὴ
834 3844 911 3915 τῷ
952 3844 1150 3915 πλήθει
1200 3844 1310 3897 τῶν
1358 3843 1645 3914 ἡμετέρων
1705 3843 1953 3911 ἁμαρτη-

373 3940 571 4009 μάτων
624 3939 724 4007 τὴν
775 3937 1009 3991 ἐκείνων
1029 3939 1114 3990 ἐπ’
1154 3936 1347 4008 ἁγαθῷ
1415 3936 1700 4007 προκοπὴν
1748 3934 1948 3989 ἀνακό-

373 4029 639 4097 πτεσθαι,
684 4029 758 4094 ὡς
779 4029 1028 4090 ἐντεῦθεν
1078 4030 1210 4098 ἡμῖν
1244 4028 1645 4082 πολλαπλάσιον
1672 4028 1734 4081 τὸ
1771 4026 1953 4096 ἁμάρ-

369 4141 535 4193 τημα
564 4122 1034 4192 καταγράφεσθαι.
1077 4122 1217 4177 Ἀλλ’
1263 4123 1383 4190 εἵην
1426 4120 1525 4191 μὲν
1550 4121 1738 4181 αὐτοῖς
1777 4117 1952 4186 ἔγωγε

374 4217 479 4269 καίι
532 4214 703 4270 ποιῶν
754 4217 848 4270 καὶ
915 4214 1091 4283 λέγων
1137 4214 1195 4266 ἐν
1246 4211 1568 4283 διδασκαλίᾳ
1624 4210 1693 4263 τὰ
1742 4209 1961 4272 δέοντα,

376 4311 579 4377 εἴησαν
599 4309 657 4362 δὲ
702 4308 798 4362 καὶ
819 4308 975 4363 αὐτοὶ
1003 4307 1271 4371 εὐπειθῶς
1300 4325 1361 4359 τε
1402 4306 1498 4360 καὶ
1558 4305 1788 4374 εὐηνίως
1825 4303 1960 4374 πρὸς

376 4405 485 4472 τὴν
514 4402 722 4457 ἑαυτῶν
770 4403 1045 4475 σωτηρίαν
1095 4403 1446 4473 ἀναγόμενοι,
1481 4399 1578 4453 καὶ
1620 4396 1863 4468 Χριστῷ-
1889 4398 1956 4467 τῇ

2107 2474 2233 2531 Haec
2264 2484 2349 2530 est
2384 2475 2507 2531 ﬁdei
2535 2490 2691 2541 mete,
2726 2490 2919 2531 eorum
2970 2491 3095 2547 quae
3130 2475 3201 2529 ad
3238 2475 3412 2544 ipsam
3444 2474 3620 2543 perti-

2040 2577 2191 2633 nent,
2236 2575 2292 2622 et
2327 2567 2471 2623 circa
2504 2582 2625 2621 eam
2670 2568 2994 2631 subsistunt,
3030 2565 3323 2631 confessio,
3360 2574 3419 2621 et
3455 2566 3511 2618 in
3552 2581 3635 2619 ea

2040 2672 2195 2724 spes;
2230 2672 2335 2711 nec
2368 2657 2502 2711 mihi
2541 2673 2671 2713 vero
2702 2658 2830 2723 soli,
2875 2657 2970 2712 sed
3015 2666 3071 2712 et
3119 2656 3376 2712 omnibus
3417 2657 3621 2727 quibus

2042 2749 2361 2804 meditatum
2388 2758 2475 2805 est
2508 2750 2827 2819 pievivere,
2859 2750 3168 2819 quibusque
3207 2749 3425 2805 divinus
3464 2763 3623 2804 amor

2044 2840 2263 2893 innatus
2290 2848 2396 2900 est,
2422 2853 2615 2908 puram
2638 2846 2694 2894 et
2725 2839 2995 2895 sinceram
3017 2839 3451 2895 Christianorum
3492 2854 3614 2894 sen-

2054 2930 2281 2985 temiam
2306 2930 2601 2985 retinendi.
2620 2928 2775 2986 Hanc
2800 2930 2967 3001 igitur
2992 2930 3049 2985 in
3078 2930 3298 3000 scriptis
3325 2928 3452 2985 ﬁdei
3490 2943 3625 2983 con-

2047 3021 2339 3075 fessionem
2366 3030 2689 3089 statuentes,
2708 3032 2763 3077 et
2786 3034 2983 3079 vestra
3012 3023 3395 3080 sacratissima:
3421 3024 3627 3080 sancti-

2049 3113 2140 3165 tati
2168 3127 2255 3166 res
2274 3121 2493 3169 nostras
2512 3122 2573 3168 ut
2598 3113 2655 3168 in
2686 3115 2867 3169 tabula
2882 3116 3276 3185 exprimentes,
3295 3124 3352 3172 et
3366 3131 3628 3171 sermone

2046 3214 2568 3273 commemorantes;
2602 3207 2748 3275 quod
2784 3222 2929 3276 sape
2959 3207 3276 3277 petivimus,
3316 3208 3627 3279 indigemus

2046 3297 2384 3352 orationibus
2413 3298 2631 3362 vestris,
2651 3307 2713 3352 ut
2728 3297 2897 3352 Deum
2926 3298 3220 3367 propitium
3241 3314 3307 3354 ac
3324 3299 3625 3370 benignum

2052 3388 2107 3442 in
2154 3388 2237 3441 his
2286 3402 2407 3456 qua:
2464 3388 2723 3459 gerimus,
2772 3388 3117 3443 inveniamus
3164 3406 3178 3442 :
3222 3405 3442 3445 omnem
3497 3405 3637 3445 vero

2054 3479 2431 3535 scandalorum
2485 3480 2763 3544 radicem,
2828 3490 2886 3534 et
2939 3490 3150 3550 petram
3194 3479 3516 3536 oﬂensionis
3563 3496 3633 3536 ex

2054 3574 2425 3629 ecclesiastico
2480 3574 2676 3629 ordine
2713 3574 2983 3630 sublatam
3029 3573 3361 3639 intueamur,
3392 3588 3457 3629 ac
3484 3574 3631 3628 bene

2055 3665 2205 3736 pasci
2236 3665 2504 3731 subditos,
2539 3681 2642 3721 nec
2670 3665 3019 3721 multitudine
3051 3674 3366 3721 nostrorum
3400 3664 3631 3721 delicto-

2058 3772 2200 3823 rum,
2226 3758 2443 3812 illorum
2487 3759 2541 3812 in
2585 3758 2737 3814 bono
2774 3758 3076 3829 profectum
3119 3758 3194 3813 ita
3234 3758 3522 3823 retardari,
3573 3768 3635 3814 ut

2061 3849 2193 3904 inde
2214 3849 2377 3903 nobis
2392 3850 2675 3919 multiplex
2711 3858 2996 3920 peccatum
3038 3850 3381 3916 aseribatur;
3411 3850 3505 3904 sed
3533 3864 3637 3920 ego

2061 3938 2278 4008 quidem
2297 3937 2427 4006 ipsis
2444 3936 2643 3993 faciam
2659 3947 2715 3993 et
2726 3938 2903 3994 dicam
2916 3940 2971 3993 in
2989 3940 3233 3995 doctrina
3253 3955 3375 4009 quae
3392 3948 3631 4008 oportet;

2058 4031 2097 4085 ii
2128 4045 2256 4085 vero
2279 4030 2598 4084 obedienter
2626 4039 2683 4085 et
2708 4032 3059 4086 tractabiliter
3085 4032 3151 4085 ad
3194 4046 3357 4086 suum
3390 4031 3638 4100 ipsorum

2060 4121 2292 4177 salutem
2322 4121 2611 4186 ducantur,
2640 4130 2696 4175 et
2736 4123 2957 4177 Christo
2993 4122 3238 4177 omnium
3267 4121 3432 4191 capiti
3464 4118 3636 4174 inhae-

2062 4222 2247 4268 renter
2276 4222 2744 4284 coagmententur,
2775 4214 2893 4283 ejus
2920 4214 3259 4270 humanitate
3298 4224 3355 4270 et
3385 4212 3639 4286 benigni—

2064 4314 2195 4368 tate,
2219 4303 2305 4357 cui
2334 4303 2500 4373 gloria
2538 4313 2595 4357 et
2632 4302 2922 4372 imperium
2957 4318 3083 4358 cum
3110 4302 3292 4369 Patre,
3332 4312 3391 4357 et
3439 4308 3636 4357 sancto

2066 4392 2296 4464 Spiritu,
2337 4392 2461 4446 vitae
2493 4392 2723 4462 principi
2759 4402 2813 4448 et
2855 4394 3305 4449 consubstantiali
3339 4392 3594 4447 Trinitati
3620 4432 3636 4457 ,

378 4497 605 4549 πάντων
635 4497 848 4567 κεφαλῇ
904 4495 1201 4566 προσφυῶς
1268 4490 1857 4566 συναρμολογούμενοι,
1890 4491 1950 4559 τῇ

2062 4500 2210 4539 nunc
2254 4492 2310 4537 et
2351 4498 2588 4552 semper,
2624 4490 2679 4537 et
2716 4483 2771 4536 in
2812 4483 3007 4540 saecula
3046 4485 3391 4539 saeculorum.
3439 4482 3636 4535 Amen.

377 4584 555 4643 αὐτοῦ
589 4586 971 4658 φιλανθρωπία
995 4586 1091 4641 καὶ
1131 4584 1476 4656 χρηστότητι.
1499 4577 1572 4653 τί)
1602 4582 1637 4652 ἡ
1675 4580 1824 4646 δόξα,
1854 4578 1956 4632 καὶ
1989 4576 2051 4630 τὸ
2086 4574 2286 4645 κράτος
2357 4575 2471 4660 ἅμα
2501 4574 2577 4644 τῷ
2623 4576 2819 4644 [Ia-cpi,
2864 4577 2963 4630 καὶ
3028 4577 3109 4647 τῷ
3143 4577 3284 4647 ἁγίῳ
3330 4575 3637 4641 Πνεύματι,

378 4682 455 4749 τῇ
482 4678 764 4751 ζωαρχικῇ
794 4679 889 4733 καὶ
906 4677 1176 4750 ὁμοουσίῳ
1201 4676 1393 4748 Τριάδι
1414 4674 1534 4741 νῦν,
1560 4675 1655 4730 καὶ.
1710 4673 1821 4738 ἀεὶ,
1840 4672 1934 4725 καὶ⁹
1955 4670 2037 4734 είς
2054 4669 2178 4731 τοὺς
2199 4666 2403 4730 αἰῶνας
2428 4667 2537 4720 τῶν
2567 4666 2799 4722 αἰώνων.
2841 4670 2896 4722 Ἀ
2908 4669 3040 4739 μήν.

1022 4795 1246 4851 EPIST.
1297 4793 1364 4849 11.

2682 4785 2907 4839 ΕΠΙΣΤ.
2950 4784 3023 4836 Βθ·

552 4890 614 4941 ‘ll
636 4889 969 4952 ἀντολογητικὴ¹
988 4889 1217 4945 ἐπιστολὴ
1240 4884 1328 4935 τοῦ
1346 4884 1541 4952 Φωτίού
1551 4884 1675 4952 πρὸς
1693 4882 1777 4929 τὸν
1799 4879 1968 4952 πάπαχ
1997 4878 2259 4952 Νικόλαον,
2279 4879 2328 4927 ἐν
2354 4878 2425 4934 οίς
2442 4879 2693 4941 ἐμέμψατο
2716 4877 2849 4939 αὐτῷ
2884 4876 2967 4925 διὰ
2982 4877 3069 4933 τήν
3088 4877 3206 4938 πρὸς
3227 4876 3312 4924 τὸν
3334 4875 3500 4938 Θρὸνον

722 4996 727 4997 ,
802 4941 814 4952 ’
842 4941 852 4947 ’
954 4941 962 4945 ’
1207 4941 1216 4945 ⁷
1525 4941 2072 4995 Κώνσταντινονπὸλεως
2090 4941 2387 4989 ἀναϐίϐασιν.

391 5039 483 5105 Τῷ
506 5039 579 5093 τὰ
608 5039 806 5094 πάντα
842 5035 1162 5107 ἁγιωτάτῳ,
1208 5032 1497 5104 ἱερωτάτῳ
1551 5030 1814 5099 ἀδελφῷ,
1864 5028 1965 5081 καὶ

462 5129 914 5199 συλλειτουργῷ
937 5128 1210 5194 Νικολάῳ
1241 5126 1410 5192 adyta
1431 5124 1541 5192 τῆς
1561 5123 1968 5191 πρεσϐυτέρας

477 5224 718 5294 Ῥώμης,
761 5222 984 5289 Φώτιος
1029 5222 1363 5286 ἐπίσκοπος
1401 5216 1968 5276 Κωνσταντινουπό-

463 5321 619 5383 λεως
655 5316 798 5381 νέας
837 5315 1075 5384 Ῥώμης.

2062 5025 2125 5079 In
2160 5026 2397 5079 omnibus
2422 5026 2757 5081 sanctissimo
2789 5024 3150 5077 sacratissimo
3179 5024 3336 5093 fratri
3364 5027 3644 5079 etcommi-

2134 5123 2300 5174 nistro
2330 5120 2550 5175 Nicolao
2570 5122 2733 5191 Papa:
2754 5122 2974 5175 senioris
3002 5119 3182 5173 Roma:
3212 5117 3432 5173 Photius
3450 5119 3647 5186 episco-

2136 5234 2232 5285 pus
2263 5214 2782 5283 Constantinopoleos
2815 5228 2957 5267 noua:
2989 5211 3187 5266 Roman

1397 5400 1574 5462 ιλοειι,
1602 5402 1636 5450 ι.
1660 5414 1706 5449 c.
1735 5414 1784 5462 p.
1808 5400 1917 5451 $39.
1941 5426 2002 5439 —
2027 5397 2268 5452 Baronius
2293 5396 2351 5444 ad
2379 5406 2492 5442 ann.
2522 5388 2634 5441 861.

479 5493 729 5563 ’Λγάπης
760 5492 859 5561 μὲν
891 5488 968 5551 ὡς
1012 5485 1231 5554 ἀληθῶς
1260 5484 1411 5539 οὐδὲν
1438 5486 1624 5555 κτῆμα
1648 5485 1971 5554 σεμνότερον

394 5589 523 5645 οὐδέ
548 5582 874 5655 τιμιώτερον
905 5581 999 5634 καὶ
1031 5582 1153 5643 ταῖς
1191 5580 1399 5641 κοιναῖς
1432 5577 1666 5641 ἐννοίαις
1692 5577 1971 5647 ἀνωμολό-

2152 5481 2434 5536 Charitate
2504 5492 2633 5531 vere
2700 5473 2837 5527 nihil
2912 5469 3283 5527 venerabilius
3358 5486 3501 5536 esse,
3550 5487 3654 5527 nec

2084 5573 2397 5646 pretiosius,
2444 5578 2501 5624 et
2552 5565 2937 5624 communibus
3002 5562 3292 5617 sententiis
3335 5561 3652 5618 confessum

1858 5667 2091 5723 NU'I'JE.

474 5772 556 5843 (‘2)
583 5770 740 5825 Falso
768 5782 1033 5843 accusans
1070 5764 1367 5843 Honorium
1391 5780 1427 5843 ὲ
1448 5778 1546 5843 nec
1575 5763 1703 5843 sine
1720 5761 1844 5843 dolo
1880 5776 1977 5839 po-

412 5832 961 5913 tnit'pratlertuisissc
994 5835 1261 5907 Pyrrhum
1306 5843 1359 5889 ct
1390 5832 1615 5889 Paulum
1666 5833 1949 5889 Constanti

2090 5759 2433 5824 nonalitanOs
2462 5755 2801 5825 patriarchas
2851 5751 3078 5825 haeresis
3124 5757 3375 5825 auctores
3426 5756 3687 5825 et_pt'o-.

2090 5817 2431 5901 pugnatorcs.
2464 5817 2562 5881 'DC
2606 5825 2843 5880 llonm‘m
2874 5822 2999 5877 Vidi:
3038 5833 3164 5874 tum.
3200 5817 3312 5874 Vill
3340 5820 3529 5875 Annal.
