4032 6430
438 319 548 387 595

1576 337 1839 399 PHOTII
1880 339 2391 402 PATRIABCH/E
2427 339 2536 399 ΟΡ.

3604 323 3709 408 596

431 447 538 502 est,
580 445 638 492 et
687 437 865 496 sacris
907 439 1142 512 eloquiis
1201 451 1484 501 testatum.
1548 445 1652 503 Per
1706 464 1826 504 eam
1879 451 2017 505 enim

2131 468 2320 522 γηται,
2361 451 2456 504 καὶ
2505 451 2617 513 τοῖς
2666 450 2834 514 θείοις
2867 450 3088 520 Δογίοις
3124 453 3588 526 ἐπιμαρτύρεται.
3631 459 3710 510 Δι’

429 543 680 598 separata
716 531 1146 605 coniunguntur,
1185 544 1244 591 et
1272 538 1632 608 paciﬁcantur
1655 542 1953 614 pugnantia
1988 545 2028 609 ‘,

431 631 492 678 et
520 624 735 691 juncta,
769 625 1182 698 domesticaque
1207 631 1384 701 magis
1420 635 1834 700 consociantur,
1879 635 2030 690 sedi-

431 716 698 784 tionibus,
741 708 1300 793 contentionibusque
1329 724 1536 780 aditum
1571 741 1681 780 non
1705 726 2027 796 praebentia-

432 807 556 878 Ipsa
601 811 749 864 enim
799 827 913 866 non
944 813 1148 884 cogitat
1197 816 1424 881 malum,
1466 817 1562 880 sed
1581 819 1765 872 omnia
1807 818 2026 882 sull‘ert,

430 902 617 956 omnia
643 912 849 972 Sperat.
878 905 1066 960 omnia
1107 908 1383 975 sustinet,
1414 925 1519 964 nec
1557 926 1797 980 unquam
1848 911 2025 981 (iuxta

439 995 638 1050 bonum
665 995 920 1068 Paulum)
948 999 1176 1056 excidit.
1207 1001 1329 1071 Ipsa
1369 1011 1426 1056 et
1458 1001 1694 1058 famulos
1725 1003 1818 1074 qui
1847 1004 2025 1058 oﬂ‘en-

433 1085 654 1150 derunt,
688 1087 928 1144 dominis
949 1092 1292 1158 reconciliat,
1321 1102 1533 1150 naturae
1557 1095 1814 1151 eumdem
1856 1097 2023 1151 hono-

438 1193 549 1234 rem
582 1179 650 1235 ad
673 1179 1052 1238 defensionem
1099 1183 1294 1254 lapsus
1328 1199 1637 1256 opponens.
1672 1189 1796 1256 ipsa
1828 1196 1884 1243 et
1923 1188 2022 1243 do-

439 1271 712 1328 minorum
744 1276 1068 1330 saevientem
1100 1276 1342 1333 furorem
1397 1279 1602 1335 leniter
1660 1279 1809 1337 ferre
1858 1281 2021 1336 mini-

438 1371 576 1420 stros
611 1365 826 1432 edocet,
874 1366 1109 1423 fortunae
1157 1369 1568 1440 imparilitatem
1619 1373 1912 1428 consolans
1948 1387 2016 1429 ex

441 1469 624 1510 eorum
657 1457 750 1527 qui
779 1456 972 1514 eadem
1001 1460 1284 1530 patiuntur
1311 1463 1692 1520 similitudine.
1712 1464 1779 1520 Et
1802 1474 2019 1536 patrum

441 1550 491 1601 in
543 1547 686 1604 ﬁlios
737 1549 1075 1606 iracundiam
1122 1553 1337 1625 mitigat
1385 1564 1550 1625 atque
1602 1555 1904 1622 exhilarat;
1965 1565 2022 1612 et

443 1637 877 1694 nussitationem
942 1640 1181 1696 ﬁliorum
1257 1642 1313 1697 in
1335 1651 1614 1714 parentes,
1685 1645 1806 1701 sine
1830 1645 2020 1702 dolore

2135 544 2309 615 αὐτῆς
2330 543 2440 615 γὰρ
2472 543 2542 596 τά
2562 543 2824 598 διεστῶτα
2842 544 3193 608 συνάπτεται,
3227 546 3322 600 καὶ
3343 547 3711 618 είρηνοποιεϊς

2131 653 2224 688 ται
2250 636 2320 689 τὰ
2357 636 2663 706 μαχόμενα,
2690 637 2786 690 καὶ¹
2826 637 2895 690 τά
2923 638 3102 691 οίκεῖα
3172 637 3373 708 μᾶλλον
3403 639 3709 710 συσφίγγεο

2130 744 2244 793 ται,
2278 729 2400 790 ταῖς
2430 727 2672 792 στάσεσι,
2697 729 2791 782 καὶ
2821 730 2941 792 ταῖς
2974 729 3356 798 φιλονεικίαις,
3386 732 3623 804 πάροδον
3645 733 3710 787 οὐ

2130 819 2512 892 παρεχόμενα·
2545 819 2684 891 αὔτη
2713 820 2823 892 γάρ
2847 822 2909 874 οὐ
2947 821 3224 890 λογίζεται
3249 822 3312 876 τὸ
3342 824 3536 890 κακὸν,
3571 824 3712 880 ἀλλά

2129 915 2312 969 πάντα
2339 913 2579 986 στέργει,
2614 915 2796 968 πάντα
2818 915 3101 986 ὑπομένει,
3132 917 3228 970 καὶ
3250 918 3535 983 οὐδέποτε,
3563 921 3709 978 κατά

2126 1006 2220 1060 τὸν
2250 1006 2519 1078 μακάριον
2550 1006 2784 1074 Παῦλον,
2811 1006 3093 1062 ἐκπίπτει·
3113 1008 3252 1080 αῦτη
3283 1011 3379 1063 καὶ
3400 1009 3708 1081 θεράποντα

2126 1096 2554 1168 ἐξημαρτηκότα
2570 1096 2866 1162 δεσπόταις
2891 1099 3262 1154 καταλλάσσει
3292 1101 3393 1173 τὴν
3411 1104 3708 1174 όμοτιμίαν

2124 1193 2225 1264 τῆς
2252 1191 2472 1262 φύσεως
2495 1193 2577 1256 είς
2606 1191 2905 1262 ἀπολογίαν
2935 1193 3350 1266 προϐαλλομένη
3373 1194 3468 1249 τοῦ
3489 1195 3712 1266 ὀλισθή-

2129 1301 2301 1354 ματος
2321 1300 2337 1316 ο
2362 1282 2504 1356 αὕτη
2530 1283 2625 1339 καὶ
2642 1283 2920 1339 δεσποτῶν
2945 1285 3300 1356 ἀγριαίνοντα
3315 1287 3488 1357 θυμὸν
3511 1287 3708 1358 πράως

2126 1376 2314 1448 φέρειν
2336 1377 2463 1440 τοὺς
2489 1377 2965 1448 ὑπηρετουμένους
2985 1376 3253 1443 παιδεύει,
3283 1376 3382 1448 τήν
3407 1377 3506 1448 τῆς
3533 1377 3710 1448 τύχης

2122 1466 2417 1536 ἀνισότητα
2451 1466 2925 1540 παραμυθουμένη
2979 1467 3090 1521 ἀπὸ
3145 1468 3248 1539 τῆς
3284 1467 3394 1520 τῶν
3440 1468 3510 1521 τά
3564 1469 3708 1523 αὐτὰ

2125 1557 2442 1628 πασχόντων
2465 1557 2808 1628 ὁμοιότητος.
2830 1557 2940 1610 Kal.
2963 1556 3172 1628 πατρὸς
3199 1556 3294 1608 ἐπὶ
3317 1557 3531 1619 τέκνοις
3562 1575 3639 1610 πα
3647 1575 3708 1627 ρ-

2121 1650 2386 1722 οργισμδν
2420 1648 2696 1720 ίλαρύνει,“
2726 1650 2822 1704 καὶ
2848 1649 3161 1718 γογγυσμδν
3213 1649 3419 1704 τέκνων
3449 1651 3564 1713 τοῖς
3595 1667 3709 1703 πα-

442 1730 684 1800 accipere
728 1732 1005 1799 hortatur,
1036 1734 1340 1789 naturalem
1396 1735 1642 1791 habitum
1669 1745 1726 1791 et
1761 1735 2017 1791 allectum

2124 1744 2318 1814 τράσιν
2347 1741 2571 1806 ἀλύπως
2604 1741 2916 1814 παρακαλεῖ
2953 1742 3369 1812 καταδέχεσθαι,
3403 1743 3502 1813 τὴν
3538 1759 3706 1813 φυσι-

451 1829 684 1878 nutuum
714 1839 933 1880 armans
959 1835 1154 1880 contra
1195 1842 1314 1881 eam
1367 1827 1790 1897 disiunctionem
1825 1844 1948 1898 qua:
1987 1843 2017 1882 a

2124 1805 2228 1904 xiiv
2261 1832 2448 1903 σχέσιν
2473 1805 2616 1887 κατὰ
2635 1805 2737 1902 της
2768 1832 2915 1903 παρά
2937 1831 3103 1901 φύσιν
3129 1805 3334 1902 λύσσης
3358 1805 3667 1896 νὸπλίζουσα
3685 1849 3702 1862 ·

433 1922 632 1968 natura
663 1915 960 1972 abhorret:
993 1925 1050 1972 et
1081 1917 1275 1972 amicis
1305 1916 1476 1971 rixam
1503 1917 1837 1973 incidentem
1865 1917 2020 1973 facile

432 2005 672 2076 repellit,
709 2016 768 2062 ut
793 2020 1114 2062 communes
1136 2007 1280 2063 sales
1309 2023 1464 2078 teque
1486 2023 1550 2063 ae
1570 2015 1822 2062 naturam
1854 2022 2018 2061 reve-

436 2107 666 2154 reantur
714 2099 1015 2155 adhortans
1047 2119 1061 2156 :
1090 2111 1147 2157 et
1175 2116 1270 2156 eos
1306 2102 1399 2172 qui
1440 2101 1494 2156 in
1527 2101 1717 2157 eadem
1768 2101 1836 2156 de
1883 2100 2016 2162 Deo,

434 2189 708 2258 rebusque
733 2187 932 2244 divinis
955 2190 1232 2245 sententia
1257 2200 1406 2254 sunt,
1439 2191 1690 2261 quamvis
1729 2191 1838 2245 sint
1869 2190 2021 2245 loco-

429 2293 554 2333 rum
583 2279 869 2336 intervallo
897 2281 1183 2351 disiuncti,
1207 2291 1264 2339 et
1295 2283 1629 2339 oculisinter
1656 2298 1714 2338 se
1736 2297 2015 2352 nunquam

433 2371 692 2440 viderint,
744 2375 1033 2447 coniungit
1089 2386 1146 2432 et
1205 2377 1498 2432 sententiis
1543 2376 1905 2447 couglutinat,
1965 2384 2020 2430 et

429 2480 595 2522 veros
633 2465 761 2522 facit
787 2467 1032 2534 amicos;
1065 2485 1130 2524 ac
1156 2469 1201 2524 si
1228 2468 1366 2524 forte
1392 2469 1654 2524 alteruter
1675 2468 1742 2523 ad
1794 2467 2018 2522 incusa-

433 2555 615 2612 tiones
648 2555 1148 2614 inconsiderantius
1170 2559 1401 2624 venerit,
1441 2558 1592 2613 casui
1624 2557 1701 2612 illi
1743 2558 2017 2622 medetur,

429 2648 725 2718 omniaque
784 2647 1139 2721 redintegrat,
1190 2649 1406 2706 ﬁrmum
1454 2649 1857 2721 coniunctionis
1899 2649 2022 2706 vitt-

432 2739 618 2795 culum
647 2755 1005 2798 conservans.

509 2917 642 2974 Haec
675 2927 734 2974 et
755 2926 960 2975 nostra:
1009 2921 1377 2977 mediocritati
1406 2922 1702 2993 persuasit,
1745 2937 1857 2976 non
1890 2935 2020 2990 gra-

433 3010 578 3066 viter
625 3011 1040 3082 obiurgationes
1083 3014 1251 3076 ferre,
1301 3031 1422 3085 qua:
1478 3030 1508 3068 a
1562 3022 1742 3069 vestra
1794 3021 2021 3082 paterna

432 3104 724 3160 sanctitate
752 3106 1064 3176 iaculorum
1093 3107 1268 3162 instar
1319 3106 1536 3174 emissae
1565 3115 1729 3172 sunt;
1755 3121 1818 3160 ac
1863 3105 2016 3168 fecit,

433 3207 495 3252 ut
526 3197 846 3264 arbitrarer,
881 3198 1185 3268 perturbati
1215 3198 1384 3253 animi
1418 3199 1520 3254 hos
1549 3198 1691 3254 fetus
1733 3215 1842 3254 non
1871 3215 2015 3265 esse,

433 3304 538 3345 nec
586 3291 786 3345 mentis
831 3289 1202 3346 oﬂensionum
1242 3299 1299 3346 et
1339 3291 1754 3347 inimicitiarum
1804 3293 2016 3362 cupida:

432 3382 640 3448 verba;
673 3382 767 3438 sed
801 3382 988 3453 potius
1030 3381 1261 3438 affectus
1291 3385 1402 3438 veri
1440 3398 1504 3438 ac
1549 3383 1688 3438 nihil
1737 3385 2013 3455 ﬁngentis,

430 3482 488 3529 et
536 3473 969 3530 ecclesiasticum
991 3473 1242 3529 ordinem
1287 3475 1566 3529 subtiliter
1621 3476 2010 3538 examinantis,

430 3573 596 3634 atque
622 3565 691 3620 ad
731 3581 1008 3620 summum
1049 3575 1305 3621 accurata
1357 3567 1639 3638 diligentia
1681 3568 1884 3624 ducere
1928 3569 2012 3622 ni-

430 3658 624 3713 tentis.
653 3657 788 3713 Nam
815 3659 862 3714 si
895 3670 1122 3731 propter
1147 3675 1416 3715 summam
1471 3661 1868 3732 benignitatem
1895 3677 2013 3716 non

429 3751 686 3807 concedit
705 3753 906 3807 malum
935 3763 996 3808 ut
1018 3754 1220 3808 malum
1251 3753 1524 3824 cogitare:
1549 3754 1826 3823 quomodo
1848 3755 2012 3820 sinet,

429 3845 636 3901 malum
659 3861 805 3909 esse,
843 3847 1253 3916 pronuntiare?
1276 3863 1339 3902 ea
1363 3848 1510 3902 enim
1566 3849 1706 3902 ratio
1759 3847 2015 3918 benigni—

430 3949 598 3998 tatem
633 3957 752 3997 esse
787 3943 964 4007 novit,
997 3960 1118 4014 qua:
1160 3959 1402 4014 eousque
1427 3945 1792 4014 progreditur,
1832 3955 1891 4000 ut
1920 3960 2013 4000 eos

429 4033 599 4088 etiam
628 4035 724 4103 qui
763 4035 1010 4089 dolorem
1045 4035 1178 4090 dant
1209 4035 1474 4090 beneﬁcio
1501 4037 1716 4091 alliciat.
1741 4035 2009 4102 Quoniam

429 4137 564 4178 vero
595 4121 734 4176 nihil
769 4123 1044 4193 prohibet,
1070 4125 1370 4194 quominus
1399 4134 1454 4179 et
1497 4124 1693 4180 fratres
1728 4141 1854 4180 cum
1899 4125 2013 4180 fra-

430 4218 630 4280 tribus.
658 4229 715 4274 et
743 4235 866 4275 eum
899 4219 1160 4276 Patribus
1189 4221 1285 4276 ﬁlii
1317 4221 1371 4274 in
1399 4237 1531 4276 vero
1566 4221 1802 4276 dicendo
1841 4221 2009 4276 liber-

428 4319 598 4366 tatem
635 4311 926 4368 obtineant
951 4313 1111 4382 (nihil
1154 4314 1300 4368 enim
1338 4313 1568 4369 amicius
1599 4314 1852 4382 veritate)
1884 4314 2012 4368 licet

425 4412 485 4458 et
508 4403 670 4459 nobis
699 4403 874 4460 libero
900 4421 1156 4460 sermone
1187 4406 1265 4460 uti
1285 4422 1349 4461 ac
1378 4407 1621 4462 scribere
1650 4423 1760 4461 non
1787 4417 2008 4463 contra-

2123 1925 2217 1978 καὶ
2251 1923 2428 1992 φίλοις
2479 1922 2597 1994 έριν
2645 1921 2995 1993 ἐμπεσοῦσαν
3043 1922 3242 1994 ῥᾳδίως
3268 1921 3549 1984 ἀπώσατο,
3576 1922 3707 1984 τοὺς

2123 2016 2336 2079 κοινοὺς
2366 2015 2501 2080 ἀλας
2525 2017 2618 2070 ίσσ.
2641 2014 2857 2083 φύσεως
2899 2012 3268 2068 δυσωπεῖσθαι
3295 2013 3702 2086 παραινέσασα.

2123 2108 2234 2163 Καὶ
2259 2108 2387 2172 τοὺς
2413 2106 2515 2178 τὴν
2549 2107 2720 2179 αὐτὴν
2759 2106 2924 2160 πάλιν
2954 2106 3086 2175 περὶ
3117 2104 3180 2159 τὸ
3205 2106 3357 2158 Θεῖον
3389 2105 3546 2170 δόξαν
3569 2123 3706 2177 κρα-

2122 2200 2402 2265 τύνοντας,
2463 2199 2570 2254 κάν
2592 2199 2668 2263 ώς
2709 2197 3050 2272 πορρωτάτω
3099 2197 3489 2269 παροικοῦντες
3541 2189 3702 2260 ὦσιν,

2124 2294 2227 2348 κᾶν
2255 2293 2559 2365 ὀφθαλμοῖς
2587 2292 2836 2362 ἀλλήλων
2863 2290 3017 2345 οὔπω
3047 2291 3364 2362 ώράθησαν,
3401 2291 3482 2354 είς
3505 2289 3706 2343 ἕνωσιν

2122 2387 2269 2454 ἄγει,
2293 2385 2389 2439 καὶ
2413 2384 2656 2454 γνώμαις
2671 2383 2956 2441 συνάπτει.
2980 2383 3075 2436 καὶ
3091 2381 3279 2451 φίλους
3299 2381 3516 2452 ἀληθεῖς
3534 2383 3704 2452 ἀπερ-

2123 2478 2371 2547 γάζεται.
2402 2476 2522 2531 Κάν
2553 2493 2656 2529 που
2700 2475 2855 2545 τύχοι
2890 2474 3117 2545 θάτερον
3157 2475 3237 2537 είς
3264 2472 3704 2544 ἀπερισκέπτως

2127 2566 2366 2638 μέμψεις
2395 2565 2624 2637 θατέρου
2660 2564 3073 2634 κατολισθῆσαι,
3121 2561 3215 2616 τὸν
3249 2560 3349 2632 μὲν
3375 2558 3451 2630 μὴ
3481 2557 3703 2625 λογίσα-

2126 2657 2271 2721 σθαι,
2297 2659 2391 2710 τὸν
2420 2656 2478 2710 δὲ
2513 2655 2936 2730 μεταμελεῖσθαι
2980 2653 3480 2723 παρασκευάσασα.
3526 2652 3701 2722 ῥᾷστα

2121 2750 2185 2803 τὸ
2224 2748 2440 2819 συμϐὰν
2470 2745 2805 2812 ἀνεσώσατο,
2840 2744 2930 2798 τὸν
2959 2742 3060 2814 τῆς
3101 2739 3346 2804 ἐνώσεως
3374 2737 3573 2810 δεσμὸν
3595 2739 3700 2809 ἀῤ-

2127 2841 2268 2916 ραγῆ
2305 2857 2468 2909 συντη
2479 2839 2542 2908 ρή
2552 2855 2713 2892 σασα.

2191 2931 2342 3002 Αῦτη
2389 2931 2484 2983 καὶ
2530 2928 2628 3001 τὴν
2678 2927 2955 3000 ἡμετέραν
2991 2924 3323 2997 μετριότητα
3374 2921 3703 2994 ἀνεπαχθῶς

2122 3027 2292 3082 οἴσειν
2323 3024 2422 3086 τάς
2442 3022 2812 3092 ἐπιτιμήσεις,
2837 3019 2894 3074 αἳ
2939 3019 3093 3089 παρά
3125 3017 3223 3086 τῆς
3247 3015 3404 3087 ὑμῶν
3427 3013 3702 3085 πατρικῆς

2121 3119 2402 3188 ὁσιότητος
2433 3114 2657 3184 βολίδων
2687 3113 2845 3184 δίκην
2887 3111 3188 3182 ὴφέθησαν,
3220 3109 3458 3163 ἔπεισεν.
3491 3107 3568 3162 Οὐ
3594 3108 3704 3178 γάρ

2125 3206 2437 3280 ἐμπαθείας
2463 3202 2637 3258 ταῦτα
2687 3202 2986 3272 κινήματα,
3045 3199 3168 3253 οὺδέ
3217 3196 3446 3268 γνώμης
3496 3196 3700 3266 φιλαπ-

2127 3299 2430 3371 εχθήμονος
2467 3296 2711 3368 ῥήματα,
2751 3292 3028 3348 ἄπλαστον
3067 3289 3126 3343 δὲ
3161 3289 3362 3361 μᾶλλον
3383 3286 3698 3350 διαθέσεως,

2125 3392 2221 3445 καί⁸
2277 3387 2376 3460 τὴν
2424 3383 2886 3457 ἐκκλησιαστικὴν
2913 3381 3067 3447 τάξιν
3093 3383 3172 3445 είς
3214 3381 3386 3452 ἄκρον
3410 3377 3698 3449 ἀκριϐολοο

2123 3482 2327 3552 γούσης
2361 3477 2675 3548 λογίζεσθαι
2709 3475 3144 3548 παρεσκεύασεν.
3195 3476 3261 3528 Ei
3314 3472 3426 3544 γάρ
3477 3471 3598 3526 οὐδὲ
3640 3469 3700 3524 τὸ

2124 3575 2292 3629 κακὸν
2321 3572 2390 3627 δι’
2423 3570 2734 3642 ὑπερϐολὴν
2763 3567 3138 3640 χρηστότητος
3186 3567 3262 3629 ὡς
3293 3566 3468 3620 κακὸν
3491 3564 3700 3634 λογίζε-

2125 3667 2250 3720 σθαι
2274 3665 2513 3731 δίδωσιν,
2534 3665 2674 3734 ὅπερ
2707 3661 2817 3715 οὐδ’
2847 3661 2956 3714 ἀπὸ
2981 3659 3183 3724 κακίας
3212 3659 3344 3724 ἴσως
3374 3659 3696 3730 προάγεται,

2122 3763 2171 3813 εἰ
2189 3759 2283 3812 καί¹
2307 3759 2490 3821 λυπεῖ,
2522 3757 2616 3810 καὶ
2639 3755 2888 3825 πλήττει,
2916 3752 3013 3806 καὶ
3043 3753 3190 3824 ἀνιᾷ,
3217 3751 3334 3814 πῶς
3355 3751 3505 3806 ἐάσει
3529 3749 3699 3804 κακὸν

2120 3849 2553 3919 ἀποφαίνεσθαις
2585 3847 2803 3918 ἐκείνην
2823 3846 2932 3917 γὰρ
2959 3847 2987 3899 ὁ
3009 3845 3167 3914 λόγος
3190 3840 3300 3898 οἶδε
3329 3844 3695 3914 χρηστότητα,

2119 3943 2244 4011 ἥτις
2265 3941 2371 3993 κάν
2394 3941 2512 4001 ταῖς
2540 3937 2648 3990 τῶν
2661 3934 2980 3988 λυπούντων
3006 3931 3350 4001 εὐεργεσίαις
3373 3928 3698 4000 ὑπερεκτεί-

2119 4051 2292 4088 νεται,
2329 4031 2483 4084 Ἐπεὶ
2509 4031 2565 4084 δέ
2588 4028 2744 4082 οὐδὲν
2773 4027 2974 4081 κωλύει
3007 4027 3104 4080 καὶ
3126 4023 3376 4093 ἀδελφοῖς
3408 4021 3692 4091 ἀδελφοὺς,

2121 4127 2217 4180 καὶ
2242 4125 2483 4195 πατράσι
2505 4122 2674 4175 τέκνα
2702 4122 2762 4174 ἐν
2789 4119 2868 4189 τῷ
2894 4117 3184 4190 ἀληθεύειν
3212 4112 3693 4187 παρρησιάζεσθαι

2121 4216 2295 4285 (οὐδὲν
2325 4216 2435 4284 γὰρ
2466 4215 2566 4282 τῆς
2593 4211 2854 4281 ἀληθείας
2875 4209 3228 4279 φιλαίτερον),
3253 4208 3434 4274 ἔξεστι
3456 4206 3549 4260 καὶ
3568 4206 3696 4276 ἡμῖν

2119 4307 2683 4381 παῤῥησιασαμένους
2707 4305 2883 4357 εἰπεῖν
2902 4304 3002 4357 οὐκ
3031 4301 3342 4369 ἀντιλογίαν
3359 4299 3690 4369 γράφοντας,

2118 4401 2234 4456 ἀλλ’
2264 4399 2562 4467 ἀπολογίαν
2593 4397 2973 4466 προΐσχοντας,
2997 4395 3072 4458 ὡς
3101 4395 3270 4465 ἐχρῆν
3300 4393 3397 4463 τὴν
3426 4391 3694 4461 ὑμετέραν

424 4493 645 4549 dicendi
692 4494 895 4562 studio,
946 4496 1042 4550 sed
1091 4494 1423 4552 defendendi
1481 4498 1785 4553 voluntate.
1831 4498 2013 4570 Opor-

2124 4493 2205 4547 ἐπ’
2240 4493 2409 4563 ἀρετῇ
2435 4489 2772 4558 τελειότητα,
2804 4487 2912 4557 πρὸ
2938 4487 3047 4540 τῶν
3073 4486 3249 4540 ἄλλων
3283 4486 3383 4554 μὲν
3415 4485 3691 4546 ἁπάντων,

425 4586 601 4643 tuisse
654 4601 856 4658 nempe
927 4596 1167 4642 vestram
1222 4588 1278 4642 in
1328 4588 1533 4644 virtute
1589 4590 2009 4660 perfectionem,

424 4686 552 4734 ante
581 4677 688 4734 alia
727 4679 910 4734 omnia
942 4680 1386 4736 considerantem
1417 4681 1622 4737 invitos
1651 4697 1754 4737 nos
1784 4683 1852 4738 ad
1906 4683 2013 4737 hoc

418 4774 608 4844 iugum
639 4781 840 4830 tractos
869 4789 1136 4839 esse,non
1169 4774 1475 4842 increpare,
1495 4775 1590 4829 sed
1607 4774 1885 4840 misereri;
1913 4789 2018 4829 nec

424 4865 729 4935 despicere,
783 4867 880 4920 sed
937 4867 1260 4921 eondolere.
1320 4866 1695 4922 Misericordia
1742 4867 1892 4921 enim
1957 4874 2016 4920 et

426 4957 742 5013 humanitas
766 4958 834 5014 iis
855 4960 1053 5029 quibus
1099 4959 1331 5014 all‘crtur
1357 4957 1460 5022 vis,
1481 4959 1731 5024 debetur,
1758 4974 1870 5012 non
1912 4957 2012 5011 ob-

417 5049 662 5120 iurgatio
726 5058 822 5104 aut
878 5060 1248 5122 contemptus.
1316 5050 1434 5104 Vim
1489 5051 1634 5106 enim
1699 5051 2008 5117 subiimus;

423 5150 684 5213 quantam
699 5151 902 5204 autem,
923 5143 1065 5198 Deus
1081 5145 1168 5197 cui
1193 5145 1376 5198 omnia
1394 5143 1559 5198 etiam
1588 5144 1800 5198 occulta
1823 5151 2011 5213 aperta

425 5250 577 5305 sunt,
607 5239 725 5309 ipse
752 5238 913 5292 simul
941 5239 1062 5303 scit,
1100 5240 1254 5295 inviti
1273 5241 1481 5294 detenti
1501 5256 1724 5305 sumus;
1751 5239 1805 5292 in
1833 5244 2018 5294 custo-

423 5334 512 5387 dia
542 5349 696 5402 mque
728 5348 790 5386 ac
819 5341 1005 5386 sontes
1035 5333 1226 5399 habiti,
1271 5331 1532 5388 custodiis
1559 5332 2016 5394 observabamur;

425 5423 751 5494 suffragium
795 5422 863 5476 de
923 5422 1102 5483 nobis,
1168 5422 1326 5476 nobis
1378 5420 1759 5481 renuentibus,
1812 5419 2016 5471 latum:

424 5513 589 5571 creati
627 5529 818 5568 sumus
837 5512 1050 5578 ﬁentes,
1083 5521 1394 5581 querentes,
1420 5512 1518 5580 ipsi
1551 5510 1914 5580 nosmetipsos
1938 5508 2020 5562 fe—

424 5607 648 5668 rientes,
668 5613 724 5659 et
752 5604 1094 5659 alllietantcs.
1117 5602 1309 5657 Sciunt
1355 5607 1470 5658 haec
1499 5618 1720 5656 omnes:
1743 5617 1850 5655 non
1873 5600 2019 5653 enim

2116 4586 2178 4639 τδ
2207 4585 2442 4646 ἄκοντας
2487 4583 2636 4653 ἡμᾶς
2690 4581 2770 4644 είς
2797 4579 2890 4632 τὸν
2925 4578 3090 4647 ζυγὸν
3129 4577 3321 4632 τοῦτον
3367 4575 3692 4642 ἑλκυσθῆναι

2112 4676 2517 4733 διασκοποῦσαν
2553 4673 2628 4744 μὴ
2667 4673 2952 4741 ἐπιτιμᾷν,
2989 4669 3104 4724 ἀλλ’
3136 4669 3330 4732 ἐλεεῖν,
3360 4667 3486 4738 μηδ’
3523 4667 3691 4734 ὑπερο

2119 4771 2274 4840 ορᾷν,
2311 4767 2448 4821 ἀλλά
2488 4764 2774 4833 συναλγεῖν
2795 4780 2809 4794 ·
2867 4763 3018 4825 έλεος
3047 4761 3158 4832 γάρ
3191 4761 3286 4813 καὶ
3307 4755 3692 4828 φιλανθρωπία

2117 4864 2232 4925 τοῖς
2259 4859 2377 4930 βίαν
2406 4857 2694 4919 παθοῦσιν,
2723 4853 2842 4908 ἀλλ’
2886 4853 2986 4906 οὑκ
3019 4852 3335 4922 ἐπιτίμησις
3369 4851 3402 4920 ἡ
3444 4850 3692 4919 παρόρα-

2120 4971 2204 5015 σις
2241 4949 2620 5018 ἐποφείλεται·
2657 4946 2778 5016 βίαν
2831 4945 2941 5014 γὰρ
2971 4945 3310 5014 ὑπέστημεν,
3355 4941 3453 4995 καὶ
3478 4941 3690 5010 ἡλίκην,

2118 5047 2275 5108 Θεὸς,
2382 5043 2562 5098 πάντα
2597 5041 2694 5094 καὶ
2723 5039 2795 5093 τά
2843 5039 3052 5111 κρύφια
3090 5037 3500 5106 πεφανέρωται,
3535 5033 3692 5094 αὐτὸς

2116 5137 2523 5191 συνεπίσταται.
2587 5130 3002 5202 Συνεσχέθημεν
3055 5129 3303 5190 ἄκοντες,
3360 5124 3690 5192 κακούργοις

2119 5229 2210 5283 ίσα
2241 5227 2669 5298 καθείρχθημεν,
2719 5221 3067 5294 ἐτηρούμεθα
3099 5219 3522 5290 φυλασσόμενοι,
3559 5216 3691 5286 ἐψη-

2122 5322 2398 5392 φίσθημεν
2441 5317 2820 5381 ἀνανεύοντες,
2853 5314 3351 5386 ἐχειροτονήθημεν
3405 5311 3691 5370 κλαίοντες

2117 5413 2455 5484 ὀδυρόμενοι,
2505 5409 2829 5478 κοπτόμενοι
2848 5448 2864 5471 ,
2911 5407 3058 5460 ἴσασι
3084 5405 3262 5459 ταῦτα
3307 5405 3510 5465 πάντες
3529 5419 3543 5432 ·
3571 5399 3691 5454 οῦδέ

2119 5507 2227 5577 γὰρ
2252 5507 2311 5558 ἐν
2333 5503 2509 5575 γωνίᾳ
2537 5501 2776 5569 ἐγένετο,
2813 5499 2906 5552 καὶ
2942 5489 3014 5551 re;
3048 5497 3277 5567 μέγεθος
3304 5497 3403 5566 τῆς
3431 5493 3690 5565 ἐπηρείας

2120 5597 2217 5667 τὴν
2243 5595 2482 5665 ἱστορίαν
2509 5594 2588 5655 εἰς
2615 5592 2792 5646 πάντα
2820 5591 3128 5661 ἐξήνεγκεν.

421 5699 476 5757 in
505 5700 700 5771 angulo
716 5699 857 5753 facta
878 5707 1008 5753 sunt
1033 5717 1045 5764 ;
1082 5705 1135 5751 at
1159 5698 1530 5766 impressionis
1560 5703 1628 5762 et,
1652 5703 1712 5750 ut
1731 5696 1798 5749 ita
1835 5693 2031 5756 dicam,
2057 5687 2461 5745 obtrectationis
2485 5684 2796 5758 magnitudo
2829 5682 3103 5740 historiam
3131 5681 3198 5738 ad
3224 5695 3415 5737 omnes
3445 5675 3687 5749 pertulit.

495 5836 509 5866 ³
539 5834 558 5890 l
585 5833 707 5888 Cor.
743 5848 859 5899 nisi,
883 5833 934 5899 7,
971 5833 1023 5887 8.
