4032 6432
289 406 400 471 597

1450 407 1990 468 EPISTOLARUM
2032 407 2264 466 LIBER
2297 406 2348 465 I.
2421 397 2423 400 ’

3452 401 3556 463 598

361 496 499 554 Εἶτα
553 498 607 552 τε
660 498 740 551 δεῖ
798 501 908 563 τοῖς
965 499 1138 553 πολλὰ
1196 499 1292 554 καὶ
1346 499 1498 553 δεινὰ
1549 499 1878 553 πεπονθόσιν

2052 498 2192 565 Quid
2222 498 2388 569 igitur
2443 507 2658 568 oportet
2693 499 2744 552 in
2778 514 2894 561 eos,
2929 497 3021 568 qui
3050 498 3216 552 multa
3273 496 3459 567 gravia
3505 503 3560 548 et

284 591 666 662 ἐπεμϐαίνειν,
695 589 1070 659 ἐπιπλήττειν,
1097 589 1468 661 διαλοιδορεϊν,
1497 589 1530 659 ἢ
1555 589 1867 660 οἰκτείρειν,

287 685 386 737 καὶ
425 682 866 753 παραμυθεῖσθαι
895 683 995 753 ὅση
1035 682 1300 753 δύναμις;
1348 681 1638 748 Ἐξέπεσον
1669 681 1874 752 εἰρηνι-

288 775 398 844 κῆς
440 775 608 844 ζωῆς,
642 775 901 841 ἐξέπεσον
933 775 1179 844 γαλήνης
1210 774 1490 842 γλυκείας,
1527 773 1788 838 ἐξέπεσον
1815 773 1873 826 δέ

286 865 387 918 καὶ
419 864 581 935 δόξης
611 865 790 935 (εἴπερ
824 865 934 918 τισὶ
973 865 1068 917 καλ¹
1106 865 1378 934 κοσμικῆς
1422 862 1583 932 δόξης
1638 863 1870 932 ἔφεσις),

285 957 548 1022 ἐξέπεσον
564 957 664 1026 τῆς
687 955 847 1026 φίλης
875 954 1123 1026 ἡσυχίας,
1148 956 1249 1023 τῆς
1269 954 1515 1026 καθαρᾶς
1542 955 1758 1024 ἐκείνης
1778 954 1874 1008 καὶ

284 1049 518 1119 ἡδίστης
555 1047 695 1118 μετὰ
724 1049 832 1100 τῶν
865 1047 1096 1119 πλησίον
1139 1048 1447 1112 συνουσίας,
1492 1048 1595 1116 τῆς
1638 1047 1871 1110 ἀλύπου,

283 1140 387 1193 καὶ
423 1140 637 1204 ἀδόλου,
671 1141 764 1194 καὶ
794 1140 1204 1211 ἀνεπιπλήκτου
1253 1140 1733 1210 συναναστροφῆς,
1771 1139 1874 1193 Οὐ-

284 1230 402 1295 δεὶς
422 1227 494 1303 ἦν
519 1235 547 1286 6
574 1233 732 1304 δίκην
759 1233 1006 1302 ἐγκαλῶν
1029 1232 1174 1304 ἐμοί.
1205 1235 1320 1286 Οὐκ
1355 1232 1746 1304 ἐνεγραψάμην
1779 1232 1875 1286 ἄλ-

285 1321 383 1376 λον
415 1325 550 1391 ἐγὼ,
575 1326 638 1377 οὐ
668 1324 778 1377 τῶν
809 1325 1113 1394 ἐπηλύδων,
1149 1324 1210 1377 οὐ
1258 1323 1368 1377 τῶν
1403 1323 1710 1396 ἐγχωρίων,
1753 1323 1876 1377 οὐδὲ

286 1414 403 1470 τῶν
432 1416 738 1485 ἀσυνήθων,
767 1417 842 1488 μή
873 1416 926 1470 τί
973 1433 1038 1484 γε
1061 1416 1170 1470 τῶν
1193 1417 1363 1486 φίλων
1385 1432 1398 1446 ·
1428 1417 1527 1486 οὐχ
1550 1415 1724 1480 οὑτως
1748 1415 1873 1468 ἐλύ-

287 1523 446 1577 πησα
486 1507 710 1561 πώποτέ
735 1525 878 1572 τινα,
927 1507 1005 1571 ὼς
1045 1507 1203 1579 ὓϐριν
1251 1509 1332 1571 είς
1369 1509 1520 1578 ἡμᾶς
1578 1509 1873 1574 ἐκπτύσαι,

287 1598 434 1671 πλὴν
455 1602 506 1654 εί
543 1601 713 1672 μήπω
741 1601 870 1664 τοὺς
905 1599 1051 1672 ὑπὲρ
1073 1599 1357 1663 εὐσεϐείας
1385 1599 1670 1665 κινδύνους
1687 1599 1878 1670 ἐθελή-

290 1709 378 1746 σει
400 1710 486 1756 τις
517 1694 839 1748 ἐπισκοπεῖν
859 1711 874 1724 ο
904 1693 1016 1747 οὐδ’
1045 1692 1219 1756 οὑτως
1246 1694 1498 1764 ἥμαρτεν
1532 1693 1692 1758 ἄλλος
1726 1695 1876 1764 ἐμοὶ,

287 1783 371 1848 ὡς
387 1785 483 1837 καὶ
506 1785 670 1856 μέχρι
688 1786 788 1854 τῆς
825 1787 907 1849 είς
929 1785 1095 1839 αὐτὸν
1119 1785 1333 1856 ὕϐρεως
1349 1786 1448 1856 τὴν
1477 1785 1730 1854 γλῶσσαν
1791 1786 1880 1854 ἐξ·

287 1846 830 1946 ολγισθῆσαίίιούτως
851 1846 993 1948 ἦσαν
1016 1879 1146 1949 ἡμῖν
1181 1846 1420 1942 ἀπαντες
1451 1846 1701 1951 χρηστοὶ,
1717 1879 1779 1933 τὸ
1824 1846 1879 1934 δὲ
1907 1846 1956 1906 Β

286 1967 568 2036 ἡμέτερον
594 1969 767 2033 αὐτοὶ,
795 1967 898 2021 κᾶν
939 1967 1014 2039 μὴ
1043 1967 1209 2045 λέγω,
1245 1969 1584 2040 κεκράγασιν
1605 1988 1620 2005 ο
1648 1970 1880 2040 ἠγαπώ-

291 2075 408 2130 μην
441 2061 554 2123 τοῖς
589 2059 764 2130 φίλοις
791 2060 930 2132 ὑπὲρ
962 2060 1091 2125 τοὺς
1120 2067 1424 2130 συγγενεῖς,
1463 2062 1631 2132 ἄμφω
1664 2062 1721 2115 δὲ
1766 2065 1880 2125 τοῖς

291 2150 623 2219 συγγενέσιν
647 2149 998 2224 ἐλογιζόμην,
1039 2151 1137 2205 καὶ
1186 2151 1296 2206 τῶν
1328 2153 1611 2221 συγγενῶν
1638 2154 1665 2205 ὁ
1688 2153 1884 2222 φίλτα-

287 2259 410 2308 τος,
447 2245 543 2299 καὶ
574 2242 682 2299 τῶν
708 2244 948 2316 μάλιστα
979 2246 1288 2317 φιλούντων
1311 2247 1340 2300 6
1377 2249 1669 2316 συγγενής.

381 2534 452 2588 Ἦ
489 2533 549 2589 δὲ
576 2534 708 2607 περὶ
739 2534 839 2606 ἐμὲ
871 2535 979 2589 τῶν
1034 2523 1265 2608 πλησίον
1287 2539 1445 2610 φήμη
1476 2542 1577 2608 τῆς
1620 2539 1880 2610 σπουδῆς,

290 2626 395 2679 καὶ
425 2627 554 2689 τοὺς
590 2626 845 2697 ἀγνῶτας
877 2623 1061 2682 εἷλκεν
1090 2630 1171 2692 είς
1198 2629 1379 2700 ἔρωτα
1403 2631 1546 2686 θεῖον
1572 2632 1667 2685 καὶ
1700 2631 1883 2701 φιλίας

291 2716 519 2787 δεσμὸν,
557 2717 688 2781 ίσως
712 2719 756 2770 δ’
777 2717 843 2771 ἂν
872 2719 1072 2772 ἐκεῖνοι
1109 2723 1202 2774 καὶ
1237 2723 1656 2795 ἀμεταμέλητον
1705 2725 1879 2797 εὐφη-

297 2811 592 2881 μήσωμεν.
642 2812 806 2865 Ἀλλὰ
830 2813 949 2877 πῶς
983 2809 1097 2868 οἷόν
1135 2815 1195 2868 τέ
1222 2817 1371 2869 ἐστιν
1409 2816 1677 2889 ἀδακρυτὶ
1713 2819 1887 2874 ταῦτα

293 2902 622 2970 παρελθεῖν;
675 2905 813 2957 οίκοι
849 2904 950 2975 μὲν
1002 2907 1114 2976 γὰρ
1166 2907 1382 2978 μένοντι
1409 2910 1442 2979 ἡ
1467 2908 1735 2979 χαρίεσσα
1776 2911 1887 2964 τῶν

291 2988 506 3067 ἡδονῶν
531 2995 924 3068 περιεπλέκετο
939 2997 1131 3069 τέρψις
1145 2997 1254 3052 τῶν
1282 2998 1665 3068 μανθανόντων
1687 3000 1888 3070 ὁρῶντι

293 3089 393 3141 τὸν
416 3087 601 3154 πόνον,
638 3088 738 3158 τὴν
767 3087 1009 3160 σπουδὴν
1043 3088 1152 3144 τῶν
1180 3088 1614 3156 ἐπερωτώντων,
1632 3090 1732 3162 τὴν
1765 3108 1887 3161 τρι-

295 3179 404 3250 ϐὴν
431 3180 544 3236 τῶν
576 3179 1141 3252 προσδιαλεγομένων,
1177 3181 1244 3235 δι’
1281 3174 1356 3234 ὧν
1391 3183 1423 3251 ή
1456 3181 1593 3252 πρὸς
1627 3181 1686 3234 τὸ
1711 3183 1884 3252 ῥᾷστα

296 3271 656 3343 παράγεσθαι
685 3273 1072 3343 καταρτίζεται
1094 3271 1313 3344 γνώμη,
1341 3273 1450 3326 τῶν
1475 3277 1598 3336 ταῖς
1624 3272 1884 3343 μαθημα-

295 3367 486 3429 τικαῖς
513 3365 735 3438 σχολαῖς
759 3366 1173 3438 λεπτυνομένων
1201 3370 1301 3436 τὴν
1339 3367 1599 3432 διάνοιαν,
1631 3367 1740 3420 τῶν
1767 3370 1888 3430 ταῖς

296 3457 552 3526 λογικαῖς
590 3457 837 3530 μεθόδοις
896 3458 1214 3530 ίχνευόντων
1249 3458 1310 3512 τὸ
1363 3458 1582 3527 ἀληθὲς,
1619 3459 1726 3512 τῶν
1774 3460 1889 3524 τοῖς

299 3549 475 3613 θείοις
497 3550 718 3616 Λογίοις
751 3549 1084 3618 ἰθυνομένων
1114 3550 1209 3604 τὸν
1239 3550 1364 3603 νοῦν
1403 3551 1540 3621 πρὸς
1580 3550 1887 3617 εὐσέϐειαν,

296 3639 330 3692 ὃ
382 3640 496 3694 τῶν
547 3640 722 3694 ἄλλων
781 3642 1036 3696 ἁπάντων
1083 3643 1323 3714 ὑπάρχει
1356 3645 1536 3697 πόνων
1577 3647 1605 3697 ὁ
1650 3645 1886 3715 καρπὸς.

302 3732 568 3797 Τοιοῦτος
598 3735 706 3806 γὰρ
736 3735 900 3806 χορὸς
929 3738 1027 3805 τῆς
1061 3736 1201 3807 ἐμῆς
1241 3736 1418 3800 οἰκίας
1450 3731 1518 3806 ἦν
1551 3737 1578 3789 ό
1605 3736 1810 3808 χορός..

389 3895 623 3962 Ἐξιόντι
676 3896 733 3950 δὲ
791 3895 955 3950 πάλιν
1001 3895 1142 3967 πρὸς
1169 3898 1270 3968 τὴν
1317 3897 1588 3967 βασίλειον
1628 3896 1893 3960 πολλάκις

300 3991 480 4061 αὐλὴν
539 3991 596 4042 al
636 3992 1084 4061 προπεμπτήριοι
1130 3991 1238 4044 τῶν
1271 3991 1468 4061 εὐχῶν,
1519 3992 1612 4045 καὶ
1666 3991 1762 4044 τοῦ
1817 3990 1891 4060 μὴ

302 4081 595 4154 βραδύνειν
625 4085 657 4153 ὴ
692 4083 1002 4156 προτροπή.
1030 4078 1142 4136 Ἦν
1165 4083 1274 4154 γάρ
1303 4101 1392 4154 μοι
1419 4084 1512 4137 καὶ
1539 4083 1700 4136 τοῦτο
1722 4082 1893 4154 γέρας

301 4176 1052 4251 ἀφωεέωμέμεέο-ν-’ἕξαὲρετον,
1087 4176 1148 4231 τὸ
1186 4179 1384 4249 μέτρον
1429 4178 1575 4248 ἔχειν
1613 4176 1712 4248 τὴν
1768 4176 1892 4245 βού-

302 4255 469 4344 λησιν
490 4273 591 4345 τῆς
632 4275 690 4326 ἐν
720 4275 834 4334 τοῖς
893 4271 1185 4342 βασιλείοις
1234 4270 1535 4343 διατριϐῆς.
1583 4270 1892 4324 Ἐπανιόντι

300 4363 364 4420 δέ
386 4367 550 4420 πάλιν
572 4366 676 4436 πρὸ
694 4366 877 4420 πυλῶν
902 4366 1193 4436 ἱστάμενος
1222 4367 1250 4419 6
1272 4365 1434 4435 σοφὸς
1452 4366 1659 4428 ἐκεῖνος
1681 4366 1894 4435 ὑπήντα

302 4460 489 4532 χορός.
536 4459 625 4523 Ἐξ
657 4452 732 4513 ὧν
760 4461 809 4512 oi
842 4459 940 4530 μὲν
971 4457 1262 4511 ἐνεκάλουν
1317 4457 1414 4528 τὴν
1454 4456 1786 4527 βραδυτῆτα,
1813 4451 1895 4518 οἷς

303 4555 404 4608 καὶ
434 4553 655 4626 θαρρεῖν
687 4570 740 4606 τι
783 4552 891 4605 τῶν
922 4552 1099 4607 ἄλλων
1148 4550 1308 4604 πλέον
1331 4550 1396 4603 δι’
1428 4549 1733 4620 ὑπερϐολὴν
1764 4549 1895 4619 ἀρε-

299 4649 406 4718 τῆς
436 4647 788 4718 ἐκεχάριστο’
816 4647 925 4698 τισὶ
948 4645 1004 4698 δέ
1028 4649 1125 4697 καὶ
1153 4645 1468 4716 προσειπεῖν
1502 4643 1683 4714 ἤρκει,
1709 4641 1892 4704 ἄλλοις

300 4742 362 4793 δὲ
403 4743 502 4794 καὶ
533 4741 594 4792 τὸ
617 4739 794 4806 δεῖξαι
831 4739 991 4808 μόνον
1020 4737 1102 4790 ὅτι
1149 4735 1496 4807 μεμενήκασι
1527 4751 1540 4764 ο
1573 4734 1668 4786 καὶ
1729 4731 1889 4788 τοῦτο

304 4836 497 4902 κύκλῳ
527 4833 742 4902 ἐγένετο
787 4831 886 4884 οὐκ
925 4829 1241 4892 ἐπιϐουλαῖς
1283 4828 1563 4899 λυόμενον,
1597 4827 1658 4880 οὐ
1713 4826 1892 4896 φθόνῳ

303 4927 671 4998 κοπτόμενον,
703 4927 801 4979 οὐκ
823 4923 1087 4995 ὀλιγωρία
1129 4922 1552 4993 μαραινόμενον.

378 5045 490 5098 Καὶ
519 5042 600 5106 τίς
627 5043 694 5095 ἂν
723 5038 966 5094 τοιούτου
999 5036 1114 5108 βίου
1141 5035 1331 5089 παθὼν
1353 5036 1728 5089 ἐπανάστασιν
1749 5032 1891 5086 ἑκὼν

299 5136 404 5208 τὴν
443 5131 748 5205 μεταϐολὴν
803 5132 901 5184 καὶ
936 5128 1150 5200 θρήνων
1190 5127 1348 5187 ἐκτὸς
1375 5125 1701 5194 ὑπενέγκοι;
1750 5123 1889 5176 Τού-

305 5246 419 5286 των
473 5228 732 5282 ἁπάντων
789 5225 1068 5290 ἐξέπεσον,
1126 5222 1268 5290 ὑπὲρ
1317 5219 1523 5273 τούτων
1577 5218 1889 5289 ὼδυρόμην,

301 5322 516 5378 τούτων
549 5318 934 5390 ἁποσπωμένῳ
962 5315 1135 5387 πηγαὶ
1181 5313 1434 5384 δακρύων
1466 5309 1887 5381 ἁνεστομοῦντο,

304 5416 404 5470 καὶ
432 5414 612 5484 λύπης
641 5411 811 5482 ἀχλὺς
844 5409 1224 5480 περιεκέχυτο.
1268 5407 1456 5478 ’ᾘδειν
1498 5406 1608 5477 γὰρ
1648 5404 1744 5458 καὶ
1785 5403 1894 5472 πρὸ

302 5509 409 5578 τῆς
451 5506 649 5576 πείρας
680 5503 740 5556 τὸ
776 5501 1150 5570 πολυτάραχον
1197 5499 1292 5552 καὶ
1338 5496 1746 5566 πολυμέριμνον
1792 5495 1892 5563 τῆς

305 5600 582 5672 καθέδρας
605 5596 811 5667 ταύτης
835 5614 848 5626 ⁸
881 5595 1029 5666 ᾔδειν
1075 5593 1136 5645 τὺ
1160 5592 1496 5662 δυσάρεστον
1519 5590 1615 5642 καὶ
1638 5589 1893 5658 δυσὴνιον

303 5694 402 5748 τοῦ
434 5691 667 5765 μιγάδος
695 5690 874 5760 ὅχλου,
900 5688 996 5758 τὴν
1026 5686 1162 5758 πρὸς
1181 5685 1444 5755 ἀλλήλους
1472 5683 1610 5753 ἔριν,
1646 5683 1736 5734 τὸν
1768 5680 1895 5749 φθό-

306 5807 420 5851 νον,
468 5787 569 5850 τὰς
601 5785 840 5848 στάσεις,
882 5784 979 5846 τὰς
1000 5783 1426 5842 ἐπαναστάσεις,
1456 5778 1554 5846 τὴν
1601 5777 1741 5831 κατὰ
1786 5775 1894 5828 τῶν

309 5879 744 5955 παρεστηκότων
783 5876 962 5947 ὓϐριν,
1007 5875 1100 5928 καὶ
1153 5873 1243 5926 τὸν
1288 5872 1627 5941 γογγυσμὸν,
1657 5872 1782 5924 ὅταν
1821 5869 1894 5938 μὴ

1979 590 2173 645 acerba
2201 589 2346 658 passi
2379 599 2528 655 sunt,
2565 590 2775 654 invehi,
2805 590 3119 660 obiurgare,
3163 586 3425 642 conviciis
3458 601 3558 655 ap-

1975 692 2161 751 petere
2189 681 2374 751 potius
2431 699 2593 752 quam
2641 682 2917 746 misereri,
2951 691 3007 736 et
3050 695 3152 751 pro
3173 679 3381 734 viribus
3429 693 3560 732 con-

1975 771 2177 825 solari?
2204 771 2387 827 Decidi
2429 788 2459 827 e
2483 773 2590 827 vita
2620 788 2814 842 pacem
2846 772 3114 834 habente;
3147 768 3324 825 decidi
3351 783 3380 822 a
3410 777 3562 822 tran-

1983 866 2448 936 quillitatezdulci
2506 875 2562 921 et
2627 865 2879 936 placida;
2938 865 3111 920 decidi
3160 864 3228 917 de
3275 861 3444 933 gloria
3496 859 3562 924 (si

1978 968 2160 1013 tamen
2192 958 2514 1028 quibusdam
2539 957 2828 1012 mundanae
2851 956 3036 1028 gloriae
3070 970 3224 1009 amor
3241 953 3360 1022 est'(
3386 949 3565 1008 excidi

1976 1067 2008 1106 e
2031 1053 2194 1107 chara
2225 1053 2430 1123 quiete,
2463 1068 2494 1107 e
2523 1068 2660 1123 pura
2687 1051 2778 1105 illa
2809 1060 2866 1106 et
2899 1048 3301 1121 iucundissima
3331 1061 3456 1101 cum
3497 1045 3564 1099 iis

1977 1145 2071 1213 qui
2104 1145 2236 1199 mihi
2270 1145 2506 1214 proximi
2537 1153 2718 1210 erant,
2762 1143 3183 1206 consuetudine,
3226 1151 3282 1196 et
3329 1153 3564 1195 conver-

1977 1236 2190 1292 satione
2224 1237 2429 1292 doloris
2474 1246 2701 1307 experte
2731 1244 2788 1291 et
2825 1236 2934 1291 doli
2979 1244 3034 1290 et
3093 1231 3559 1303 reprehensionis.

1980 1327 2154 1383 Nemo
2179 1337 2297 1382 erat
2319 1329 2410 1398 qui
2439 1345 2528 1384 me
2564 1329 2863 1394 incusaret,
2893 1343 2995 1383 nec
3035 1327 3199 1380 alium
3223 1338 3562 1396 quemquam

1978 1436 2079 1491 ego
2110 1421 2367 1476 accusavi
2398 1421 2482 1475 vel
2512 1421 2849 1476 advenarum
2901 1419 2986 1473 vel
3032 1418 3435 1487 indigenarum,
3461 1429 3567 1470 nec

1979 1527 2108 1567 vero
2139 1511 2422 1566 hominum
2461 1512 2645 1567 minus
2675 1510 3044 1575 familiarium,
3090 1510 3294 1563 nedum
3350 1507 3563 1562 amico-

1980 1621 2124 1660 rum.
2161 1605 2279 1660 Non
2339 1621 2438 1676 ego
2485 1606 2565 1660 sic
2620 1619 2860 1673 unquam
2908 1603 3032 1658 dedi
3086 1601 3250 1656 alicui
3298 1601 3566 1662 dolorem,

1982 1709 2043 1755 ut
2075 1699 2467 1755 contumeliam
2503 1699 2557 1752 in
2611 1713 2714 1753 nos
2748 1705 3044 1768 exspueret
3071 1715 3083 1750 :
3110 1695 3217 1751 nisi
3261 1693 3404 1749 forte
3437 1693 3570 1748 velit

1981 1793 2104 1863 quis
2123 1801 2376 1863 suscepta
2401 1808 2501 1861 pro
2520 1792 2722 1862 pietate
2751 1792 2995 1862 pericula
3025 1789 3260 1845 intueri:
3294 1803 3397 1842 nec
3419 1787 3569 1858 quis-

1983 1902 2145 1961 quam
2183 1887 2239 1942 in
2271 1902 2357 1940 me
2379 1886 2451 1940 ita
2479 1887 2750 1956 peccavit,
2786 1895 2845 1940 ut
2882 1899 3058 1956 usque
3087 1884 3156 1939 ad
3179 1881 3569 1939 contumeliam

1984 1979 2039 2033 in
2061 1979 2238 2049 ipsum
2261 1978 2444 2050 lingua
2461 1979 2919 2034 laberetur.Adeo
2941 1986 3098 2032 erant
3117 1991 3309 2031 omnes
3325 1990 3452 2047 erga
3471 1990 3571 2029 nos

1983 2073 2205 2143 benigni
2224 2091 2238 2126 :
2257 2081 2447 2128 nostra
2477 2089 2609 2128 vero
2638 2071 2798 2137 ratio,
2824 2087 2945 2142 quae
2977 2069 3160 2134 fuerit,
3190 2069 3288 2136 illi,
3319 2068 3571 2139 quamvis

1983 2174 2214 2227 taceam,
2247 2165 2502 2219 clamant.
2551 2165 2635 2219 Me
2660 2164 2820 2219 amici
2851 2163 3020 2234 magis
3045 2161 3342 2233 diligebant
3403 2175 3568 2230 quam

1985 2259 2426 2329 consanguineos
2458 2272 2625 2313 suos:
2671 2267 2727 2312 at
2752 2273 2885 2311 vero
2913 2255 3162 2327 cognatis
3194 2255 3330 2309 meis
3379 2254 3567 2308 existi—

1986 2355 2176 2408 mabar
2229 2362 2284 2408 et
2347 2362 2706 2422 cognatorum
2764 2351 3124 2407 charissimus
3196 2358 3251 2403 et
3302 2357 3568 2418 cognatos

1985 2446 2230 2500 omnium
2265 2446 2692 2500 amantissimus.

2055 2536 2222 2592 Fama
2249 2553 2379 2592 vero
2409 2537 2574 2593 studii
2615 2551 2741 2607 erga
2764 2551 2851 2590 me
2889 2535 3263 2607 proximorum
3292 2549 3564 2597 meorum,

1986 2629 2205 2704 ignotos
2235 2645 2455 2700 quoque
2500 2629 2567 2684 ad
2612 2630 2857 2684 divinum
2907 2644 3149 2682 amorem
3184 2627 3454 2689 trahebat,
3514 2634 3571 2679 ct

1988 2724 2054 2778 ad
2110 2723 2363 2779 amicitiae
2416 2723 2741 2778 vinculum:
2781 2737 2885 2776 nec
2923 2737 3019 2776 eos
3069 2720 3298 2775 fortasse
3347 2719 3570 2774 laudum

1988 2818 2056 2873 de
2089 2833 2176 2873 me
2211 2817 2520 2872 habitarum
2549 2831 2792 2887 unquam
2827 2816 3142 2885 ptenitebit.
3167 2817 3236 2870 At
3268 2814 3385 2868 haec
3435 2828 3574 2882 quo-

1987 2909 2151 2964 modo
2176 2909 2294 2963 sine
2331 2909 2586 2980 lacrymis
2623 2906 3045 2962 commemorari
3100 2905 3370 2977 possunt?
3437 2902 3572 2964 Nam

1989 2998 2138 3055 domi
2170 3008 2480 3053 manentem
2519 3005 2670 3070 grata
2704 2998 3046 3068 voluptatum
3114 2993 3576 3076 complectebatur

1989 3090 2302 3153 oblectatio,
2333 3105 2458 3144 cum
2503 3091 2831 3144 discentium
2876 3089 3121 3144 laborem
3148 3087 3416 3150 intuerer,
3459 3095 3576 3140 stu-

1941 3250 1955 3267 ‘
1991 3182 2139 3236 dium
2173 3182 2651 3251 interrogantiutn,
2680 3177 3574 3248 alloquentiumexercitationem;

1992 3275 2193 3344 quibus
2243 3275 2408 3328 rebus
2474 3273 2804 3327 informatur
2859 3271 3152 3336 sententia,
3200 3286 3271 3325 ne
3319 3269 3578 3324 facillime

1993 3367 2168 3437 possit
2188 3366 2405 3437 decipi:
2439 3382 2626 3420 eorum
2661 3375 2950 3436 prieterea,
2972 3380 3203 3433 quorum
3229 3377 3383 3417 mens
3412 3362 3579 3418 sebo,-

1993 3459 2062 3514 lis
2093 3459 2502 3515 mathematicis
2543 3459 2932 3523 exacuebatur,
2966 3457 3051 3512 vel
3081 3455 3173 3526 qui
3228 3454 3416 3525 logicis
3463 3469 3580 3508 me-

1995 3549 2175 3604 thodis
2244 3564 2438 3604 verum
2488 3548 2908 3618 investigabant,
2959 3547 3041 3600 vel
3097 3561 3331 3616 quorum
3381 3559 3579 3614 sensus

1995 3643 2196 3697 divinis
2228 3641 2476 3712 Eloquiis
2507 3640 2575 3694 ad
2616 3639 2880 3709 pietatem
2913 3638 3287 3710 dirigebatur:
3317 3637 3409 3706 qui
3440 3635 3578 3690 alio-

1997 3753 2117 3790 rum
2139 3736 2387 3792 omnium
2427 3734 2673 3790 laborum
2703 3742 2786 3788 est
2814 3733 3059 3788 fructus:
3089 3731 3213 3787 talis
3253 3731 3401 3785 enim
3443 3729 3578 3784 cho—

1996 3845 2111 3895 rus,
2141 3828 2338 3883 domus
2371 3842 2506 3884 mea:
2530 3813 2736 3881 chorus
2765 3833 2902 3880 erat.

2067 3921 2148 3975 Ad
2196 3921 2401 3992 regiam
2454 3935 2646 3974 rursus
2691 3920 2869 3974 aulam
2913 3932 3059 3987 smpe
3112 3913 3333 3971 adeunti
3381 3921 3582 3984 praesto

1998 4023 2156 4068 erant
2214 4013 2664 4084 prosequentium
2705 4022 2852 4078 vota,
2926 4010 3242 4074 hortatione
3293 4023 3535 4063 morarer
3562 4026 3588 4068 ε,

2000 4121 2124 4159 nam
2171 4117 2435 4176 praeterea
2478 4107 2572 4176 qui
2620 4106 2938 4160 satisfacere
2989 4103 3173 4158 animo
3220 4117 3345 4158 meo
3389 4114 3583 4156 omnes

1997 4197 2222 4261 vellent,
2275 4197 2366 4252 hic
2427 4198 2604 4253 honor
2661 4197 2797 4251 mihi
2860 4195 3163 4251 habebatur
3217 4193 3470 4260 eximius,
3524 4204 3588 4250 ut

1999 4291 2338 4346 voluntatem
2387 4291 2671 4356 haberem,
2728 4290 2951 4345 modum
3004 4289 3058 4344 in
3117 4287 3283 4360 Regia
3337 4303 3583 4344 commo-

2000 4381 2181 4436 randi.
2226 4381 2503 4437 Redeunti
2553 4397 2746 4437 rursus
2786 4390 2912 4435 aute
2945 4388 3130 4451 portas
3175 4389 3329 4434 stans
3383 4378 3586 4434 chorus

2001 4473 2090 4527 ille
2145 4473 2366 4544 sapiens
2421 4474 3022 4543 occurrebat:quibus
3070 4482 3294 4543 propter
3361 4473 3591 4527 virtutis.

1931 4590 1972 4643 ο
2003 4565 2378 4635 pratstantiam
2415 4565 2590 4635 major
2617 4582 2780 4636 quam
2815 4566 3030 4622 caeteris
3055 4565 3252 4620 ﬁducia
3312 4580 3596 4624 concessa

2003 4667 2154 4724 erat;
2211 4657 2304 4711 alii
2359 4657 2604 4713 contenti
2673 4667 2832 4711 erant
2895 4659 3132 4712 salutem
3198 4655 3434 4717 dixisse;
3492 4655 3586 4708 alii

2002 4749 2308 4804 ostendisse
2384 4757 2597 4803 tantum
2671 4749 3139 4819 exspectationem
3219 4763 3399 4803 suam.
3481 4747 3584 4801 At-

1999 4856 2106 4911 que
2145 4842 2249 4896 hoc
2302 4841 2358 4894 in
2411 4842 2600 4897 orbem
2657 4842 2842 4907 fiebat,
2909 4857 3011 4896 nec
3063 4841 3295 4896 occultis
3344 4841 3590 4896 consiliis

2004 4930 2370 5000 prohibitum,
2404 4946 2505 4985 nec
2535 4930 2738 4986 invidia
2770 4932 3170 4986 intermissum.

2071 5045 2402 5115 Eequisnam
2469 5047 2558 5100 tali
2604 5047 2712 5101 vita
2762 5046 3049 5100 submotus
3105 5046 3282 5101 libens
3326 5048 3590 5103 mutatio-

1997 5155 2146 5206 nem,
2184 5154 2248 5194 ac
2294 5140 2415 5198 siue
2448 5140 2705 5194 lamentis
2733 5139 2915 5194 ferat?
2957 5139 3054 5194 His
3085 5141 3348 5195 omnibus
3413 5142 3592 5198 excidi

1999 5247 2163 5302 super
2199 5232 2286 5286 his
2320 5232 2766 5302 ingemiscebam.
2823 5232 2952 5288 Haec
3009 5249 3134 5287 cum
3189 5234 3584 5288 abstrahercn—

2003 5334 2117 5389 tur,
2173 5324 2357 5379 fontes
2406 5325 2769 5395 lacrymarum
2827 5324 3198 5394 profluebant,
3254 5343 3317 5381 ac
3375 5327 3586 5380 doloris

1998 5417 2173 5488 caligo
2205 5417 2772 5472 circumfundebatur.
2819 5418 3070 5473 Sciebam
3103 5421 3251 5473 enim
3285 5435 3412 5473 cum
3448 5433 3588 5472 non-

1998 5509 2130 5563 dum
2199 5523 2382 5563 essem
2457 5521 2740 5576 expertus,
2791 5509 3150 5578 multiplicem
3222 5508 3386 5577 hujus
3441 5506 3592 5561 sedis

2007 5599 2375 5654 turbationcm
2424 5607 2480 5651 et
2521 5598 2971 5662 sollicitudinem,
3028 5598 3270 5652 sciebam
3305 5596 3602 5651 fastidium-

2004 5699 2058 5746 et
2123 5690 2528 5745 contumaciam
2607 5691 2933 5759 promiscua:
2984 5691 3178 5752 turbat,
3248 5689 3372 5742 lites
3445 5688 3600 5742 inter.

2001 5781 2175 5849 ipsos,
2215 5780 2832 5851 invidiamseditiones,
2871 5790 3092 5833 mutuos
3153 5779 3412 5848 impetus,
3459 5794 3592 5832 con-

2004 5872 2281 5926 tumeliam
2314 5871 2365 5926 in
2383 5869 2693 5941 praefectos,
2731 5880 2784 5926 et
2818 5872 3266 5927 mussitationem
3305 5872 3592 5945 Siquando
