4032 6502
489 404 593 477 599

1610 408 1871 470 ΡΗΟΤΙῙ
1908 406 2417 468 ΡΑΤΒΙΑΗΟΗΛΕ
2454 406 2565 470 GP.

3650 404 3759 467 600

487 512 689 583 quibus
728 522 913 586 egent,
966 511 1059 583 qui
1119 521 1335 582 petunt.
1391 529 1502 572 non
1553 513 1954 584 adipiscuntur,
2008 529 2039 569 e

2163 513 2404 583 τύχωσιν
2446 513 2589 567 ὅσων
2632 512 2864 577 δέονται,
2894 511 2990 566 καὶ
3019 511 3147 569 ὅταν
3176 513 3253 584 μὴ
3308 510 3616 568 τυπῶνται
3663 514 3764 569 καὶ

487 605 708 675 quando
767 605 837 661 ad
870 604 1067 665 borum
1104 604 1445 662 voluntatem
1475 605 1551 660 illi
1595 621 1656 661 se
1689 621 1799 661 non
1831 605 2057 662 confor-

486 704 663 763 mant,
700 710 806 751 nec
824 694 1241 763 accommodant
1271 711 1286 749 :
1323 693 1732 763 despicientiam
1764 708 1958 748 rursus
2001 702 2059 750 et

486 792 867 854 contemptum
914 797 1039 849 cum
1081 783 1149 845 ad
1200 782 1535 853 postulatum
1593 782 1943 847 adduxerint,
1997 792 2057 840 et

485 874 827 947 detraxerint
858 873 931 930 ad
958 873 1299 931 voluntatem
1341 888 1521 941 suam;
1550 889 1663 932 non
1698 873 1845 929 enim
1869 873 1925 928 in
1953 889 2055 930 vo-

484 964 721 1020 luntaria
740 964 936 1037 gratia,
966 964 1065 1021 sed
1096 965 1153 1020 in
1182 964 1430 1031 violento
1461 963 1618 1035 jussu
1659 964 1927 1035 deputant
1953 980 2053 1036 op-

484 1055 580 1114 tati
625 1054 712 1111 sui
766 1064 1048 1112 eventum.
1088 1058 1168 1111 Ac
1228 1056 1422 1127 vulgus
1453 1063 1780 1129 potestatem
1830 1065 2054 1113 nactum

482 1146 695 1217 imperii
739 1146 796 1202 in
845 1163 970 1203 eum
996 1148 1087 1219 qui
1116 1163 1299 1203 rerum
1354 1148 1581 1219 potitur,
1615 1159 1730 1204 tum
1770 1147 1895 1215 sibi,
1934 1157 2054 1209 tum

483 1238 688 1307 rectori
716 1238 1020 1311 perniciem
1072 1247 1240 1301 creat.
1281 1238 1448 1298 Navis
1470 1239 1673 1295 etenim
1719 1238 1878 1295 facile
1901 1254 2054 1296 iner-

478 1333 661 1394 getur,
734 1340 859 1382 cum
905 1336 1087 1399 nautae
1146 1328 1511 1397 gubernatore
1569 1328 1816 1398 depulso,
1888 1328 2051 1383 simul

468 1422 671 1494 umnes
707 1419 1033 1490 gubernant.
1084 1420 1443 1487 Etexercitus
1493 1418 1742 1477 funditus
1780 1420 2049 1486 interibit,

479 1524 607 1565 cum
663 1524 856 1565 eorum
890 1511 1126 1581 quisque
1159 1510 1295 1569 nulli
1341 1510 1469 1567 duci
1506 1510 1913 1581 obtemperans.
1946 1511 2049 1566 sibi

478 1599 743 1673 adversus
785 1600 1017 1656 alterum
1057 1601 1292 1657 cilicium
1334 1601 1490 1657 ducis
1520 1611 1758 1673 arrogat.
1790 1602 1902 1658 Cur
1949 1618 2047 1657 au-

478 1700 591 1745 tum
615 1691 739 1761 quis
760 1691 970 1763 singula
999 1693 1398 1762 prosequatur?
1441 1690 1585 1746 Nam
1629 1706 1774 1762 saepe
1821 1706 2049 1747 necesse

392 1852 395 1853 γ
475 1788 563 1844 est
609 1780 925 1852 praefectum
958 1782 1195 1837 colorem
1226 1781 1339 1837 oris
1369 1782 1455 1843 sui
1505 1782 1563 1837 in
1606 1781 1883 1849 tristitiam
1924 1798 2049 1837 mu-

476 1874 617 1934 tare,
662 1882 789 1929 cum
831 1884 943 1925 non
1001 1870 1076 1925 ita
1106 1870 1371 1927 adiciatur
1408 1871 1630 1928 animus
1676 1889 1692 1927 :
1745 1887 1811 1929 ac
1855 1888 2049 1929 rursus

479 1961 778 2027 interdum,
815 1963 1002 2033 animo
1041 1963 1265 2021 dolente
1309 1964 1493 2020 ianum
1546 1965 1793 2036 prmbere
1840 1982 1904 2022 os
1944 1984 1959 2022 :
1993 1975 2049 2024 et

476 2050 634 2107 irasci
671 2068 1064 2126 nonnunquam
1102 2072 1226 2110 cum
1268 2056 1441 2127 iratus
1471 2073 1582 2112 non
1607 2058 1715 2114 sit:
1762 2068 1819 2116 et
1864 2059 2049 2119 subri-

472 2146 604 2199 dere
638 2143 769 2219 dum
798 2144 1046 2219 angitur:
1078 2149 1201 2203 talis
1229 2148 1378 2203 enim
1417 2165 1581 2205 scena
1604 2166 1796 2207 eorum
1824 2162 1928 2219 est,
1950 2152 2047 2223 qui

472 2235 843 2294 multitudinis
928 2240 1310 2311 prafecturam
1390 2245 1671 2317 suscipere
1744 2244 2044 2315 adjudicati

472 2340 621 2405 sunt.
660 2330 837 2406 Antea
894 2350 1026 2399 veru
1069 2337 1246 2406 qualis
1271 2338 1397 2393 est?
1440 2338 1652 2395 amicus
1692 2339 1886 2403 amicis
1930 2355 2045 2407 non

470 2424 651 2493 gravis
686 2442 704 2480 :
742 2425 925 2498 qualis
954 2427 1174 2485 aﬂectio
1196 2438 1302 2494 est,
1338 2430 1459 2486 talis
1495 2430 1731 2501 species.

538 2515 699 2575 Nunc
733 2528 917 2575 autem
962 2529 1068 2587 est,
1104 2522 1197 2577 ubi
1246 2523 1445 2579 acerbe
1490 2538 1717 2583 necesse
1742 2534 1827 2582 est
1864 2524 2045 2587 incre-

473 2623 604 2678 pare
636 2610 862 2677 amicos,
893 2621 948 2667 et
982 2622 1207 2683 propter
1240 2614 1558 2670 mandatum
1596 2624 1859 2687 cognatos
1886 2631 2046 2686 sper-

470 2714 637 2767 nere;
690 2710 747 2755 et
796 2702 1154 2771 peccantibus
1200 2719 1466 2774 apparere
1522 2721 1763 2777 gravem.
1836 2705 2043 2764 Invidia

471 2789 736 2861 undique,
766 2790 991 2847 licentia
1012 2792 1374 2848 diuturnitate
1406 2795 1667 2864 temporis
1696 2795 2040 2854 conﬁrmata.

465 2879 611 2945 Quid
676 2896 767 2937 me
817 2892 1036 2951 oportet
1078 2894 1277 2939 caetera
1338 2887 1810 2942 commemorare?
1862 2888 2041 2957 qualia

470 2972 752 3042 perpetior
806 2972 1087 3029 insectans
1149 2974 1477 3030 Simonem?
1527 2975 1729 3041 Quales
1788 2978 2041 3047 quotidie

470 3066 802 3131 tentationes
832 3065 1102 3132 sustineo,
1133 3065 1469 3123 mundanam
1508 3068 1784 3125 licentiam
1833 3086 2042 3127 sermo—

2158 606 2625 681 σχηματίζωνται,
2653 607 2778 660 καθ’
2804 605 2867 662 δν
2892 605 3099 675 τρόπον
3131 598 3277 660 οῦτοι
3304 604 3639 676 βούλονταιο
3660 608 3765 679 τὴν

2156 699 2461 773 ὑπεροψίαν
2492 698 2660 753 πάλιν
2700 697 2795 755 καὶ
2836 698 3281 770 καταφρόνησιν,
3316 697 3561 753 ἐπειδὰν
3598 698 3763 753 ἐλκύ·

2154 808 2292 846 σωσι
2310 789 2449 860 πρὸς
2465 787 2565 858 τὴν
2584 789 2820 859 αἴτησιν,
2852 788 2947 841 καὶ
2973 789 3495 856 συγκατασπάσωσι
3516 788 3602 860 τῷ
3628 806 3764 859 σφε-

2154 883 2301 955 τέρῳ
2332 882 2679 954 βουλήματιο
2739 881 2799 933 οὐ
2833 880 2945 951 γὰρ
3000 879 3250 934 ἑκουσίου
3292 881 3560 951 χάριτος,
3617 880 3763 939 ἀλλὰ

2156 972 2337 1043 βιαίου
2370 969 2793 1042 προστάγματος
2822 968 2917 1021 τοῦ
2969 968 3272 1039 θελήματος
3300 968 3500 1023 αὐτῶν
3535 969 3759 1040 ἐκλογί-

2153 1061 2339 1124 ζονται
2362 1059 2462 1129 τὴν
2488 1057 2788 1111 τελείωσιν.
2810 1056 2921 1109 Kal
2937 1056 3140 1126 κράτος
3154 1055 3343 1109 λαϐὼν
3367 1055 3540 1125 δχλος
3560 1054 3761 1126 ἄρχειν

2151 1151 2249 1207 τοῦ
2281 1149 2614 1223 κρατοῦντος
2662 1149 2842 1220 ἐαυτῷ
2878 1165 2939 1203 τε
2987 1148 3083 1202 καὶ
3120 1148 3199 1218 τῷ
3221 1148 3476 1203 διέποντι
3507 1147 3760 1218 ὀλέθριος

2151 1243 2386 1313 γίνεται.
2414 1242 2529 1296 Kal
2552 1241 2684 1305 ναῦς
2714 1239 2825 1312 γάρ
2856 1239 3008 1293 δύσει
3037 1239 3258 1311 ῥαδίως,
3299 1240 3445 1292 ὅταν
3475 1239 3529 1291 οί
3555 1236 3759 1294 ναῦται

2150 1336 2244 1390 τὸν
2270 1334 2614 1404 κυϐερνήτην
2638 1332 3028 1403 παρωσάμενοι
3055 1330 3257 1393 πάντες
3301 1332 3432 1400 ἅμα
3472 1329 3757 1402 κυϐερνή-

2152 1442 2315 1480 σωσι·
2352 1426 2447 1479 καὶ
2478 1424 2708 1495 στρατὸς
2746 1423 2916 1494 ἄρδην
2963 1423 3188 1486 ὀλεῖται,
3228 1422 3465 1476 ἐπειδάν
3516 1423 3759 1487 ἕκαστος

2150 1513 2330 1568 αὐτῶν
2358 1513 2775 1584 ἀστρατήγητος
2808 1511 3070 1581 ὑπάρχων
3120 1513 3628 1581 καταστρατηγεῖν
3657 1511 3755 1570 τοῦ

2150 1604 2378 1672 πλησίον
2434 1600 2837 1666 ἀλαζονεύοιτο.
2891 1602 3003 1655 Kal
3036 1601 3091 1655 τί
3126 1602 3192 1657 ἄν
3220 1618 3306 1663 τις
3368 1601 3525 1655 κατὰ
3586 1602 3756 1673 μέρος

2147 1695 2371 1763 διεξίοι;
2401 1695 2613 1764 ἀνάγκη
2674 1694 2784 1766 γάρ
2826 1693 2917 1753 τὸν
2963 1693 3311 1764 ἐφεστηκότα
3343 1692 3629 1756 πολλάκις
3660 1694 3753 1748 καὶ

2150 1786 2517 1840 ύπαλλάσσειν
2549 1785 2611 1839 τὸ
2635 1784 2835 1855 χρῶμα
2854 1783 2955 1854 τῆς
2977 1782 3155 1854 ὕψεως
3193 1784 3275 1846 είς
3305 1783 3374 1837 τὸ
3410 1783 3750 1853 σκυθρωπὸν

2146 1878 2246 1944 τῆς
2264 1876 2442 1947 ψυχῆς
2477 1877 2577 1947 οὐχ
2604 1874 2750 1929 οὕτω
2774 1874 3150 1945 διακειμένης,
3179 1874 3280 1929 καὶ
3308 1873 3487 1933 πάλιν
3514 1872 3632 1927 ἐσθ’
3658 1875 3750 1930 ὅτι

2147 1969 2355 2039 ταύτης
2385 1970 2760 2039 ἀλγυνομένης
2775 1967 2837 2021 τὸ
2854 1968 3150 2037 πρόσωπον
3179 1967 3468 2038 παρέχειν
3489 1966 3744 2041 φαιδρὸν,

2145 2061 2461 2133 ὀργίζεσθαι
2492 2062 2538 2114 δ’
2559 2060 2627 2115 αὖ
2658 2060 2821 2114 πάλιν
2852 2060 2928 2131 μὴ
2962 2058 3351 2133 ὀργιζόμενον,
3376 2060 3482 2114 καὶ
3522 2060 3743 2132 μιιδιᾷν

2144 2153 2464 2224 ἀνιώμενον.
2503 2152 2740 2223 Τοιαύτη
2770 2152 2880 2223 γὰρ
2906 2154 2940 2222 ή
2976 2154 3151 2223 σκηνὴ
3174 2151 3289 2206 τῶν
3316 2151 3577 2222 πλήθους
3608 2170 3746 2223 προ-

2148 2246 2376 2300 στασίαν
2404 2244 2766 2310 ἀναδέξασθαι
2792 2243 3333 2300 καταδικασθέντων.
3368 2244 3459 2299 Τὰ
3503 2244 3565 2296 δὲ
3588 2244 3742 2321 πρὶν,

2147 2341 2313 2403 ποῖα;
2348 2336 2500 2405 φίλος
2528 2338 2642 2399 τοῖς
2680 2335 2854 2405 φίλοις
2884 2336 3223 2407 ἀνεπαχθὴς,
3253 2335 3466 2407 ἐχθρὸς
3488 2336 3551 2390 δέ
3577 2338 3736 2392 οὐδε·-

2144 2428 2265 2491 νόςο
2294 2422 2410 2489 οἷος
2436 2428 2536 2497 τὴν
2567 2427 2828 2491 διάθεσιν,
2871 2426 3117 2491 τοιοῦτος
3144 2427 3241 2482 καὶ
3271 2427 3340 2482 τὸ
3376 2429 3737 2498 φαινόμενον.

2214 2517 2332 2572 Νῦν
2354 2518 2411 2571 δὲ
2436 2516 2549 2572 ἔσθ’
2584 2518 2675 2571 ὅτε
2704 2519 2799 2572 καὶ
2826 2518 3044 2590 πικρῶς
3071 2520 3343 2591 ἐπιτιμᾷν
3366 2520 3595 2591 ἀνάγκη
3622 2524 3735 2587 τοῖς

2144 2610 2343 2680 φίλοις,
2385 2612 2481 2668 καὶ
2522 2611 2649 2675 τοὺς
2703 2613 2990 2679 συγγενεῖς
3016 2611 3162 2683 ὑπὲρ
3188 2613 3423 2683 ἐντολῆς
3457 2615 3733 2689 παρορᾷν,

2143 2700 2238 2754 καὶ
2265 2702 2379 2764 τοῖς
2404 2701 2780 2772 ἁμαρτάνουσι
2810 2701 3100 2771 φαίνεσθαι
3130 2702 3335 2773 βαρὺς,
3365 2704 3569 2772 φθόνος
3594 2722 3731 2779 παντ

2141 2793 2392 2863 ταχόθεν,
2424 2792 2619 2863 ἀταξία
2660 2794 2838 2864 χρόνῳ
2874 2793 3266 2866 κρατυνθεῖσα.
3325 2794 3399 2849 Τί
3432 2813 3504 2866 με
3536 2795 3647 2866 χρὴ
3672 2796 3740 2851 τά

2140 2880 2304 2936 λοιπά
2350 2881 2714 2952 καταριθμεῖν
2746 2876 2834 2935 οἷα
2860 2884 3059 2954 πάσχω
3085 2882 3301 2939 διώκων
3358 2882 3457 2937 τὸν
3487 2884 3735 2954 Σίμωνα;

2140 2972 2285 3036 οἴους
2319 2972 2444 3025 καθ’
2470 2972 2709 3043 ἑκάστην
2752 2973 3060 3043 ὑφίσταμαι
3105 2991 3310 3046 πειρασ
3329 2976 3474 3046 μοὺς
3510 2976 3610 3041 τὰς
3646 2993 3736 3030 κοο

2143 3061 2344 3133 σμικάς
2372 3064 2684 3136 παρρησίας
2713 3062 2808 3117 τοῦ
2843 3063 2993 3134 ἱεροῦ
3035 3066 3406 3135 περικόπτων
3454 3067 3731 3143 συλλόγου,

466 3159 555 3237 nis
596 3174 628 3214 a
671 3173 830 3228 sacro
884 3166 1158 3215 conventu
1189 3160 1505 3230 prohibens,
1562 3170 1615 3217 et
1662 3172 2037 3235 contemptum

2143 3155 2241 3223 τὴν
2261 3154 2552 3225 ὀλιγωρίαν
2573 3154 2673 3226 τὴν
2689 3155 2820 3225 περὶ
2847 3156 2919 3209 τά
2940 3155 3250 3225 κρείττονα,
3274 3159 3391 3228 τὴν
3415 3159 3733 3229 ἐπιμέλειαν

464 3251 740 3336 potiorum
785 3265 991 3316 rerum,
1048 3260 1105 3318 et
1152 3251 1490 3331 diligentiam
1550 3256 1862 3309 vanarum?
1909 3256 2038 3311 Haec

2143 3245 2237 3317 τὴν
2266 3246 2397 3317 περὶ
2418 3246 2489 3299 τὰ
2517 3246 2743 3316 μάταια,
2775 3245 2814 3301 δ.
2849 3245 3064 3317 βλέπων
3085 3249 3181 3303 καὶ
3216 3249 3384 3320 πρὶν,
3419 3250 3517 3303 καὶ
3537 3248 3728 3336 δακνό-

463 3342 844 3431 providebam,
874 3351 931 3408 et
960 3342 1180 3419 animus
1209 3345 1589 3403 mordebatur:
1619 3362 1723 3403 nec
1750 3362 1884 3403 vero
1902 3363 2039 3403 meae

462 3444 549 3507 est
569 3437 713 3506 opis,
754 3433 874 3499 haec
903 3434 1237 3490 convellere.
1256 3435 1551 3510 Fugiebam
1578 3438 1917 3511 suil‘ragium,
1938 3442 2038 3497 de—

466 3524 731 3597 prembar
769 3524 1125 3601 creationem,
1158 3512 1540 3597 praefecturam
1577 3528 2036 3601 lngemiscebam;

462 3628 654 3675 verum
702 3612 965 3691 declinari
1000 3630 1111 3676 non
1160 3616 1338 3686 potuit
1371 3616 1519 3687 quod
1537 3627 1656 3677 erat
1683 3619 2035 3695 pra-ﬁnitum.

533 3702 645 3759 Sed
668 3718 770 3759 cur
791 3705 910 3777 haec
943 3706 1124 3781 scribo
1163 3718 1218 3763 et
1266 3702 1463 3778 scripsi
1500 3709 1696 3779 prius?
1739 3726 1804 3774 ac
1859 3712 2037 3782 siqui-

460 3795 586 3867 dem
610 3797 817 3873 credita
855 3807 1019 3869 sunt;
1048 3814 1198 3855 nunc
1220 3800 1476 3871 injuriam
1525 3802 1760 3873 accipio,
1796 3820 1828 3859 a
1865 3804 2035 3865 mise-

460 3890 695 3957 ricordia
719 3892 990 3963 desertus.
1017 3895 1114 3952 Sin
1137 3897 1207 3969 iis
1229 3914 1341 3954 non
1366 3908 1451 3955 est
1482 3900 1774 3968 creditum,
1815 3917 2035 3967 rursum

458 3980 668 4057 allicior
694 3984 913 4057 injuria,
939 3986 1033 4057 qui
1050 4003 1178 4065 vera
1205 3990 1441 4059 scribam
1471 4006 1576 4047 nec
1600 3992 1763 4050 fidem
1788 3992 1986 4049 iaciam
2015 4010 2029 4047 :

460 4076 542 4154 sic
574 4076 815 4156 undique
846 4077 1014 4151 miser
1039 4095 1182 4136 sum.
1213 4082 1261 4143 Α
1291 4082 1491 4153 quibus
1519 4083 1806 4153 sperabam
1833 4082 2040 4138 doloris

460 4175 751 4241 tracturum
780 4185 867 4240 me
893 4170 1348 4238 sublevationem,
1377 4173 1503 4228 inde
1527 4174 1821 4244 increpor:
1850 4190 1882 4235 a
1908 4174 2037 4245 qui-

459 4258 565 4313 bus
590 4258 1022 4336 exhortationem
1057 4269 1113 4315 et
1163 4260 1612 4327 consolationem,
1660 4260 1788 4321 inde
1826 4261 1895 4316 ad
1917 4260 2036 4330 [do-

459 4348 631 4423 iorem
659 4348 815 4418 dolor
836 4349 1165 4422 adiungitur.
1197 4350 1275 4405 Te
1294 4366 1408 4407 non
1435 4351 1742 4420 oportebat,
1758 4350 2034 4425 inquiunt,

2140 3355 2300 3409 μενος
2322 3337 2421 3409 τὴν
2465 3337 2667 3411 ψυχὴν,
2699 3338 2794 3392 καὶ
2820 3336 2898 3409 μὴ
2922 3338 3023 3407 τῆς
3070 3339 3212 3409 ἐμῆς
3247 3340 3448 3412 ἰσχύος
3503 3335 3645 3395 εἶναι
3672 3340 3729 3401 τέ

2136 3429 2308 3484 ταῦτα
2343 3430 2640 3502 περιελεῖν.
2680 3430 2954 3499 Ἕφευγον
2990 3430 3089 3505 τὴν
3117 3430 3328 3505 ψῆφον,
3361 3430 3726 3504 παρῃτούμην

2134 3519 2236 3589 τὴν
2266 3520 2624 3593 χειροτονίαν,
2660 3518 2953 3590 ώδυρόμην
2975 3519 3076 3592 τὴν
3118 3521 3482 3578 ἐπιστασίαν.
3510 3522 3628 3577 Ούκ
3653 3515 3717 3593 ἧν

2136 3610 2193 3664 δέ
2219 3610 2329 3683 ἄρα
2359 3614 2554 3681 φυγεῖν
2580 3612 2643 3665 τὸ
2667 3611 3016 3684 προορισθέν.

2220 3699 2382 3764 Ἀλλά
2400 3700 2453 3753 τί
2467 3700 2666 3770 γράφω
2680 3701 2853 3755 ταῦτα
2869 3718 2884 3766 ;
2904 3700 3120 3778 ἐγράφη
3141 3701 3549 3774 καὶπρότερον,
3570 3701 3662 3756 καὶ
3676 3703 3723 3756 ει

2140 3792 2241 3865 μὲν
2261 3793 2682 3864 ἐπιστεύθησαν,
2706 3792 2995 3865 ἀδικοῦμαι
3020 3792 3096 3866 μὴ
3122 3793 3486 3865 ἐλεούμενοςο
3512 3797 3560 3849 εί
3578 3795 3632 3848 δὲ
3651 3794 3722 3865 μὴ

2137 3884 2562 3956 ἐπιστεύθησαν,
2585 3884 2879 3957 ἀδικοῦμαι
2907 3884 3075 3940 πάλιν
3123 3885 3300 3956 ἀληθῆ
3349 3887 3600 3959 γράφων,
3630 3886 3720 3939 καὶ

2136 3979 2558 4049 ἀπιστούμενος.
2621 3978 2810 4042 Οῦτως
2861 3977 2973 4047 ἐγὼ
3017 3979 3367 4050 πανταχόθεν
3432 3977 3715 4048 δυστυχὴς,

2138 4070 2232 4140 ἀφ’
2260 4064 2335 4124 ὧν
2356 4071 2559 4136 ἐλπίζω
2583 4074 2681 4141 τῆς
2710 4070 2889 4141 λύπης
2909 4071 3090 4143 εύριῖν
3115 4070 3477 4143 παραψυχὴν,
3511 4070 3713 4125 ἐκεῖθεν

2140 4162 2543 4234 ἐκπλήττομαι·
2572 4164 2670 4233 ἀφ’
2706 4156 2783 4217 ὧν
2811 4164 3161 4235 παράκλησιν
3203 4164 3301 4219 καὶ
3335 4163 3712 4235 παραμυθίαν,

2138 4253 2350 4309 ἐκεῖθεν
2374 4257 2468 4310 ἐπὶ
2516 4255 2597 4327 τῷ
2632 4256 2910 4328 ἀλγήματι
2930 4256 3283 4328 προστίθεται
3322 4258 3574 4328 ἄλγημα.
3605 4255 3710 4308 Οὐκ

2136 4346 2245 4400 ἔδει
2259 4363 2340 4412 σε,
2355 4348 2540 4417 φησιν,
2556 4348 2901 4421 ἀδικηθῆναι.
2919 4349 3062 4419 Πρὸς
3084 4349 3210 4415 τοὺς
3223 4349 3551 4413 ἀδικοῦντας
3564 4345 3711 4400 τοῦτο

457 4439 599 4499 adici
674 4439 896 4511 injuria,
947 4442 1053 4507 hoc
1100 4442 1268 4499 dicito
1312 4442 1382 4498 iis
1420 4443 1514 4513 qui
1548 4443 1872 4501 intulerunt.
1912 4440 2033 4503 Non

2143 4439 2281 4492 είπέ.
2299 4438 2415 4497 Οὐκ
2453 4438 2561 4503 ἔδει
2596 4439 2901 4510 βιασθῆναι.
2923 4442 3078 4511 Καλή
3096 4458 3161 4509 γε
3186 4441 3220 4512 ἠ
3242 4441 3561 4512 νομοθεσία,
3584 4435 3708 4491 ἁλλά

456 4529 702 4608 pportuit
724 4512 828 4605 tibi
860 4530 1042 4606 alieni
1075 4532 1208 4597 vim.
1246 4512 1475 4607 Egregia
1512 4548 1647 4589 sane
1676 4534 1782 4600 lex,
1818 4533 1915 4589 sed
1936 4532 2031 4604 qui

2143 4528 2279 4583 τίσιν
2309 4530 2343 4600 ἡ
2371 4530 2720 4603 ἐπιτίμησις;
2766 4531 2889 4611 ούχὶ
2913 4535 3027 4596 τοῖς
3058 4532 3453 4603 βιασαμένοις;
3480 4530 3543 4585 τδ
3565 4529 3703 4590 ἔλεος

455 4623 817 4697 objurgandil
848 4638 1034 4689 nonne
1062 4625 1156 4694 qui
1200 4624 1313 4678 vim
1357 4624 1642 4684 fecerunt?
1663 4624 2034 4699 Misericordia

455 4716 679 4790 quinam
708 4714 904 4789 digni?
953 4715 1147 4772 Nonne
1184 4716 1220 4772 ii
1250 4717 1345 4795 qui
1388 4718 1497 4772 vim
1536 4718 1862 4781 subierunt?
1888 4716 1960 4771 At
1987 4716 2035 4772 si

455 4810 580 4877 quis
616 4809 882 4888 eossinit,
913 4824 945 4877 a
989 4810 1189 4882 quibus
1213 4819 1299 4867 est
1334 4809 1479 4881 illata
1503 4809 1621 4877 vis;
1651 4810 1901 4880 increpat
1933 4824 2037 4871 au-

460 4909 567 4955 tem
612 4917 738 4969 eum
768 4903 863 4979 qui
893 4903 1003 4958 vim
1030 4918 1226 4974 passus
1252 4909 1368 4957 est:
1410 4903 1698 4972 sperabam
1731 4912 1841 4958 tua:
1866 4901 2033 4972 justi-

457 4992 549 5057 tia:
584 5009 747 5063 posse
775 4990 864 5051 me
897 4996 952 5050 in
986 5011 1113 5060 eum
1140 4994 1410 5065 judicium
1462 4993 1776 5065 implorare.
1832 4996 1903 5047 At
1946 5008 2036 5046 ca-

457 5098 655 5155 nones,
707 5085 901 5155 inquit,
953 5087 1137 5141 violati
1184 5095 1335 5155 sunt,
1380 5086 1528 5157 quod
1558 5086 1627 5142 ad
1686 5084 2037 5156 pontiﬁcatus

459 5176 733 5250 (astigium
772 5194 806 5234 e
833 5178 1098 5239 laicorum
1135 5181 1327 5245 ordine
1374 5179 1692 5241 ascendisti.
1755 5177 1864 5234 Sed
1910 5177 2037 5248 quis

457 5252 715 5323 violavit?
752 5265 805 5323 is
830 5268 925 5337 qui
974 5268 1085 5337 vim
1129 5269 1409 5342 irrogavit,
1428 5284 1496 5325 an
1534 5269 1627 5338 qui
1666 5284 1766 5339 per
1810 5267 1922 5323 vim
1980 5276 2037 5327 et

457 5356 662 5426 invitus
688 5363 954 5413 attractus
989 5360 1216 5414 est?sed
1247 5361 1501 5429 resistere
1530 5358 1792 5431 oportuit.
1826 5359 2037 5425 Quous-

457 5444 613 5513 que?
639 5444 817 5499 restiti
844 5445 1011 5512 enim,
1035 5456 1093 5502 et
1133 5449 1257 5519 plus
1286 5464 1447 5520 quam
1465 5449 1731 5523 oportuit.
1780 5447 1938 5515 Quod
1985 5447 2032 5513 si

459 5534 541 5599 sic
568 5548 681 5587 non
708 5534 1069 5604 providissem
1095 5538 1420 5593 infestorum
1448 5548 1742 5597 ventorum
1764 5538 2035 5613 procellas

456 5624 713 5693 saeviores
767 5624 905 5692 fore,
930 5628 1254 5685 restitissem
1302 5634 1466 5685 etiam
1522 5646 1696 5701 usque
1744 5630 1813 5685 ad
1860 5630 2034 5700 ipsam

456 5721 713 5782 mortem.
744 5714 942 5781 Quales
971 5728 1155 5773 autem
1186 5734 1426 5774 canones
1455 5718 1532 5784 bi,
1560 5734 1794 5789 quorum
1829 5718 2028 5772 asseri-

454 5810 544 5868 tur
589 5808 1010 5869 praevaricatio?
1038 5824 1175 5880 quos
1210 5810 1277 5866 ad
1300 5810 1445 5867 hunc
1473 5826 1643 5882 usque
1671 5811 1822 5869 diem
1865 5809 2071 5899 Con-__

2134 4618 2193 4681 δὲ
2222 4620 2395 4688 τίσιν;
2426 4620 2549 4693 οὐχὶ
2590 4624 2703 4686 τοῖς
2754 4622 2874 4693 βίαν
2906 4623 3236 4690 rimaraum;
3268 4623 3339 4676 ἂν
3364 4623 3423 4675 δέ
3466 4638 3553 4685 τις
3575 4614 3694 4679 τοὺς

2137 4710 2501 4785 βιασαμένους
2530 4712 2628 4782 μὲν
2653 4713 2741 4784 ἐᾷ,
2779 4714 2872 4766 τὸν
2908 4713 2967 4767 δέ
3012 4713 3303 4783 βιασθέντα
3326 4713 3576 4783 ἐπιτιμᾷ,
3604 4708 3697 4778 τὴν

2137 4803 2239 4875 σὴν
2266 4803 2494 4873 ἤλπιζεν
2519 4804 2607 4858 ἐπ’
2634 4805 2797 4859 αὑτὸν
2842 4804 3190 4876 δικαιοσύνην
3221 4806 3453 4861 καλέσαι
3490 4802 3696 4875 κριτήν.

2148 4894 2311 4948 Ἀλλά
2340 4896 2585 4962 κανόνες,
2623 4898 2781 4968 φησὶ,
2808 4897 3223 4969 παρεὸάθησαν,
3258 4898 3342 4951 ὅτι
3369 4898 3505 4970 πρὸς
3522 4896 3581 4949 τὸ
3605 4893 3697 4962 τῆς

2134 4984 2545 5058 ἀρχιερωσύνης
2577 4988 2730 5058 ὕψος.
2779 4991 2889 5044 ἀπὸ
2914 4990 3107 5044 λαῖκοῦ
3142 4992 3416 5062 προῆλθες
3442 4989 3536 5043 τοῦ
3571 4986 3696 5055 om-

2140 5094 2331 5148 ματος.
2362 5080 2473 5133 Καὶ
2511 5080 2594 5141 τίς
2625 5082 2654 5133 ὁ
2695 5082 2985 5151 παραϐάς,
3021 5084 3052 5136 ό
3084 5083 3412 5153 βιασάμενος
3436 5123 3449 5147 ,
3481 5081 3512 5149 ἢ
3552 5079 3580 5129 ὁ
3612 5076 3695 5146 βίᾳ

2135 5170 2233 5222 καὶ
2262 5169 2411 5222 ἄκων
2437 5170 2822 5239 ἀνελκυσθείς;
2858 5172 2998 5239 Ἀλλ’
3022 5173 3191 5243 ἐχρῆν
3215 5175 3505 5242 ἀντισχεῖν.
3525 5168 3690 5235 Μέχρι

2136 5260 2310 5328 τίνοςς
2346 5261 2606 5332 ἀντέσχον
2625 5263 2681 5316 δὲ
2707 5265 2803 5316 καὶ
2841 5265 2986 5336 πέρα
3012 5265 3109 5319 τοῦ
3129 5266 3364 5329 δέοντος.
3396 5264 3457 5317 Ei
3489 5262 3534 5315 δ’
3561 5257 3693 5312 οὕτω

2139 5370 2230 5423 μοι
2252 5354 2508 5426 προῄδειν
2534 5355 2593 5408 τὸ
2619 5355 2912 5411 κλυδώνιον
2958 5358 3069 5412 τῶν
3100 5360 3357 5430 πονηρῶν
3382 5352 3688 5423 πνευμάτων

2137 5445 2356 5515 μέλλειν
2407 5446 2904 5518 ἐπιτραχύνεσθαι,
2952 5450 3214 5521 ἀντέσχον
3272 5450 3341 5505 ἂν
3380 5448 3474 5503 καὶ
3508 5443 3685 5515 μέχρις

2136 5538 2305 5591 αὑτοῦ
2343 5538 2598 5611 θανάτου.
2644 5542 2793 5595 Ποῖοι
2840 5542 2901 5596 δὲ
2932 5544 3157 5607 κανόνες
3188 5539 3266 5597 ὢν
3297 5544 3330 5612 ἡ
3362 5535 3673 5609 παράϐασις.

2133 5629 2226 5692 οὓς
2269 5631 2431 5700 μέχρι
2494 5633 2591 5686 καὶ
2646 5635 2889 5705 τήμερον
2939 5636 2998 5688 ἐν
3056 5622 3675 5691 Κωνσταντινουπολιτῶν

2136 5720 2402 5791 ἐκκλησίᾳ
2431 5724 2492 5774 οὐ
2528 5724 2865 5795 παρείληφεν
2890 5745 2905 5792 ;
2937 5726 3164 5779 ἐκείνων
3205 5726 3419 5793 λέγεται
3444 5712 3671 5784 παράδα·

2094 5889 2115 5901 ο
2138 5827 2242 5887 αις,
2264 5804 2338 5867 ὧν
2359 5814 2391 5882 ή
2416 5812 2631 5883 φυλακὴ
2649 5816 3027 5887 παραδέδοται.
3058 5820 3125 5873 ’Δ
3139 5817 3195 5871 δὲ
3221 5817 3293 5889 μὴ
3323 5808 3677 5886 παραδίδοται,
