4032 6488
363 402 467 467 601

1524 410 2073 476 EPISTOLARUM
2108 408 2346 471 LIBER
2384 406 2437 468 Ι.

3516 403 3626 470 602

359 519 483 576 οὐδὲ
512 520 590 592 μὴ
627 522 1013 597 φυλασσόμενα
1050 533 1413 605 παραϐάσεως
1443 532 1601 603 φέρει
1654 529 1922 600 ἐγκλημαε

2046 521 2652 593 stantinopolitanorum
2686 516 2927 573 Ecclesia
2970 532 3081 572 non
3112 518 3343 587 accepit.
3396 518 3615 573 Illorum

444 613 588 668 Ἀλλ’
624 617 749 686 ἐμοὶ
808 618 910 689 μὲν
942 624 1037 677 καὶ
1067 628 1138 683 τὰ
1170 628 1406 701 ῥηθέντα
1448 624 1817 696 ἀποχρώντως
1866 622 1935 677 ἂν

355 697 527 773 εἶχεν,
562 706 638 771 ὡς
670 707 765 762 τοῦ
796 697 1463 788 προσήκοντοςήείρημένα
1500 716 1685 770 πλέον.
1716 716 1792 769 Οὐ
1824 714 1933 785 γάρ

351 794 726 867 δικαιολογίας
773 802 970 859 ἑαυτοῦ
997 812 1250 881 συνιστᾷν
1275 809 1559 881 προήχθην
1582 825 1595 839 ⁹
1630 807 1751 871 πῶς
1793 807 1931 878 γάρ;

352 889 415 952 ὃς
440 905 507 957 γε
546 890 710 963 εὐχῆς
737 893 901 965 ἔργον
934 900 1195 971 ποιοῦμαι
1238 902 1595 973 πολυτρόπως
1622 903 1722 971 τῆς
1767 898 1936 969 ζάλης

352 980 567 1052 ταύτης
597 984 1003 1058 ἀπαλλαγῆναι,
1031 992 1125 1045 καὶ
1163 993 1222 1047 τὸ
1253 994 1476 1065 φορτίον
1500 990 1931 1062 ὲλαφρυνθῆναιο

352 1070 535 1136 οὕτως
564 1073 674 1142 ἐγὼ
691 1075 787 1130 τοῦ
823 1079 1015 1148 θρόνου
1057 1085 1299 1153 ἐφίεμαι,
1348 1085 1446 1137 καὶ
1499 1083 1674 1145 οὕτως
1725 1082 1934 1152 σφόδρα

351 1162 673 1233 ἀντέχομαι.
702 1168 777 1221 Ού
808 1170 917 1241 γὰρ
940 1172 1232 1246 ἀρχομένῳ
1261 1175 1361 1246 μὲν
1387 1176 1551 1247 βάρος
1572 1170 1641 1246 ἦν
1670 1177 1699 1229 ὁ
1721 1173 1931 1247 Θρόνος.

355 1256 607 1323 προῖόντι
638 1257 695 1310 δὲ
728 1259 795 1312 δι’
825 1261 1122 1334 ἐπιθυμίας
1148 1266 1392 1334 ὲγίνετοο
1420 1266 1537 1320 ἀλλ’
1565 1267 1754 1338 ὥσπερ
1784 1267 1934 1321 ἄκων

350 1344 632 1416 εἰσῆλθον,
663 1349 837 1414 οὕτως
865 1352 1370 1429 ἄκωνικαθὲζομαι,
1401 1358 1496 1411 καὶ
1518 1358 1614 1411 τοῦ
1647 1358 1933 1428 βιασθῆναι

348 1438 498 1508 πρὸς
516 1440 615 1509 τὴν
637 1440 842 1496 εἴσοδον
871 1446 1010 1514 μετά
1031 1449 1143 1502 τῶν
1164 1450 1340 1504 ἄλλων
1370 1451 1609 1522 ἐναργὴς
1636 1450 1930 1517 ἀπόδειξις,

347 1530 413 1583 τὸ
438 1530 604 1602 μέχρι
637 1533 733 1587 τοῦ
766 1535 861 1590 νῦν
888 1539 983 1592 ἀπ’
1011 1539 1211 1613 ἀρχῆς,
1248 1544 1349 1613 τῆς
1377 1544 1553 1615 ἀρχῆς
1580 1543 1788 1614 ταύτης
1820 1542 1936 1597 ἐθέ-

351 1622 476 1676 λειν
509 1623 847 1687 ἐξίστασθαι.
892 1630 1004 1684 Καὶ
1052 1632 1101 1684 εί
1142 1635 1445 1705 χαριέντως
1493 1634 1734 1706 ἔγραφεν
1784 1634 1932 1703 ἐμοὶ,

345 1715 457 1768 οὒκ
499 1714 700 1784 ὤφειλε
740 1720 997 1790 γράφειν,
1055 1723 1127 1777 τὰ
1159 1724 1258 1794 μὲν
1301 1725 1438 1780 ἄλλα
1485 1727 1663 1779 πάντα
1695 1726 1930 1797 χρηστὰ,

347 1807 450 1859 καὶ
476 1808 755 1874 ἐπαινετὰ,
787 1811 883 1864 καὶ
911 1812 1182 1884 δεχόμεθα
1209 1816 1304 1869 καὶ
1327 1817 1666 1886 τερπόμεθα,
1706 1818 1799 1870 καὶ
1830 1833 1931 1887 χα-

343 1899 665 1969 τιστηρίους
691 1899 889 1971 ᾄδομεν
935 1902 1056 1972 Θεῷ
1098 1905 1175 1975 τῷ
1202 1906 1494 1977 πανσόφως
1520 1907 1664 1961 οὕτω
1705 1909 1805 1980 τὴν
1830 1912 1894 1963 ὲκ
1911 1941 1926 1952 ο

343 1988 584 2058 κλησίαν
615 1991 879 2049 ίθύναντι.
913 1995 987 2051 Τὸ
1013 1997 1070 2051 δὲ
1103 1998 1212 2052 ἀπὸ
1235 1999 1463 2068 λαῖκῶν,
1497 2001 1598 2054 ούκ
1618 2003 1926 2058 ἐπαινετόν.

342 2079 445 2131 Διὸ
474 2080 612 2144 τέως
636 2082 695 2134 ὲν
720 2083 1008 2154 ἀμφιϐόλῳ
1038 2086 1436 2158 καθιστάμεθα,
1465 2088 1565 2159 τὴν
1582 2090 1927 2161 τελεωτάτην

342 2171 660 2225 συναίνεσιν
691 2174 773 2236 είς
808 2174 908 2245 τὴν
962 2176 1071 2229 τῶν
1113 2179 1549 2250 ἀποκρισιαρίων
1589 2180 1749 2252 ἡμῶν
1790 2183 1927 2234 ὑπο-

340 2260 590 2331 στροφὴν
618 2260 968 2332 ἀναθέμενοι.
1017 2265 1159 2319 Ἀλλ’
1195 2266 1301 2319 ἔδει
1327 2269 1586 2339 γράφειν,
1633 2270 1694 2321 οὐ
1736 2286 1923 2322 συναι-

336 2348 547 2418 νοῦμεν
592 2349 752 2417 ὅλως,
804 2352 866 2406 οὐ
915 2355 1365 2426 καταδεχόμεθαο
1422 2358 1544 2410 οὐδὲ
1603 2358 1678 2429 μὴ
1717 2360 1797 2420 εἰς
1832 2359 1924 2413 τὸν

336 2440 525 2498 αἰῶνα
552 2442 993 2515 καταδεξαίμεθα
1032 2446 1125 2500 τὸν
1160 2447 1601 2518 προσδραμόντα,
1640 2448 1732 2501 τὸν
1754 2451 1923 2519 ἐμπο-

336 2536 686 2603 ρευσάμενον
707 2536 808 2606 τὴν
833 2536 1029 2609 ἀρχὴν,
1056 2538 1149 2591 τὸν
1176 2539 1501 2609 ἁψήφιστον,
1527 2540 1618 2593 τὸν
1650 2538 1720 2592 τὰ
1748 2540 1926 2593 πάντα

336 2627 537 2681 κακόν.
568 2626 751 2695 "astet
777 2627 873 2682 τοῦ
918 2628 1132 2700 θρόνου,
1179 2629 1536 2703 ὑποχώρησον
1567 2629 1661 2685 τοῦ
1696 2629 1925 2700 ποιμαί-

333 2734 475 2791 νεοιν,
499 2715 677 2781 οὕτως
712 2717 780 2773 ἂν
804 2720 833 2772 ὁ
859 2720 1089 2789 γράφων
1120 2718 1360 2789 ἔγραφεν
1391 2721 1515 2791 ἐμοὶ
1553 2717 1851 2789 προσφιλῆ,
1876 2717 1926 2770 εί

334 2810 437 2875 καὶ
467 2809 539 2863 τά
567 2810 739 2864 πλείω
758 2810 949 2881 ψευδῆ.
975 2812 1123 2864 Ἔδει
1144 2813 1272 2882 γὰρ,
1296 2812 1373 2875 ὡς
1400 2810 1566 2877 ἔοικε,
1595 2810 1688 2862 τὸν
1733 2809 1927 2878 ἀδικη-

335 2901 507 2954 θέντα
537 2902 640 2973 τὴν
664 2904 871 2958 εἴσοδον
919 2903 1245 2974 ἀδικηθῆναι
1276 2904 1438 2957 πάλιν
1463 2903 1558 2973 τὴν
1580 2902 1778 2966 ἔξοδον,
1828 2902 1925 2955 καὶ

2036 612 2237 668 dicitur
2268 609 2639 681 transgressio,
2678 622 2915 678 quorum
2972 606 3164 661 tradita
3207 616 3290 660 est
3338 609 3617 662 custodia:

2035 720 2157 774 quaz
2180 718 2307 757 vero
2330 702 2527 757 tradita
2550 714 2659 755 non
2682 707 2831 764 sunt,
2864 713 2927 752 ea
2972 714 3082 752 non
3105 698 3397 764 custodita,
3447 708 3627 754 trans-

2039 793 2335 867 gressionis
2357 808 2469 846 non
2496 790 2741 846 inferunt
2760 786 2994 841 crimen.

2131 885 2278 941 Satis
2323 892 2486 941 erant
2528 898 2652 954 quae
2702 883 2815 952 jam
2859 880 3103 949 exposui,
3147 896 3211 936 ac
3245 882 3417 937 multo
3460 882 3625 938 etiam

2036 979 2193 1050 plura
2214 993 2373 1048 quam
2401 974 2778 1032 conveniebat.
2810 972 2923 1028 Nec
2951 972 3096 1027 enim
3121 973 3190 1028 ad
3212 973 3328 1029 hac
3359 974 3627 1031 adductus

2036 1087 2159 1128 sum
2194 1081 2255 1126 ut
2283 1086 2370 1126 me
2405 1070 2552 1141 justa
2599 1066 2919 1123 defensione
2966 1066 3434 1122 commendarem.
3479 1067 3628 1134 Quo-

2035 1164 2197 1219 modo
2242 1162 2386 1218 enim
2430 1162 2590 1215 aliter
2632 1174 2756 1215 esse
2816 1167 3022 1230 posset,
3055 1173 3182 1213 cum
3229 1158 3464 1228 optabile
3490 1158 3624 1215 mihi

2034 1263 2182 1309 esset
2253 1252 2580 1309 omnimodis
2660 1251 2763 1305 hac
2817 1250 3052 1321 procella
3112 1250 3355 1318 liberari,
3408 1259 3466 1304 et
3515 1250 3625 1306 hoc

2034 1344 2203 1399 levari
2235 1344 2445 1399 onere?
2472 1342 2562 1397 Sic
2585 1357 2715 1413 ergo
2736 1342 2882 1397 sedis
2902 1350 3167 1412 appetens
3187 1357 3329 1409 sum,
3356 1340 3437 1395 sic
3455 1342 3625 1396 vehe-

2034 1442 2249 1488 menter
2277 1448 2396 1487 eam
2425 1432 2656 1486 retineo.
2690 1430 2813 1485 Non
2871 1431 3019 1485 enim
3073 1446 3104 1484 a
3170 1430 3442 1500 principio
3494 1431 3623 1501 qui-

2033 1524 2158 1579 dem
2194 1524 2348 1579 oneri
2389 1523 2619 1578 thronus
2652 1524 2773 1589 fuit,
2824 1538 3117 1595 progressu
3164 1538 3294 1579 vero
3350 1524 3615 1593 temporis

2033 1616 2310 1685 expetitus
2342 1624 2463 1670 est:
2499 1616 2595 1670 sed
2646 1615 3108 1685 quemadmodum
3168 1615 3450 1686 ingressus
3497 1631 3621 1671 sum

2033 1705 2259 1768 invitus,
2303 1705 2388 1759 sic
2433 1704 2641 1759 invitus
2670 1704 2857 1759 sedeo.
2892 1703 3045 1769 Quod
3076 1712 3258 1757 autem
3292 1704 3451 1758 initio
3488 1703 3625 1760 mihi

2032 1796 2116 1852 vis
2150 1796 2289 1851 facta
2318 1797 2408 1861 sit,
2435 1810 2558 1849 cum
2580 1810 2647 1849 ex
2675 1794 2817 1859 aliis,
2835 1807 2950 1850 tum
2976 1811 3043 1850 ex
3065 1795 3169 1849 hoc
3193 1795 3622 1863 demonstratur,

2034 1889 2180 1961 quod
2215 1905 2245 1943 a
2279 1888 2560 1959 principio
2618 1902 2793 1959 usque
2828 1887 3009 1942 adhuc
3065 1886 3227 1943 velim
3269 1888 3467 1943 cedere
3519 1888 3625 1944 hac

2034 1983 2182 2038 sede.
2213 1981 2284 2036 At
2314 1982 2360 2036 si
2395 1981 2529 2035 mihi
2568 1990 2720 2053 grata
2744 1981 3031 2037 scribenda
3060 1988 3262 2047 erunt;
3291 1996 3403 2035 non
3450 1995 3623 2051 opor-

2034 2077 2139 2130 tuit
2166 2074 2421 2146 benigna,
2447 2072 2746 2143 caeteroqui
2792 2082 2847 2127 et
2884 2072 3177 2127 laudabilia
3215 2072 3418 2128 scribi:
3452 2072 3626 2129 Acce-

2032 2167 2233 2237 pimus,
2282 2166 2550 2233 laztamur,
2612 2174 2668 2220 et
2711 2164 2882 2236 gratia
2951 2164 3163 2235 agimus
3216 2164 3623 2234 sapientissimo

2035 2258 2168 2323 Deo,
2201 2258 2295 2327 qui
2336 2256 2638 2312 Ecclesiam
2674 2256 2964 2327 gubernat.
3006 2252 3121 2309 Hoc
3176 2270 3308 2308 vero
3344 2270 3411 2309 ex
3453 2254 3623 2310 laico-

2032 2361 2155 2400 rum
2202 2345 2418 2410 ordine,
2471 2344 2745 2400 laudabile
2790 2360 2901 2397 non
2952 2352 3073 2398 est:
3121 2344 3328 2399 idcirco
3379 2345 3622 2415 ambigui

2032 2437 2213 2491 adhuc
2251 2452 2464 2502 sumus,
2494 2445 2549 2491 et
2573 2436 2876 2507 perfectum
2908 2452 3201 2492 assensum
3242 2435 3299 2491 in
3321 2436 3622 2507 apocrisia-

2030 2529 2241 2583 riorum
2300 2536 2615 2583 nostrorum
2687 2529 2926 2583 reditum
2989 2529 3326 2585 distulimus.
3402 2528 3618 2586 Verum

2032 2618 2202 2673 scribi
2235 2618 2448 2682 debuit,
2472 2618 2697 2672 omnino
2742 2634 2852 2672 non
2882 2618 3232 2684 assentimur,
3279 2632 3388 2673 non
3419 2620 3623 2689 proba-

2032 2726 2178 2774 mus,
2211 2726 2324 2765 non
2364 2709 2688 2780 accipimus,
2739 2725 2845 2765 nec
2900 2724 3034 2765 vero
3096 2725 3338 2779 unquam
3384 2710 3621 2781 accipie-

2025 2818 2179 2870 mus;
2210 2803 2301 2872 qui
2325 2802 2587 2864 accurrit,
2619 2801 2715 2871 qui
2746 2802 3101 2871 praesulatum
3128 2801 3473 2855 nundinatus
3504 2810 3618 2865 est,

2026 2888 2122 2959 qui
2171 2904 2286 2943 non
2338 2897 2422 2944 est
2465 2888 2631 2959 justis
2661 2888 2937 2960 suﬂ'ragiis
2983 2888 3207 2944 factus:
3243 2889 3297 2943 in
3356 2890 3618 2945 omnibus

323 2993 429 3045 τὸν
455 2993 751 3065 ἀποτόμως
793 2993 1116 3060 ὠθισθέντα,
1148 2994 1243 3048 καὶ
1274 2995 1475 3048 ἄκοντα
1504 2991 1921 3062 ἁποτομώτερόν

2030 2980 2355 3049 improbum.
2386 2978 2489 3035 Abi
2520 2979 2623 3034 hac
2660 2979 2812 3046 sede,
2850 2988 2907 3033 et
2967 2978 3036 3034 de
3078 2980 3312 3050 pastoris
3360 2995 3610 3035 munere.

322 3101 394 3137 τε
418 3085 513 3137 καὶ
540 3085 934 3158 νεανικώτερον
961 3086 1313 3155 ἀπωσθῆναι;
1341 3084 1431 3156 Τῷ
1453 3084 1497 3136 δ’
1523 3082 1695 3145 οὕτως
1737 3081 1916 3152 ἔχοντι

2030 3072 2129 3139 Qui
2155 3072 2229 3126 ita
2262 3072 2597 3142 scripsisset,
2629 3072 2765 3127 mihi
2792 3072 3104 3142 scripsisset
3125 3072 3393 3141 jucunda,
3421 3088 3618 3143 quam-

325 3175 432 3245 καὶ
458 3173 797 3247 λογιζομένῳ
824 3177 885 3233 οὐ
905 3175 1076 3246 πολλὴ
1109 3176 1329 3246 φροντὶς
1352 3175 1451 3238 τὰς
1489 3172 1742 3234 διαϐολὰς
1771 3172 1913 3225 ἀπο-

2030 3168 2103 3221 vis
2146 3166 2278 3220 falsa
2316 3166 2597 3236 pleraque.
2628 3167 2714 3220 An
2770 3181 2904 3220 vero
2957 3166 3267 3236 oportebat,
3300 3166 3391 3236 qui
3436 3166 3492 3220 in
3532 3166 3621 3219 in-

323 3263 659 3333 τρίῷασθαι,
683 3258 759 3318 ὧν
798 3265 859 3318 τὸ
888 3265 1056 3337 κῦρος
1091 3264 1185 3317 τοῦ
1217 3264 1407 3335 θρόνου
1453 3263 1768 3334 ἀφαίρεσις.
1802 3261 1914 3317 Καὶ

2030 3276 2209 3331 gressu
2233 3260 2461 3316 allectus
2484 3269 2602 3314 erat
2635 3259 2856 3330 injuria,
2892 3260 2947 3314 in
2971 3276 3195 3331 egressu
3240 3261 3427 3315 itidem
3464 3259 3616 3330 inju-

326 3361 499 3428 ἤρκει
532 3360 651 3430 μὲν,
681 3361 756 3423 ὡς
780 3362 1013 3432 εἴρηται,
1038 3361 1106 3413 τὰ
1127 3359 1382 3431 ρηθέντα.

2030 3354 2156 3407 riam
2198 3354 2484 3423 accipere?
2512 3364 2569 3408 et
2613 3355 2706 3424 qui
2742 3354 2919 3408 aliena
2947 3356 3226 3425 protervia
3281 3353 3487 3408 invitus
3548 3355 3620 3409 ad

328 3452 453 3505 luee-
509 3453 796 3517 inciderat;
846 3454 1014 3523 magis
1054 3454 1216 3506 etiam
1287 3452 1510 3521 praecise
1568 3466 1633 3506 ac
1662 3459 1917 3520 proterve
1976 3446 2214 3516 expelli?
2264 3445 2367 3512 Qui
2425 3446 2505 3501 sic
2551 3445 2783 3501 affectus
2829 3454 2935 3510 est,
2992 3447 3193 3516 quique
3229 3446 3345 3500 haze
3394 3444 3622 3516 cogitat,

325 3560 447 3615 non
488 3544 647 3599 valde
702 3553 876 3611 curat,
920 3560 1020 3600 nec
1064 3545 1273 3599 laborat
1317 3544 1384 3599 de
1427 3542 1713 3598 calumniis
1753 3538 2155 3613 propulsandis,
2194 3553 2431 3609 quarum
2481 3539 2601 3593 haec
2634 3546 2881 3608 potestas
2913 3539 3029 3594 sola
3060 3547 3166 3605 est,
3195 3546 3258 3593 ut
3311 3538 3363 3594 ei
3387 3538 3621 3594 thronus

327 3636 630 3690 adimatur.
664 3634 807 3689 Satis
839 3651 1003 3706 ergo,
1038 3645 1098 3690 ut
1130 3635 1264 3701 dixi,
1299 3635 1419 3690 haec
1440 3634 1684 3689 fuerant.

418 3728 581 3782 Ἐπεὶ
601 3728 659 3780 δὲ
683 3725 754 3782 δι’
780 3729 927 3800 ἡμᾶς
947 3728 1045 3781 σὺν
1072 3730 1205 3799 ἡμῖν
1251 3730 1346 3782 καὶ
1374 3732 1422 3783 οἱ
1450 3729 1556 3800 πρὸ
1577 3731 1610 3797 ἡ
1620 3728 1737 3799 μῶν
1767 3726 1913 3795 ἅγιοι

326 3819 431 3890 καὶ
446 3818 709 3887 μακάριοι
727 3819 973 3889 Πατέρες
988 3818 1340 3890 συνδιαϐεϐλῆ
1350 3820 1471 3872 σθαι
1490 3818 1917 3882 κινδυνεύουσιν,

326 3910 411 3967 ὡς
437 3908 757 3980 Νικηφόρος
788 3909 885 3962 καὶ
903 3910 1176 3980 Ταράσιος
1198 3912 1285 3981 (ἐκ
1304 3910 1495 3964 λαῖκοῦ
1528 3912 1637 3980 γὰρ
1657 3910 1754 3963 καὶ
1772 3905 1919 3962 οὗτοι

327 4000 433 4059 τοῦ
470 4001 750 4071 σχήματος
783 4002 864 4064 είς
892 4001 953 4055 τὸ
997 4006 1097 4073 τῆς
1126 4001 1541 4075 ἀρχιερωσύνης
1560 4004 1728 4070 ἄκρον
1782 4017 1920 4070 προ-

328 4092 569 4161 έϐησαν,
599 4090 649 4144 οἳ
675 4091 778 4160 τῆς
804 4091 929 4145 καθ’
958 4094 1105 4163 ἡμᾶς
1134 4094 1330 4161 γενεᾶς
1362 4095 1642 4162 ἁειφανεῖς
1669 4091 1921 4163 λαμπτῆ-

330 4198 454 4253 ρες,
485 4184 581 4235 καὶ
606 4182 708 4249 τῆς
724 4184 1009 4247 εὐσεϐείας
1024 4184 1338 4255 διαπρύσιοι
1360 4185 1619 4253 γεγόνασι
1650 4185 1919 4255 κήρυκες,

329 4273 439 4342 βίῳ
467 4274 561 4326 καὶ
580 4274 725 4344 λόγῳ
743 4275 1110 4346 κρατύναντες
1136 4277 1235 4347 τὴν
1253 4276 1557 4348 ἀλήθειαν),
1576 4276 1648 4330 τὰ
1661 4277 1921 4333 λείποντα

325 4362 412 4433 τῷ
437 4362 583 4433 λόγῳ
620 4364 938 4435 προσθεῖναι
990 4366 1167 4437 χρεὼν
1202 4367 1495 4437 ἡγησάμην
1529 4366 1707 4437 πάσης
1744 4366 1922 4431 αἰτίας

326 4454 645 4525 κρείττους,
680 4454 776 4508 καὶ
805 4456 986 4526 πάσης
1023 4455 1277 4526 διαϐολῆς
1308 4457 1615 4527 ἀνωτέρους
1653 4459 1779 4521 τοὺς
1808 4475 1912 4527 μα-

2094 3725 2164 3778 At
2192 3724 2449 3794 quoniam
2478 3732 2704 3792 propter
2736 3738 2839 3776 nos
2866 3723 3159 3779 nobiscum
3200 3726 3294 3795 qui
3348 3735 3477 3783 ante
3515 3743 3620 3786 nos

2025 3813 2198 3879 luere,
2238 3815 2413 3869 sancti
2460 3830 2525 3869 ac
2568 3814 2712 3870 beati
2757 3812 2952 3871 Patres
3006 3818 3389 3887 periclitantur
3436 3820 3492 3874 in
3520 3836 3618 3877 ca-

2024 3905 2288 3960 lumniam
2318 3914 2374 3960 et
2404 3906 2615 3961 crimen
2647 3908 2854 3972 venire,
2891 3917 2950 3963 ut
2976 3908 3319 3980 Nicephorus
3352 3921 3408 3967 et
3436 3912 3614 3969 Tara-

2025 3998 2137 4053 sins
2162 3998 2309 4069 (nam
2348 3998 2403 4052 hi
2425 4013 2643 4069 quoque
2667 4014 2733 4052 ex
2762 3999 2957 4055 ordine
2994 4000 3132 4056 laico
3165 4002 3231 4056 ad
3260 4002 3615 4072 pontiﬁcatus

2025 4091 2304 4161 fastigium
2358 4092 2736 4160 pervenerint,
2774 4092 2865 4163 qui
2926 4094 3205 4149 memoriae
3250 4105 3449 4151 nostra:
3497 4096 3617 4152 cla-

2025 4182 2239 4236 rissima
2267 4182 2494 4247 lumina,
2528 4182 2852 4255 pietatisque
2908 4184 3110 4255 egregii
3176 4202 3477 4256 praecones,
3518 4203 3614 4244 ve-

2025 4271 2244 4328 ritatem
2271 4281 2328 4327 et
2348 4272 2460 4326 vita
2490 4282 2546 4327 et
2567 4273 2752 4329 verbis
2791 4273 3212 4343 conﬁrmarunt)
3240 4294 3253 4328 :
3297 4276 3612 4333 existimavi

2022 4378 2144 4433 qnze
2176 4371 2407 4429 restant,
2457 4364 2693 4418 orationi
2736 4373 2992 4435 oportere
3032 4364 3293 4438 adjungi;
3339 4366 3469 4422 dum
3510 4383 3608 4423 os-

2026 4455 2192 4513 tendo
2233 4453 2426 4508 beatos
2467 4453 2589 4507 illos
2619 4454 2765 4508 viros
2824 4454 3034 4509 crimen
3083 4470 3246 4509 omne
3283 4455 3528 4520 vincere,
3558 4463 3618 4510 et

328 4546 565 4615 καρίους
587 4546 830 4611 ἐκείνους
852 4525 1052 4619 ἄνδρας
1081 4525 1416 4612 ἐπιδεικνύς.
1451 4525 1513 4602 Εί
1543 4549 1587 4602 δ’
1622 4549 1733 4602 οὐδ’
1761 4525 1916 4603 ἄλλοι

2030 4545 2357 4601 calumniam
2389 4560 2609 4601 omnem
2635 4561 2913 4615 superare.
2944 4546 3108 4613 Quod
3158 4548 3203 4602 si
3238 4563 3309 4603 ne
3367 4548 3458 4601 alii
3483 4548 3613 4617 qui-

322 4635 478 4696 ςινὲς
499 4634 725 4700 τούτους
746 4636 1032 4700 ὑπαιτίους
1047 4636 1291 4709 τολμῶσι
1316 4637 1505 4706 φάναι,
1535 4638 1597 4691 τὸ
1622 4640 1688 4691 ὲκ
1711 4638 1916 4693 λαῖκῶν

323 4728 387 4781 δὲ
425 4727 563 4797 πρὸς
609 4728 914 4799 ἱερωσύνην
954 4729 1131 4783 ἐλθεῖν
1180 4730 1509 4801 κρατύνουσι
1558 4732 1913 4803 πρόσκομμα,

330 4820 644 4894 μέμφονται
671 4820 773 4889 μὲν
801 4814 885 4885 οἷς
927 4821 987 4873 οὐ
1044 4820 1372 4891 μέμφονται.
1421 4822 1516 4876 Ἐκ
1566 4823 1769 4878 λαῖκῶν
1803 4826 1912 4895 γὰρ

336 4913 436 4964 καὶ
464 4906 611 4964 οὗτοι
634 4913 1008 4984 προήχθησαν.
1033 4914 1140 4975 Οὓς
1168 4913 1225 4966 δὲ
1253 4914 1418 4969 πάλιν
1434 4916 1660 4985 τιμῶσι,
1697 4918 1791 4969 καὶ
1830 4934 1923 4970 τεο

334 5003 571 5073 θήπασι,
603 5003 666 5056 τὸ
694 5002 885 5073 ψέγειν
910 5005 973 5057 οὐ
1005 5005 1323 5074 φεύγουσιν.
1367 5006 1506 5059 Ἀλλ’
1532 4998 1682 5061 οὗτοι
1715 5008 1920 5079 (Ταρά-

330 5111 451 5158 σιος
490 5090 562 5166 ἦν
597 5095 695 5149 καὶ
733 5095 1069 5169 Νικηφόρος)
1119 5098 1178 5150 ὲν
1233 5098 1487 5170 κοσμικῷ
1524 5098 1625 5169 βίῳ
1674 5100 1922 5172 ἀστέρων

327 5189 493 5257 δίκην
514 5186 937 5259 διαλάμποντες,
967 5187 1063 5241 καὶ
1095 5189 1226 5261 πρὸς
1257 5190 1540 5260 ἱερατικὴν
1556 5191 1731 5261 ἀρχὴν
1759 5207 1921 5259 γεγο-

330 5279 484 5341 νότες
521 5277 815 5332 ἀπόλεκτοι
847 5279 999 5343 παρά
1023 5281 1228 5334 κανόνα
1279 5281 1375 5334 καὶ
1405 5281 1576 5333 τύπον
1601 5282 1691 5336 τὸν
1715 5283 1916 5352 ἐκκλη-

333 5371 621 5441 σιαστικὸν
651 5375 751 5444 τῆς
779 5373 1109 5444 Ἐκκλησίας
1144 5375 1515 5445 προέστησαν.
1547 5376 1639 5445 Μή
1695 5394 1786 5446 μοι
1818 5376 1916 5444 γέ-

322 5480 472 5517 νοιτο
495 5464 758 5536 τοιαύτην
794 5468 1013 5536 ἀφεῖναι
1046 5468 1252 5538 φωνὴν,
1285 5468 1413 5540 μηδ’
1450 5467 1612 5521 ἄλλου
1658 5468 1913 5536 λέγοντος

321 5553 560 5616 ἀκοῦσαι
581 5570 598 5586 ·
627 5548 773 5610 οὗτοι
806 5558 914 5626 γὰρ
948 5557 1057 5611 τῶν
1092 5559 1335 5614 κανόνων
1365 5560 1612 5630 ἀκριϐεῖς
1643 5561 1906 5630 φύλακες,

319 5646 425 5717 τῆς
449 5647 736 5713 εὐσεϐείας
763 5649 1096 5722 ὑπέρμαχοι,
1116 5651 1216 5722 τῆς
1236 5652 1557 5717 δυσσεϐείας
1590 5655 1911 5725 κατήγοροι,

317 5737 618 5808 φωστῆρες
670 5740 730 5793 ὲν
763 5740 954 5811 κόσμῳ
1004 5742 1148 5795 κατά
1190 5741 1253 5795 τὸ
1309 5742 1454 5797 θεῖον
1501 5744 1703 5812 λόγιον,
1743 5744 1903 5812 λόγον

320 5830 473 5900 ζωῆς
502 5831 810 5904 ὲπέχοντε;.
846 5834 905 5887 ΕΞ
953 5834 999 5889 δ’
1028 5836 1110 5893 ὅτι
1146 5837 1372 5901 κανόνας
1418 5836 1513 5901 οὓς
1543 5838 1643 5893 οὐκ
1691 5837 1908 5912 ᾔδεισαν

2029 4636 2155 4691 dem
2194 4637 2294 4697 hos
2332 4638 2389 4691 in
2420 4638 2626 4692 crimen
2656 4653 2857 4693 vocare
2886 4638 3111 4704 audent,
3158 4638 3303 4709 quod
3346 4647 3531 4693 autem
3582 4654 3616 4694 e

2028 4728 2181 4783 laicis
2231 4729 2298 4783 ad
2339 4728 2713 4799 pontiﬁcatum
2776 4729 3150 4796 ascenderint,
3199 4730 3255 4784 in
3306 4728 3615 4785 offensione

2026 4829 2082 4873 et
2114 4818 2368 4881 seandalo
2397 4829 2641 4888 ponunt;
2677 4820 3090 4890 reprehendunt
3148 4835 3279 4875 sane
3322 4834 3460 4889 quos
3501 4835 3613 4875 nec

2031 4912 2477 4983 reprehendunt:
2509 4928 2635 4967 nam
2671 4914 2725 4969 bi
2747 4929 2966 4984 quoque
3000 4914 3128 4969 laici
3160 4923 3290 4970 sunt
3335 4912 3611 4984 producti,

2026 5019 2167 5074 quos
2209 5020 2427 5059 rursum
2479 5005 2535 5059 in
2575 5006 2782 5061 honore
2840 5007 3043 5061 habent
3096 5017 3153 5062 et
3218 5005 3610 5076 admiratione,

2024 5110 2217 5149 eorum
2261 5110 2373 5165 non
2420 5094 2637 5166 fugiunt
2664 5098 3140 5165 vituperationem.
3192 5098 3264 5152 At
3318 5096 3395 5157 hi.
3429 5095 3603 5152 Tara-

2024 5188 2140 5245 sius
2172 5198 2228 5242 et
2258 5187 2626 5258 Nieephorus,
2656 5191 2709 5243 in
2759 5190 2940 5244 saeculi
2975 5190 3084 5243 vita
3116 5199 3390 5245 astrorum
3440 5190 3613 5245 instar

2022 5279 2373 5345 collucentes,
2421 5280 2477 5335 in
2524 5282 2865 5337 sacerdotum
2902 5282 3153 5337 ordinem
3188 5283 3365 5338 allecti
3409 5292 3603 5338 contra

2025 5374 2269 5445 regulam
2301 5383 2357 5435 et
2417 5373 2649 5430 formam
2699 5374 3126 5431 ecclesiasticam
3163 5376 3423 5431 Ecclesia:
3463 5391 3609 5445 pra:-

2021 5465 2266 5521 fuerunt.
2300 5467 2456 5520 Absit
2488 5482 2519 5521 a
2552 5483 2660 5532 me,
2706 5475 2765 5521 ut
2800 5468 2941 5523 hanc
2965 5468 3210 5522 emittam
3263 5483 3473 5532 vocem,
3510 5473 3607 5521 aut

2024 5561 2191 5616 alium
2228 5562 2347 5617 haec
2375 5562 2647 5616 dicentem
2694 5562 2934 5619 audiam.
2984 5562 3050 5617 Hi
3095 5562 3242 5616 enim
3292 5560 3604 5632 regularum

2016 5654 2255 5707 accurati
2319 5652 2473 5707 fuere
2530 5652 2809 5718 custodes,
2864 5660 3298 5724 propugnatores
3347 5650 3597 5722 pietatis,

2017 5745 2312 5815 impietatis
2341 5756 2717 5811 accusatores,
2757 5746 2909 5802 orbis
2939 5756 3101 5801 terrae
3149 5744 3379 5810 lumina,
3415 5759 3480 5799 ex
3512 5744 3598 5798 di-

2024 5839 2172 5909 vinis
2202 5839 2436 5910 eloquiis
2469 5840 2691 5896 verbum
2722 5840 3034 5897 obtiucntcs
3064 5837 3210 5897 vitae.
3259 5836 3415 5903 Quod
3470 5851 3603 5897 vero
