4032 6496
520 422 630 489 603

1626 419 1892 480 ΡΗΟΤΙΙ
1914 412 2439 484 ΙΡΑΤΒΙΑΒΕΗᾹΞ
2476 415 2589 478 CP.

3704 411 3803 473 604

519 534 760 607 regulas,
815 547 953 603 quas
1004 545 1117 587 non
1139 538 1345 586 norunt
1405 545 1521 586 non
1574 538 1898 585 servarunt:
1939 543 2102 585 nemo

2214 528 2305 581 οὐκ
2339 524 2636 595 ἐφύλαξαν,
2665 522 2844 588 οὐδεὶς
2866 521 2934 578 ἂν
2957 522 3150 577 δίκαια
3176 518 3367 575 ποιῶν
3397 518 3800 591 ἐπιμέμψοιτσο

522 641 620 683 eos
644 627 769 696 jure
801 621 1204 695 reprehendere
1231 629 1431 693 potest.
1459 621 1569 677 Sed
1587 622 1732 691 quod
1763 636 1955 676 eorum
1980 636 2104 691 quae

522 732 811 789 accepere,
849 715 1108 772 custodes
1154 714 1398 779 fuerunt,
1444 713 1651 770 idcirco
1690 731 1722 768 a
1781 715 1891 768 Deo
1934 712 2101 785 glori-

523 807 669 865 ﬁcati
696 817 845 863 sunt.
884 806 1024 861 Nam
1065 820 1129 861 ea
1154 820 1278 876 quae
1301 805 1502 862 tradita
1538 814 1687 871 sunt,
1746 820 2100 871 conservare,

524 898 736 956 stabilis
763 906 848 954 est
866 897 1090 966 mentis,
1117 914 1182 955 ac
1202 898 1464 954 novitatis
1480 898 1722 955 studium
1743 897 2103 968 repudiantis.

522 993 594 1048 At
616 991 685 1047 de
708 990 776 1047 iis
805 1005 925 1060 quae
952 1006 1066 1045 non
1107 990 1407 1062 acceperis,
1449 991 1646 1063 legem,
1681 1006 1782 1045 usu
1824 1004 1936 1045 non
1977 990 2107 1045 hor-

524 1091 698 1150 tante,
738 1082 905 1150 l'erre,
937 1090 1034 1139 aut
1066 1083 1372 1140 custodiam
1399 1083 1663 1139 inducere
1692 1097 2105 1154 prteproperum

523 1175 767 1230 studium
794 1185 879 1231 est
916 1176 1086 1231 animi
1118 1190 1207 1231 res
1232 1190 1403 1231 novas
1431 1175 1730 1238 molientis,
1772 1183 1936 1245 atque
1963 1189 2109 1229 erra-

522 1266 717 1323 bundi.
761 1266 989 1338 Propria
1037 1268 1186 1323 enim
1244 1268 1478 1339 quisque
1530 1281 1787 1322 mensura
1834 1283 1898 1323 ac
1920 1265 2104 1337 regula

497 1357 844 1413 'coatinetur
874 1364 932 1413 et
979 1357 1254 1430 dirigitur.
1285 1356 1438 1413 Multi
1483 1373 1724 1413 canones
1750 1356 1871 1413 aliis
1921 1356 2108 1412 traditi

523 1458 674 1516 sunt,
707 1449 828 1506 aliis
854 1465 926 1505 ne
958 1449 1071 1505 noti
1101 1450 1319 1520 quidem
1359 1458 1511 1506 sunt.
1542 1450 1648 1517 Qui
1678 1449 1881 1521 accipit
1903 1458 1960 1505 et
1987 1449 2108 1505 vio-

525 1540 628 1608 lat,
660 1540 858 1613 dignus
882 1542 975 1612 qui
1008 1541 1066 1596 in
1093 1541 1359 1613 judicium
1385 1541 1690 1597 indicatur:
1713 1542 1808 1613 qui
1838 1557 1970 1597 vero
1996 1557 2107 1598 non

523 1634 697 1701 novit,
732 1650 837 1691 nec
868 1635 1082 1706 recipit,
1137 1636 1414 1707 quomodo
1470 1636 1746 1692 obnoxius
1775 1636 1899 1693 est?
1922 1634 2110 1691 Multa:

524 1743 746 1800 quoque
766 1729 916 1801 leges
952 1729 1023 1784 ab
1059 1729 1126 1784 iis
1160 1729 1361 1799 quibus
1404 1727 1674 1799 imposita:
1705 1736 1884 1792 erant,
1920 1738 2109 1784 custo—

526 1819 655 1874 ditaa
679 1830 826 1884 sunt,
863 1836 929 1876 ac
953 1820 1401 1877 demonstrarunt
1428 1820 1525 1876 Dei
1559 1819 1794 1876 famulos
1839 1836 1935 1877 eos
1985 1837 2110 1877 esse

2210 617 2327 673 ἀλλ’
2368 617 2451 672 ὄτι
2502 616 2744 688 φύλακες
2798 609 2876 672 ὧν
2925 615 3242 687 παρέλαϐον
3292 613 3707 685 ἐχρημάτισαν,
3750 618 3804 670 ἐν

2208 710 2387 781 τούτῳ
2429 709 2586 781 παρὰ
2614 708 2751 763 Θεοῦ
2783 708 3175 779 ἐδοξάσθησαν.
3220 706 3304 759 Τὸ
3341 704 3449 775 μὲν
3485 703 3597 777 γὰρ
3630 704 3697 760 τὰ
3722 706 3803 761 δο-

2210 803 2374 858 θέντα
2403 804 2689 875 συντηρεῖν
2713 801 2944 874 γνώμης
2964 802 3081 855 ἐστὶ
3100 799 3412 873 σταθερᾶς,
3440 800 3538 853 καὶ
3562 799 3665 871 ’ἢν
3691 817 3806 856 και-

2210 894 2426 948 νοποιὸν
2446 893 2887 964 ἀποπεμπούσης
2916 892 3268 964 προαίρεσιν,
3303 890 3372 944 τὸ
3393 888 3444 943 δ’
3473 890 3543 944 ἂν
3575 890 3649 963 μὴ
3672 908 3805 965 παρ-

2212 983 2429 1055 είληφε,
2484 983 2678 1055 χρείας
2718 982 2793 1054 μὴ
2837 982 3114 1055 καλούσης
3144 980 3503 1052 νομοθετεῖν,
3536 980 3571 1050 ἢ
3618 980 3809 1050 φυλάτ-

2211 1094 2327 1131 τειν
2366 1078 2688 1148 ἐπιχειρεῖν,
2734 1076 3130 1148 νεωτεροποιοῦ
3182 1073 3446 1137 διανοίας
3479 1073 3580 1126 καὶ
3623 1075 3809 1144 ῥεμϐο-

2217 1167 2385 1237 μένης
2404 1167 2521 1220 ἐστὶ
2542 1165 3197 1238 περισσεύματαεΜέτρω
3213 1163 3335 1236 γὰρ
3351 1164 3597 1228 ἕκαστος
3614 1166 3806 1238 οἰκείῳ,

2212 1260 2312 1314 καὶ
2340 1259 2524 1314 κανόνι
2560 1258 2846 1331 συνέχεταί
2892 1276 2953 1313 τε
2998 1259 3093 1312 καὶ
3128 1256 3573 1313 κατευθύνεται.
3628 1256 3809 1312 Πολλοὶ

2214 1354 2437 1418 κανόνες
2490 1353 2672 1418 ἄλλοις
2726 1354 2824 1425 μὲν
2857 1352 3283 1425 παραδέδονται,
3343 1351 3568 1423 ἑτέροις
3610 1352 3668 1405 δὲ
3698 1352 3807 1407 οὐδὲ

2213 1446 2503 1519 γνώριμοι.
2544 1446 2603 1502 '0
2631 1446 2970 1520 παραλαϐὼν
2998 1446 3094 1501 καὶ
3115 1445 3361 1510 ἀθετῶν,
3387 1443 3553 1514 δίκης
3576 1442 3724 1508 ἄξιος
3744 1461 3759 1476 ·
3783 1448 3807 1499 ὁ

2214 1539 2273 1593 δὲ
2306 1539 2429 1611 μηδ’
2458 1539 2737 1607 ἐγνωκὼς,
2767 1540 2802 1611 ἢ
2846 1539 2922 1612 μὴ
2963 1536 3461 1612 παραδεξάμενος,
3501 1537 3623 1601 πῶς
3653 1537 3805 1591 ὑπεύ-

2215 1631 2408 1699 θυνος;
2439 1632 2643 1686 Πολλαὶ
2665 1631 2724 1686 δὲ
2759 1633 2855 1685 καὶ
2886 1630 3227 1702 νομοθεσίαι,
3272 1622 3366 1692 οἷς
3405 1628 3512 1698 μὲν
3554 1626 3806 1697 ἐτέθησαν

2217 1723 2622 1796 ἐφυλάχθησαν,
2665 1723 2762 1779 καὶ⁴
2807 1722 2944 1778 Θεοῦ
2984 1723 3336 1795 θεράποντας
3376 1719 3514 1783 τοὺς
3572 1717 3803 1790 φύλακας

2216 1817 2582 1886 ἐπεδείξαντο.
2615 1818 2680 1872 Ol
2703 1818 2761 1872 δέ
2796 1817 2874 1888 μὴ
2910 1816 3347 1888 παρειληφότες,
3389 1813 3495 1868 καὶ
3526 1812 3618 1867 διὰ
3665 1813 3804 1868 τοῦτο

504 1902 620 1980 qui
641 1912 1055 1968 custodierunt:
1098 1913 1192 1984 qui
1224 1927 1357 1969 vero
1395 1928 1507 1968 non
1541 1921 1899 1985 acceperunt,
1956 1912 2110 1968 ideo-

2215 1911 2352 1981 μηδέ
2378 1912 2471 1964 τδν
2495 1908 2622 1964 νοῦν
2650 1908 2788 1981 πρὸς
2819 1908 2961 1964 αὐτὰ
2986 1906 3459 1981 ἐπιστρέψαντες,
3485 1905 3640 1960 οὐδὲν
3664 1905 3801 1961 ἔλατ-

526 2019 635 2073 que
671 2003 914 2059 animum
948 2004 1019 2061 ad
1047 2019 1112 2061 ea
1141 2020 1253 2060 non
1309 2004 1691 2071 adverterunt,
1745 2004 2110 2061 nihilominus

528 2095 645 2153 Deo
667 2097 929 2152 amabiles
959 2110 1082 2153 esse
1110 2097 1313 2170 cogniti
1344 2107 1494 2153 sunt.

603 2189 784 2256 Atque
830 2186 884 2240 in
915 2187 1171 2242 manibus
1220 2195 1349 2242 sunt
1376 2186 1644 2258 exempla.
1674 2185 1949 2242 Abraham
1999 2186 2109 2242 cir-

524 2279 824 2346 cumcisus,
854 2278 1270 2335 incircumcisus
1295 2277 1721 2344 Melchisedech,
1749 2278 1842 2349 qui
1876 2279 1943 2333 ad
1962 2279 2113 2334 simi-

526 2373 826 2431 litudinem
889 2374 1014 2430 Filii
1068 2375 1187 2441 Dei,
1231 2384 1287 2431 et
1318 2374 1652 2446 principium
1710 2384 1864 2429 ortus
1921 2374 2005 2429 sui
2056 2384 2113 2429 et

532 2468 695 2521 linem
742 2467 935 2523 habuit
979 2468 1340 2540 incognitum.
1407 2468 1702 2522 Enimvero
1729 2466 1964 2522 Abrahae
2008 2482 2111 2523 cu-

524 2557 758 2613 stodiam
781 2559 1220 2616 circumcisionis
1256 2561 1498 2632 probans
1519 2559 1665 2615 Deus
1685 2577 1699 2627 ;
1721 2575 1986 2630 nusquam
2013 2575 2111 2630 ap-
2142 2548 2161 2552 ”

523 2655 681 2719 paret
733 2649 836 2720 ipsi
896 2650 1301 2706 Melchisedech
1362 2650 1814 2722 transgressionis
1865 2650 2111 2705 inferens

525 2741 1036 2811 exprobrationem.
1095 2742 1207 2799 Nec
1255 2759 1388 2799 vero
1445 2744 1731 2815 quisquam
1781 2746 1930 2801 hunc
1978 2745 2111 2817 legis

522 2831 740 2889 violata:
795 2850 1041 2905 unquam
1102 2835 1407 2902 accusabit,
1462 2845 1558 2891 aut
1586 2838 1760 2904 illum,
1798 2840 1940 2909 quod
1975 2839 2111 2893 faci-

524 2940 633 2980 nus
674 2924 1111 2983 cireumcisionis
1149 2943 1320 2983 ausus
1359 2928 1449 2984 sit.
1480 2927 1584 2995 Qui
1635 2945 1732 2986 eos
1786 2931 2110 2988 insimulare

521 3017 678 3084 velit,
725 3019 1104 3092 redarguetur.
1160 3020 1342 3090 Atque
1390 3021 1672 3093 prognatis
1697 3036 1762 3077 ex
1811 3022 2107 3091 Abraham,

521 3110 619 3182 qui
644 3125 767 3167 eam
811 3112 986 3184 legem
1017 3113 1073 3168 in
1122 3113 1304 3169 sinum
1357 3124 1647 3184 acceperat
1694 3130 1876 3180 suum,
1918 3116 2112 3173 mortis

524 3194 689 3274 poena
734 3205 1013 3274 proposita
1050 3212 1190 3271 erat,
1243 3205 1289 3261 si
1332 3207 1459 3275 quis
1512 3216 1887 3278 transgressus
1934 3217 2104 3277 esset,

2210 2021 2304 2058 rov
2349 2004 2617 2073 θεοφιλεῖς
2650 2003 3085 2075 ἐγνωρίσθησαν,
3139 2002 3238 2056 καὶ
3292 1998 3449 2056 κατὰ
3507 2002 3696 2072 χεῖρας
3742 1999 3802 2055 τὰ

2212 2094 2661 2167 παραδείγματα.

2286 2187 2405 2241 Ἵνα
2433 2185 2492 2240 δέ
2524 2186 2592 2241 τὰ
2618 2185 2758 2241 ἄλλα
2781 2186 2948 2252 ἐάσω,
2991 2185 3021 2240 ό
3054 2184 3154 2257 μέν
3205 2181 3480 2257 Ἀϐραὰμ
3521 2185 3800 2256 ἐμπερίτο-

2216 2298 2337 2352 μσς,
2375 2281 2477 2352 τὴν
2506 2281 2814 2353 περιτομὴν
2843 2279 2903 2346 ἐξ
2935 2279 3158 2349 ἐντολῆς
3181 2277 3347 2342 θείας
3381 2278 3469 2342 είς
3494 2278 3798 2348 νομοθεσίαν

2211 2373 2524 2445 δεξάμενος,
2560 2375 2939 2446 ἀπερίτμητος
2955 2373 3012 2426 δέ
3037 2374 3066 2426 ό
3094 2371 3476 2443 Μελχισεδὲκ,
3499 2369 3560 2434 ὃς
3586 2373 3666 2435 είς
3707 2372 3797 2442 ὰφ-

2211 2467 2469 2539 ομοίωσιν
2497 2467 2593 2523 τοῦ
2623 2468 2755 2523 Υἱοῦ
2780 2467 2875 2523 τοῦ
2898 2467 3163 2537 Θεοῦ,καὶ
3190 2467 3295 2539 τὴν
3320 2465 3507 2539 ἀρχὴν
3529 2465 3629 2536 τῆς
3655 2467 3791 2534 γενέ-

2216 2579 2375 2626 σεως,
2410 2561 2508 2615 καὶ
2545 2561 2605 2614 τὸ
2638 2561 2794 2625 τέλος
2839 2559 2997 2631 ἔσχεν
3030 2559 3341 2630 ἄγνωστον.
3385 2556 3553 2611 Ἀλλὰ
3584 2557 3681 2629 τὴν
3712 2556 3792 2611 τοῦ

2226 2653 2481 2726 Ἀϐραὰμ
2528 2652 2631 2723 τῆς
2678 2653 2984 2727 περιτομῆς
3032 2651 3291 2723 φυλακὴν
3338 2651 3734 2722 ἀποδεχόμενος
3764 2652 3789 2704 ό

2212 2745 2367 2810 Θεὸς,
2396 2745 2633 2816 οὐδαμοῦ
2665 2745 2918 2814 φαίνεται
2946 2744 3026 2816 τῷ
3051 2744 3411 2816 Μελχισεδὲκ
3443 2744 3788 2815 παραϐάσεπ

2213 2840 2494 2909 ἐπιφέρων
2520 2838 2847 2909 ὀνειδισμὸν,
2880 2837 3018 2894 ἀλλὰ
3045 2838 3148 2892 κᾶν
3178 2838 3289 2892 πού
3318 2855 3413 2902 τις
3446 2837 3610 2891 αὐτὸν
3637 2854 3787 2907 παρα-

2211 2933 2408 3002 νομίας
2459 2932 2725 3005 γράψοιτο
2748 2932 2991 3003 γραφὴν,
3037 2932 3202 2986 αὑτὸν
3257 2930 3499 3001 μᾶλλον,
3544 2930 3785 3002 ἢέκεῖνον

2214 3026 2318 3095 (ὅτι
2362 3023 2520 3078 τοῦτο
2556 3023 2761 3095 τολμῶ)
2810 3023 3270 3095 ἐξελεγχθήσεται
3299 3022 3625 3095 γεγραφώς.
3665 3020 3782 3077 Καί-

2211 3134 2296 3170 τοι
2318 3133 2382 3186 γε
2411 3117 2526 3179 τοῖς
2580 3116 2640 3183 ἐξ
2681 3114 2936 3186 Ἀϐραὰμ
2985 3115 3448 3187 γεγεννημένοις,
3482 3115 3577 3168 καὶ
3598 3112 3782 3167 τουτονὶ

2211 3205 2304 3261 τὸν
2337 3207 2501 3278 νόμον
2533 3204 3070 3276 ἐγκολπωσαμένοις,
3103 3205 3342 3269 θάνατος
3370 3200 3443 3278 ἦν
3463 3205 3497 3275 ἡ
3527 3203 3690 3273 ζημία
3717 3199 3780 3272 τῷ

524 3312 650 3366 quae
676 3312 787 3351 non
815 3296 884 3352 ab
916 3296 1231 3352 hominibus
1259 3300 1422 3353 modo
1439 3298 1796 3365 inferebatur,
1821 3301 1915 3356 sed
1944 3300 2109 3356 etiam

2214 3299 2559 3373 παραϐάντι,
2595 3301 2697 3353 οὐκ
2740 3300 2800 3366 ἐξ
2840 3298 3146 3370 ἀνθρώπων
3203 3298 3376 3368 μόνον
3442 3296 3778 3365 ἐπαγόμενος,

522 3387 843 3443 vehementi
873 3389 1120 3460 ipsorum
1151 3390 1468 3462 angelorum
1534 3391 2003 3450 interminatione.
2036 3396 2106 3452 Et

519 3496 651 3536 cum
679 3481 737 3535 in
783 3495 850 3536 eo
896 3481 1171 3537 Abraham
1197 3492 1256 3538 et
1299 3481 1701 3540 Melchisedech
1747 3484 2104 3554 dissiderent,

521 3578 732 3640 gratam
774 3568 831 3624 in
879 3584 1225 3626 communem
1256 3570 1547 3627 Dominum
1596 3583 1838 3629 mentem
1886 3591 1952 3631 ac
1987 3576 2109 3646 pie-

527 3670 704 3718 tatem
727 3672 785 3718 et
808 3664 1151 3719 consimilem
1175 3664 1319 3720 inter
1341 3680 1401 3720 se
1429 3665 1633 3721 cultum
1664 3668 1975 3723 servabant.
2029 3669 2107 3724 Ex

522 3756 723 3825 quibus
749 3756 930 3812 neutri
969 3756 1038 3812 ab
1066 3757 1241 3813 altero
1285 3757 1620 3829 vituperatio
1668 3760 2107 3832 impingebatur;

522 3846 622 3901 sed
653 3846 709 3901 in
756 3845 1059 3916 potissimis
1097 3847 1264 3902 rebus
1309 3846 1752 3902 constantissima
1798 3847 1945 3902 inter
1988 3862 2106 3911 eos,

522 3943 579 3991 et
624 3936 683 3991 in
730 3952 917 3993 rerum
968 3952 1239 3993 novarum
1272 3938 1454 3993 studio
1504 3938 1682 3992 aliena
1717 3938 1953 3994 societas
1995 3953 2109 3992 non

522 4029 743 4086 sinebat
773 4038 1099 4086 ceterarum
1160 4046 1346 4086 rerum
1380 4030 1687 4087 discrimen
1716 4031 1988 4087 curiosius
2022 4031 2111 4085 in-

527 4123 690 4181 tueri.
725 4122 863 4178 Nam
908 4139 1100 4180 revera
1144 4124 1459 4180 communia
1504 4125 1763 4181 omnibus
1810 4135 1959 4191 sunt,
1987 4140 2109 4196 quas

526 4229 721 4272 amnes
746 4217 1023 4273 custodire
1066 4232 1300 4273 necesse
1347 4226 1453 4283 est,
1500 4226 1556 4273 et
1582 4225 1709 4272 ante
1734 4217 1839 4272 alia
1888 4234 2010 4289 quae
2041 4220 2110 4275 de

526 4308 632 4363 ﬁde
658 4308 944 4374 habemus,
969 4309 1060 4365 ubi
1088 4310 1175 4365 vel
1197 4310 1418 4380 paulum
1460 4309 1758 4377 declinare,
1783 4319 1868 4367 est
1919 4312 2113 4367 morti-

525 4396 645 4457 fero
673 4416 733 4457 se
757 4402 974 4472 piaculo
1004 4403 1367 4475 obstringere.
1397 4402 1658 4469 Quaedam
1706 4404 1928 4475 proprie
1970 4405 2108 4460 alios

523 4504 956 4564 consequuntur,
984 4511 1220 4565 quorum
1247 4495 1638 4566 praetermissio
1663 4495 1742 4552 eis
1771 4496 2000 4551 multam
2027 4495 2111 4551 al-

522 4575 630 4641 fert
658 4585 857 4657 quibus
878 4585 966 4639 illa
1007 4585 1239 4641 tenenda
1261 4594 1422 4640 sunt:
1455 4586 1548 4657 qui
1584 4601 1713 4641 vero
1736 4602 1848 4642 non
1883 4603 2112 4657 accepe-

2210 3391 2348 3446 ἀλλὰ
2377 3391 2472 3445 καὶ
2502 3393 2632 3462 παρ’
2659 3393 2840 3445 αὐτῶν
2879 3390 3129 3460 ἀγγέλων
3174 3389 3436 3461 σφοδρῶς
3482 3386 3779 3457 ἀπειλούμε-

2209 3501 2318 3550 νος.
2366 3484 2508 3541 Ἀλλ’
2547 3484 2605 3538 ἐν
2644 3502 2708 3553 γε
2730 3484 2906 3556 τούτῳ
2943 3483 3198 3556 ’Δϐραάμ
3229 3501 3295 3536 τε
3344 3483 3444 3538 καὶ
3474 3478 3779 3552 Μελχισεδὲκ

2209 3578 2615 3649 διαφερόμενοι,
2650 3579 2750 3649 τὴν
2803 3577 2884 3640 είς
2922 3575 3014 3630 τὸν
3063 3574 3245 3629 κοινὸν
3284 3573 3575 3644 Δεσπότην
3601 3573 3777 3641 εὐγνω-

2214 3669 2452 3742 μοσύνην
2501 3687 2564 3723 τε
2611 3670 2707 3723 καὶ
2764 3668 3026 3740 λατρείαν
3088 3666 3506 3738 παραπλησίως
3557 3662 3776 3734 ἀλλήλοις

2210 3761 2488 3827 διέσωζον,
2502 3762 2561 3830 ἐξ
2587 3754 2661 3815 ὧν
2686 3761 2951 3833 οὐδετέρῳ
2981 3759 3135 3832 παρὰ
3157 3758 3396 3829 θατέρου
3415 3757 3608 3829 μῶμος
3632 3771 3773 3826 προσ-

2212 3856 2437 3926 ήπτετο.
2491 3854 2631 3907 Ἀλλ’
2674 3854 2778 3926 ἦγε
2816 3854 2876 3907 ἐν
2911 3855 3027 3917 τοῖς
3074 3851 3474 3922 καιριωτάτοις
3511 3846 3774 3920 σφοδράτε

2211 3949 2307 4003 καὶ
2332 3947 2766 4017 ἅκαινοτόμητος
2801 3945 3079 4012 κοινωνία,
3108 3945 3209 4013 τὴν
3249 3946 3311 3998 ἐν
3335 3946 3452 4007 τοῖς
3476 3941 3673 4003 λοιποῖς
3689 3937 3771 3991 οὐκ

2210 4038 2299 4093 εἷα
2330 4042 2554 4093 σκοπεῖν
2590 4055 2651 4092 τε
2684 4038 2780 4092 καὶ
2806 4037 3293 4118 πολυπραγμονεῖν
3332 4034 3648 4107 ἑτερότητα.
3681 4027 3771 4084 Καὶ

2211 4126 2321 4199 γάρ
2371 4128 2524 4180 ἐστιν
2560 4126 2733 4190 ὅντως
2791 4125 2949 4182 κοινὰ
3003 4126 3192 4189 πᾶσιν,
3232 4125 3463 4181 ἅπαντα
3514 4120 3770 4191 φυλάττειν

2213 4219 2549 4287 ἐπάναγκες,
2575 4219 2673 4272 καὶ
2706 4216 2813 4288 πρό
2843 4233 2909 4286 γε
2935 4218 3047 4274 τῶν
3074 4217 3254 4274 ἄλλων
3284 4217 3355 4271 τὰ
3379 4216 3511 4288 περὶ
3536 4215 3762 4274 πίστεως,

2210 4311 2342 4366 ἔνθα
2368 4313 2464 4366 καὶ
2523 4311 2586 4365 τὸ
2634 4312 3001 4383 παρεγκλῖναι
3054 4311 3273 4383 μικρὸν,
3312 4311 3583 4383 ἁμαρτεῖν
3638 4308 3767 4359 ἐστιν

2213 4402 2488 4474 ἁμαρτίαν
2512 4402 2612 4468 τὴν
2654 4401 2793 4470 πρὸς
2831 4401 3084 4459 θάνατον.
3123 4401 3284 4455 Ἔστι
3339 4402 3438 4455 καὶ
3485 4397 3765 4462 ἰδιαζόντως

2212 4495 2324 4546 τισὶ
2360 4493 2739 4564 παρεπόμενα,
2797 4482 2873 4546 ὧν
2926 4493 2960 4563 ἡ
2998 4491 3337 4563 παράϐασις,
3372 4485 3455 4555 οἷς
3510 4489 3607 4561 μὲν

2214 4586 2565 4656 κατέχεσθαι,
2622 4584 2916 4657 ἐπιζήμιος
2936 4600 2949 4614 ·
2974 4582 3058 4649 οἷς
3094 4585 3139 4639 δ’
3179 4586 3241 4639 οὐ
3275 4584 3657 4657 παρείληπται,
3684 4573 3764 4629 καὶ

521 4684 670 4737 runt,
696 4676 753 4731 hi
782 4686 1072 4748 propterea
1113 4677 1256 4747 quod
1288 4693 1398 4733 non
1420 4678 1872 4742 observaverunt,
1887 4679 2110 4734 minime

2216 4676 2278 4730 τδ
2318 4676 2394 4748 μὴ
2434 4678 2742 4749 συντηρεῖν,
2782 4677 3173 4748 ἀκατάκριτον.
3209 4677 3324 4731 Καὶ
3377 4674 3447 4729 τὰ
3487 4674 3582 4744 μὲν
3609 4671 3763 4724 οἰκου-

522 4774 982 4830 condemnantur.
1016 4771 1084 4830 Et
1107 4790 1228 4844 quae
1251 4774 1611 4830 mcumenicis
1637 4783 1691 4829 et
1721 4775 2109 4831 communibus

524 4872 793 4934 praecepta
857 4871 989 4919 sunt
1042 4862 1339 4931 suffragiis,
1395 4863 1656 4923 convenit
1709 4862 1779 4918 ab
1850 4862 2107 4918 omnibus

522 4955 817 5010 custodiri:
862 4972 986 5027 qua:
1011 4972 1140 5012 vero
1166 4956 1390 5013 Patrum
1417 4954 1615 5026 aliquis
1666 4956 1938 5026 exposuit,
2008 4971 2111 5010 auc

524 5046 745 5100 ctoralis
776 5047 1029 5103 deﬁnivit
1055 5048 1318 5121 synodus,
1348 5063 1539 5103 eorum
1590 5046 1684 5117 qui
1714 5056 1955 5112 servant,
1999 5061 2112 5102 non

522 5132 692 5190 efﬁcit
720 5139 1160 5208 superstitiosam
1181 5151 1459 5196 mentem:
1488 5139 1579 5210 qui
1611 5148 1797 5195 autem
1821 5155 1932 5195 non
1953 5154 2115 5195 acce-

524 5237 746 5298 perunt,
795 5245 859 5285 ea
922 5232 1207 5302 prreterire
1253 5233 1374 5288 sine
1415 5232 1665 5303 periculo
1713 5241 1969 5303 possunt.
2020 5228 2115 5286 Sic

525 5318 742 5374 tonderi
804 5320 926 5379 aliis
974 5322 1213 5394 patrium
1277 5333 1385 5390 est,
1440 5324 1564 5380 aliis
1622 5322 1912 5396 synodicae
1940 5322 2109 5401 etiam

524 5411 848 5470 deﬁnitione
877 5413 1269 5486 abjiciendum.

596 5503 762 5561 Bonis
788 5505 935 5562 enim
966 5506 1149 5568 verbis
1178 5508 1297 5566 haec
1327 5507 1434 5564 dici
1466 5509 1774 5580 oportebat,
1824 5516 1886 5563 ut
1933 5515 1989 5562 et
2013 5520 2114 5561 nos

523 5593 786 5654 diximus.
839 5597 998 5667 Quod
1034 5596 1080 5655 si
1108 5612 1236 5654 eum
1276 5614 1563 5668 canonem,
1613 5600 1706 5671 qui
1767 5599 1822 5655 in
1867 5599 1944 5671 (3)
1984 5596 2114 5654 Sida

2221 4770 2471 4836 μενικαῖς
2500 4770 2595 4822 καὶ
2623 4771 2835 4834 κοιναῖς
2866 4769 3189 4823 τυπωθέντα
3212 4769 3438 4840 ψήφοις,
3464 4767 3592 4819 πᾶσι
3618 4773 3758 4831 προσ·

2216 4861 2340 4931 ήκει
2405 4860 2789 4930 φυλάττεσθαι.
2849 4861 2918 4914 Ἀ
2953 4860 3011 4914 δέ
3051 4878 3135 4924 τις
3174 4860 3285 4914 τῶν
3323 4856 3580 4929 Πατέρων
3635 4851 3759 4909 ἰδίως

2211 4949 2445 5017 ἐξέθετο,
2466 4950 2498 5023 ἢ
2522 4955 2732 5022 ντοπικὴ
2758 4952 3053 5024 διωρίσατο
3077 4951 3319 5016 σύνοδος,
3341 4950 3450 5003 τῶν
3473 4950 3566 5019 μὲν
3584 4942 3759 5013 φυλατ-

2211 5042 2416 5097 τόντων
2449 5042 2548 5114 τὴν
2588 5043 2818 5116 γνώμην
2867 5045 2930 5097 οὐ
2978 5044 3279 5115 παρίστησι
3306 5040 3676 5109 δεισιδαίμονα,
3703 5029 3754 5083 οὐ

2217 5135 2325 5207 μὴν
2360 5137 2475 5199 τοῖς
2501 5152 2564 5204 γε
2592 5136 2667 5207 μὴ
2701 5135 3174 5207 παραδεξαμένοις
3202 5136 3264 5190 τὸ
3300 5133 3544 5206 παρορᾷν
3570 5122 3752 5181 ἐπικίν-

2214 5226 2391 5283 δυνον.
2450 5227 2608 5283 Οὕτω
2641 5227 2909 5300 ξυρᾶσθαι
2949 5228 3049 5300 μὲν
3091 5228 3275 5294 ἄλλοις
3304 5229 3549 5310 πάτριον,
3576 5220 3755 5289 ἑτέροις

2216 5321 2274 5375 δὲ
2304 5322 2398 5376 καὶ
2429 5322 2728 5388 συνοδικοῖς
2751 5322 2902 5396 ὅροις
2938 5323 3269 5394 ἀπόϐλητον.

2297 5501 2572 5575 Εὑφήμως
2599 5502 2656 5557 δὲ
2690 5503 2781 5558 τδν
2809 5503 2967 5572 λόγον
3005 5504 3180 5557 εἰπεῖν
3210 5501 3338 5567 ἔδει,
3371 5497 3463 5552 καὶ
3506 5492 3747 5575 εἴπομεν)

2220 5593 2271 5647 εί
2298 5592 2357 5648 δὲ
2382 5572 2477 5649 καῖ
2502 5593 2595 5647 τὸν
2637 5593 2853 5669 ἐνίΣίδῃ
2884 5594 3084 5648 κανόνα
3109 5591 3463 5666 προσέθεμεν,
3491 5581 3658 5656 βαρεῖς
3693 5572 3755 5627 ἂν

2048 5727 2281 5787 NOTAE.

593 5846 672 5912 (ὅ)
710 5845 947 5904 Videtur
970 5849 1209 5907 obscure
1234 5860 1414 5908 orare,
1464 5853 1529 5915 nt
1554 5843 1889 5915 misericordi
1933 5842 2114 5915 indul-

522 5917 701 5990 gentia
730 5927 781 5974 et
806 5920 1212 5992 dispensatione
1239 5918 1385 5976 sedis
1409 5916 1720 6021 apostolica:
1737 5913 1975 5984 episcopi
2008 5929 2109 5968 ιιοι

2220 5858 2345 5898 men
2366 5842 2611 5897 obtineat
2640 5850 2694 5896 et
2720 5842 3060 5912 dignitatem,
3090 5854 3215 5912 cum
3245 5836 3587 5912 suspicaretur
3615 5825 3745 5912 lgnjif

2222 5890 2833 5969 titlmvrestitutumviﬁ.
2884 5912 2971 5967 Sic
3008 5890 3297 5967 concilium
3341 5890 3649 5977 rEphesinum
3684 5890 3738 5946 de
