3964 6436
239 375 348 436 605

1384 387 1922 450 EPISTOLARUM
1963 389 2195 451 LIBER
2233 390 2287 453 Ι.

3381 392 3488 455 606

240 490 336 542 καὶ
385 487 505 543 λίαν
549 491 794 562 φορτικοὶ
846 493 1249 563 κατεφάνημεν.
1312 496 1470 550 Οὕτω
1518 497 1658 568 πλὴν
1713 499 1805 551 τοῦ

1921 501 2395 570 proposuissemus
2418 519 2431 567 ;
2455 516 2648 573 graves
2687 511 2849 572 atque
2868 502 3162 571 importuni
3180 502 3487 557 fuissemus.

236 578 359 642 ἑνὸς
384 579 454 632 τὰ
503 580 638 635 ἄλλα
667 582 917 635 Σάϐϐατα
955 586 1244 655 συντηρεῖν
1276 586 1410 656 ἡμῖν
1453 588 1808 659 ἐπιλήψιμον,

233 669 448 740 ἑτέροις
480 671 538 723 δὲ
568 672 663 724 καὶ
683 672 775 726 τοῦ
800 674 918 737 ἐνὸς
947 674 1116 729 πλείω
1149 679 1490 748 νηστεύεται.
1530 681 1642 733 Καὶ
1681 683 1811 749 φεύ-

232 775 362 830 γειν
396 761 494 832 τὴν
526 762 735 833 μέμψιν
778 766 811 835 ή
846 766 1142 837 παράδοσις
1186 768 1355 822 οἴεται
1399 770 1478 841 τῷ
1506 770 1617 823 seu
1646 789 1814 825 κατα-

232 856 466 923 κρατεῖν
494 854 590 908 τοῦ
634 857 857 921 κανόνος
880 860 1236 931 ἐκνικήσασα.
1272 862 1382 916 Καὶ
1405 864 1620 935 νομίμῳ
1648 865 1811 936 γάμῳ

232 943 468 1011 γυναικὶ
497 946 834 1016 συναφθέντα
857 949 957 1003 οὐκ
984 950 1130 1006 ἐστιν
1150 954 1329 1021 εὑρεῖν
1349 956 1407 1008 ἐν
1444 954 1634 1027 Ῥώμῃ
1675 974 1809 1027 πρε-

231 1037 526 1109 σϐύτερον,
550 1042 713 1111 ἡμεῖς
741 1042 797 1096 δέ
826 1044 1069 1109 καὶτοὺς
1100 1049 1405 1120 μονογαμίᾳ
1458 1048 1550 1101 τὸν
1576 1049 1689 1121 βίον
1718 1052 1812 1120 ῥυ·

231 1126 533 1195 θμίζοντας
587 1132 669 1195 είς
736 1134 1110 1208 πρεσϐυτέρου
1154 1139 1340 1210 φέρειν
1384 1140 1591 1211 βαθμὸν
1640 1141 1813 1195 ἐδιδά-

234 1220 482 1289 χθημεν,
516 1222 613 1275 καὶ
636 1227 765 1287 τούς
781 1242 844 1293 γε
872 1225 1317 1300 διακρινομένους
1338 1232 1398 1297 ἐξ
1424 1233 1602 1287 αὐτῶν
1621 1233 1807 1288 λαϐεῖν

233 1311 336 1364 τοῦ
386 1313 669 1384 Κυριακοῦ
705 1315 958 1386 σώματος
998 1319 1099 1392 τὴν
1146 1323 1451 1393 μετάληψιν
1478 1325 1813 1394 πανταχόθεν

232 1403 608 1476 ἁποκλείομεν
650 1408 710 1473 ἐξ
755 1408 895 1476 ίσου,
923 1411 1051 1472 τούς
1088 1431 1148 1467 τε
1181 1416 1435 1485 πορνείαν
1462 1416 1813 1487 νομοθετοῦν-

231 1511 364 1561 τας,
398 1497 495 1551 καὶ
523 1498 648 1562 τοὺς
680 1499 860 1570 γάμου
881 1501 1046 1573 νόμον
1072 1505 1430 1577 ἀναιροῦντας
1450 1507 1809 1577 λογιζόμενοι.

237 1585 418 1641 Πάλιν
452 1587 518 1641 ἄν
541 1606 626 1650 τις
643 1590 775 1657 παρ’
804 1593 936 1662 ἡμῖν
965 1593 1062 1665 τὴν
1081 1595 1177 1648 τοῦ
1207 1597 1581 1669 πρεσϐυτέρου
1612 1598 1813 1669 παρελ-

234 1676 357 1732 θὼν
391 1681 722 1751 χειροτονίαν
777 1683 877 1754 τὴν
940 1683 1034 1737 τοῦ
1092 1688 1387 1741 ἐπισκόπου
1437 1689 1515 1759 τῷ
1567 1690 1805 1760 διακόνῳ

236 1768 520 1841 περιθείη,
549 1772 625 1835 ὡς
654 1773 735 1836 είς
763 1773 832 1827 τά
849 1776 1038 1844 καίρια
1059 1776 1456 1848 ἐξημαρτηκὼς
1488 1782 1812 1851 κατακρίνε-

1912 589 1991 642 Ita
2038 598 2234 658 prmter
2289 606 2491 658 unum,
2550 591 2655 645 alia
2689 591 2921 646 Sabbata
2954 592 3276 657 observare,
3334 594 3491 647 nobis

1911 681 2336 750 reprehensione
2368 697 2479 737 non
2509 690 2676 747 caret,
2706 682 2824 737 aliis
2853 698 2985 737 vero
3019 681 3175 752 plura
3215 697 3324 737 uno
3343 682 3492 752 jeju-

1911 782 2135 839 nantur,
2183 785 2247 826 ac
2293 771 2509 826 traditio
2565 779 2721 842 putat
2759 787 2817 826 se
2856 772 3094 843 efl‘ugcre
3132 772 3495 844 vituperatio-

1910 876 2061 924 nem,
2104 877 2225 932 quze
2271 863 2670 918 consuetudine
2715 879 2981 918 canonem
3015 864 3262 934 pervicit,
3318 881 3495 935 eoque

1910 953 2092 1021 potior
2117 951 2239 1006 fuit.
2272 951 2550 1023 Legitimis
2572 953 2778 1022 nuptiis
2804 954 3087 1024 presbyter
3118 954 3305 1011 Romae
3333 956 3493 1009 uxori

1912 1041 2237 1111 conjunctus
2278 1058 2385 1096 non
2415 1041 2726 1096 invenitur:
2763 1058 2864 1098 nos
2889 1059 3022 1099 vero
3067 1059 3163 1099 eos
3190 1045 3281 1114 qui
3332 1046 3494 1101 unico

1913 1133 2169 1203 conjugio
2216 1133 2339 1187 vitae
2371 1148 2483 1188 suae
2516 1134 2784 1188 moderati
2818 1145 2966 1199 sunt,
2995 1136 3172 1189 edocti
3201 1152 3389 1190 sumus
3436 1137 3496 1190 in

1912 1222 2213 1292 presbyteri
2255 1224 2481 1294 gradum
2542 1223 2766 1292 efferre,
2805 1240 3008 1295 eosque
3041 1226 3133 1295 qui
3174 1225 3364 1280 hocin
3411 1226 3493 1280 di-

1914 1315 2171 1370 scrimine
2191 1324 2422 1386 ponunt,
2450 1331 2515 1370 ac
2544 1331 2605 1371 se
2631 1326 2948 1383 secernunt,
2975 1332 3046 1372 ne
3074 1319 3142 1371 ab
3167 1318 3250 1372 his
3282 1316 3495 1371 Domini

1911 1408 2158 1478 corporis
2214 1408 2683 1477 participationem
2730 1409 2969 1478 capiant,
3017 1408 3263 1479 undique
3306 1409 3495 1464 exclu-

1912 1501 2112 1564 ditnus,
2170 1500 2362 1554 eodem
2413 1500 2534 1553 loco
2581 1500 2842 1554 ducentes
2886 1515 2981 1555 eos
3032 1500 3127 1570 qui
3180 1500 3351 1570 legem
3402 1508 3497 1553 aut

1912 1594 2288 1649 fornicationis
2321 1593 2593 1656 sanciunt,
2622 1602 2717 1647 aut
2752 1593 3064 1662 nuptiarum
3109 1592 3325 1647 tollunt.
3360 1590 3495 1646 Item

1912 1688 1957 1742 si
2000 1688 2124 1758 quis
2162 1685 2305 1757 apud
2332 1699 2435 1738 nos
2483 1682 2807 1753 presbyterii
2859 1680 3325 1737 consecrationem
3354 1695 3495 1749 pra:-

1922 1778 2160 1843 teriens,
2191 1776 2430 1847 episcopi
2464 1775 2675 1830 honore
2694 1774 2984 1828 diaconum
3010 1772 3272 1837 effecerit,
3308 1779 3496 1841 utpote

233 1838 359 1915 ται.
404 1838 529 1915 Τισὶ
559 1862 617 1915 δὲ
646 1838 1025 1936 παραπλήσιον
1235 1838 1609 1941 πρεσϐυτέρου
1673 1838 1811 1943 προ-

1922 1872 2011 1941 qui
2062 1870 2295 1925 maxime
2322 1868 2629 1939 deliquerit,
2679 1867 3116 1922 condemnatur:
3169 1838 3495 1935 quibusdam

233 1952 401 2017 ἀγειν
428 1953 747 2019 ἐπίσκοπον,
784 1957 878 2010 καὶ
920 1959 1029 2012 ἀπδ
1056 1960 1307 2013 διακόνου
1335 1962 1434 2034 τὴν
1465 1962 1637 2035 μέσην
1661 1966 1815 2029 τάξιν

241 2044 688 2116 ὑπεραλλόμενον
722 2048 803 2111 είς
855 2050 916 2102 τὸ
960 2052 1061 2120 τῆς
1115 2055 1426 2125 ἐπισκοπῆς
1479 2056 1813 2126 ἀναρπάζειν

237 2135 485 2202 ἀξίωμα,
517 2138 696 2191 καίτοι
747 2155 812 2207 γε
863 2140 1049 2211 ἡλίκον
1108 2143 1206 2196 καὶ
1277 2146 1402 2199 ὅσον
1441 2146 1503 2199 τὸ
1545 2148 1710 2215 μέσον
1755 2151 1815 2203 ἐν

238 2223 486 2293 τούτοις
533 2227 723 2281 Ἀλλαι
770 2230 871 2298 μὲν
902 2230 1011 2301 γάρ
1052 2232 1176 2285 καθ’
1226 2235 1464 2305 ἐκάστην
1508 2235 1661 2300 τάξιν
1720 2239 1816 2291 καὶ

241 2319 459 2391 βαθμὸν
506 2321 695 2393 εὐχαὶ,
752 2324 909 2378 ἀλλαι
961 2326 1018 2379 δὲ
1079 2327 1338 2395 τελεταὶ,
1394 2330 1488 2383 καὶ
1523 2331 1815 2404 ὑπουργίαι

239 2409 411 2463 πάλιν
449 2409 658 2481 ἕτεραι,
693 2412 848 2467 ἄλλαι
903 2415 961 2468 δὲ
1004 2417 1212 2487 καιρῶν
1254 2421 1675 2489 παραφυλακαὶ,
1719 2426 1815 2477 καὶ

236 2501 563 2571 δοκιμασίαι
597 2505 817 2573 τρόπων
862 2506 1067 2577 ἕτεραι.
1117 2508 1253 2560 Ἀλλ’
1283 2511 1419 2581 ὅπερ
1461 2529 1547 2574 τις
1594 2514 1819 2581 νομοθε-

239 2593 371 2645 σίαν
401 2594 465 2646 οὐ
506 2595 841 2665 παρεδέξατο
865 2596 960 2651 τοῦ
988 2598 1062 2668 μὴ
1098 2602 1384 2669 συντηρεῖν
1433 2601 1732 2669 ἀπολογίαν
1757 2601 1818 2655 τδ

243 2682 386 2753 μηδὲ
416 2683 816 2755 παρειληφέναι
848 2686 1309 2757 προϐαλλόμενος,
1342 2690 1442 2741 οὐκ
1488 2689 1554 2742 ἂν
1587 2690 1818 2753 εὐθύνας

244 2772 692 2842 ἀπαιτηθήσεται
724 2791 738 2805 ο
771 2777 818 2828 εἰ
847 2775 902 2829 δέ
937 2795 1021 2838 τις
1049 2778 1178 2847 παρ’
1207 2781 1339 2848 ἡμῖν
1368 2779 1524 2832 τοῦτο
1544 2781 1819 2850 δεδρακὼς

243 2863 624 2934 ἐξελήλεγκτο,
653 2867 827 2929 οὐδεὶς
856 2867 923 2921 ἂν
946 2869 1095 2939 αὺτῷ
1124 2869 1454 2942 συγγνώμης
1483 2872 1603 2926 οὐδὲ
1628 2874 1819 2941 ρανίδα

237 2956 535 3022 επέσταξε.
571 2958 693 3011 Τῶν
732 2961 839 3029 γὰρ
868 2961 1165 3015 ἐλαττόνων
1199 2962 1379 3033 νόμων
1413 2965 1446 3034 ἡ
1481 2966 1816 3036 παράϐασις,

234 3049 597 3120 ἀτιμώρητος
624 3050 760 3121 πρὸς
792 3050 889 3122 τὴν
917 3051 1025 3104 τῶν
1059 3053 1318 3121 μειζόνων
1349 3055 1619 3124 ἐπιτρίϐει
1644 3074 1819 3110 κατα-δ

235 3141 534 3212 φρόνησιν.
566 3143 784 3205 Ἀλλοις
808 3144 955 3208 ἆπαξ
995 3146 1293 3213 μονάσασιν
1330 3149 1363 3217 ή
1411 3149 1718 3219 κρεοφαγία
1757 3148 1817 3203 οὔ

235 3232 298 3285 τί
344 3250 409 3300 γε
460 3233 926 3303 βδελυσσομένοις,
954 3236 1068 3287 ἀλλ’
1106 3237 1465 3307 άσκουμένοις
1517 3239 1678 3310 μέχρι
1724 3240 1817 3293 τέ-

236 3325 373 3389 λους
401 3326 716 3396 ἀπρόσιτος,
744 3328 950 3401 ἐτέροις
976 3329 1032 3382 δὲ
1059 3330 1151 3381 ἐπί⁴
1186 3329 1319 3382 πολὺ
1342 3333 1815 3403 παρατηρήσιμος.

252 3415 406 3485 Ἐγὼ
430 3418 485 3470 δὲ
504 3419 598 3471 καὶ
630 3418 787 3501 λόγον
822 3420 974 3491 παρά
1004 3421 1212 3491 ἀνδρῶν
1239 3421 1343 3491 πρὸ
1370 3422 1564 3475 πολλοῦ
1616 3422 1821 3492 τιμών-

235 3524 359 3559 των
398 3506 609 3576 ἤκουσα
631 3509 729 3578 τὴν
754 3507 1033 3577 ἀλήθειαν,
1064 3508 1137 3570 ὡς
1167 3507 1258 3560 τὸν
1284 3508 1383 3578 τὴν
1425 3508 1820 3578 Ἀλεξανδρέων

252 3596 591 3666 Ἐκκλησίαν
652 3599 853 3669 ἐφορᾷν
884 3598 1165 3667 μέλλοντα,
1219 3598 1313 3653 καὶ
1356 3598 1511 3665 λόγον
1566 3599 1821 3669 ὑποσχεῖν

239 3688 620 3752 ἐκϐιάζονται,
654 3690 763 3742 ἀπὸ
792 3706 937 3751 τινος
968 3691 1260 3759 ἐπιχωρίου
1305 3690 1654 3761 περιπετείας
1696 3689 1821 3742 τού-

241 3796 343 3833 του
403 3781 819 3849 κρατήσαντος,
873 3781 949 3850 μὴ
1002 3782 1067 3843 ἄν
1137 3798 1267 3834 ποτε
1327 3782 1428 3850 τῆς
1481 3782 1819 3851 κρεοφαγίας

243 3870 618 3938 ἀφίστασθαι·
645 3871 739 3922 καὶ
797 3871 981 3940 σχῆμα
1036 3868 1134 3939 μὲν
1187 3869 1280 3921 τοῦ
1341 3870 1672 3940 μονάσαντος
1723 3869 1823 3921 οὐκ

250 3962 317 4016 ἄν
370 3979 459 4025 τις
495 3962 623 4031 παρ’
655 3964 788 4031 ἡμῖν
823 3963 902 4025 είς
958 3959 1221 4031 κληρικοῦ
1267 3961 1818 4030 μετασχηματίσειεν,

247 4054 387 4108 ἔνιοι
429 4054 488 4107 δὲ
533 4054 752 4107 ἐπειδὰν
796 4053 930 4124 πρὸς
981 4053 1287 4121 ἐπισκοπῆς
1349 4052 1481 4121 ὕψος
1521 4053 1614 4105 τὸν
1660 4068 1823 4122 μονα-

243 4149 386 4219 στὴν
413 4148 580 4218 ὑψοῦν
603 4146 919 4217 ἐθελήσωσι,
963 4145 1148 4197 τοῦτον
1193 4144 1489 4216 περίτροχα
1530 4145 1823 4214 κείροντες,

242 4238 311 4291 τὸ
338 4236 607 4307 πρότερον
647 4235 1031 4305 μεταμείϐουσι
1058 4235 1260 4304 σχῆμα.
1297 4233 1481 4295 Οὕτως
1512 4235 1569 4285 ἐν
1606 4229 1686 4297 οἷς
1726 4234 1825 4286 οὐκ

242 4326 369 4379 ἐστι
429 4325 610 4387 πίστις
666 4325 727 4376 τὸ
774 4322 1133 4393 ἀθετούμενον
1158 4362 1174 4386 ,
1227 4320 1345 4375 οὐδὲ
1392 4322 1570 4375 κοινοῦ
1623 4339 1680 4375 τε
1732 4323 1826 4374 xui.

243 4417 550 4472 καθολικοῦ
639 4416 990 4487 ψηφίσματος
1046 4415 1338 4477 ἔκπτωσις.
1401 4415 1609 4468 Ἀλλων
1690 4415 1819 4483 παρ’

1913 1978 2044 2020 vero
2071 1963 2187 2033 pari
2218 1962 2438 2016 ducitur
2471 1961 2612 2027 loco,
2644 1976 2675 2015 e
2703 1960 3020 2030 presbytero
3051 1958 3352 2028 provehere
3381 1957 3497 2027 epi-

1916 2070 2160 2125 scopum,
2187 2063 2244 2109 et
2273 2055 2568 2118 ediacono,
2612 2051 2851 2107 medium
2887 2051 3317 2105 transilientibus
3349 2050 3498 2104 ordi-

1914 2161 2063 2209 nem,
2114 2146 2182 2200 ad
2218 2145 2455 2215 episcopi
2485 2143 2735 2213 abripere
2786 2142 3123 2213 dignitatem.
3157 2142 3225 2195 Et
3270 2141 3492 2211 quidem

1916 2237 2060 2290 inter
2083 2238 2198 2292 hzec
2223 2245 2487 2307 quantum
2520 2236 2747 2289 interest
2770 2234 2793 2287 ?
2817 2233 2951 2288 Alia:
2975 2234 3122 2287 enim
3143 2233 3200 2288 in
3241 2246 3499 2300 unoquo-

1917 2350 2022 2406 que
2046 2331 2237 2388 ordine
2262 2338 2316 2383 et
2342 2327 2511 2399 gradu
2533 2324 2829 2388 orationes,
2854 2323 2971 2377 alia:
3002 2323 3361 2386 caeremoniae,
3390 2322 3495 2375 alia

1918 2427 2051 2480 item
2078 2420 2403 2485 ministeria,
2434 2418 2553 2474 alia:
2585 2426 2641 2471 et
2667 2414 3079 2470 observationes
3109 2423 3415 2484 temporum
3440 2422 3497 2467 et

1917 2529 2131 2570 morum
2159 2511 2531 2582 probationes.
2560 2508 2761 2562 Verum
2802 2507 2947 2576 quod
2976 2506 3099 2575 quis
3126 2507 3181 2560 in
3212 2505 3345 2576 legis
3376 2505 3495 2559 loco

1918 2622 2029 2661 non
2074 2602 2301 2673 accepit,
2333 2602 2454 2671 ejus
2481 2616 2591 2654 non
2628 2599 2907 2655 observati
2938 2597 3312 2653 defensionem
3354 2597 3498 2650 banc

1919 2697 2199 2768 objiciens,
2246 2694 2393 2764 quod
2422 2709 2534 2748 non
2587 2691 2902 2761 receperit:
2955 2691 3023 2744 ab
3069 2704 3135 2743 eo
3162 2687 3300 2741 ratio
3348 2687 3499 2740 nulla

1918 2796 2196 2857 poscetur.
2246 2784 2344 2839 Sin
2391 2785 2516 2853 quis
2566 2783 2710 2853 apud
2764 2796 2865 2836 nos
2928 2781 3350 2835 convinceretur
3393 2778 3500 2832 hoc

1921 2880 2132 2945 fecisse,
2184 2891 2347 2932 nemo
2374 2875 2423 2930 ei
2453 2874 2615 2929 ullam
2648 2873 2821 2929 venire
2845 2881 3051 2943 guttam
3102 2867 3450 2924 instillaverit
3480 2885 3498 2922 :

1918 2970 2190 3025 minorum
2222 2968 2367 3021 enim
2400 2967 2579 3037 legum
2627 2963 2799 3018 inulta
2846 2962 3088 3023 violatio,
3121 2962 3359 3016 tritiores
3397 2959 3502 3013 ho-

1920 3062 2097 3116 mines
2135 3061 2200 3114 ad
2232 3059 2495 3128 majorum
2531 3063 2905 3124 contemptum
2934 3052 3082 3108 facit.
3132 3052 3270 3106 Aliis
3329 3048 3502 3105 semel

1847 3175 1888 3232 ο
1922 3152 2080 3206 factis
2120 3148 2404 3207 monachis
2442 3163 2568 3202 esus
2617 3146 2865 3201 carnium
2900 3160 3011 3198 non
3064 3141 3499 3207 exsecrantibus,

1923 3245 2016 3300 sed
2040 3259 2098 3298 se
2126 3242 2504 3297 exercentibus
2524 3254 2694 3307 usque
2722 3237 3070 3291 interdicitur
3094 3252 3106 3287 :
3140 3235 3207 3289 ab
3229 3233 3347 3287 aliis
3372 3248 3504 3287 vero

1922 3352 2029 3390 non
2074 3334 2167 3390 diu
2212 3334 2316 3387 hoc
2350 3333 2689 3387 observatur.
2730 3328 2840 3398 Ego
2871 3337 2927 3382 et
2978 3327 3263 3380 hominum
3316 3325 3502 3378 audivi

1922 3441 2232 3482 sermonem
2264 3423 2549 3479 veritatem
2591 3437 2787 3492 magno
2822 3421 2875 3473 in
2914 3419 3122 3473 honore
3155 3415 3498 3475 habentium,

1922 3533 2045 3573 cum
2101 3531 2297 3584 nempe
2344 3514 2632 3568 occasione
2695 3513 2814 3581 ejus
2862 3511 2954 3580 qui
3008 3506 3504 3563 Alexandrinorum

1922 3608 2180 3664 Ecclesiae
2208 3605 2408 3677 praasul
2439 3605 2655 3658 futurus
2678 3610 2815 3667 erat,
2844 3602 2986 3654 hanc
3020 3601 3285 3654 rationem
3315 3597 3503 3652 subire

1924 3701 2083 3771 cogi;
2127 3697 2271 3768 quod
2320 3712 2385 3750 ev
2438 3695 2618 3763 aliquo
2656 3693 2724 3746 iis
2776 3692 2829 3746 in
2861 3692 2993 3746 locis
3047 3706 3176 3745 casu
3231 3687 3504 3743 constitu-

1927 3803 2039 3849 tmn
2058 3802 2141 3845 est
2171 3807 2184 3843 :
2214 3804 2273 3842 se
2298 3801 2577 3855 nunquam
2610 3784 2679 3839 ab
2710 3799 2809 3837 esu
2839 3781 3085 3837 carnium
3116 3780 3412 3835 abstinere.
3432 3777 3506 3832 At

1923 3884 2065 3954 apud
2095 3897 2193 3937 nos
2211 3878 2464 3933 monachi
2493 3877 2740 3931 habitum
2773 3889 2936 3930 nemo
2968 3889 3207 3943 unquam
3235 3872 3291 3925 in
3318 3869 3502 3926 clerici

1935 3972 2325 4032 commutarit:
2384 3969 2633 4023 nonnulli
2665 3977 2867 4029 autem,
2911 3982 3035 4020 cum
3068 3963 3339 4019 voluerint
3381 3977 3502 4015 mo-

1925 4067 2159 4123 nachum
2203 4062 2271 4117 ad
2305 4060 2546 4130 episcopi
2584 4060 2861 4131 fastigium
2894 4057 3162 4120 attollere,
3191 4070 3315 4109 eum
3350 4053 3502 4107 orbi-

1925 4154 2175 4210 culariter
2227 4150 2534 4211 tondentes,
2584 4148 2825 4217 priorem
2881 4145 3128 4198 habitum
3186 4143 3499 4197 immutant.

1927 4248 2023 4311 Ita,
2061 4244 2148 4297 ubi
2180 4241 2329 4295 nulla
2356 4247 2439 4295 est
2467 4239 2845 4309 praevaricatio
2878 4236 3022 4297 fidei,
3056 4251 3161 4290 nec
3188 4234 3499 4290 communis

1926 4344 1994 4400 et;
2042 4331 2294 4388 catholici
2340 4329 2543 4385 decreti
2572 4329 2785 4382 eversio
2821 4344 2837 4393 ;
2872 4344 2993 4380 cum
3026 4328 3144 4381 aliis
3174 4327 3317 4397 apud
3364 4326 3500 4380 alios

1910 4428 2108 4481 mores
2139 4432 2192 4479 ct
2226 4424 2371 4492 leges
2414 4420 2828 4484 custodiantur;
2860 4434 2964 4471 nec
2995 4419 3249 4472 custodes
3299 4418 3502 4486 injuste

239 4511 439 4573 ἄλλοις
465 4509 604 4563 ἐθῶν
623 4527 683 4562 τε
706 4509 801 4561 καὶ
821 4508 1067 4577 νομίμων
1094 4506 1528 4577 φυλαττομένων,
1550 4505 1673 4559 οὔτε
1702 4507 1819 4571 τοὺς

1934 4531 2110 4587 agere,
2140 4527 2242 4567 nec
2271 4526 2363 4565 eos
2390 4509 2484 4579 qui
2503 4525 2612 4563 non
2641 4515 2990 4577 acceperunt,
3020 4517 3207 4561 contra
3241 4508 3411 4577 legem
3432 4506 3503 4559 fa-

240 4604 509 4672 φύλακας
557 4602 764 4655 ἀδικεῖν
794 4640 810 4664 ,
866 4599 990 4653 οὔτε
1038 4601 1165 4662 τοὺς
1228 4598 1303 4669 μὴ
1352 4597 1830 4668 παραδεξαμένους

240 4698 620 4764 παρανομεῖν,
654 4693 831 4764 ὀρθῶς
858 4694 925 4747 ἀν
954 4708 1038 4754 τις
1080 4690 1286 4760 κρίνειν
1330 4690 1487 4751 εἰδὼς
1512 4691 1825 4762 διορίσαιτο.

323 4788 521 4841 Καίτοι
573 4803 640 4854 γε
680 4786 741 4838 τὸ
788 4784 1042 4856 νομισθὲν
1096 4784 1228 4853 ἡμῖν
1270 4784 1350 4846 είς
1384 4784 1662 4852 ἐπίκλημα
1694 4783 1832 4854 πρὸς

242 4878 374 4931 ἔνια
420 4877 527 4929 τῶν
582 4875 1084 4947 κατηριθμημένων
1129 4875 1238 4927 οὐδ’
1297 4876 1356 4928 ἐν
1413 4874 1695 4943 συγκρίσει
1763 4873 1826 4926 τὸ

242 4968 550 5023 ἀνεύθυνον
606 4968 966 5037 ἀποφέρεται,
996 4965 1131 5018 ἀλλά
1178 4964 1247 5017 τά
1306 4965 1404 5034 μὲν
1460 4966 1538 5028 εἰς
1581 4964 1680 5035 τὴν
1721 4963 1832 5016 τῶν

245 5061 550 5129 ἐκθέσμων
603 5063 700 5112 καὶ
742 5056 1045 5128 βδελυκτῶν
1084 5057 1409 5111 ἀπελαύνειν
1460 5057 1664 5128 χώραν,
1700 5056 1833 5110 αὐτὸ

240 5153 306 5205 δὲ
331 5155 437 5221 τῆς
462 5151 573 5203 τῶν
602 5149 902 5204 ἐπαινετῶν
929 5150 1023 5201 καὶ
1040 5149 1340 5201 καλλίστων
1370 5149 1582 5219 μερίδος
1612 5148 1832 5219 ἐξήρτη-

244 5260 364 5296 ται.
390 5242 571 5294 Καὶτδ
592 5241 691 5311 μὲν
705 5241 798 5293 καὶ
814 5238 1146 5309 πεπρᾶχθαι,
1171 5239 1264 5291 καὶ
1282 5238 1725 5309 διαπράττεσθαι,
1744 5237 1835 5307 μέ-

246 5352 345 5405 χρι
377 5333 474 5386 νῦν
510 5332 1041 5404 πεπαρῤησιασμένῃ
1076 5331 1169 5385 καὶ
1199 5334 1483 5401 φωνῇ,καὶ
1498 5330 1712 5402 γνώμῃ,
1739 5329 1832 5381 καὶ

230 5431 539 5498 ,προσώπῳ
554 5425 908 5496 κηρύσσεται.
931 5425 1052 5487 Πῶς
1066 5424 1172 5493 γὰρ
1188 5425 1288 5476 οὐκ
1311 5423 1377 5476 ἂν
1406 5421 1830 5493 σεμνολογηθείη

250 5580 559 5636 Eustachio
580 5578 646 5633 ad
670 5593 879 5649 sacram
903 5594 1024 5648 qua:
1047 5587 1130 5632 est
1150 5580 1205 5631 in
1236 5577 1543 5649 Pamphylia
1566 5579 1829 5648 synodum

250 5653 402 5706 Sidae
434 5650 717 5704 collectam
755 5647 897 5703 Sida:
926 5647 1143 5716 Quidem
1164 5647 1495 5717 Pamphyliv-
1525 5647 1606 5702 est
1635 5649 1829 5702 Metro-

253 5723 422 5789 polis,
469 5719 552 5771 vel
592 5718 759 5787 (quod
794 5733 901 5770 non
949 5718 1130 5789 minus
1174 5718 1464 5789 verisimile
1504 5719 1607 5788 est)
1657 5733 1721 5772 ex
1767 5734 1832 5772 co

254 5788 399 5859 orat,
428 5805 498 5844 ne
542 5791 922 5845 restitueretur
949 5788 1206 5860 lgnatius,
1239 5788 1331 5845 scd
1366 5795 1573 5844 tantum
1601 5790 1670 5845 sit
1696 5804 1827 5844 con-

1930 4622 2073 4671 cere,
2102 4605 2147 4658 is
2177 4603 2268 4672 qui
2293 4609 2437 4655 recte
2462 4599 2706 4669 judicare
2730 4599 2898 4663 norit,
2918 4597 3163 4653 definiat.

2000 4780 2069 4834 Et
2096 4791 2224 4831 vero
2260 4774 2405 4845 quod
2438 4790 2466 4828 a
2491 4773 2648 4827 nobis
2677 4772 2731 4826 in
2760 4772 2987 4826 crimine
3019 4771 3262 4841 ponitur,
3299 4770 3344 4824 si
3375 4787 3503 4826 cum

1930 4868 2205 4926 nonnullis
2231 4882 2350 4936 qua
2396 4866 2762 4920 admemorata
2797 4872 2945 4926 sunt,
2979 4863 3311 4925 conferatur,
3369 4865 3504 4918 recti

1932 4973 1986 5018 et
2014 4961 2128 5015 veri
2151 4957 2605 5013 existimationem
2634 4955 2889 5009 habebit:
2941 4964 2996 5008 et
3020 4954 3122 5007 alia
3153 4956 3374 5023 quidem
3407 4969 3506 5008 ne-

1930 5055 2190 5109 fariorum
2218 5060 2273 5105 et
2302 5047 2713 5103 exsecrabilium
2749 5047 2869 5101 loco
2910 5046 3207 5111 ducuntur,
3233 5045 3340 5101 hoc
3373 5062 3507 5102 vero

1932 5145 2077 5199 laudi
2105 5150 2208 5208 est,
2240 5150 2296 5195 et
2320 5147 2543 5210 putatur
2578 5152 2697 5192 esse
2718 5136 3171 5208 pulcherrimum,
3200 5136 3303 5191 hoc
3329 5152 3507 5207 usque

1931 5235 2114 5289 adhuc
2163 5240 2217 5285 et
2248 5230 2446 5283 factum
2474 5242 2617 5291 esse,
2658 5234 2713 5281 et
2743 5226 2879 5292 fieri,
2923 5226 3091 5281 libera
3118 5241 3252 5282 voce
3281 5236 3337 5281 et
3379 5242 3506 5282 sen-

1934 5325 2119 5386 tentia,
2162 5331 2217 5377 et
2269 5320 2424 5374 vultu
2471 5319 2815 5389 praedicatur.
2876 5317 3159 5385 Quomodo
3202 5320 3348 5373 enim
3393 5334 3505 5373 non

1930 5417 2159 5474 summis
2200 5414 2448 5469 laudibus
2479 5412 2603 5482 quis
2635 5410 2916 5480 efferatur,
2958 5410 3105 5482 quod
3129 5411 3375 5466 nondum
3415 5426 3507 5466 sa-

1933 5586 2113 5632 tentus
2142 5574 2363 5631 nomine
2387 5573 2626 5644 episcopi
2660 5572 2764 5627 frui
2785 5572 2917 5629 dum
2946 5571 3171 5644 viveret,
3193 5568 3273 5624 sic
3294 5575 3509 5623 astutus

1931 5648 2114 5773 gemo,
2145 5647 2289 5715 quod
2315 5642 2545 5702 maxime
2572 5642 2719 5713 velit,
2745 5644 2890 5700 haud
2914 5642 3208 5700 admodum
3227 5654 3287 5697 se
3315 5654 3509 5696 curare

1968 5726 2284 5773 cmonslrat.
3216 5760 3221 5765 .
