4032 6488
459 398 566 462 607
1575 395 1836 457 PHOTII
1873 393 2082 456 PATR]

2191 393 2378 456 ΚΞΗῶ
2426 391 2539 454 CP.
3634 376 3782 442 σω

462 509 746 565 cerdotum
764 505 1013 562 ordinem
1030 512 1334 569 assecutus,
1361 503 1435 558 ita
1461 503 1629 559 vitam
1652 519 1806 559 suam
1841 504 2037 559 immo-
2064 523 2082 568 Α

2191 521 2244 570 νς,
2272 503 2354 557 ὅτι
2380 491 2549 573 μῆπω
2578 497 2782 570 λήξεως
2831 494 3147 568 ίερωμινων
3184 496 3400 567 τυχὼν,
3427 493 3633 556 οὕτως
3657 489 3787 561 τὴν

461 602 684 656 dc'ratus
709 607 814 663 est,
840 609 902 654 ut
929 607 984 653 et
1015 598 1158 663 aliis,
1202 595 1402 668 quibus
1427 595 1791 651 sacerdotium
1825 595 2037 668 obtigit,

2191 594 2340 648 ιυτοῦ
2391 591 2670 646 πολιτείαν
2719 588 3040 662 ὲρύθμισεν,
3075 587 3217 641 ὥστε
3261 588 3359 641 καὶ
3421 585 3513 641 ὑπ’
3547 581 3790 668 αὒτῶγ

462 695 612 748 etab
641 692 788 748 omni
816 691 1025 760 reliquo
1058 666 1233 745 cretu'
1252 689 1319 744 ad
1359 688 1730 760 pontiﬁcatum
1758 689 1879 743 aliis
1901 666 2041 758 prte—

2191 684 2257 738 ῶν
2307 681 2742 754 κεκληρωμένων
2775 678 2878 750 τὴν
2924 677 3251 748 ἱερωσύνην,
3273 676 3370 729 καὶ
3397 676 3628 736 παντῦς

465 784 672 837 feratur
698 784 721 836 ?
754 759 1010 846 Qumdam
1042 793 1173 836 vero
1199 793 1271 834 ne
1298 759 1367 833 ab
1394 778 1460 832 iis
1489 778 1709 847 quidem
1733 779 1824 848 qui
1853 778 2036 834 delin-

2191 774 2304 828 λλου
2358 771 2725 844 πληρώματος
2751 771 2832 834 εἰς
2877 768 3141 840 ἀρχιερέα
3170 765 3582 839 προκρίνεσθαι
3619 781 3643 830 ;
3683 759 3793 814 Τὰ

463 885 640 944 quunt
691 873 855 944 (quod
883 871 1101 942 quidem
1150 871 1340 942 sciam)
1381 871 1527 941 quod
1560 869 1699 924 ﬁunt
1734 910 1750 935 ,
1813 869 2046 925 laudan-

2191 874 2208 921 ι
2241 865 2349 921 οὐδ’
2372 866 2456 921 ὅτι
2494 863 2816 935 πράττεται,
2846 861 2948 916 ὅσα
2992 859 3096 932 ἐμὲ
3124 858 3443 928 γινώσκειν,
3476 869 3800 924 συνωμο-

469 971 554 1014 tur
608 960 678 1014 ob
734 973 1003 1014 summam
1065 958 1298 1014 fortasse
1335 958 1749 1022 absurditatem,
1811 969 1907 1014 aut
1944 973 2047 1026 ne-

2191 963 2378 1031 ίγηται
2401 959 2515 1022 τοῖς
2547 955 2930 1027 ἁμαρτάνουσι
2952 956 3023 1026 τῇ
3074 951 3350 1023 ὐπερδολῇ
3378 948 3477 1004 τοῦ
3519 947 3792 1016 ἀτοπὴ-

464 1052 578 1105 scio
617 1051 748 1120 quid
790 1049 998 1117 dicam,
1043 1050 1110 1106 iis
1149 1050 1244 1120 qui
1295 1049 1542 1106 fecerunt
1587 1090 1603 1115 ,
1661 1049 2046 1104 inﬁciationcm

2191 1067 2319 1114 ατος
2373 1050 2502 1111 ἴσως
2533 1047 2568 1118 ἢ
2603 1047 2702 1100 οὐκ
2763 1039 2860 1098 οἷδ’
2886 1045 2915 1098 ὃ
2941 1061 2994 1098 τι
3045 1044 3140 1097 καὶ
3184 1043 3346 1106 εῐπω,
3380 1041 3495 1096 τῶν
3540 1038 3790 1108 δεδρα-

466 1143 680 1196 vcritati
748 1141 1230 1212 anteponentibus.
1292 1139 1424 1206 Quis
1469 1141 1614 1194 enim
1664 1139 2000 1194 sabbatizare
2029 1178 2046 1205 ,

2191 1144 2326 1196 ότων
2377 1139 2794 1208 ἀλλασσομὲνων
2865 1136 3065 1208 μᾶλλον
3134 1135 3233 1204 τῆς
3298 1131 3570 1204 ἀληθείας
3658 1128 3792 1199 τὴν

466 1233 556 1302 qui
589 1232 643 1285 in
681 1230 1006 1287 Christianis
1071 1239 1378 1296 censeatur,
1435 1230 1649 1285 etiarnsi
1712 1229 1909 1284 millies
1963 1228 2052 1285 his

2193 1250 2403 1307 ρνησιν.
2423 1233 2521 1294 Τίς
2551 1231 2660 1303 γάρ
2691 1228 3043 1293 σαϐϐατίζειν
3067 1229 3127 1281 ὲν
3155 1227 3510 1298 Χριπιανοῖς
3541 1221 3792 1283 τελῶν,

470 1325 814 1390 succumbat,
847 1339 959 1379 non
989 1323 1209 1394 ejuret?
1236 1323 1369 1389 Quis
1413 1337 1472 1378 se
1513 1322 1846 1393 conjugium,
1879 1336 2052 1376 exse-—

2191 1327 2260 1380 ἂν
2286 1325 2544 1397 μυριάκις
2569 1319 2890 1392 ὑπενεχθείη
2918 1318 3132 1382 τούτοις
3162 1319 3263 1372 οὐκ
3281 1316 3348 1371 ἂν
3377 1314 3790 1387 ὲξομόσαιτος

471 1414 612 1468 crari
669 1414 988 1485 legitimum,
1036 1413 1142 1468 nisi
1166 1414 1291 1483 quis
1334 1413 1627 1483 impiorum
1655 1428 1718 1467 ac
1767 1413 1884 1468 sine
1939 1411 2052 1467 Deo

2191 1419 2252 1482 ’ίς
2281 1418 2340 1471 δὲ
2376 1417 2556 1486 γάμον
2585 1412 2966 1485 βδελύττεσθαι
3008 1409 3294 1481 ἔνθεσμον,
3327 1409 3377 1463 εί
3415 1409 3491 1479 μὴ
3527 1405 3616 1460 τὰ
3643 1403 3788 1458 τῶν

473 1506 756 1560 hominum
777 1506 1100 1560 sententiam
1119 1505 1295 1574 opiﬁci
1314 1512 1602 1575 proponat,
1622 1504 1737 1559 etei
1754 1505 2050 1576 hypostasi,

2191 1508 2432 1565 υσσεδῶν
2454 1508 2547 1561 καὶ
2577 1505 2752 1560 ἀθέων
2782 1502 3141 1575 ὲπιπροσθείη
3190 1502 3288 1556 καὶ
3331 1499 3428 1554 τοῦ
3455 1502 3790 1568 Δημιουρ-

470 1611 592 1664 qua:
620 1595 747 1648 inde
781 1609 876 1664 per
903 1595 1199 1649 bonitatem
1228 1594 1476 1650 exstitit?
1502 1593 1633 1659 Quis
1655 1603 1836 1648 autem
1868 1593 2054 1648 Domi-

2191 1602 2282 1665 νοῦ,
2315 1601 2408 1654 καὶ
2464 1599 2563 1670 τῆς
2593 1597 2802 1651 ἐκεῖθεν
2836 1594 3176 1663 ἀγαθοειδῶς
3206 1591 3569 1660 οὐσιωθείσης
3617 1589 3790 1642 151:6-

475 1690 722 1741 nicorum
752 1696 808 1741 et
830 1695 1206 1756 paternorum,
1239 1696 1295 1740 et
1332 1685 1673 1758 synodalium
1702 1685 2054 1740 decretorum

2191 1697 2443 1757 τάσεως;
2474 1690 2569 1753 Τίς
2596 1688 2652 1744 δὲ
2679 1689 2790 1742 τῶν
2809 1686 3156 1741 Δεσποτικῶν
3191 1684 3285 1737 καὶ¹
3315 1681 3631 1754 Πατρικῶν
3672 1677 3790 1731 καὶ

476 1781 568 1847 (ne
620 1777 893 1848 sigillatim
939 1776 1137 1846 dicam)
1176 1792 1287 1830 non
1327 1785 1641 1831 revereatur
1669 1775 1939 1842 conﬁteri,
1984 1789 2044 1830 se

2191 1783 2458 1838 τυνοδικῶν
2509 1781 2796 1853 δογμάτων
2851 1780 2963 1848 (ἵνα
3011 1779 3088 1848 μὴ
3125 1775 3248 1830 καθ’
3277 1774 3512 1828 ἕκαστον
3548 1770 3784 1840 λέγω).

477 1869 656 1924 moliri
688 1868 1106 1939 contemptum?
1135 1867 1209 1924 Ex
1237 1867 1388 1923 laicis
1417 1883 1548 1923 sane
1577 1882 1701 1922 eum
1729 1867 1823 1936 qui
1843 1881 2056 1921 sacrum

2193 1879 2260 1930 ὐκ
2318 1876 2386 1930 ἂν
2445 1872 2760 1944 αἰσχυνθείη
2812 1871 2908 1924 καὶ
2954 1869 3210 1940 πράττων
3241 1867 3586 1936 ὁμολογῆσαι
3656 1860 3784 1930 τὴν

478 1961 604 2014 vitae
638 1976 809 2031 genus
843 1960 1168 2029 susceperit,
1204 1960 1272 2014 ad
1316 1959 1692 2029 pontiﬁcatum
1722 1956 2056 2029 promoveri,

2191 1966 2543 2034 ξουδένωσιν;
2618 1963 2713 2016 Ἐκ
2770 1962 2955 2032 μέντοι
3011 1957 3216 2014 λαῖκῶν
3258 1956 3414 2029 ίεράν
3461 1952 3794 2008 πολιτείαν

477 2053 634 2106 valde
657 2067 1000 2122 consequens
1027 2066 1150 2107 csse
1193 2051 1393 2106 divinis
1426 2049 1698 2112 Patribus,
1734 2065 1844 2102 non
1875 2048 2058 2104 verbis

2193 2055 2579 2130 πανῃρημένον
2616 2055 2698 2117 είς
2742 2052 3004 2124 ἀρχιερέα
3039 2048 3406 2121 προάγεσθαι,
3441 2044 3793 2102 ἀκόλουθον

477 2141 917 2210 pronuntiatum,
945 2141 1041 2196 sed
1071 2155 1129 2194 re
1159 2139 1276 2210 ipsa
1305 2149 1537 2211 gestum,
1570 2153 1778 2210 magnae
1812 2137 2061 2194 utltitatis

478 2247 693 2301 sponsa:
720 2230 926 2287 Christi
950 2230 1210 2288 Ecclesiae
1241 2246 1428 2297 causa,
1468 2230 1527 2287 in
1553 2230 1804 2303 pluribus
1833 2229 2062 2285 demon-

477 2333 708 2378 stratum
730 2331 834 2378 est.

2161 2150 2322 2218 ἄγαν,
2359 2149 2454 2202 καὶ
2475 2147 2720 2218 Πατράσι
2753 2145 2919 2208 θείοις
2949 2143 3011 2197 οὐ
3041 2143 3219 2211 λόγοις
3257 2139 3796 2212 καθωμιλημένον,

2160 2235 2274 2293 ἀλλ’
2303 2232 2486 2304 ἔργοις
2506 2231 2686 2292 αὐτοῖς
2707 2228 3205 2299 διαπεπραγμένον,
3231 2227 3325 2280 ἐπὶ
3354 2225 3580 2296 μεγάλῳ
3617 2221 3783 2293 κέρ-

2159 2326 2241 2380 δει
2266 2327 2365 2397 τῆς
2406 2323 2624 2394 νύμφης
2652 2320 2888 2393 Χριστοῦ
2925 2320 3251 2390 Ἐκκλησίας
3281 2317 3428 2374 κατά
3448 2316 3784 2390 διαφόρως

2163 2417 2390 2488 καιροὺς
2423 2415 2811 2468 ἐπιδέδεικται.

545 2499 630 2554 Ad
661 2499 799 2566 haec,
817 2499 1022 2569 aspice,
1050 2498 1094 2554 si
1125 2498 1226 2563 vis,
1247 2508 1303 2554 et
1320 2498 1754 2555 ministeriorum
1773 2499 2065 2555 varietates

478 2606 600 2661 qua:
631 2590 688 2644 in
721 2591 1092 2654 orationibus,
1144 2605 1265 2660 quas
1309 2589 1364 2645 in
1401 2590 1861 2654 invocationihus,
1887 2588 1944 2642 in
1969 2604 2064 2644 or-

481 2683 612 2738 dine
643 2691 698 2738 et
731 2681 1144 2752 consequentia,
1194 2681 1250 2736 in
1296 2683 1560 2753 temporis
1596 2681 1962 2738 diuturnitate
2008 2694 2067 2736 et

483 2775 774 2844 brevitate,
827 2775 885 2830 in
929 2775 1281 2832 multitudine
1312 2784 1366 2830 et
1403 2776 1702 2848 paucitate.
1743 2775 1810 2830 Et
1839 2776 2064 2847 quidem

2238 2506 2385 2576 Ὅρα
2408 2505 2490 2571 δὲ,
2509 2506 2556 2557 εί
2579 2503 2930 2574 βούλει,πρδς
2944 2504 3056 2566 τοῖς
3077 2501 3388 2574 εἰρημένοις
3412 2499 3626 2564 καὶτὰς
3641 2500 3777 2552 τῶν

2163 2597 2558 2672 λειτουργικῶν
2595 2597 2920 2668 ἑτερότητας
2950 2596 3048 2659 τὰς
3082 2596 3141 2648 ὲν
3159 2596 3282 2657 ταῖς
3314 2595 3526 2665 εὐχαῖς,
3547 2591 3663 2654 τὰς
3701 2591 3772 2642 ἐν

2165 2695 2286 2757 ταῖς
2332 2690 2675 2762 ἐπικλήσεσι,
2698 2687 2797 2754 τὰς
2825 2689 2885 2743 ὲν
2909 2688 3059 2755 τάξει
3089 2686 3186 2743 καὶ
3204 2684 3517 2757 ἀκολουθίᾳ,
3555 2683 3668 2748 τάς
3701 2683 3773 2737 ὲν

2165 2783 2246 2850 τῷ
2289 2781 2384 2835 τοῦ
2434 2781 2628 2852 χρόνου
2679 2781 2865 2853 μήκει,
2889 2781 2982 2832 καὶ
3017 2780 3086 2849 τῇ
3144 2775 3467 2850 βραχύτητι,
3529 2774 3638 2837 τὰς
3700 2773 3770 2827 δν

486 2870 542 2923 in
595 2868 662 2923 iis
710 2870 766 2939 (0
819 2867 1169 2937 miraculum)
1205 2869 1514 2923 communis
1561 2867 1719 2938 panis
1765 2868 1824 2922 in
1867 2882 2068 2938 corpus

2191 2873 2364 2945 πλήθει
2381 2875 2474 2927 καὶ
2485 2871 2779 2943 ὀλιγότητι,
2793 2870 2970 2924 καίτοι
2980 2869 3048 2922 δι’
3059 2869 3257 2933 αὐτῶν,
3271 2867 3317 2921 ὣ
3331 2867 3427 2920 τοῦ
3444 2866 3545 2920 θαύ
3553 2865 3780 2937 ματοςι

486 2961 688 3016 Christi
741 2969 1004 3026 mutatur,
1039 2968 1094 3015 et
1127 2975 1418 3016 commune
1453 2959 1641 3014 vinum
1689 2959 1911 3030 sanguis
1950 2959 2072 3030 ejus

2191 2988 2198 3020 t
2222 2966 2400 3030 κοινὸς
2427 2965 2589 3036 ἄρτος
2605 2964 2686 3028 είς
2711 2963 2872 3033 σῶμα
2895 2961 3132 3034 Χριστοῦ
3165 2959 3585 3032 μεταϐάλλεται,
3609 2959 3768 3011 καὶὸ

490 3053 581 3117 sit,
600 3053 692 3122 qui
713 3067 838 3107 eum
859 3053 912 3105 iu
935 3051 1366 3122 redemptionem
1389 3051 1548 3108 nobis
1568 3052 1638 3107 de
1656 3052 1878 3122 proprio
1899 3051 2072 3108 latere

2191 3058 2349 3123 ιοινὸς
2371 3053 2512 3121 οἶνος
2540 3051 2684 3128 αἷμα
2727 3054 3062 3126 χρηματίζει
3085 3052 3179 3106 τοῦ
3201 3051 3400 3122 λύτρον
3430 3052 3565 3120 ἡμῖν
3582 3049 3648 3116 ἐξ
3679 3049 3768 3102 ol-

489 3160 616 3226 cum
644 3159 783 3215 aqua
830 3143 1066 3210 eﬁ'udit;
1106 3153 1164 3199 et
1215 3144 1411 3198 horum
1443 3143 1736 3199 discrimen
1779 3158 1844 3197 ac
1891 3141 2070 3198 varie-

2191 3152 2327 3215 ιείας
2351 3151 2592 3220 πλευρᾶς
2622 3146 2783 3203 τοῦτο
2813 3147 2910 3201 σὺν
2936 3146 3089 3200 ὕδατι
3112 3143 3427 3214 βλύσαντος.
3450 3142 3562 3196 Καὶ
3587 3142 3625 3210 ἠ
3647 3140 3771 3194 τῶν

492 3245 578 3291 tas
603 3237 954 3302 uniformem,
989 3235 1356 3307 Deiﬁcamque
1379 3236 1616 3308 Spiritus
1641 3237 1868 3307 gratiam
1888 3234 2073 3290 multi-

2191 3243 2478 3316 ιίρημένων
2491 3241 2748 3314 ἑτερότης
2765 3257 2824 3294 τε
2837 3239 2934 3294 ttat
2957 3237 3284 3311 παραλλαγὴ
3302 3236 3402 3306 τὴν
3422 3233 3641 3305 ὲνοειδῆ
3662 3234 3767 3288 καὶ

491 3329 726 3400 pliciter,
760 3335 816 3383 et
842 3328 1239 3384 invariabilitcr
1281 3328 1484 3398 suscipi
1521 3328 1590 3382 ab
1617 3327 1682 3382 iis
1713 3335 1936 3398 propter
1954 3343 2076 3398 qua:

2191 3333 2421 3389 isonatov
2461 3333 2620 3403 χάριν
2666 3330 2759 3385 τοῦ
2810 3328 3126 3399 Πνεύματος
3162 3325 3521 3394 ἀπληθύντως
3559 3340 3622 3378 τε
3667 3323 3766 3378 καὶ

491 3417 608 3472 haec
631 3426 914 3487 geruntur,
939 3432 1050 3472 non
1073 3417 1373 3488 prohibuit.
1396 3416 1542 3482 Quin
1556 3416 1720 3472 etiam
1742 3426 1909 3472 testes
1934 3417 2078 3487 apud

2191 3424 2617 3496 ἀπαραλλάκτως
2646 3419 3007 3485 ὑποδέξασθαι
3033 3418 3104 3473 τὰ
3147 3417 3232 3487 ἐφ’
3269 3412 3352 3481 οἷς
3381 3415 3557 3470 ταῦτα
3583 3415 3764 3468 τελεῖ-

493 3525 594 3569 nos
636 3518 693 3564 et
718 3509 920 3581 regulis
951 3509 1153 3564 nostris
1185 3509 1254 3563 ad
1291 3518 1398 3564 tres
1440 3524 1832 3564 numeramus:
1883 3509 1975 3580 qui
2031 3509 2079 3565 si

2191 3534 2269 3570 ιαι
2292 3517 2352 3570 οὐ
2377 3514 2724 3571 διεκώλυσεν.
2749 3512 2888 3566 ἀλλά
2911 3510 3008 3566 καὶ
3045 3509 3323 3582 μάρτυρες
3343 3507 3446 3580 μὲν
3469 3508 3603 3578 παρ’
3626 3507 3765 3577 ἡμῖν

491 3602 789 3672 casteroqui
850 3601 986 3658 vitio
1027 3611 1274 3668 careant,
1309 3601 1442 3656 satis
1485 3611 1614 3656 sunt
1641 3601 1708 3655 ad
1737 3585 1898 3655 iidem
1934 3599 2082 3656 veri-

2191 3609 2278 3663 tta‘t
2307 3610 2420 3671 τοῖς
2453 3607 2583 3676 παρ’
2611 3605 2744 3676 ἡμῖν
2767 3603 2951 3657 κανόσι
2977 3601 3143 3673 μέχρι
3166 3601 3335 3672 τριῶν
3358 3599 3763 3672 ἀριθμούμενοι

499 3693 596 3755 tati
650 3691 983 3760 faciendam,
1016 3692 1272 3762 quamvis
1301 3692 1356 3747 in
1387 3691 1630 3762 episcopi
1659 3691 1871 3746 crimen
1937 3691 2082 3746 asci-

2191 3701 2248 3755 lv
2267 3699 2440 3762 ἄλλως
2451 3697 2768 3768 ἀδιάϐλητοι
2782 3695 3038 3766 τύχωσιν,
3065 3694 3241 3748 ἱκανοὶ
3256 3692 3642 3747 πιστώσασθαι
3665 3691 3760 3761 τὴν

497 3795 758 3842 scantur:
789 3785 935 3856 apud
970 3784 1108 3841 alios
1148 3799 1279 3840 vero
1316 3784 1422 3838 nisi
1448 3784 1664 3839 testium
1697 3798 1960 3838 numerus
1992 3797 2086 3836 su-

498 3886 653 3961 peret
701 3875 1048 3947 septuaginta
1104 3875 1262 3945 quasi
1317 3873 1598 3944 populum,
1630 3872 1723 3942 qui
1777 3880 2082 3934 accusatur,

499 3965 853 4033 quantumvis
893 3965 952 4020 in
1003 3979 1065 4020 re
1118 3964 1236 4036 ipsa
1278 3965 1443 4019 fuerit
1489 3964 1888 4035 deprehensus,
1933 3961 2086 4016 omni

502 4059 738 4121 crimine
768 4059 910 4114 liber
939 4057 1260 4114 absolvitur.
1309 4056 1450 4112 Satis
1486 4071 1608 4128 quae
1633 4057 1778 4111 dicta
1809 4064 1938 4112 sunt
1964 4069 2089 4112 esse

2183 3790 2572 3862 ἀλήθειαν,κᾶν
2585 3791 2668 3853 είς
2688 3789 2987 3842 ἐπισκόπου
3007 3786 3287 3857 ληφθῶσιν
3305 3785 3611 3857 ἐπίκλημα·
3635 3783 3757 3854 παρ’

2185 3883 2368 3946 ἄλλοις
2386 3881 2443 3934 δὲ
2464 3880 2538 3935 ἂν
2548 3881 2625 3950 μὴ
2647 3879 2740 3932 τὸν
2757 3877 3126 3948 ὲὸδομήκοντα
3141 3876 3315 3946 δῆμον
3341 3876 3404 3928 τὸ
3423 3874 3534 3928 τῶν
3553 3873 3766 3945 μαρτύ-

2190 3992 2302 4048 ρων
2317 3971 2673 4044 ὐπε-ρεκπέσῃ
2689 3968 2913 4040 πλῆθος,
2934 3967 3268 4038 ἀνέγκλητος
3282 3965 3568 4037 όκαθηγού
3577 3981 3763 4036 μενος,

2187 4067 2294 4122 κᾶν
2349 4066 2435 4118 ἐπ’
2480 4061 2782 4132 αὐτοφώρῳ
2802 4058 2980 4130 ληφθῇ
3006 4059 3326 4118 ἀπολύεται.
3362 4057 3667 4127 Ἐπιλείψει
3702 4073 3768 4127 με

505 4154 648 4208 duco
664 4150 982 4206 hominibus
1008 4150 1200 4220 aequis,
1229 4149 1433 4218 quique
1459 4165 1566 4203 non
1585 4147 1795 4213 malint,
1816 4163 1978 4218 quam
2003 4149 2082 4201 in-

2191 4161 2226 4232 η
2259 4158 2440 4230 ἡμέρα
2473 4155 2574 4221 τὰς
2603 4153 2862 4216 τοιαύτας
2902 4151 3169 4223 διαφορὰς
3197 4150 3541 4219 δπιλιγοντα,
3577 4149 3780 4222 ἀρκεῖν.

507 4242 772 4313 tclligere,
806 4241 1081 4315 redargui.
1129 4242 1270 4308 Quid
1299 4250 1481 4296 autem
1521 4239 1694 4311 ﬁgura
1748 4240 2090 4309 capillorum,

2191 4253 2236 4306 δ’
2278 4249 2518 4323 ἠγοῦμαι
2546 4248 2644 4304 καὶ
2669 4249 2771 4310 τὰς
2807 4245 3104 4318 εἰρημένας
3141 4244 3257 4306 τοῖς
3306 4240 3639 4313 εὐγνώμοσι,
3675 4241 3789 4302 καὶ,

505 4353 570 4390 ac
601 4335 860 4406 temporis
883 4335 1194 4408 prorogatio
1213 4334 1280 4389 ad
1305 4333 1666 4390 sacerdotium
1689 4331 2082 4402 suscipiendum

2192 4338 2274 4406 οἷς
2301 4340 2376 4413 μὴ
2406 4339 2606 4412 μᾶλλον
2627 4337 2890 4410 ἐράσμιον
2913 4335 3008 4390 τοῦ
3034 4336 3274 4392 συνιέναι
3290 4333 3352 4388 τὸ
3371 4331 3768 4404 διελόγχεσθαι.

507 4428 732 4498 potest?
763 4427 939 4485 Mores
964 4428 1112 4484 enim
1159 4427 1439 4484 hominem
1473 4435 1603 4482 ante
1633 4425 1923 4481 sacerdotii
1957 4424 2082 4496 ﬁgu-

2195 4434 2263 4490 Τί
2298 4432 2356 4486 δὲ
2384 4432 2480 4486 καὶ
2523 4432 2711 4501 σχῆμα
2741 4427 2968 4500 τριχῶν,
2999 4428 3094 4481 καὶ
3125 4426 3320 4498 χρόνου
3352 4425 3670 4497 παράτασις
3691 4423 3772 4486 είς

507 4536 627 4576 ram
688 4522 914 4595 dignum
940 4521 1258 4590 ostendunt,
1303 4523 1520 4578 tametsi
1575 4521 1820 4578 nondum
1875 4519 1999 4592 quis
2039 4520 2082 4574 ei

2200 4523 2499 4595 ἱερωσύνης
2551 4521 2834 4592 ἀντίληψιν
2881 4519 3145 4584 δύναται;
3183 4520 3213 4572 ό
3261 4517 3364 4590 μὲν
3418 4516 3528 4588 γὰρ
3571 4515 3774 4586 τρόπος

510 4630 732 4670 manum
758 4616 1026 4687 imponat,
1047 4614 1290 4670 nondum
1313 4613 1503 4671 didicit
1530 4629 1739 4684 preces.
1763 4612 1917 4668 Multi
1935 4627 2088 4676 vero,

507 4719 646 4776 quos
689 4718 872 4761 mores
921 4704 1160 4776 fugiunt,
1208 4705 1399 4760 habitu
1422 4704 1739 4771 venerandi,
1790 4703 1846 4758 in
1897 4702 2085 4758 habitu

509 4796 822 4852 consistunt
866 4813 886 4863 ς
931 4797 1138 4854 etenim
1185 4795 1509 4868 capillorum
1557 4795 1826 4852 resecatio
1880 4793 2095 4867 signum

2199 4615 2292 4669 τὸν
2343 4614 2514 4687 ἄνδρα
2562 4614 2656 4677 καὶ
2699 4613 2808 4683 πρὸ
2860 4610 2955 4674 τοῦ
3002 4611 3281 4681 σχήματος
3315 4608 3421 4678 τῆς
3471 4605 3776 4677 ἱερωσύνης

2197 4706 2473 4766 δείκνυσιν
2503 4702 2679 4772 ἀξιον,
2708 4702 2812 4756 κᾶν
2837 4704 2910 4772 μή
2943 4700 3032 4754 πώ
3054 4717 3138 4764 τις
3163 4699 3431 4770 αὐτῷτὴν
3457 4699 3623 4770 χεῖρα
3649 4699 3775 4750 επι-

2195 4797 2340 4869 τιθῇ,
2374 4796 2581 4868 κᾶνλμὴ
2619 4795 2850 4867 ἐπιλέγῃ
2875 4795 2976 4864 τὴν
3010 4793 3199 4864 εὐχήν.
3221 4791 3460 4855 Πολλοὺς
3499 4790 3559 4844 δὲ
3586 4788 3779 4860 φυγὼν

512 4897 599 4943 est
617 4889 1055 4945 conversationis
1085 4905 1118 4944 a
1146 4890 1380 4946 mortuis
1426 4888 1686 4960 operibus
1713 4902 1884 4957 purae.
1914 4885 1982 4940 Et
2004 4901 2082 4957 qu

2197 4888 2227 4942 ό
2265 4886 2467 4958 τρόπος
2503 4885 2598 4938 ἐπὶ
2639 4885 2921 4955 σχήματος
2985 4885 3168 4955 μένειν
3209 4881 3340 4945 τοὺς
3405 4882 3648 4951 σχήματι
3693 4894 3793 4932 σε-.

516 4980 594 5033 ita
647 4989 753 5045 est,
782 4981 1032 5051 quamvis
1060 4981 1200 5055 signi
1225 4983 1353 5038 tuba
1383 4981 1626 5037 nondum
1655 4979 1895 5045 insonet,
1931 4979 2082 5033 vitan

2202 4976 2568 5049 μνυνομένους
2596 4974 2979 5044 ἐγκατέλιπεν.
3021 4973 3086 5026 Ἤ
3121 4973 3219 5044 μὲν
3253 4971 3364 5044 γὰρ
3409 4973 3520 5026 τῶν
3574 4969 3782 5043 τριχῶν

515 5070 635 5138 ejus
660 5072 965 5138 praedicans
992 5089 1208 5144 puram,
1234 5075 1320 5129 hic
1348 5075 1404 5128 in
1427 5074 1604 5130 nihilo
1621 5072 1753 5128 mihi
1782 5086 1850 5128 eo
1878 5069 2082 5126 interim

2203 5069 2514 5142 περικοπὴ,
2585 5067 2813 5139 σημεῖόν
2870 5067 2990 5121 ἐστι
3043 5065 3320 5129 πολιτείας
3366 5063 3782 5134 καθαρευούσης

513 5161 718 5216 virtute
742 5172 844 5228 est,
872 5165 968 5234 qui
996 5165 1210 5236 signum
1249 5165 1408 5237 gerit.

2206 5159 2385 5230 ἔργων
2429 5156 2662 5227 νεκρῶν.
2708 5155 2766 5212 '0
2797 5154 2856 5208 δὲ
2904 5153 2996 5208 τδν
3049 5151 3248 5212 ἑαυτοῦ
3280 5151 3397 5222 βίον
3437 5149 3774 5220 ἀκηλίδωτον

516 5251 618 5322 ὅση
649 5252 875 5325 δύναμις
905 5258 1209 5328 συντηρῶν,
1244 5259 1347 5311 κᾶν
1389 5259 1424 5330 ἡ
1453 5257 1548 5312 τοῦ
1587 5257 1816 5329 σημείου
1888 5251 2130 5322 σάλπιγξ
2196 5250 2353 5305 οὔπω
2404 5249 2597 5325 lurida
2616 5247 2706 5310 τὸν
2760 5246 2879 5317 βίον
2921 5244 3092 5300 αὐτοῦ
3135 5242 3481 5316 κηρύττουσα
3517 5241 3780 5312 καθαρὸν,

517 5337 674 5409 οὗτος
695 5345 849 5400 οὐδὲν
877 5347 1002 5418 ἐμοὶ
1016 5347 1110 5401 τοῦ
1135 5349 1394 5419 φέροντος
1416 5349 1480 5403 τὸ
1508 5352 1736 5421 σημεῖον
1752 5348 2094 5419 ἐνδεέστερος
2133 5342 2214 5408 εις
2243 5343 2469 5414 ἀρετήνο

590 5439 768 5509 Atque
816 5439 933 5495 haec
946 5440 1189 5496 dicemus
1209 5455 1322 5496 non
1343 5456 1446 5497 nos
1467 5441 1614 5512 ipsos
1633 5441 2105 5497 commendantes.

2276 5449 2388 5503 Καὶ
2422 5447 2594 5501 ταῦτά
2643 5463 2824 5516 φαμεν
2860 5445 2960 5518 οὐχ
3011 5445 3239 5510 ἑαυτοὺς
3289 5444 3797 5517 ἀποσεμνύνοντες,

523 5532 680 5586 Absit
709 5534 724 5587 ι
776 5546 931 5603 aque
958 5531 1106 5586 enim
1134 5547 1239 5588 nos
1263 5549 1295 5587 a
1323 5534 1570 5590 moribus
1613 5542 1778 5605 atque
1798 5534 1868 5589 ab
1912 5533 2082 5588 habitt

2211 5543 2286 5612 μή
2315 5558 2367 5592 τι
2413 5540 2657 5609 γένηται.
2701 5537 2930 5608 Ἐπίσης
2955 5537 3064 5610 γὰρ
3098 5539 3261 5608 ἡμεῖς
3288 5537 3396 5592 τῶν
3435 5554 3496 5591 τε
3541 5536 3797 5608 τρόπων,

525 5625 819 5691 abtuimus,
874 5631 1197 5696 tantumque
1227 5625 1405 5692 abest,
1427 5635 1488 5680 ut
1512 5628 1633 5683 haec
1656 5626 1723 5682 de
1753 5628 1966 5698 melpso
2013 5625 2101 5680 di-

2207 5635 2304 5689 καὶ
2344 5631 2440 5686 τοῦ
2486 5632 2765 5704 σχήματος
2806 5630 3204 5700 ἀπελιπόμεθα,
3245 5629 3342 5683 καὶ
3381 5627 3636 5682 τοσοῦτον
3679 5627 3797 5681 δέω,

529 5735 670 5785 cum,
710 5727 770 5774 ut
817 5718 1021 5784 verius,
1047 5719 1091 5774 si
1120 5719 1212 5790 qui
1249 5734 1348 5774 nos
1376 5719 1545 5774 velint
1591 5721 1706 5775 risu
1745 5736 1806 5775 ac
1861 5720 2082 5775 dicterii:

2207 5723 2380 5779 ταῦτα
2427 5722 2607 5791 λέγειν
2652 5723 2784 5792 περὶ
2833 5720 3096 5789 ἐμαυτοῦ,
3124 5719 3265 5774 ὥστε
3294 5721 3389 5778 καὶ
3417 5716 3790 5790 εὐλογώτερον

530 5818 824 5878 incessere,
859 5813 1071 5882 possint
1108 5812 1277 5885 magis
1311 5827 1373 5866 cx
1411 5812 1653 5870 moribus
1691 5815 1994 5871 sacerdoti-0
2026 5814 2104 5869 di-

2212 5813 2351 5871 εἷναί
2385 5832 2525 5886 φημι
2556 5817 2664 5878 τοῖς
2709 5813 3053 5883 βουλομένοις
3082 5811 3451 5866 ἐπισκώπτειν
3480 5811 3628 5882 ημᾶς
3677 5808 3791 5864 ἀπὸ..
