4032 6448
260 356 370 422 ’609

1434 342 1974 408 EPISTOLARUM
2006 348 2241 411 LIBER
2275 352 2326 411 Ι.

3406 342 3517 425 .610

261 466 376 519 τῶν
417 460 638 533 τρόπων
687 457 888 530 μᾶλλον
932 456 1043 510 τῶν
1091 455 1191 525 τῆς
1236 453 1535 525 ἱερωσύνης
1592 453 1779 519 ἀξίων,
1809 453 1843 522 ἢ

1954 455 2087 525 gnis,
2132 471 2298 525 quam
2332 470 2396 512 ex
2444 456 2614 529 ﬁgura
2646 457 2701 512 in
2729 473 2827 514 nos
2862 458 3163 529 insurgere.
3193 451 3312 515 Non
3363 461 3524 533 igitur

260 554 374 610 ἀπό
399 571 468 623 γε
496 552 592 607 τοῦ
622 555 900 621 σχήματος
930 547 1344 602 ἐπανίστασθαι.
1380 548 1492 615 Ούχ
1523 546 1661 616 ὑπὲρ
1686 546 1843 615 ήμῶν

257 645 360 701 οῦν
390 644 588 708 ταῦτα,
613 643 726 697 ἀλλ’
770 642 912 712 ὑπὲρ
943 635 1021 694 ῶν
1064 639 1159 693 καὶ¹
1200 638 1436 708 πρόσθεν
1459 637 1670 708 ἔφημεν
1699 638 1842 707 γρά-

258 755 452 808 φεται.
482 735 744 806 Πατέρων
774 734 886 805 γάρ
941 731 1125 795 κακῶς
1163 731 1471 785 ἀκουόντων
1521 730 1732 785 δέδοικα
1781 730 1844 785 τὸ

258 830 343 900 μὴ
371 825 902 899 ύπεραγωνίζεσθαι.
932 825 999 877 Τί
1037 825 1168 895 γὰρ,
1230 824 1391 895 σιγᾷν
1429 822 1624 892 παρὸν,
1678 824 1846 893 ὑπερ-

254 919 654 989 αγωνίζεσθαι,
683 917 778 971 καὶ
832 916 893 969 τὸ
923 917 1018 985 τῆς
1079 915 1371 985 κωμῳδίας
1399 913 1741 984 ἀπάρχεσθαι
1780 913 1843 966 ού

254 1009 412 1064 κατὰ
438 1008 574 1061 πολὺ
604 1006 664 1061 τὸ
709 1006 965 1076 διάφορον
990 1020 1006 1067 ;
1035 1005 1096 1059 τὸ
1139 1005 1197 1058 δέ
1233 1003 1565 1075 πατραλοίας
1620 1003 1844 1074 ὑπέχειν

255 1102 490 1172 γραφὴν
522 1100 615 1154 καὶ
642 1100 677 1167 ἡ
721 1096 885 1166 φύσις
920 1096 1269 1167 μυσάττεται.
1302 1094 1512 1150 Οὔκουν
1549 1096 1841 1165 Ταράσιος,

253 1192 296 1263 ἢ
350 1190 667 1260 Νικηφόρος
728 1188 991 1251 ύπαίτιοι,
1023 1187 1073 1240 οῖ
1114 1187 1203 1240 τὸν
1234 1186 1345 1257 βίον
1382 1187 1477 1241 τοῦ
1524 1186 1715 1258 θρόνου
1750 1186 1845 1240 καὶ

257 1284 377 1356 πρὸ
410 1283 508 1337 τοῦ
557 1283 834 1352 σχήματος
872 1280 1214 1345 ἐπεδείξαντο
1240 1280 1412 1347 ἄξιον.
1446 1280 1568 1333 Οὐδ’
1609 1278 1845 1351 Ἀμϐρό-

259 1392 383 1440 σιος
414 1374 601 1438 κακῶς
627 1374 876 1435 ἀκούσει,
914 1373 1009 1426 καὶ
1048 1373 1381 1443 δυσωπήσει,
1418 1368 1479 1427 εὖ
1502 1368 1599 1427 οἷδ’
1625 1373 1707 1426 ὅτι
1748 1372 1845 1425 καὶ

258 1469 518 1522 Λατίνων
549 1469 597 1520 εί
630 1467 791 1537 μήτις
814 1465 989 1531 ἄλλος,
1033 1465 1357 1536 Ἀμὸρόσιος
1378 1465 1844 1534 Δατινίδοςῦπάρ-

258 1577 380 1630 χων
433 1558 824 1629 καλλώπισμα,
849 1560 944 1612 καὶ
990 1557 1234 1612 Λατίνων
1263 1554 1484 1627 γλώσσῃ
1536 1554 1710 1609 πολλά
1746 1556 1844 1609 καὶ

258 1649 566 1719 ψυχωφελῆ
642 1648 1120 1719 συγγραψάμενος.
1174 1648 1312 1701 Οὐδὲ
1376 1647 1483 1719 μὴν
1538 1649 1844 1718 Νεκτάριος

262 1739 377 1793 ὑπὸ
415 1737 605 1808 μῶμον
634 1738 903 1790 πεσεῖται.
944 1736 1168 1789 Σύνοδον
1196 1735 1303 1804 γὰρ
1329 1733 1487 1804 ἔσχεν
1529 1736 1843 1803 οίκονμενι-

1944 563 2045 617 pro
2074 549 2233 604 nobis
2254 549 2393 615 inec,
2426 552 2522 606 sed
2553 567 2652 621 pro
2685 552 2749 607 iis
2778 567 2915 623 quos
2943 561 3073 606 ante
3102 552 3363 614 diximus,
3385 555 3517 607 scri-

1943 638 2167 695 buntur.
2196 639 2448 697 Patribus
2472 644 2617 698 enim
2643 645 2785 699 male
2813 644 3163 699 audientibus
3185 660 3284 715 pro
3316 644 3381 699 iis
3415 661 3524 699 non

1941 729 2225 787 decertare
2276 742 2463 788 metuo
2496 750 2660 789 :nam
2701 744 2881 790 tacere
2901 748 3025 791 cum
3059 735 3385 790 defendendi
3429 752 3528 805 po-

1943 828 2109 877 testas
2136 822 2227 888 sit,
2250 831 2306 878 et
2334 826 2616 882 comoediis
2637 827 2909 882 incessere
2927 843 3037 881 non
3071 828 3303 882 multum
3329 827 3523 882 distat'

1942 926 1973 967 a
1994 913 2268 982 parricidii
2302 930 2435 969 vero
2458 916 2689 971 crimine
2717 918 2834 985 ipsa
2862 930 3080 986 quoque
3105 926 3296 972 natura
3325 916 3551 971 abhor-'

1942 1011 2046 1060 ret.
2076 1004 2197 1059 Non
2234 1005 2395 1077 igitur
2416 1006 2672 1065 Tarasius
2704 1017 2799 1063 aut
2832 1007 3171 1079 Nicephorus
3196 1009 3254 1063 in
3310 996 3536 1063 crimen.

1944 1096 2272 1165 adducendi,
2321 1100 2414 1169 qui
2463 1101 2628 1155 vitam
2660 1100 2863 1156 throno
2906 1102 3071 1157 etiam
3108 1110 3237 1157 ante
3281 1101 3530 1155 habitum

1944 1188 2295 1256 praebuerant
2319 1190 2559 1261 dignam.
2584 1190 2773 1261 Neque
2802 1189 3127 1247 Ambrosius
3148 1192 3290 1247 male
3317 1193 3530 1257 audiat,

1943 1282 2192 1351 quinimo
2228 1282 2438 1339 Latinis
2468 1284 2576 1356 (sat
2618 1287 2755 1357 scio)
2785 1287 3013 1343 incutiet
3065 1288 3373 1357 pudorem;
3421 1288 3531 1343 nisi

1944 1373 2083 1429 forte
2114 1374 2253 1429 alius
2281 1376 2588 1431 emt-iretur
2616 1375 2958 1445 Ambrosius,
2999 1378 3331 1444 Latinitatis,
3363 1379 3534 1435 decus

1943 1465 2144 1535 quique
2166 1466 2355 1523 Latino
2376 1482 2628 1524 sermone
2664 1469 2852 1540 multa,
2884 1485 3055 1541 eaque
3071 1470 3358 1525 utilissima
3400 1473 3535 1525 scri-

1943 1557 2073 1625 psit.
2102 1558 2215 1613 Nec
2238 1574 2368 1614 vero
2387 1558 2673 1617 Nectarius
2695 1562 2750 1616 in
2778 1563 3261 1632 reprehensionem
3307 1564 3531 1630 incidet,

1944 1648 2034 1704 cui
2066 1651 2304 1721 synodus
2356 1652 2681 1709 universalis
2708 1654 3054 1710 conﬁrmavit
3089 1656 3330 1727 episcopi
3354 1656 3525 1728 digni-

1945 1749 2110 1795 tatem
2139 1757 2153 1806 ;
2190 1742 2385 1813 cuique
2419 1744 2462 1799 si
2493 1743 2615 1814 quis
2645 1746 2952 1802 obtrectare
2975 1756 3227 1813 conatur,
3255 1764 3365 1803 non
3380 1764 3531 1816 eum,

202 1880 210 1888 .
262 1831 374 1903 κὴν
410 1827 682 1900 κυροῦσαν
707 1828 857 1899 αὐτῷ
887 1831 985 1899 τῆς
1006 1828 1313 1896 ἐπισκοπῆς
1342 1827 1405 1880 τδ
1438 1825 1675 1897 ἀξίωμα,
1706 1828 1766 1881 ὃν
1794 1826 1849 1879 εῐ

1954 1833 2038 1888 sed
2069 1835 2334 1904 synodum
2363 1836 2549 1905 potius
2575 1837 2630 1891 in
2661 1838 2752 1908 jus
2788 1848 2968 1894 vocat.
2998 1838 3067 1895 Et
3092 1840 3316 1909 quidem
3341 1856 3532 1897 eorum

207 1927 224 1987 1
261 1939 355 1987 τις
399 1919 713 1992 ἐνδιασῦραι
749 1919 1082 1991 πειράσοιτο,
1111 1919 1212 1972 οὐκ
1256 1918 1440 1981 αὑτὸν,
1469 1918 1605 1971 ἀλλὰ
1643 1919 1741 1989 τήν
1783 1935 1845 1986 γε

210 2004 222 2046 ⁷
264 2011 493 2065 σύνοδον
545 2009 650 2062 ὑπὸ
724 2007 881 2079 δίκην
930 2005 1131 2077 μᾶλλον
1204 2008 1369 2069 ποιεῖ,
1409 2005 1589 2058 καίτοι
1642 2004 1849 2058 τούτων

210 2156 213 2159 ,
262 2102 535 2172 ἑκάτερος
573 2100 673 2153 ούκ
719 2101 785 2152 ἐκ
811 2097 1001 2152 λαῖκοῦ
1052 2097 1214 2169 μόνον
1256 2097 1349 2149 ἐπὶ
1371 2095 1471 2167 τὴν
1516 2094 1613 2165 τῆς
1660 2096 1852 2165 ἀρχιε-

266 2190 526 2264 ρωσύνης
567 2188 804 2262 προῆλθε
835 2188 1138 2255 τελείωσιν,
1178 2185 1314 2242 ἀλλὰ
1350 2188 1453 2241 κάν
1503 2188 1613 2250 τοῖς
1667 2186 1853 2256 ἀμυή-

208 2265 220 2275 .
266 2301 387 2347 τοις
427 2280 804 2351 ἐξεταζόμενοι
843 2278 978 2351 ὁμοῦ
1012 2295 1072 2332 τε
1126 2280 1223 2348 τῆς
1252 2279 1460 2349 δωρεᾶς
1501 2276 1596 2329 τοῦ
1656 2276 1852 2346 βαπτί-

277 2390 493 2444 σματος
530 2414 545 2438 ,
576 2370 695 2424 καὶ.
752 2371 848 2440 τῆς
909 2368 1303 2439 ἀρχιερατικῆς
1360 2367 1672 2438 ἠξιώθησαν
1703 2368 1854 2438 χάρι-

268 2476 384 2529 τος.
415 2466 475 2518 Εἰ
508 2465 563 2516 δὲ
596 2462 801 2517 τούτων
849 2461 1150 2531 οὐδέτερον,
1190 2461 1362 2523 οὐδεὶς
1409 2459 1475 2512 ἂν
1512 2461 1569 2512 ἐν
1603 2458 1855 2522 εὐθύναις

289 2556 608 2625 λογίζεσθαι
657 2552 851 2623 τολμᾷ,
896 2550 1005 2604 οὐδ’
1060 2552 1110 2604 εί
1142 2551 1317 2603 πάντα
1358 2549 1562 2621 θρασὺς
1594 2551 1700 2620 εἴη,
1734 2548 1856 2601 οὐδὲ

271 2648 549 2719 Ταράσιον
590 2645 681 2699 τὸν
726 2644 994 2714 ἡμέτερον
1020 2642 1362 2711 πατρόθειον,
1398 2643 1459 2695 ού
1492 2641 1548 2693 δέ
1580 2658 1644 2709 γε
1681 2641 1856 2711 Νικη-

276 2743 447 2813 φόρον
472 2739 562 2793 τὸν
608 2739 702 2791 καὶ
724 2737 818 2790 τοῦ
852 2736 1040 2804 γένους
1085 2735 1182 2789 καὶ
1224 2736 1317 2787 τοῦ
1356 2733 1568 2806 θρόνου,
1596 2735 1690 2787 καὶ
1748 2733 1857 2787 τῶν

1945 1934 2174 1996 uterque
2202 1942 2311 1983 non
2342 1944 2374 1983 e
2397 1929 2538 1985 laico
2559 1930 2734 1985 solum
2756 1932 2823 1987 ad
2842 1932 3186 2003 episcopatus
3204 1948 3529 2005 progressus

1947 2022 2032 2069 est
2061 2018 2616 2084 consummationem,
2654 2020 2751 2075 sed
2780 2036 2902 2076 cum
2935 2022 3176 2078 nondum
3218 2033 3403 2079 essent
3426 2024 3533 2077 ini-

1948 2102 2091 2168 tiati,
2139 2103 2300 2158 simul
2328 2112 2385 2159 et
2422 2105 2768 2175 baptismatis
2811 2124 3011 2165 munus
3038 2109 3121 2183 _ad
3161 2112 3532 2183 pontiﬁcalem

1950 2194 2177 2265 gratiam
2202 2206 2541 2251 meruerunt.
2574 2197 2727 2264 Quod
2776 2199 2823 2255 si
2871 2201 3065 2257 horum
3096 2213 3352 2258 neutrum
3380 2205 3532 2274 quis-

1949 2298 2111 2352 quam
2173 2286 2240 2340 ad
2285 2287 2622 2344 reddendam
2678 2291 2947 2346 rationem
3004 2308 3287 2349 accersere
3347 2295 3533 2359 audet,

1950 2374 2116 2429 etiam
2166 2378 2322 2433 valde
2349 2379 2649 2447 conﬁdens,
2681 2397 2791 2437 non
2825 2380 3109 2437 Tarasium
3166 2384 3388 2453 quidem
3432 2401 3533 2439 no-

1954 2474 2132 2521 strum
2151 2471 2603 2537 proavunculum,
2622 2487 2726 2527 nec
2739 2473 3105 2543 Nicephorum
3123 2474 3267 2530 illius
3289 2482 3345 2530 et
3365 2491 3535 2547 gene-

1953 2558 2031 2612 ris
2050 2568 2104 2613 et
2137 2560 2282 2615 sedis
2314 2571 2369 2615 et
2388 2578 2600 2617 morum
2637 2565 2860 2635 dignum
2888 2579 3282 2622 successorem.
3303 2569 3536 2623 Praetera

1953 2649 2112 2704 mitto
2149 2650 2200 2704 in
2230 2668 2471 2721 praesens
2493 2664 2546 2708 et
2574 2656 2835 2726 Theologi
2868 2665 3152 2726 parentem
3193 2658 3536 2729 Gregorium,

1952 2746 2007 2793 et
2026 2739 2286 2795 Caesarea:
2307 2742 2673 2811 Thalassium,
2692 2747 3081 2816 etpontiﬁcum
3105 2747 3267 2802 vitam
3295 2749 3534 2818 reliquo-

275 2835 501 2904 τρόπων
529 2832 694 2898 ἀξίως
740 2830 1010 2901 διάδοχον.
1053 2828 1157 2882 Ἐῶ
1185 2827 1241 2881 δὲ
1272 2827 1438 2881 τανῦν
1481 2827 1573 2880 τὸν
1596 2826 1691 2880 τοῦ
1722 2826 1850 2879 Θεοο

275 2927 441 2996 λόγου
496 2926 832 2997 Γρηγόριον,
868 2924 964 2975 καὶ
1009 2921 1103 2974 τὸν
1150 2919 1487 2991 Καισαρείας
1533 2918 1855 2979 Θαλάσσιον,

1952 2844 2093 2891 rum.
2120 2833 2210 2901 qui
2244 2834 2517 2889 consimili
2540 2836 2732 2891 ordine
2754 2846 2812 2891 et
2835 2837 2942 2891 ritu
2966 2848 3224 2909 suscepto
3243 2840 3538 2908 praesulatu

1954 2920 2348 2988 Ecclesiarum,
2375 2923 2524 2977 omni
2557 2924 2956 2995 vituperatione
2981 2934 3039 2981 et
3054 2926 3331 2981 calumnia
3348 2941 3538 2982 carue-

276 3021 378 3072 καὶ
404 3018 514 3070 τῶν
552 3016 753 3068 λοιπῶν
806 3013 1108 3086 ἀρχιερέων
1160 3012 1252 3065 τὸν
1281 3012 1487 3075 θίασον,
1512 3008 1561 3062 οἳ
1594 3010 1737 3062 κατά
1757 3010 1856 3079 τὴν
1956 3021 2110 3066 runt.
2460 3048 2465 3053 .
3058 3004 3068 3013 '

274 3113 476 3182 ὁμοίαν
503 3112 657 3175 τάξιν
673 3126 732 3162 τε
769 3109 859 3161 καὶ
878 3105 1195 3163 ἀκολουθίαν
1222 3104 1321 3166 τὰς
1370 3102 1478 3157 τῶν
1518 3101 1857 3173 Ἐκκλησιῶν
1887 3105 2225 3173 προστασίας
2285 3106 2679 3179 ἀναδεξάμενοι
2732 3108 2934 3173 παντὸς
2980 3108 3151 3179 ψόγου
3176 3111 3271 3163 καὶ
3288 3109 3539 3181 διαϐολῆς

278 3210 504 3278 ἀπάσης
528 3204 808 3277 κρείττους
834 3200 1099 3270 ἐγένοντο.

367 3296 530 3351 Ἀλλὰ
554 3294 724 3349 ταῦτα
755 3291 851 3362 μὲν
897 3290 1039 3361 ὑπὲρ
1070 3283 1145 3342 ῶν
1186 3285 1464 3357 προσῆκον
1496 3280 1575 3356 ,ἦν
1620 3284 1852 3356 ῥηθῆναι

2026 3285 2201 3355 Atque
2249 3286 2365 3341 haec
2403 3301 2502 3357 pro
2544 3287 2741 3357 quibus
2769 3287 2874 3341 dici
2912 3288 3273 3344 conveniebat
3325 3327 3343 3353 ,
3395 3289 3543 3345 dicta

277 3392 382 3444 καὶ
412 3390 650 3459 εἴρηται.
683 3380 1030 3454 ’Υπέρήμῶν
1075 3379 1133 3432 δέ
1165 3379 1222 3432 ἓν
1250 3379 1483 3447 εἴρηται,
1519 3376 1614 3430 καὶ
1643 3377 1853 3447 είρήσε-

1959 3373 2090 3430 sint.
2121 3376 2194 3429 De
2219 3375 2379 3429 nobis
2412 3385 2595 3429 autem
2636 3391 2805 3431 unum
2837 3377 3044 3431 dictum
3072 3387 3179 3445 est,
3212 3393 3277 3433 ac
3303 3379 3538 3433 dicetur.

276 3496 399 3543 ται,
427 3476 503 3536 ῶς
529 3474 749 3534 άκοντες
781 3472 875 3524 καὶ
898 3468 1252 3539 είσήχθημεν,
1287 3468 1381 3520 καὶ
1411 3468 1574 3537 μέχρι
1622 3464 1717 3517 τοῦ
1764 3464 1853 3518 νῦν

1960 3464 2119 3521 lnviti
2150 3468 2259 3521 huc
2285 3466 2504 3522 adducti
2535 3483 2725 3523 sumus
2751 3486 2765 3523 :
2797 3484 2971 3539 usque
3002 3470 3180 3525 adhuc
3211 3470 3538 3534 retinentur,

274 3573 364 3634 ὡς
401 3566 756 3637 κατεχόμενοι
806 3561 1172 3632 καθεζόμεθα.
1221 3561 1307 3613 Ἐν
1339 3560 1472 3612 πᾶσι
1504 3559 1559 3611 δὲ
1595 3559 1654 3610 τὸ
1701 3557 1853 3609 πειθ-

1958 3566 2015 3613 et
2040 3557 2312 3612 sedemus.
2355 3557 2797 3615 Demonstrantes
2819 3568 3000 3613 autem
3032 3574 3133 3614 nos
3161 3559 3541 3630 obtemperare
3560 3602 3579 3619 ρ

279 3664 438 3733 ήνιον
477 3661 544 3730 τῇ
578 3657 817 3726 πατρικῇ
858 3652 1009 3724 ὑμῶν
1038 3651 1433 3714 ἐπιδεικνύντες
1457 3652 1665 3722 ἀγάπῃ,
1695 3649 1774 3701 ἔτι
1800 3649 1853 3701 δὲ

1957 3656 2203 3717 paternae
2254 3656 2450 3702 vestrae
2498 3646 2773 3713 charitati,
2818 3657 3112 3716 aperteque
3164 3647 3541 3703 ostendentes.

279 3754 477 3826 σαφῶς
491 3752 862 3824 παριστῶντες
882 3748 958 3819 μὴ
985 3748 1315 3817 φιλονεικίας
1329 3746 1489 3819 χάριν
1507 3749 1574 3800 τὰ
1601 3746 1853 3815 ῥηθέντα,

277 3848 381 3916 τῆς
400 3844 578 3897 δὲτῶν
603 3840 889 3914 μακαρίων
914 3840 1215 3910 Πατέρωνὴ
1226 3839 1343 3911 μῶν
1389 3838 1689 3901 άθωώσεως
1717 3839 1859 3909 εἰρῆ-

283 3937 413 3989 σθαι
440 3933 729 3995 συνοδικῶς
750 3931 1130 4001 ἐκφωνηθῆναι
1150 3930 1638 4003 συνευδοκήσαμεν,
1662 3932 1861 4002 μηκέτι

282 4026 380 4081 τοῦ
398 4020 588 4079 λοιποῦ
628 4025 764 4095 πρὸς
790 4024 853 4077 τὸ
880 4022 979 4093 τῆς
1006 4024 1308 4093 ἐπισκοπῆς
1337 4021 1469 4093 ὕψος
1511 4023 1720 4093 ἀθρόως
1764 4024 1861 4076 ἀν-

282 4117 525 4187 άγεσθαι
564 4117 690 4179 τοὺς
730 4117 794 4169 ἐκ
832 4114 1055 4178 λαῖκῶν,
1083 4115 1116 4185 ἢ
1147 4114 1394 4184 μοναχῶν
1438 4114 1861 4186 ψηφιζομένους,

280 4213 336 4263 εἰ
357 4209 436 4281 μὴ
456 4208 542 4261 διὰ
572 4208 679 4261 τῶν
707 4205 906 4277 ἐφεξῆς
940 4207 1228 4278 ίερατικῶν
1260 4207 1481 4277 βαθμῶν
1497 4207 1858 4262 διοδεύσωσιν.

296 4290 391 4348 Ἐν
408 4290 487 4358 οἷς
515 4294 623 4365 γὰρ
654 4294 949 4347 σκανδάλου
970 4295 1123 4356 νόσος
1140 4298 1252 4359 τοῖς
1277 4296 1524 4364 ἀδελφοῖς
1548 4296 1859 4366 ἐπιφύεται,

1960 3752 2072 3793 non
2122 3738 2493 3794 contentionis
2519 3754 2681 3794 causa
2714 3739 2829 3794 haec
2852 3740 2994 3795 dicta
3035 3755 3174 3805 esse,
3208 3739 3303 3795 sed
3357 3740 3542 3795 beato-

1963 3845 2084 3885 rum
2114 3840 2429 3885 nostrorum
2456 3829 2676 3884 Patrum
2707 3830 3080 3901 purgationis:
3112 3830 3321 3885 assensi
3351 3845 3542 3885 sumus

1964 3930 2027 3976 ut
2054 3922 2314 3992 synodice
2344 3922 2420 3993 (4)
2474 3922 2937 3993 promulgaretur,
2964 3938 3032 3977 ne
3063 3923 3291 3993 posthac
3314 3922 3381 3978 ad
3426 3924 3542 3995 epi-

1966 4025 2227 4086 scopatus
2270 4015 2664 4071 sublimitatem
2691 4016 2980 4072 confestim
3009 4017 3420 4085 extollerentur,
3446 4035 3541 4089 qut

1967 4124 1999 4165 e
2026 4109 2179 4165 laicis
2233 4109 2317 4165 vel
2357 4108 2640 4165 monachis
2686 4118 3028 4173 crearentur,
3059 4109 3167 4163 nisi
3213 4124 3309 4179 per
3356 4124 3543 4165 sacros

1966 4199 2225 4269 deinceps
2279 4200 2478 4270 gradus
2506 4198 2884 4270 procederent.
2920 4198 3053 4252 Nam
3084 4198 3174 4253 ubi
3226 4197 3543 4255 oﬂ'ensioms

1966 4291 2191 4344 morbus
2239 4288 2493 4345 Patribus
2522 4290 2783 4355 exoritur,
2813 4289 2917 4343 nisi
2956 4289 3097 4343 forte
3131 4290 3398 4346 medicina
3444 4290 3541 4344 ltu-

285 4388 359 4441 av
385 4387 461 4456 μὴ
492 4387 633 4456 μέγα
668 4386 877 4457 βλάπτῃ
909 4386 970 4438 τὸ
1001 4387 1276 4451 ἰάσασθαι,
1311 4389 1433 4442 ἐπεὶ
1465 4390 1558 4442 καὶ
1572 4389 1736 4457 ἄφετε
1766 4390 1853 4442 αύ-

1965 4383 2057 4437 dat
2088 4382 2544 4453 (quandoquidem
2585 4382 2877 4437 nonnullos
2927 4381 3057 4435 vitio
3091 4397 3191 4438 suo
3218 4381 3417 4436 oﬁ‘endi
3444 4398 3541 4436 su-

285 4479 442 4540 τοὺς,
461 4476 816 4546 ἐδιδάχθημεν
835 4473 1472 4538 σκανδαλίζεσθαι.”οταν
1492 4476 1633 4538 τινὲς
1648 4475 1864 4538 ἑκόντες

284 4568 370 4639 τῷ
426 4567 607 4638 φθόνῳ
650 4566 1057 4636 τυφλώττωσιν,
1106 4566 1312 4636 ἕτοιμοι
1365 4566 1513 4620 λύειν
1550 4568 1711 4637 ἡμεῖς
1767 4566 1863 4620 τοῦ

284 4658 595 4713 σκανδάλου
628 4658 729 4729 τὴν
779 4658 1075 4728 πρόφασιν,
1117 4657 1208 4710 καὶ
1240 4658 1444 4728 ῥᾴστην
1495 4657 1758 4728 παρέχειν
1797 4661 1862 4729 τῇ

286 4751 584 4821 ἀφαιρέσει
628 4750 722 4804 τοῦ
778 4750 1261 4821 συνταράσσοντος,
1296 4750 1393 4821 τὴν
1438 4750 1734 4821 θεραπείαν
1770 4752 1864 4805 τοῦ

284 4840 550 4911 άρῤωστή
561 4856 753 4910 ματος.
776 4839 851 4892 Τὸ
887 4840 984 4907 μὲν
1011 4834 1103 4891 οὖν
1137 4838 1353 4892 ἐπὶτῶν
1375 4841 1864 4911 προγεγενημένων

286 4932 661 5001 ἀποδέχεσθαι
688 4932 786 5001 τὴν
818 4930 1147 5003 συμϐουλὴν,
1180 4934 1273 4985 καὶ
1302 4932 1394 4985 τὸν
1424 4933 1554 5003 παρ’
1603 4934 1730 5002 ὑμῖν
1769 4951 1868 4986 κα-

286 5022 422 5075 νόνα
472 5023 696 5092 κρατεῖν
727 5021 929 5087 ἀξιοῦν,
966 5022 1108 5075 κατά
1167 5023 1428 5093 Πατὲρων
1471 5019 1538 5094 ἦν
1564 5023 1664 5093 τὴν
1713 5024 1867 5096 ὓϐριν

284 5118 643 5185 ἀναμετρείν,
676 5114 771 5166 καὶ
800 5114 926 5177 τοὺς
953 5113 1117 5184 μηδὲν
1145 5113 1474 5184 ἠδικηκότας
1507 5114 1663 5184 δίκην
1689 5115 1859 5166 ἀπαι-

285 5208 405 5260 τεῖν
434 5223 450 5237 ο
475 5206 600 5259 τόδ⁴
620 5207 701 5269 είς
742 5206 868 5268 τοὺς
904 5205 1095 5260 ἔπειτα
1128 5206 1526 5277 γενησομένους
1560 5208 1860 5276 συγχωρεῖν

288 5296 387 5350 καὶ
453 5297 845 5366 παραπέμπειν
894 5296 1071 5367 κρίσει
1112 5294 1341 5359 πολλῶν,
1401 5293 1525 5347 οὗτε
1585 5295 1860 5363 Πατράσιν

290 5384 454 5457 ὕϐριν
481 5389 723 5457 ἐμποιεῖ,
747 5385 875 5439 οὔτε
904 5389 1094 5456 ποινὴν
1132 5386 1335 5451 ἄδικον,
1361 5386 1477 5439 ἀλλ’
1502 5386 1621 5438 ούδέ
1656 5385 1861 5456 ζημίαν

286 5479 490 5545 ἐπάγει
546 5479 681 5532 τισί.
714 5482 805 5532 Δεῖ
848 5479 955 5549 γὰρ
997 5478 1067 5531 τὰ
1120 5477 1365 5539 τεθένταὶ
1393 5478 1706 5546 φυλάσσειν,
1767 5477 1860 5529 καὶ

286 5572 532 5650 πατράσι
555 5572 724 5625 τέκνα
751 5571 955 5625 δίκαιόν
985 5589 1043 5623 τε
1074 5571 1164 5623 καὶ
1201 5571 1345 5623 ὅσιον
1385 5569 1723 5640 πειθαρχεῖν.

1963 4489 2084 4527 mus
2110 4473 2309 4539 edocti,
2336 4488 2458 4527 cum
2490 4481 2685 4542 sponte
2713 4480 2935 4541 propter
2963 4472 3223 4525 invidiam
3245 4472 3540 4526 caecutiunt

1960 4566 2135 4635 parati
2163 4580 2352 4620 sumus
2375 4564 2714 4619 occasionem
2746 4563 2932 4617 tollere
2955 4562 3273 4617 olfensionis
3301 4572 3353 4617 et
3376 4578 3539 4616 scau-

1960 4656 2087 4721 dali,
2120 4656 2537 4725 facillimamque
2563 4657 2825 4724 praebere,
2858 4655 3070 4710 sublato
3100 4670 3165 4709 eo
3182 4654 3324 4724 quod
3356 4655 3542 4709 turba-

1962 4748 2074 4810 bat,
2100 4746 2437 4815 aegritudinis
2475 4762 2682 4800 curam.
2730 4745 3094 4811 Quamobrem
3121 4745 3187 4800 de
3211 4746 3373 4799 rebus
3401 4762 3539 4816 pra-

1964 4838 2143 4892 teritis
2171 4838 2462 4892 consilium
2503 4838 2771 4907 accipere,
2808 4846 2864 4892 et
2901 4836 3177 4906 postulare
3214 4843 3361 4890 utea
3417 4853 3540 4906 quae

1965 4930 2105 5000 apud
2141 4945 2239 4985 vos
2285 4940 2390 4994 est,
2424 4931 2611 5001 regula
2655 4938 2858 4995 teneat,
2898 4927 3151 4982 Patribus
3196 4936 3313 4982 erat
3344 4937 3544 4983 contu--

1964 5023 2187 5077 meliam
2238 5022 2510 5087 admetiri,
2562 5023 2716 5076 etab
2747 5021 2812 5074 iis
2840 5019 2934 5089 qui
2983 5019 3118 5074 nihil
3159 5019 3539 5089 deliquissent,

1968 5129 2157 5185 pmnas
2179 5123 2450 5184 expetere.
2484 5114 2542 5166 in
2586 5121 2858 5183 posterum
2888 5126 3017 5165 vero
3048 5110 3100 5165 id
3133 5112 3456 5177 concedere,
3489 5123 3543 5166 et

1967 5207 2283 5277 permittere
2311 5206 2601 5260 multorum
2624 5204 2830 5275 judicio
2860 5219 2961 5258 nec
2980 5202 3231 5259 Patribus
3258 5214 3543 5259 contume-

1966 5299 2094 5352 liam
2147 5297 2323 5363 aﬁ‘ert,
2356 5313 2457 5353 nec
2492 5298 2741 5367 cuiquam
2793 5311 3009 5365 poenam
3047 5296 3328 5366 injustam,
3373 5312 3435 5350 ac
3475 5313 3544 5349 uc

1966 5391 2222 5446 damnum
2245 5392 2461 5460 quidem
2480 5390 2699 5461 irrogat.
2746 5388 2877 5455 Qua:
2900 5389 3045 5443 enim
3069 5388 3363 5443 constituta
3393 5402 3559 5463 sum,

1966 5481 2239 5535 custodire
2277 5488 2531 5551 oportet;
2572 5489 2627 5535 et
2650 5479 2896 5551 patribus
2929 5478 3069 5533 ﬁlios
3119 5480 3209 5551 jus
3237 5477 3423 5548 fasque
3461 5482 3543 5531 est

1966 5570 2211 5625 obedire.

1848 5689 2081 5745 NOTIE.

320 5764 333 5781 ”
357 5785 438 5857 (4)
477 5784 610 5841 Can.
642 5784 729 5851 l7,
757 5784 1017 5854 repetitus
1045 5786 1101 5841 in
1132 5795 1322 5842 octava
1348 5786 1553 5856 synodo
1580 5785 1838 5840 Photiana
1878 5785 2103 5840 inferius
2123 5784 2223 5840 sub
2244 5783 2404 5842 Joan.
2434 5800 2560 5857 pap.
2596 5796 2788 5844 octavo
2817 5786 3022 5843 habita.
