3964 6474
1634 223 1726 252 Μ’.
1749 226 1807 247 ειι-
1847 225 1878 242 ἶ·

503 339 604 405 611

1700 334 1968 397 ΡΗΟΤΙΙ
2005 335 2513 400 PATRIARCHIE
2546 337 2656 401 CP.

3649 342 3744 412 612

566 448 778 506 Idcirco
807 447 1042 503 alterum
1066 444 1288 517 quidem
1311 458 1425 500 non
1442 443 1779 515 accepimus,
1805 444 1902 500 sed
1929 459 2097 516 repu-

2269 447 2362 500 Διὸ
2387 447 2450 500 τὸ
2475 449 2574 518 μὲν
2597 447 2658 500 ού
2681 443 3101 517 προσηκάμεθα,
3129 441 3242 500 ἀλλ’
3263 443 3742 521 ἀπεδοκιμάσαμεν,

498 544 688 608 limus,
713 549 770 597 et
789 540 912 595 aliis
933 548 995 596 ut
1018 537 1361 609 repellerent
1389 576 1406 602 ,
1448 536 1743 603 suasimus,
1777 547 1942 608 atque
1968 553 2098 593 sua-

500 636 752 690 debimus
778 650 793 699 ;
826 633 1056 688 alterum
1073 645 1205 687 vero
1235 639 1293 685 et
1338 630 1656 698 ascivimus,
1689 639 1747 685 et
1764 630 2098 699 synodaliter

501 728 733 799 egimus.
767 728 942 796 Atque
965 725 1172 778 utinam
1231 723 1453 794 pridem
1485 722 2094 794 Constantinopolitano
2125 717 2130 730 '

503 819 745 875 Ecclesia
765 818 1005 888 regulam
1034 815 1178 871 hanc
1206 826 1482 871 servasset
1509 817 1522 870 !
1550 815 1642 871 Sic
1664 814 1810 870 enim
1863 815 2096 870 fortasse

502 911 861 967 intolerabilis
889 909 1188 975 violentiae,
1223 919 1279 964 et
1327 907 1672 963 influentium
1701 908 1756 962 in
1798 922 1885 963 me
1911 907 2096 978 oppri-

503 1005 880 1073 mentiumque
932 1001 1411 1058 incommodorum
1478 1001 1695 1055 turbam
1755 997 2092 1070 effugissem.

505 1097 707 1151 Verum
735 1095 859 1150 aliis
887 1094 1108 1164 quidem
1145 1093 1216 1148 ob
1253 1093 1485 1148 salutem
1527 1102 1583 1146 et
1613 1107 1868 1146 curarum
1893 1091 2094 1146 libera-

503 1192 708 1246 tionem
730 1189 914 1260 regula
946 1203 1010 1242 ea
1038 1186 1239 1257 scripta
1265 1195 1348 1242 est
1379 1204 1392 1240 :
1418 1185 1553 1241 mihi
1580 1199 1712 1241 vero
1738 1184 1918 1240 crebri
1946 1184 2096 1239 labo-

502 1298 649 1350 rum,
671 1282 1166 1353 aagritudinumque
1195 1279 1434 1335 inlluxus
1461 1294 1582 1348 quae
1603 1277 1874 1342 liberatio,
1905 1291 2094 1347 quaeve

501 1376 646 1432 ratio
682 1385 738 1430 et
761 1375 848 1429 via
879 1373 1111 1428 inveniri
1150 1372 1396 1444 poterit?
1427 1370 1584 1437 Quod
1615 1370 1901 1425 instabiles
1921 1369 2092 1424 stabi-

501 1467 606 1523 lire
650 1475 922 1537 oporteat,
955 1466 1174 1537 ignaros
1216 1464 1469 1528 edocere,
1503 1462 1807 1518 ineruditos
1852 1461 2091 1527 erudire,

504 1566 560 1614 et
588 1558 798 1613 ratione
843 1571 909 1612 ac
941 1572 1196 1612 sermone
1250 1571 1346 1611 eos
1383 1553 1620 1626 agg‘redi,
1657 1553 1749 1624 qui
1781 1569 1924 1625 aegre
1958 1569 2091 1609 con-

502 1657 817 1714 vertuntur,
864 1657 920 1702 et
950 1647 1130 1718 flagris
1159 1655 1445 1717 protervos
1489 1645 1808 1716 reprimere,
1869 1645 2091 1716 ignavos

504 1741 769 1806 excitare,
798 1739 981 1795 avaris
1022 1738 1355 1810 persuadere
1384 1737 1744 1809 pecuniarum
1783 1736 2093 1806 despicien-

505 1834 661 1900 tiam,
698 1841 865 1903 atque
915 1847 1218 1902 pauperum
1271 1846 1557 1899 amorem;
1608 1829 1886 1885 refrenare
1921 1828 2095 1884 ambi-

506 1927 699 1993 tiosos,
752 1925 938 1995 itaque
994 1923 1361 1991 assuefacere,
1411 1933 1473 1977 ut
1518 1923 1784 1979 honorem
1835 1929 2096 1992 expetant

506 2020 601 2091 qui
629 2017 1113 2083 honorabiliorem,
1139 2017 1575 2086 divinioremque
1599 2015 1837 2070 animam
1863 2013 2092 2078 efﬁciat;

505 2110 771 2181 superbos
818 2108 1076 2165 deorsum
1131 2107 1373 2174 trahere,
1405 2121 1609 2178 eosque
1662 2106 1730 2161 ad
1773 2106 2096 2161 modestiam

506 2201 740 2269 hortari,
774 2211 832 2256 et
861 2201 931 2256 ad
966 2200 1183 2256 modice
1215 2201 1282 2255 de
1313 2215 1372 2255 se
1415 2198 1763 2254 sentiendum
1792 2215 1807 2264 ;
1851 2198 2097 2268 impuros

503 2311 570 2352 ac
598 2294 918 2350 libidinosas
944 2301 1002 2347 et
1021 2292 1346 2347 fornicarios
1376 2291 1762 2362 comprimere,
1778 2298 1834 2345 et
1862 2290 1931 2345 ad
1957 2297 2096 2344 tem-

504 2386 811 2460 perantiam
857 2384 1248 2452 conformare;
1286 2384 1587 2455 prohibere
1620 2382 1872 2454 injurias,
1915 2381 2096 2436 homi-

505 2495 715 2550 nesque
739 2478 807 2534 ad
829 2479 978 2550 juste
1006 2478 1280 2548 agendum
1307 2476 1620 2543 adducere;
1668 2475 1841 2530 lenire
1863 2483 1917 2530 et
1941 2489 2098 2527 man-

504 2575 790 2628 suefacere
841 2571 1157 2632 iracundos,
1192 2568 1572 2640 pusillanimes
1593 2565 1898 2632 consolari;
1929 2580 1994 2620 ac
2027 2579 2099 2619 ne

503 2679 704 2720 caetera
746 2663 1026 2734 sigillatim
1053 2675 1398 2726 enumerem,
1427 2659 1708 2716 consuetis
1750 2657 2100 2729 passionibus

504 2766 563 2813 et
589 2755 938 2826 improbitate
971 2761 1027 2809 et
1061 2752 1305 2823 nequitia
1343 2768 1466 2822 quae
1499 2759 1616 2805 tum
1654 2751 1868 2804 animas
1893 2749 1949 2804 in
1977 2763 2098 2804 ser-

504 2849 739 2903 vitutem
795 2845 1073 2916 redigunt,
1105 2854 1219 2898 tum
1263 2858 1492 2914 corpora
1537 2841 1838 2906 sordidant,
1881 2839 2101 2896 studere

504 2937 597 2992 vel
642 2937 841 2991 invitos
896 2951 992 2990 eos
1048 2935 1281 2990 liberare
1320 2935 1414 3004 qui
1464 2935 1532 2989 iis
1592 2941 1870 3001 tenentur,
1897 2945 2100 3004 eosque

505 3029 730 3086 Christo
761 3043 919 3084 veros
943 3029 1176 3082 famulos
1221 3027 1440 3082 offerre.
1471 3027 1540 3082 Et
1573 3043 1680 3098 qua
1712 3029 1921 3083 ratione
1947 3027 2102 3098 quis-

2199 540 2296 593 καὶ
2327 542 2438 602 τοῖς
2463 538 2646 603 ἄλλοις
2683 537 3109 609 ἀποδοκιμάζειν
3165 537 3652 611 συνεϐουλεύσαμέν
3691 563 3746 602 τι

2199 631 2295 686 καὶ
2332 630 2832 702 συμϐουλεύσομεν.
2872 629 2950 683 Τὸ
2975 629 3034 684 δὲ
3060 629 3158 684 καὶ
3192 633 3744 704 προσῳκειωσάμεθα,

2198 726 2295 780 καὶ
2349 723 2644 788 συνοδικῶς
2695 722 3150 795 διεπραξάμεθα,
3199 721 3296 776 καὶ
3349 723 3463 778 eme
3516 726 3676 784 πάλαι
3714 733 3750 805 ιιι

2197 815 2851 871 Κωνσταντινουπολι-τῶν
2889 813 3192 884 Ἐκκλησία
3220 813 3316 870 τὸν
3341 816 3544 872 κανόνα
3580 818 3752 880 τοῦτα

2197 911 2542 980 φυλάττουσα
2566 910 2940 978 κατεφαίνετο.
2977 906 3134 962 Οὕτω
3157 907 3266 980 γὰρ
3291 907 3359 963 ἂν
3384 909 3513 974 ῖσως
3539 911 3644 982 ἐγὼ
3661 916 3750 987 τῆς

2196 1000 2472 1070 ἀφορήτου
2517 998 2671 1069 βίας,
2704 999 2799 1052 καὶ
2831 997 2939 1051 τῶν
2970 996 3338 1068 ἐπιρρεόντων
3370 1013 3461 1068 μοι
3493 1000 3586 1052 καὶ
3628 1019 3751 1074 συμ-

2197 1094 2502 1162 πνιγόντων
2549 1094 2918 1165 πειρατηρίων
2957 1091 3050 1146 τὸν
3092 1091 3248 1162 ὄχλον
3301 1091 3580 1164 ἐξέφυγον.
3625 1098 3752 1154 Ἀλλ’

2196 1187 2406 1258 ἑτέροις
2453 1188 2552 1258 μὲν
2591 1188 2684 1240 ἐπὶ
2732 1185 2974 1258 σωτηρίᾳ
3008 1187 3106 1241 καὶ
3152 1187 3444 1260 ἀπαλλαγῇ
3479 1191 3750 1259 φροντίδων

2195 1282 2226 1334 ὀ
2274 1281 2454 1334 κανὼν
2485 1280 2936 1352 ἀναγέγραπται,
2976 1281 3101 1350 ἐμοὶ
3135 1280 3193 1333 δὲ
3231 1281 3332 1350 τῆς
3374 1280 3748 1356 ἀλλεπαλλήλου

2197 1374 2306 1428 τῶν
2347 1374 2526 1428 πόνων
2579 1393 2641 1428 τε
2693 1374 2790 1428 καὶ
2824 1374 3088 1445 καμάτων
3122 1373 3392 1446 ὲπιρῤοῆς
3439 1377 3523 1440 τίς
3556 1381 3748 1454 μηχανὴ

2195 1469 2297 1537 τῆς·
2329 1467 2654 1538 ἀπαλλαγῆς
2675 1467 3068 1540 εὐρεθήσεταις
3096 1467 3224 1532 τοὺς
3252 1467 3613 1540 ἀστηρίκτους
3637 1489 3750 1544 στη.

2201 1559 2382 1630 ρίξαι,
2416 1559 2544 1623 τοὺς
2595 1559 2829 1626 ἀμαθεῖς
2875 1557 3182 1624 ἐκδιδάξαι,
3237 1558 3368 1620 τοὺς
3423 1558 3750 1628 ἀπαιδεύτους

2195 1652 2507 1717 παιδεῦσαι,
2539 1651 2634 1706 καὶ
2654 1651 2732 1720 τῷ
2751 1650 2894 1722 λόγῳ
2920 1650 3237 1719 πειρᾶσθαι,
3268 1649 3320 1702 οἳ
3349 1649 3506 1721 μόλις
3527 1653 3750 1727 ἐπιστρέρ

2199 1765 2388 1817 φονται
2411 1747 2508 1800 καὶ
2537 1747 2658 1809 ταῖς
2684 1743 2905 1816 μάστιξι
2924 1761 2940 1775 ο
2965 1744 3095 1808 τοὺς
3119 1743 3345 1815 θρασεῖς
3377 1743 3620 1810 ἑλκΰσαι,
3644 1747 3749 1810 τοὺς

2201 1838 2499 1911 βλακώδεις
2529 1838 2827 1909 ἀνδρῶσαι,
2858 1837 2986 1900 τοὺς
3014 1834 3390 1908 φιλαργύρους
3423 1839 3606 1891 πεῖσαι
3629 1855 3745 1907 χρη-

2200 1932 2385 2005 μάτων
2439 1932 2838 2003 ὑπερφρονεῖν,
2875 1929 2969 1984 καὶ
3017 1927 3396 2000 φιλοπτώχους
3445 1923 3612 1993 εῖναι,
3641 1931 3746 1996 τοὺς

2197 2025 2516 2097 φιλοτίμους
2556 2022 3036 2094 χαλιναγωγῆσαι,
3067 2020 3164 2075 καὶ
3189 2022 3360 2092 τιμῆς
3393 2021 3525 2090 ὲρᾷν
3561 2019 3746 2088 ἐθίσαι,

2196 2116 2320 2184 ἥτις
2347 2113 2684 2185 τιμιωτέραν
2721 2113 2819 2167 καὶ
2846 2111 3127 2183 θειοτέραν
3154 2109 3338 2183 ψυχὴν
3366 2111 3746 2183 ἀπεργάζεταιο

2196 2209 2325 2272 τοὺς
2371 2207 2758 2278 ὑπερηφάνους
2810 2206 3194 2270 κατασπᾶσαι,
3234 2203 3336 2258 καὶ
3375 2208 3749 2277 μετριοφρονεῖν

2197 2299 2594 2371 παρορμῆσαιο
2650 2298 2779 2361 τοὺς
2831 2295 3267 2368 ὲκπορνεύοντας
3314 2295 3614 2366 ἀνακόψαι,
3671 2297 3749 2351 καὶ

2200 2391 2500 2463 σωφρονεῖν
2545 2390 2909 2461 καταρτίσαι*
2958 2389 3087 2452 τοὺς
3133 2385 3462 2451 ἀδικοῦντας
3501 2386 3746 2455 κωλύσαι,

2199 2480 2298 2534 καὶ
2355 2479 2773 2552 δικαιοπραγεῖν
2834 2478 3293 2550 παρασκευάσαι·
3357 2478 3483 2542 τοὺς
3531 2477 3747 2549 ὀργίλους

2199 2573 2514 2645 ἡμερῶσαι,
2544 2573 2672 2637 τοὺς
2720 2571 3075 2642 ὀλιγοψύχους
3107 2569 3632 2642 παραμυθήσασθαι,
3670 2571 3746 2625 καὶ

2198 2666 2252 2720 τί
2281 2665 2460 2719 δεῖτά
2501 2665 2645 2720 κατὰ
2681 2664 2846 2736 μέρος
2883 2665 3171 2736 ἀριθμεῖν;
3210 2664 3325 2717 τῶν
3359 2663 3563 2734 ὲθίμων
3587 2663 3743 2718 παθῶν

2197 2773 2258 2810 τε
2287 2756 2381 2811 καὶ
2405 2757 2635 2820 κακιῶν,
2677 2756 2713 2811 ἃ
2739 2757 2917 2828 ψυχὰς
2941 2755 3225 2822 ἐδούλωσε,
3246 2757 3343 2809 καὶ
3374 2753 3596 2827 σώματα
3634 2772 3742 2810 κατ·

2200 2845 2511 2919 ερρύπωσε,
2543 2846 2644 2901 καὶ
2676 2846 2922 2901 ἀκόντων
2945 2846 3054 2900 τῶν
3085 2846 3478 2918 κατεχομένων
3531 2845 3742 2900 σπεύδειν

2199 2937 2530 3004 ἀπαλλάξαι,
2570 2937 2667 2991 καὶ
2696 2937 2917 3010 Χριστῷ
2945 2938 3301 3010 παραστῆσαι
3333 2937 3582 3010 γνησίους
3610 2937 3743 3008 θερά-

2201 3047 2424 3094 ποντας.
2459 3031 2570 3084 Καὶ
2598 3029 2718 3096 πῶς
2743 3030 2810 3086 ἀν
2835 3048 2921 3096 τις
2938 3031 3276 3103 τηλικούτων
3305 3048 3366 3084 τε
3396 3030 3490 3085 καὶ
3513 3030 3742 3085 τοσούτων

507 3137 672 3194 quam
704 3121 792 3176 cui
820 3130 900 3176 tot
943 3130 1328 3190 tantarumque
1355 3135 1540 3175 rerum
1569 3136 1702 3176 cura
1731 3121 1800 3175 sit
1822 3121 2092 3191 imposita,

2203 3120 2551 3192 πραγμάτων
2607 3122 2916 3193 φροντίζειν
2969 3122 3150 3188 τεθεὶς
3212 3123 3276 3176 οὐ
3340 3123 3442 3194 τὴν
3496 3122 3742 3194 ἀφαίρεσιν

507 3228 621 3267 non
662 3213 1066 3283 ademptionem
1123 3211 1296 3283 magis
1344 3227 1508 3282 quam
1561 3211 2094 3268 administrationem

507 3305 674 3376 hujus
701 3305 1042 3377 principatus
1064 3305 1306 3375 requirat
1330 3305 1354 3358 ?

579 3399 640 3452 ln
686 3398 917 3453 circuitu
953 3413 1144 3453 rursus
1184 3397 1383 3468 impii:
1417 3396 1509 3452 alii
1559 3395 1854 3470 imaginem
1892 3396 2095 3454 Christi

509 3500 878 3562 conspuentes
912 3499 968 3546 et
1002 3491 1106 3561 ipsi
1129 3490 1349 3546 Christo
1381 3489 1439 3544 in
1464 3505 1530 3545 ea
1562 3489 1930 3548 obtrectantes
1956 3509 1971 3559 ;
2002 3492 2096 3547 alii

509 3595 735 3641 naturas
759 3587 818 3639 in
847 3601 914 3640 eo
943 3583 1371 3652 confundentes,
1412 3592 1506 3638 aut
1533 3583 1888 3655 abnegantes,
1924 3593 1980 3640 et
2007 3583 2097 3640 alii

507 3693 668 3734 nova:
713 3686 927 3732 naturae
960 3676 1281 3732 inductione
1309 3675 1523 3747 priores
1544 3677 1995 3742 exterminantes,
2041 3684 2099 3732 et

509 3779 758 3840 quartam
788 3769 1056 3842 synodum
1082 3767 1576 3823 innumerabilibus
1592 3767 1896 3823 maledictis
1916 3769 2098 3823 inces-

508 3872 717 3930 sentes,
769 3862 1061 3917 adversum
1095 3875 1234 3931 quos
1261 3859 1422 3915 nobis
1461 3858 1666 3914 bellum
1692 3858 1991 3914 excitatum
2043 3866 2100 3913 et

509 3955 683 4012 multo
704 3961 950 4026 tempore
976 3965 1210 4026 gestum,
1228 3953 1432 4008 multos
1447 3952 1501 4007 in
1518 3953 1888 4008 obedientiam
1937 3951 2100 4008 Chri-

511 4048 582 4102 sti
616 4045 940 4116 captivavit.
990 4043 1191 4115 Ecquis
1229 4043 1362 4098 mihi
1395 4044 1508 4110 det,
1541 4052 1601 4100 ut
1637 4059 1830 4101 omnes
1855 4045 2101 4115 captivos

509 4138 727 4194 videam
752 4137 775 4190 ἲ
804 4135 1011 4207 Vulpes
1042 4151 1235 4192 rursus
1267 4151 1336 4191 ex
1375 4135 1618 4191 latibulis
1645 4135 1759 4190 suis
1807 4135 2098 4206 prodeunt,

512 4246 718 4300 eosque
741 4229 837 4300 qui
871 4227 1058 4284 multis
1073 4227 1440 4299 simpliciores
1467 4235 1598 4283 sunt
1619 4236 1675 4282 et
1702 4242 1867 4298 prave
1887 4227 2098 4293 faciles,

515 4339 616 4396 per
637 4322 889 4376 fraudem
919 4331 983 4376 ut
1012 4320 1191 4391 pullos
1220 4320 1509 4376 devorant.
1555 4318 1948 4375 Schismaticas
1978 4319 2101 4375 dico

510 4415 726 4486 vulpes,
770 4428 1004 4484 quarum
1059 4411 1379 4469 abscondita
1425 4420 1510 4467 est
1551 4411 1778 4476 malitia,
1825 4412 1998 4466 multo
2033 4411 2101 4466 iis

2201 3214 2424 3286 μᾶλλον,
2449 3214 2485 3286 ἢ
2518 3214 2619 3286 τὴν
2648 3214 2968 3287 ἐγχείρησιν
2993 3213 3094 3286 τῆς
3117 3214 3298 3286 ἀρχῆς
3327 3215 3688 3287 ὲπιζητήσειες

2271 3394 2474 3468 Κύκλῳ
2513 3396 2678 3451 πάλιν
2708 3395 2758 3450 οἱ
2802 3395 3042 3463 ἀσεϐεῖς,
3088 3396 3136 3449 οἱ
3169 3395 3272 3466 μὲν
3303 3394 3405 3467 τὴν
3437 3394 3610 3449 είκόνα
3632 3394 3740 3466 Χρι-

2201 3488 2329 3543 στοῦ
2360 3489 2736 3554 διαπτύοντες,
2765 3489 2862 3545 καὶ
2897 3489 3132 3561 Χριστὸν
3171 3489 3338 3544 αὑτὸν
3368 3491 3427 3543 ὲν
3451 3487 3614 3560 ταύτῃ
3647 3489 3738 3542 δια-

2200 3583 2480 3655 σύροντες,
2527 3584 2579 3636 oi
2627 3582 2684 3636 δὲ
2713 3581 2814 3647 τὰς
2867 3581 3078 3636 ἑαυτῶν
3122 3580 3319 3652 φύσεις
3364 3577 3734 3653 συγχέοντες,ή

2198 3677 2607 3747 ἀπαρνούμενοι
2625 3719 2640 3741 ,
2668 3675 2834 3748 ἄλλης
2861 3675 3078 3746 φύσεως
3107 3674 3434 3747 καινοτέρας
3475 3676 3732 3740 ἐπεισαγω-

2199 3769 2366 3838 γηταὶ
2411 3767 2690 3840 προτέρας
2718 3769 3079 3841 ὲξορίζοντες,
3097 3770 3193 3823 καὶ
3219 3769 3322 3842 τήν
3365 3771 3621 3839 τετάρτην
3647 3765 3730 3819 σύν-

2199 3862 2322 3916 οδον
2368 3861 2593 3933 μυρίαις
2658 3864 2782 3928 ταῖς
2827 3863 3201 3935 βλασφημίαις
3246 3861 3734 3922 καθυποϐάλλοντες,

2201 3955 2340 4027 πρὸς
2363 3953 2454 4019 οὓς
2490 3956 2622 4026 ἡμῖν
2650 3956 2679 4008 ὀ
2717 3955 2956 4027 πόλεμος
3003 3955 3447 4029 ἀναρριπισθεὶς,
3477 3953 3566 4008 καὶ
3599 3951 3737 4023 χρόνῳ

2203 4045 2386 4116 συχνῷ
2415 4047 2831 4119 συγκροτηθεὶς,
2877 4049 2958 4113 εἰς
2987 4049 3087 4121 τὴν
3120 4051 3374 4122 ὑπακοὴν
3415 4049 3510 4104 τοῦ
3542 4043 3736 4119 Χριστοῦ

2203 4137 2433 4204 πολλοὺς
2479 4138 2895 4211 ῄχμαλώτευσε.
2942 4142 3042 4206 Τίς
3081 4142 3140 4196 δέ
3173 4160 3266 4213 μοι
3299 4143 3415 4215 δοίη
3459 4141 3547 4195 καὶ
3577 4140 3631 4193 τὸ
3657 4137 3739 4190 πᾶν

2206 4231 2335 4284 ἰδεῖν
2391 4231 2965 4304 αίχμαλωτιζόμενονς
3009 4236 3078 4289 Αἱ
3131 4235 3418 4298 ἀλώπεκες
3469 4233 3620 4289 πάλιν
3656 4228 3740 4283 τῶν

2204 4323 2429 4392 φωλεῶν
2458 4324 2890 4393 ὑπεκδύνουσαι,
2921 4327 3017 4382 καὶ
3044 4328 3172 4394 τοὺς
3203 4329 3316 4383 τῶν
3352 4327 3556 4384 πολλῶν
3582 4322 3741 4393 ἀφελε-

2206 4415 2451 4486 στέρους;
2503 4416 2538 4488 ἢ
2591 4416 3004 4491 εὐηθεστέρους,
3036 4419 3301 4493 ὀρνιθίοις
3334 4421 3422 4474 ἶσα
3458 4419 3524 4473 δι’
3563 4415 3741 4482 ἀπάτης

511 4505 784 4570 infestior,
827 4503 921 4574 qui
957 4511 1148 4574 aperte
1177 4503 1524 4558 insidiantur.
1559 4502 1696 4557 Nam
1732 4503 2099 4573 ingredientes

2205 4507 2626 4576 κατεσθίουσαι,
2659 4511 2760 4575 τὰς
2793 4513 3161 4584 σχισματικάς
3194 4511 3487 4575 ἀλώπεκας
3513 4509 3665 4577 λέγω,
3685 4497 3743 4557 ὧν

511 4598 570 4652 in
635 4597 850 4664 domos,
906 4595 1062 4666 juxta
1111 4595 1358 4651 divinum
1409 4595 1730 4666 Apostolum
1778 4595 2100 4666 decipiunt'

511 4691 865 4747 mulierculas
911 4697 1170 4745 oneratas
1219 4689 1477 4760 peccatis,
1530 4698 1799 4760 quaestum
1831 4688 1934 4745 sibi
1979 4705 2104 4746 esse

513 4785 776 4841 ducentes
802 4783 1062 4856 ingluviei
1092 4791 1147 4838 et
1179 4797 1334 4838 vanae
1375 4781 1579 4854 gloriae,
1611 4789 1667 4836 et
1689 4791 1901 4838 eceterae
1925 4784 2104 4839 omnis

513 4877 814 4947 voluptatis
856 4889 1020 4947 atque
1067 4876 1298 4947 impurae
1324 4873 1595 4940 libidinis,
1649 4875 1997 4931 artiﬁciosam
2046 4877 2104 4932 in

516 4978 758 5023 sanctam
791 4969 1094 5024 Ecclesiam
1128 4967 1612 5024 insurreetionem.

2207 4602 2266 4654 ὲν
2293 4601 2526 4675 κρυπτῷ
2559 4603 2594 4674 ή
2627 4603 2816 4670 κακία,
2849 4606 2944 4659 καὶ
2975 4608 3008 4677 ή
3051 4605 3229 4678 βλάϐη
3267 4607 3402 4661 πολὺ
3435 4603 3538 4658 τῶν
3564 4611 3744 4670 προφα-

2207 4694 2314 4759 νῶς
2342 4695 2806 4753 ἐπιϐουλευόντων
2835 4698 3218 4774 χαλεπωτέρα.
3253 4701 3363 4756 Καὶ
3393 4698 3497 4769 γὰρ
3525 4692 3744 4750 εἰσιόντες

2207 4789 2290 4854 εἰς
2314 4789 2415 4855 τὰς
2442 4791 2620 4856 οἰκίας
2649 4793 2796 4848 κατὰ
2825 4793 2918 4848 τὸν
2943 4795 3087 4849 θεῖον
3127 4794 3450 4851 Ἀπόστολον
3475 4783 3745 4856 ἐξαπατῶσι

2209 4883 2542 4956 γυναικάρια
2582 4886 2972 4958 σεσωρευμένα
3011 4888 3340 4960 ἁμαρτίαις,
3390 4879 3644 4956 πορισμὸν
3669 4873 3746 4929 αὖ·

2208 4977 2322 5040 τοῖς
2349 4979 2816 5050 γαστριμαργίας,
2865 4980 2960 5036 καὶ
2995 4981 3323 5047 κενοδοξίας,
3358 4978 3451 5033 καὶ
3483 4974 3577 5044 τῆς
3607 4968 3744 5035 ἄλλης

518 5061 736 5130 ἀπάσης
763 5061 1132 5130 λήδυπαθείας,
1166 5061 1265 5115 καὶ
1294 5061 1666 5134 ἀκαθαρσίας,
1693 5061 1794 5134 τὴν
1825 5063 1968 5118 κατά
2004 5065 2104 5136 τῆς
2127 5065 2456 5141 Ἐκκλησίας
2487 5071 2910 5142 ἐπιτεχνώμενοι
2937 5075 3329 5130 ἐπανάστασιν.

590 5152 784 5206 Solent
803 5153 951 5207 enim
979 5191 995 5217 ,
1037 5163 1097 5208 ut
1124 5153 1447 5224 plurimum,
1488 5155 1634 5226 vulgi
1671 5171 1854 5212 mores
1885 5167 2106 5227 propter

522 5243 896 5299 infirmitatem
943 5255 999 5300 et
1035 5246 1443 5302 instabilitatem
1479 5247 1700 5314 mentis,
1747 5247 2104 5315 novitatibus,

525 5337 790 5405 novisque
846 5335 1178 5392 factionibus
1230 5338 1402 5409 magis
1453 5338 1695 5404 studere,
1743 5353 1903 5408 quam
1951 5338 2110 5394 bonis

525 5427 790 5482 institutis
823 5427 944 5482 niti.
977 5425 1222 5494 Quorum
1253 5431 1495 5484 omnium
1515 5429 1765 5500 quamvis
1788 5430 2028 5486 audaciae
2055 5439 2112 5486 et

525 5521 868 5576 contumeliae
881 5519 1100 5576 ﬂamma
1130 5521 1397 5578 exstincta
1420 5525 1511 5593 sit,
1539 5523 1616 5596 (5)
1645 5525 1902 5596 synodico
1918 5525 2112 5583 decre-

608 5645 627 5674 ²
666 5639 712 5696 ll
756 5639 897 5695 Tim.
929 5655 1010 5706 ιιι,
1038 5638 1091 5693 6.

2279 5161 2430 5216 Φιλεῖ
2452 5164 2559 5236 γὰρ
2587 5163 2662 5228 ὡς
2689 5166 2758 5220 τὰ
2784 5165 2954 5219 πολλὰ
2975 5168 3084 5220 τῶν
3117 5165 3387 5237 ἀγελαίων
3411 5165 3440 5217 ό
3465 5159 3646 5230 τρόπος
3672 5147 3744 5203 διὰ

2209 5253 2272 5308 τδ
2299 5253 2399 5325 τῆς
2455 5257 2682 5330 γνώμης
2730 5258 3095 5330 ἢῤῥωστηκδς
3147 5261 3242 5315 καὶ
3283 5256 3599 5326 ἀστήρικτον
3646 5239 3743 5300 ταῖς

2213 5349 2586 5419 καινοτομίαις
2619 5368 2677 5403 τε
2711 5351 2808 5405 καὶ
2849 5355 2972 5415 ταῖς
3001 5349 3442 5425 νεωτεροποιίαις
3472 5346 3742 5425 προσκεχιι·

2213 5437 2363 5494 νέναι
2405 5441 2628 5511 μᾶλλον,
2661 5443 2694 5515 ἢ
2728 5447 2840 5507 τοῖς
2870 5420 3233 5516 καθεστηκόσι
3263 5441 3354 5498 καὶ
3384 5433 3554 5496 καλῶς
3585 5420 3744 5522 κειμξ·

2216 5547 2331 5596 νοις
2361 5535 2910 5607 προσεπερείδεσθαι,
2944 5530 3020 5592 ὧν
3047 5538 3304 5594 ἀπάντων
3349 5534 3397 5587 ει
3429 5526 3520 5584 καὶ
3557 5519 3611 5575 τὸ
3651 5519 3742 5580 πῦρ

2048 5712 2282 5771 NOTAE.

598 5782 674 5854 (5)
717 5782 849 5836 Can.
886 5781 976 5836 151
1013 5789 1124 5837 oct.
1156 5779 1344 5851 synod.
1380 5783 1481 5840 sub
1510 5782 1670 5839 Phot.
