4032 6434
198 322 308 389 613

1362 312 1911 377 EPISTOLARUM
1952 312 2185 374 LIBER
2219 311 2268 373 Ῐ.

3346 312 3454 380 614

195 433 292 487 τοῦ
339 430 575 503 θράσους
637 428 865 497 καὶτῆς
914 425 1203 497 παροινίας
1235 427 1301 497 τῇ
1334 428 1588 497 συνοδικῇ
1640 443 1767 479 κατ-

1900 440 1931 479 ο
1958 434 2196 493 paternze
2232 432 2427 479 vestrae
2457 423 2732 493 religionis
2759 465 2774 489 ,
2820 423 3088 478 sententia
3119 422 3174 479 in
3219 439 3315 480 eos
3357 441 3456 482 sua

196 524 439 593 εσϐέσθη
452 522 640 593 ψήφῳ,
666 521 767 587 τῆς
791 518 946 589 ὑμῶν
966 519 1241 589 πατρικῆς
1262 519 1539 587 ὁσιότητος
1564 517 1653 570 διὰ
1670 517 1778 570 τῶν

193 612 549 684 τιμιωτάτων
575 611 743 679 αὐτῆς
770 607 1157 680 τοποτηρητῶν
1180 609 1280 677 τὴν
1306 608 1427 661 κατ’
1458 606 1637 660 αὐτῶν
1662 607 1781 657 ὲπι-

193 704 485 773 κυρούσης
512 703 809 769 ἀπόφασιν,
857 701 972 753 ἀλλ’
1022 696 1115 754 οὖν
1148 702 1176 752 ὀ
1210 700 1418 762 καπνὸς
1449 699 1529 752 ἔτι
1572 698 1778 760 δάκνει,

197 797 300 849 καὶ
366 795 494 866 ἀνιᾷ
550 793 676 855 τοὺς
735 793 1049 845 ἐπισκοπεῖν
1101 790 1355 861 ὲμμελῶς
1413 788 1474 841 τὸ
1532 790 1780 857 ποίμνιον

200 882 700 955 προαιρουμένους,
732 882 827 935 καὶ
868 880 929 933 τὸ
966 880 1160 951 μικρὸν
1197 879 1305 931 τῶν
1344 881 1781 949 ποιμαινομένων

199 975 536 1046 ἁμάρτημα,
566 972 808 1043 μεγάλην
833 971 983 1039 σφῶν
1006 969 1383 1040 λογιζομένους
1405 969 1629 1041 ζημίαν,
1652 971 1783 1033 ἴσως

201 1071 261 1124 δὲ
287 1072 402 1131 τοῖς
422 1086 488 1121 τυ
501 1067 722 1120 πωθεῖσι
744 1066 987 1131 κανόσιν,
1010 1060 1091 1128 οἷς
1118 1065 1406 1135 ὁλόκληρος
1433 1068 1465 1133 ἡ
1499 1064 1783 1133 Ῥωμαίων

203 1162 512 1233 Ἐκκλησία
526 1161 748 1231 συντετή
758 1177 937 1231 ρηται,
955 1161 1341 1229 σχισματικαῖς
1368 1159 1429 1210 οὑ
1454 1157 1782 1227 μεριζομένη

209 1255 458 1325 μανίαις,
496 1254 591 1307 καὶ
619 1255 645 1304 ὁ
674 1252 879 1311 καπνὸς
906 1251 1290 1320 διασκεδασθῇ,
1324 1250 1417 1303 καὶ
1446 1250 1507 1302 τὸ
1550 1249 1785 1318 ζοφῶδες

205 1346 537 1415 ὲκριπισθῇ,
568 1347 663 1397 καὶ
692 1345 820 1413 ἡμῖν
847 1344 945 1411 τῆς
974 1342 1208 1410 ἀθυμίας
1233 1341 1480 1411 ἀναψυχὴ
1524 1341 1785 1411 πορισθῆ-

208 1455 391 1491 σεται.
429 1437 505 1488 Οὐ
536 1436 644 1505 γάρ
679 1435 838 1504 μόνος
877 1436 905 1486 ὁ
940 1434 1268 1504 προρρηθεὶς
1304 1432 1483 1485 κανὼν
1514 1433 1654 1485 κατὰ
1691 1430 1789 1500 τὴν

210 1530 491 1600 ὑμετέραν
522 1529 843 1596 παραίνεσιν
879 1526 1242 1595 φυλάττεσθαι
1264 1526 1627 1589 δεδικαίωται,
1656 1523 1791 1577 ἀλλά

211 1639 279 1689 γε
329 1622 396 1691 δὴ
441 1619 910 1673 συνευδοκούντων
944 1619 1200 1672 ἀπάντων
1240 1618 1335 1670 καὶ
1382 1617 1561 1685 ἕτεροι
1616 1632 1792 1685 παρα-

213 1715 481 1777 δέδονται,
510 1705 584 1765 ὧν
613 1712 675 1764 τὸ
697 1711 897 1781 κράτος
920 1710 1016 1762 καὶ
1038 1709 1238 1778 πολλὴν
1266 1711 1329 1779 τῇ
1373 1706 1665 1777 Ἐκκλησία
1693 1705 1791 1775 τὴν

214 1806 445 1876 εἰρήνην
478 1803 754 1874 βραϐεύει,
788 1805 883 1855 καὶ
909 1802 1005 1872 τὴν
1036 1801 1391 1871 ὀφειλομένην
1416 1800 1582 1869 τιμήν
1615 1816 1675 1851 τε
1700 1799 1795 1851 καὶ
1826 1792 1867 1846 Β

211 1900 378 1965 δόξαν
411 1901 491 1962 εἰς
520 1899 647 1960 τοὺς
685 1896 855 1949 πάλαι
886 1895 982 1965 μὲν
1017 1892 1444 1965 παρειληφότας,
1478 1890 1596 1945 νυνὶ
1621 1890 1677 1943 δὲ
1702 1889 1795 1942 καὶ

219 1988 553 2060 μεταδόντας
602 1986 925 2053 διαϐιϐάζει,
974 1987 1070 2040 καὶ
1114 1986 1288 2049 οὐδεὶς
1326 1985 1393 2038 ἂν
1423 1983 1529 2037 τῶν
1565 1983 1671 2036 ὑπὸ
1698 1982 1798 2052 τῆς

217 2081 378 2152 ὑμῶν
420 2080 856 2150 θεομακαρίστου
892 2078 1233 2150 πατρότητος
1288 2077 1665 2149 διορισθέντων
1700 2091 1796 2126 τυ-

218 2175 473 2243 πωθῆναι
496 2172 921 2242 παραλέλειπτο,
949 2172 998 2223 εί
1028 2170 1102 2241 μή
1125 2187 1209 2233 τις
1233 2169 1485 2240 βασιλικὴ
1511 2172 1797 2236 ἀνάνευσις

220 2262 389 2316 πλέον
429 2261 695 2331 ἰσχύσασα
730 2260 824 2313 τοῦ
860 2260 1126 2331 ἡμετέρου
1171 2260 1496 2330 θελήματος,
1530 2263 1658 2333 περὶ
1690 2262 1798 2316 τῶν

219 2351 431 2405 λοιπῶν
470 2352 835 2405 ἀποθεσπίσαι
865 2351 926 2402 οὐ
954 2347 1342 2420 παρεχώρησε.
1372 2350 1450 2402 Δι’
1490 2350 1518 2402 ὃ
1549 2350 1665 2421 ἅμα
1689 2352 1798 2405 τῶν

220 2442 573 2512 τιμιωτάτων
595 2441 982 2512 τοποτηρητῶν
1015 2441 1292 2510 συμφέρον
1321 2441 1690 2510 ἡγησάμενος,
1725 2442 1800 2512 μὴ

223 2538 280 2589 ὲν
318 2537 390 2605 τῇ
420 2533 743 2604 ἐπιζητήσει
795 2532 889 2585 τοῦ
935 2532 1133 2595 παντὸς
1169 2532 1531 2585 συναπολέσαι
1564 2533 1625 2584 τὸ
1656 2533 1799 2599 πᾶν,

224 2632 281 2683 ὲν
311 2634 381 2699 τῇ
413 2626 683 2697 ἀπολήψει
708 2625 812 2678 τῶν
838 2625 1100 2679 πλειόνων
1140 2625 1239 2693 τὴν
1267 2626 1324 2679 ὲν
1353 2627 1465 2687 τοῖς
1489 2624 1802 2688 ὑπολοίποις

224 2719 435 2790 ζημίαν
475 2735 544 2787 γε
589 2718 654 2771 ἂν
682 2718 1019 2787 ὑπέστημεν.
1055 2718 1310 2788 Ἀριστον
1342 2718 1439 2787 μὲν
1468 2718 1577 2786 γὰρ
1609 2711 1683 2772 ὧν
1718 2736 1804 2782 τις

225 2811 443 2880 ἐφίεται
487 2808 714 2879 μηδενὸς
762 2810 1051 2861 ἐκπεσεῖνο
1083 2809 1420 2879 ἀπρονόητον
1459 2808 1515 2861 δὲ
1542 2810 1803 2863 πλειόνων

225 2900 527 2969 διδομένων
566 2899 696 2969 περὶ
723 2897 831 2950 τῶν
869 2898 930 2950 οὐ
969 2897 1260 2968 διδομένων
1288 2898 1766 2970 πολυπραγμονεῖν
1786 2940 1802 2967 ,

228 2993 329 3046 καὶ
356 2989 768 3060 φιλονεικοῦντα
804 2990 933 3060 περὶ
973 2990 1178 3044 τούτων
1206 2991 1423 3045 πάντων
1446 2993 1639 3046 ἑαυτὸν
1668 2993 1806 3046 ἀποστ

228 3087 472 3156 στερεῖν.
521 3083 599 3136 Δι’
650 3081 679 3133 ὃ
713 3081 844 3152 περί
896 3075 970 3136 ὧν
1009 3086 1040 3153 ἡ
1083 3082 1274 3154 γνώμη
1304 3082 1592 3153 σύμφωνος
1627 3084 1808 3156 ἐξενή-

228 3195 459 3243 νεκται,
513 3176 811 3239 συνοδικῶς
860 3176 1082 3239 τούτους
1140 3175 1463 3244 ὲξεθέμεθα,
1506 3171 1600 3240 οὓς
1634 3178 1691 3231 ἐν
1722 3177 1800 3248 τῷ

1880 533 1980 587 per
2011 517 2352 573 venerabiles
2384 517 2615 571 vicarius
2653 530 2782 571 suos
2810 517 3127 586 opitulantis
3154 535 3167 571 :
3216 527 3457 574 attamen

1881 609 2062 664 fumus
2084 625 2177 664 eos
2203 609 2382 663 adhuc
2411 608 2623 662 mordet
2664 619 2719 663 et
2752 608 2921 680 angit,
2950 608 3041 678 qui
3066 608 3210 680 gregi
3240 625 3458 664 accom-

1880 702 2098 756 modate
2130 716 2362 770 praeesse
2392 701 2600 762 volunt,
2622 716 2684 755 ac
2706 700 2957 770 exiguum
2983 716 3190 765 eorum,
3223 701 3315 770 qui
3362 716 3462 770 pa-

1886 801 2135 856 εοιιηιιπ,
2176 801 2481 861 peccatum,
2522 806 2777 861 magnum
2823 806 2979 845 suum
3032 792 3292 845 damnum
3341 806 3463 845 esse

1884 885 2112 938 ducunt.
2145 884 2222 938 Ac
2257 882 2487 938 fortasse
2518 884 2604 937 his
2634 884 2935 938 canonibus
2962 884 3299 946 constitutis,
3335 883 3463 953 qui-

1884 977 1987 1032 bus
2026 978 2233 1047 integra
2284 975 2650 1031 Romanorum
2690 977 2932 1031 Ecclesia
2981 987 3299 1031 conservata
3347 984 3462 1041 est,

1886 1069 2095 1122 insanis
2128 1069 2515 1123 schismatibus
2541 1085 2650 1123 non
2679 1069 2873 1134 divisa,
2907 1070 3260 1139 dissipabitur
3283 1070 3467 1127 fumus

1885 1170 1940 1215 et
1970 1162 2143 1233 caligo
2166 1163 2515 1225 discutietur,
2565 1177 2627 1217 ac
2660 1163 2822 1218 nobis
2859 1164 3110 1218 mceroris
3140 1164 3468 1233 praebebitur

1887 1255 2210 1309 consolatio.
2242 1255 2358 1309 Non
2394 1255 2542 1308 enim
2569 1264 2778 1309 tantum
2822 1271 2998 1310 canon
3037 1257 3469 1327 praefatusjuxta

1844 1406 1847 1411 λ
1889 1346 2326 1401 exhortationem
2368 1356 2605 1401 vestram
2638 1347 2895 1402 custodiri
2920 1347 3107 1417 jussus
3143 1358 3259 1414 est;
3292 1349 3386 1403 sed
3418 1357 3472 1403 et

1889 1440 1999 1504 alii,
2038 1441 2231 1494 vestris
2286 1440 2501 1493 vicariis
2556 1440 3003 1506 assentientibus,
3062 1451 3192 1496 sunt
3240 1442 3467 1498 traditi:

1890 1547 2122 1600 quorum
2178 1532 2258 1586 vis
2288 1539 2342 1585 et
2381 1532 2566 1596 robur,
2619 1540 2673 1585 et
2709 1532 2931 1586 multam
2981 1531 3237 1587 Ecclesia:
3279 1549 3471 1602 pacem

1892 1624 2106 1688 all'eret,
2143 1631 2199 1677 et
2244 1623 2486 1678 debitum
2518 1623 2779 1678 honorem
2812 1625 3145 1696 gloriamque
3194 1625 3261 1680 iis
3301 1625 3471 1690 dabit,

1893 1715 1986 1785 qui
2014 1714 2218 1769 dudum
2249 1714 2468 1783 quidem
2502 1725 2850 1784 acceperunt,
2886 1731 3035 1770 nunc
3062 1731 3192 1770 vero
3224 1717 3475 1786 impertio

1896 1816 2110 1861 verunt.
2134 1806 2245 1860 Nec
2262 1807 2368 1859 ulla
2389 1807 2696 1875 regularum
2715 1823 2744 1861 a
2764 1808 3075 1862 beatissima
3094 1808 3148 1862 in
3165 1809 3278 1863 Deo
3300 1818 3477 1879 pater-

1897 1899 2066 1954 nitate
2118 1909 2299 1953 vestra
2327 1899 2676 1953 deﬁnitarum
2719 1901 2848 1969 quin
2895 1901 3205 1955 sanciretur
3248 1911 3474 1971 praeter—

1898 1990 2062 2044 missa
2108 1999 2273 2053 esset,
2335 1992 2440 2045 nisi
2488 1992 2734 2062 quadam
2791 1992 3136 2061 imperatoria
3185 1993 3477 2065 refragatio

1896 2080 2183 2148 plusquam
2231 2080 2485 2135 voluntas
2532 2091 2717 2135 nostra
2743 2082 2971 2151 pollens,
3002 2081 3071 2137 de
3117 2083 3337 2153 reliquis
3364 2100 3476 2139 non

1898 2172 2204 2226 sanciendis
2230 2173 2649 2229 intercessisset.
2684 2175 2889 2228 Idcirco
2921 2189 3025 2228 una
3049 2189 3170 2228 cum
3194 2175 3479 2230 venerabi-

1898 2262 2043 2317 libus
2080 2263 2298 2318 vicariis
2330 2264 2384 2317 in
2426 2281 2539 2319 rem
2565 2280 2685 2321 esse
2733 2266 2994 2330 arbitrati,
3029 2283 3161 2329 non,
3194 2267 3320 2323 dum
3355 2283 3477 2322 om-

1899 2366 1996 2405 nes
2048 2367 2285 2407 canones
2323 2362 2690 2422 expetuntur,
2756 2370 3022 2409 summam
3068 2354 3146 2407 rei
3192 2354 3475 2419 amittere,

1899 2441 2207 2510 complures
2246 2442 2557 2509 obtinendo,
2592 2443 2923 2513 reliquorum
2955 2444 3213 2498 damnum
3244 2445 3298 2499 in
3334 2460 3478 2513 prae-

1901 2547 2026 2587 sens
2071 2534 2357 2589 subiimus.
2406 2534 2679 2603 Optimum
2720 2535 2867 2589 enim
2914 2536 3240 2605 estquidem
3288 2551 3478 2592 eorum

1902 2642 2022 2696 qua:
2051 2627 2175 2695 quis
2218 2634 2455 2697 expetat,
2516 2628 2666 2681 nullo
2700 2628 2949 2682 excidere
2981 2645 2994 2680 :
3032 2638 3088 2682 at
3134 2629 3479 2698 desperantis

1902 2726 2005 2782 est,
2037 2732 2140 2771 nec
2174 2718 2306 2773 satis
2326 2733 2472 2773 same
2505 2718 2730 2783 mentis,
2760 2735 2884 2773 cum
2918 2721 3071 2789 plura
3098 2721 3293 2774 dantur
3318 2721 3386 2775 de
3412 2720 3483 2776 iis

1904 2825 2024 2880 quae
2072 2826 2182 2865 non
2225 2812 2444 2876 dantur,
2485 2812 2649 2866 nimis
2684 2827 2805 2867 esse
2836 2812 3129 2877 curiosum,
3175 2826 3239 2866 ac
3269 2811 3337 2867 de
3392 2812 3484 2866 his

1905 2903 2349 2969 contendentem,
2392 2904 2646 2958 omnibus
2686 2904 2923 2973 seipsum
2978 2905 3212 2973 privare.
3246 2904 3484 2973 Ideoque

1906 3009 2019 3059 eos,
2062 2997 2128 3050 de
2164 2996 2363 3065 quibus
2390 2997 2673 3051 sententiae
2690 2997 3115 3051 consonaedictae
3148 3004 3294 3061 sunt,
3326 3011 3487 3065 syno-

1905 3088 2101 3144 daliter
2126 3090 2494 3159 exposuimus,
2529 3105 2745 3159 unaque
2795 3090 2849 3143 in
2886 3090 3081 3143 litteris
3102 3105 3226 3144 cum
3265 3089 3332 3144 iis
3363 3104 3487 3159 qua:

1906 3196 1935 3233 a
1966 3181 2123 3234 nobis
2139 3182 2292 3250 prius
2322 3180 2566 3250 exposita
2594 3179 2830 3246 fuerant,
2865 3179 3219 3249 subiecimus.

228 3270 569 3343 γραμματίῳ
594 3270 733 3341 μετά
759 3269 867 3322 τῶν
895 3268 1333 3339 προεκτεθέντων
1361 3268 1452 3335 ὑφ’
1480 3267 1642 3337 ἡμῶν
1692 3269 2158 3340 συνυπετάξαμεν.

216 3406 221 3409 -
305 3369 447 3440 Περὶ
495 3368 552 3421 δέ
602 3385 668 3437 γε
698 3367 806 3419 τῶν
850 3367 949 3428 τὰς
995 3364 1325 3435 χειροτονίας
1363 3363 1591 3416 αὐτόθεν
1636 3364 1802 3418 πάλαι

1980 3367 2056 3421 De
2090 3368 2155 3421 iis
2189 3382 2338 3431 vero,
2388 3367 2478 3437 qui
2510 3366 2883 3421 ordinationes
2917 3366 2991 3435 (6)
3020 3380 3085 3421 ex
3118 3382 3197 3429 se,
3229 3375 3285 3421 et
3335 3367 3489 3423 arbi-

226 3461 659 3532 λαμϐανόντων,
708 3459 1188 3527 ὲκοινολογήσαντο
1239 3456 1369 3525 ἡμῖν
1420 3456 1469 3509 οἱ
1514 3458 1611 3525 τῆς
1655 3456 1808 3526 ὑμῶν

228 3553 518 3623 ἰδιότητος
547 3548 954 3620 τοποτηρηταὶ,
982 3549 1055 3613 ὡς
1082 3547 1259 3619 χρεὼν
1302 3547 1388 3617 εἴη
1432 3548 1652 3608 τούτους
1707 3549 1808 3601 ἐπ-

232 3645 680 3715 αναπραφῆναι,
714 3645 811 3696 καὶ
843 3644 979 3712 πρὸς
1013 3641 1111 3711 τὴν
1135 3639 1339 3692 οἰκείαν
1377 3639 1809 3710 παλινδρομήσαι

232 3740 585 3810 προμήτορα.
629 3736 770 3789 Ἀλλ’
803 3737 853 3788 εἰ
888 3736 985 3805 μὲν
1013 3736 1069 3787 ἐν
1094 3735 1226 3804 ἡμῖν
1254 3732 1313 3785 τὸ
1342 3732 1435 3785 τοῦ
1472 3732 1811 3802 βουλήματος

230 3831 404 3902 κῦρος
437 3829 637 3893 ἔκειτο,
684 3829 886 3898 καὶμὴ
925 3827 1357 3896 συνεμεμέριστο
1389 3828 1453 3895 τῇ
1496 3825 1740 3895 βασιλείᾳ
1776 3825 1810 3895 ἠ

235 3921 463 3992 πρᾶξις,
519 3920 619 3972 οὐκ
667 3918 732 3972 ἂν
782 3920 1078 3986 ἀπολογίας
1114 3917 1240 3982 ἔδει,
1298 3917 1428 3969 αὐτὸ
1460 3916 1515 3970 δὲ
1564 3915 1623 3968 τὸ
1652 3915 1811 3986 ἔργον

235 4016 490 4083 κρεῖττον
536 4010 596 4064 δν
643 4011 742 4081 τῆς
773 4010 1071 4077 ἀπολογίας
1104 4009 1402 4063 ἐδείκνυτο.
1450 4008 1601 4061 Ἐπεὶ
1646 4008 1702 4061 δὲ
1744 4007 1813 4063 τὰ

230 4104 695 4176 ὲκκλησιαστικά,
723 4102 820 4156 καὶ
845 4100 1077 4171 μάλιστά
1118 4117 1181 4167 γε
1202 4100 1270 4153 τά
1297 4101 1426 4170 περί
1451 4099 1560 4153 τῶν
1588 4098 1815 4169 ὲνοριῶν

226 4196 425 4250 δίκαια
451 4197 574 4258 ταῖς
621 4194 928 4257 πολιτικαῖς
974 4192 1350 4262 ἐπικρατείαις
1378 4208 1437 4244 τε
1482 4190 1576 4244 καὶ
1610 4191 1814 4261 διοική-

230 4301 355 4338 σεσι
396 4284 945 4355 συμμεταϐάλλεσθαι
973 4282 1183 4346 εἴωθεν,
1221 4284 1254 4353 ἠ
1289 4281 1389 4350 τῆς
1414 4281 1568 4351 ὑμῶν
1595 4281 1813 4351 ὁσιότη-

226 4393 326 4440 τος
357 4374 754 4446 εὐγνωμοσύνη
787 4375 849 4428 τὸ
876 4373 1034 4445 ήμῶν
1064 4374 1156 4427 ἐπὶ
1182 4373 1246 4426 τὸ
1279 4372 1617 4427 συνευδοκεῖν
1645 4373 1726 4435 εἰς
1752 4371 1813 4424 τὸ

229 4468 550 4538 παρασχεῖν
590 4467 966 4536 ἀποδεχομένη
1007 4465 1241 4535 θέλημα,
1270 4465 1331 4518 τὸ
1360 4465 1436 4536 μὴ
1470 4463 1674 4530 λαϐεῖν,
1714 4464 1814 4532 τῆς

230 4555 566 4625 πολιτικῆς,
606 4555 722 4609 ἀλλ’
767 4555 864 4625 οὐχ
898 4556 1170 4625 ἡμέτερον
1199 4550 1499 4622 λογιζέσθω
1539 4550 1813 4621 ἔγκλημα.

1906 3460 2011 3514 trio
2064 3475 2166 3515 suo
2210 3461 2417 3530 pridem
2450 3460 2743 3530 accipiunt,
2772 3459 3056 3513 nobiscum
3108 3459 3487 3514 communica-

1908 3560 2037 3604 runt
2064 3550 2367 3604 sanctitatis
2404 3558 2600 3605 vestrae
2625 3549 2811 3603 vicarii
2843 3567 2858 3615 ;
2890 3555 3144 3618 oportere
3170 3564 3265 3604 eos
3297 3564 3486 3604 rever-

1908 3641 1970 3706 ti,
2016 3647 2072 3694 et
2097 3640 2163 3694 ad
2191 3639 2461 3709 propriam
2496 3653 2779 3694 recurrere
2814 3653 2953 3702 eam,
3001 3652 3121 3707 quae
3151 3638 3303 3707 prius
3359 3637 3482 3704 fuit,

1908 3740 2159 3786 matrem.
2197 3730 2396 3785 Verum
2416 3730 2460 3784 si
2483 3730 2626 3800 quod
2651 3730 2967 3784 volebamus
2996 3730 3051 3784 in
3073 3738 3259 3785 nostra
3290 3729 3487 3785 luisset

1912 3832 2180 3894 potestate
2214 3824 2403 3887 situm,
2438 3838 2540 3878 nec
2579 3821 2858 3892 negotium
2906 3838 3031 3878 cum
3079 3823 3308 3893 imperio
3343 3823 3487 3879 divi-

1910 3932 2031 3972 sum
2087 3916 2297 3981 fuisset,
2324 3916 2550 3971 dicenda
2581 3930 2743 3970 causa
2772 3929 2881 3969 non
2905 3928 3070 3980 esset,
3102 3916 3197 3970 sed
3226 3915 3341 3985 ipsa
3372 3930 3485 3981 res,

1909 4024 2030 4078 quat
2056 4022 2234 4063 causae
2260 4007 2498 4063 dictione
2528 4022 2593 4061 ac
2620 4006 2765 4060 omni
2812 4005 3129 4061 defensione
3154 4015 3238 4062 est
3285 4006 3487 4076 potior,

1908 4110 2052 4157 esset
2079 4100 2340 4156 exhibita.
2358 4099 2625 4167 Quoniam
2653 4114 2784 4155 vero
2811 4099 3162 4155 ecclesiastici
3182 4108 3237 4154 et
3253 4099 3491 4154 maxime

1906 4194 2029 4264 jura
2082 4207 2203 4262 quae
2250 4192 2317 4246 de
2382 4189 2693 4260 regionibus
2756 4196 2884 4243 sunt
2939 4196 2994 4242 et
3042 4187 3265 4251 ﬁnibus,
3313 4187 3490 4242 solent

1911 4301 2033 4340 cum
2070 4283 2380 4354 reipublicae
2416 4289 2683 4352 potestate
2735 4296 2800 4335 ac
2831 4279 3301 4335 administratione
3363 4296 3488 4336 mu-

1914 4377 2012 4430 tari
2046 4384 2277 4439 ;vestra:
2301 4373 2576 4444 religionis
2611 4370 2860 4441 mquitas,
2889 4380 3131 4425 nostram
3188 4372 3256 4427 ad
3293 4387 3491 4428 conce-

1912 4467 2147 4522 dendum
2198 4466 2567 4521 assensionem
2628 4463 2880 4534 probans,
2923 4462 2977 4517 id
3011 4478 3123 4519 non
3164 4464 3487 4530 obtinuisse,

1913 4555 2223 4627 reipublicae
2240 4553 2748 4615 administrationis,
2783 4568 2892 4606 non
2920 4562 3167 4607 nostrum
3194 4561 3347 4623 putet
3368 4568 3503 4631 esse!

244 4648 400 4717 Ἐγὼ
440 4650 551 4720 γὰρ
577 4650 674 4719 οὐχ
719 4649 756 4703 ἃ
790 4649 957 4702 πάλαι
988 4649 1081 4702 ὑπ’
1113 4647 1306 4711 ἄλλους
1343 4647 1513 4700 ἐτέλει
1547 4646 1686 4717 μετά
1721 4644 1802 4697 τοῐ

1916 4648 2145 4703 crimen.
2182 4647 2296 4717 Ego
2337 4646 2480 4701 enim
2505 4662 2612 4701 non
2644 4648 2825 4712 modo,
2859 4662 2978 4717 quae
3008 4647 3215 4715 pridem
3250 4645 3304 4699 in
3353 4646 3492 4699 alio-

230 4741 480 4803 δικαίου,
514 4742 610 4794 καὶ
640 4742 740 4811 τῆς
770 4740 930 4811 φίλης
960 4742 1181 4812 είρήνης
1225 4738 1587 4809 ἀναστρέφειν
1618 4736 1802 4808 πρόθυ-

1922 4754 2042 4793 rum
2074 4738 2280 4792 ditione
2314 4745 2489 4803 erant,
2519 4754 2641 4791 cum
2670 4739 2793 4808 jure
2825 4748 2880 4793 et
2903 4739 3076 4793 amica
3112 4746 3264 4808 parte
3297 4737 3495 4792 studeo

240 4849 367 4903 μος,
398 4830 536 4884 ἀλλά
564 4831 658 4883 καὶ
689 4830 796 4884 τῶν
822 4829 1084 4884 ἀνέκαθεν
1107 4830 1183 4900 τῷ
1208 4830 1383 4901 θρόνῳ
1426 4830 1600 4900 τούτῳ
1650 4847 1802 4900 προσ·

1921 4831 2147 4887 reddere
2179 4850 2195 4888 :
2227 4829 2322 4885 sed
2348 4830 2562 4884 etiamsi
2595 4830 2951 4900 quorumdam
2984 4844 3048 4883 ex
3088 4829 3154 4883 iis
3180 4844 3301 4898 qua:
3330 4838 3491 4885 antea

238 4922 671 4992 ανατιθεμένων,
687 4923 834 4985 είτις
863 4921 1060 4992 ἰσχύων
1086 4921 1468 4991 ἐπιτροπεύειν
1491 4920 1664 4990 ἠξίου,
1683 4918 1820 4972 ἑτοί-

244 5031 363 5082 μως
407 5014 475 5066 ἂν
499 5012 871 5084 παρεχώρησα
899 5013 977 5081 τῷ
998 5012 1283 5082 δυναμένῳ
1318 5012 1516 5081 μᾶλλον
1556 5011 1817 5064 πλειόνων

232 5102 584 5172 ἀντέχεσθαι.
613 5104 723 5155 Καὶ
747 5104 854 5171 γὰρ
876 5104 904 5155 ὁ
927 5102 1024 5171 μὲν
1056 5102 1178 5172 ὲμοί
1202 5120 1251 5155 τι
1278 5103 1385 5155 τῶν
1411 5104 1473 5155 οὐ
1507 5102 1815 5173 προσόντων

229 5193 577 5264 προστιθεὶς,
611 5189 767 5256 οὗτος
797 5194 860 5245 τὸ
892 5194 1054 5264 βάρος
1080 5192 1240 5246 πλέον
1261 5193 1409 5246 ἐστὶν
1448 5193 1476 5245 ὁ
1506 5192 1771 5253 ἐπιτιθείς
1796 5208 1811 5224 ο

234 5285 516 5358 μερίμνης
549 5284 659 5356 γὰρ
703 5282 933 5354 αὔξησιν
983 5286 1156 5336 ποιεῖ·
1209 5285 1239 5336 ό
1290 5283 1347 5335 δὲ
1384 5284 1480 5335 καὶ
1525 5283 1636 5336 τῶν
1678 5299 1811 5353 προ-

234 5382 603 5453 ὓπαρχόντων
640 5380 761 5433 τινὰ
793 5380 888 5433 σὺν
924 5379 1112 5451 ἀγάπῃ
1138 5379 1322 5432 λαϐεῖν
1347 5380 1650 5447 ἐπιζητῶν,
1683 5378 1818 5449 μᾶλ-

229 5490 323 5531 λον
374 5474 501 5544 ἐμοὶ
550 5475 712 5544 χάριν
741 5473 958 5539 διδόντι,
1008 5473 1043 5547 ἦ
1080 5472 1229 5542 αὐτῷ
1268 5474 1597 5543 λαμϐάνοντι
1628 5474 1817 5544 κέρδος

1922 4923 2051 4978 huic
2092 4922 2204 4977 sedi
2236 4922 2413 4976 dicata
2446 4932 2603 4977 erant
2650 4921 2843 4992 aliquis
2874 4922 3083 4976 viribus
3108 4921 3318 4991 pollens
3359 4928 3509 4992 proo‘

1921 5015 2262 5069 curationem
2309 5014 2648 5083 deposceret,
2698 5021 2917 5084 paratus
2957 5030 3103 5067 eram
3142 5015 3348 5083 petenti
3392 5030 3496 5085 po-

1922 5105 2031 5160 tius
2061 5105 2276 5171 cedere,
2306 5120 2466 5175 quam
2492 5105 2645 5174 plura
2666 5106 2923 5159 retinere.
2954 5104 3087 5159 Nam
3112 5103 3205 5174 qui
3234 5105 3366 5159 mihi
3389 5107 3493 5161 ali—

1919 5197 2049 5266 quid
2072 5211 2257 5251 eorum
2289 5212 2410 5267 qua:
2440 5213 2549 5251 non
2588 5197 2810 5251 habeam
2852 5197 3023 5259 addit,
3051 5196 3095 5249 is
3115 5198 3237 5267 plus
3263 5199 3496 5268 imponit

1920 5287 2104 5342 oneris
2128 5304 2142 5352 ;
2167 5303 2350 5341 curam
2376 5288 2522 5341 enim
2543 5297 2596 5340 et
2621 5285 3040 5339 sollicitudinem
3060 5301 3088 5339 a
3113 5302 3199 5341 me
3220 5289 3453 5353 postulat
3477 5307 3494 5344 :

1920 5379 2009 5449 qui
2041 5394 2169 5433 vero
2205 5394 2395 5433 eorum
2421 5395 2539 5448 qua}
2560 5378 2692 5432 mihi
2716 5387 2890 5441 erant,
2917 5378 3121 5446 aliquid
3151 5379 3208 5433 in
3228 5394 3286 5433 se
3314 5389 3494 5435 trans-

1921 5472 2047 5539 fert,
2084 5471 2311 5543 gratiam
2364 5486 2395 5525 a
2434 5486 2519 5526 me
2553 5471 2694 5533 init;
2748 5470 2920 5525 levius
2948 5472 3091 5525 enim
3118 5470 3253 5525 mihi
3295 5470 3494 5541 praefe-

1754 5614 1984 5671 NOTAE.

302 5711 385 5781 (6)
427 5712 541 5766 Hos
574 5709 752 5764 Graeci
776 5708 1346 5779 αὑτοχειροτονήτους.
