4032 6442
285 357 391 419 617
1447 351 1877 414 ΕΡΙΞΤΟΕΑΒ“

1961 347 1989 405 r'I
2030 347 2263 407 LIBER
2306 348 2357 406 Ι.
3448 341 3553 404 618

277 469 428 530 σθαι,
487 466 520 536 ἦ
573 465 708 537 πρὸς
768 466 967 519 κακίαν
1031 465 1437 533 ύποσύρεσοαι⁸
1500 463 1582 515 διὸ
1639 462 1721 513 δεῖ
1782 461 1869 512 καὶ

1980 459 2265 527 sciplinam
2311 472 2375 510 ac
2417 455 2737 510 modestiam
2774 453 2828 506 in
2863 453 3119 507 omnibus
3155 468 3299 507 curae
3324 454 3549 512 habens,

272 560 377 627 τὴν
435 557 709 628 ὑμετέραν
764 556 1130 625 πολυέραστον
1191 554 1564 624 μακαριότητα
1617 555 1716 621 τῆς
1769 554 1862 602 ὲκ-

1969 555 2026 599 ct
2072 545 2393 598 canonicam
2440 551 2634 596 tenens
2694 542 3103 604 rectitudinem,
3163 557 3257 596 eos
3301 542 3393 611 qui
3435 543 3556 594 sine

273 650 682 718 κλησιαστικῆς
722 647 977 711 εὐταξίας
1016 649 1072 699 ἐν
1130 649 1265 698 πᾶσι
1326 645 1736 715 φροντίζουσαν,
1774 645 1865 695 καὶ

1969 635 2434 690 commendatitiis
2453 635 2654 688 litteris
2674 633 2741 687 ad
2774 633 3073 686 llomanam
3103 633 3402 687 Ecclesiam
3431 634 3559 687 hinc

274 740 381 809 τῆς
410 739 698 809 κανονικῆς
723 738 1090 808 ἀντεχομένην
1113 737 1426 806 εὐθύτητος,
1460 739 1584 801 τοὺς
1617 735 1744 790 ἄνευ
1775 753 1866 787 συ-

1969 726 2412 798 proﬁciscdntur,
2464 741 2575 778 non
2643 733 2850 778 temere
2900 739 2963 778 ac
3014 723 3239 778 fortuito
3291 724 3554 794 recipere,

277 831 556 885 στατικῶν
589 831 931 901 γραμμάτων
959 830 1093 900 πρὸς
1117 831 1217 900 τὴν
1244 831 1350 882 τῶν
1415 829 1702 898 Ῥωμαίων
1745 829 1869 881 Ἐκ-

1972 836 2076 875 nec
2106 820 2288 874 sinere
2347 817 2737 887 hospitalitatis
2804 817 2984 886 specie
3028 816 3136 870 odii
3183 815 3408 869 fraterni
3452 816 3559 885 jaci

279 924 522 993 κλησίαν
547 923 797 976 ἐντεῦθεν
828 923 1185 993 ἀπαίροντας,
1244 923 1316 993 μὴ
1353 923 1428 986 ὡς
1459 923 1646 992 ἔτυχεν
1679 921 1871 974 ὑποδέ-

1973 914 2206 971 semina.
2238 910 2371 965 Nam
2419 911 2659 981 quotidie
2725 911 2793 964 ad
2834 921 3071 964 vestram
3125 921 3406 980 paternam
3438 925 3561 964 san-

279 1017 518 1086 χεσθαιο
559 1017 694 1085 μηδὲ
737 1013 1042 1085 φιλοξενίας
1077 1019 1464 1086 προσχήματι,
1514 1014 1871 1085 μισαδελφίας

1973 1011 2216 1064 ctitatem
2279 1022 2394 1068 eos,
2449 1006 2541 1075 qui
2596 1005 2786 1067 velint,
2815 1005 2988 1070 adire,
3035 1014 3090 1058 et
3141 1004 3395 1073 pretiosis
3441 1005 3560 1074 ejus

277 1110 642 1178 παραχωρεῖν
702 1105 1136 1160 καταϐάλλεσθαι
1188 1107 1512 1177 σπέρματαο
1549 1105 1610 1156 τὸ
1642 1104 1740 1174 μὲν
1764 1105 1869 1174 γὰρ

1974 1100 2082 1154 frui
2102 1099 2368 1170 vestigiis,
2390 1098 2495 1152 hoc
2519 1097 2654 1150 mihi
2687 1097 2844 1152 valde
2883 1096 3117 1150 amabile
3148 1105 3252 1160 est,
3281 1111 3344 1149 ac
3377 1095 3564 1150 multis

277 1202 410 1253 καθ’
438 1201 676 1270 ἑκάστην
701 1200 838 1269 πρὸς
861 1200 958 1268 τὴν
983 1200 1012 1250 ύ
1021 1199 1137 1267 μῶν
1160 1199 1435 1269 πατρικὴν
1463 1199 1720 1267 ὁσιότητα
1746 1199 1869 1260 τοὺς

1975 1195 2094 1249 aliis
2123 1194 2289 1248 rebus
2322 1191 2812 1260 anteponendum:
2844 1200 2899 1244 at
2928 1190 3047 1244 sine
3102 1199 3287 1243 nostra
3313 1189 3561 1253 scientia,

283 1291 656 1362 βουλομένους
712 1291 1135 1362 παραγίνεσθαι,
1178 1292 1273 1344 καὶ
1325 1292 1438 1344 τῶν
1465 1290 1663 1361 τιμίων
1699 1291 1874 1358 αὐτῆς

1975 1296 2032 1341 et
2078 1287 2283 1356 absque
2336 1283 2804 1340 commendatitiis
2855 1282 3052 1336 litteris
3103 1282 3565 1352 peregrinationes

281 1383 588 1436 ἀπολαύειν
646 1384 826 1453 ἰχνῶν,
880 1383 1038 1436 τοῦτο
1092 1384 1213 1436 λίαν
1247 1387 1370 1453 ἐμοὶ
1425 1384 1746 1453 προσφιλὲς,
1777 1386 1873 1436 καὶ

1977 1381 2130 1434 nullo
2162 1379 2354 1434 ordine
2401 1378 2605 1448 suscipi
2632 1396 2645 1431 :
2672 1377 2727 1432 id
2762 1392 2864 1432 nec
2894 1376 3074 1440 nobis,
3108 1391 3213 1430 nec
3242 1374 3563 1437 canonibus,

286 1473 398 1540 πρὸ
422 1471 634 1524 πολλῶν
663 1471 840 1524 ἀλλων
871 1470 1182 1540 τιμώμενον
1204 1488 1216 1500 ’
1246 1473 1306 1523 τὸ
1327 1472 1383 1524 δὲ
1411 1473 1580 1542 χωρὶς
1614 1472 1714 1540 τῆς
1736 1472 1768 1540 ἡ
1779 1489 1874 1539 με-

1976 1486 2082 1526 nec
2105 1486 2236 1526 vero
2277 1480 2462 1526 vestro
2491 1470 2844 1542 integerrimo
2861 1469 3069 1538 judicio
3098 1477 3184 1522 est
3213 1466 3567 1538 acceptabile.

283 1564 458 1632 τέρας
491 1563 766 1632 εἰδήσεως,
805 1564 900 1616 καὶ
934 1563 1273 1617 συστατικῶν
1326 1563 1671 1635 γραμμάτων
1721 1562 1872 1627 ἄνευ,

1978 1565 2185 1620 Omitto
2215 1567 2362 1621 enim
2385 1566 2488 1620 alia
2519 1580 2640 1636 quae
2667 1564 2892 1618 evenire
2918 1563 3100 1618 solent
3130 1562 3197 1616 iis
3213 1563 3304 1632 qui
3323 1562 3454 1616 hinc
3483 1561 3570 1616 di—

285 1656 608 1725 ἀποδημίας
638 1655 907 1718 ἀτάκτους
943 1657 1240 1718 ποιεῖσθαι,
1265 1653 1389 1708 οὔτε
1438 1657 1570 1725 ἡμῖν
1608 1654 1730 1707 οὔτε
1762 1658 1876 1717 τοῖς

1980 1657 2230 1721 scedunt,
2265 1657 2368 1712 iter
2391 1674 2455 1712 ac
2495 1657 2968 1729 peregrinationes
2998 1673 3107 1711 non
3131 1659 3282 1727 juxta
3305 1672 3569 1712 canonem

289 1748 538 1814 κανόσιν,
573 1748 687 1802 ἀλλ’
709 1748 825 1800 οὐδὲ
846 1751 911 1818 τῇ
945 1747 1099 1817 ὑμῶν
1119 1748 1402 1817 ἀδεκάστῳ
1423 1751 1601 1817 κρίσει
1629 1746 1877 1815 εὐπαρά-

1984 1747 2314 1804 habentibus
2356 1765 2585 1820 pugnas,
2627 1749 2948 1814 seditiones,
2975 1749 3141 1814 rixas,
3169 1749 3571 1810 contentiones.

289 1841 508 1894 δεκτόν·
568 1839 748 1909 ἐῶμεν
781 1838 890 1908 γὰρ
919 1839 965 1890 τ’
1004 1839 1138 1892 ἄλλα
1170 1839 1204 1892 ἃ
1232 1839 1554 1908 συμϐαίνειν
1594 1837 1772 1901 εἴωθε,
1804 1838 1880 1908 μὴ

1983 1841 2305 1906 calumnias,
2341 1841 2588 1906 insidias,
2616 1842 3073 1895 insurreetiones.
3124 1839 3230 1894 Sed
3259 1840 3403 1910 quod
3427 1857 3574 1896 nunc

292 1932 444 1984 κατά
475 1932 570 1982 τὸν
622 1931 825 1984 κανόνα
876 1930 977 1994 τὰς
1009 1929 1320 2003 ἀποδημίας
1380 1930 1740 2000 ποιουμένων,
1773 1930 1884 1982 τῶν

1985 1934 2224 1998 videtur,
2261 1949 2326 1988 ac
2365 1934 2441 1998 fit,
2485 1933 2706 1998 dicam;
2735 1948 2860 1987 cum
2901 1931 3048 1986 enim
3077 1931 3166 1986 hic
3204 1931 3451 1985 nonnulli
3477 1948 3575 2002 per

290 2022 728 2092 ἀποδημούντων
754 2023 854 2085 τὰς
879 2024 1078 2092 μάχας,
1115 2023 1212 2085 τὰς
1247 2023 1464 2086 στάσεις
1486 2062 1500 2086 ,
1546 2022 1645 2084 τὰς
1679 2020 1880 2093 ἔριδας,

1986 2028 2256 2098 impuram
2289 2027 2593 2096 nequitiam
2652 2028 2816 2081 vitam
2853 2024 3276 2080 contaminarint
3305 2040 3370 2079 ac
3399 2025 3574 2079 sordi-

290 2115 400 2177 τὰς
428 2114 786 2182 φιλονεικίας,
831 2116 930 2176 τὰς
982 2113 1257 2176 διαϐολὰς,
1310 2113 1407 2175 τὰς
1438 2113 1751 2178 ἐπιϐουλάς,
1784 2114 1882 2176 τὰς

1987 2114 2168 2168 darint
2197 2131 2210 2167 :
2245 2113 2316 2167 sit
2344 2128 2475 2168 vero
2503 2114 2858 2184 exspectatio,
2880 2115 2947 2168 de
2971 2115 3038 2168 iis
3071 2113 3359 2171 criminum
3388 2130 3577 2183 pinnas

293 2207 702 2268 ἐπαναστάσεις
729 2245 743 2269 ,
793 2206 929 2260 ἀλλὰ
982 2207 1043 2258 τό
1101 2223 1165 2274 γε
1221 2205 1318 2259 νῦν
1351 2205 1629 2276 ὁρώμενόν
1681 2223 1743 2258 τε
1792 2206 1885 2258 καὶ

1985 2207 2286 2276 expetitum
2320 2207 2382 2260 iri
2412 2223 2426 2260 :
2461 2207 2710 2276 speciosa
2739 2211 3146 2276 nuncupatione
3176 2204 3388 2275 fugitivi
3416 2204 3574 2268 fiunt,

297 2299 680 2368 πραττόμενον
719 2298 828 2369 ἐρῶ
852 2313 866 2329 ⁸
905 2297 1124 2351 ἐπειδάν
1165 2297 1275 2368 γάρ
1333 2296 1568 2351 ἐνταῦθά
1609 2315 1757 2360 τινες
1797 2298 1887 2350 διά

1988 2297 2252 2351 orationis
2272 2312 2334 2352 ac
2356 2299 2467 2352 voti
2488 2313 2693 2352 nomen
2727 2296 2866 2369 fugae
2891 2313 3004 2351 sua:
3033 2296 3304 2361 indentes,
3327 2310 3390 2350 ac
3421 2304 3577 2363 turpe

295 2393 407 2461 τῆς
441 2390 744 2444 παθοποιοῦ
797 2390 1079 2462 ῥᾳστώνης
1104 2391 1193 2444 τὸν
1244 2390 1360 2459 βίον
1383 2390 1885 2461 καταρρυπώσωσι,

1988 2388 2251 2460 ﬂagitium
2293 2389 2658 2459 appellatione
2684 2389 2854 2460 proba
2899 2396 3276 2457 contegentes.
3332 2385 3575 2451 Quorum

297 2486 418 2540 τῶν
453 2485 510 2538 δὲ
569 2483 1060 2556 πλημμελημάτων
1119 2481 1351 2546 εὐθύνας
1397 2485 1752 2545 ἀπαιτεῖσθαι
1787 2478 1889 2536 ὦσι.

1991 2481 2083 2534 alii
2125 2481 2304 2535 aliena
2333 2482 2587 2554 conjugia
2626 2482 3006 2553 perfoderunt,
3042 2481 3130 2534 alii
3158 2479 3290 2534 furti
3335 2477 3581 2533 damnati

298 2577 688 2649 προσδόκιμοι,
726 2576 864 2647 μετά
893 2575 1098 2645 σεμνῆς
1129 2575 1230 2643 τῆς
1285 2575 1606 2645 ἐπωνυμίας
1653 2577 1890 2645 φυγάδες

1995 2581 2145 2638 sunt,
2173 2582 2267 2627 aut
2303 2573 2617 2628 vinolentiaa
2641 2588 2701 2628 se
2729 2573 3114 2643 propinarunt,
3173 2579 3266 2625 aut
3319 2569 3579 2636 lasciviae,

301 2669 615 2739 γίγνονται,
663 2669 974 2738 προσευχῆς
1026 2666 1196 2737 ὄνομα
1223 2669 1290 2738 τῇ
1337 2670 1483 2738 φυγῇ
1517 2667 1891 2738 περιθέμενοι,

1993 2666 2206 2720 libidini
2236 2674 2292 2720 et
2321 2665 2763 2735 intemperantiae
2809 2665 3119 2719 servierunt
3149 2679 3164 2729 ;
3206 2663 3296 2716 alii
3333 2676 3466 2717 vero
3505 2671 3585 2716 te-

304 2763 407 2815 καὶ
423 2763 625 2832 πρᾶξιν
647 2761 880 2830 αἰσχράν
900 2759 1168 2830 ὀνομασίᾳ
1192 2763 1403 2830 χρηστῇ
1424 2760 1892 2830 συγκαλύιζκαντες⁶

1995 2755 2250 2809 nuiorum
2282 2755 2567 2808 hominum
2601 2769 2955 2824 percussores
2983 2762 3039 2807 et
3067 2751 3355 2807 homicidae
3386 2751 3587 2820 depre-

304 2848 391 2907 ὧν
420 2854 473 2906 οἱ
495 2853 596 2922 μὲν
627 2849 941 2922 ἀλλοτρίους
969 2851 1179 2918 γάμους
1207 2848 1494 2920 διώρυξαν,
1515 2851 1566 2902 οἱ
1587 2849 1643 2902 δὲ
1667 2849 1896 2914 κλοπαῖς

1997 2846 2156 2901 hensi
2199 2854 2362 2910 sunt;
2411 2846 2502 2900 alii
2562 2847 2685 2900 aliis
2731 2845 3080 2916 passionibus
3123 2843 3485 2898 immunditim
3527 2855 3588 2897 se

305 2945 652 3008 ἑαλώκεσαν,
679 2943 714 3014 ἢ
743 2945 864 3006 ταῖς
897 2941 1088 3011 μέθαις
1114 2940 1518 3010 προεπόθησαν,
1553 2939 1586 3009 ἢ
1615 2943 1735 3002 ταῖς
1768 2941 1897 2993 ἀκο-

1999 2938 2408 2994 immerserunt.
2453 2938 2558 3005 Qui
2623 2954 2747 2992 cum
2797 2938 2851 2991 in
2901 2937 3112 3007 seipsos
3151 2937 3243 3006 jus
3289 2933 3488 2999 emitti,
3527 2942 3589 2988 ut

306 3039 533 3100 λασίαις
554 3034 931 3104 ἐδουλώθησαν
951 3049 965 3063 ·
997 3032 1145 3086 ἄλλοι
1173 3031 1228 3083 δὲ
1255 3029 1477 3084 καὶτῶν
1497 3029 1898 3101 ταπεινοτέρων

2000 3031 2259 3095 diximus,
2308 3031 2732 3100 persentiscunt,
2766 3029 2928 3083 simul
2978 3027 3160 3081 omnia
3206 3027 3500 3081 miscentes
3534 3032 3591 3079 et

308 3129 635 3199 αὐτόχειρες
686 3126 1068 3197 ἐφωράθησαν,
1128 3124 1222 3177 καὶ
1273 3123 1423 3178 ἄλλοι
1456 3122 1634 3184 ἄλλοις
1670 3122 1897 3175 πάθεσιν

2002 3125 2414 3190 conturbantes,
2471 3123 2799 3192 ﬂagitiorum
2866 3136 2931 3175 ac
3002 3119 3306 3174 facinorum
3363 3131 3592 3173 suorum

310 3217 664 3288 ἀκαθαρσίας
698 3214 1121 3286 συνεσχέθησαν·
1168 3213 1217 3266 οἳ
1263 3213 1482 3266 ἐπειδὰν
1542 3212 1663 3266 κατ’
1718 3213 1900 3266 αὐτῶν

2004 3232 2195 3288 pmnas
2219 3217 2346 3287 fuga
2386 3217 2739 3281 amoliuntur,
2771 3230 2874 3270 nec
2915 3211 3384 3284 objurgationibus
3423 3210 3591 3264 casti-

311 3313 419 3382 τὴν
440 3309 598 3378 δίκην
623 3306 949 3376 ἀφιεμένην,
984 3303 1174 3374 ὥσπερ
1205 3304 1438 3372 ἔφημεν,
1485 3300 1901 3365 συναίσθωνται,

2006 3312 2136 3384 gati,
2167 3327 2269 3367 nec
2297 3311 2579 3382 suppliciis
2605 3309 2802 3374 curati,
2834 3324 2937 3362 nec
2965 3323 3025 3361 se
3055 3323 3084 3360 a
3114 3307 3269 3374 lapsu
3296 3303 3589 3373 erigentes,

311 3402 462 3476 ὁμοῦ
488 3403 668 3454 πάντα
697 3398 1038 3468 κυκήσαντές
1063 3414 1123 3448 τε
1147 3397 1241 3450 καὶ
1275 3394 1708 3465 συνταράξαντες
1728 3433 1743 3457 ,
1770 3395 1902 3463 δρα-

2007 3403 2105 3458 sed
2137 3403 2240 3457 sibi
2275 3411 2438 3471 atque
2485 3401 2605 3455 aliis
2638 3415 2812 3470 usque
2861 3395 3173 3468 perniciosi.
3209 3393 3285 3447 Ex
3315 3392 3513 3461 quibus
3540 3391 3591 3444 ei

315 3494 450 3565 σμῷ
475 3493 571 3555 τὰς
602 3492 698 3543 ὲπί
742 3492 856 3553 τοῖς
901 3486 1390 3558 αἱσχρουργηθεῖσι
1433 3486 1535 3539 καὶ
1578 3485 1905 3556 τολμηθεῖσι

2007 3495 2100 3565 qui
2148 3494 2284 3548 velit
2337 3492 2684 3564 passionibus
2740 3490 2964 3545 delicias
3012 3490 3224 3553 facere,
3289 3487 3396 3541 lata
3437 3483 3590 3539 exitii

313 3582 707 3653 διακρούονται
739 3579 1027 3640 κολάσεις·
1067 3578 1205 3648 μήτε
1249 3579 1372 3639 ταῖς
1421 3577 1768 3646 ὲπιτιμήσεσι
1801 3594 1905 3628 σω-

2007 3595 2162 3658 porta
2196 3587 2564 3657 subaperitur.
2623 3583 2836 3638 Habent
2891 3583 3039 3637 enim
3079 3597 3254 3653 paena:
3309 3579 3593 3650 effugium,

318 3674 730 3747 φρονιζόμενοι,
770 3672 910 3742 μήτε
967 3671 1089 3722 ταῖς
1118 3668 1409 3739 τιμωρίαις
1459 3667 1905 3739 θεραπευόμενοι,

2008 3680 2240 3735 Romam
2280 3681 2384 3734 sub
2437 3679 2698 3733 orationis
2733 3677 2960 3731 obtentu
3009 3673 3301 3746 proficisci.
3349 3671 3591 3738 Quorum

324 3771 474 3839 μήτε
499 3765 594 3818 τοῦ
623 3763 917 3831 πτώματος
941 3760 1168 3832 ἀνορθού
1178 3777 1349 3830 μενοι,
1382 3760 1494 3814 ἀλλ’
1526 3761 1708 3824 αὐτοῖς
1729 3777 1789 3813 τε
1814 3760 1909 3813 καὶ

2010 3773 2152 3827 male
2202 3771 2494 3826 artiﬁciosa
2566 3770 2847 3824 molimina
2909 3768 3278 3831 considerans,
3349 3771 3592 3818 vestrum

321 3861 444 3920 τοῖς
477 3855 660 3917 ἀλλοις
705 3852 1078 3913 διατελοῦντες
1124 3851 1378 3921 ὀλέθριοιο
1424 3850 1484 3915 ἐξ
1501 3844 1577 3905 ὧν
1608 3849 1686 3919 τῷ
1721 3851 1908 3920 βηυλο-

2012 3865 2293 3935 passiones
2360 3862 2693 3918 interficiens
2753 3873 2809 3915 et
2866 3859 2975 3914 Deo
3009 3857 3377 3930 gratissimum
3410 3864 3593 3924 caput,

329 3951 484 4020 μένῳ
510 3946 709 4000 πάθεσι
734 3946 948 4015 τρυφᾷν
979 3946 1012 4013 ὴ
1046 3943 1189 4012 πύλη
1220 3944 1452 3996 πλατεῖα
1488 3945 1590 4013 τῆς
1630 3944 1910 4008 ἀπωλείας

2013 3957 2261 4012 inutilem
2296 3956 2382 4019 iis,
2425 3963 2482 4009 et
2536 3970 2736 4009 vanum
2760 3962 2813 4006 et
2848 3953 2966 4006 siue
2990 3950 3190 4005 effectu
3223 3947 3474 4003 ostendat
3509 3947 3601 4001 do-

325 4039 746 4106 ὑπανοίγνυταιο
783 4035 1096 4105 ἔχουσιγάρ
1145 4037 1244 4105 τῆς
1275 4035 1432 4106 δίκης
1477 4037 1782 4105 ἀποφυγεῖν
1812 4036 1912 4106 τὴν

2012 4050 2143 4121 lum,
2187 4057 2242 4102 et
2293 4048 2626 4102 voluntatem
2674 4047 2844 4100 multa
2895 4043 3147 4113 nequiter
3167 4040 3594 4104 machinantem,

322 4133 428 4184 ἐπὶ
458 4130 732 4201 προφάσει
772 4127 1082 4197 προσευχῆς
1136 4127 1230 4179 ἐπὶ
1276 4126 1498 4211 Ῥώμην
1544 4127 1800 4182 κάθοδονο
1836 4124 1912 4182 ὧν

2012 4149 2066 4194 et
2100 4139 2250 4194 varie
2286 4145 2668 4204 consueutem,
2703 4153 2796 4192 eos
2840 4138 2932 4207 qui
2979 4136 3099 4190 sine
3135 4133 3599 4189 commendatitiis

321 4225 428 4294 τὴν
461 4223 790 4290 κακότεχνον
831 4219 1080 4289 μηχανὴν
1112 4218 1414 4288 ἡύμετέρα
1451 4217 1782 4280 παθοκτόνος
1815 4219 1912 4272 καὶ

2013 4231 2211 4285 litteris
2250 4230 2570 4294 adveniunt,
2631 4229 2923 4299 diligenter
2965 4227 3095 4280 illuc
3146 4225 3420 4295 redigens,
3453 4224 3598 4277 unde

324 4313 725 4384 θεοχαρίτωτος
769 4308 1156 4364 άνασκοποῦσα
1181 4308 1415 4378 κεφαλὴ,
1434 4308 1706 4380 ἄχρηστον
1729 4310 1914 4373 αὐτοῖς

2014 4322 2174 4387 male,
2208 4337 2272 4376 ac
2301 4322 2452 4375 nullo
2489 4321 2678 4375 ordine
2716 4320 3047 4391 effugerunt.
3093 4319 3184 4372 Sic
3215 4319 3365 4372 enim
3395 4325 3451 4371 et
3480 4316 3598 4370 illo—

327 4410 430 4463 καὶ
467 4406 896 4477 ἀτελεσφόρητον
925 4404 1015 4457 τὸν
1037 4404 1186 4456 δόλον
1215 4405 1309 4457 καὶ
1350 4405 1449 4473 τὴν
1494 4405 1914 4475 μηχανορράφον

2020 4429 2136 4468 rum
2185 4415 2330 4469 salus
2381 4415 2780 4484 procurabitur,
2818 4423 2875 4467 et
2932 4412 3198 4482 regularis
3254 4409 3520 4464 modestia
3547 4417 3602 4461 et

324 4499 686 4568 ἀποφαινέτω
709 4497 1063 4568 προαίρεσιν·
1097 4496 1224 4559 τοὺς
1271 4496 1400 4550 ἄνευ
1431 4497 1773 4550 συστατικῶν
1805 4515 1911 4550 πα-

2014 4505 2151 4560 ordo
2186 4506 2542 4568 custodietur,
2573 4514 2626 4560 et
2668 4505 2972 4560 ﬁrmabitur
3025 4520 3180 4559 amor
3218 4503 3511 4563 fraternus,
3547 4509 3603 4553 et

327 4591 724 4664 ραγινομένους
781 4589 1143 4660 γραμμάτων,
1199 4587 1315 4658 μετ’
1368 4589 1686 4657 ἐπιμελείας
1733 4591 1911 4643 ἐκεῖσε

2020 4597 2329 4651 communis
2373 4598 2678 4652 sollicitudo
2725 4598 2979 4652 omnibus
3016 4599 3084 4652 ad
3120 4597 3351 4650 salutem
3405 4596 3601 4648 animae

327 4684 500 4738 πάλιν
557 4681 1067 4751 ὲπαναστρέφουσα,
1115 4681 1236 4734 ὅθεν
1294 4674 1482 4743 κακῶς
1532 4685 1626 4734 καὶ
1659 4682 1912 4748 ἀτάκτως

1151 4681 1236 4732 θεν
1294 4674 1482 4743 κακῶς
1532 4685 1626 4734 καὶ
1659 4682 1912 4748 ἀτάκτως
2020 4690 2341 4759 eteorporis
2379 4691 2743 4760 impendetur.

330 4777 602 4845 ἐξέφυγον
623 4793 637 4806 ο
666 4774 808 4827 οὕτω
831 4775 940 4845 γὰρ
969 4773 1036 4824 ἀν
1066 4774 1246 4826 αὐτῶν
1265 4790 1325 4825 τε
1354 4773 1581 4827 ἐκείνων
1607 4775 1640 4844 ή
1679 4776 1920 4845 σωτηρία
1966 4781 2435 4851 πραγματεύοιτο,
2466 4785 2618 4854 κοινή
2672 4801 2732 4836 τε
2788 4786 2820 4855 ᾑ
2872 4783 3094 4851 φροντὶς
3115 4784 3279 4834 πᾶσιν
3326 4779 3414 4833 ἐπ’
3454 4778 3609 4847 dupe--

332 4868 457 4940 λείᾳ
490 4869 671 4940 ψυχῆς
702 4884 764 4920 τε
797 4868 890 4920 καὶ
921 4867 1170 4936 σώματος
1194 4865 1628 4936 πρυτανεύοιτο.]

1712 4959 2051 5016 EPISTOLA
2096 4961 2186 5016 IlI.

908 5049 986 5104 Ad
1028 5050 1322 5105 Orientales
1369 5049 1718 5106 Patriarclzas
1765 5065 1812 5107 et
1851 5053 2219 5116 OEconomum
2261 5055 2512 5110 Ecclesia:
2543 5056 2875 5110 Antiocheme
2906 5056 3005 5123 (8).

959 5138 1182 5192 ΕΠΙΣΤ.
1219 5137 1296 5192 Δ’.

2629 5147 2849 5202 EPIST.
2911 5146 2998 5200 IV.

333 5231 560 5302 Βάρδᾳ,
619 5230 956 5299 Μαγίστρῳ,
989 5230 1282 5292 Πατρικίῳ¹
1337 5229 1438 5283 καὶ
1468 5233 1921 5301 Κουροπαλάτῃ.

1865 5253 1921 5301 ῃ.
2178 5237 2404 5303 Bardas,
2435 5238 2686 5310 Magistro
2706 5279 2721 5304 ,
2758 5239 2988 5293 Patritio
3017 5247 3064 5292 et
3101 5238 3456 5310 Curopalataz.

1501 5325 1642 5377 Edita
1665 5343 1689 5377 a
1714 5329 2009 5379 Montacutio
2031 5337 2136 5394 (ep.
2156 5336 2210 5394 5,
2227 5347 2257 5396 p
2299 5333 2402 5396 63$.)

410 5414 542 5470 Ἐπί⁸
570 5411 631 5466 τὺ
683 5414 846 5478 ἀλγος
893 5408 1001 5461 τῶν
1035 5410 1365 5480 τραυμάτων
1399 5429 1501 5480 μου
1530 5414 1918 5484 προστίθεσθαι

2101 5419 2350 5472 Dolorem
2398 5420 2569 5474 dolori
2614 5436 2858 5474 meorum
2889 5422 3180 5475 vulnerum
3213 5423 3599 5492 superaddere,

334 5510 590 5577 ἄλγημα,
628 5502 725 5572 τῆς
757 5501 858 5570 μὲν
886 5502 1024 5571 ἐμῆς
1078 5500 1207 5564 ἴσως
1246 5501 1567 5574 ἀθλιότητος
1605 5506 1774 5573 ἄξιον,
1818 5510 1919 5576 τῆς

2028 5510 2255 5581 dignum
2280 5510 2530 5566 fortassis
2555 5528 2673 5566 mea
2697 5514 2914 5568 miseria
2947 5513 3083 5581 fuit;
3113 5514 3394 5582 indignum
3417 5526 3601 5570 autem

1859 5621 2092 5678 ΝΟΤᾸΞ.

424 5720 499 5790 (8)
518 5716 707 5869 Εέειοι
724 5714 777 5768 in
797 5728 958 5868 opeé'e
979 5711 1284 5864 catiliiltuius
1298 5715 1480 5783 Τόμος
1499 5712 1713 5785 χαρᾶς,
1740 5716 1947 5773 editum
1973 5717 2263 5776 But/mres:
2280 5737 2373 5775 an.
2390 5721 2546 5779 1705.
2573 5720 2685 5778 Hoc
2703 5723 2901 5779 frustra
2921 5723 3024 5779 huc
3041 5739 3213 5792 usque
3229 5724 3602 5792 quaesivimus.

603 5822 828 5866 ιτιιοι..
934 5823 992 5864 ιι.
1155 5849 1172 5866 .
3209 5817 3288 5869 2t)

603 5822 828 5866 ιτιιοι..
874 5804 992 5868 Gn.
1045 5804 1172 5866 Cll.

3209 5817 3287 5875 20
