3964 6462
500 337 603 398 619

1662 331 1926 392 ΡΗΟΤΙΙ
1965 333 2084 393 PA']

2198 334 2466 393 ARCIHE
2503 335 2610 394 (ΣΡ.
3617 349 3702 414 620

501 453 661 524 plane
687 448 1165 506 commiseratione
1193 459 1395 510 vestra.
1446 458 1503 505 et
1536 449 1738 504 affectu
1780 450 1870 504 illo
1897 465 2004 519 quo
2031 450 2084 503 in

2189 451 2231 502 δ’
2272 451 2542 521 ὑμετέρας
2576 449 2940 521 συμπαθείας,
2976 448 3069 502 καὶ
3115 447 3242 518 περὶ
3274 449 3408 519 ἡμᾶς
3439 453 3702 529 διαθέσεως,

504 560 591 599 me
619 543 845 597 animari
867 543 1093 597 debeas.
1118 542 1276 608 Quod
1312 543 1360 597 si
1401 543 1524 612 quis
1583 541 1688 597 sibi
1754 542 2088 612 persuaserit

505 643 697 690 contra
731 643 966 690 vestram
997 635 1259 689 obvenire
1292 634 1454 689 nobis
1486 634 1591 689 ista
1623 634 1962 688 voluntatem
1989 674 2003 697 ,
2042 633 2090 686 is

505 741 631 780 cum
663 726 843 780 videat
866 725 969 779 ista
998 740 1100 779 nos
1126 725 1264 795 pati,
1298 733 1354 780 te
1383 733 1712 794 potestatem
1748 734 1805 779 et
1832 724 1941 779 vim
1967 725 2090 794 pul-

508 818 662 873 sandi
700 817 1040 888 possidente,
1069 827 1247 872 mutet
1271 818 1500 872 omnino
1527 817 1859 873 sententiam
1909 833 2084 871 suam.

507 909 735 980 Decepti
766 925 977 976 sumus,
1009 910 1189 965 aﬂ‘ecti
1234 910 1582 964 contumeliis
1616 948 1631 974 ,
1691 909 1962 965 dedecore
2034 916 2092 963 et

508 1003 745 1072 injuriis,
768 1003 998 1072 insuper
1022 1010 1078 1057 et
1097 1002 1150 1056 in
1174 1018 1276 1057 nos
1298 1001 1717 1071 conspirabatur
1745 1017 1760 1066 ;
1789 1001 1882 1055 sed
1907 1010 2088 1055 tamen

508 1094 714 1165 plagas,
742 1095 919 1161 aiunt,
952 1110 1061 1148 non
1110 1095 1423 1165 accepimus
1454 1112 1467 1148 :
1497 1094 1608 1148 imo
1639 1104 1819 1149 autem
1869 1095 2086 1164 accepi-

509 1203 653 1248 mus,
683 1198 738 1242 et
782 1189 926 1257 quod
972 1186 1194 1258 gravius
1224 1194 1328 1252 est,
1369 1186 1514 1241 haud
1551 1186 1606 1241 in
1657 1203 1921 1257 corpore;
1959 1188 2090 1242 illud

512 1280 658 1333 enim
693 1280 746 1332 in
785 1280 975 1334 oculos
1017 1279 1260 1333 incurret
1291 1278 1537 1333 omnium
1562 1321 1577 1347 ,
1625 1287 1681 1333 et
1729 1280 2090 1334 lacessentem

511 1373 836 1443 redarguet,
879 1381 936 1428 et
987 1372 1040 1426 in
1097 1371 1432 1426 intuentium
1478 1382 1533 1427 et
1584 1372 2092 1427 commiserantium

512 1463 881 1528 condolentia,
912 1463 1203 1533 quamdam
1235 1463 1848 1518 habetconsolationem
1876 1481 1890 1528 ;
1915 1464 2009 1518 sed
2036 1463 2093 1518 in

510 1555 692 1609 anima
724 1555 910 1624 plagas
941 1555 1183 1619 tulimus,
1206 1569 1308 1624 per
1341 1554 1579 1608 animam
1600 1555 1806 1610 morbis
1837 1555 2095 1625 afﬂigitur

509 1661 743 1716 corpus:
777 1646 866 1700 hic
883 1646 975 1716 qui
1005 1645 1215 1718 afﬂigit,
1243 1645 1404 1700 veluti
1441 1646 1578 1700 nihil
1608 1644 1816 1700 faciens
1854 1645 2091 1714 injuriae,

509 1756 621 1794 non
653 1739 898 1810 pudelit;
943 1739 987 1793 is
1021 1748 1202 1792 autem
1231 1737 1322 1808 qui
1359 1736 1578 1805 vapulat
1616 1753 1793 1807 ptenae
1818 1737 2094 1806 quoddam

2192 542 2431 607 ἀνάξιον.
2477 543 2584 594 Καὶ
2617 545 2668 595 εῖ
2696 560 2778 606 τις
2807 541 3056 609 πεισθείη
3090 539 3166 611 μὴ
3187 543 3321 594 κατά
3349 543 3551 615 γνώμην
3580 550 3706 619 ὑμῶν

2190 633 2366 687 ταῦτα
2395 635 2694 703 συμπεσεῖν
2739 634 2875 702 ἡμῖν
2897 648 2909 662 ·
2966 631 3104 684 ἀλλά
3142 646 3205 698 γε
3231 630 3289 682 τὸ
3326 632 3468 702 ὑμῶν
3502 636 3708 701 ἐξουσια-

2194 725 2394 789 ζόντων
2437 726 2532 777 καὶ
2583 725 2904 793 ἰσχυόντων,
2957 722 3134 775 ταῦτα
3169 721 3390 792 πάσχειν
3430 726 3579 795 ἡμᾶς,
3614 734 3713 787 ἐπεὶ

2191 813 2349 867 τοῦτο
2374 813 2582 884 βλέπει,
2607 814 2716 864 οὐδ’
2739 812 2802 866 ἂν
2833 811 3242 882 μεταπεισθείη.
3266 809 3713 890 [Ιαρελογίσθημεν,

2193 907 2620 980 ἐξυϐρίσθημεν,
2653 903 3035 975 ἦτιμώθημεν,
3067 904 3492 975 ἐπηρεαζόμεθα,
3530 910 3716 966 ἐπιϐου-

2195 998 2471 1068 λευόμεθα
2494 1013 2509 1028 ·
2551 996 2688 1049 ἀλλά
2726 996 2942 1066 πληγὰς
2994 995 3094 1048 οὐκ
3140 994 3428 1066 ἐλάϐομεν·
3460 999 3713 1072 ἐλάϐομεν·

2195 1089 2291 1143 καὶ
2323 1089 2384 1141 τὸ
2428 1087 2832 1158 χαλεπώτερον,
2864 1089 2964 1141 οὐκ
2994 1088 3086 1141 ἐπὶ
3122 1085 3390 1155 σώματος,
3422 1089 3448 1142 ὃ
3495 1093 3580 1144 καὶ
3610 1097 3718 1149 πᾶσι

2196 1184 2466 1252 φαίνεται,
2515 1184 2606 1235 καὶ
2659 1183 2750 1234 τὸν
2800 1180 3092 1235 ἀδικοῦντα
3130 1181 3378 1251 ἐλέγχει,
3425 1184 3513 1236 καὶ
3557 1187 3721 1260 πολλὴν

2195 1273 2574 1343 παραμυθίαν,
2603 1274 2702 1344 τὴν
2731 1273 2838 1326 ἀπὸ
2865 1274 2972 1326 τῶν
3003 1272 3254 1344 ὁρώντων
3283 1275 3371 1326 καὶ
3392 1276 3721 1347 οἰκτειρόντων

2197 1366 2405 1434 εἰσάγει
2456 1367 2844 1435 συμπάθειαν·
2884 1366 3152 1436 ἐλάϐομεν
3206 1367 3413 1436 πληγὰς
3451 1369 3537 1421 ἐπὶ
3577 1371 3724 1443 ψυχὴν

2195 1456 2388 1525 αὐτὴν,
2441 1455 2508 1509 δι’
2545 1458 2610 1526 ἢν
2642 1458 2742 1510 καὶ
2794 1457 2855 1510 τὸ
2888 1457 3048 1528 σῶμα
3097 1458 3239 1528 νόσῳ
3275 1460 3576 1526 μαστίζεται
3599 1479 3612 1492 ·
3649 1465 3725 1517 καὶ

2195 1547 2225 1600 ὁ
2257 1550 2492 1612 τύπτων,
2552 1549 2628 1612 ὡς
2660 1551 2736 1621 μὴ
2773 1550 2976 1604 ἀδικῶν
2999 1592 3014 1616 ,
3048 1550 3150 1604 οὐκ
3207 1548 3544 1621 αἰσχύνεται·
3592 1557 3672 1608 καὶ
3706 1560 3727 1611 ὁ

2195 1645 2532 1714 τυπτόμενος
2565 1643 2886 1714 προσθήκην
2911 1643 3127 1714 δέχεται
3148 1644 3435 1714 τιμωρίας,
3459 1647 3545 1699 ἐπὶ
3565 1651 3622 1718 τῇ
3641 1649 3726 1702 τῶν

2198 1733 2427 1804 πληγῶν
2455 1734 2638 1804 ὀδύνῃ,
2671 1735 2770 1803 τὴν
2798 1735 2906 1788 ἀπὸ
2941 1733 3034 1786 τοῦ
3065 1733 3349 1787 λανθάνειν
3378 1735 3725 1808 ἀσπλαγχνίαν.

509 1832 938 1888 additamentum
997 1831 1182 1893 habet,
1217 1829 1360 1900 quod
1410 1845 1533 1885 cum
1593 1829 1792 1894 doleat,
1825 1829 1946 1899 ejus
1980 1845 2084 1882 non

2195 1825 2465 1881 Λανθάνει
2510 1825 2619 1898 γὰρ
2670 1828 2797 1890 τοὺς
2836 1827 3065 1889 πολλοὺς
3122 1825 3182 1880 τὸ
3228 1827 3464 1882 τοιοῦτον
3501 1824 3624 1894 εἶδος
3650 1833 3728 1902 τῆς

507 1926 835 1980 miserentur
863 1924 976 1990 alii,
1005 1922 1150 1994 quod
1175 1922 1286 1993 pati
1312 1937 1436 1976 eum
1482 1921 1756 1994 ignorant.
1795 1919 2091 1977 Enimvero

505 2017 797 2088 plerosque
825 2017 958 2071 latet
981 2014 1289 2070 istiusmodi
1314 2015 1621 2085 punitionis
1645 2014 1882 2086 species,
1905 2029 2009 2083 qua
2033 2022 2088 2069 et

506 2111 681 2180 magis
703 2110 1012 2165 oblectatur
1034 2109 1128 2180 qui
1155 2110 1366 2180 plagam
1394 2108 1578 2171 infert,
1602 2114 1657 2163 et
1689 2109 1744 2162 in
1776 2107 1830 2162 id
1859 2107 2086 2163 adduci-

2197 1918 2492 1983 κολάσεως,
2526 1918 2556 1970 ὃ
2601 1919 2694 1972 καὶ
2723 1918 2815 1970 τὸν
2863 1917 3164 1980 κολάζοντα
3205 1918 3365 1971 πλέον
3401 1919 3629 1990 εὐθυμεῖ,
3655 1924 3726 1977 καὶ

2195 2012 2568 2083 ἀμετανόητον
2598 2011 2885 2065 ἀποτελεῖ·
2923 2013 3020 2065 καὶ
3049 2013 3142 2064 τὸν
3183 2011 3534 2083 κολαζόμενον
3564 2013 3730 2085 μᾶλλον

2194 2103 2434 2174 δαπανᾷ,
2465 2105 2514 2156 εἰ
2545 2104 2640 2156 καὶ
2668 2105 2760 2157 τὸν
2787 2103 2978 2176 μισθὸν
3016 2105 3190 2175 μείζω
3221 2105 3486 2176 προξενεῖ.

503 2211 681 2264 tur,ut
697 2218 765 2256 ne
787 2203 1054 2272 poeniteat
1073 2199 1232 2269 facti;
1255 2201 1514 2258 amictum
1531 2216 1662 2256 vero
1683 2203 1852 2272 magis
1868 2201 2074 2266 atterit,
2099 2207 2379 2268 utcunque
2398 2197 2664 2268 majorem
2699 2198 2748 2252 ei
2773 2197 3153 2253 retributionis
3174 2199 3476 2254 mercedem
3496 2212 3730 2270 procurat.

574 2291 843 2347 Caiterum
870 2301 925 2346 et
959 2293 1063 2346 ista
1100 2307 1202 2346 nos
1235 2300 1454 2361 propter
1483 2289 1764 2346 Christum
1793 2297 1848 2344 et
1871 2289 2085 2344 divinas

497 2383 646 2455 leges
675 2384 1027 2439 toleravimus
1057 2392 1249 2449 antea;
1276 2391 1330 2437 et
1358 2383 1562 2454 gratias
1582 2381 1694 2437 Deo
1709 2381 1941 2454 agimus.
1966 2383 2082 2450 qui,

498 2491 625 2530 cum
649 2475 923 2544 angimur,
950 2473 1096 2545 quod
1114 2475 1368 2529 celantur
1395 2488 1674 2540 atrumnaa,
1709 2483 1765 2528 et
1798 2476 1878 2528 sic
1910 2472 2085 2543 inglo-

496 2569 578 2622 rie
607 2567 878 2638 patimur,
917 2567 1228 2622 mercedem
1273 2567 1536 2636 majorem
1562 2565 1945 2622 accumulavit.
1992 2563 2086 2618 ln-

499 2661 809 2732 telligebam
835 2661 1006 2732 probe
1029 2703 1044 2726 ,
1083 2661 1151 2715 ab
1187 2661 1324 2714 inito
1379 2661 1616 2730 primum
1651 2660 1953 2713 certamine
1996 2673 2085 2712 me

497 2753 620 2808 haec
647 2767 966 2823 passurum;
1010 2753 1392 2819 exspectabam
1439 2765 1657 2820 quoque
1696 2759 1824 2804 ante
1867 2763 2088 2818 perpes-

496 2847 710 2904 sionem
735 2855 792 2900 et
810 2855 1089 2899 certamen
1117 2844 1183 2913 (si
1214 2859 1344 2899 vera
1373 2858 1484 2896 non
1523 2842 1736 2911 loquar,
1771 2843 1950 2912 patiar
1986 2855 2088 2910 ego

497 2939 681 2994 adhuc
703 2937 770 2992 iis
787 2951 908 3006 quae
929 2949 1222 3005 perpessus
1240 2950 1359 2988 sum
1386 2932 1678 3004 graviora),
1699 2931 2083 3002 exspectabam

494 3031 740 3102 quidem,
768 3028 1075 3101 proutdixi,
1099 3043 1162 3082 ea
1180 3042 1300 3097 quae
1328 3041 1520 3096 passus
1536 3040 1680 3092 sum.
1697 3039 1866 3093 angor
1885 3022 2090 3077 nihilo-

2284 2286 2447 2340 Ἀλλά
2472 2287 2646 2340 ταῦτα
2684 2287 2785 2358 μὲν
2819 2288 2961 2357 ὑπὲρ
2992 2287 3258 2357 Χριστοῦ,
3284 2289 3379 2342 καὶ
3405 2287 3554 2342 θείων
3583 2291 3734 2360 νόμων

2196 2378 2515 2448 ὑπέστημεν
2541 2379 2856 2450 ἔμπροσθεν
2877 2397 2892 2412 ·
2927 2381 3020 2433 καί
3051 2397 3116 2448 γε
3148 2380 3311 2452 χάρις
3335 2381 3472 2452 Θεῷ,
3501 2383 3572 2454 τῷ
3603 2386 3733 2439 πλέον

2194 2469 2413 2537 αὔξοντι
2442 2473 2533 2525 τὸν
2559 2473 2776 2542 μισθὸν,
2814 2475 2872 2528 ἐν
2909 2477 2976 2544 τῇ
3005 2475 3101 2527 τοῦ
3122 2474 3406 2530 λανθάνειν
3431 2475 3641 2548 ἀθυμίᾳ,
3659 2479 3732 2532 καὶ

2193 2568 2263 2636 τῇ
2296 2565 2407 2620 τῶν
2439 2564 2628 2618 παθῶν
2653 2565 2862 2638 ἀδοξίᾳ.
2897 2567 3010 2621 Καὶ
3037 2566 3187 2638 ᾔδειν
3217 2568 3318 2638 μὲν
3342 2569 3567 2639 ἐμαυτὸν
3592 2570 3729 2624 ταῦτα

2195 2658 2412 2725 παθεῖν,
2470 2658 2631 2722 εὐθὺς
2678 2659 2983 2730 ἀρχομένου
3016 2659 3111 2712 τοῦ
3150 2661 3400 2730 ἀγῶνος,
3458 2661 3662 2732 ἤλπιζον
3687 2664 3729 2716 δὲ

2192 2752 2290 2806 καὶ
2319 2751 2425 2822 πρὸ
2455 2749 2550 2803 τοῦ
2588 2751 2818 2814 πάθους,
2845 2753 2940 2805 καὶ
2968 2752 3075 2826 πρὸ
3107 2751 3204 2806 τοῦ
3252 2753 3462 2822 ἀγῶνος
3497 2755 3563 2824 (εί
3599 2755 3647 2808 δὲ
3673 2757 3727 2826 μὴ

2187 2841 2395 2912 τάληθῆ
2443 2841 2605 2909 λέγω,
2640 2841 2871 2911 πάθοιμι
2913 2844 3040 2912 παρ’
3095 2842 3280 2895 αὐτῶν
3331 2837 3512 2914 ὧνπερ
3543 2844 3727 2908 ἔπαθον,

2189 2934 2430 3006 χείρονα,
2484 2933 2712 3008 ᾕλπιζον
2779 2935 2877 3004 μὲν
2907 2974 2922 2999 ,
2980 2935 3056 2998 ὡς
3107 2935 3281 3006 ἔφην,
3343 2934 3486 3006 άπερ
3547 2935 3726 2998 ἔπαθον,

2193 3025 2470 3094 λυποῦμαι
2505 3025 2563 3077 δὲ
2613 3025 2839 3096 πάσχων
2891 3025 2997 3079 ὑπὸ
3048 3026 3350 3080 τοιούτων·
3403 3027 3465 3079 τὸ
3516 3026 3605 3097 μὲν
3646 3028 3728 3097 γὰρ
3826 3019 3830 3024 ’

494 3123 684 3177 minus
714 3120 883 3176 animi
941 3119 1088 3188 quod
1148 3118 1251 3173 sub
1283 3118 1485 3172 talibus
1515 3117 1724 3187 patior:
1760 3113 1913 3169 Finis
1947 3115 2084 3168 mihi

2190 3118 2322 3188 ἐμὸν
2345 3117 2497 3181 τέλος
2521 3116 2640 3188 Θεῷ
2671 3117 2932 3189 ὥρισται·
2958 3118 3054 3170 καὶ
3083 3118 3320 3189 δέχομαι
3350 3119 3552 3190 χαίρων
3587 3121 3728 3172 ὁποῖον

495 3229 528 3266 a
561 3211 674 3267 Deo
700 3211 1008 3268 destinatus
1045 3217 1164 3274 est,
1198 3217 1254 3262 et
1292 3207 1489 3263 lubens
1525 3207 1686 3262 ebibo
1717 3206 2082 3276 quodcunque

494 3306 632 3361 mihi
665 3306 989 3376 propinatur
1019 3301 1297 3373 poculum.
1339 3300 1451 3355 Nec
1475 3309 1697 3370 propter
1725 3300 1814 3353 illa
1842 3315 1963 3370 quae
1986 3315 2080 3369 pa-

493 3399 624 3463 tior,
665 3411 998 3462 succenseo;
1023 3395 1134 3450 imo
1163 3394 1330 3448 etiam
1357 3402 1413 3447 et
1438 3393 1528 3446 illa
1555 3391 1808 3446 desidero
1838 3407 1959 3460 quae
1994 3407 2081 3446 me

493 3491 673 3549 adhuc
694 3492 807 3562 pati
825 3498 1042 3560 oportet
1088 3497 1370 3557 utcunque
1429 3486 1548 3540 sine
1602 3499 1770 3539 sensu
1799 3484 2080 3539 doloriﬁco

489 3582 608 3653 pati
641 3580 742 3636 ista
798 3594 1102 3650 nequeam;
1139 3578 1387 3633 homines
1417 3578 1563 3631 enim
1591 3575 1665 3631 ita
1694 3577 1988 3646 comparati
2022 3585 2083 3630 ut

494 3675 615 3730 sine
644 3673 849 3728 doloris
880 3687 1045 3726 sensu
1082 3672 1196 3741 pati
1233 3677 1512 3739 nequeant
1542 3685 1556 3723 :
1587 3677 1642 3722 et
1674 3668 1748 3722 ita
1780 3683 1868 3722 me
1899 3668 2081 3722 animo

493 3765 752 3820 allectum
809 3763 1010 3818 debere
1065 3777 1187 3817 esse
1235 3760 1480 3831 intelligo
1511 3775 1638 3831 erga
1687 3759 1776 3814 illa
1847 3776 1970 3830 quae
1993 3777 2079 3816 me

492 3859 818 3930 jampridem
868 3858 1212 3916 invaserunt,
1246 3863 1302 3909 et
1343 3854 1606 3924 deinceps
1629 3863 1760 3908 sunt
1799 3855 2075 3909 invasura.

495 3953 574 4007 Te
598 3961 779 4006 autem
803 3952 982 4020 potius
1011 3948 1245 4020 optarim
1263 3962 1364 4018 ego
1396 3947 1624 4002 ultorem
1653 3963 1844 4001 eorum
1871 3947 1964 4017 qui
1991 3963 2078 4002 me

494 4044 712 4116 injuriis
748 4043 1012 4109 alliciunt,
1057 4057 1218 4112 quam
1253 4055 1473 4096 causam
1513 4048 1568 4094 et
1608 4039 1823 4094 initium
1857 4039 2076 4116 dedisse

2193 3211 2260 3264 ἂν
2345 3211 2406 3263 τὸ
2434 3213 2721 3281 ποτήριον·
2740 3212 2834 3264 καὶ
2849 3211 2947 3282 ούχ
2973 3211 3113 3283 ὑπὲρ
3134 3205 3212 3266 ὧν
3239 3213 3438 3283 πάσχω
3457 3212 3729 3281 ἀγανακτῶ,

2191 3302 2305 3356 ἀλλ’
2341 3296 2416 3357 ὧν
2443 3320 2511 3370 με
2539 3303 2620 3356 δεῖ
2656 3302 2850 3356 παθεῖν
2897 3303 2991 3358 καὶ
3022 3303 3091 3357 τὰ
3125 3304 3386 3359 λείποντα
3420 3304 3664 3375 ἐπιζητῶ,
3690 3306 3726 3355 εἰ

2190 3395 2285 3447 καὶ
2316 3393 2484 3465 χωρὶς
2511 3393 2806 3466 ἀλγηδόνος
2828 3394 3002 3447 ταῦτα
3035 3396 3226 3465 φέρειν
3251 3395 3498 3449 ἀδυνατῶ
3519 3412 3532 3425 ·
3555 3394 3727 3465 ἀνθρω-

2188 3485 2321 3554 πίνη
2345 3484 2454 3555 γάρ
2483 3485 2642 3554 φύσις
2694 3486 3017 3555 ἀναλγήτως
3049 3487 3290 3556 πάσχειν
3318 3487 3380 3539 ού
3408 3486 3608 3554 πέφυκε
3627 3501 3638 3513 ο
3659 3484 3728 3538 καὶ

2194 3578 2322 3648 περὶ
2353 3575 2452 3646 μὲν
2493 3575 2602 3631 τῶν
2651 3576 3094 3646 ὲπισκηψάντων,
3129 3577 3162 3650 ἢ
3215 3578 3315 3631 καὶ
3365 3578 3730 3649 ἐπισκηψόντων

2191 3669 2272 3720 ἔτι
2303 3668 2448 3738 ἐμοὶ,
2480 3668 2623 3721 οὕτω
2653 3686 2719 3738 με
2746 3668 2826 3721 δεῖ
2854 3672 3097 3739 φρονεῖν,
3123 3671 3222 3724 καὶ
3247 3670 3558 3741 λογίζομαι.
3586 3671 3726 3738 Τιμω-

2187 3762 2315 3833 ροὺς
2345 3761 2401 3813 δὲ
2437 3761 2548 3813 τῶν
2582 3760 2914 3814 ἀδικούντων
2943 3802 2957 3826 ,
3009 3763 3128 3816 ἀλλ’
3179 3765 3284 3816 οὐκ
3345 3765 3613 3836 ἀρχηγοὺς
3655 3761 3720 3814 τῶν

2184 3856 2559 3925 ἀδικημάτων,
2593 3855 2740 3926 ὑμᾶς
2787 3855 3028 3926 εὐχόμην
3081 3857 3287 3925 εὑρεῖν.
3347 3857 3489 3910 Ἀλλ’
3516 3855 3628 3910 οὔτε
3662 3855 3729 3925 ἐμὲ

2185 3949 2377 4015 φυγεῖν
2425 3944 2596 4010 ἐστιν,
2648 3945 2684 3998 ἆ
2740 3961 2808 4015 με
2839 3945 2918 3998 δεῖ
2967 3945 3199 3998 παθεῖν·
3255 3946 3384 4000 οὔτε
3415 3947 3513 4018 τὴν
3570 3946 3730 4015 ἐτέρων

2184 4039 2375 4110 εὐχὴν,
2423 4039 2627 4108 ἐτέρων
2655 4037 2884 4110 γνώμην
2922 4039 3168 4095 ἀκόντων
3208 4041 3558 4112 μεταϐαλεῖν.

494 4142 820 4211 iniuriarum
852 4158 866 4194 :
902 4140 998 4195 sed
1023 4155 1088 4194 ea
1119 4155 1241 4210 quae
1283 4154 1372 4194 me
1412 4138 1522 4208 pati
1555 4138 1756 4193 debere
1797 4114 2058 4192 statutum
2094 4144 2198 4202 est,
2241 4135 2480 4206 effugere
2538 4151 2782 4207 nequeo;
2814 4137 2905 4206 qui
2941 4151 3046 4192 nec
3109 4147 3441 4194 caaterorum
3500 4135 3732 4208 optionem

492 4239 583 4295 vel
636 4239 901 4308 judicium
945 4246 1136 4293 contra
1185 4236 1519 4292 voluntatem
1563 4234 1806 4304 ipsorum
1840 4244 2052 4289 mutare
2078 4248 2323 4304 possum.

563 4333 746 4398 Atque
775 4331 926 4400 prius
955 4330 1181 4400 quidem
1204 4337 1283 4385 tot
1309 4338 1364 4384 et
1395 4336 1546 4383 tanta
1573 4328 1950 4398 patiebamur;
1985 4327 2082 4382 sed

2258 4327 2369 4379 Καὶ
2407 4325 2646 4380 τοσαῦτα
2683 4326 2782 4397 μὲν
2819 4326 3171 4398 πεπόνθαμεν
3207 4328 3524 4400 ἔμπροσθεν
3546 4343 3560 4358 ⁸
3583 4325 3735 4394 ὥσπερ

492 4430 752 4492 tanquam
787 4436 898 4476 non
930 4422 1066 4476 satis
1096 4421 1369 4492 ingestum
1403 4419 1563 4474 nobis
1603 4419 1869 4473 malorum
1913 4426 2080 4484 esset,

492 4513 833 4584 excogitatnr
871 4512 1069 4568 modus
1119 4511 1260 4567 alius
1302 4510 1502 4580 injuria
1549 4510 1818 4565 alliciendi
1855 4525 1964 4574 me,
2022 4519 2083 4566 ut

490 4623 616 4663 mea
644 4621 810 4662 causa
834 4605 998 4662 etiam
1026 4605 1114 4659 alii
1145 4605 1304 4660 malis
1336 4604 1642 4659 alliciantur
1673 4622 1688 4658 :
1716 4603 1882 4659 Fame
1902 4604 2082 4659 clerus

491 4701 883 4772 strangulatur,
916 4710 971 4755 et
1005 4700 1099 4770 qui
1129 4699 1264 4755 mihi
1305 4700 1561 4764 subsunt,
1595 4699 1918 4754 illustriores
1954 4699 2081 4769 qui-

492 4809 621 4864 que,
644 4793 701 4847 in
717 4809 842 4849 eum
864 4793 1051 4859 finem,
1076 4801 1137 4847 ut
1166 4808 1291 4847 cum
1309 4793 1608 4862 loquuntur
1637 4800 1691 4846 ρι
1722 4791 2081 4846 recordantur

493 4899 554 4939 se
583 4900 758 4939 meam
777 4886 847 4940 ob
862 4901 1082 4940 causam
1104 4886 1206 4940 hac
1232 4884 1544 4940 calamitate
1571 4899 1788 4954 pressos
1813 4883 1866 4936 in
1895 4898 2078 4937 meum

493 4975 712 5030 demum
732 4985 894 5045 caput
912 4985 968 5030 et
992 4977 1443 5047 exprobrationes
1464 4985 1520 5031 et
1542 4975 1942 5030 exsecrationes
1966 4974 2082 5044 eja-

495 5067 766 5122 culentur.
787 5069 940 5124 Mitto
967 5069 1098 5126 illud
1125 5069 1331 5135 dicere,
1350 5069 1495 5141 quod
1520 5067 1878 5139 mihimetipsi
1900 5069 2081 5138 portio

494 5159 786 5214 exhibetur
817 5161 884 5215 ad
916 5162 1249 5230 dimensum,
1273 5163 1419 5234 quod
1454 5163 1678 5218 dimidia
1709 5170 1866 5232 parte
1894 5161 2082 5231 privor

489 5252 887 5324 jurisdictionis
935 5269 1070 5309 meae
1107 5274 1120 5308 :
1159 5263 1305 5310 certe
1345 5256 1606 5326 prmlara
1640 5255 1779 5310 ratio
1821 5255 1953 5310 inita
1996 5265 2080 5310 est

493 5360 594 5416 per
625 5343 959 5410 auferentes,
994 5347 1085 5415 qui
1115 5348 1194 5401 sic
1218 5347 1573 5402 artificiosam
1613 5348 1667 5400 in
1701 5363 1786 5401 me
1817 5362 2080 5417 persecu-

492 5438 699 5493 tionem
725 5438 1088 5493 concitarunt.
1109 5439 1265 5504 Quod
1289 5441 1429 5505 si,ut
1449 5457 1632 5495 meum
1664 5441 1918 5510 expleant
1946 5441 2079 5494 mihi

492 5529 824 5586 desiderium
856 5531 874 5596 (
903 5531 1008 5585 hoc
1033 5540 1136 5594 est,
1175 5540 1233 5584 ut
1261 5533 1367 5586 isto
1390 5534 1519 5604 jugo
1558 5543 1724 5601 atque
1783 5548 1951 5587 onere
1983 5549 2080 5587 ex-

493 5619 732 5690 pediar),
761 5623 875 5676 hzec
901 5631 1288 5692 perpetrarunt
1312 5625 1610 5694 (utcunque
1644 5641 1858 5680 mecum
1891 5625 2079 5679 ludere

493 5711 672 5766 visum
701 5714 756 5766 in
786 5714 905 5769 istis
937 5715 1065 5786 est),
1096 5714 1295 5787 gratias
1314 5725 1461 5771 certe
1489 5717 1557 5772 de
1591 5717 1787 5770 ablatis
1819 5732 1938 5770 sum
1976 5716 2077 5770 ha-

495 5799 710 5856 biturus
740 5820 754 5856 :
787 5811 842 5858 et
865 5820 1029 5876 grave
1063 5805 1201 5862 mihi
1242 5815 1325 5865 est
1359 5807 1503 5879 quod
1551 5806 1752 5862 residui
1780 5807 2076 5878 quidquam

2185 4417 2244 4472 δέ
2283 4417 2568 4482 λείποντος
2594 4418 2688 4472 τοῦ
2713 4420 2910 4484 κακοῦ,
2956 4424 3410 4490 προσεπινοεῖται
3441 4422 3533 4475 καὶ
3571 4419 3737 4488 τρόπος

2183 4514 2341 4578 ἄλλος
2391 4511 2716 4577 κακώσεως,
2757 4512 2855 4565 καὶ
2895 4512 3194 4566 κακοῦνται
3243 4513 3316 4566 δι’
3358 4515 3508 4584 ἡμᾶς
3558 4512 3735 4582 ἕτεροι·

2184 4605 2282 4660 καὶ
2311 4606 2729 4677 λιμαγχονείται
2777 4605 3001 4676 κλῆρος,
3054 4605 3150 4657 καὶ
3196 4605 3312 4658 τῶν
3366 4605 3472 4659 ὑπὸ
3525 4606 3670 4676 χεῖρα
3692 4600 3738 4652 τὸ

2188 4698 2593 4769 ἐπισημότερον
2615 4713 2630 4728 ·
2665 4698 2733 4750 ἵν’
2780 4698 2867 4766 ἐφ’
2895 4700 2927 4768 ἡ
2939 4696 3056 4768 μῶν
3088 4697 3397 4769 ὑποστῆναι
3438 4696 3535 4769 τὴν
3564 4708 3738 4765 συμφο-

2184 4788 2286 4860 ράν
2312 4789 2404 4842 καὶ
2425 4788 2678 4857 λέγοντες
2710 4788 2806 4842 καὶ
2841 4787 3303 4860 μνημονεύοντες,
3338 4790 3432 4844 τὸν
3473 4784 3738 4852 ὀνειδισμὸν

2183 4882 2277 4935 καὶ
2329 4882 2425 4953 τὴν
2465 4881 2604 4955 ἀρὰν
2634 4883 2728 4935 ἐπί
2774 4882 3020 4953 κεφαλὴν
3072 4881 3235 4954 ήμῶν
3266 4882 3623 4954 ἀναφέρωσιν.
3654 4874 3738 4930 Ἐῶ

2183 4975 2294 5046 γὰρ
2320 4977 2514 5042 εἰπεῖν,
2548 4976 2632 5029 ὅτι
2662 4976 2758 5031 καὶ
2780 4979 2914 5047 ἡμῖν
2960 4979 2994 5047 ἡ
3031 4977 3185 5048 μᾶζα
3217 4979 3406 5048 μέτρῳ
3437 4974 3734 5048 προσρίπτεο

2182 5084 2294 5132 ται,
2329 5068 2424 5120 καὶ
2451 5069 2768 5138 ἀφαιρεῖται
2801 5069 2895 5139 ἀφ’
2926 5070 3083 5141 ἡμῶν
3127 5071 3189 5123 τὸ
3224 5072 3403 5141 ἥμισυ
3434 5070 3530 5139 τῆς
3558 5063 3734 5136 ἀρχῆς’

2185 5158 2368 5222 καλῶς
2422 5175 2488 5227 γε
2540 5159 2840 5213 ποιούντων
2868 5160 2977 5214 τῶν
3021 5162 3431 5231 ἀφαιρούντων,
3481 5159 3570 5212 καὶ
3599 5155 3738 5223 τέχνη

2183 5251 2274 5304 τὸν
2321 5249 2445 5304 καθ’
2485 5250 2644 5320 ἡμῶν
2686 5250 2927 5322 διωγμὸν
2978 5252 3371 5306 ἐπινοούντων.
3416 5250 3556 5307 Ἀλλ’
3586 5248 3630 5299 εἰ
3659 5244 3740 5312 τὴν

2184 5343 2462 5413 ἡμετέραν
2483 5339 2818 5414 πληροῦντες
2849 5344 3065 5414 αἴτησιν
3096 5345 3265 5414 (λέγω
3285 5344 3350 5415 δὴ
3383 5345 3444 5396 τὸ
3472 5340 3738 5408 ἐλευθερω-

2184 5436 2344 5505 θῆναι
2370 5435 2518 5505 ἡμᾶς
2548 5435 2638 5487 τοῦ
2669 5434 2837 5504 ζυγοῦ
2863 5437 2956 5489 καὶ
2983 5437 3078 5490 τοῦ
3106 5437 3332 5506 φορτίου
3360 5434 3570 5504 τούτου)
3591 5428 3739 5484 ταῦτα

2184 5528 2556 5598 πεποιήκασιν
2615 5529 2769 5599 (ίσως
2824 5529 2936 5601 γὰρ
2988 5529 3282 5583 καὶτοῦτο
3341 5529 3589 5594 παίζουσι
3634 5516 3738 5576 καθ’

2184 5618 2384 5690 ἡμῶν),
2420 5621 2579 5690 χάρις
2616 5621 2716 5691 μὲν
2747 5623 2930 5687 αὐτοῖς
2960 5624 3098 5696 ὑπὲρ
3128 5617 3204 5677 ὧν
3243 5626 3464 5694 ἀφεῖλον
3492 5637 3506 5652 ·
3535 5614 3737 5671 λυποῦσι

2182 5711 2240 5765 δὲ
2292 5712 2433 5783 ὑπὲρ
2481 5709 2558 5767 ὧν
2593 5713 2886 5767 κατέλιπον
2907 5756 2922 5779 ,
2957 5718 3053 5770 καὶ
3084 5716 3446 5787 βραδύνοντες
3479 5713 3606 5786 πρὸς
3652 5707 3736 5774 τὴν

2185 5805 2476 5877 ἀφαίρεσιν
2506 5803 2600 5858 τοῦ
2626 5805 2836 5876 λοιποῦ,
2870 5808 3032 5866 πλέον
3075 5809 3305 5865 ἀνιῶσιν
3333 5827 3346 5840 ·
3369 5811 3555 5878 ὥσπερ
3579 5805 3621 5856 οἱ
3649 5814 3735 5854 xa-
