3964 6434
300 393 408 459 621

1467 395 2004 457 EPISTOLARUM
2048 397 2278 455 LIBER
2317 396 2365 456 Ξ.

3452 391 3559 457 622

298 503 743 568 τιλιμπαντντες
780 502 873 556 τὸν
905 503 997 557 ὑπ’
1031 502 1192 557 αὑτὸν
1225 513 1247 542 ε
1305 504 1720 576 ἀναιρούμενον,
1756 509 1885 577 ἡμι-

2003 508 2367 576 reliquerunt,
2420 522 2637 576 quoque
2685 506 2895 560 tardius
2957 505 3213 559 incedant
3265 504 3332 559 ad
3374 521 3565 561 eorum

300 596 442 664 θανῆ
474 595 572 648 καὶ
613 596 903 666 ἡμίτομον,
935 596 969 666 ἢ
1008 597 1057 649 οἱ
1095 595 1307 666 ἀθρόως
1339 597 1723 667 ἀναιροῦντες’
1757 598 1886 653 ἐκά-

297 706 463 760 τερος
494 688 594 759 μὲν
621 689 732 759 γὰρ
756 690 917 743 αὐτὸν
948 691 1181 759 ἀναιρεῖ,
1220 689 1335 742 ἀλλ’
1376 692 1403 742 6
1437 690 1535 759 μὲν
1564 690 1664 758 τῆς
1693 691 1888 762 ὀδύνης

298 783 367 835 οὐ
415 780 759 849 παρατείνων
800 780 899 851 τὴν
960 781 1235 851 αἴσθησιν,
1287 784 1315 835 6
1356 783 1413 835 δὲ
1443 782 1649 853 ζημίαν
1697 782 1888 853 ῶσπερ

300 871 632 942 ἡγούμενος,
671 874 719 925 εἰ
751 872 965 941 θανάτῳ
991 874 1137 944 μόνῳ
1164 874 1526 944 παραπέμψει
1555 876 1648 929 τὸν
1677 876 1891 944 ἄνθρωα-

302 981 430 1027 πον,
464 966 538 1033 μὴ
576 964 748 1017 πολλά
773 967 1038 1036 πρότερον
1066 965 1414 1037 στρεϐλώσας
1440 984 1498 1020 τε
1523 968 1616 1021 καὶ
1640 967 1887 1039 μελίσας,

302 1060 404 1109 καὶ
451 1057 795 1110 πολλαπλοῦν
847 1059 997 1131 αὐτῷ
1053 1063 1120 1131 τῇ
1170 1060 1466 1131 δριμύτητι
1522 1060 1628 1113 τῶν
1654 1063 1761 1114 ἀπὸ
1788 1064 1889 1131 τῆς

300 1149 586 1211 κολάσεως
640 1150 952 1219 ἀλγηδόνων
1001 1151 1407 1205 κατασκευάσοι
1473 1152 1568 1205 τὸν
1632 1152 1885 1205 θάνατον.

302 1240 564 1294 Τοιοῦτον
598 1241 745 1294 ἐστιν
785 1243 917 1311 όρᾷν
947 1244 1040 1295 καὶ
1071 1246 1133 1295 τὸ
1162 1243 1451 1315 ἡμέτερον.
1486 1243 1890 1315 Τιμωρούμεθα

303 1334 435 1387 καθ’
472 1335 738 1405 ἑκάστην,
782 1335 884 1387 καὶ
926 1335 1307 1405 πληττόμεθα,
1342 1338 1458 1389 νυνὶ
1483 1336 1540 1389 δὲ
1577 1338 1669 1389 καὶ
1695 1338 1890 1407 ἡμίτο-

306 1444 405 1496 μοι
458 1427 760 1496 γεγόναμεν
785 1442 797 1454 '
838 1428 932 1479 καὶ
972 1428 1047 1490 ώς
1090 1429 1286 1493 ἔοικεν,
1318 1430 1400 1481 ὅτι
1424 1440 1485 1481 το
1515 1430 1637 1483 ὅλον
1659 1429 1724 1482 ἂν
1751 1431 1889 1482 ἀπο-

303 1516 501 1569 θέσθαι
544 1516 889 1587 ᾐτησάμεθα,
928 1518 1119 1571 τούτου
1158 1520 1317 1590 χάριν
1363 1521 1423 1572 τὸ
1465 1521 1638 1589 ἥμισυ
1670 1522 1889 1594 ἀφῃρή-

311 1607 460 1677 μεθα
492 1624 504 1635 ’
540 1608 635 1660 καὶ
663 1610 710 1660 εί
748 1609 848 1677 τὴν
874 1609 1140 1677 διαίρεσιν
1173 1611 1271 1678 τῆς
1305 1611 1481 1681 ἀρχῆς
1520 1613 1887 1681 ἐζητήσαμεν,

302 1701 389 1763 εἰς
418 1701 478 1753 τὸ
504 1699 624 1753 ὅλον
660 1700 725 1753 ἂν
749 1701 1214 1771 εἰσηκούσθημεν.
1264 1702 1406 1755 Ἀλλ’
1440 1702 1562 1756 οὔτε
1584 1704 1674 1757 τὸν
1701 1703 1893 1774 ἡμίτο-

306 1810 413 1864 μον
461 1792 561 1864 ζῇν
609 1795 728 1845 ἐστι
756 1793 1010 1847 δυνατόν·
1057 1793 1181 1847 οὔτε
1223 1796 1372 1865 ἡμᾶς
1419 1795 1655 1849 ἐνταῦθα
1688 1797 1890 1866 μένειν,

302 1884 454 1939 οὕτω
476 1886 849 1956 διαιρεθέντας
875 1903 888 1916 ·
922 1886 1154 1957 αἰσχύνη
1186 1887 1283 1941 καὶ
1308 1888 1533 1953 ὄνειδος,
1557 1890 1617 1941 οὐ
1639 1892 1753 1952 τοῖς
1784 1889 1891 1960 πρὸ
1923 1874 1965 1928 Β

306 1976 474 2046 ἡμῶν
525 1976 939 2047 γεγενημένοις,
984 1977 1119 2031 ἀλλά
1152 1995 1215 2045 γε
1256 1978 1351 2030 καὶ
1399 1981 1511 2041 τοῖς
1561 1979 1681 2049 μεθ’
1714 1982 1885 2051 ἡμᾶς,

304 2067 471 2138 εἴπερ
514 2068 623 2138 ἄρα
660 2069 755 2121 καὶ
786 2065 894 2120 εἶεν
935 2068 1073 2133 ὅλως
1109 2070 1254 2133 τινὲς
1281 2073 1312 2141 ἡ
1322 2069 1440 2141 μῶν
1468 2071 1807 2143 ἀθλιώτεροι,
1838 2072 1888 2123 οἳ

308 2159 436 2229 μεθ’
463 2161 613 2230 ἡμᾶς
638 2160 757 2213 ἀνθ’
790 2160 948 2231 ἡμῶν
972 2164 1186 2215 τουτονὶ
1227 2162 1319 2216 τὸν
1355 2163 1521 2233 ζυγὸν
1563 2163 1891 2218 ὑπελεύσον-

305 2268 422 2305 ται.
469 2251 834 2322 Ἐξερχόμεθα
881 2252 976 2307 τοῦ
1012 2254 1179 2308 τόπου
1203 2270 1216 2283 °
1254 2258 1475 2311 παυέτω
1505 2256 1698 2326 φθόνος
1722 2274 1737 2289 ο
1764 2258 1889 2311 εἰδὲ

310 2343 414 2413 μὴ,
447 2343 725 2414 λυποῦμέν
754 2362 946 2407 τιναςο
1001 2347 1202 2416 μᾶλλον
1234 2347 1290 2401 δὲ
1328 2350 1376 2401 εί
1412 2348 1508 2419 μὴ,
1556 2351 1661 2404 κάν
1718 2348 1893 2422 τούτῳ

305 2436 660 2506 γραφόμεθα.
700 2438 812 2490 Καὶ
848 2438 940 2491 τὸν
983 2439 1259 2509 κονιορτὸν
1288 2441 1723 2505 ὲκτινάσσοντες,
1756 2443 1893 2495 ἀπο-

305 2525 577 2595 τιθέμεθα
596 2527 690 2580 τὸν
726 2527 948 2599 θρόνον·
979 2529 1429 2585 ἀποτιθέσθωσαν
1460 2532 1551 2585 τὸν
1579 2532 1702 2587 καθ’
1735 2534 1894 2603 ἡμῶν

305 2617 487 2683 δόλον,
528 2618 626 2682 τὰς
656 2621 1032 2691 ὲπιτηρήσεις,
1064 2623 1163 2685 τὰς
1184 2623 1425 2693 ἐνέδρας,
1454 2625 1555 2687 τὰς
1580 2623 1893 2688 ἐπιϐουλάς.

308 2705 383 2763 Ὠ
406 2711 555 2783 δίκη,
584 2712 679 2765 καὶ
704 2712 879 2783 νόμοι,
915 2713 1010 2767 καὶ
1041 2714 1179 2768 Θεοῦ
1230 2716 1520 2787 κριτήριαί
1550 2717 1631 2770 ὃτι
1670 2718 1747 2787 μὴ
1792 2735 1897 2769 πα-

310 2808 519 2879 τοῦμεν
569 2809 737 2878 ὑμᾶς,
802 2809 1136 2881 ἀδικοῦμεν¹ο
1194 2810 1290 2862 καὶ
1327 2812 1409 2864 ὅτι
1466 2811 1788 2881 στέργομεν,
1836 2812 1894 2864 ού

313 2898 648 2971 φιλούμεθαο
676 2901 770 2953 καὶ
794 2900 874 2953 ὃτι
892 2901 1032 2970 ὑπὲρ
1056 2899 1209 2969 ὑμῶν
1233 2901 1524 2969 ίστάμεθα,
1542 2900 1894 2971 δικαζόμεθα·

310 2991 412 3043 καὶ
440 2990 771 3044 πλάττονται
796 2989 966 3057 λόγοι,
994 2990 1089 3043 καὶ
1114 2992 1142 3043 6
1168 2989 1288 3042 καθ’
1316 2989 1472 3059 ἡμῶν
1497 3007 1550 3044 τι
1582 2992 1898 3061 καινότερον

312 3081 571 3144 ἐπινοῶν,
618 3074 773 3145 οὗτος
826 3083 855 3134 ό
902 3082 1161 3151 νουνεχὴς
1203 3082 1300 3135 καὶ
1355 3082 1715 3153 δραστήριος·
1762 3085 1790 3136 ό
1842 3082 1900 3135 δὲ

1988 601 2339 665 ablationem,
2373 615 2438 654 eo
2473 600 2608 654 mihi
2643 608 2768 653 sunt
2800 598 3171 663 molestiores;
3210 599 3565 667 quemadmo-

1988 693 2118 746 dum
2158 690 2251 760 qui
2282 690 2599 759 relinquunt
2648 691 3061 744 semimortuum
3110 698 3167 743 et
3215 689 3564 743 semisectmn

1989 798 2141 837 reum
2192 796 2355 851 quem
2403 781 2663 835 volebant
2741 781 3011 847 occidere,
3078 782 3426 851 potiusquam
3475 781 3565 848 qui

1990 875 2213 946 penitus
2252 873 2540 943 privarunt
2579 875 2725 939 vita;
2775 873 3051 928 hominem
3084 874 3172 927 hic
3224 882 3455 941 uterque
3484 872 3569 923 in-

1992 966 2209 1031 terﬁcit,
2230 966 2326 1021 sed
2355 965 2491 1020 alter
2518 965 2817 1020 crueiatum
2846 981 2953 1018 non
2979 980 3071 1031 per
3093 980 3272 1019 moras
3298 962 3567 1025 extendit,

1992 1055 2127 1112 alter
2160 1058 2300 1111 forte
2330 1066 2482 1111 ratus
2504 1056 2832 1111 detrimento
2866 1071 2924 1110 se
2948 1056 3107 1115 afﬁci,
3138 1057 3181 1109 si
3214 1072 3361 1109 mera
3394 1066 3572 1109 morte

1994 1151 2269 1203 hominem
2312 1149 2441 1203 hinc
2471 1148 2744 1213 amandet,
2778 1148 2963 1202 multis
2994 1164 3119 1201 eum
3166 1148 3432 1216 imprimis
3472 1163 3570 1200 ex-

1990 1241 2361 1296 carniﬁcatum
2414 1242 2701 1295 tormentis
2748 1249 2802 1295 et
2840 1241 3132 1295 dissectum
3194 1238 3570 1303 membratim,

1992 1349 2105 1386 non
2152 1332 2385 1402 simplici
2421 1341 2597 1387 morte
2635 1331 2913 1394 affectum,
2948 1348 3043 1401 per
3074 1332 3331 1385 horrores
3370 1340 3425 1384 et
3444 1346 3571 1384 cru-

1994 1424 2167 1478 ciatus
2194 1423 2503 1477 doloriﬁcos
2538 1438 2568 1476 e
2597 1422 2707 1476 vita
2738 1424 2924 1476 trahit.
2956 1422 3071 1476 Nec
3100 1421 3449 1475 abludentem
3490 1421 3574 1473 vi-

1995 1515 2125 1569 dere
2168 1524 2255 1569 est
2291 1522 2534 1568 nostram
2560 1513 2951 1567 conditionem.
2987 1512 3243 1578 Quotidie
3282 1511 3575 1581 plectimur

1995 1616 2051 1660 et
2087 1605 2353 1660 aﬂicimnr
2373 1605 2566 1675 plagis,
2603 1606 2660 1658 in
2690 1606 2945 1674 praesenti
2978 1604 3255 1659 semisecti
3284 1603 3573 1658 constitui-

1994 1716 2155 1767 mur;
2189 1700 2407 1755 videtur
2438 1707 2619 1753 autem
2654 1714 2751 1768 per
2782 1707 2967 1767 partes
3002 1698 3115 1752 tolli
3146 1714 3176 1751 a
3211 1696 3368 1751 nobis
3406 1694 3571 1755 illud,

1996 1794 2137 1863 quod
2168 1793 2329 1847 simul
2359 1803 2415 1847 et
2456 1794 2627 1848 semel
2657 1802 2717 1847 ut
2742 1793 3083 1862 deponamus
3120 1790 3363 1862 ﬂagitant
3389 1808 3401 1843 :
3429 1792 3576 1859 quod

1994 1886 2039 1940 si
2075 1885 2438 1954 principatum
2471 1884 2663 1954 partiri
2697 1885 3074 1948 voluissemus,
3105 1882 3340 1937 exauditi
3381 1880 3576 1936 fuisse-

1993 1993 2116 2031 mus
2151 1977 2208 2031 in
2247 1985 2384 2032 toto.
2416 1974 2617 2031 Verum
2650 1992 2773 2031 cum
2814 1978 3166 2031 semisectum
3213 1976 3398 2029 vivere
3446 1990 3575 2045 pos-

1994 2070 2151 2135 sibile
2194 2085 2305 2123 non
2352 2070 2444 2136 sit,
2476 2086 2581 2125 nec
2610 2086 2713 2125 nos
2744 2070 2835 2125 hic
2875 2069 3173 2124 subsistere
3204 2068 3276 2122 ita
3309 2068 3576 2122 diminuta

1992 2162 2349 2233 principatu:
2385 2163 2643 2218 dedecori
2688 2164 2835 2217 enim
2885 2172 2941 2216 et
2988 2160 3395 2230 exprobrationi
3448 2160 3576 2215 facti

1994 2252 2313 2318 fuissemus,
2337 2268 2448 2307 non
2471 2253 2692 2324 quidem
2720 2253 3213 2323 prmdecessoribus
3233 2252 3456 2318 nostris,
3480 2255 3575 2307 setl

1994 2348 2407 2403 successoribus
2450 2358 2573 2418 post
2611 2347 2829 2413 futuris,
2881 2348 2926 2402 si
2975 2356 3155 2403 tamen
3198 2348 3363 2401 futuri
3407 2348 3576 2418 aliqui

1994 2441 2285 2511 aliquando
2315 2442 2445 2504 sint,
2481 2441 2643 2495 nobis
2678 2441 3011 2502 miseriores,
3041 2440 3133 2509 qui
3166 2449 3288 2510 post
3330 2454 3432 2493 nos
3477 2456 3579 2509 pro

1996 2535 2156 2589 nobis
2177 2534 2366 2606 jugum
2397 2533 2541 2588 istud
2565 2532 2751 2587 subire
2773 2533 2959 2587 velint.
2986 2531 3131 2587 Loco
3154 2532 3285 2602 quin
3311 2532 3577 2595 cedimus;

1997 2634 2176 2680 cesset
2202 2624 2423 2679 invrdia.
2459 2622 2614 2689 Quod
2654 2623 2697 2677 si
2732 2638 2841 2676 non
2878 2622 3127 2685 facimus,
3164 2620 3426 2691 quosdam
3459 2620 3581 2673 atii-

1998 2717 2174 2771 cimus
2203 2732 2461 2781 maerore,
2488 2717 2672 2787 potius
2710 2725 2763 2770 et
2790 2714 2860 2769 ob
2888 2715 2989 2769 hoc
3013 2714 3190 2783 ipsum
3221 2713 3277 2767 in
3296 2713 3385 2782 jus
3404 2713 3585 2781 rapie-

2000 2824 2125 2862 mur
2155 2829 2168 2864 :
2200 2824 2432 2863 excusso
2470 2807 2715 2878 pulvere,
2751 2806 2936 2860 sedem
2969 2805 3291 2865 deserimus.
3326 2804 3583 2873 quocirca

1998 2902 2153 2958 dolos
2190 2902 2452 2971 deinceps
2486 2900 2541 2953 in
2566 2916 2668 2954 nos
2706 2908 3029 2953 construere
3060 2906 3117 2951 et
3165 2896 3415 2953 meditari
3446 2897 3585 2952 desi-

2000 3003 2165 3057 stant,
2182 3009 2251 3047 ne
2267 2993 2579 3056 observent,
2595 2990 2939 3054 insidientur,
2962 2989 3351 3060 impressiones
3362 2989 3585 3044 faciant.

2003 3084 2120 3141 Heu
2148 3085 2384 3155 jnstitia,
2419 3084 2567 3153 leges
2600 3083 2722 3146 Dei,
2757 3082 3023 3137 tribunal!
3056 3080 3212 3148 Quod
3241 3097 3587 3151 nequaquam

311 3172 778 3243 συλλυπούμενος,
809 3171 1001 3244 ἐχθρὸς
1035 3175 1127 3225 καὶ
1170 3173 1493 3244 παραϐάτης
1536 3173 1714 3243 νόμων
1746 3174 1896 3226 εἰσά-

2003 3195 2102 3234 vos
2130 3177 2538 3240 conculcamus,
2568 3176 2767 3235 iniuria
2799 3174 3066 3229 allicimus
3090 3192 3104 3239 ;
3127 3184 3416 3244 propterea
3439 3178 3587 3245 quod

309 3285 496 3336 γεται,
527 3266 633 3320 κᾶν
669 3267 895 3335 ἀδελφὸς
929 3262 983 3341 ᾗ,
1018 3264 1110 3320 καὶ
1141 3267 1238 3336 τὴν
1287 3268 1451 3335 φύσιν
1494 3266 1594 3337 ἔχῃ
1640 3265 1897 3319 κινοῦσαν

311 3359 463 3428 πρὸς
488 3358 662 3412 ἔλεον.
691 3357 853 3410 Ποῖόν
883 3374 967 3421 τις
996 3355 1334 3425 ὑπενέγκειά
1360 3355 1587 3426 ῥᾳδίως,
1605 3356 1687 3408 ὅτι
1708 3356 1903 3425 κριτὰς

311 3449 520 3520 ἔχομεν
547 3449 641 3502 τοῦ
679 3449 821 3519 βίου,
851 3449 978 3511 τοὺς
1012 3449 1143 3519 πρὶν
1177 3448 1490 3513 ἐπαινέτας,
1535 3448 1631 3500 καὶ
1658 3447 1709 3500 οἳ
1743 3448 1904 3519 χάριν

310 3542 658 3612 ὡμολόγουν,
694 3542 743 3593 εί
771 3541 848 3611 μὴ
875 3539 1004 3609 παρ’
1041 3539 1200 3610 ἡμῶν
1230 3542 1619 3610 κατεκρίνοντο
1637 3556 1650 3569 ⁸
1685 3540 1766 3593 ὅτι
1794 3540 1903 3593 τῶν

312 3630 496 3700 φίλων
529 3630 905 3701 χωριζόμεθα,
956 3631 1041 3683 ὅτι
1068 3629 1177 3682 τῶν
1208 3628 1456 3699 ἀδελφῶν
1486 3628 1865 3701 ἀποσπώμεθα
1885 3646 1900 3660 ·

310 3725 461 3793 πρὸς
488 3728 616 3777 ποῖα
649 3724 855 3778 τούτων
888 3724 971 3787 τίς
1003 3722 1413 3793 ύποστήσεται;

2004 3271 2303 3340 diligimus,
2335 3284 2445 3322 non
2480 3283 2756 3332 amamur;
2780 3282 2847 3321 eo
2877 3266 3023 3335 quod
3048 3282 3145 3335 pro
3166 3266 3322 3320 vobis
3352 3275 3586 3326 stamus.

2005 3376 2035 3414 a
2076 3360 2236 3414 nobis
2264 3359 2322 3412 lit
2366 3358 2677 3414 dissidium.
2713 3358 3222 3413 Comminiscuntur
3264 3359 3585 3424 mendacia,

2004 3456 2060 3501 et
2090 3446 2181 3515 qui
2224 3454 2415 3500 contra
2450 3461 2552 3500 nos
2588 3445 3289 3519 maximamproditionem
3326 3444 3545 3500 ﬁnxerit
3570 3491 3586 3511 ,

2005 3539 2247 3608 prudens
2285 3538 2517 3593 habetur
2546 3548 2601 3593 et
2653 3548 2934 3603 actuosus;
2967 3538 3062 3608 qui
3118 3538 3294 3595 vicem
3340 3550 3588 3594 nostram

2004 3631 2170 3695 dolet,
2210 3642 2268 3684 ut
2296 3631 2471 3685 hostis
2500 3639 2554 3684 et
2588 3632 2769 3701 legum
2796 3630 3028 3685 violator
3061 3640 3375 3695 accusatur,
3420 3632 3593 3687 frater

2009 3722 2138 3777 licet
2161 3721 2349 3786 fuerit,
2375 3730 2431 3775 et
2466 3731 2662 3776 natura
2690 3722 2806 3791 ipsa
2838 3730 3123 3776 moveatur
3155 3722 3224 3776 ad
3243 3722 3593 3792 compassio-

311 3833 473 3873 nem.
513 3817 798 3884 Quomodo
834 3816 979 3887 quis,
1014 3831 1221 3885 quaeso,
1265 3815 1495 3870 tolerare
1534 3825 1737 3885 posset,
1764 3814 1912 3884 quod
1951 3814 2020 3869 de
2046 3816 2154 3870 vita
2182 3815 2395 3885 judiees
2415 3824 2470 3870 et
2497 3830 2756 3870 censores
2780 3814 3046 3869 habemus
3074 3831 3188 3882 eos,
3244 3833 3382 3887 quos
3440 3819 3594 3889 prius

302 3911 652 3976 laudatores,
696 3920 753 3965 et
793 3910 886 3979 qui
940 3909 1081 3963 bene
1130 3922 1316 3963 secum
1367 3908 1452 3976 agi
1505 3916 1792 3976 putassent
1853 3908 1899 3963 si
1936 3918 2125 3963 nostro
2150 3908 2359 3977 judicio
2377 3924 2490 3962 non
2513 3908 3043 3974 condemnarentur;
3096 3907 3243 3978 quod
3302 3910 3371 3965 ab
3398 3912 3592 3967 amicis

313 4007 667 4071 divellamur,
710 4019 742 4057 a
788 4003 1063 4075 germanis
1106 4001 1522 4057 abstrahamur?
1568 4000 1767 4071 Ecquis
1812 4012 1899 4057 est
1933 4003 2029 4072 qui
2067 4002 2264 4057 horum
2298 4002 2502 4073 aliquid
2532 4002 2738 4073 possit?

407 4097 551 4153 Ἀλλ’
583 4099 702 4168 ὲρεῖ
749 4113 857 4161 τις,
899 4093 976 4165 μὴ
1028 4093 1142 4147 δεῖν
1172 4092 1428 4162 ἀθυμεῖν,
1460 4091 1699 4164 Χριστοῦ
1730 4093 1900 4164 πάθη,

310 4192 419 4247 καὶ
448 4190 689 4261 Χριστὸν
737 4187 901 4241 αὑτὸν
927 4187 1006 4249 είς
1047 4184 1211 4255 μέσον
1259 4184 1430 4253 ἄγων,
1464 4184 1559 4237 καὶ
1585 4186 1710 4248 τοὺς
1761 4184 1903 4255 ὑπὲρ

310 4283 490 4337 αὐτοῦ
522 4283 808 4353 μάρτυρας
824 4297 839 4312 ο
865 4278 933 4333 ἄν
966 4294 1057 4350 μοι
1083 4277 1176 4331 καὶ⁸
1200 4276 1293 4329 τὸν
1321 4276 1587 4347 προδότην
1611 4275 1781 4348 δείξῃ,
1809 4277 1905 4329 καὶ

308 4376 422 4443 τὴν
452 4373 809 4436 κουστωδίαν,
842 4369 937 4423 καὶ
985 4370 1113 4432 τοὺς
1145 4367 1465 4440 τυράννους,
1516 4367 1720 4437 πολλὴν
1751 4359 1905 4429 οὗτος

307 4470 419 4538 τὴν
467 4465 733 4537 εὐθυμίαν
786 4462 1112 4534 χαρίσεται*
1166 4461 1328 4531 μέχρι
1362 4459 1407 4514 δ’
1435 4459 1501 4513 ἂν
1538 4458 1613 4530 μὴ
1664 4458 1904 4528 φανῶσιν

311 4554 490 4621 οὗτοι,
539 4557 683 4627 λόγῳ
735 4554 989 4609 πλάττων
1018 4552 1118 4624 τὴν
1173 4552 1493 4622 ὁμοιότητα,
1552 4550 1756 4619 ἀσθενῆ
1806 4548 1906 4620 τὴν

310 4651 680 4723 παραμυθίαν
719 4648 1047 4719 παρέχεται.
1072 4646 1134 4699 Et
1162 4646 1260 4715 μὲν
1290 4644 1383 4697 οῦν
1414 4643 1674 4697 πλειόνων
1703 4642 1906 4713 ξεσμά-

306 4760 432 4798 των
464 4742 544 4795 ἐτι
573 4742 670 4795 καὶ
719 4738 1101 4811 χωνευτηρίων
1132 4739 1160 4789 ό
1198 4737 1465 4808 ἡμέτερος
1503 4735 1725 4805 ἀνδριὰς
1768 4734 1906 4805 πρὸς

308 4835 591 4903 κάθαρσιν
621 4836 814 4897 δεῖται,
868 4833 965 4887 καὶ
1023 4829 1232 4895 ξυέσθω
1260 4830 1356 4883 καὶ
1401 4828 1655 4899 τηκέοθω
1680 4828 1773 4880 καὶ
1795 4846 1906 4898 χω-

309 4927 584 4989 νευέσθω,
610 4924 848 4998 Χριστοῦ
874 4923 1112 4986 διδόντος
1134 4920 1438 4993 ὑπομονὴν,
1458 4921 1555 4973 καὶ
1570 4922 1636 4991 τῇ
1652 4917 1907 4988 ἀσθενείᾳ

307 5023 425 5091 τῆς
459 5021 675 5089 φύσεως
728 5020 829 5089 τὴν
863 5018 1096 5087 βάσανον
1158 5014 1624 5085 συμμετροῦντος.
1686 5012 1749 5065 Et
1789 5011 1834 5064 δ’
1869 5013 1902 5081 ή

309 5113 603 5185 ὑπερϐολὴ
642 5110 753 5165 τῶν
792 5111 1067 5165 κολάσεων
1110 5107 1299 5177 φθάνει
1351 5105 1649 5160 δαπανῶσα
1680 5104 1777 5175 τὴν
1809 5102 1904 5157 δύ-

311 5224 492 5275 ναμιν
517 5207 638 5276 (οὐκ
668 5205 801 5275 ἐμὸν
824 5204 934 5274 γάρ
960 5204 1137 5255 εἰπεῖν
1156 5204 1204 5254 εί
1226 5197 1586 5271 κεκάθαρται)
1612 5202 1639 5252 6
1661 5199 1907 5267 πλάστης

318 5301 504 5373 ῥυέτω
552 5298 614 5351 τὸ
667 5298 893 5368 πλάσμα
922 5296 1021 5366 τῆς
1074 5294 1347 5365 βασάνου,
1380 5294 1474 5346 καὶ
1517 5292 1706 5364 μηδεὶς
1749 5292 1907 5361 ἡμῶν

312 5393 491 5445 ἕνεκα
544 5389 766 5459 ὀφθήτω
822 5389 962 5458 μήτε
1016 5384 1325 5456 προδότης,
1379 5385 1518 5454 μήτε
1575 5381 1901 5446 κουστωδία,

2085 4096 2191 4147 Sed
2232 4093 2469 4158 dicetur,
2501 4094 2948 4163 despondendum
2979 4109 3090 4148 non
3130 4108 3253 4149 esse
3309 4093 3591 4165 animum;

2011 4185 2213 4240 Christi
2246 4186 2382 4240 mihi
2420 4186 2736 4255 passiones,
2784 4186 2986 4241 Christi
3043 4186 3354 4256 exemplum
3389 4203 3594 4257 repraz-

2014 4276 2273 4343 sentabit,
2303 4285 2359 4329 et
2382 4277 2699 4346 martyrium
2722 4276 2813 4346 qui
2835 4284 3061 4346 propter
3088 4275 3242 4329 illum
3264 4276 3590 4329 tolerarunt.

2014 4368 2179 4424 Certe
2201 4370 2246 4423 si
2284 4370 2420 4423 mihi
2469 4370 2803 4438 proditorem
2856 4369 2946 4423 hic
2993 4370 3282 4434 exhibeat,
3313 4371 3359 4425 si
3407 4380 3595 4425 custo-

2012 4460 2182 4525 diam,
2207 4463 2251 4515 sl
2283 4470 2563 4532 tyrannos,
2591 4460 2819 4514 multam
2852 4459 2944 4514 ille
2977 4459 3238 4531 largietur
3266 4461 3594 4515 consolatio-

2012 4567 2165 4607 nem.
2206 4553 2275 4607 At
2306 4552 2548 4622 quandiu
2578 4568 2849 4622 nusquam
2878 4561 3141 4622 apparent
3175 4553 3286 4617 isti,
3316 4555 3406 4622 qui
3441 4553 3595 4608 simi-

2009 4643 2300 4699 litudinem
2337 4660 2590 4699 sermone
2615 4660 2716 4700 suo
2772 4644 2983 4715 afﬁngit
3009 4645 3285 4699 inﬁrmum
3338 4645 3594 4700 solatium

2011 4736 2313 4791 exhibebit.
2366 4735 2521 4802 Quod
2555 4737 2601 4792 si
2631 4746 2814 4792 autem
2846 4747 3034 4792 nostra
3071 4737 3172 4791 ista
3205 4746 3384 4792 statua
3419 4738 3593 4808 pluri-

2016 4827 2207 4881 fariam
2237 4828 2415 4883 adhuc
2437 4828 2675 4884 radenda
2720 4828 2908 4895 fuerit,
2940 4838 3055 4893 aut,
3086 4838 3145 4883 ut
3174 4830 3363 4899 purior
3386 4829 3499 4896 ﬁat,
3528 4831 3597 4885 li-

2015 4919 2378 4988 quefacienda
2435 4922 2534 4985 sit;
2588 4920 2803 4984 radant,
2834 4919 3209 4990 liquefaciant,
3240 4920 3513 4985 condent,
3546 4922 3596 4977 si

2016 5017 2208 5077 velint,
2233 5015 2530 5069 dummodo
2548 5013 2800 5069 Christus
2839 5012 3150 5083 suppeditet
3175 5013 3514 5082 patientiam,
3538 5024 3598 5069 et

2015 5107 2315 5162 secundum
2361 5106 2767 5175 proportionem
2807 5104 3074 5159 naturalis
3109 5118 3311 5160 nostra:
3362 5105 3595 5160 inﬁrmi-

2014 5198 2143 5253 tatis
2188 5197 2545 5252 tentationem
2584 5196 2956 5251 admensuret.
3001 5195 3159 5261 Quod
3210 5196 3256 5251 si
3305 5211 3597 5265 poenarum

2014 5305 2277 5345 excessus
2314 5289 2633 5359 patientiam
2672 5288 2935 5358 anticipet
2982 5297 3038 5343 et
3089 5288 3343 5343 absumat
3389 5277 3465 5357 (in
3506 5304 3595 5342 me

2018 5380 2162 5434 haud
2205 5388 2289 5433 est
2314 5379 2476 5433 situm
2512 5378 2781 5434 afﬁrmare
2808 5379 2953 5449 quod
2988 5379 3308 5450 purgatur),
3344 5378 3499 5432 ﬁctor
3532 5380 3595 5431 ti-

321 5485 471 5556 μήτε
499 5482 763 5552 τύραννος
784 5499 798 5513 θ
828 5480 1020 5549 εἴησαν
1053 5479 1112 5532 δὲ
1139 5478 1340 5540 πάντες
1358 5475 1610 5529 ἐκλεκτοὶ
1638 5474 1777 5528 Θεοῦ
1815 5491 1886 5527 κα

2017 5482 2296 5544 gntentum
2322 5472 2391 5527 de
2444 5473 2733 5526 tormentis
2786 5472 3010 5535 liberet,
3074 5486 3253 5541 neque
3306 5469 3596 5538 quisquam

318 5571 425 5640 τῆς
454 5570 567 5625 άνω
586 5569 744 5641 δόξης
772 5569 1006 5633 ἐπάξιοι.

2019 5565 2248 5635 optarim
2278 5580 2400 5619 mea
2423 5578 2587 5619 causa
2605 5564 2833 5619 exsistat
2863 5564 3127 5633 proditor,
3146 5560 3393 5617 custodia
3426 5558 3593 5627 nulla,

322 5671 514 5727 nullus
542 5679 835 5740 tyrannus;
870 5668 980 5722 sint
1008 5675 1188 5721 autem
1221 5680 1413 5723 omnes
1444 5682 1474 5721 a
1501 5666 1613 5723 Deo
1638 5665 1817 5731 electi,
1854 5672 1911 5718 et
1935 5662 2082 5733 digni
2113 5664 2206 5733 qui
2240 5678 2532 5734 supernam
2556 5675 2916 5736 assequamur
2954 5661 3201 5736 gloriam.

1667 5779 1904 5836 VARIIE
1946 5778 2351 5838 LECTIONES.

396 5864 424 5895 ⁸
453 5854 541 5909 ίσ.
574 5853 775 5909 αὐτῶν.
904 5849 931 5890 ἀ
961 5851 998 5906 1.
1021 5850 1341 5923 ύπήνεγκοι.
