3964 6434
305 433 415 497 6ἓό

1462 441 1997 501 EPISTOLARUM
2037 443 2270 503 LIBER
2307 446 2355 504 Ι.

3439 459 3544 518 62τῖ

301 571 420 618 τον,
463 550 754 620 ἀπετμήθη
800 549 898 620 τὴν
928 549 1199 619 γλῶσσαν,
1227 551 1322 604 καὶ
1362 551 1534 606 ταῦτα
1580 554 1876 624 ἱερωσύνην

1981 555 2127 610 tione
2151 556 2312 627 digna
2350 557 2670 628 habeantur)
2697 559 2894 616 multas
2920 563 3080 616 simul
3103 575 3344 635 aggestas
3374 570 3548 622 mise—

305 643 491 714 φορῶν
511 661 526 675 ·
560 644 701 715 ὑπὲρ
729 636 789 696 οὗ
815 642 1076 704 πολλάκις
1102 641 1465 712 ἐπρέσϐευσα,
1497 643 1634 714 ὑπὲρ
1661 637 1722 698 οὗ
1756 645 1882 696 πολ-

299 735 464 798 λάκις
494 733 851 804 ὲδυσώπησα,
890 733 1030 803 ὑπὲρ
1065 725 1124 786 οὗ
1170 733 1199 784 ὁ
1243 732 1475 802 μάταιος
1516 733 1626 801 ἐγὼ
1657 735 1751 788 καὶ
1781 737 1878 804 ῥή-

306 844 456 896 ματα
501 825 767 887 ἀπαθείας
793 823 1002 886 ἔλαϐον,
1029 824 1124 877 καὶ
1147 825 1194 876 οἱ
1224 825 1420 888 ἰδόντες
1452 815 1790 880 ἐπίστανται.
1819 828 1881 880 Εἰ

299 915 364 968 δὲ
413 917 506 969 καὶ
543 914 871 968 ἐπελάθοντο
917 907 1086 979 οὗτοι,
1133 914 1194 967 τὸ
1227 915 1377 968 Θεῖον
1423 915 1524 968 οὐκ
1561 915 1878 970 ἐπελάθετο.

299 1008 444 1061 Ποία
485 1006 672 1060 λοιπὸν
719 1008 874 1070 ἐλπὶς
919 1008 1055 1079 πρὸς
1104 1008 1172 1060 τά
1228 1008 1416 1079 ἄδηλα,
1461 1010 1550 1062 ὅτε
1594 1011 1722 1080 περί
1773 1009 1882 1063 τῶν

300 1100 557 1169 φανερῶν
591 1102 686 1152 καὶ
719 1101 811 1152 ὑπ’
843 1100 964 1170 ὄψιν
1003 1102 1272 1170 κειμένων
1305 1101 1476 1165 οὕτως
1517 1103 1879 1172 ἀποτυγχάνω

299 1192 400 1241 καὶ
433 1189 830 1258 διαπαίζομαι;
867 1189 982 1251 πῶς
1030 1189 1168 1258 ὑπὲρ
1205 1189 1508 1260 ἁμαρτιῶν,
1542 1191 1636 1244 καὶ
1689 1193 1876 1264 ὑμῶν,

300 1281 402 1332 καὶ
427 1279 523 1332 τοῦ
553 1280 702 1344 λαοῦ,
733 1280 1078 1351 πρεσϐεύσας
1097 1281 1432 1352 ἐξιλάσομαι,
1464 1285 1552 1336 ὅτε
1581 1284 1714 1354 πρὸς
1736 1285 1882 1354 ὑμᾶς

301 1373 448 1444 ὑπὲρ
492 1373 608 1435 ἑνὸς
643 1372 985 1441 πρεσϐεύσας
1018 1371 1190 1436 οὓτως
1223 1373 1480 1440 ὲξέπεσα,
1510 1373 1656 1430 οὕτω
1701 1393 1876 1445 παρε-

301 1463 618 1533 κρούσθην;
644 1463 830 1516 Ταῦτα
853 1463 1106 1534 δακρύων
1137 1465 1330 1534 αἱματι
1361 1464 1598 1535 ἔγραψα·
1623 1470 1680 1519 εν
1710 1468 1792 1520 σοὶ
1821 1467 1878 1520 δέ

299 1558 422 1608 ὲστι
456 1557 516 1608 τὸ
541 1555 746 1619 λοιπὸν,
776 1555 808 1626 ἢ
855 1555 1098 1626 πρώτην,
1149 1557 1181 1627 ἢ
1215 1558 1529 1612 τελευταίαν
1589 1559 1744 1628 τήνδε
1779 1559 1879 1626 τὴν

299 1645 596 1715 ἐπιστολήν
625 1645 901 1710 δέξασθαι.
947 1645 1088 1713 Ἐγὼ
1117 1647 1224 1716 γὰρ
1257 1646 1373 1698 κατ’
1405 1647 1634 1702 ἐνώπιον
1670 1648 1876 1717 Κυρίου

301 1735 477 1804 λέγω,
503 1737 578 1800 ὡς
608 1739 654 1789 εἰ
679 1736 854 1800 οὕτως
872 1739 1018 1791 ἐστὶν
1041 1739 1168 1808 ὑμῖν
1191 1739 1391 1801 σκοπὸς
1414 1742 1471 1792 ὲν
1493 1741 1615 1802 ταῖς
1636 1740 1879 1808 εὐλόγοις

309 1827 472 1896 ἡμῶν
490 1826 714 1890 ἱκεσίαις
744 1829 838 1880 καὶ
851 1846 922 1880 πα
931 1829 1101 1899 ρακλή
1110 1845 1166 1880 σε
1176 1847 1255 1880 σιν
1273 1829 1716 1900 παρακρούεσθαι
1729 1831 1762 1898 ἡ
1773 1831 1878 1899 μᾶς

300 1919 400 1970 καὶ
436 1919 883 1988 ἀποπέμπεσθαι·
914 1921 1008 1972 καὶ
1033 1921 1083 1972 εἰ
1112 1921 1186 1991 μή
1220 1938 1303 1982 τις
1337 1922 1564 1991 γένηται
1600 1922 1679 1992 τῷ
1711 1922 1878 1992 ἀθλίῳ
1911 1895 1954 1950 Β

301 2010 502 2078 ἐκείνῳ
520 2009 608 2062 τὸν
621 2010 842 2062 δυνατὸν
859 2015 1060 2080 τρόπον
1079 2029 1156 2062 πα
1165 2011 1380 2081 ραψυχὴ
1394 2013 1488 2064 καὶ
1513 2013 1880 2082 παράκλησις,

301 2099 432 2153 οὔτε
450 2100 666 2170 γράψω,
687 2101 808 2153 οὗτε
822 2101 994 2164 ἄλλως
1015 2120 1131 2164 πως
1148 2104 1444 2172 ἐνοχλήσω,
1467 2103 1580 2155 ἀλλ’
1599 2104 1876 2174 ἡσυχάσω,

301 2193 545 2262 ἐμαυτὸν
577 2193 913 2258 ἐπισκοπῶν,
947 2195 1042 2246 καὶ
1068 2193 1136 2246 τὰ
1173 2193 1409 2264 ἐμαυτοῦ
1438 2195 1780 2266 ὀδυρόμενος.
1816 2197 1880 2250 Ei

297 2285 414 2354 γάρ
452 2286 590 2356 μετὰ
619 2285 728 2338 τῶν
756 2284 1161 2357 καθημερινῶν,
1192 2286 1300 2339 τῶν
1345 2286 1541 2350 ἔξωθεν
1582 2290 1716 2357 ἡμῖν
1748 2289 1880 2342 ἀνα-

299 2378 648 2447 φυσωμένων
700 2379 1026 2452 πειρασμῶν
1069 2379 1161 2432 καὶ
1195 2381 1608 2450 περιστάσεων,
1644 2381 1738 2432 καὶ
1779 2381 1878 2450 τὴν

299 2467 498 2520 ἀθλίαν
556 2485 656 2537 μου
710 2467 1102 2538 προσαπολέσω
1153 2466 1367 2536 ψυχὴν,
1429 2464 1755 2536 ἀθλιώτερος
1811 2465 1876 2519 ἂν

298 2560 422 2630 εἵην
453 2559 669 2612 πάντων
697 2558 794 2612 ἀνθ
803 2576 1022 2630 ρωπων.

1986 651 2094 704 rias
2139 651 2362 720 pertulit
2401 670 2415 706 :
2463 653 2736 718 venditus,
2771 664 2826 708 et
2851 656 3166 710 verberibus
3213 672 3384 712 caesus
3445 671 3547 724 est,

1985 741 2038 794 in
2069 757 2342 797 carcerem
2375 743 2594 798 demum
2619 747 2916 815 conjectus,
2955 757 3028 810 et,
3057 749 3198 818 quod
3219 750 3428 804 nullum
3463 767 3550 806 so-

1984 829 2172 884 latium
2192 830 2449 895 admittit,
2473 831 2652 902 lingua
2720 835 2793 888 illi
2825 835 3266 904 exscindcbatur,
3299 841 3564 910 quodque-

1983 919 2155 991 magis
2191 929 2274 976 est
2317 921 2620 992 indignum,
2648 941 2770 980 cum
2810 927 3062 982 sacerdos
3089 938 3276 994 esset;
3309 945 3407 999 pro
3460 932 3556 985 illo-

1985 1011 2182 1081 saepius
2235 1012 2538 1077 intercessi,
2577 1015 2772 1084 saepius
2805 1017 3026 1072 adhibui
3061 1035 3268 1088 preces,
3303 1021 3356 1075 in
3391 1024 3552 1092 cujus

1983 1119 2142 1158 causa
2181 1105 2341 1159 verba
2377 1113 2588 1162 tantum
2611 1107 2792 1177 accepi
2843 1123 2942 1178 ego
2983 1127 3154 1165 vanus
3199 1111 3316 1166 sine
3345 1115 3550 1166 conde-

1987 1192 2172 1247 lentiae
2223 1211 2410 1260 sensu,
2442 1195 2585 1264 quod
2635 1197 2882 1252 videntes
2927 1197 3317 1269 intelligebant.
3351 1201 3454 1266 Qui
3505 1203 3552 1256 si

1985 1285 2180 1339 horum
2217 1287 2366 1340 obliti
2402 1287 2532 1354 sint,
2582 1297 2638 1342 at
2691 1305 2798 1342 non
2827 1290 3070 1344 divinum
3110 1292 3322 1346 Numen
3356 1293 3551 1347 oblivi-

1986 1387 2187 1432 scetur.
2218 1379 2352 1433 Cum
2399 1379 2453 1433 in
2488 1380 2652 1435 rebus
2681 1388 2788 1434 tam
2823 1383 3122 1451 perspicuis
3153 1394 3208 1438 et
3237 1385 3337 1438 sub
3367 1385 3554 1440 oculos

1981 1469 2174 1538 positis
2204 1471 2277 1524 ita
2303 1486 2400 1540 spe
2423 1467 2646 1541 dejiciar
2665 1513 2680 1538 ,
2707 1483 2760 1529 et
2791 1473 2920 1529 risui
2980 1492 3220 1546 expenar
3239 1518 3254 1541 ,
3286 1494 3406 1547 qua:
3466 1495 3552 1532 re-

1981 1561 2105 1614 licta
2135 1563 2239 1616 erit
2267 1577 2398 1632 spes
2427 1564 2560 1618 mihi
2598 1565 2664 1619 de
2695 1565 2964 1620 incertis?
2993 1567 3273 1633 Quomodo
3299 1587 3397 1640 pro
3425 1587 3554 1640 pec-

1984 1651 2119 1704 catis
2141 1659 2196 1704 et
2221 1653 2418 1706 vestris
2444 1661 2498 1706 et
2521 1654 2708 1723 pepuli
2731 1654 3084 1720 intercedam,
3106 1669 3160 1712 et
3182 1659 3268 1714 illa
3297 1663 3548 1730 cxpiabe,

1982 1755 2103 1794 cum
2140 1757 2240 1810 pro
2278 1743 2364 1796 vel
2391 1761 2501 1797 uno
2528 1746 2669 1814 apud
2727 1759 2779 1801 te
2819 1748 3180 1815 intercedens,
3215 1752 3352 1806 adeo
3403 1754 3550 1807 exci-

1983 1832 2158 1887 derint
2209 1837 2636 1905 exspectatione,
2696 1839 2831 1894 adeo
2877 1841 3070 1896 fuerim
3121 1843 3552 1913 dcccptus?lsta

1983 1925 2202 1994 quidem
2233 1928 2535 1998 lacrymans
2569 1947 2692 1985 cum
2720 1935 2978 2004 sanguine
3029 1936 3266 1990 exaravi.
3301 1935 3476 1992 Penes
3499 1947 3568 1992 te-

1983 2026 2066 2070 est
2095 2017 2352 2088 deinceps
2375 2045 2380 2048 -
2403 2030 2464 2075 ut
2494 2022 2636 2077 hanc
2679 2026 2776 2079 vel
2818 2027 3047 2095 primam
3085 2029 3170 2082 vel
3222 2039 3552 2098 postremam

1982 2109 2263 2176 epistolam
2294 2125 2326 2164 a
2355 2127 2441 2165 me
2491 2112 2714 2168 habeas.
2759 2117 2984 2172 Domino
3021 2119 3224 2173 etenim
3270 2129 3405 2174 teste
3452 2121 3554 2174 de»

1983 2201 2196 2266 nuntio,
2224 2203 2368 2271 quod
2394 2205 2442 2258 si
2473 2205 2527 2259 id
2573 2207 2670 2260 tibi
2729 2210 3068 2278 propositum
3103 2213 3173 2266 sit
3208 2223 3267 2266 ut
3296 2214 3554 2283 deceptos

1981 2304 2084 2344 nes
2118 2292 2333 2362 ahleges
2363 2303 2416 2349 et
2450 2306 2824 2368 contemples,
2848 2301 2938 2354 ubi
2966 2310 3072 2354 tam
3101 2303 3446 2359 rationabiles
3471 2307 3548 2360 ef-

1981 2380 2206 2438 ferimus
2227 2387 2580 2454 supplicando
2613 2389 3034 2459 admonitiones,
3059 2395 3132 2448 ita
3166 2404 3241 2456 ut,
3276 2412 3400 2450 cum
3427 2413 3554 2466 pes-

1981 2472 2051 2526 sit
2093 2473 2207 2528 fieri
2259 2493 2371 2530 non
2431 2479 2745 2547 difficulter,
2804 2484 2972 2538 miser
3019 2485 3108 2540 ille
3161 2488 3362 2541 nullam
3399 2488 3554 2542 inve~

1979 2562 2122 2616 nerit
2142 2567 2565 2624 consolationem
2588 2580 2682 2626 aut
2711 2574 3191 2632 refocillamentum
3216 2595 3554 2650 nequaquam

299 2656 562 2725 deinceps
581 2655 932 2725 scripturum,
961 2661 1053 2708 aut
1073 2653 1378 2708 molestiam
1403 2652 1495 2706 tibi
1523 2654 1955 2720 ereaturum,sed
1975 2657 2139 2712 rebus
2169 2662 2303 2715 meis
2332 2665 2642 2732 consulens,
2661 2677 2715 2722 et
2737 2684 2913 2724 meam
2937 2673 3109 2726 vicem
3125 2673 3429 2744 deplorans,
3453 2681 3552 2733 ob-

299 2758 628 2802 mutescam.
669 2749 724 2800 Si
749 2749 895 2800 enim
915 2755 1036 2816 post
1060 2747 1402 2816 quotidianas
1429 2745 1549 2800 illas
1573 2761 1692 2814 qua:
1729 2761 1759 2799 a
1791 2744 1925 2800 foris
1946 2749 2258 2818 quotidiein
2289 2767 2377 2806 me
2406 2756 2750 2812 concitantur
2786 2763 3115 2820 tentationes
3147 2775 3199 2820 et
3238 2769 3555 2839 cxigentias,

301 2842 540 2897 miseras
561 2856 780 2912 quoque
805 2842 1041 2894 animam
1073 2845 1249 2894 meam
1280 2841 1338 2895 in
1373 2856 1439 2896 eo
1478 2841 1579 2896 sim
1599 2849 1662 2894 ut
1683 2840 2012 2908 disperdam,
2034 2844 2175 2899 ultra
2201 2861 2392 2904 omnes
2415 2853 2673 2907 mortales
2703 2854 3166 2925 deploratissimus
3195 2879 3392 2921 essem.

916 2933 1144 2987 ΕΠΙΣΤ.
1180 2933 1252 2986 Ζ’.

833 3023 1032 3092 Βάρδᾳ
1077 3025 1348 3091 Καίσαρι.

2557 2943 2777 3001 EPIST.
2810 2948 2926 3003 VII.

2528 3031 2724 3089 Bardae
2748 3035 2966 3094 Cwsari.

1411 3113 1552 3163 Edita
1574 3127 1604 3162 a
1619 3113 1918 3165 Montacutio
1943 3117 2000 3182 (1.
2025 3130 2069 3167 c.
2095 3130 2177 3180 ep.
2199 3119 2256 3179 8,.
2271 3135 2322 3182 p.
2344 3120 2446 3185 7i).

369 3196 652 3266 Χαίρομεν
698 3197 1149 3267 επήρεαζόμενοι·
1182 3197 1457 3267 ἀλγῶμεν
1485 3197 1576 3260 δὲ,
1626 3199 1709 3252 ὅτι
1751 3199 1876 3261 τοὺς

2049 3201 2404 3258 Contumeliis
2442 3205 2623 3261 αἰτεοιὶ
2653 3210 2984 3280 gaudemus;
3019 3231 3160 3286 aegre
3187 3227 3396 3276 tantum
3428 3223 3560 3279 feri-

298 3287 713 3358 ὲπηρεάζοντας
754 3289 898 3358 ὑμᾶς
936 3289 1162 3358 ἔχομεν,
1195 3289 1323 3360 παρ’
1361 3283 1434 3340 ὧν
1462 3292 1592 3360 ήμίν
1619 3289 1715 3342 καὶ
1744 3307 1882 3360 προ-

299 3380 533 3443 στασίας
577 3380 788 3443 ἐλπίδες
815 3421 829 3446 ,
879 3381 1050 3434 ἄλλων
1083 3381 1214 3444 ἴσως
1259 3381 1683 3450 ἐπιτιθεμένων,
1726 3381 1882 3449 ἐκρέ-

298 3491 500 3543 μαντο,
530 3475 624 3526 καὶ
653 3473 712 3524 τὸ
747 3471 1046 3542 βαρύτατον
1067 3512 1084 3535 ,
1111 3473 1190 3524 ὅτι
1221 3472 1382 3526 ἄδικα
1412 3473 1730 3542 πάσχοντες,
1766 3472 1880 3524 ἀδι-

295 3567 423 3616 κείν
457 3563 855 3634 ἐγκαλούμεθαο
889 3565 984 3616 καί
1029 3564 1214 3626 δόλους
1249 3565 1478 3634 ῥάπτειν
1520 3563 1876 3633 γραφόμεθα,

294 3656 392 3725 ὑφ’
417 3649 493 3709 ὧν
519 3657 672 3708 αὐτοὶ
699 3656 926 3717 πολλοὺς
949 3656 1070 3709 καθ’
1096 3657 1332 3727 ἑκάστην
1363 3657 1726 3727 ὑπομένομεν.
1761 3659 1902 3712 Χά-·

299 3765 388 3817 ρις
423 3743 538 3810 οὖν,
558 3749 771 3801 πάντων
796 3749 978 3813 ἕνεκα,
998 3747 1074 3818 τῷ
1097 3749 1312 3821 Σωτῆρι
1339 3750 1495 3820 ήμῶν
1523 3749 1662 3820 Θεῷ.
1691 3751 1802 3805 Καὶ
1827 3751 1878 3802 εί

298 3837 378 3908 μὴ
411 3838 502 3890 τὸν
547 3839 789 3908 παρόντα
839 3841 952 3908 βίον
997 3844 1351 3912 πειρατήριον
1383 3843 1636 3916 ᾔδειμεν,
1676 3844 1882 3914 σφόδρα

295 3929 380 3982 ἂν·
399 3929 493 3982 ἐπὶ
521 3933 630 3993 τοῖς
664 3931 1068 4002 συμϐεϐηκόσιν
1099 3935 1604 4005 ἀπωλοφυράμεθα.
1633 3935 1706 3987 Σὺ
1732 3936 1810 4002 δὲ,
1829 3936 1878 3988 εί

297 4025 378 4094 μή
414 4041 467 4077 τι
514 4025 643 4078 ἄλλο
673 4026 780 4078 τῶν
819 4027 1062 4081 παλαιῶν
1102 4029 1567 4096 παραδειγμάτων
1613 4028 1706 4080 ἐπὶ
1751 4027 1878 4080 νοῦν

292 4114 592 4170 ἀναλαϐεῖν
615 4115 844 4182 ἐθέλοις,
885 4118 1020 4171 ἀλλὰ
1055 4119 1150 4172 τόν
1169 4135 1232 4186 γε
1284 4119 1525 4187 Ἡρώδου
1566 4115 1744 4184 οἷκον,
1782 4117 1878 4172 καὶ

289 4206 428 4268 τοὺς
485 4206 839 4278 Ἀντιπάτρου
893 4211 1125 4277 τρόπους
1175 4213 1496 4264 ἐπισκοπεῖν
1537 4211 1873 4280 διανάστηθι.

293 4293 514 4360 Ὅπως,
546 4297 573 4346 ὁ
605 4297 703 4367 μὲν
731 4297 1239 4368 πολλαῖς-μηχαναῖς
1260 4301 1350 4352 τὸν
1377 4300 1566 4372 ἄνδρα,
1593 4303 1766 4354 καίτοι
1811 4317 1875 4370 γε

295 4385 399 4438 καὶ
427 4385 684 4455 ἀγχίνουν
712 4387 862 4454 ὄντα,
900 4395 1041 4442 κατά
1069 4391 1175 4443 τῶν
1215 4393 1508 4460 φιλτάτων,
1543 4394 1838 4464 περιῆλθεν
1858 4409 1872 4424 ·

292 4474 325 4525 ὁ
373 4473 434 4526 δὲ
466 4477 578 4538 τοῖς
612 4475 811 4542 ἔξωθεν
847 4480 983 4530 πᾶσι
1017 4482 1443 4550 περιρῥεόμενος
1493 4483 1748 4550 ἀγαθοῖς,
1780 4485 1874 4537 καὶ

1985 3307 2106 3347 mus
2145 3296 2289 3363 quod
2322 3305 2380 3350 tu
2425 3299 2531 3354 scis
2569 3302 2659 3369 qui
2699 3302 2778 3357 sic
2834 3304 3020 3372 aflicis,
3061 3323 3194 3378 spes.
3233 3323 3350 3366 erat
3391 3327 3480 3381 ut,
3512 3319 3560 3372 si

1983 3381 2106 3449 quis
2160 3383 2298 3437 alius
2326 3399 2425 3440 nos
2469 3389 2877 3457 aggrederetur,
2909 3401 3021 3448 tute
3054 3405 3108 3449 te
3158 3409 3446 3466 patronum
3477 3405 3560 3459 in-

1985 3482 2322 3543 terponercs.
2359 3479 2551 3535 Adhuc
2583 3482 2752 3553 magis
2779 3501 2922 3557 aegre
2960 3496 3040 3542 est
3067 3493 3230 3558 quod,
3265 3511 3386 3550 eum
3413 3498 3560 3567 inju-

1983 3573 2065 3620 ste
2086 3569 2340 3637 patimur,
2370 3571 2624 3642 injuriam
2651 3585 2832 3630 tamen
2857 3579 3089 3636 dicimur
3135 3583 3378 3653 inferre;
3408 3591 3560 3645 delos

1983 3673 2288 3726 censuere;
2329 3670 2384 3716 et
2421 3663 2495 3716 illi
2536 3665 2638 3720 hoc
2674 3667 2949 3734 scribunt,
2995 3673 3084 3741 qui
3137 3689 3239 3730 nos
3309 3681 3550 3736 multifa-

1983 3749 2121 3804 riam
2149 3753 2394 3819 quotidie
2424 3754 2564 3810 dolis
2623 3767 2836 3826 petunt.
2879 3761 2958 3816 De
3027 3767 3239 3822 cunctis
3281 3767 3560 3828 Servatori

1985 3837 2094 3893 Deo
2130 3841 2325 3911 gratias
2363 3845 2592 3914 agimus.
2644 3849 2799 3914 Quod
2855 3853 2896 3906 si
2942 3865 3124 3911 autem
3194 3860 3335 3916 hanc
3390 3865 3556 3919 vilam

1983 3949 2093 3987 non
2151 3937 2532 4004 profiteremur
2591 3945 2962 4010 tentatorium,
3017 3961 3164 4004 certe
3226 3970 3346 4022 qua:
3399 3959 3560 4014 nobis

1983 4027 2234 4081 accidunt
2274 4029 2629 4086 vehementer
2679 4035 3006 4094 doleremus.
3056 4041 3138 4096 Tu
3188 4055 3393 4113 autem,
3435 4051 3480 4104 si
3527 4069 3556 4108 θ

1982 4127 2192 4172 vetusta
2252 4122 2512 4176 memoria
2561 4125 2767 4179 nullum
2797 4127 2942 4182 aliud
2977 4136 3283 4203 exemplum
3315 4143 3555 4195 recolere

1981 4210 2240 4276 volueris,
2291 4221 2474 4268 tamen
2521 4219 2697 4272 excita
2765 4228 2930 4275 temet
2971 4233 3030 4278 ut
3071 4212 3276 4282 recolas
3329 4207 3554 4289 llerodis
3594 4230 3601 4236 ’

1979 4301 2219 4366 domum,
2256 4313 2310 4358 et
2357 4306 2622 4376 Antipatri
2669 4325 2851 4368 mores
2885 4333 2895 4366 :
2925 4315 3207 4380 Quomodo
3251 4323 3551 4393 Antipater,

1979 4395 2173 4458 virum,
2205 4405 2481 4466 utcunque
2507 4400 2784 4467 solertem,
2817 4417 3004 4462 contra
3035 4412 3394 4470 amicissimos
3419 4435 3552 4472 con-

1982 4483 2188 4550 citavit,
2219 4488 2402 4542 multis
2445 4490 2878 4549 circumventum
2931 4502 3408 4560 machinamentis.
3443 4510 3552 4564 lle—

293 4565 695 4634 εὺτυχέστατος
725 4564 864 4621 εἶναι
893 4571 1168 4640 νομισθεὶς
1190 4611 1204 4632 ,
1241 4572 1667 4642 δυστυχέστατός
1693 4592 1750 4626 τε
1779 4575 1874 4628 καὶ

1981 4575 2136 4629 rodes
2177 4591 2298 4630 cum
2356 4581 2599 4634 externis
2649 4583 2810 4638 bonis
2863 4591 3116 4646 omnibus
3160 4595 3449 4664 difﬂueret,
3499 4609 3553 4654 et

295 4655 634 4722 ἀθλιώτατος
665 4660 925 4728 γέγονεν·
961 4663 1040 4716 ὅτι
1076 4664 1256 4734 φθόνῳ
1303 4667 1396 4718 καὶ
1426 4667 1698 4730 διαϐολαῖς
1741 4667 1874 4720 ἁνα-

291 4747 546 4810 πετάσας
575 4749 642 4801 τὰ
673 4742 809 4815 ὦτα,
848 4751 1040 4818 γένους
1073 4754 1190 4820 ἅμα
1229 4755 1320 4807 καὶ
1354 4755 1553 4822 φίλων,
1585 4758 1678 4809 καὶ
1703 4757 1877 4826 αὐτῆς

292 4837 486 4906 γονῆς,
519 4837 610 4890 τὸν
643 4837 792 4891 οἶκον
838 4840 1044 4911 ἔρημον
1077 4842 1299 4908 ἔδειξεν.
1341 4845 1406 4897 Εἴ
1439 4862 1493 4897 τι
1537 4841 1630 4898 οὖν
1667 4863 1748 4899 σοι
1781 4848 1876 4899 καὶ

292 4928 461 4998 ἡμεῖς
496 4929 552 4978 ὲν
582 4928 751 4998 φίλων
793 4931 885 4982 καὶ
911 4931 1124 4986 οἰκείων
1152 4935 1298 4998 τάξει
1339 4936 1730 5006 λελογίσμεθα,
1772 4937 1876 5009 ὅρα

294 5021 512 5090 μήποτε
545 5023 657 5084 τοῖς
685 5024 1048 5091 συκοφάνταις
1073 5025 1264 5078 ἑαυτὸν
1294 5027 1552 5098 χειροήθη
1587 5046 1874 5099 παραστη-

291 5114 566 5181 σάμενος,
609 5113 702 5164 τὸν
733 5115 824 5166 σὺν
857 5109 1006 5168 οἷκον
1039 5117 1207 5184 φίλων
1238 5119 1332 5170 καὶ¹
1363 5120 1711 5173 οἰκειοτάτων
1755 5122 1872 5186 ἐξε-

292 5205 600 5277 ρημώσεις.
638 5207 700 5260 ΕΞ
749 5207 806 5260 δέ
849 5207 934 5271 τίς
962 5210 1077 5261 ἐστι
1125 5211 1218 5262 καὶ
1260 5211 1416 5282 δίκης
1467 5213 1744 5282 ὀφθαλμὸς
1788 5215 1874 5265 ἐν·

286 5297 492 5362 ταῦθα,
548 5300 624 5370 μὴ
683 5301 869 5372 νόμισε
915 5301 1103 5355 τοῦτον
1157 5303 1452 5368 διαπαντὸς
1493 5307 1867 5377 καθευδήσειν·

289 5391 442 5459 ἡμᾶς
477 5391 538 5444 δὲ
569 5392 798 5462 πάσχειν
823 5393 1022 5456 ἀδίκως
1056 5395 1150 5447 καὶ
1178 5395 1248 5448 τά
1279 5395 1482 5466 ἔσχατα
1523 5415 1867 5470 παρεσκευα-

291 5483 548 5551 σμένους,
578 5485 639 5536 οὐ
677 5485 790 5550 νῦν,
821 5485 956 5539 ἀλλά
993 5503 1056 5554 γε
1097 5490 1190 5539 καὶ
1222 5487 1406 5550 πάλαι,
1443 5493 1555 5552 τοῖς
1584 5489 1748 5552 θείοις
1773 5493 1862 5543 ἐν-

283 5575 619 5644 τραφέντας,
656 5575 784 5640 ῐσθι,
819 5577 1206 5648 προστάγμασι
1227 5594 1240 5605 '
1269 5579 1362 5631 καὶ
1391 5579 1552 5650 χάριν
1581 5581 1863 5649 ὁμολογεῖν

282 5664 514 5729 εἰδέναι,
545 5667 601 5719 εἴ
623 5685 706 5729 τις
739 5668 869 5736 ἡμῖν
900 5669 1310 5738 ἐπιτομωτέραν
1353 5670 1492 5740 πρὸς
1519 5671 1619 5740 τὴν
1651 5673 1863 5726 ἐκεῖθεν

283 5757 570 5811 πολιτείαν
603 5758 701 5827 τὴν
731 5759 955 5827 πορείαν
989 5761 1396 5814 συσκευάσοιτο.

1974 4665 2318 4720 beatissimus
2347 4665 2668 4734 habebatur,
2699 4671 3112 4732 infelicissimus
3137 4683 3346 4736 exstitit
3366 4694 3419 4738 et
3443 4687 3550 4740 mi-

1973 4757 2261 4821 serrimus;
2323 4759 2540 4814 invidia:
2579 4762 2840 4831 siquidem
2879 4777 2934 4820 et
2973 4769 3562 4843 calumniispatefactis-

1975 4848 2220 4908 auribus,
2250 4849 2472 4902 domum
2499 4853 2770 4921 progenie,
2823 4856 3029 4920 amicis,
3083 4859 3264 4915 liberis
3285 4869 3550 4922 vacuarit.

1976 4939 2129 5004 Quod
2165 4940 2214 4994 si
2243 4957 2344 4994 nos
2399 4942 2453 4994 in
2506 4944 2686 5012 aliquo
2737 4932 3035 5000 amicorum
3091 4967 3154 5005 ac
3203 4953 3550 5014 familiarium

1985 5033 2176 5086 ordine
2201 5048 2551 5100 annumeras,
2589 5035 2734 5096 vide,
2768 5054 2974 5106 qltmso,
3029 5056 3099 5094 ne
3145 5052 3196 5096 te
3240 5049 3550 5104 committas

1981 5125 2496 5180 circumducendum
2538 5129 2905 5197 sycophantis,
2958 5141 3120 5202 atque
3153 5136 3228 5192 ita
3263 5147 3382 5195 tuas
3408 5145 3554 5197 mdes

1981 5231 2196 5284 quoque
2251 5217 2508 5286 Spoliatas
2581 5220 2773 5273 amicis
2823 5231 2878 5274 ct
2919 5221 3275 5283 familiaribus
3334 5235 3548 5288 reddas.

1983 5307 2136 5372 Quod
2163 5309 2207 5361 si
2227 5309 2420 5362 oculus
2450 5309 2610 5362 rebus
2639 5313 2842 5366 nostris
2862 5313 3079 5370 intersit
3099 5319 3344 5388 justitim,
3377 5327 3550 5380 nolito

1981 5407 2174 5466 putare
2219 5408 2482 5467 perpetuo
2515 5399 2666 5454 illum
2697 5417 2891 5458 somno
2913 5409 3148 5477 sopitum
3194 5429 3206 5465 :
3238 5429 3302 5468 ea
3329 5431 3428 5470 nos
3453 5433 3549 5472 au-

1981 5497 2110 5554 tem,
2143 5503 2249 5541 non
2281 5505 2430 5542 nunc
2463 5491 2720 5559 primum,
2781 5495 2878 5549 sed
2929 5497 3041 5567 jam
3085 5502 3290 5568 pridem
3348 5506 3552 5576 injuste

1972 5581 2056 5632 vel
2089 5589 2330 5634 extrema
2358 5583 2464 5650 pati
2497 5594 2729 5651 paratos,
2763 5597 2947 5657 utpore
2999 5591 3196 5648 divinis
3251 5597 3554 5658 innutritos

1973 5667 2280 5736 prmccptis,
2302 5684 2614 5738 cegnescas.
2629 5673 2786 5729 Certe
2802 5679 2998 5746 gratias
3020 5680 3092 5733 illi
3108 5683 3338 5740 habituri
3359 5705 3554 5747 sumus

1973 5759 2062 5828 qui
2093 5762 2230 5814 viam
2247 5761 2404 5814 nobis
2419 5763 2648 5818 maxime
2662 5770 3140 5837 compendiariam,
3159 5776 3284 5831 licet
3300 5785 3554 5852 principi-

1985 5861 2210 5906 tantem.
2244 5853 2312 5907 ad
2346 5854 2619 5910 ccelcstcm
2649 5863 3028 5918 monstraverit
3051 5873 3546 5932 conversationem.
