3964 6442
468 408 570 470 6‘27

1076 522 1295 578 EPIST.
1339 523 1480 580 V'lll.

466 617 644 692 I’hgtii
723 619 1420 692 sanctissimipatriar-gini:
1478 619 2052 692 Constantinopolitani

537 689 775 761 ls‘pistola
803 690 898 762 _ad
947 689 1253 762 Micliaelem
1301 690 1574 761 Bulgaria:
1615 689 1946 762 principem;
1990 695 2054 748 de

539 759 704 832 ofﬁcio
731 759 981 827 principis
1011 760 1109 833 (6).

1646 414 1907 476 ΡΗΟΤΙΙ
1944 415 2452 478 ΡΑΤΒΙΑΒΩΗΕ
2489 420 2601 479 CP.

2079 536 2126 589 A

3642 419 3744 481 628

2771 534 2993 588 ΕΠΙΣΤ.
3035 535 3114 588 H'.

2156 628 2382 681 Φωτῖου
2410 627 2516 681 τοῦ
2545 626 2870 696 ἀγιωτάτου
2899 625 3268 696 πατριάρχου
3295 626 3407 694 τῆς
3425 631 3743 681 Κωνσταν-

2225 699 2629 764 τινουπόλεως
2694 697 2764 751 ἐκ
2801 697 2912 765 τῆς
2978 698 3129 764 πρὸς
3161 697 3404 766 Μιχαὴλ
3469 699 3578 751 τὸν
3635 697 3740 764 ἄρ’

2228 786 2415 837 κοντα
2473 769 2847 836 Βουλγαρίας
2901 769 2978 836 (7)
3028 765 3400 836 ἐπιστολῆς,
3458 769 3520 823 Τί
3567 769 3742 821 ἐστιν

2227 841 2407 908 ἔργον
2443 838 2756 908 ἄρχοντος.

558 927 700 976 Edita
721 925 782 975 ab
805 925 1019 975 Henrico
1043 925 1233 977 Canisio
1254 924 1435 991 (Antiq.
1469 925 1685 990 lection.,
1709 934 1746 979 t.
1773 928 1837 991 Il,
1861 943 1910 992 p.
1950 946 2000 989 ιι,
2023 929 2144 980 edit.
2184 929 2430 992 Basnagil,
2475 943 2588 992 pag.
2614 930 2747 991 582),
2773 932 2826 978 et
2843 941 2868 976 a
2901 928 3205 977 Montacutio
3231 926 3336 990 (ep.
3360 927 3410 989 1,
3431 942 3544 991 pag.
3572 927 3643 987 l).

538 1011 590 1064 l.
643 1011 759 1065 Alia
806 1011 1028 1080 quidem
1073 1011 1239 1072 dona,
1281 1012 1652 1068 illustrissime
1682 1029 1746 1069 ac
1775 1015 1938 1070 nobis
1965 1017 2047 1071 di-

466 1103 605 1158 lecte
649 1104 758 1166 tili,
813 1104 1064 1174 exiguam
1112 1104 1273 1173 plane
1334 1119 1566 1174 eamque
1615 1121 1726 1160 non
1769 1106 1862 1161 diu
1909 1108 2048 1163 adeo

467 1202 785 1254 duraturam
820 1200 1104 1254 utilitatem
1135 1201 1200 1254 iis
1221 1200 1459 1255 allerunt
1488 1202 1543 1255 in
1577 1218 1716 1271 quos
1751 1203 2048 1259 conferun-

467 1297 576 1340 tur.
608 1286 961 1358 Quaecunque
998 1304 1126 1342 vero
1155 1289 1248 1343 illa
1286 1290 1605 1344 comlitione
1639 1293 1874 1346 naturali
1903 1309 2047 1362 prte-

467 1378 577 1433 dita
612 1390 759 1444 sunt,
788 1390 846 1434 ut
876 1381 1112 1435 animam
1141 1382 1303 1436 nobis
1326 1381 1556 1436 reddant
1586 1383 1888 1448 meliorem,
1916 1385 2047 1440 dum

466 1472 536 1526 ab
575 1488 760 1528 errore
804 1483 858 1528 et
888 1475 1068 1546 pravis
1104 1474 1389 1530 affectibus
1415 1487 1730 1547 repurgant,
1765 1477 1888 1533 luce
1918 1495 2049 1534 vero

467 1575 522 1619 et
575 1565 863 1635 splendore
909 1567 1170 1622 virtutum
1233 1569 1514 1639 ipsiusque
1559 1569 1806 1625 veritatis
1869 1571 2046 1626 collu-

468 1665 665 1717 strant,
701 1659 817 1713 haec
837 1659 948 1728 jam
981 1660 1264 1716 verissima
1296 1660 1439 1715 dona
1467 1661 1630 1715 nobis
1663 1661 1788 1716 data
1812 1661 2043 1718 dicenda

467 1755 632 1813 sunt;
675 1759 864 1818 utpote
887 1767 1006 1819 quae
1032 1751 1226 1814 menti,
1249 1749 1451 1805 divinat
1473 1751 1710 1820 cuipiam
1743 1753 1818 1806 rei
1853 1762 1908 1808 et
1938 1753 2046 1807 im-

2219 1015 2290 1070 α’.
2339 1017 2406 1070 Αἱ
2459 1016 2559 1084 μὲν
2611 1015 2770 1068 ἄλλαι
2829 1017 3090 1086 χάριτες,
3143 1015 3584 1084 περιφανέστατε
3641 1014 3736 1066 καὶ

2145 1108 2475 1181 ἠγαπημένε
2509 1107 2668 1176 ἡμῶν
2703 1105 2810 1166 υἱὲ,
2856 1106 3059 1177 μικρὰς
3085 1107 3182 1160 καὶ
3213 1105 3608 1177 προσκαίρους,
3654 1101 3738 1170 οἷς

2155 1201 2553 1274 προσάγονται,
2609 1198 2709 1262 τὰς
2757 1200 3027 1266 ὡφελείας
3085 1200 3454 1270 παρέχουσιν·
3509 1200 3632 1252 ὅσαι
3680 1199 3738 1252 δὲ

2152 1293 2434 1363 πεφύκασι
2487 1292 2667 1363 ψυχὴν
2727 1291 2975 1362 βελτίονα
3025 1291 3474 1364 ἀπεργάζεσθαι,
3527 1290 3740 1359 πλάνης

2155 1389 2255 1455 μὲν
2307 1385 2669 1456 καθαίρουσαι
2709 1385 2805 1437 καὶ
2857 1383 3085 1448 παθῶν,
3125 1384 3223 1455 τὴν
3275 1383 3474 1454 αἴγλην
3533 1385 3593 1438 δὲ
3641 1384 3741 1438 καὶ

2151 1478 2516 1550 λαμπρότητα
2546 1477 2656 1530 τῶν
2693 1477 2906 1547 ἀρετῶν
2946 1477 3040 1529 καὶ
3077 1477 3174 1542 τῆς
3206 1476 3468 1546 ἀληθείας
3507 1476 3738 1544 διαυγά-

2155 1572 2379 1639 ζουσαι,
2416 1565 2577 1626 αὗται
2630 1569 2688 1622 δὲ
2742 1570 2851 1637 ἄρα
2903 1569 3126 1640 χάριτές
3171 1571 3342 1634 εἰσιν,
3371 1569 3447 1632 ὡς
3481 1568 3740 1638 άληθῶς,

2157 1664 2370 1734 μεγάλα
2425 1662 2591 1732 κέρδη
2637 1663 2731 1715 καὶ
2778 1662 3023 1715 ἀθάνατα
3074 1660 3328 1731 ἀθανάτῳ
3363 1663 3460 1714 καὶ
3511 1660 3741 1714 θεοειδεί

2154 1757 2441 1826 πράγματι
2497 1752 2871 1824 χορηγοῦσαι,
2920 1756 2986 1824 τῇ
3025 1753 3204 1823 ψυχῇ,
3257 1753 3355 1808 καὶ
3406 1754 3499 1806 τὸν
3537 1753 3740 1808 ἄσυλον

465 1839 704 1900 mortali.
749 1857 942 1912 magna
992 1859 1092 1897 nec
1126 1859 1368 1912 unquam
1405 1843 1703 1898 emoritura
1741 1844 2039 1915 largiuntur

2153 1848 2290 1918 αὖτῇ
2331 1847 2428 1900 καὶ
2470 1845 2721 1914 οὐράνιον
2769 1847 3212 1916 ἐμπορευόμεναι
3258 1844 3490 1898 πλοῦτον
3516 1886 3531 1908 ,
3576 1839 3654 1898 ὧν
3701 1847 3737 1915 ἡ

465 1933 833 1987 emolumenta
881 1951 894 1988 :
939 1935 1154 1990 divitias
1195 1946 1378 1990 autem
1424 1936 1716 1990 illiusmodi
1739 1937 1788 1991 ei
1823 1953 2046 2007 compa-

463 2031 588 2076 rant
630 2027 978 2095 negotiando,
1032 2045 1152 2098 quae
1189 2045 1313 2084 cum
1346 2030 1458 2084 sint
1489 2028 1739 2084 caelestes
1778 2045 1886 2083 non
1921 2046 2046 2100 pos-

461 2124 589 2169 sunt
618 2118 880 2189 sacrilege
909 2121 1213 2190 compilari.
1247 2122 1456 2178 Primas
1482 2124 1628 2177 inter
1664 2123 1767 2176 ista
1807 2131 1862 2176 et
1897 2124 2045 2192 prin-

459 2204 698 2274 cipatum
753 2217 904 2264 tenet
953 2211 1086 2267 illud
1133 2213 1280 2282 quod
1328 2229 1430 2267 nos
1475 2228 1642 2267 manu
1669 2213 1819 2267 velut
1845 2229 2043 2283 appre—

460 2296 664 2354 liensos
707 2301 826 2356 sine
871 2303 980 2358 ulla
1025 2305 1374 2361 aberratione
1404 2306 1471 2361 ad
1507 2305 1676 2361 Deum
1710 2305 1959 2376 perducit
1985 2317 2042 2362 et

2151 1939 2461 2009 τιμιωτάτη
2501 1940 2594 1992 καὶ
2623 1939 2735 1991 τῶν
2766 1939 2943 1994 ἄλλων
2967 1939 3326 2011 πρωτεύουσα
3350 1938 3512 2010 χάρις
3539 1942 3572 2009 ἡ
3597 1939 3739 2008 πρὸς

2148 2033 2210 2086 τδ
2258 2031 2400 2084 θεῖόν
2430 2032 2578 2085 ἐστιν
2627 2031 2876 2102 ἀπλανὴς
2914 2032 3010 2085 καὶ
3044 2033 3314 2104 σωτήριος
3361 2032 3728 2103 χειραγωγία.

2155 2127 2257 2178 Ἦν
2299 2124 2491 2198 πρώτη
2536 2124 2633 2178 καὶ
2670 2125 2806 2196 μόνη
2859 2125 3142 2196 χαρίζεται
3187 2127 3288 2196 τῆς
3331 2125 3577 2196 καθαρᾶς
3633 2125 3734 2177 καὶ

2148 2219 2452 2288 ἀμωμήτου
2483 2218 2718 2281 πίστεως
2754 2217 2914 2288 ἡμῶν
2961 2218 3071 2272 τῶν
3126 2217 3499 2290 Χριστιανῶν,
3547 2219 3580 2289 ἡ
3617 2218 3730 2288 μά-

2145 2310 2302 2382 Θησις
2332 2313 2426 2364 καὶ
2461 2311 2838 2381 μυσταγωγία.

458 2389 710 2446 salutem.
758 2392 870 2449 lloc
923 2396 1103 2467 ipsum
1141 2408 1324 2455 autem
1376 2399 1662 2468 imprimis,
1693 2397 1824 2467 quin
1864 2402 2044 2466 potius
2083 2402 2218 2466 sola,
2264 2413 2489 2473 przestat
2543 2404 2678 2458 ﬁdes
2717 2411 2904 2457 nostra
2949 2402 3280 2470 Christiana,
3313 2403 3607 2474 purissima
3635 2403 3730 2459 illa

455 2501 518 2540 ac
536 2488 658 2544 ideo
685 2492 981 2563 inculpata,
1016 2510 1140 2549 cum
1163 2496 1419 2564 mysteria
1453 2499 1572 2566 ejus
1603 2499 1780 2555 edocti
1817 2496 2224 2556 edidiccrimus.

525 2584 580 2637 Ξ.
612 2582 738 2639 Haec
767 2588 914 2642 enim
945 2589 1214 2657 homines,
1249 2600 1538 2661 postquam
1580 2594 1648 2647 ab
1676 2609 1861 2649 errore
1892 2594 2036 2649 mul-

453 2672 660 2728 tiformi
688 2675 950 2732 liberatos
975 2681 1331 2749 expedit-erit,
1362 2682 1613 2754 illiusque
1640 2687 1894 2740 tenebras
1917 2702 2037 2740 om-

453 2765 587 2819 nino
625 2767 944 2837 dispulerit,
997 2771 1310 2826 facultatem
1356 2774 1461 2830 illis
1498 2777 1705 2845 praabet
1755 2779 1805 2830 in
1857 2777 2037 2832 Divini

453 2859 634 2914 cultus
682 2862 1154 2930 pulchritudinem
1199 2868 1372 2922 oculis
1417 2869 1609 2924 defixis
1651 2871 1916 2925 intuendi.
1947 2874 2042 2926 At-

453 2968 563 3019 que
596 2955 670 3008 ita
711 2971 810 3024 per
836 2957 1018 3025 istam,
1054 2960 1120 3014 ad
1151 2961 1448 3015 essentiam
1491 2961 1638 3016 illam
1668 2979 1790 3034 qua:
1821 2973 2044 3034 superat

455 3041 815 3108 intellectum,
864 3061 1048 3102 rerum
1089 3050 1307 3104 scilicet
1329 3051 1572 3105 omnium
1604 3069 1823 3112 causam
1855 3065 1910 3109 et
1933 3056 2046 3125 opi-

458 3135 633 3190 ficem.
662 3139 928 3205 subvecti,
953 3141 1240 3198 Trinitatis
1267 3143 1411 3199 illius
1431 3143 1757 3202 uniformem
1783 3157 1839 3202 et
1865 3157 2043 3203 trans-

2216 2589 2280 2662 β’.
2315 2591 2462 2661 Αὕτη
2494 2592 2604 2661 γὰρ
2644 2591 2743 2661 τῆς
2779 2591 3130 2660 πολυμόρφου
3159 2589 3371 2660 πλάνης
3401 2587 3494 2642 τδν
3517 2588 3732 2659 ἄνθρω-

2145 2698 2268 2735 πον.
2308 2680 2480 2751 (8)....
2507 2680 2586 2751 τῷ
2615 2680 2800 2734 κάλλει
2829 2682 2929 2750 τῆς
2961 2680 3219 2751 λατρείας
3251 2679 3507 2750 καθαρῶς
3537 2681 3728 2732 ὲνατε-

2145 2773 2314 2837 νίζειν
2349 2773 2688 2843 παρέχεται·
2740 2772 2808 2826 δι’
2851 2769 2924 2843 ἦς
2957 2774 3036 2835 εἰς
3064 2772 3160 2842 τὴν
3204 2771 3346 2840 ὑπὲρ
3379 2770 3504 2824 νοῦν
3535 2771 3726 2830 οὐσίαν

2141 2866 2238 2918 καὶ
2266 2841 2704 2918 πάντωνῃαῑτίαν
2737 2841 3199 2935 καὶοδημιουργὸν
3239 2864 3592 2933 ἀναγόμενοι,
3624 2864 3727 2932 τὴν

2141 2957 2349 3025 ἐνοειδῆ
2382 2957 2477 3009 καὶ
2501 2956 2767 3027 ὑπέρθεον
2796 2959 2896 3027 τῆς
2921 2958 3152 3029 Τριάδος
3175 2958 3428 3028 θεότητα,
3453 2959 3575 3011 καθ’
3598 2958 3726 3010 ὅσον

2142 3051 2290 3104 ἐστὶν
2322 3049 2594 3120 ἀνθρώπῳ
2635 3049 2884 3114 δυνατὸν,
2928 3049 3382 3122 ἐνοπτριζόμεθα.
3429 3049 3543 3119 Τῆς
3572 3049 3729 3118 τηλι-

2142 3145 2348 3214 καύτης
2370 3143 2550 3196 τοίνυν
2584 3143 2807 3216 χάριτος
2845 3143 2940 3197 καὶ
2973 3144 3184 3216 δωρεᾶς
3213 3145 3312 3216 τὴν
3350 3143 3599 3217 ἔμφρονά
3628 3160 3726 3196 σου

2079 3257 2310 3314 ΝΟΤιΕ.

527 3343 605 3424 (εξ)
629 3345 866 3424 Ερίξιοίη
887 3351 968 3424 Ααά
999 3351 1610 3424 illic/melemBulgariw
1639 3355 1948 3422 principem.
1974 3356 2038 3409 de
2066 3358 2110 3416 C
2143 3354 2491 3409 Christianus
2531 3353 2796 3422 patricius
2838 3353 2968 3408 item
2998 3363 3238 3416 creatur,
3274 3351 3340 3406 ad
3375 3366 3578 3424 annum
3615 3350 3729 3424 Do-

457 3416 621 3489 o/ﬁcio
669 3420 943 3488 principis.
995 3421 1093 3476 Hic
1152 3433 1235 3477 est
1290 3416 1480 3479 titulu's
1521 3439 1553 3478 a
1603 3416 1877 3489 librariis,
1926 3441 2039 3480 non

457 3487 681 3566 opinor,
711 3490 779 3542 ab
813 3487 1317 3566 auctoreprgnfixtts
1347 3508 1362 3547 :
1388 3510 1696 3566 quanquam
1719 3511 1791 3549 ne
1811 3487 1890 3550 sic
1918 3497 2043 3566 qui-

459 3560 582 3635 dem
626 3571 861 3635 constat
893 3560 1198 3635 inscriptio.
1244 3562 1380 3618 Nam
1406 3560 1476 3618 'in
1514 3560 1736 3635 scriptis
1761 3574 1899 3632 erat,
1928 3560 2042 3620 non

457 3629 735 3703 ἐπιστολή.
769 3633 864 3687 sed
907 3635 971 3686 ὲκ
1015 3629 1117 3702 τῆς
1153 3635 1464 3703 ἐπιστολῆς.
1513 3634 1582 3690 Ut
1629 3629 1894 3690 videatur
1928 3653 2040 3691 non

460 3707 568 3776 tam
619 3699 828 3770 integra
871 3699 1120 3772 epistola,
1167 3706 1252 3760 vel
1301 3699 1438 3759 liber
1479 3707 1684 3776 potius,
1723 3716 1778 3761 et
1817 3707 2039 3776 quidem

457 3769 591 3822 satis
638 3769 1087 3845 magnum—quam
1133 3769 1611 3845 reprmsentar'nus,
1645 3769 1806 3845 quam
1836 3769 1915 3831 ἐκ
1949 3778 2039 3832 illa

459 3855 716 3916 excerpta
751 3844 1000 3916 qumdam
1039 3844 1350 3916 continere.
1385 3847 1453 3900 ab
1483 3844 1920 3916 aliquo’lectore,
1952 3848 2039 3902 vel

461 3909 706 3967 fortassis
749 3909 864 3984 ipso
892 3915 1090 3989 Photio
1127 3916 1238 3987 (qui
1270 3909 1642 3989 delectabatur
1668 3909 1945 3989 epitomiS)
1983 3918 2038 3972 in

461 3996 750 4037 numerum
785 3995 948 4053 atque
977 3986 1224 4040 ordinem
1259 3996 1500 4042 coactus.
1556 3987 1650 4043 Est
1685 3986 1889 4049 autem,
1925 3986 2040 4043 Sive

459 4060 577 4128 erat
625 4053 761 4108 liber
791 4057 1021 4126 integer,
1053 4059 1166 4128 sive
1191 4057 1421 4126 epistola
1451 4058 1736 4128 νουθετική
1773 4073 1826 4113 ct
1852 4059 2039 4112 διδακ-

456 4123 624 4198 τιξιῄλ
662 4140 761 4198 per
805 4123 988 4181 omnia
1039 4123 1374 4183 conformata
1423 4127 1678 4184 Isocratis
1726 4123 1807 4184 illi
1840 4131 2042 4198 scripto

461 4193 529 4246 ad
563 4188 859 4269 Nicoclem,
893 4199 1051 4266 cujus
1091 4214 1288 4267 scopus
1320 4199 1389 4253 ab
1416 4198 1772 4269 inscriptione
1810 4188 2040 4254 exhibe-

462 4272 572 4340 tur.
601 4265 840 4340 Tt_§pygv
861 4265 1140 4338 ἄρχοντος.
1172 4265 1359 4338 Itaque
1392 4265 1641 4323 inscribit
1662 4270 1778 4340 ipse
1804 4271 2039 4336 titulum,

462 4335 606 4411 ljpo;
638 4337 730 4388 τὸν
775 4335 1012 4411 ἄρχοντα
1056 4335 1412 4411 Βουλγαρίας⁷
1447 4342 1528 4391 Ad
1556 4335 1846 4410 principem
1875 4343 2041 4411 gentis

456 4404 968 4481 Bulg_arornm'.'_'lta
1009 4410 1154 4464 enim
1183 4404 1521 4465 vocabantur
1553 4404 1739 4481 gentis
1769 4404 1914 4466 illius
1937 4453 1952 4476 ,
1985 4421 2040 4467 et

457 4478 702 4532 omnium
724 4479 835 4534 fere
851 4479 1232 4542 Barbarorum,
1253 4482 1530 4546 ductores,
1559 4478 1676 4536 sive
1702 4482 1892 4547 duces,
1924 4483 2040 4538 sive

455 4549 776 4635 principes;
819 4567 930 4605 non
977 4561 1160 4606 autem
1209 4561 1366 4632 _eraut
1423 4568 1598 4633 reges,
1641 4561 1700 4635 με
1737 4568 1957 4635 semper
1985 4553 2040 4608 in

457 4619 715 4691 Barouio.
773 4635 872 4690 per
913 4636 1154 4676 errorem
1209 4619 1523 4691 interpretis
1572 4624 1679 4686 sui,
1722 4619 2040 4678 nominatur

2145 3425 2278 3480 mini
2326 3424 2454 3479 777.
2504 3424 2751 3479 Praesens
2796 3433 2976 3478 autem
3033 3425 3310 3493 princeps,
3364 3422 3588 3493 nomine
3630 3422 3732 3476 Mi-

2121 3495 2368 3557 chaelis.
2402 3495 2472 3550 ab
2501 3494 2710 3560 origine
2733 3494 2926 3564 prima,
2960 3491 3106 3548 inter
3136 3491 3289 3555 suos,
3327 3494 3410 3547 vel
3444 3491 3496 3545 in
3524 3494 3728 3561 patria,

2142 3566 2390 3636 Bogaris.
2432 3581 2540 3620 non
2577 3564 2800 3620 Michael
2831 3565 3161 3636 dicebatur:
3198 3578 3388 3636 verum
3419 3577 3731 3636 conversus

2143 3633 2410 3691 ad'ﬁdem
2453 3636 2841 3697 Christianam,
2887 3643 2944 3688 et
2980 3634 3248 3702 baptismo
3280 3633 3602 3694 illustratus,
3637 3633 3731 3703 qui

2144 3708 2248 3761 fuit
2294 3708 2348 3760 in
2379 3706 2697 3777 paganismo
2732 3705 2977 3777 Bogaris,
3012 3705 3081 3777 ab
3105 3704 3365 3777 episcopo
3389 3703 3721 3777 baptirante,

2143 3778 2237 3847 qui
2275 3778 2340 3831 ad
2380 3773 2515 3831 eum
2561 3778 2764 3830 missus
2809 3776 2985 3830 fuerat
3029 3773 3721 3847 Constantinopolihbapti-

2144 3844 2400 3911 iandum,
2429 3847 2497 3902 de
2534 3847 2757 3900 nomine
2782 3846 3051 3901 mittentis
3079 3845 3449 3913 imperatoris.
3485 3844 3726 3900 Michae-

2142 3918 2210 3994 lis
2235 3917 2406 3994 tertii,
2435 3933 2529 3972 seu
2556 3917 3053 3994 Rorpltyrogeniue,
3075 3915 3316 3994 _llliclbael
3341 3923 3396 3968 et
3427 3915 3542 3984 ipse
3575 3915 3729 3994 dice-

2143 3989 2304 4043 batur
2333 4005 2346 4042 :
2394 3989 2535 4042 hanc
2578 3985 2862 4041 historiam
2896 3987 3158 4041 Baronius
3184 3985 3356 4040 fusius
3385 3985 3726 4054 exsequitur,

2143 4059 2208 4114 ad
2240 4074 2444 4113 annum
2472 4057 2596 4123 845,
2629 4073 2660 4113 e
2697 4056 2910 4112 Joanne
2934 4055 3280 4126 Curopalata.
3316 4055 3626 4126 Moxnco'r.

2217 4129 2292 4193 t7)
2327 4129 2706 4197 Βουλγαρίας
2770 4129 2940 4184 Erant
2972 4125 3209 4198 Bulgari,
3242 4135 3337 4180 aut
3364 4125 3564 4195 Bulgae,
3593 4141 3728 4196 gens

2142 4200 2395 4265 barbara,
2427 4200 2616 4277 effera,
2651 4197 3283 4277 pagana,_AquiIOnaris,
3308 4213 3430 4266 quae
3451 4205 3727 4277 postrema

2143 4286 2281 4330 pene
2329 4271 2574 4325 omnimn
2619 4273 2689 4325 ab
2726 4268 3026 4340 'Aquilone,
3059 4268 3204 4323 unde
3232 4283 3405 4340 omne
3421 4268 3636 4340 malum
3669 4268 3726 4320 in

2142 4342 2451 4417 Romanum
2499 4337 2819 4417 imperium'
2851 4339 3156 4417 inundavit,
3205 4347 3329 4408 post
3361 4339 3496 4417 alias
3525 4355 3555 4392 e
3585 4337 3726 4417 βει-

2144 4413 2257 4488 thi_a
2302 4409 2972 4488 proltrvies,_irruperunt,
2997 4420 3054 4465 et
3076 4411 3379 4488 Romanum
3408 4409 3724 4488 imperium,

2141 4479 2558 4558 a_Con_stantino
2595 4479 2855 4558 divisum,
2877 4483 2932 4536 in
2971 4491 3154 4558 partes
3185 4479 3503 4543 dissectum,
3530 4479 3725 4558 prmsi-

2141 4553 2248 4607 diis
2291 4553 2638 4613 destitutum,
2677 4552 2732 4606 in
2775 4553 2988 4606 ruinam
3015 4551 3308 4612 dederunt,
3337 4565 3475 4619 quos
3510 4551 3725 4617 primus

2141 4623 2534 4679 Constantinus
2576 4624 2952 4692 Copronymus
2992 4620 3134 4676 bello
3177 4621 3340 4689 vicit;
3382 4619 3476 4674 sed
3508 4634 3618 4692 non
3647 4619 3726 4672 ita

457 4691 547 4766 hic
596 4688 801 4766 ἄρχων.
857 4688 1694 4766 (ἶᾼιιηιθιῃιιιεκΒὶδίῖοιιινθοτιᾉτὶιιε
1753 4694 1822 4747 ad
1871 4695 2034 4766 finem
2068 4711 2113 4766 ι)
2142 4694 2538 4766 pessumdedit,
2579 4688 2712 4763 quin
2737 4688 3030 4766 resumptis
3063 4692 3271 4746 viribus
3325 4688 3512 4766 postea
3555 4688 3724 4744 Nice-

469 4760 602 4814 Vitw
630 4763 903 4816 Anastasii
935 4763 1030 4825 ait,
1059 4764 1312 4816 Dominus
1353 4763 1598 4829 Michael,
1633 4766 1873 4834 princeps
1902 4765 2035 4818 Bul-

457 4848 726 4904 gnrorum,
773 4841 830 4886 et
864 4834 920 4887 iu
962 4834 1232 4903 excerptis
1273 4835 1416 4902 apud
1453 4835 1627 4904 ipsum
1653 4835 1967 4897 Baronium,
2001 4852 2034 4890 e

458 4901 776 4975 Menologio,
796 4920 861 4975 ex
892 4901 1141 4958 historiis
1163 4901 1345 4958 Basilii
1369 4901 1554 4960 Cilicis
1576 4913 1632 4959 et.
1654 4905 2030 4975 Theophanis,

455 4971 542 5024 vel
563 4971 709 5045 _duaﬁ,
738 4974 820 5027 vel
848 4976 1088 5044 princeps
1113 4975 1430 5028 nominatur
1467 4992 1480 5028 τ
1514 4976 1608 5030 scd
1639 4971 1903 5045 imprimis
1934 4977 2029 5030 Ba-

454 5041 596 5115 runii
619 5041 923 5115 versionem
954 5041 1174 5109 refellit,
1199 5046 1346 5115 quod
1376 5047 1519 5115 apud
1553 5047 1702 5100 illum
1717 5041 2031 5102 Bibliothe-

454 5112 661 5188 carium
679 5113 898 5188 legitur,
930 5117 1071 5188 quod
1097 5112 1358 5185 principes
1380 5112 1733 5188 Bulgarorum
1757 5127 1805 5170 et
1827 5118 2032 5188 litteras

452 5184 529 5236 eis
583 5193 631 5238 et
666 5186 805 5258 dona
847 5184 961 5253 per'
990 5184 1202 5258 Petrum
1232 5184 1806 5257 aliosque'direxerint.
1845 5187 2032 5258 Neque

453 5269 586 5308 sane
619 5255 859 5324 princeps
887 5257 1154 5318 absolute,
1180 5259 1264 5312 vel
1295 5255 1443 5312 solus
1472 5269 1619 5324 erat;
1646 5258 1893 5313 fortassis
1916 5255 2035 5314 erat

453 5328 667 5397 ceteris
712 5327 1060 5391 eminentior,
1114 5329 1206 5382 sed
1254 5345 1377 5381 cum
1423 5330 1565 5392 aliis,
1619 5331 1893 5397 princeps.
1947 5332 2034 5386 Ait

453 5396 600 5449 enim
653 5397 914 5468 principes
943 5397 1319 5468 Bulgarorum.
1372 5399 1568 5453 Multos
1610 5401 1685 5454 illi
1734 5396 2030 5468 principes,

452 5477 514 5519 ut
556 5476 612 5522 et
661 5467 780 5521 alia:
818 5484 849 5520 e
882 5467 1265 5537 Septentrione
1294 5480 1504 5536 gentes,
1541 5467 1783 5525 habuere
1815 5467 2033 5527 familiis

451 5538 769 5600 distinctos,
816 5549 871 5610 et
923 5539 1140 5593 familiis
1184 5542 1502 5608 praefectos;
1560 5543 1654 5596 sed
1708 5543 2031 5610 plerumque

454 5625 646 5670 unum,
688 5624 751 5661 ex
799 5609 1015 5664 illorum
1049 5624 1299 5674 numero,
1335 5611 1402 5663 de
1423 5609 1806 5666 cormuunibus
1832 5609 2030 5666 suffra-

449 5681 553 5748 giis
591 5681 846 5742 electum,
891 5681 1126 5744 caeteris,
1176 5681 1446 5753 imprimis
1494 5683 1636 5734 bello
1677 5684 1935 5753 gerendo.
1977 5692 2033 5736 et

450 5760 627 5804 cmtus
656 5754 1027 5806 convocando.
1072 5751 1443 5819 praeficiebant
1472 5769 1488 5805 :
1516 5751 1704 5822 quales
1734 5755 1876 5821 apud
1914 5753 2032 5808 illos

449 5830 951 5875 commemorantur
996 5823 1316 5881 Cltruuuus.
1374 5822 1570 5883 locus.
1621 5825 1890 5886 Tetricus,
1937 5825 2030 5892 qui

457 5893 641 5944 wit-to
671 5892 980 5962 principatu
1010 5893 1528 5964 Constantinopolin
1555 5895 1705 5962 abiit,
1731 5893 1821 5950 ubi
1856 5896 2029 5950 factus

2146 4761 2381 4834 phorum
2427 4761 2815 4834 imperatorem
2861 4761 3204 4834 proﬂigatum
3257 4761 3619 4834 occiderent,
3663 4767 3724 4812 et

2145 4829 2309 4904 caput
2368 4829 2834 4904 ejus-abscissum
2863 4829 3123 4904 'ludib'rio
3168 4842 3528 4904 exponerent.
3579 4829 3723 4904 Cum

2138 4901 2375 4975 primum
2400 4901 2805 4974 irrumperent,
2838 4903 3161 4958 Dardaniam
3197 4901 3541 4975 occupabant
3575 4917 3589 4954 :
3623 4901 3724 4954 sed

2138 4973 2397 5054 deinceps
2439 4973 2772 5054 Macedonia!
2801 4987 2855 5030 et
2889 4975 3079 5047 Illyrici
3116 4983 3301 5043 partes
3327 4973 3718 5054 possederunt.

2139 5045 2215 5101 De
2254 5041 2380 5111 illis,
2422 5047 2489 5101 ad
2539 5047 2858 5122 religionem
2903 5041 3147 5100 nostram
3179 5041 3721 5122 conversis-deinde

2137 5127 2406 5172 certatum
2457 5123 2544 5172 est.
2585 5112 2730 5170 inter
2774 5117 3074 5171 Romanam
3121 5124 3177 5169 et
3213 5112 3722 5181 Constantinopoli-

2139 5197 2319 5242 tauam
2351 5187 2556 5251 sedem,
2592 5187 2749 5255 cujus
2768 5189 3059 5242 subesseut
3080 5184 3469 5256 jurisdictioni.
3497 5184 3577 5256 De
3610 5197 3722 5256 quo

2136 5259 2434 5333 certamine
2479 5253 2706 5333 Photius
2741 5258 2936 5333 alicubi
2964 5258 3035 5333 _iu
3082 5253 3329 5333 epistolis
3361 5273 3374 5308 :
3413 5253 3722 5333 (μῆ-νεμε-

2132 5329 2373 5404 mentius
2421 5329 2577 5404 ea__de
2605 5344 2662 5382 re
2694 5328 3092 5404 contendebat;
3119 5324 3268 5404 unde
3296 5325 3564 5404 imprimis
3584 5324 3720 5404 _odio

2133 5408 2296 5475 atque
2345 5400 2549 5453 invidia
2599 5400 2742 5475 apud
2793 5398 3072 5475 Romanos
3106 5398 3438 5475 _laborabat.
3487 5395 3718 5475 _Bulgari

2133 5467 2476 5544 dicebautur,
2531 5486 2561 5524 a
2616 5469 2801 5544 llolga,
2852 5470 2973 5544 sive
3023 5467 3186 5538 Volga
3228 5467 3454 5544 ﬂumine
3486 5467 3713 5544 ingenti,

2135 5542 2298 5594 etiam
2336 5541 2495 5594 hodie
2526 5539 2813 5594 notissimo
2840 5556 2854 5604 ;
2889 5539 3046 5607 cujus
3075 5547 3233 5593 erant
3260 5539 3460 5594 accola:
3487 5552 3611 5592 cum
3641 5539 3716 5587 ir-

2136 5621 2456 5680 rumperent
2485 5612 2539 5664 in
2563 5612 2872 5680 imperium.
2914 5610 3225 5664 Monncur.

2207 5679 2280 5741 (81
2317 5680 2509 5735 Hiatus
2535 5679 2655 5736 erat
2703 5690 2758 5736 et
2802 5681 3049 5735 defectus
3080 5681 3134 5732 in
3165 5689 3354 5735 nostro
3375 5679 3568 5734 codice
3596 5687 3710 5744 post

2135 5752 2421 5821 ἄνθρωπον
2479 5770 2491 5804 :
2542 5753 2796 5812 fortassis
2862 5751 3166 5821 supplenda
3213 5751 3404 5821 lacuna
3459 5750 3527 5804 ad
3565 5747 3713 5821 hunc

2137 5819 2382 5884 modum,
2434 5821 2868 5893 ἐλευθερώσασα,
2928 5819 3023 5893 ita).
3064 5820 3511 5893 negantium“
3549 5819 3713 5889 ἀχλὺν

2139 5893 2582 5963 ἀποσκεδάσασα,
2628 5891 2867 5964 δύναμιν
2910 5891 3059 5962 αὐτῷ
3085 5891 3162 5963 τῷ
3191 5891 3394 5957 κάλλει,
3428 5900 3536 5946 etc.
