3964 6442
329 414 436 475 620

1492 421 2034 482 EPISTULARUM
2079 423 2314 483 LIBER
2353 425 2406 484 Ι.

3491 423 3596 486 630

318 528 502 601 ψυχὴν
543 531 840 604 εὑρηκότες
873 533 1028 596 ἀξίαν
1095 534 1257 605 (ἐρᾷν
1292 536 1401 606 γάρ
1436 555 1495 590 σε
1545 540 1746 609 ἀρετῆς
1802 542 1895 594 καὶ

2016 539 2328 593 :endentem
2369 537 2753 605 divinitatem,
2798 545 3069 608 quatenus
3112 535 3258 589 illam
3314 536 3592 602 homines,

319 624 609 688 εὐσεϐείας
658 626 1061 695 πεπείσμεθα),
1091 628 1169 696 τῷ
1230 628 1541 710 φιλουμένῳ,
1595 632 1752 704 δώρῳ
1814 638 1910 691 καὶ

324 716 747 786 μεγαλοπρεπεῖ
773 717 1120 788 δεξιούμεθα.
1173 720 1260 772 Ἐν
1287 713 1350 787 ᾧ,
1383 722 1482 790 τῆς
1518 724 1788 792 ἁχράντου
1815 729 1907 782 καὶ

321 806 578 876 καθαρᾶς
602 809 758 877 ἡμῶν
795 810 1030 873 πίστεως
1064 808 1126 862 τὸ
1163 812 1308 882 ἱερὸν
1339 812 1433 865 καὶ
1458 811 1713 884 θεόσοφον
1753 819 1910 871 ἐντά-

323 897 520 963 ξαντες
553 901 804 972 μάθημα,
844 902 944 966 τὰς
980 903 1147 971 ἁγίας
1189 905 1283 957 καὶ
1335 907 1720 977 οἰκοῦμενικὰς
1769 909 1910 964 ἑπτὰ

322 993 606 1056 συνόδους,
639 995 800 1048 οἱονεὶ
824 995 1072 1066 χάρακάς
1097 1014 1250 1060 τινας
1277 998 1370 1052 καὶ
1401 999 1722 1070 περιϐόλους
1746 1000 1914 1066 οὔσας

320 1083 423 1135 τοῦ
467 1084 613 1138 θείου
658 1085 851 1139 τούτου
902 1091 998 1140 καὶ
1040 1089 1321 1160 όρθοδόξου
1357 1090 1704 1161 μαθήματος,
1750 1096 1914 1160 σαφεῖ

319 1191 386 1226 τε
424 1176 520 1229 καὶ
556 1178 806 1248 συντόμῳ
853 1178 997 1248 λόγῳ
1055 1184 1621 1254 συμπαρατιθέμεθα·
1658 1185 1765 1238 οὐδ’
1811 1188 1912 1242 ὅσα

324 1266 447 1337 βίον
487 1269 693 1334 ἰθύνει,
725 1272 819 1324 καὶ
873 1277 1148 1344 μαρτυρεῖ
1178 1278 1278 1346 τῆς
1331 1277 1568 1341 πίστεως
1605 1278 1707 1351 τὴν
1747 1279 1906 1351 ὀρθό-

319 1378 507 1432 τητα,
563 1363 846 1428 παντελῶς
904 1366 1362 1436 ἀποσιγήσαντες.
1429 1368 1636 1440 Ὥσπερ
1684 1369 1792 1440 γὰρ
1849 1373 1911 1425 τὸ

323 1455 511 1509 πάντα
561 1457 842 1527 καταρχὰς
884 1458 1180 1529 πειρᾶσθαι
1232 1459 1452 1529 λέγειν,
1503 1462 1908 1534 ἀπειρόκαλονο

320 1546 472 1601 οὕτω
505 1551 600 1602 καὶ
628 1551 689 1602 τὸ
728 1549 892 1620 μηδὲν
925 1553 1098 1604 εἰπεῖν
1120 1593 1134 1618 ,
1166 1552 1517 1620 ἀφιλόκαλον.

2016 630 2231 700 assequi
2254 630 2580 700 poterimus,
2610 639 2870 700 tanquam
2900 629 2954 682 in
2989 627 3215 697 speculo
3241 636 3594 683 contuemur.

2017 722 2326 778 Istiusmodi
2362 738 2491 794 ergo
2522 722 2692 794 gratia
2738 729 2899 790 atque
2921 719 3066 774 dono
3098 718 3319 788 dignum
3349 725 3402 772 ct
3431 734 3596 787 capa-

2017 832 2136 872 cem
2182 815 2512 886 prudentem
2551 823 2706 869 tuum
2742 813 2984 867 animum
3009 820 3372 883 agnoscentes
3396 812 3596 878 (virtu-

2017 920 2126 964 tem
2181 918 2235 964 te
2283 909 2551 979 siquidem
2606 923 2671 963 ac
2714 906 2972 977 pietatem
3025 920 3211 960 amare
3267 919 3597 975 persuasum

2011 1002 2298 1072 habemus)
2339 1017 2539 1055 munus
2577 999 2646 1054 ad
2677 1011 2728 1054 te
2759 999 2858 1054 tibi
2902 1008 3115 1071 gratum
3143 997 3412 1061 futurum,
3451 995 3506 1049 in
3536 1008 3596 1050 se

2010 1094 2399 1164 magniﬁcum,
2444 1092 2748 1148 aﬂ‘erimus.
2795 1091 2896 1147 Cui
2950 1089 3173 1160 quidem
3219 1088 3342 1142 ﬁdei
3390 1095 3596 1142 nostrae

2010 1185 2451 1242 incontaminatae
2496 1193 2552 1239 et
2595 1182 2896 1246 defaecata,
2939 1189 2996 1236 et
3034 1179 3280 1235 divinam
3326 1185 3385 1232 et
3420 1192 3452 1230 a
3482 1178 3596 1230 Deo

2011 1280 2262 1336 edoctam
2313 1277 2623 1332 inserentes
2693 1273 3077 1344 disciplinam,
3144 1270 3317 1327 sacris
3379 1279 3595 1339 septem

2013 1369 2412 1426 universalibus
2453 1368 2699 1440 synodis,
2743 1382 2854 1422 non
2909 1366 3070 1421 aliter
3102 1379 3266 1433 quam
3293 1361 3436 1416 vallo
3458 1373 3596 1430 quo-

2014 1464 2139 1520 dam
2191 1471 2247 1517 et
2296 1462 2622 1532 sepimento,
2668 1459 2980 1515 doctrinam
3027 1459 3170 1514 hanc
3209 1457 3490 1513 caelestem
3540 1459 3598 1506 et

2017 1555 2413 1621 orthodoxam,
2464 1551 2958 1617 communivimus,
3014 1564 3150 1620 quas
3201 1547 3488 1618 perspicua
3539 1551 3598 1597 et

320 1641 483 1696 brevi
512 1645 778 1709 oratione,
813 1662 920 1700 una
949 1649 1376 1716 cognoscendas,
1432 1650 1798 1720 adiunximus.
1859 1649 1970 1705 Nec
2009 1651 2238 1717 interea,
2290 1665 2412 1722 qua:
2469 1649 2536 1704 ad
2582 1648 2748 1703 vitam
2790 1656 2939 1702 recte
2983 1645 3378 1701 instituendam
3426 1643 3593 1713 pcrti-

320 1746 483 1799 nent,
520 1735 750 1806 ﬁdeique
782 1739 1098 1792 rectitudini
1132 1739 1502 1794 testimonium
1548 1744 1863 1812 perhibent,
1906 1758 2130 1812 prorsus
2158 1743 2374 1798 silentio
2418 1739 2845 1812 praeteribimus.
2896 1737 3059 1793 Certe
3092 1737 3238 1792 sicut
3303 1736 3488 1790 omnia
3517 1735 3594 1792 si-

319 1829 550 1900 gillalim
595 1830 663 1882 ab
702 1829 860 1884 initio
904 1831 1043 1884 velle
1096 1831 1309 1896 dicere,
1355 1831 1601 1902 ineptum
1653 1843 1779 1898 est;
1829 1835 1902 1889 ita
1939 1834 2081 1890 nihil
2125 1835 2350 1891 omnino
2379 1833 2582 1897 dicere,
2609 1841 2768 1902 turpe
2797 1839 2852 1886 et
2881 1830 3236 1884 inhonestum
3275 1837 3378 1882 est.

395 1921 466 1991 γ’.
499 1925 591 1975 Δεῖ
625 1923 680 1974 δὲ
714 1924 811 1985 τὰς
843 1924 1042 1993 ἀρετὰς
1080 1928 1144 1996 τῇ
1181 1925 1362 1980 πίστει
1406 1929 1867 1997 παραπεπηγέναι
1888 1967 1903 1992 ,

2079 1929 2132 1986 5.
2173 1926 2402 1996 Oportet
2455 1933 2640 1979 autem
2687 1927 2917 1981 virtutes
2953 1933 3008 1978 et
3050 1923 3192 1978 bona
3232 1937 3398 1992 Opera
3427 1938 3456 1976 a
3489 1922 3598 1978 ﬁde

315 2016 417 2067 καὶ
437 2015 503 2068 δι’
528 2016 730 2084 ἀμφοῖν
757 2015 848 2068 τὸν
879 2016 1165 2070 σπουδαῖον
1197 2018 1617 2088 καταρτίζεσθαι
1658 2019 1759 2089 (9).
1795 2021 1902 2072 Καὶ

316 2107 434 2178 γὰρ
467 2106 752 2176 δογμάτων
802 2107 901 2177 μὲν
939 2107 1170 2179 εὐθύτης
1216 2109 1496 2174 πολιτείας
1542 2110 1904 2180 προϐάλλεται

316 2199 693 2270 κοσμιότητα,
737 2199 989 2271 πράξεων
1039 2201 1094 2254 δὲ
1143 2201 1453 2273 καθαρότης
1503 2204 1604 2274 τῆς
1668 2204 1906 2267 πίστεως

313 2291 661 2358 ἀπαγγέλλει
686 2290 941 2361 θειότητα
961 2308 975 2320 ·
995 2284 1070 2345 ὧν
1101 2293 1363 2362 ἑκάτερον
1388 2295 1556 2364 χωρὶς
1584 2293 1678 2347 τοῦ
1713 2293 1903 2365 ἐτέρου

317 2382 457 2451 ῥᾷον
508 2379 697 2434 εἴωθεν
732 2382 992 2452 ὑπορρεῖν
1027 2383 1122 2436 καὶ
1166 2383 1614 2454 παρασύρεσθαι,
1670 2384 1744 2454 μὴ
1781 2385 1906 2437 ἁνε-

316 2475 554 2544 χόμενον
607 2476 922 2545 καταμόνας
975 2477 1179 2546 ψυχαῖς
1234 2477 1538 2547 ἀνθρώπων
1588 2478 1906 2546 ὲγκατοικί-

315 2563 535 2629 ςεσθαι.
579 2564 740 2619 Ἀλλὰ
777 2566 908 2636 περὶ¹
944 2565 1042 2635 μὲν
1070 2565 1276 2618 τούτων
1301 2567 1396 2619 καὶ
1431 2565 1678 2635 ὕστερον.
1707 2567 1822 2619 Νῦν
1849 2567 1906 2620 δέ

320 2674 408 2710 σοι
434 2657 498 2710 τὸ
521 2659 666 2728 ἱερὸν
689 2658 784 2710 καὶ
810 2658 1140 2730 θεόχρηστον
1161 2659 1262 2729 τῆς
1291 2661 1444 2730 ἱερᾶς
1465 2661 1497 2730 ἡ
1508 2661 1625 2730 μῶν
1653 2659 1906 2732 λατρείας

317 2749 548 2802 ἀνατιθέ
557 2749 696 2818 μεθα
738 2749 993 2820 μάθημα.

397 2844 464 2897 δ’.
521 2847 786 2898 Πιστεύω
830 2847 916 2908 είς
949 2843 1059 2898 ἕνα
1110 2842 1258 2897 Θεὸν
1299 2843 1531 2911 Πατέρα
1571 2841 1907 2911 παντοκρά-

316 2951 489 3002 τορα,
528 2934 787 3001 ποιητὴν
819 2932 1081 3000 οὐρανοῦ
1119 2935 1215 2987 καὶ
1249 2933 1382 3003 γῆς,
1413 2931 1642 3001 ὁρατῶν
1669 2950 1732 2986 τε
1755 2932 1908 2986 πάν-

319 3043 448 3079 των
479 3029 576 3079 καὶ
630 3026 924 3093 ἀοράτων.
976 3027 1084 3079 Καὶ
1115 3028 1202 3090 είς
1247 3025 1357 3078 ἕνα
1405 3027 1626 3092 Κύριον
1675 3025 1911 3090 Ἰησοῦν

317 3119 589 3189 Χριστὸν
611 3159 626 3183 ,
656 3120 763 3174 τὸν
797 3120 932 3173 Υίὸν
966 3119 1072 3173 τοῦ
1109 3118 1256 3173 Θεοῦ
1298 3117 1404 3171 τὸν
1428 3116 1730 3188 μονογενῆ
1755 3158 1770 3183 ,
1803 3117 1911 3171 τὸν

319 3214 393 3266 ἐκ
432 3213 540 3266 τοῦ
573 3213 804 3280 Πατρός
829 3212 1195 3281 γεννηθέντα
1227 3211 1338 3279 πρὸ
1366 3200 1609 3264 πάντων
1631 3210 1750 3264 τῶν
1776 3209 1909 3264 ald)-

2010 2036 2120 2074 non
2176 2019 2382 2080 divelli,
2430 2019 2524 2073 sed
2567 2019 2825 2088 utrinque
2867 2018 3042 2071 virum
3081 2017 3286 2071 bonum
3319 2015 3509 2085 perﬁci
3540 2023 3600 2069 et

2009 2111 2377 2166 consummari
2421 2130 2432 2163 :
2467 2110 2602 2165 ﬁdes
2636 2111 2785 2164 enim
2819 2118 2964 2164 recta
2994 2124 3176 2162 mores
3204 2107 3458 2177 producit
3493 2107 3595 2161 ho-

2009 2217 2193 2261 nestos
2219 2225 2234 2273 ;
2262 2217 2318 2261 et
2340 2222 2566 2277 operum
2595 2206 2803 2276 puritas
2830 2205 2989 2258 ﬁdem
3023 2220 3143 2259 esse
3167 2204 3406 2258 divinam
3433 2204 3596 2273 plane

2009 2300 2202 2370 probat
2246 2317 2260 2353 :
2313 2299 2539 2353 istorum
2593 2313 2725 2352 vero
2772 2297 3005 2351 alterum
3049 2297 3168 2350 sine
3222 2297 3394 2350 altero
3436 2295 3597 2351 facile

2005 2391 2255 2447 dililuere
2305 2391 2443 2445 solet
2482 2399 2539 2446 et
2579 2391 2839 2446 aliorsum
2881 2390 2996 2460 rapi
3033 2407 3044 2443 :
3080 2405 3256 2460 neque
3281 2391 3432 2445 enim
3468 2407 3597 2461 pos-

2010 2485 2139 2530 sunt
2181 2476 2429 2545 seiuncta
2476 2486 2533 2532 et
2574 2477 2787 2531 divulsa
2836 2477 2892 2530 in
2932 2476 3130 2531 animis
3173 2476 3458 2532 hominum
3503 2493 3594 2532 sc-

2008 2568 2133 2623 dem
2164 2568 2346 2639 ﬁgere.
2382 2568 2489 2623 Sed
2520 2569 2588 2622 de
2617 2568 2736 2622 istis
2770 2568 3077 2622 videbimus
3113 2568 3166 2621 in
3211 2569 3594 2638 sequentibus.

2009 2659 2069 2714 In
2111 2661 2370 2730 prmsenti
2399 2675 2609 2714 sacram
2645 2669 2700 2714 et
2729 2660 2918 2714 divino
2947 2660 3170 2715 oraculo
3203 2659 3380 2715 fusam
3403 2676 3596 2716 sacro—

2011 2758 2213 2805 sanctae
2242 2759 2442 2805 nostrae
2475 2751 2752 2821 religionis
2781 2752 3084 2805 doctrinam
3111 2761 3594 2821 repraesentamus.

2082 2843 2134 2895 4.
2191 2840 2358 2898 Credo
2394 2843 2449 2895 in
2492 2859 2656 2895 unum
2695 2841 2864 2896 Deum
2904 2842 3127 2897 Putrem
3159 2845 3595 2913 omnipotentem,

2012 2933 2126 2986 coeli
2161 2941 2210 2986 et
2241 2941 2398 2988 terra:
2421 2933 2751 2997 Creatorem,
2789 2950 2988 2986 necnon
3043 2934 3330 2988 visibilium
3365 2936 3601 2988 omnium

2011 3041 2078 3078 ac
2112 3025 2455 3078 invisibilium
2494 3041 2513 3078 :
2548 3024 2613 3078 Et
2648 3025 2704 3078 in
2730 3041 2891 3079 unum
2921 3025 3207 3080 Dominum
3232 3026 3411 3081 Iesum
3441 3026 3602 3083 Chri-

2010 3127 2169 3180 stum,
2218 3115 2420 3170 Filium
2452 3117 2548 3170 Dei
2582 3119 2935 3188 unigenitum,
2972 3135 3037 3172 ea:
3063 3117 3228 3172 Patre
3258 3129 3444 3174 natum
3475 3129 3602 3174 ante

2012 3209 2188 3262 omnia
2230 3207 2658 3273 satoula;lumen
2700 3214 2764 3263 de
2807 3209 3004 3262 lumine
3030 3251 3045 3275 ,
3092 3209 3260 3263 Deum
3306 3227 3487 3264 verum
3533 3211 3602 3265 de

318 3322 472 3358 νων.
501 3302 631 3369 Φῶς
658 3305 725 3357 ἐκ
755 3303 968 3372 φωτὸς,
1000 3306 1149 3356 Θεὸν
1179 3302 1472 3368 ἀληθινὸν
1491 3303 1559 3355 ἐκ
1593 3301 1740 3356 Θεοῦ
1767 3303 1910 3370 ἀλη-

2016 3300 2122 3354 D'eo
2166 3316 2286 3354 vero
2300 3316 2319 3362 ;
2367 3301 2619 3370 genitum,
2670 3317 2774 3354 non
2805 3302 3040 3371 factum;
3071 3301 3226 3355 Patri
3251 3303 3598 3356 consubstan-

322 3395 534 3450 0iroi3'
592 3394 993 3463 γεννηθέντα.
1051 3394 1122 3446 οὐ
1174 3392 1531 3460 ποιηθέντα·
1583 3393 1911 3462 όμοούσιον

320 3486 407 3553 τῷ
445 3489 651 3556 Πατρὶ,
683 3487 758 3542 δι’
797 3482 869 3543 οὗ
893 3487 966 3540 τὰ
988 3487 1184 3540 πάντα
1213 3487 1450 3557 ἐγένετο
1471 3504 1484 3516 ·
1516 3488 1624 3539 τὸν
1653 3486 1727 3539 δι’
1754 3485 1912 3555 ἡμᾶς

320 3583 471 3646 τοὺς
504 3581 856 3650 ἀνθρώπους
890 3580 987 3635 καὶ
1012 3581 1109 3634 διὰ
1137 3581 1252 3647 τὴν
1278 3581 1573 3650 ἡμετέραν
1610 3581 1914 3647 σωτηρίαν

322 3675 698 3727 κατελθόντα
752 3671 822 3736 ἐξ
875 3670 1181 3740 οὐρανῶν·
1240 3671 1338 3724 καὶ
1397 3671 1781 3739 σαρκωθέντα
1842 3671 1910 3724 ἐκ

321 3765 677 3834 Πνεύματος
705 3764 882 3833 ἁγίου
899 3765 996 3819 καὶ
1032 3765 1260 3831 Μαρίας
1296 3761 1406 3830 τῆς
1436 3763 1744 3830 Παρθένου
1767 3804 1781 3825 ,
1814 3761 1912 3816 καὶ

325 3855 900 3924 ἑνανθρωπήσαντα,
941 3855 1364 3924 σταυρωθέντα
1407 3872 1470 3908 τε
1530 3855 1682 3922 ὑπὲρ
1743 3853 1914 3924 ἡμῶν

321 3950 427 4003 ἐπὶ
459 3949 713 4002 Ποντίου
743 3947 1026 4014 Πιλάτου,
1065 3949 1161 4002 καὶ
1193 3949 1481 4014 παθόντα,
1501 3948 1598 4001 καὶ
1630 3947 1910 4017 ταφέντα,

323 4040 431 4095 καὶ
454 4040 805 4095 ἀναστάντα
832 4039 904 4108 τῇ
933 4042 1101 4108 τρίτῃ
1127 4038 1315 4108 ἡμέρᾳ
1339 4041 1488 4094 κατὰ
1511 4039 1618 4104 τὰς
1647 4039 1912 4108 Γραφὰς,

321 4133 431 4188 καὶ
487 4133 821 4187 ἀνελθόντα
852 4135 941 4198 είς
977 4132 1119 4199 τοὺς
1160 4133 1458 4201 οὐρανοὺς
1480 4171 1496 4196 ,
1541 4131 1640 4186 καὶ
1683 4129 1916 4192 καθεζό-

317 4243 518 4297 μενον
536 4227 607 4279 ἐν
626 4225 796 4293 δεξιᾷ
815 4226 923 4280 τοῦ
945 4227 1176 4294 Πατρός
1199 4242 1220 4256 ·-
1241 4226 1342 4279 καὶ
1372 4225 1560 4279 πάλιν
1587 4226 1917 4295 ἐρχόμενον

318 4317 479 4390 μετὰ
514 4319 698 4385 δόξης
746 4318 942 4387 κρῖναι
973 4317 1193 4384 ζῶντας
1230 4317 1330 4372 καὶ
1362 4319 1616 4386 νεκρούς
1637 4335 1650 4349 ο
1685 4314 1757 4374 οὗ
1804 4317 1916 4386 τῆς

319 4406 655 4476 βασιλείας
688 4411 800 4463 οὐκ
849 4409 1024 4463 ἔσται
1067 4409 1260 4474 τέλος.
1294 4409 1404 4462 Kal
1441 4412 1529 4475 είς
1573 4409 1639 4474 τὸ
1671 4408 1916 4478 Πνεῦμα

323 4500 400 4555 τὸ
437 4501 627 4570 ἄτιον,
659 4501 726 4555 τὸ
753 4501 976 4570 Κύριον
1007 4501 1104 4554 καὶ
1145 4498 1432 4560 ζωοποιόν
1461 4499 1529 4552 τὸ
1554 4501 1623 4553 ἐκ
1659 4499 1767 4553 τοῦ
1799 4503 1918 4552 Πα-

324 4591 473 4662 τρός
502 4593 1002 4662 ἐκπορευόμενον,
1035 4591 1101 4645 τὸ
1134 4592 1256 4645 σὺν
1280 4591 1462 4655 Πατρὶ
1495 4593 1595 4645 καὶ
1639 4589 1750 4656 Υίῷ
1773 4606 1914 4658 προ-

327 4687 760 4755 σκυνούμενον
802 4687 902 4740 καὶ
943 4685 1491 4752 συνδοξαζόμενον,
1523 4685 1590 4738 τὸ
1629 4682 1918 4751 λαλῆσαν

2014 3392 2214 3458 tialem,
2255 3409 2348 3462 per
2380 3409 2533 3462 quem
2567 3395 2746 3446 omnia
2771 3396 2913 3464 facta
2944 3404 3067 3448 sunt
3098 3412 3117 3448 :
3147 3396 3236 3465 qui
3268 3405 3482 3466 propter
3507 3414 3606 3452 nos

2013 3489 2245 3542 homines
2264 3499 2312 3542 et
2334 3497 2546 3558 propter
2561 3498 2792 3541 nostram
2809 3488 3035 3543 salutem
3051 3489 3313 3542 descendit
3338 3491 3400 3543 de
3421 3490 3561 3545 caelis
3581 3508 3602 3552 ;

2013 3581 2326 3635 incarnatus
2369 3599 2433 3636 ea:
2481 3578 2685 3652 Spiritu
2728 3589 2913 3634 sancto
2957 3589 3008 3634 et
3058 3580 3231 3634 Maria
3271 3580 3517 3653 Virgine;
3551 3591 3604 3636 et

2013 3675 2166 3728 homo
2211 3675 2382 3745 [actus
2435 3683 2531 3739 est,
2571 3673 2955 3742 cruciﬁxusque
2991 3690 3085 3743 pro
3117 3673 3264 3728 nobis
3289 3674 3382 3728 sub
3411 3673 3603 3729 Pontio

2014 3766 2216 3831 Pilato,
2267 3783 2450 3836 passus
2502 3775 2550 3820 et
2602 3766 2870 3836 sepultus;
2924 3775 2972 3820 et
2998 3767 3281 3820 resurrexit
3330 3769 3490 3822 tertia
3517 3768 3604 3822 die

2014 3860 2298 3913 secundum
2341 3857 2679 3928 Scripturas;
2718 3869 2768 3912 et
2796 3860 3032 3912 ascendit
3067 3860 3121 3912 in
3149 3859 3339 3924 caelos;
3371 3871 3419 3913 et
3462 3866 3604 3914 sedet

2017 3966 2051 4002 a
2089 3949 2289 4003 dextris
2317 3948 2500 4003 Patris
2527 3966 2546 4004 :
2571 3958 2620 4004 et
2649 3950 2839 4003 iterum
2877 3960 3127 4002 venturus
3156 3959 3230 4003 est
3259 3967 3376 4003 cum
3407 3950 3604 4020 gloria,

2008 4043 2352 4114 judicaturus
2408 4045 2549 4098 vivos
2605 4054 2762 4116 atque
2802 4055 3074 4110 mortuos;
3117 4045 3265 4114 cujus
3305 4046 3452 4116 regni
3502 4061 3607 4098 non

2017 4134 2117 4188 erit
2151 4134 2271 4196 linis
2305 4151 2318 4188 :
2355 4133 2425 4188 Et
2461 4135 2514 4187 in
2539 4134 2800 4203 Spiritum
2823 4146 3068 4190 sanctum
3096 4135 3380 4189 Dominum
3415 4145 3462 4190 et
3501 4153 3604 4190 au-

2018 4232 2211 4278 ctorem
2237 4225 2358 4279 vita:
2379 4241 2397 4288 ;
2419 4225 2508 4294 qui
2530 4226 2764 4295 procedit
2785 4243 2817 4279 a
2849 4225 3048 4290 Patre;
3081 4227 3173 4296 qui
3197 4243 3316 4280 cum
3350 4225 3517 4280 Patre
3542 4243 3609 4280 ac

2019 4314 2154 4370 Filio
2199 4316 2458 4369 adoratur
2505 4325 2554 4370 et
2598 4316 2964 4387 gloriﬁcatur;
3019 4319 3110 4388 qui
3154 4318 3357 4372 locutus
3397 4328 3471 4372 est
3513 4336 3628 4386 per.

2018 4407 2298 4476 prop/tetas
2345 4423 2362 4460 :
2414 4406 3005 4462 In-unamcatholicam
3033 4419 3081 4462 et
3123 4409 3478 4478 apostolicam.
3503 4410 3607 4463 Ec-

2019 4499 2252 4553 clesiam.
2307 4498 2570 4568 Conﬁteor
2621 4518 2786 4554 unum
2833 4503 3119 4571 baptisma,
3163 4503 3219 4556 in
3251 4503 3608 4556 remissionem

2017 4600 2368 4660 peccatorum.
2413 4591 2667 4657 Exspecto
2697 4595 3136 4649 resurrectionem
3174 4605 3522 4657 mortuorum,
3547 4601 3605 4647 et

2027 4684 2188 4737 vitam
2218 4684 2424 4738 venturi
2450 4685 2650 4738 swculi.
2676 4685 2860 4740 Amen.

327 4779 435 4833 διὰ
483 4778 602 4832 τῶν
651 4777 991 4847 προφητῶν.
1040 4781 1144 4844 Εἰς
1172 4779 1319 4846 μίαν
1360 4779 1539 4846 ἁγίαν
1586 4775 1919 4843 καθολικὴν
1955 4777 2053 4832 καὶ
2095 4776 2516 4844 ἀποστολικὴν
2564 4781 2957 4846 Ἐκκλησίανι
3007 4778 3305 4850 Ὀμολοτῶ
3367 4778 3437 4831 ἓν
3491 4778 3608 4841 ,ϐιὶ-

328 4889 565 4943 πτισμα
589 4875 674 4939 εις
700 4873 917 4942 ᾶςεσιν
939 4871 1238 4941 ἁμαρτιῶν
1259 4887 1272 4902 ·
1303 4871 1620 4940 προσδοκῶ
1648 4869 1990 4926 ἀνάστασιν
2030 4871 2260 4940 νεκρῶν
2281 4913 2297 4938 ,
2337 4873 2437 4925 καὶ
2463 4870 2616 4939 ζωὴν
2653 4872 2759 4926 τοῦ
2777 4873 3115 4941 μέλλοντος
3143 4871 3376 4936 αἰῶνος.
3397 4869 3604 4938 Ἀμήν,

408 4965 472 5021 ε’.
523 4965 680 5018 Οῦτω
714 4965 1004 5035 τοιγαροῦν
1033 4965 1248 5035 φρονῶν
1293 4964 1389 5017 καὶ
1430 4963 1736 5026 πιστεύων,
1779 4963 1912 5017 κατᾶ

2100 4967 2153 5021 5.
2208 4967 2289 5021 Ad
2336 4967 2482 5020 hunc
2516 4981 2644 5036 ergo
2667 4966 2889 5020 modum
2921 4965 3166 5019 sentiens
3196 4979 3260 5018 ac
3292 4964 3524 5019 credens
3551 4975 3612 5018 ut

331 5055 441 5126 τὴν
490 5055 789 5126 παράδοσιν
827 5055 927 5124 τῆς
967 5055 1130 5124 ἁγίας
1177 5053 1273 5107 τοῦ
1308 5055 1445 5108 Θεοῦ
1467 5055 1782 5126 ἳαθολικῆς
1821 5056 1918 5109 καὶ

335 5149 710 5219 ἀποστολικῆς
740 5147 1090 5219 Ἐκκλησίας,
1111 5141 1156 5202 ὦ
1177 5146 1340 5201 καλὸν
1377 5147 1601 5218 ἄγαλμα
1630 5146 1736 5203 τῶν
1767 5148 1919 5218 ἐμῶν

2029 5058 2332 5114 secundum
2359 5057 2707 5112 traditionem
2747 5066 2950 5110 sancta:
2991 5056 3273 5110 catholicm
3310 5063 3365 5109 et
3391 5065 3613 5124 aposto-

2028 5150 2144 5204 licae
2200 5148 2479 5216 Ecclesiae,
2523 5162 2557 5201 o
2597 5147 2843 5202 laborum
2885 5161 3135 5201 meorum
3162 5143 3423 5199 eximium
3450 5159 3614 5200 orna-

1855 5285 2086 5344 NOTAE.

413 5406 490 5475 (9)
531 5405 610 5458 Δι’
644 5396 868 5474 ἀμφοῖν
908 5403 1017 5458 τὸν
1058 5403 1415 5475 σπουδαῖον
1440 5401 1905 5475 καταρτίζεσθαι.

338 5471 583 5549 lgnatius
629 5471 695 5530 in'
728 5471 824 5549 illa
873 5475 939 5549 ad
981 5476 1203 5549 Apres.
1265 5472 1447 5549 mpm
1485 5471 1670 5542 ζωῆς,
1723 5473 1925 5549 πίστις,

338 5543 498 5609 τ’ἐλος
526 5549 604 5609 δὲ,
635 5548 846 5615 ἀγάπηο
881 5546 949 5598 τὰ
975 5543 1161 5598 δὲίδύο
1182 5585 1196 5604 ,
1257 5548 1322 5597 ἐν’
1361 5545 1575 5615 ἑνότητι
1630 5543 1922 5612 γενόμενα,

333 5618 478 5673 Θεοῦ
505 5614 1108 5686 ἄνθρωπονάποτελεῖ·
1148 5617 1217 5669 τὰ
1246 5615 1300 5667 δὲ
1325 5614 1461 5670 ἄλλα
1495 5614 1672 5666 πάντα
1703 5615 1781 5676 εἰς
1821 5630 1925 5686 κα-

333 5683 682 5756 λοκαγαθίαν
707 5685 978 5738 ἀκόλουθα
1002 5689 1170 5738 ἐστιν·
1209 5687 1386 5748 οὐδεὶς
1433 5686 1617 5736 πίστιν
1647 5683 1921 5756 ἐπαγγελ-

339 5753 572 5828 λόμενος
595 5757 808 5826 ,ὀφείλει
842 5757 1200 5828 αμαρτάνειν,
1241 5757 1362 5809 οῦδὲ
1398 5757 1620 5822 ἀγάπην
1649 5753 1925 5828 κεκτημέ-

346 5825 440 5894 νος
474 5825 657 5901 μισεῖν
682 5829 774 5882 τὸν
800 5825 1045 5896 ἀδελφόν.
1077 5827 1176 5882 Ubi
1201 5829 1348 5890 τέλος
1380 5842 1488 5880 non
1517 5839 1599 5882 cst
1639 5834 1746 5880 tam
1775 5825 1920 5893 ﬁnis,

2019 5410 2079 5456 ut
2095 5409 2314 5456 vertunt
2331 5401 2675 5470 interpretes,
2697 5414 2861 5469 quam
2881 5395 3159 5470 τελείωσις
3175 5395 3449 5470 ρει-Γεειίρἶ
3463 5394 3613 5450 Idem

2034 5465 2501 5547 betittls_n1artyr
2540 5465 2749 5547 iterum
2816 5471 2897 5547 _ai_t
2937 5487 2952 5523 :
3017 5469 3084 5520 Ol
3136 5465 3613 5547 ,ἐπαγγελλόμενοι

2031 5542 2268 5611 Χριστοῦ
2301 5534 2459 5605 εἶναι,
2500 5542 2600 5614 οῦκ
2623 5541 2682 5605 ἐξ
2713 5534 2787 5593 ὧν
2816 5541 3040 5614 λέγουσι
3078 5537 3265 5614 μόνον,
3290 5535 3522 5614 ἀλλὰ-ἐς
3538 5534 3613 5614 ῶν

2031 5605 2331 5684 πράττουσι
2361 5612 2720 5682 γνωρίζονται
2740 5629 2753 5641 ·
2789 5615 2852 5664 ἐκ
2882 5605 3105 5682 γὰρποῦ
3149 5605 3364 5684 καρποῦ
3405 5605 3466 5684 τὸ
3494 5605 3614 5684 δένς

2028 5669 2154 5754 δρον
2180 5669 2819 5754 γινώσκεται.’”Αμεινόν
2862 5669 2977 5734 ἐστὶ
3007 5669 3237 5746 σιωπᾷν’
3259 5677 3352 5730 καὶ
3385 5669 3552 5740 εἶναι,
3576 5675 3628 5744 ἦ,

2026 5750 2203 5808 λαλεῖν
2229 5754 2323 5808 καὶ
2359 5754 2438 5824 μὴ
2468 5750 2627 5807 εἶναι.
