3964 6474
436 407 535 471 631

1612 406 1872 469 ΡΗΟΤΙΙ
1910 410 2420 472 ΡΑΤΒΙΑΒΟΗΕ
2466 414 2575 476 CP.

3605 418 3721 482 632

438 521 707 577 mentum,
755 527 940 567 sacras
985 521 1041 569 et
1086 513 1459 569 meumenicas
1508 525 1719 583 septem
1773 517 2026 587 synodos,

2142 520 2315 574 πόνων
2354 523 2465 592 (10)
2486 568 2501 584 ,
2546 524 2645 587 τὰς
2668 525 2829 592 ἁγίας
2859 527 2950 579 καὶ
2978 528 3361 597 οἱκουμενικάς
3391 530 3535 584 ἑπτὰ
3570 531 3722 583 συνό-

440 605 638 676 partim
694 615 954 675 tanquam
987 606 1209 677 pietatis
1236 608 1548 675 magistras,
1573 609 1772 678 partim
1806 619 1865 664 ut
1897 626 2027 681 pro-

438 696 809 767 pugnatriccs,
852 697 1070 766 suscipe
1118 706 1174 751 et
1212 698 1543 768 amplectere
1575 716 1588 751 :
1623 697 1728 753 Per
1784 699 1906 755 illas
1944 710 2029 755 et-

442 788 589 842 enim
607 798 661 843 et
682 788 895 843 illarum
924 804 1028 859 Ope
1057 788 1239 845 omnis
1267 790 1569 856 innovatio,
1594 791 1820 847 haeresis
1848 792 2028 847 omnis

447 881 767 950 repellitur:
816 893 873 935 et
918 882 1064 952 quod
1120 883 1485 937 orthodoxum
1534 892 1636 947 est,
1683 898 1823 952 puro
1858 894 1913 939 et
1959 883 2029 937 ab

446 972 681 1042 antiquis
732 974 933 1027 tradito
984 974 1267 1029 intellectu
1317 984 1698 1039 conservatur,
1761 984 1926 1044 atque
1972 975 2028 1028 in

442 1066 659 1135 piorum
713 1066 1009 1129 mentibus,
1048 1066 1397 1121 dubitatione
1430 1066 1674 1126 exclusa.
1704 1066 2026 1121 collocatur.

442 1156 648 1212 llarum
699 1173 799 1226 ego
839 1158 1167 1229 synodorum
1208 1159 1576 1212 narrationem
1606 1158 1900 1230 aggredior
1938 1159 2029 1212 in-

444 1250 713 1317 stituere;
752 1251 933 1305 locum
986 1251 1177 1317 simul,
1220 1266 1537 1316 numerum,
1587 1251 2027 1315 multitudinem,

442 1341 703 1411 praesides
760 1357 924 1411 porro
971 1342 1330 1413 singularum,
1375 1358 1480 1397 una
1522 1358 1647 1398 cum
1699 1344 2028 1409 actionibus,

443 1450 553 1503 quo
582 1449 671 1488 res
706 1435 899 1489 melius
933 1435 1324 1507 intelligantur,
1353 1435 1745 1505 descripturus.

516 1526 571 1580 6.
615 1526 796 1582 Prima
835 1528 957 1583 ideo
994 1530 1233 1599 synodus
1259 1530 1585 1585 universalis
1621 1531 1763 1599 apud
1793 1530 2029 1585 Nicaeam

445 1615 714 1688 Bithynia:
757 1619 1033 1673 civitatem
1093 1630 1280 1681 coacta
1344 1620 1467 1675 fuit.
1530 1620 1917 1676 Couvcnerant
1965 1637 2032 1677 eo

445 1709 675 1763 trecenti
717 1709 908 1764 decem
954 1721 1008 1765 et
1035 1719 1158 1765 octo
1198 1710 1288 1765 Dei
1317 1711 1632 1767 sacerdotes
1664 1730 1677 1765 :
1706 1712 1774 1766 de
1802 1714 2031 1766 veritate

443 1802 709 1872 judicium
777 1805 975 1858 latum.
1036 1804 1202 1858 Erant
1256 1804 1415 1859 istius
1477 1813 1656 1860 castus
1716 1806 2029 1875 principes.

446 1896 757 1949 Alexander
795 1893 1464 1965 Constantinopolitanum
1508 1896 2030 1966 archiepismpalem

449 1987 714 2042 thronum
766 1987 990 2043 sortitus
1041 1988 1532 2043 administrandum
1597 1991 1737 2059 (erat
1803 1989 1895 2043 ille
1950 1989 2035 2042 vir

446 2080 719 2150 profunda
776 2080 994 2150 quidem
1043 2081 1269 2144 canitie,
1318 2090 1375 2136 et
1411 2080 1690 2137 consimili
1720 2079 2031 2147 prudentia,

448 2173 804 2236 venerabilis;
848 2172 1139 2243 plurimam
1177 2189 1342 2243 porro
1374 2174 1664 2244 possidens
1690 2174 1835 2243 apud
1864 2172 2033 2227 Deum

448 2264 723 2327 ﬁduciam,
766 2273 989 2336 propter
1029 2266 1157 2321 vitae
1194 2266 1544 2337 splendorem
1568 2307 1583 2330 ,
1627 2265 1797 2320 animi
1832 2265 2037 2320 sancti-

448 2358 713 2422 moniam,
748 2366 803 2412 et
830 2369 1142 2414 accuratam
1180 2358 1303 2414 fidei
1343 2358 1764 2429 professionem)
1795 2377 1808 2412 :
1859 2358 1956 2413 sed
1982 2366 2040 2413 et

447 2448 679 2521 insuper
710 2450 977 2507 S'lvester
1007 2460 1176 2522 atque
1208 2451 1388 2507 Julius
1409 2452 1655 2523 insignes
1680 2450 1757 2505 illi
1786 2450 2036 2506 celeber-

448 2544 684 2614 rimique
722 2544 982 2600 Romana:
1016 2545 1277 2601 Ecclesiae
1316 2545 1604 2615 praesules,
1633 2554 1831 2599 neuter
1855 2552 2039 2597 tamen

451 2649 643 2692 eorum
679 2636 1040 2706 personaliter
1073 2651 1338 2706 praesens,
1366 2636 1600 2690 aderant
1632 2653 1645 2689 :
1681 2633 1779 2689 sed
1808 2644 2041 2703 uterque

452 2746 551 2785 sua
589 2730 733 2795 vice,
778 2730 863 2783 sui
889 2729 1241 2800 pontiﬁcatus
1274 2740 1544 2799 tempore,
1585 2726 1773 2782 Vitum
1815 2736 1871 2781 et
1902 2723 2042 2780 Vin-

453 2822 718 2885 centium,
750 2822 1033 2876 communi
1072 2821 1146 2875 illi
1182 2821 1472 2877 consessui
1503 2820 1700 2876 adesse
1732 2820 2041 2891 jusserunt,

456 2914 709 2970 homines
748 2915 951 2969 virtute
993 2915 1271 2985 prmditos,
1305 2914 1507 2985 quique
1538 2913 1607 2969 ad
1635 2913 2044 2984 presbyteratus

454 3007 773 3076 dignitatem
817 3008 1181 3062 ascenderant
1227 3026 1240 3060 :
1284 3021 1409 3061 cum
1443 3006 1643 3076 quibus
1677 3014 1735 3060 et
1776 3004 2045 3059 Corduba:

455 3099 746 3171 episcopus
789 3101 1034 3172 (llosius)
1069 3100 1412 3166 sociabatur;
1443 3099 1535 3169 qui
1570 3114 1667 3169 per
1698 3100 2045 3169 Paganorum

2129 609 2273 676 δους,
2302 611 2403 674 τὰς
2439 612 2540 680 μὲν
2568 613 2643 678 ὡς
2667 615 3047 681 διδασκάλους,
3077 618 3177 681 τὰς
3204 619 3262 671 δὲ
3287 618 3365 680 ὡς
3393 620 3723 688 προμάχους

2128 702 2231 771 τῆς
2257 704 2559 769 εύσεϐείας,
2589 706 2852 777 ἀποδέχου
2879 709 2974 761 καί
3008 709 3260 781 περίεπε.
3299 710 3378 763 Δι’
3403 709 3589 764 αὐτῶν
3612 710 3730 780 γὰρ

2130 797 2284 849 πᾶσα
2333 799 2658 867 καινοτομία
2696 800 2791 854 καὶ
2837 802 3049 873 αἵρεσις
3095 803 3497 857 ἀπελαύνεται·
3544 803 3612 857 τὸ
3662 803 3729 856 δὲ

2128 887 2230 957 τῆς
2261 886 2569 958 ὀρθοδοξίας
2594 891 2876 960 ἀκήρατον
2907 894 3002 946 καὶ
3043 894 3551 964 ἀρχαιοπαράδοτον
3586 894 3731 963 φρό-

2131 995 2281 1049 νημα
2328 982 2450 1043 ταῖς
2489 981 2861 1035 εὐσεϐούντων
2901 982 3101 1052 ψυχαῖς
3139 984 3220 1047 είς
3263 984 3592 1037 ἁδίστακτον
3624 999 3726 1035 σε·

2131 1069 2474 1141 ϐασμιότητα
2504 1072 2909 1144 καθιδρύνεται.
2948 1069 3049 1128 Ὧν
3083 1078 3408 1146 ἀπάρχομαι
3447 1076 3547 1147 τὴν
3574 1076 3731 1145 ἀφή-

2131 1179 2321 1233 γησιν,
2361 1164 2456 1217 καὶ
2485 1165 2653 1219 τόπον
2676 1207 2691 1230 ,
2743 1167 2839 1219 καί⁵
2889 1168 3125 1237 ἀριθμὸν
3157 1168 3251 1221 τοῦ
3290 1167 3570 1238 πλήθους,
3626 1166 3735 1221 καὶ

2128 1257 2259 1321 τοὺς
2319 1258 2598 1331 ἀρχηγοὺς
2670 1259 2946 1331 ἑκάστης,
3011 1260 3172 1331 χάριν
3236 1262 3542 1332 εὐμαθίας,
3597 1263 3734 1323 ταῖς

2128 1350 2360 1415 οίκείαις
2396 1352 2946 1425 συνυποτυπούμενος
2974 1357 2999 1396 Β
3031 1355 3314 1427 πράξεσιν.

2204 1527 2277 1595 ς’.
2324 1530 2387 1582 Ἠ
2427 1530 2606 1584 τοίνυν
2641 1529 2834 1602 πρώτη
2862 1532 2955 1584 καὶ
2999 1532 3352 1604 οἰκουμενικὴ
3385 1533 3518 1601 ἁγία
3564 1531 3733 1585 σύνοι-

2129 1620 2240 1685 δος,
2284 1622 2343 1674 ὲν
2367 1624 2430 1691 τῇ
2463 1621 2604 1674 κατά
2631 1622 2887 1676 Βιθυνίαν
2912 1624 3120 1694 Νικαίᾳ
3150 1625 3548 1696 συνεκροτήθη’
3573 1623 3731 1679 ὀκτὼ

2131 1714 2224 1765 καὶ
2252 1711 2387 1766 δέκα
2418 1711 2474 1763 δὲ
2509 1712 2812 1781 τριακόσιοι
2844 1713 2978 1783 (ll),
3013 1713 3174 1767 θείων
3231 1714 3537 1785 ἀρχιερέων
3573 1716 3733 1785 δμή-

2134 1822 2312 1875 γυρις,
2346 1804 2445 1875 τὴν
2493 1806 2591 1875 τῆς
2635 1805 2897 1877 ἀληθείας
2928 1806 3109 1875 κρίσιν
3145 1807 3563 1877 ἑνεχειρίζοντο.
3616 1801 3731 1859 Ὧν

2134 1892 2273 1966 ἦσαν
2304 1897 2653 1966 προέχοντες,
2697 1896 3047 1967 Ἀλέξανδρος
3072 1915 3155 1962 τε,
3188 1900 3216 1951 ὁ
3249 1897 3342 1950 τὸν
3368 1899 3733 1952 Κωνσταντι-

2134 1990 2442 2053 νουπόλεως
2494 1991 2886 2063 ἀρχιερατικὸν
2933 1992 3123 2063 θρόνον
3162 1989 3349 2062 λαχὼν
3381 1990 3691 2045 διευθύνειν
3716 2006 3734 2020 °

2136 2083 2278 2153 ἀνὴρ
2306 2082 2499 2155 βαθείᾳ
2532 2084 2633 2154 μὲν
2665 2083 2847 2155 πολιᾷ,
2889 2084 3264 2156 παραπλησίῳ
3301 2083 3359 2137 δὲ
3388 2085 3742 2156 φρονήματι,

2139 2175 2561 2244 σεμνυνόμενος,
2590 2176 2708 2246 βίου
2737 2178 2794 2232 δὲ
2817 2176 3167 2249 λαμπρότητι
3189 2177 3289 2231 καὶ
3318 2176 3564 2246 ὁσιότητι
3591 2175 3744 2245 γνὼ-

2140 2283 2249 2337 μης
2284 2266 2380 2320 καὶ
2415 2267 2652 2333 πίστεως
2689 2268 2947 2341 ἀκριϐείᾳ
2975 2270 3076 2339 τὴν
3104 2270 3185 2332 εἰς
3222 2268 3286 2322 τὸ
3318 2268 3462 2323 θεῖον
3504 2269 3744 2340 τταρρη-

2140 2360 2261 2412 σξαν
2281 2358 2481 2430 πολλὴν
2517 2360 2888 2433 οἰκειούμενος
2932 2378 2946 2392 ’
2978 2362 3075 2415 κα)⁵
3121 2361 3185 2434 δὴ
3232 2363 3329 2413 καὶ
3382 2359 3743 2428 Σίλϐεστρος,

2140 2452 2233 2503 καὶ
2294 2449 2551 2516 Ἰούλιος,
2620 2452 2723 2523 τῆς
2785 2452 3105 2522 Ῥωμαῖκῆς
3171 2450 3502 2522 Ἐκκλησίας
3581 2449 3740 2521 (12)

2141 2546 2403 2617 ἐπίαημοί
2444 2564 2504 2600 τε
2558 2547 2654 2602 καὶ
2699 2548 2975 2620 διαϐόητοι
3029 2548 3327 2620 πρόεδροιο
3385 2549 3568 2602 αὐτῶν
3634 2549 3742 2618 μὲν

2140 2637 2419 2708 οὐδέτερος
2452 2638 2865 2709 παραγεγονώς.
2920 2639 3129 2693 Βίτωνα
3172 2640 3231 2693 δὲ
3279 2639 3373 2692 καὶ
3414 2639 3737 2703 Βικέντιον,

2142 2730 2405 2802 ἑκάτερος
2433 2730 2551 2785 ἀνθ’
2591 2733 2810 2799 ἑαυτοῦ,
2851 2732 2993 2786 κατὰ
3024 2732 3116 2784 τὸν
3157 2734 3358 2785 οἰκεῖον
3396 2731 3499 2799 τῆς
3542 2733 3743 2801 ἀρχιεο

2147 2821 2366 2893 ρατείας
2407 2822 2599 2894 χρόνον
2620 2864 2636 2890 ,
2666 2826 2731 2895 τῇ
2765 2826 2920 2894 κοινῇ
2959 2824 3216 2893 παρεῖναι
3246 2822 3561 2876 συνελεύσει
3601 2839 3742 2891 προ-

2145 2914 2487 2986 ϐαλλόμενοι,
2522 2916 2844 2987 ἀνθρώπους
2871 2916 3075 2987 ἀρετὴν
3097 2914 3398 2986 τιμῶντας,
3428 2916 3526 2969 καὶ¹
3566 2917 3649 2977 είς
3675 2914 3743 2967 τὸ

2143 3005 2238 3058 τοῦ
2282 3008 2681 3077 πρεσϐυτερίου
2720 3006 2939 3078 ἀξίωμα
2970 3006 3479 3078 παραγγέλλοντας.
3516 2999 3613 3069 Οἷς
3643 3008 3745 3059 καὶ

2145 3100 2175 3151 ὁ
2208 3100 2522 3171 Κορδούϐης
2563 3101 2896 3165 Ἐπίσκοπος
2920 3101 3285 3154 συνετέτακτο
3306 3116 3318 3129 ·
3350 3100 3410 3163 ὃς
3438 3100 3582 3153 κατὰ
3609 3101 3743 3162 τοὺς

454 3193 870 3265 persecutiones
915 3208 1118 3248 nomen
1158 3192 1263 3248 sibi
1305 3192 1577 3248 veraciter
1605 3191 1917 3262 impositum
1946 3189 2035 3245 de-

2159 3192 2504 3263 Ἐλληνικοὺς
2557 3192 2833 3263 διωγμοὺς
2884 3193 2984 3262 τὴν
3042 3193 3239 3262 κλῆσιν
3290 3191 3745 3262 ἐπαληθεύουσαν

455 3286 760 3341 claravcrat
812 3307 824 3341 :
866 3284 1068 3340 Hosius
1099 3287 1245 3339 enim
1273 3284 1335 3353 (i.
1368 3299 1420 3339 e.
1450 3285 1697 3348 sanctus)
1727 3283 2043 3338 nominatus

455 3393 649 3449 puram
696 3385 753 3431 et
811 3386 1059 3433 sanctam
1117 3376 1519 3448 professionem
1558 3390 1588 3429 a
1631 3375 1784 3429 cultu
1817 3373 2044 3428 idolola-

455 3473 596 3527 trico
627 3479 1001 3526 conservarat.

527 3563 584 3618 7.
626 3564 830 3619 Aderat
877 3563 1042 3618 etiam
1087 3573 1142 3617 et
1184 3560 1528 3616 Alexandria:
1576 3557 1865 3630 episcopus
1911 3555 2043 3611 Ale-

455 3657 689 3719 xander,
720 3657 805 3711 vir
834 3656 1000 3711 rebus
1023 3664 1211 3710 sancte
1244 3662 1301 3709 et
1321 3654 1580 3725 praeclare
1604 3651 1768 3722 gestis
1787 3648 2042 3704 eximius.

456 3745 699 3800 Adduxit
740 3745 832 3800 ille
874 3761 1060 3800 secum
1104 3742 1513 3799 colluctatorem
1559 3750 1617 3795 et
1662 3738 2043 3802 Athanasium,

459 3837 550 3909 qui
592 3847 725 3894 tunc
757 3832 1111 3893 diaconorum
1142 3834 1491 3908 primicerius
1529 3844 1647 3889 erat
1669 3872 1685 3898 ,
1728 3839 1852 3902 post
1883 3827 2049 3903 paulo

2147 3281 2370 3347 ἔδειξεν.
2406 3283 2594 3346 Ὄσιος
2634 3284 2744 3353 γὰρ
2789 3284 3191 3355 ὀνομαζόμενος
3236 3284 3506 3353 ἀϐέϐηλον
3569 3281 3742 3337 αὐτοῦ

2146 3375 2247 3445 τὴν
2278 3374 2570 3445 ὁμολογίαν
2592 3376 2690 3446 τῆς
2717 3375 3000 3448 εἰδωλικῆς
3027 3376 3283 3448 λατρείας
3319 3377 3671 3448 διετήρησεν.

2220 3553 2287 3618 ζ’.
2328 3555 2385 3607 Ὀ
2450 3554 2635 3625 μέντοι
2686 3554 3095 3627 ’Λλεξανδρείας
3146 3555 3523 3629 Ἀλέξανδρος,
3580 3558 3743 3621 αὐτός

2148 3664 2209 3700 τε
2253 3648 2438 3718 παρῆν
2480 3650 2647 3720 ἱεροῖς
2692 3649 2750 3702 ὲν
2776 3649 3095 3720 διαπρέπων
3125 3649 3553 3722 κατορθώμασιν
3584 3666 3600 3680 ·
3641 3646 3736 3720 ἦγε

2152 3738 2209 3792 δὲ
2243 3740 2648 3809 συναγωνιστὴν
2667 3740 2846 3812 ἑαυτῷ
2873 3742 2969 3795 καὶ
3027 3742 3368 3808 Ἀθανάσιον,
3394 3742 3453 3808 ὃς
3490 3743 3623 3797 τότε
3649 3743 3728 3815 μὲν

2153 3831 2249 3884 τοῦ
2280 3831 2561 3903 τάγματος
2588 3832 2697 3886 τῶν
2721 3833 2982 3888 διακόνων
3007 3835 3195 3906 ἡγεῖτο
3212 3851 3227 3865 '
3260 3836 3381 3906 μετ’
3403 3836 3464 3889 ού
3490 3835 3635 3890 πολὺ
3663 3835 3732 3901 δὲ,

1755 3973 1988 4031 VARUE
2027 3973 2433 4030 LECTIONES.

1991 4113 2226 4170 NOTJE.

538 4055 563 4094 Β
591 4051 753 4108 ἴση..
786 4067 931 4114 νους.

535 4222 648 4292 (lli)
675 4214 753 4274 Ὦ
784 4219 979 4275 καλὸν
1005 4218 1245 4288 ἄγαλμα
1267 4214 1387 4271 τῶν
1412 4214 1575 4292 ἐμῶν
1602 4216 1826 4269 πόνων.
1855 4214 2047 4292 Simile

467 4286 553 4349 est
575 4292 727 4361 illud:
757 4301 813 4347 et
838 4292 997 4361 plane
1016 4286 1337 4361 “genuinum
1366 4330 1382 4353 ,
1429 4289 1483 4361 in
1520 4288 1627 4361 ﬁne
1646 4286 2047 4361 Δπαραινέσεως

468 4364 629 4421 istius
688 4358 735 4419 ὧ
777 4354 883 4415 τῶν
929 4354 1079 4429 ἐμῶν
1127 4359 1518 4429 πνευματικῶν
1558 4354 1767 4429 ὠδίνων
1823 4354 2047 4429 εὐγενὲς

468 4434 567 4490 καὶ
599 4436 822 4503 γνήσιον
843 4426 1107 4502 γέννημα.
1129 4430 1296 4503 Quasi
1314 4427 1511 4503 Photio
1530 4428 1861 4497 praedicante
1882 4426 2049 4503 linga-

2151 4210 2295 4265 Julio
2324 4214 2689 4271 celebratum:
2717 4217 2864 4286 quod
2889 4225 2975 4271 est
3003 4216 3574 4273 falsissimumJulius
3596 4218 3743 4273 enim

2153 4286 2742 4358 su_tccessitSilves_tro;
2787 4296 2843 4342 at
2886 4287 3150 4358 Silvester
3178 4287 3414 4343 concilio
3443 4288 3749 4358 supervixit

2153 4354 2343 4422 plures
2373 4373 2568 4412 annos.
2610 4356 2809 4412 Verum
2839 4372 2949 4411 non
2978 4356 3204 4411 Photius
3234 4359 3383 4411 solus
3418 4354 3565 4413 hunc
3594 4375 3748 4414 erro—

2154 4438 2271 4499 rem
2311 4428 2534 4499 erravit,
2570 4429 2664 4483 sed
2693 4440 2751 4483 et
2774 4437 2967 4483 auctor
2994 4427 3254 4498 Synopsis
3285 4430 3617 4499 synodorum
3649 4445 3752 4499 per

469 4506 546 4561 ris
568 4492 659 4585 ille
675 4492 1028 4585 Bulgaroruui
1057 4492 1394 4585 piri‘l'ice‘ps‘ad
1412 4492 1573 4580 fidem
1594 4512 1895 4585 conversus
1917 4492 2051 4585 fu'is-
2092 4530 2136 4585 υ
2164 4492 2545 4585 Ηῳεοιιειὶιιηι
2581 4499 2782 4585 editus.
2824 4501 2891 4580 [Et
2930 4492 3079 4585 illum
3115 4492 3362 4585 errorem
3406 4492 3749 4585 alteroninsi:

468 4585 571 4632 set.
592 4574 747 4643 Quod
765 4567 871 4628 rion
900 4572 995 4643 ita,
1011 4567 1105 4627 sed
1123 4571 1214 4627 illo
1229 4567 1476 4643 fortassis
1494 4576 1822 4643 procurante
1836 4567 2057 4643 modum

468 4638 865 4702 conversionis.
893 4641 1082 4697 Refert
1102 4642 1247 4697 enim
1276 4638 1518 4694 Joannes
1539 4638 1898 4708 CurOpalates
1919 4639 2064 4706 apud

466 4718 763 4773 Baronium
795 4718 944 4786 (nam
978 4729 1149 4785 penes
1175 4727 1262 4786 me
1284 4711 1424 4768 liber
1439 4726 1555 4786 non
1574 4719 1703 4786 est),
1728 4709 1833 4786 hoc
1854 4709 2060 4786 modo‘:

468 4787 740 4860 Principis
767 4780 918 4842 soror
955 4780 1166 4860 captive
1198 4782 1667 4860 Contantinopoli‘n
1707 4780 1958 4860 αιίάέιριᾳ,
1985 4780 2061 4860 fit

472 4849 801 4923 Christiana;
825 4867 873 4912 et
897 4849 1077 4925 postea
1107 4856 1321 4909 domum
1352 4849 1585 4925 reversa,
1614 4851 1772 4925 fratri
1797 4849 2065 4925 Christia-

472 4945 662 4983 norum
683 4919 987 4997 mysterium
1008 4925 1385 4997 commendat,_
1416 4932 1464 4997 et
1501 4919 1635 4997 ﬁdei
1663 4936 1835 4997 semen
1864 4919 2067 4997 infit“

475 5014 564 5051 cor
580 4990 1054 5069 spargitﬂumque
1070 4998 1331 5069 deinceps
1355 4990 1571 5069 Bulgari
1586 4993 1657 5047 ab
1681 4990 1886 5062 ingenti
1921 4991 2063 5047 fame

474 5066 876 5138 premerentur.
916 5072 984 5121 ad
1030 5070 1202 5123 Deum
1252 5066 1835 5138 Cliristianoru_in__per
1868 5077 2062 5138 preces

474 5133 735 5209 princeps
772 5138 1035 5208 confugit,
1071 5139 1233 5207 idque
1257 5133 1890 5209 gentiAsibiusubditae,ut
1916 5134 2063 5188 face-

476 5203 621 5272 rent,
659 5203 908 5278 imperat.
945 5203 1238 5278 impetrato
1260 5203 1491 5268 auxilio,
1523 5206 1593 5278 fit
1614 5203 1977 5278 Christianus.
2008 5212 2063 5278 ct

478 5294 577 5348 per
608 5275 945 5347 episcopum.
995 5275 1066 5333 ob
1117 5280 1172 5334 id
1217 5280 1468 5333 missum.
1520 5276 1850 5348 baptizatur.
1893 5275 2063 5348 Quod

479 5345 604 5403 cum
628 5345 808 5403 Photii
832 5348 1112 5419 auspiciis.
1136 5359 1192 5404 et
1220 5366 1317 5418 per
1334 5349 1454 5416 ejus
1478 5347 1860 5419 auctoritatem
1883 5345 2059 5419 fieret,

481 5429 674 5490 utpote
704 5421 849 5489 quod
882 5418 1027 5474 esSet
1062 5420 1121 5474 Ρ.
1160 5419 1247 5483 0.,
1282 5422 1437 5473 illum
1473 5418 1547 5471 ita
1579 5424 1756 5482 vocat,
1791 5423 1905 5469 tum
1934 5418 2063 5484 γέν-

478 5507 652 5560 νημα,
685 5499 799 5544 tum
827 5490 1070 5559 ἄγαλμα,
1103 5500 1218 5544 tum
1250 5490 1472 5559 θρέμμα
1515 5505 1696 5542 suum.

554 5560 668 5644 (Η)
694 5555 1029 5644 Legendun},
1055 5561 1203 5643 όκτὼ
1230 5555 1322 5613 καὶ
1337 5555 1470 5644 δέκα
1491 5560 1583 5639 καὶ
1611 5557 1932 5640 τριακόσιοι.
1961 5555 2065 5644 Tot

482 5631 653 5696 enim,
702 5631 848 5701 quOd
883 5632 1230 5687 notissimum
1272 5640 1374 5695 est,
1420 5631 1663 5700 episcopi
1690 5639 2065 5684 convenerant

484 5702 538 5757 in
572 5702 805 5758 concilio
824 5702 1067 5757 Nicaeno.

557 5775 667 5842 (12)
692 5773 801 5828 Kal
824 5772 893 5826 δὲ
924 5774 1024 5826 καὶ
1054 5773 1416 5840 Σίλϐεστρος
1439 5771 1549 5837 τῆς
1576 5769 1911 5842 Ῥωμαϊκῆς
1937 5771 2063 5824 Ἐκ-

486 5840 770 5913 κεῑησῖας.
802 5843 933 5901 Vult
952 5843 1246 5900 concilium
1268 5842 1546 5898 Nicaanum
1576 5844 1678 5898 sub
1712 5840 1975 5899 Silvestre
2007 5856 2064 5897 et

2170 4569 2343 4640 gniori
2390 4579 2571 4640 auget.
2597 4570 2687 4639 qui
2722 4569 2936 4624 decimo
2962 4568 3308 4624 Constantini
3339 4586 3484 4624 anno
3515 4570 3751 4625 affirmat

2170 4641 2477 4712 concilium,
2505 4640 2860 4712 celebratum.
2921 4640 3046 4695 Haec
3067 4640 3221 4712 enim
3261 4640 3336 4712 ait
3380 4659 3394 4712 ς
3441 4642 3610 4712 Καὶὴ
3650 4640 3748 4706 μὲν

2168 4710 2362 4782 πρώτη
2418 4710 2634 4774 σύνοδος
2668 4712 2892 4779 γέγονεν
2948 4713 3005 4765 ὲν
3033 4710 3238 4782 Νικαίᾳ
3270 4710 3347 4780 τῷ
3377 4710 3606 4782 δεκάτῳ
3638 4712 3749 4764 ἔτει

2167 4786 2267 4852 τῆς
2300 4780 2576 4848 βασιλείας
2607 4783 3021 4836 Κωνσταντίνου
3050 4780 3145 4834 τοῦ
3183 4780 3422 4850 μεγάλου
3458 4780 3747 4850 βασιλέως,

2168 4851 2231 4915 ὃς
2261 4852 2611 4923 ἐϐασίλευσεν
2644 4851 2738 4922 ἔτη
2769 4854 2875 4923 λη’.
2907 4852 3061 4918 Quod
3083 4861 3381 4923 utrumque
3411 4852 3609 4906 falsum
3639 4861 3745 4923 est.

2169 4925 2413 4993 ὑπῆρχον
2447 4922 2505 4974 δὲ
2532 4920 2770 4992 πατέρες
2791 4920 2856 4978 τί.
2896 4929 2947 4979 ι’.
2973 4928 3044 4992 η’.
3076 4920 3629 4993 δγῐιοᾱόρτὶιιςίρθηὶ
3671 4922 3753 4976 lo-

2167 5009 2292 5049 cum
2324 4992 2651 5049 '0btinuiss'e
2700 4994 2776 5047 ibi
2823 4993 3083 5048 dicuntur
3135 4993 3401 5048 Silvester
3443 4992 3750 5054 Romanus,

2167 5066 2477 5135 Alexander
2497 5064 3161 5135 Constantinopolitanus.
3184 5064 3754 5135 Alexander_§lexan-

2168 5138 2319 5198 driaa,
2374 5134 2688 5188 Eustathius
2734 5133 3057 5195 Antiochiae,
3103 5144 3157 5188 et
3192 5135 3456 5189 Macarius
3489 5133 3756 5188 Hieroso-

2167 5208 2482 5276 lymitanus.
2542 5205 2784 5275 episcopi
2842 5223 2855 5259 ε
2910 5206 3205 5267 Sozomen,
3259 5205 3355 5259 lib.
3399 5221 3437 5270 ι,
3484 5220 3606 5274 cap.
3656 5204 3751 5276 16,

2165 5274 2367 5333 Iulium
2437 5274 2696 5347 suggerit.
2736 5274 2900 5341 Quod
2947 5286 3003 5330 et
3039 5276 3450 5347 ipsumdfalsum
3491 5286 3598 5347 est.
3655 5274 3754 5327 lbi-

2170 5352 2316 5410 dem,
2363 5345 2567 5400 Βίτωνα
2596 5349 2689 5399 καὶ
2719 5348 3017 5401 Βικέντιον.
3051 5346 3175 5402 Vult
3207 5345 3388 5400 V'ituln
3426 5353 3483 5399 et
3512 5345 3753 5399 Vincen-

2169 5422 2303 5475 tium
2353 5437 2368 5473 :
2413 5419 2510 5472 sed
2542 5418 2715 5473 Graeci
2750 5419 2906 5472 facile
2934 5433 3120 5472 errare
3148 5417 3327 5472 solent
3355 5417 3407 5470 in
3435 5416 3753 5469 nominibus

2172 5492 2398 5546 Latinis.
2452 5490 2611 5559 Apud
2652 5492 2867 5546 Sozam.
2917 5488 3169 5559 legimus,
3212 5487 3427 5549 Ἰούλιος
3457 5486 3516 5538 δὲ
3542 5489 3571 5538 ὁ
3611 5486 3749 5559 ξΡω-

2172 5563 2351 5632 μαίων
2376 5557 2701 5632 ἐπίσκοπος,
2729 5557 3019 5632 διάίγῇρας
3039 5561 3470 5632 ἁπελιμιτάνετο,
3494 5557 3756 5632 παρῆσαν

2166 5627 2225 5688 δὲ
2263 5633 2377 5687 ἀντ’
2412 5629 2579 5685 αὑτοῦ
2616 5627 2860 5684 Βιτωτῶί
2886 5627 3185 5692 Βικέντιος,
3209 5627 3314 5695 τῆς
3339 5628 3511 5692 αὐτῆς
3550 5627 3752 5695 ἐκκλη-

2169 5706 2290 5767 σίας
2311 5701 2692 5773 πρεσϐύτεροι.
2729 5701 2918 5774 lnepta
2965 5700 3129 5756 lectio
3158 5709 3245 5756 est
3276 5697 3532 5762 Βιτωτῶ;
3564 5695 3750 5769 legen-

2168 5777 2298 5831 dum
2324 5775 2581 5831 Βίτωντε.
