3964 6502
307 426 419 489 633

1471 421 2010 482 EPISTOLARUM
2051 423 2286 484 LIBER
2317 425 2368 484 I.

3469 431 3572 496 634

306 542 410 594 καὶ
437 537 532 592 τοῦ
561 533 944 608 ἀρχιερατικοῦ
966 533 1158 604 θρόνου
1213 533 1448 600 κατέστη
1479 532 1744 602 διάδοχος.
1778 534 1870 585 Να“

1993 545 2175 588 autem
2231 536 2286 589 in
2339 535 2790 605 archiepiscopali
2851 539 3054 594 throno
3101 555 3399 596 successor.
3455 541 3571 598 Una

302 633 374 704 δὴ
409 633 504 685 καὶ
528 632 557 684 6
584 629 796 692 κλεινὸς
844 627 1140 688 Εὐστάθιος
1174 627 1494 696 συμπαρῆν,
1533 626 1632 694 τῆς
1680 627 1886 678 Ἀντιο-

303 726 452 796 χέων
513 722 810 792 ἐκκλησίας
871 720 932 772 τὸ
991 717 1464 786 ἐγκαλλώπισμα,
1521 716 1727 780 πίσεως
1789 719 1888 787 μὲν

301 817 707 885 ἐναστράπτων
749 811 1104 881 καθαρότητι,
1143 809 1317 876 λόγων
1344 808 1402 860 δὲ
1451 809 1545 862 καὶ
1599 807 1888 876 νοημάτων

304 907 643 978 σωφροσύνῃ
686 904 1115 974 θαυμαζόμενος.
1152 901 1282 954 Μεθ’
1336 895 1412 954 ὧν
1461 901 1557 953 καὶ
1583 903 1611 953 ό
1652 901 1886 970 Ἰεροσο-

300 1000 498 1070 λύμων
546 999 869 1066 Μακάριος,
907 995 1128 1057 πολλαῖς
1179 993 1344 1056 ἰδέαις
1393 993 1604 1062 ἀρετῶν
1660 993 1888 1046 ἐνευθυο-

299 1092 569 1162 νούμενος
590 1107 603 1119 ·
633 1090 781 1144 ἄλλοι
806 1106 865 1140 τε
896 1087 1136 1140 πλεῖστοι
1168 1085 1548 1146 ἀποστολικοῖς
1580 1085 1884 1155 χαρίσμασι

299 1185 404 1236 καὶ
445 1183 800 1253 μαρτυρικοίς
837 1179 1126 1250 παθήμασι
1181 1177 1596 1246 διαλάμποντες.
1635 1171 1738 1229 Ὧν
1777 1178 1892 1230 Πα-

297 1277 579 1346 ιρνούτιος,
611 1274 704 1326 καὶ
725 1272 1052 1342 Σπυριδίων,
1096 1271 1348 1360 ’ξάκωϐός
1378 1287 1456 1334 τε,
1489 1269 1586 1322 καὶ
1605 1270 1884 1337 Μάξιμος,

297 1366 515 1434 ἀγαθοῦ
547 1367 643 1418 καὶ
671 1364 978 1433 θαυμασίου
1008 1364 1352 1433 συστήματος
1386 1361 1580 1428 ἀγαθοὶ
1625 1361 1720 1413 καὶ
1748 1360 1885 1412 θαυ-

299 1460 497 1528 μάσιοι
555 1455 936 1526 πρωτοστάται
991 1453 1371 1525 ὲγνωρίζοντο.
1442 1454 1557 1520 Ἐφ’
1610 1448 1692 1515 οἷς
1739 1453 1886 1506 ἄπα-

297 1567 409 1614 σιν,
439 1550 535 1602 καὶ
567 1551 594 1602 ό
617 1549 790 1619 μέγας
823 1548 916 1600 καὶ
947 1548 1274 1613 ἁξιάγαστος
1319 1546 1749 1609 Κωνσταντῐνος,
1784 1545 1883 1612 τῆς

308 1640 630 1711 Ῥωμαῖκῆς
685 1641 858 1710 ἀρχῆς
917 1638 1110 1690 ἰθύνων
1168 1639 1237 1690 τὰ
1289 1637 1564 1706 σκῆπτρα,
1599 1637 1881 1706 διέπρεπε,

291 1736 400 1804 τήν
439 1751 498 1786 τε
527 1732 743 1785 σύνοδον
766 1731 1052 1802 ἀθροίζων,
1087 1730 1181 1784 καὶ
1216 1730 1602 1800 λαμπροτέραν
1632 1732 1697 1800 τῇ
1739 1747 1883 1799 παρ-

292 1828 470 1898 φυσίᾳ
501 1825 968 1896 ἀπεργαζόμενος.

1993 641 2210 694 quoque
2258 627 2450 682 aderat
2490 639 2544 682 et
2579 629 2806 682 illustris
2864 630 2954 684 ille
3006 632 3345 694 Eustathius,
3403 633 3572 690 decus

1993 716 2346 771 Antiochena:
2392 717 2646 772 Ecclesiae
2695 720 2987 790 singulare,
3043 724 3136 791 qui
3171 734 3397 793 propter
3443 723 3572 779 ﬁdei

1993 808 2285 878 puritatem
2347 809 2582 865 celebris
2629 813 2960 878 habebatur,
3025 827 3248 884 prapter
3307 817 3570 870 orationis

1994 909 2047 954 et
2113 901 2306 968 judicii
2361 903 2660 956 castitatem
2723 914 2842 959 erat
2891 908 3146 962 omnibus
3199 909 3566 962 admirationi.

1992 988 2128 1044 Cum
2143 990 2247 1044 illis
2263 991 2450 1046 aderat
2469 1001 2523 1046 et
2541 993 2808 1050 Macarius
2831 996 3356 1067 Hierosolymitanus
3379 998 3570 1052 multis

1992 1084 2252 1137 virtutum
2283 1086 2576 1154 generibus
2610 1097 2762 1142 recte
2786 1090 3179 1145 conformatus.
3230 1091 3338 1145 Sed
3390 1101 3444 1146 et
3476 1092 3566 1145 alii

1991 1172 2060 1226 ab
2087 1171 2205 1228 istis
2231 1175 2408 1237 multi,
2435 1176 2594 1230 donis
2623 1180 2937 1246 apostolicis
2957 1190 3012 1234 et
3035 1191 3330 1252 martyrum
3359 1182 3571 1250 passio-

1991 1263 2151 1318 nibus
2193 1265 2470 1333 conspicui
2511 1283 2522 1318 :
2557 1267 2701 1320 inter
2736 1284 2872 1336 quos
2900 1271 3269 1324 censebantur
3307 1271 3566 1338 Paphnu-

1989 1359 2120 1421 tius,
2144 1366 2196 1412 et
2225 1359 2532 1428 Spyridion,
2562 1358 2822 1426 Jacobus,
2861 1371 2914 1416 et
2955 1361 3222 1417 Maximus
3245 1402 3260 1427 ,
3293 1364 3383 1433 qui
3425 1379 3568 1432 pra:-

1988 1450 2182 1504 stantis
2231 1450 2375 1505 illius
2434 1460 2490 1506 et
2553 1453 2858 1508 admirandi
2925 1467 3232 1511 conventus
3319 1456 3564 1526 praaclari

1985 1543 2206 1612 quidam
2235 1551 2288 1597 et
2329 1543 2632 1598 admirandi
2673 1545 2930 1600 ductores
2975 1557 3031 1600 et
3077 1547 3354 1617 principes
3394 1561 3568 1618 agno—

1987 1635 2293 1691 scebantur.
2325 1637 2461 1690 Cum
2498 1637 2617 1692 istis
2643 1653 2805 1706 porro
2833 1641 3088 1694 omnibus
3125 1656 3352 1712 magnus
3384 1642 3474 1696 ille
3511 1650 3568 1694 et

1987 1726 2185 1780 merito
2210 1727 2406 1797 dignus
2447 1729 2809 1786 admiratione
2851 1730 3266 1798 Constantinus,
3313 1733 3404 1802 qui
3450 1742 3564 1786 tum

1985 1817 2215 1872 Romani
2273 1819 2484 1889 imperii
2549 1831 2764 1891 sceptra
2823 1823 3246 1889 moderabatur,
3320 1839 3566 1893 praesens

292 1919 593 1974 eminebat.
629 1917 718 1972 ille
750 1930 930 1978 autem
956 1926 1009 1972 et
1031 1917 1298 1988 synodum
1341 1916 1486 1969 illam
1528 1925 1872 1980 convocarat,
1914 1923 1970 1968 ct
1990 1929 2086 1968 sua
2143 1915 2314 1983 ipsius
2344 1915 2653 1984 prmsentia,
2699 1925 2758 1970 ut
2790 1916 3110 1972 honoratior
3149 1927 3314 1980 esset,
3358 1917 3560 1972 ell'ecit.

369 2019 440 2081 η’.
491 2011 630 2064 Ἀλλ’
675 2011 740 2063 ἐκ
772 2010 1042 2064 τοσούτων
1095 2011 1192 2079 μὲν
1237 2011 1332 2062 καὶ
1382 2009 1690 2062 τοιούτωνό
1737 2009 1870 2078 ἱερὸς

2055 2008 2108 2064 8.
2147 2007 2189 2060 Ε
2224 2018 2304 2062 tot
2337 2009 2503 2080 igitur
2549 2019 2604 2064 et
2643 2019 2750 2064 tam
2796 2011 3026 2081 egregiis
3075 2011 3208 2066 viris
3271 2027 3424 2065 sacra
3473 2012 3564 2065 illa

289 2105 507 2166 ἐκεῖνος
560 2103 846 2154 συνίστατο
889 2100 1168 2169 σύλλογος.
1202 2101 1424 2170 ’Ἄρειόν
1451 2117 1576 2152 τινα
1613 2116 1878 2168 νεωτερο-

290 2198 453 2251 ποιδν
515 2195 835 2257 δυσσεϐείας
919 2194 1073 2256 δίκας
1143 2194 1620 2263 εἰςπραττόμενος,
1674 2192 1768 2244 καὶ
1821 2191 1880 2242 τὸ

289 2289 655 2344 ἀποστολικὺν
681 2289 776 2341 καὶ
808 2287 950 2340 θεῖον
976 2285 1338 2354 κρατύνοντες
1365 2285 1650 2354 κήρυγμα.
1687 2279 1798 2335 Ἦν
1829 2282 1877 2334 δ’

289 2380 453 2446 οὗτος
503 2382 532 2433 ὁ
563 2379 796 2441 δείλαιος
833 2378 1008 2432 ἕλκων
1051 2378 1148 2446 μὲν
1192 2376 1254 2428 τὸ
1304 2376 1461 2444 γένος
1501 2377 1564 2426 ἐκ
1595 2375 1691 2442 τῆς
1733 2373 1880 2426 Ἀλε-

291 2471 548 2540 ξάνδρου,
579 2473 659 2532 εἰς
689 2469 890 2537 κλῆρον
925 2469 983 2521 δὲ
1035 2466 1358 2534 καταλεγεὶς
1400 2467 1498 2535 τῆς
1537 2467 1718 2518 ἐκεῖσε
1759 2464 1881 2516 Ἐκ-

291 2563 572 2632 κλησίας,
617 2561 712 2614 κοιλ⁵
763 2561 842 2622 είς
889 2558 1262 2628 πρεσϐυτέρου
1323 2556 1530 2626 βαθμὸν
1586 2555 1829 2607 ἀνελθὼν
1859 2595 1875 2620 ,

289 2655 562 2724 πρότερον
595 2653 692 2722 μὲν
715 2653 853 2704 κατά
885 2649 980 2702 τοῦ
1023 2651 1154 2703 ἰδίου
1216 2649 1476 2720 ποιμένος
1525 2649 1878 2718 ὑπερήφανον

287 2745 525 2800 ἀνέλαϐε
555 2745 832 2815 φρόνημα,
865 2742 1074 2794 ἐκεῖθεν
1112 2742 1170 2794 δὲ
1212 2741 1356 2795 κατὰ
1396 2741 1492 2794 τοῦ
1541 2740 1722 2794 κοινοῦ
1760 2758 1881 2794 ποι-

289 2839 456 2908 μένος
508 2838 603 2890 καὶ
643 2838 914 2888 Δεσπότου
973 2834 1263 2904 παρέτεινε
1303 2833 1402 2903 τὴν
1437 2833 1698 2886 ἀπόνοιαν
1730 2849 1743 2862 ·
1787 2833 1878 2884 τὸν

283 2931 397 2998 γὰρ
447 2926 576 2980 Υἰὸν
620 2927 716 2980 καὶ¹
763 2925 937 2993 Λόγον
981 2924 1076 2975 τοῦ
1114 2923 1247 2976 Θεοῦ
1309 2917 1399 2990 (ὦ
1449 2923 1552 2992 τῆς
1594 2923 1877 2993 τολμηρᾶς

280 3021 505 3088 ἐκείνης
537 3019 634 3071 καὶ
667 3017 914 3086 γλώττης
953 3015 1050 3068 καὶ
1078 3015 1316 3078 διανοίας
1342 3017 1355 3068 !
1377 3016 1394 3086 )
1417 3017 1496 3079 είς
1523 3016 1732 3084 κτίσμα
1775 3015 1870 3070 καὶ

283 3109 504 3178 ποίημα
556 3106 935 3170 κατεϐίϐαζεν,
989 3106 1111 3158 οὐδὲ
1166 3105 1324 3158 τοῦτο
1370 3107 1603 3160 συνιδεῖν
1649 3105 1872 3174 ἐθέλων,

279 3203 467 3255 κοινὸν
499 3201 743 3270 ὑπάρχον
787 3202 924 3253 πᾶσι
972 3201 1066 3251 καὶ
1099 3199 1480 3252 αὐτοδίδακτον
1527 3200 1871 3270 ὁμολόγημα,

279 3294 359 3356 ὡς
391 3292 539 3354 ἄπας
569 3291 698 3354 Υἱὸς
730 3291 830 3360 τῆς
862 3290 1032 3359 αὐτῆς
1060 3292 1176 3343 ἐστι
1205 3289 1284 3359 τῷ
1304 3292 1660 3361 γεγεννηκότι
1683 3292 1874 3353 οὐσίας

279 3387 382 3438 καὶ
427 3384 642 3452 φύσεως
677 3398 692 3413 ⁸
725 3382 821 3436 καὶ
856 3383 884 3434 ὁ
927 3383 1018 3436 τὸν
1069 3383 1193 3436 Υἰδν
1236 3383 1447 3436 τάττων
1493 3387 1552 3436 ὲν
1579 3386 1864 3455 κτίσμασι,
1895 3368 1936 3424 C

275 3479 380 3531 καὶ
431 3477 524 3530 τὸν
555 3477 774 3547 Πατέρα
803 3475 1011 3545 κτίσμα
1049 3476 1524 3546 προανηγόρευσεν
1556 3492 1570 3505 ’
1603 3476 1792 3546 ὥσπερ
1841 3480 1869 3530 ό

272 3570 375 3624 τὸν
403 3569 625 3640 Πατέρα
655 3569 1057 3640 δημιουργικῆς
1100 3567 1288 3632 οὐσίας
1321 3571 1415 3622 καὶ
1446 3569 1621 3622 ἀϊδίου
1654 3570 1868 3638 φύσεως

273 3659 463 3726 εέδὼς,
499 3662 597 3730 τῆς
620 3661 792 3725 αὐτῆς
829 3657 970 3714 εἶναι
1006 3661 1101 3714 καὶ
1139 3660 1231 3714 τὸν
1263 3661 1393 3715 Υἰὸν
1435 3663 1870 3733 συνανομολογή-

277 3771 452 3809 σειεν.
479 3753 590 3808 Ποῦ
621 3754 665 3808 δ’
689 3753 755 3807 ἂν
789 3753 876 3824 εἴη
907 3753 968 3805 τὸ
1004 3755 1230 3824 γνήσιον
1267 3754 1365 3824 τῆς
1403 3755 1671 3826 υίότητος,
1700 3754 1870 3824 ἄλλης

281 3848 386 3917 μὲν
409 3847 600 3910 οὐσίας
648 3845 742 3900 τοῦ
779 3847 1014 3916 Πατρὸς,
1043 3847 1236 3918 ἑτέρας
1265 3847 1322 3901 δὲ
1365 3847 1460 3902 τοῦ
1496 3848 1624 3902 Υίοῦ
1658 3866 1870 3918 χρημα-

276 3939 562 4004 τίζοντος;
599 3939 722 4001 Πῶς
755 3938 798 3990 δ’
842 3940 903 3992 οὐ
932 3939 1031 4007 τῆς
1077 3939 1395 4009 Ἑλληνικῆς
1424 3940 1631 4010 πλάνης
1660 3938 1867 3994 ἀνακύ-

279 4033 372 4102 ψει
405 4033 470 4084 τὺ
489 4032 772 4096 πολύθεον,
806 4034 886 4096 εἰς
919 4034 1129 4086 ἐλάττω
1171 4033 1268 4086 καὶ
1300 4034 1474 4103 μείζω
1500 4033 1692 4086 οὐσίαν
1733 4051 1868 4102 τεμ-

275 4123 516 4194 νομένης
552 4126 652 4194 τῆς
682 4124 955 4193 Θεότητος,
983 4124 1078 4177 καὶ
1110 4124 1209 4194 τῆς
1249 4124 1348 4188 μὲν
1393 4127 1472 4186 εἰς
1505 4125 1721 4194 πρῶτον
1770 4123 1866 4178 καὶ

269 4214 612 4286 δημιουργὸν
660 4214 756 4268 καὶ
804 4213 1179 4285 πρεσϐύτερον
1230 4214 1362 4268 Θεὸν
1427 4212 1861 4285 ἀφοριζομένης,

269 4306 382 4376 τῆς
415 4306 474 4359 δὲ
511 4309 591 4368 εἰς
619 4304 872 4376 δεύτερον
917 4305 1049 4358 Θεὸν
1073 4306 1491 4376 διακρινομένης
1539 4307 1629 4358 καὶ
1660 4307 1867 4376 ὑπουρ-

271 4400 378 4466 γὸν
420 4399 516 4452 καὶ
559 4402 854 4469 νεώτερον;
881 4399 1053 4452 ταῦτα
1091 4399 1199 4469 γὰρ
1225 4399 1324 4466 τῆς
1371 4399 1466 4451 τοῦ
1507 4399 1720 4469 Ἀρείου
1762 4417 1864 4452 πο-

271 4493 453 4560 νηρᾶς
483 4493 690 4561 σπορᾶς
733 4493 800 4544 τὰ
829 4493 1164 4561 γεννήματα.
1207 4491 1369 4544 Ἀλλά
1421 4491 1611 4543 τοῦτον
1645 4492 1764 4560 μὲν,
1789 4491 1865 4555 ὡς

271 4580 432 4650 χείλη
471 4579 769 4650 βλάσφημα
790 4581 929 4634 κατὰ
954 4581 1046 4634 τοῦ
1079 4581 1444 4650 πεποιηκότος
1472 4581 1859 4651 ὁπλισάμενον,

267 4673 377 4741 τῆς
413 4671 713 4743 ἱερωσύνης
737 4674 766 4724 ὁ
798 4673 942 4740 ἱερὸς
975 4671 1374 4742 ἀπεγύμνωσεν
1399 4672 1586 4740 ὅμιλος
1619 4688 1634 4701 ·
1665 4673 1766 4741 τὴν
1801 4671 1860 4724 δὲ

267 4764 712 4836 δυσσεϐεστάτην
747 4765 842 4817 καὶ
874 4764 1142 4835 θεομάχον
1176 4764 1339 4817 αὐτοῦ
1368 4765 1582 4834 αἵρεσιν
1617 4763 1694 4834 τῷ
1727 4765 1858 4817 ἀνα-

269 4857 476 4928 θέματι
508 4857 888 4911 καθυπέϐαλεν
909 4871 924 4886 ·
951 4857 1236 4927 όμοούσιον
1265 4858 1342 4921 δὲ,
1377 4859 1469 4910 καὶ
1494 4857 1732 4926 ὁμοφυῆ,
1765 4859 1860 4910 καὶ

271 4950 548 5004 συναῒδιον
567 4949 658 5004 τὸν
685 4950 812 5002 Υίὸν
828 4949 920 5002 καὶ
939 4950 1107 5018 Λόγον
1133 4949 1228 5001 τοῦ
1255 4949 1391 5002 Θεοῦ
1406 4949 1481 5018 τῷ
1500 4950 1856 5020 γεγεννηκότι

266 5043 589 5113 Πατρὶ,κα“ι
625 5043 724 5113 τῆς
759 5041 925 5114 αὐτῆς
975 5043 1226 5108 ἐξουσίας
1273 5045 1369 5097 καὶ
1406 5045 1746 5117 κυριότητος,
1782 5044 1859 5108 ὡς

263 5137 319 5190 οί
365 5135 501 5189 θεῖοι
557 5137 819 5207 χρησμοὶ,
873 5135 1114 5189 καὶτῶν
1166 5137 1535 5190 εὐσεϐούντων
1584 5139 1652 5192 τὰ
1701 5141 1858 5190 κοινὰ

264 5225 544 5295 δόγματα,
568 5225 1018 5296 ἱερολογήσαντες
1047 5225 1414 5298 διετράνωσαν
1447 5243 1460 5256 ·
1499 5229 1682 5292 καλῶς
1713 5229 1851 5282 είδό-

263 5335 381 5382 τες,
409 5319 491 5371 ὅτι
534 5317 722 5388 ὥσπερ
755 5319 817 5371 τὸ
854 5319 932 5380 είς
965 5318 1024 5370 ἒν
1064 5319 1368 5387 συγκλείειν
1409 5323 1702 5390 πρόσωπον
1753 5322 1854 5392 τὴν

263 5409 554 5481 τριαδικὴν
591 5410 892 5481 μοναρχίαν
931 5411 1024 5464 καὶ
1059 5411 1360 5483 κυριότητα
1430 5413 1686 5466 Ἰουδῖκόν
1735 5417 1852 5467 ἐστι

263 5503 363 5555 καὶ
385 5502 752 5573 μισόχριστον,
777 5501 920 5556 οὕτω
948 5505 1042 5556 καὶ
1071 5505 1132 5556 τὸ
1150 5505 1511 5575 κατατέμνειν
1535 5509 1616 5570 είς
1634 5507 1853 5571 ἀνίσους

265 5597 466 5666 φύσεις
494 5597 587 5649 καὶ
635 5595 923 5665 ἀνομοίους
956 5596 1144 5660 οὐσίας
1200 5597 1301 5667 τὴν
1363 5599 1690 5668 ὑπερούσιον
1755 5600 1849 5654 καὶ

261 5689 526 5760 ὑπερτρυῆ
565 5687 658 5740 καὶ
714 5689 921 5741 ἑνιαίαν
967 5689 1198 5760 θεότητα
1245 5689 1557 5760 Ἑλληνικὸν
1611 5692 1846 5763 ὑπάρχει

263 5781 362 5832 καὶ
386 5779 668 5833 πολύθεον.
717 5779 857 5831 Ἀλλ’
891 5783 949 5832 ὲν
974 5779 1184 5844 τούτοις
1217 5781 1314 5852 μὲν
1336 5785 1368 5854 ή
1392 5785 1520 5854 ἁγία
1547 5783 1642 5838 καὶ
1673 5784 1850 5836 οἰκον-

265 5868 467 5938 μενικὴ
497 5865 684 5940 πρώτη
718 5867 960 5932 Σύνοδος.

1891 4733 1938 4788 D

1983 2099 2222 2168 synodus
2245 2113 2368 2152 cum
2399 2109 2694 2160 constaret.
2727 2102 2794 2154 ab
2823 2103 2954 2155 Ario
2993 2103 3228 2171 quodam
3277 2103 3444 2156 rebus
3475 2103 3563 2156 in-

1981 2192 2248 2246 novandis
2263 2191 2448 2246 dedito
2474 2207 2661 2260 poenas
2687 2194 2956 2250 haeretica:
2979 2195 3264 2262 pravitatis
3287 2194 3559 2263 exigebat;

1980 2283 2334 2352 apostolicam
2375 2299 2439 2338 ac
2466 2285 2708 2340 divinam
2743 2295 2857 2340 tum
2891 2287 3184 2340 retinendo
3217 2295 3328 2340 tum
3361 2287 3562 2340 cunlir-

1981 2376 2182 2430 mando
2209 2377 2534 2432 doctrinam.
2569 2376 2696 2433 Erat
2723 2389 2902 2434 autem
2927 2380 3096 2434 miser
3117 2380 3204 2432 ille
3237 2379 3563 2434 maledictus

1945 2521 1950 2526 ,
1979 2464 2141 2520 Arius
2169 2467 2572 2524 Alexandrinus
2597 2481 2719 2524 ortu
2755 2489 2768 2524 :
2801 2471 2892 2540 qui
2941 2485 3066 2525 cum
3095 2471 3152 2524 in
3183 2471 3386 2524 clerum
3415 2471 3564 2525 illius

1979 2557 2238 2612 Ecclesiae
2267 2557 2460 2612 luisset
2482 2570 2786 2630 coaptatus,
2819 2572 2874 2614 et
2897 2561 2964 2614 ad
2997 2561 3299 2631 presbyteri
3332 2563 3562 2632 gradum

1980 2648 2335 2714 ascendisset,
2367 2649 2600 2718 primum
2627 2651 2949 2704 insolentius
2971 2666 3030 2704 se
3060 2661 3248 2705 contra
3275 2652 3560 2721 proprium

1981 2752 2138 2791 suum
2171 2747 2442 2808 pastorem
2495 2740 2786 2806 cll'erebat;
2823 2749 2886 2794 ut
2931 2741 3005 2795 ita
3047 2741 3311 2810 deinceps
3359 2741 3560 2796 fastum

1980 2845 2138 2883 suum
2169 2838 2224 2884 et
2255 2829 2522 2884 insaniam
2554 2831 2620 2884 ad
2651 2846 3004 2886 communem
3042 2843 3316 2903 pastorem
3359 2842 3414 2886 et
3449 2833 3564 2886 Do-

1979 2928 2186 2978 minum
2213 2940 2376 2995 porro
2407 2927 2763 2995 protenderet
2787 2946 2800 2981 :
2837 2926 3034 2982 Filium
3067 2943 3308 2998 namque
3337 2945 3400 2983 ac
3425 2925 3564 2983 Ver—

1977 3014 2106 3070 bum
2137 3016 2232 3072 Dei
2262 3019 2315 3088 (ο
2341 3019 2760 3074 audacissima":
2802 3028 2918 3074 tum
2957 3021 3199 3091 linguam
3237 3031 3351 3076 tum
3395 3023 3561 3076 etiam

1977 3111 2288 3178 mentem!)
2333 3111 2400 3164 ad
2449 3119 2823 3166 creaturarum
2856 3127 3030 3182 usque
3053 3122 3105 3167 ct
3138 3129 3318 3166 rerum
3357 3114 3560 3182 produ-

1977 3209 2184 3254 ctarum
2237 3211 2436 3255 statum
2495 3210 2550 3256 et
2598 3204 2972 3258 conditionem
3024 3203 3336 3274 dejiciebat.
3381 3207 3461 3260 Ac
3491 3221 3560 3259 ne

1977 3291 2109 3348 illud
2139 3293 2378 3362 quidem,
2415 3295 2561 3364 quod
2591 3305 2769 3350 tamen
2801 3311 2995 3350 omnes
3023 3312 3119 3366 per
3144 3311 3203 3351 se
3250 3296 3562 3368 intelligunt

1973 3393 2026 3438 et
2045 3387 2410 3440 communiter
2439 3387 2490 3440 in
2523 3387 2777 3442 confesso
2819 3397 3032 3456 ponunt
3056 3428 3071 3452 ,
3106 3388 3322 3447 volebat
3347 3389 3558 3450 videre,

1973 3477 2406 3546 quodnimirum
2431 3478 2662 3547 quilibet
2683 3477 2829 3532 ﬁlius
2855 3477 3099 3546 ejusdem
3125 3477 3198 3532 sit
3219 3478 3472 3532 essentia:
3497 3493 3561 3531 ac

1971 3577 2182 3623 naturae
2223 3583 2347 3622 cum
2395 3585 2494 3624 suo
2545 3569 2824 3640 genitore;
2875 3578 2931 3623 et
2961 3569 3106 3639 quod
3153 3568 3201 3622 is
3245 3568 3339 3637 qui
3387 3568 3556 3622 ﬁlium

1971 3662 2114 3716 inter
2141 3669 2416 3716 creaturas
2443 3662 2696 3724 collocat,
2729 3670 2946 3731 patrem
2986 3676 3052 3715 eo
3081 3660 3200 3729 ipso
3232 3675 3472 3729 quoque,
3504 3673 3560 3715 et

1970 3755 2188 3823 quidem
2221 3754 2396 3823 prius,
2427 3765 2736 3810 creaturam
2771 3762 3012 3810 statuat:
3047 3753 3122 3807 uti
3146 3761 3202 3807 et
3245 3751 3290 3806 is
3326 3753 3418 3820 qui
3453 3752 3559 3806 Pa-

1971 3855 2110 3902 trem
2136 3849 2373 3903 essentia
2393 3847 2670 3904 (Zreatoris
2695 3848 2986 3918 praeditum
3031 3863 3154 3902 esse
3197 3846 3473 3917 intelligit,
3504 3856 3558 3900 et

1969 3950 2166 3996 natura
2193 3949 2418 4004 aeterna,
2447 3957 2556 3994 una
2588 3943 2753 3996 simul
2781 3951 2836 3996 et
2863 3943 3054 3996 eadem
3079 3957 3242 4011 opera
3278 3949 3334 3994 et
3357 3939 3554 3993 Filium

1969 4033 2215 4102 ejusdem
2268 4043 2477 4088 naturaa
2507 4049 2572 4088 ac
2615 4035 2867 4088 essentia;
2911 4049 3035 4090 esse
3087 4033 3398 4088 conﬁtetur.
3455 4031 3556 4086 Ubi

1969 4133 2150 4178 autem
2181 4125 2286 4179 erit
2307 4125 2586 4180 ﬁlialitatis
2622 4128 2702 4194 (ut
2729 4127 2809 4180 sic
2837 4126 3051 4196 loquar)
3075 4126 3299 4192 veritas,
3325 4124 3368 4179 si
3396 4125 3562 4179 unius

1968 4218 2222 4272 essentiae
2251 4219 2481 4272 exsistat
2515 4227 2688 4286 pater,
2715 4219 2944 4272 alterius
2988 4227 3168 4272 autem
3200 4217 3412 4272 dicatur
3437 4231 3558 4270 esse

1967 4305 2268 4360 ﬁliusto
2311 4317 2526 4370 autem,
2576 4309 2852 4376 quomodo
2888 4324 2998 4362 non
3059 4308 3304 4378 paganici
3354 4307 3558 4363 erroris

1967 4398 2301 4462 illadeorum
2334 4399 2709 4469 multiplicitas
2769 4415 2892 4454 sese
2942 4410 3176 4465 exseret,
3224 4401 3271 4454 si
3317 4401 3368 4454 in
3421 4399 3556 4454 sub-

1966 4491 2220 4544 Stantiam
2261 4491 2526 4558 majorem
2576 4503 2631 4546 et
2665 4491 2934 4545 minorem
2971 4491 3238 4546 Divinitas
3273 4489 3551 4546 discinda-

1969 4588 2096 4633 tur:
2131 4589 2296 4649 atque
2326 4581 2416 4634 illa
2449 4582 2564 4650 ipsa
2598 4597 2814 4650 quoque
2842 4581 2895 4634 in
2926 4581 3187 4650 primum,
3221 4587 3554 4644 creatorem,

1967 4680 2023 4724 et
2053 4671 2324 4726 seniorem
2357 4671 2526 4724 Deum
2561 4672 2946 4741 dispertiatur;
2997 4687 3212 4726 necnon
3270 4671 3322 4723 in
3355 4685 3554 4724 secun-

1966 4761 2118 4826 dum,
2165 4759 2220 4814 in
2243 4762 2598 4817 substitutum
2627 4772 2682 4816 ct
2703 4763 2975 4832 juniorem
2997 4762 3166 4815 Deum
3188 4761 3558 4831 disderpatur?

1968 4853 2096 4908 Haec
2111 4863 2239 4908 sunt
2267 4855 2412 4909 enim
2447 4853 2595 4923 impii
2625 4853 2771 4908 illius
2792 4853 2979 4908 Ariani
3000 4853 3226 4907 seminis
3254 4853 3550 4923 genimina.

1969 4945 2259 5000 Hominem
2289 4957 2472 5000 autem
2521 4947 2724 5009 istum,
2763 4955 2952 5015 utpote
2995 4954 3186 4999 contra
3234 4945 3552 5000 Creatorem

1967 5055 2126 5094 suum
2157 5040 2298 5094 labia
2326 5039 2646 5110 blasphema
2673 5047 2977 5094 armantem
3029 5053 3160 5102 sua,
3195 5047 3417 5094 sanctus
3463 5039 3556 5093 ille

1967 5143 2142 5189 cretus
2189 5134 2428 5204 privavit
2468 5131 3067 5201 sacerilotiozimpiam
3115 5147 3280 5202 porro
3327 5141 3382 5186 et
3441 5131 3554 5186 Dec

1961 5227 2163 5280 bellum
2204 5225 2531 5281 inferentem
2587 5225 2840 5280 haeresim
2906 5223 3242 5280 anathemati
3295 5225 3550 5294 subjecit.

1961 5315 2220 5386 Ejusdem
2255 5327 2436 5371 autem
2470 5318 2790 5372 substantiae
2833 5318 3120 5380 exsistere,
3155 5327 3368 5372 natura:
3403 5317 3552 5385 ejus-

1962 5411 2084 5464 dem
2125 5411 2272 5466 velut
2295 5419 2630 5466 coanernum
2655 5453 2670 5477 ,
2717 5411 2916 5466 Filium
2960 5421 3124 5482 atque
3151 5410 3388 5466 Verbum
3433 5409 3548 5472 Dei,

1961 5519 2063 5560 suo
2116 5505 2388 5576 genitori,
2445 5504 2562 5575 pari
2617 5505 2906 5575 prteditum
2955 5513 3261 5575 potestate,
3319 5502 3551 5558 Domino

1958 5608 2322 5668 exaequatum,
2365 5599 2512 5669 quod
2561 5599 2746 5654 divina
2791 5608 3040 5654 statuunt
3081 5598 3320 5660 oracula,
3367 5602 3422 5648 et
3463 5609 3550 5649 se-

1960 5689 2200 5742 cundum
2239 5703 2303 5742 ea
2347 5698 2497 5742 recte
2539 5690 2786 5743 omnium
2831 5687 3184 5742 sentientium
3229 5685 3547 5750 sententiae,

1957 5798 2092 5850 quas
2135 5783 2190 5835 in
2242 5798 2409 5835 unum
2457 5782 2823 5854 collegerant,
2857 5797 3048 5838 verum
3095 5795 3218 5836 esse
3259 5778 3550 5848 perspicue

1958 5876 2088 5930 satis
2122 5875 2494 5931 declarabant.
2537 5875 2674 5930 Illud
2704 5876 2852 5931 enim
2885 5876 3090 5944 optime
3111 5870 3546 5943 cognoscebant,
