3964 6484
413 410 519 476 635

1600 419 1864 480 ΡΗΟΤΙΙ
1899 422 2405 487 PATRIARCH/E
2440 429 2548 489 CP.

3584 422 3684 486 636

413 522 558 589 quod
605 522 1061 590 quemadmodum
1107 522 1392 578 Iudaicum
1453 534 1510 580 et
1550 525 1755 582 Christi
1803 529 1986 584 odium
2019 547 2130 601 prae
2160 549 2218 589 se
2275 535 2410 601 fert,
2455 537 2826 593 monarchiam
2873 553 2929 593 et
2975 537 3316 592 dominatum
3382 533 3672 587 Trinitatis

413 614 472 667 in
506 613 718 668 unicam
742 630 1030 685 personam
1052 607 1363 670 conclusam
1393 618 1649 684 retinere,
1675 621 1748 675 ita
1771 637 1990 692 quoque
2029 634 2085 680 et
2116 625 2169 680 in
2238 637 2461 683 naturas
2483 631 2773 700 inaequales
2835 645 2899 684 ac
2945 629 3278 684 substantias
3316 626 3678 682 dissimilares

413 725 631 763 omnem
665 709 1024 764 substantiam
1049 713 1404 764 excedentem
1427 753 1443 775 ,
1480 728 1700 767 omnem
1738 723 1989 771 naturam
2012 732 2436 790 exsuperantem
2463 740 2646 790 unam,
2674 726 2913 786 unicam.
2969 736 3022 779 et
3082 723 3360 777 unientem
3404 720 3675 774 Deitatem

415 804 675 865 dividere,
712 819 1038 874 paganorum
1064 806 1344 874 proprium
1366 815 1451 861 est
1473 809 1880 866 multitudinem
1920 813 2147 870 deorum
2183 817 2772 876 subintt'oducentium.
2806 822 2982 891 Atque
3045 820 3100 874 in
3164 820 3286 874 istis
3351 817 3441 871 illa
3491 824 3681 870 sancta

413 899 738 953 universalis
772 899 943 968 prima
974 901 1214 970 synodus
1241 904 1585 959 versabatur.

487 996 538 1048 9.
583 994 834 1050 Secunda
891 1011 1057 1064 porro
1114 1006 1303 1052 sancta
1359 1000 1699 1056 oecumenica
1766 1004 2006 1074 synodus

2182 1005 2247 1060 θ’.
2285 1005 2350 1060 Ἦ
2394 1005 2452 1060 δὲ
2491 1005 2623 1074 ἁγία
2662 1005 2759 1060 καὶ
2798 1003 3152 1076 οἱκουμενικὴ
3185 1005 3415 1076 δευτέρα
3467 1005 3690 1070 σύνοδος

415 1088 606 1141 urbem
623 1088 826 1158 regiam
855 1087 1133 1158 (nimir‘um
1151 1089 1706 1162 Constantinopolim)
1722 1109 2000 1152 sacrarum

415 1178 871 1234 deliberationum
902 1179 1149 1235 consiliis
1172 1181 1347 1234 locum
1382 1198 1596 1237 sacrmn
1623 1226 1638 1250 ,
1667 1185 2001 1242 destinatum

415 1271 568 1326 velut
611 1287 860 1326 museum
911 1272 1210 1328 referebat.
1273 1273 1348 1328 Eo
1392 1291 1632 1346 namque
1679 1279 1998 1349 congregati

419 1364 640 1418 fuerunt
668 1373 888 1419 centum
915 1365 1313 1437 quinquaginta
1344 1367 1542 1422 sacrati
1567 1368 1690 1423 viri.
1725 1368 2003 1440 Principes

419 1455 563 1509 inter
588 1455 707 1511 illos
741 1466 917 1521 erant,
965 1456 1311 1526 Timotheus,
1355 1459 1446 1528 qui
1496 1460 1678 1515 sedem
1726 1461 2002 1531 archiepi-

419 1547 691 1618 scopalem
716 1548 1180 1616 Alexandrinam;
1231 1551 1545 1620 spectabilis
1590 1551 1861 1617 Meletius,
1907 1555 2002 1624 qui

421 1639 858 1707 Antiochenam;
890 1641 1140 1712 Cyrillus,
1183 1643 1277 1713 qui
1318 1643 1866 1715 Hierosolymitanam
1905 1647 2002 1701 ad-

422 1731 765 1788 ministrabat
795 1733 1082 1790 Ecclesias.
1122 1735 1284 1790 Certe
1315 1736 1536 1805 quidem
1577 1735 1862 1794 Nectarius
1905 1739 1999 1807 ibi,

423 1824 515 1892 qui
543 1840 653 1879 non
686 1825 755 1878 ita
782 1826 991 1894 pridem
1024 1826 1091 1881 de
1125 1827 1642 1882 catechumenorum
1666 1845 1826 1899 grege
1849 1845 2006 1900 sepa-

425 1926 578 1968 ratus
622 1914 807 1970 divino
859 1917 1078 1972 lavacro
1131 1919 1322 1972 sordes
1387 1933 1501 1972 sua:
1557 1919 1681 1972 vita:
1733 1919 2000 1988 abluerat,

425 2007 664 2062 mundus
706 2007 881 2062 factus
927 2010 1283 2064 mundissima
1346 2009 1701 2079 pontificatus
1744 2011 2005 2082 dignitate

427 2099 816 2153 convestitur:
864 2100 932 2154 de
986 2101 1256 2154 sententia
1306 2101 1451 2156 illius
1499 2102 1687 2173 synodi
1739 2103 2002 2173 generali,

426 2203 526 2257 per
565 2204 788 2244 manum
837 2206 967 2246 vero
1008 2192 1393 2262 praedictorum
1436 2194 1733 2263 praesulum
1779 2195 2006 2265 imposi-

428 2281 652 2348 tionem,
689 2283 762 2336 ita
789 2293 847 2337 ut
873 2285 1035 2338 simul
1058 2285 1217 2356 regia:
1240 2285 1391 2341 urbis
1424 2287 1714 2356 episcopus
1737 2297 1791 2342 et
1817 2288 2007 2360 synodi

2105 1094 2216 1148 τῶν
2260 1095 2358 1166 μὲν
2391 1096 2553 1166 ἱερῶν
2607 1096 3026 1167 φροντισμάτων
3079 1094 3178 1166 τὴν
3233 1095 3484 1165 βασιλίδα
3531 1096 3690 1149 πόλιν

2109 1187 2255 1258 ἱερὸν
2282 1186 2492 1241 ἐδείκνυ
2569 1187 2990 1258 φροντιστήριον
3017 1186 3128 1255 (15)
3162 1204 3176 1218 ·
3210 1188 3288 1250 είς
3345 1188 3692 1257 πεντήκοντα

2103 1275 2161 1328 δέ
2191 1277 2284 1328 καὶ
2339 1275 2534 1328 ἑκατὸν
2575 1275 2774 1346 ἄνδρας
2799 1277 2978 1346 ἱεροὺς
3003 1276 3358 1346 συνηγείρετο
3383 1292 3393 1300 ⁸
3421 1277 3695 1348 ἐξάρχους

2105 1367 2307 1438 ἔχουσα
2337 1367 2604 1439 Τιμόθεόν
2637 1385 2698 1421 τε
2746 1365 2774 1404 ι*
2811 1369 2903 1421 τὸν
2973 1368 3408 1439 Ἀλεξανδρείας,
3444 1371 3542 1423 καὶ
3598 1370 3696 1423 τὸν

2104 1457 2538 1528 ἀξιοθαύμαστον
2576 1458 2679 1528 τῆς
2739 1459 3068 1530 ’Δντιοχείας
3100 1459 3386 1516 Μελέτιον.
3415 1461 3695 1532 Κύριλλόν

2105 1567 2165 1603 τε
2219 1550 2327 1605 τῶν
2391 1549 2830 1622 Ἰεροσολύμων,
2883 1552 3013 1616 τοὺς
3066 1551 3418 1622 ἱεραρχικοὺς
3464 1551 3698 1624 θρόνους

2109 1643 2388 1708 ίθύνοντας
2419 1659 2435 1673 ·
2477 1645 2570 1697 καὶ
2598 1643 2663 1715 δὴ
2692 1645 2790 1698 καὶ
2822 1643 3151 1715 Νεκτάριον,
3173 1644 3234 1708 ὃς
3265 1645 3394 1714 ἄρτι
3446 1645 3548 1715 τῆς
3580 1645 3698 1699 τῶν

2105 1754 2346 1807 κατηχου
2357 1736 2532 1808 μένων
2557 1736 2763 1805 ἀγέλης
2791 1735 3135 1808 άφορισθεὶς,
3168 1736 3264 1790 καὶ
3287 1735 3368 1806 τῷ
3401 1735 3534 1808 θείῳ
3563 1736 3698 1790 λου-

2105 1829 2220 1900 τρῷ
2258 1829 2350 1882 τὸν
2405 1828 2499 1882 τοῦ
2552 1827 2668 1898 βίου
2717 1828 2887 1899 ῥύπον
2929 1827 3405 1896 ἀποπλυνάμενος,
3443 1827 3699 1897 καθαρὸς

2106 1923 2229 1992 ἤδη,
2253 1921 2314 1974 τὺ
2346 1920 2734 1992 καθαρώτατον
2782 1923 2882 1990 τῆς
2933 1921 3217 1991 ίεραρχίας
3268 1919 3489 1992 ἀξίωμα
3520 1936 3691 1990 περι-

2107 2014 2383 2078 ϐάλλεται,
2412 2012 2580 2083 ψήφῳ
2613 2013 2711 2082 μὲν
2761 2014 2913 2083 κοινῇ
2951 2013 3050 2082 τῆς
3095 2012 3340 2078 συνόδου,
3375 2011 3703 2082 χειροθεσῖᾳ

2107 2105 2165 2158 δέ
2202 2105 2308 2158 τῶν
2348 2104 2658 2176 προκρίτων
2692 2123 2708 2136 ·
2747 2109 2842 2157 καὶ
2874 2105 2991 2174 ἅμα
3038 2122 3098 2157 τε
3148 2105 3248 2174 τῆς
3300 2103 3702 2174 βασιλευούσης

2109 2195 2424 2261 ἐπίσκοπος,
2465 2196 2562 2249 καὶ
2598 2195 2697 2265 τῆς
2748 2195 2968 2248 συνόδου
3020 2197 3391 2266 ἐχρημάτιζεν
3438 2195 3700 2266 ἔξαρχος.

2109 2285 2242 2340 Μεθ’
2266 2279 2340 2339 ὧν
2371 2286 2690 2357 Γρηγόριος,
2715 2286 2743 2339 ὅ
2789 2303 2848 2339 τε
2865 2285 2965 2354 τῆς
2985 2287 3044 2338 ἐν
3068 2287 3440 2358 Καππαδοκίᾳ
3468 2288 3708 2356 Νύσσης

427 2387 630 2442 praeses
687 2377 1084 2430 nominaretur.
1145 2378 1348 2432 Aderat
1399 2385 1455 2433 et
1502 2379 1618 2435 istis
1673 2378 2005 2450 Gregorius,

2118 2379 2432 2446 ἐπίσκοπος,
2479 2380 2571 2432 καὶ
2602 2380 2630 2431 ό
2662 2379 2760 2448 τῆς
2807 2380 3131 2447 Θεολογίας
3181 2379 3240 2446 ἐξ
3270 2380 3449 2450 ’ἐργων
3487 2380 3702 2432 £7:th-

427 2463 611 2535 Nyssae
639 2467 693 2521 in
727 2467 1068 2538 Cappadocia
1106 2468 1422 2538 episcopus,
1462 2480 1516 2524 et
1543 2470 1636 2539 qui
1668 2470 1910 2541 Tlteologi
1940 2487 2008 2526 ex

429 2558 687 2627 operibus
727 2575 928 2614 nomen
975 2561 1234 2614 habebat.
1266 2560 1404 2614 Cum
1447 2561 1647 2630 quibus
1691 2561 2008 2632 conspirare

427 2650 824 2718 agnoscebatur
868 2651 1133 2704 Damasus
1194 2649 1474 2704 Romanus
1519 2651 1830 2721 episcopus,
1881 2653 2009 2706 dum

2118 2488 2235 2543 μος.
2272 2465 2388 2536 Οἷς,
2419 2471 2478 2523 οὐ
2523 2470 2693 2534 πολὺς
2713 2471 2905 2541 χρόνος
2938 2472 3035 2525 καὶ
3061 2472 3337 2542 Δάμασος,
3374 2473 3403 2525 ὁ
3438 2472 3538 2543 τῆς
3570 2472 3709 2524 Ῥώ-

2120 2580 2248 2634 μης,
2276 2564 2344 2616 τὰ
2373 2563 2512 2616 αὐτὰ
2550 2564 2859 2632 κρατύνων,
2888 2563 3237 2634 ἐγνωρίζετο,
3265 2563 3559 2633 σύμφωνος
3583 2565 3705 2626 τοῖς

2119 2652 2452 2722 προλαϐοῦσι
2491 2653 2909 2723 καθιστάμενος.

380 2811 384 2815 _
429 2744 618 2813 synodi
664 2744 823 2799 istius
870 2754 1012 2806 acta,
1044 2745 1292 2798 eamdem
1343 2760 1465 2798 cum
1498 2745 1630 2811 ipsis
1679 2746 2010 2800 sententiam
2037 2745 2252 2812 fovens,
2292 2746 2663 2800 confirmaret.

504 2838 590 2890 10.
631 2837 1048 2892 Sacratissitnus
1081 2852 1244 2906 porro
1275 2836 1478 2890 chorus
1509 2836 1614 2891 iste
1635 2837 2010 2891 Macedonium

433 2928 763 2998 quemdam,
797 2928 891 2998 qui
945 2929 1129 2983 sedem
1173 2928 1450 2998 quondam
1503 2929 2014 2998 Constantinopoli-

435 3029 619 3073 tanam
672 3027 948 3089 arreptam
1007 3020 1315 3082 invaserat,
1367 3020 1516 3089 juste
1561 3019 1776 3074 censuit
1826 3035 2016 3088 ptenas

436 3112 570 3166 dare
602 3111 882 3177 debuisse,
913 3127 979 3166 eo
1005 3113 1151 3182 quod
1196 3112 1251 3165 in
1300 3112 1709 3167 sanctissimum
1749 3111 2017 3182 Spiritum

437 3205 563 3258 vitae
623 3204 829 3259 fontem
879 3205 1237 3276 blasphemus
1293 3206 1598 3260 exstiterat.
1666 3205 1820 3260 Sicut
1873 3208 2017 3260 enim

435 3295 596 3350 Arius
631 3305 818 3350 contra
864 3297 1082 3364 Filium,
1129 3297 1202 3351 ita
1248 3307 1301 3352 ct
1350 3297 1455 3352 iste
1503 3306 1698 3351 contra
1751 3295 2018 3367 Spiritum

435 3397 686 3443 sanctum
715 3391 884 3444 armis
911 3390 1215 3445 instructus
1240 3391 1520 3460 prodierat
1548 3389 1605 3444 in
1628 3390 1802 3445 aciem
1825 3409 1838 3445 :
1861 3391 2021 3460 ctjus

439 3480 743 3536 dominium
793 3497 1112 3552 supremum
1143 3493 1200 3537 et
1241 3483 1608 3552 principatum
1658 3482 2020 3537 excellentem

439 3571 508 3627 ad
539 3574 796 3630 servilem
841 3583 896 3628 et
948 3575 1317 3644 subjectitiam
1370 3575 1583 3645 redigat
1623 3573 2017 3630 conditionem.

438 3664 762 3734 Quanquam
817 3665 974 3720 facile
1019 3673 1268 3734 poterat,
1315 3664 1360 3718 si
1409 3664 1465 3718 in
1505 3663 1558 3718 id
1608 3665 1893 3720 intendere
1918 3681 2018 3719 νο·
2047 3692 2088 3750 C

440 3758 654 3818 luisset.
705 3757 890 3813 infelix
946 3767 1002 3812 et
1051 3757 1334 3827 improbus
1399 3757 1503 3811 iste
1559 3756 2015 3821 animadvertere,

440 3854 587 3925 quod
635 3864 695 3909 ut
747 3854 825 3908 illi
871 3853 964 3923 qui
1013 3853 1210 3908 Filium
1255 3851 1613 3922 compingunt
1666 3851 1721 3905 in
1768 3852 2018 3907 ordinem

439 3954 839 4010 creaturarum,
873 3943 1204 3998 contumelia
1235 3943 1595 3997 nihilominus
1634 3942 1877 3997 alliciunt
1922 3942 2021 3996 Pa-

442 4045 603 4102 trem,
631 4036 703 4090 ita
729 4036 892 4105 etqui
916 4042 1328 4090 sacrosanctum
1371 4035 1491 4103 ejus
1539 4032 1803 4103 Spiritum
1845 4048 2020 4089 annu-

443 4136 660 4182 merant
704 4127 1002 4192 creaturis,
1046 4126 1212 4181 simili
1246 4141 1475 4196 prorsus
1525 4136 1583 4180 et
1621 4125 1815 4195 aequali
1861 4124 2024 4180 modo

443 4219 748 4289 blasphemi
764 4219 819 4273 in
841 4219 1094 4274 eumdem
1118 4227 1265 4273 sunt.
1287 4218 1424 4273 Nam
1444 4217 1490 4272 si
1511 4217 1751 4288 Spiritus
1773 4225 2027 4271 creatura

444 4320 548 4374 est,
576 4321 724 4367 certe
749 4320 805 4367 et
829 4313 916 4367 ille
938 4322 1191 4367 creatura
1219 4311 1404 4376 fuerit,
1454 4311 1612 4381 cujus
1661 4310 1887 4380 spiritus
1916 4317 2022 4364 est.

445 4401 606 4468 Quod
653 4403 700 4456 si
739 4401 897 4457 istius
939 4402 1236 4471 impietatis
1279 4416 1570 4456 excessum
1617 4415 1778 4454 aures
1821 4407 2025 4453 nostrae

448 4499 590 4552 l'erre
607 4506 900 4569 nequeant,
916 4499 1062 4553 unde
1087 4498 1292 4554 factum
1315 4505 1377 4552 ut
1393 4497 1560 4550 miser
1577 4495 1666 4548 ille
1687 4508 1794 4547 non
1810 4493 2025 4547 intelle-

445 4589 606 4656 xerit,
637 4591 788 4644 omni
821 4590 984 4646 modo
1011 4590 1146 4644 illud
1179 4587 1565 4644 declinandum
1596 4585 1700 4639 sibi
1727 4599 1847 4639 esse
1880 4583 2025 4638 unde

2189 2845 2239 2891 t'.
2273 2831 2442 2901 Οὗτος
2487 2837 2551 2908 δὴ
2585 2836 2678 2890 οῦν
2710 2838 2737 2889 ὁ
2784 2835 3112 2906 ἱεροφάντης
3161 2835 3325 2906 χορὸς
3367 2835 3707 2889 Μακεδόνιόν

2115 2949 2258 2995 τινα,
2309 2931 2401 2983 τὸν
2490 2928 3120 2992 Κωνσταντινουπόλεως
3182 2929 3372 3000 θρόνον
3426 2929 3709 3000 ἅρπαγμα

2118 3022 2287 3076 πάλαι
2310 3021 2701 3092 ποιησάμενον,
2734 3023 2815 3074 ὅτι
2843 3021 2906 3073 τὸ
2959 3022 3228 3090 πανάγιον
3275 3023 3368 3074 καὶ
3392 3022 3710 3090 ζωαρχικὸν

2119 3116 2420 3186 ἐδυσφήμει
2460 3117 2478 3156 ί
2530 3116 2775 3184 Πνεῦμα,
2817 3113 3048 3178 εὐθύνας
3099 3115 3342 3168 ἐδικαίου
3367 3114 3588 3169 δοῦναι.’
3613 3116 3710 3180 Ὠς

2119 3208 2227 3275 γὰρ
2261 3206 2481 3275 ΙἈρειος
2515 3205 2655 3257 κατὰ
2699 3203 2796 3256 τοῦ
2829 3203 2984 3269 Υἱοῦ,
3024 3203 3168 3257 οὕτω
3207 3205 3301 3256 καὶ
3347 3205 3510 3266 αὐτὸς
3560 3205 3710 3257 κατὰ

2119 3296 2213 3350 τοῦ
2246 3295 2513 3363 παναγίου
2562 3295 3042 3366 παραταττόμενος
3070 3296 3414 3366 Πνεύματος,
3452 3298 3532 3360 εἰς
3586 3295 3713 3348 δού-

2121 3384 2246 3448 λους
2295 3385 2389 3438 καὶ
2413 3384 2691 3454 ὑπηρέτας
2730 3384 2830 3454 τὴν
2887 3384 3210 3456 δεσποτικὴν
3239 3386 3335 3439 καὶ¹
3379 3385 3714 3455 ὑπερκειμέ-

2122 3494 2220 3549 νην
2257 3476 2424 3530 αύτοῦ
2472 3477 2765 3530 συνέταττε
2799 3477 3121 3548 κυριότητα.
3156 3477 3266 3529 Καί
3304 3494 3387 3529 τοι
3433 3478 3564 3547 ῥᾷον
3616 3472 3708 3547 ἦν,

2123 3569 2284 3642 εἴπερ
2310 3568 2582 3632 ἐϐούλετο,
2607 3569 2684 3638 τῷ
2725 3569 2896 3640 ἀθλίῳ
2921 3571 3175 3640 συνορᾷν,
3215 3572 3320 3634 ὅτι,
3353 3570 3612 3638 καθάπερ
3661 3571 3714 3622 οἱ

2122 3660 2214 3713 τὸν
2243 3659 2372 3712 Υἱδν
2424 3662 2504 3724 είς
2562 3659 2768 3730 κτίσμα
2811 3660 3125 3721 τάττοντες,
3183 3659 3284 3730 τὴν
3338 3659 3498 3730 ὓϐριν
3553 3660 3713 3714 οὐδὲν

2125 3746 2288 3823 ἦττον
2317 3753 2694 3822 προσάπτουσι
2715 3750 2792 3822 τῷ
2840 3753 3038 3822 Πατρὶ,
3074 3751 3217 3804 οὕτω
3249 3753 3344 3805 καὶ
3365 3754 3415 3805 oi
3445 3753 3508 3805 τὺ
3535 3753 3705 3806 πανά-

2126 3860 2244 3912 γιον
2265 3842 2428 3896 αὑτοῦ
2443 3843 2666 3911 Πνεῦμα
2681 3845 2794 3906 τοῖς
2818 3845 3119 3913 ποιήμασιν
3139 3843 3590 3913 ἐναριθμοῦντες,
3609 3845 3712 3915 τὴν

2127 3936 2250 4004 ῐσην
2278 3934 2373 3989 καὶ
2396 3935 2590 4004 ὁμοίαν
2617 3934 2966 4005 βλασφημίαν
3010 3936 3204 4004 ἀφιᾶσι
3246 3935 3367 3988 κατ’
3408 3936 3598 3989 αὑτοῦ.
3636 3937 3700 3990 ΕΞ

2127 4029 2236 4099 γὰρ
2253 4028 2312 4081 τὸ
2336 4027 2578 4098 Πνεῦμα,
2603 4027 2830 4098 κτίσμα,
2861 4029 3114 4091 κάκεῖνος
3137 4021 3197 4080 οὗ
3218 4027 3278 4080 τὸ
3299 4027 3547 4097 Πνεῦμα,
3573 4028 3715 4098 μετὰ

2126 4119 2587 4190 τῶνικτισμάτων.
2603 4120 2666 4172 Et
2681 4118 2737 4172 δέ
2756 4119 2852 4172 καὶ
2876 4121 3068 4183 ἀκοαῖς
3085 4120 3361 4190 ἀφόρητον
3385 4120 3420 4191 ἡ
3435 4120 3534 4190 τῆς
3557 4119 3717 4173 ἀθεό-

2127 4227 2290 4280 τητος
2317 4211 2521 4281 ταύτης
2536 4210 2835 4280 ὑπερϐολὴ,
2866 4209 2984 4273 πῶς
3009 4210 3070 4263 ού
3096 4211 3329 4280 συνῆκεν
3357 4212 3387 4264 ό
3432 4209 3716 4264 ταλαίπω-

2134 4322 2226 4377 ρος
2271 4305 2449 4358 ἐκεῖνο
2487 4304 2734 4374 φεύγειν,
2771 4305 2839 4358 δι’
2899 4299 2962 4358 οὗ
3012 4302 3153 4376 πρὸς
3209 4304 3436 4368 τούτους
3494 4303 3713 4372 ἀνάγκη

2130 4401 2320 4452 πεσεῖν
2392 4400 2519 4461 τοὺς
2582 4397 2885 4468 θεομάχους
2943 4396 3279 4467 λογισμούς;
3361 4397 3603 4458 Ἀθετεῖς
3654 4396 3715 4448 τὸ

2134 4488 2363 4558 Πνεῦμα
2393 4485 2531 4542 εἶναι
2555 4487 2720 4553 Θεόν;
2760 4486 2873 4557 (14)
2905 4486 3023 4548 πῶς
3066 4487 3263 4557 ἐρευνᾷ
3292 4486 3360 4540 τὰ
3429 4484 3569 4556 βάθη
3617 4483 3714 4538 τοῦ

2131 4579 2291 4648 Θεοῦ,
2322 4580 2552 4653 κρύφιον
2580 4578 2675 4633 ἀπ’
2727 4579 2929 4647 ait-r05;
2965 4578 3083 4643 πῶς
3137 4579 3290 4633 ἐστιν
3328 4578 3489 4642 ἄλλος
3531 4579 3715 4649 παρά-

1755 4724 1992 4781 νΑῐιιιιΕ
2033 4724 2437 4780 LECTIONES.

425 4894 430 4908 ἲ
519 4826 547 4866 ³³
589 4825 676 4881 τσ.
708 4827 974 4897 Τιμόθεον
1003 4825 1150 4880 τότε.

1255 4824 1392 4878 ίῑσ.
1431 4823 1794 4893 ἐϐλασφήμει.
1874 4820 1888 4871 i
1927 4823 2012 4876 ίσ.
2051 4821 2284 4890 ἁγνίζει.

1966 4937 2200 4993 NOTAE.

523 5037 633 5114 (ιβ)
663 5038 1151 5114 Φροντιοντήριονξ.
1199 5037 1349 5114 Vult,
1381 5037 1525 5114 atth
1573 5051 1765 5114 verum
1794 5041 2021 5114 esthe-

451 5104 689 5166 cundam
706 5104 722 5109 ⁷
739 5104 1006 5179 synodum
1042 5109 1411 5164 universalem
1457 5104 2026 5179 Constantinopolita-

452 5196 577 5236 nam
608 5179 662 5232 in
703 5174 835 5232 urbe
880 5181 967 5234 illa
995 5181 1142 5246 regia
1167 5179 1512 5234 convenisse.
1542 5178 1600 5231 In
1632 5191 1738 5246 qua
1778 5174 1986 5246 synodo
2007 5213 2023 5236 ,

451 5266 513 5306 ut
545 5249 803 5319 Synopsis
841 5249 1039 5314 habet,
1061 5244 1306 5318 ⁷ἡγοῦντο
1343 5250 1606 5319 Δάμασος
1643 5244 1884 5319 Ῥῴᾼμης,
1918 5244 2026 5319 Νε-

451 5313 675 5390 κτάριος
693 5313 708 5318 ’
732 5313 1376 5390 Κῳνσταντινουπόλεως,
1413 5313 1687 5390 Κύῖριλλος
1728 5313 2028 5390 Ἱεροσολύ-

455 5332 675 5390 κταριος
732 5332 1376 5382 ιςωνσταντινουπολεως,
1413 5332 1687 5386 ΙςυριΛΑος
1749 5332 2028 5438 ιῗοσολυ-

455 5408 595 5462 μων,
642 5399 747 5451 etc,
781 5388 946 5462 Quos
987 5389 1280 5462 Ἐξάρχους
1302 5399 1461 5444 vocat
1497 5389 1747 5462 Ifbotius.
1822 5385 1888 5439 ed
1926 5383 2030 5462 l_)_a_-

453 5455 642 5517 inasus
673 5475 779 5513 non
802 5459 1006 5522 adfuit,
1043 5455 1360 5528 nc’quidcm
1391 5475 1488 5528 per
1521 5459 1729 5528 legatos
1749 5455 2034 5528 ;_nﬁec__Ti-

454 5533 729 5604 mothcus,
749 5529 857 5583 nisi
890 5525 1203 5604 continuata
1229 5525 1454 5604 synodo.
1485 5525 1647 5604 turbo
1676 5537 1731 5581 et
1752 5525 2035 5604 flabellum

455 5602 602 5655 illius
647 5599 1020 5670 tempestatis,
1061 5597 1459 5670 quagdejectus
1494 5602 1693 5670 throno
1745 5597 2036 5670 Gregorius

457 5664 866 5733 Nazianzenus,
901 5671 993 5739 qui
1025 5664 1142 5732 hic,
1175 5664 1468 5736 Θεολογίας
1499 5667 1558 5732 ἐξ
1597 5668 1774 5739 ἕργῳν
1825 5664 2038 5717 ἐπώνυο

464 5759 583 5810 μος,
611 5741 830 5796 dicitur.
858 5736 1184 5796 Nazianzeni
1216 5753 1435 5810 causam
1468 5739 1540 5810 ita
1567 5736 1805 5810 breyiter
1827 5745 1883 5789 et
1909 5749 2038 5810 rere

448 5805 688 5886 Expedit
718 5813 994 5884 Synopsis.
1018 5809 1301 5881 Gregorius
1329 5809 1611 5879 Theologns
1635 5807 1869 5862 obtinens
1898 5805 2038 5860 thro-

2131 5048 2256 5085 num
2306 5027 2974 5097 Conslantinopolitanum,
3025 5025 3117 5095 qui
3162 5040 3281 5097 cum
3309 5024 3366 5076 in
3398 5022 3492 5097 ἱίίᾳ
3526 5033 3714 5097 sancta

2130 5103 2326 5172 synodo
2357 5101 2544 5155 divisio
2575 5093 2858 5172 oriebatur,
2882 5093 3065 5172 sponte
3092 5112 3190 5149 sua
3225 5096 3282 5148 in
3308 5093 3503 5172 synodo
3531 5093 3718 5145 throno

2132 5163 2491 5238 riznuntiavit,
2527 5180 2575 5224 et
2599 5170 2783 5222 habita
2816 5167 3079 5231 oratione,
3107 5183 3213 5238 qua
3255 5181 3374 5217 cum
3410 5163 3569 5238 [ide
3594 5178 3719 5230 pro-

2136 5245 2372 5312 ﬁteretur
2391 5281 2406 5306 ,
2452 5231 2564 5296 tum
2595 5240 2798 5312 abitum
2828 5245 3088 5312 ρίιιτινει,Δ
3107 5231 3164 5289 in
3186 5235 3466 5312 praesentia
3487 5231 3718 5312 Patr-unt

2137 5304 2350 5367 illorum
2378 5304 2587 5367 centum
2619 5319 2666 5363 et
2682 5304 2870 5382 decent
2895 5305 3358 5382 excessitsgnodo,
3386 5312 3433 5382 et
3468 5304 3720 5382 migras-it

2139 5384 2492 5438 Nazianzum.
2519 5382 2578 5435 In
2609 5380 2783 5452 cujus,
2796 5379 2976 5452 locum
3006 5376 3284 5452 impiiilli,
3311 5374 3720 5452 qu_i__am0tionis

2137 5470 2302 5510 causa
2349 5444 2692 5515 exstiterant,
2739 5450 3053 5505 Nectarium
3087 5444 3305 5500 ilaicum
3333 5486 3348 5511 ,
3381 5444 3529 5496 illum
3560 5444 3718 5511 cujus

2136 5525 2388 5580 meminit
2415 5522 2664 5584 Photius,
2701 5530 2893 5576 contra
2921 5532 3159 5590 canones
3181 5516 3553 5590 intrttscrunt.‘
3691 5580 3714 5590 -

2209 5593 2322 5665 (Η)
2363 5593 2507 5665 Lego
2535 5601 2589 5647 et
2634 5581 3091 5665 distinguo,_n6;
3121 5587 3334 5665 ἔρεμνᾷ
3361 5581 3605 5665 βάθη.
3625 5581 3717 5633 τοῦ

2139 5653 2554 5735 Θεὸῦίκρύῷιον
2587 5665 2681 5716 ἀπ’
2711 5653 3056 5718 αύτῦῦ.Νοω
3085 5653 3280 5712 alludit
3310 5653 3380 5713 ad
3413 5653 3548 5710 illud
3577 5654 3716 5722 Apo-

2139 5737 2283 5802 stoli,
2314 5735 2336 5792 l
2364 5734 2489 5792 Cor.
2521 5751 2580 5802 tt,
2617 5735 2706 5792 10.
