3964 6498
256 420 362 482 637
1425 427 1959 488 EPISTOLARUM
2006 428 2235 487 LIBER
2267 427 2297 488 Ι
3413 427 3518 490 638

255 535 458 603 κλητος
490 551 506 600 ;
536 533 653 597 πῶς
701 534 1056 589 συντάττεται
1086 537 1264 609 Πατρὶ
1313 541 1409 592 καὶ⁹
1453 541 1602 610 Υἱῷ;
1631 542 1820 611 Πορευ·

1950 541 2054 595 ieri
2086 540 2310 594 omnino
2340 538 2532 594 debuit
2568 545 2628 592 ut
2654 553 2711 590 in
2756 536 3060 592 istiusmodi
3087 537 3282 606 impias
3311 546 3366 590 et
3391 555 3515 593 cum

251 626 444 689 θέντες
471 623 602 695 γὰρ,
629 626 790 689 αὐτός
816 643 981 697 φησιν
1009 628 1037 678 ὁ
1063 629 1209 691 Υἱὸς,
1240 630 1620 701 μαθητεύσατε
1660 633 1816 687 πάντ(

1954 631 2053 686 Deo
2094 638 2396 700 pugnantes
2438 628 2730 697 opiniones
2772 627 3014 682 recidat?
3044 627 3360 681 Concedere
3409 645 3519 683 non

249 718 324 771 τά
371 717 524 786 ἔθνη,
562 718 920 790 βαπτίζοντες
957 723 1158 785 αὐτοὺς
1184 725 1265 786 είς
1294 723 1354 776 τὸ
1386 725 1554 794 ὄνομα
1601 727 1696 780 τοῦ
1726 730 1809 780 Πα

1953 720 2024 775 vis
2058 721 2320 789 Spiritum
2343 736 2461 774 esse
2492 719 2698 774 Deum?
2737 728 2792 773 at
2815 719 3084 788 quomodo
3118 718 3388 787 profunda
3425 721 3518 775 Dei

248 809 408 878 τρὸς,
441 810 536 862 καὶ
562 810 656 863 τοῦ
695 809 845 874 Υίοῦ,
881 814 975 864 καὶ
1006 812 1099 866 τοῦ
1126 814 1283 882 ἁγίου
1310 816 1651 888 Πνεύματος.
1688 820 1751 872 Εἰ

1953 821 2234 875 scrutatur,
2273 813 2340 867 ab
2389 813 2507 881 ipso
2556 814 2845 866 abstrusa?
2889 814 3164 881 quomodo
3208 813 3314 867 erit
3375 815 3518 868 alius

247 916 307 951 ’τι
343 899 456 953 τῶν
495 901 663 970 τριῶν
695 902 920 972 κτίσμα,
951 904 1008 956 ὲν
1047 899 1130 965 οἷς
1187 903 1560 976 φωτιζόμεθα,
1597 908 1718 960 οὐδὲ
1772 926 1812 960 τ‹

1956 904 2294 957 Paracletus?
2344 905 2490 958 unde
2547 903 2747 956 factum
2793 913 2851 956 ut
2894 920 3016 957 cum
3077 905 3234 958 Patre
3280 913 3334 958 et
3383 905 3521 959 Filio

250 983 423 1038 λοιπὰ
452 987 782 1056 καθαρεύσει
813 991 912 1060 τῆς
943 989 1174 1062 ὕϐρεως.
1222 993 1364 1047 Ἀλλ’
1395 997 1443 1049 εἰ
1468 997 1696 1066 κτίσμα,
1729 998 1815 1050 πῶι

1955 995 2341 1066 :omponatur?
2381 996 2576 1049 Euntes
2617 996 2788 1058 enim,
2827 995 2902 1048 ait
2946 995 3179 1064 ipsemet
3222 996 3411 1061 Filius,
3463 998 3520 1050 in

250 1076 437 1138 κτίζει
460 1095 475 1144 ;
496 1078 613 1141 πῶς
631 1080 849 1146 ἁγιάζει
872 1079 919 1147 i;
949 1084 1064 1146 πῶς
1080 1083 1334 1148 ζωοποιεῖ
1351 1106 1365 1154 ;
1391 1087 1509 1151 πῶς
1525 1088 1724 1160 διαιρεῖ
1744 1107 1814 1160 χα

1952 1089 2193 1142 mundum
2229 1089 2562 1152 universum,
2598 1087 2773 1140 docete
2797 1103 2987 1140 omnes
3030 1088 3287 1149 nationes,
3336 1090 3517 1150 bapti-

251 1167 538 1238 ρίσματα;
569 1172 683 1234 πῶς
722 1171 778 1224 δὲ
821 1172 980 1241 Θεός;
1005 1174 1144 1228 ἀλλὰ
1171 1176 1376 1231 τούτων
1395 1178 1550 1231 οὐδὲν
1584 1183 1816 1244 ἐκεῖνοςι

1955 1189 2122 1232 tantes
2168 1196 2252 1233 eos
2308 1180 2365 1232 in
2421 1181 2628 1232 nomine
2660 1177 2862 1239 Patris,
2910 1188 2958 1230 et
3006 1179 3153 1243 Filii,
3203 1189 3250 1232 et
3289 1179 3520 1249 Spiritus

252 1259 632 1332 φρενοϐλαϐὴς
685 1264 780 1314 ἐπὶ
805 1265 929 1317 νοῦν
975 1265 1328 1336 βαλλόμενος,
1359 1271 1458 1339 τῆς
1508 1272 1817 1341 μοναρχικῆς

1955 1270 2110 1323 sancti
2159 1271 2202 1322 ’.
2264 1267 2416 1333 Quod
2507 1269 2551 1322 si
2617 1277 2799 1321 autem
2860 1284 2890 1322 e
2973 1270 3148 1322 tribus
3225 1271 3387 1336 istis,
3463 1270 3520 1324 in

251 1352 393 1404 αὐτὸ
412 1355 508 1406 καὶ
530 1355 661 1422 μιᾶς
676 1355 984 1426 ἀδιαιρέτου
1010 1358 1262 1431 θεότητος
1282 1360 1518 1432 διασπᾷν
1531 1362 1592 1414 τὸ
1616 1364 1816 1433 Πνεῦμε

1956 1375 2174 1430 ιιιοιυιη
2229 1359 2543 1413 numinibus
2596 1359 2848 1428 baptizati
2911 1359 3317 1425 illuminamur,
3378 1376 3521 1415 unus

250 1442 465 1513 ἐτόλμα
521 1445 616 1498 καὶ
672 1447 1100 1518 ἁπεθρασύνετο.
1159 1451 1250 1503 Διὸ
1311 1453 1406 1505 καὶ
1449 1453 1548 1522 τῆς
1586 1452 1809 1505 ἀσεϐεία

1960 1453 2046 1507 πει
2077 1462 2351 1518 creatura,
2398 1463 2548 1509 certe
2575 1453 2796 1523 quidem
2841 1469 2944 1507 nec
2991 1453 3174 1507 caeteri
3209 1453 3277 1506 ab
3324 1453 3525 1521 injuria

253 1534 461 1601 ἐπάξια
495 1538 686 1609 εἴληφε
709 1539 777 1592 τὰ
806 1540 1105 1612 ὲπιχείρια,
1143 1544 1306 1606 αὐτός
1330 1561 1390 1597 τε
1425 1545 1714 1614 ἀφαιρέσει
1740 1546 1818 1615 τῆι

1960 1563 2043 1602 iac
2068 1556 2123 1602 et
2149 1547 2479 1602 contumelia
2510 1545 2784 1600 immunes
2843 1544 3064 1598 fuerint.
3093 1543 3246 1609 Quod
3277 1545 3325 1598 si
3368 1559 3525 1599 crea-

256 1630 566 1702 ἱερωσύνης
624 1633 1061 1702 ζημιωθεὶς,καὶ
1112 1635 1316 1700 πάντες
1363 1637 1477 1690 ὅσοι
1511 1637 1614 1708 τῆς
1668 1636 1821 1691 αὑτοῐ

1958 1654 2063 1692 .ura
2124 1639 2235 1701 sit,
2317 1637 2592 1708 quomodo
2638 1636 2934 1706 quidquam
3011 1635 3194 1689 creat?
3251 1635 3523 1704 quomodo

253 1721 554 1792 θεομαχίας
587 1723 648 1776 τὸ
689 1725 910 1779 ἀνίατον
937 1727 1356 1799 παρεζήλωσαν.
1404 1728 1516 1782 Καὶ
1554 1729 1630 1792 ὡς
1695 1732 1818 1783 ἐκεῖ·

1959 1729 2260 1792 ιυηοιίθοοι,
2311 1731 2398 1784 vel
2445 1727 2725 1785 viviﬁcat?
2756 1727 3030 1797 quomodo
3074 1726 3357 1780 distribuit
3395 1726 3524 1780 cha-

251 1829 348 1875 νος
369 1813 431 1866 τὸ
459 1816 726 1894 πανάγιον
760 1817 986 1888 Πνεῦμα
1015 1819 1113 1886 τῆς
1147 1819 1430 1891 τριαδικῆς
1487 1823 1618 1888 μιᾶς
1650 1822 1816 1892 θεότηη

1952 1821 2208 1876 rismata?
2237 1821 2509 1891 quomodo
2531 1820 2710 1874 Deus?
2737 1818 2885 1873 Nihil
2927 1827 3107 1872 autem
3140 1817 3368 1872 istorum
3419 1817 3517 1870 de-

249 1905 347 1969 τός
373 1923 433 1958 τε
458 1907 552 1960 καὶ
579 1909 902 1979 κυριότητος
928 1910 1242 1983 ἀλλοτριοῦν
1270 1911 1626 1982 ἐφρυάττετο,
1663 1912 1814 1966 οὕτω.

1955 1914 2077 1967 lirus
2106 1913 2198 1966 ille
2243 1913 2384 1982 apud
2431 1911 2665 1964 animam
2699 1925 2854 1964 suam
2897 1917 3156 1978 reputans
3215 1907 3520 1978 cogitabat;

249 1996 420 2050 αὐτὸν
452 1999 484 2068 ἡ
516 1997 650 2065 ἁγία
692 2000 788 2052 καὶ
842 2001 1196 2072 οίκουμενικὴ
1238 2001 1456 2065 σύνοδος
1485 2005 1584 2055 καὶ
1626 2003 1727 2071 τῆς
1761 2003 1814 2055 is-

1955 2005 2040 2060 sed
2073 2021 2238 2060 ausus
2281 2013 2366 2059 est
2408 2003 2571 2056 homo
2597 2003 2971 2068 importunus,
3005 2001 3306 2054 insolenter
3344 2015 3374 2053 a
3400 2015 3520 2053 mo-

251 2088 512 2158 ρωσύνης
564 2090 660 2142 καὶ
689 2091 790 2161 τῆς
845 2092 954 2144 τῶν
989 2095 1194 2147 πιστῶν
1231 2094 1449 2165 μερίδος
1503 2096 1599 2147 καὶ
1639 2113 1816 2149 συναυ·

1955 2097 2201 2152 narchica
2235 2096 2419 2159 unica,
2457 2095 2690 2149 indivisa
2720 2094 2932 2147 Deitate
2954 2092 3199 2147 dividere
3232 2090 3520 2160 Spiritum.

246 2177 375 2241 λίας
406 2172 495 2231 οἷα
515 2179 764 2250 δεύτερον
793 2181 1156 2253 ὴλλοτρίωσεν
1192 2185 1426 2256 Ἀρειον.
1458 2184 1532 2238 Τὺ
1573 2185 1628 2237 δὲ
1661 2186 1808 2239 πανά

1955 2189 2234 2256 Quorcirca
2276 2189 2491 2260 dignam
2524 2203 2621 2244 sua
2667 2188 2950 2242 molitione
2999 2186 3164 2256 impia
3212 2184 3520 2238 mercedem

245 2286 374 2337 γιον
417 2271 513 2324 καὶ
562 2270 866 2341 ζωαρχικδν
900 2275 1145 2342 Πνεῦμα,
1171 2275 1207 2328 ἆ
1251 2294 1309 2329 τε
1352 2276 1418 2347 δὴ
1462 2276 1702 2346 όμοφυὲς
1742 2293 1810 2329 κα

1957 2281 2165 2351 recepit.
2199 2279 2334 2334 Nam
2364 2291 2418 2334 et
2441 2279 2745 2333 sacerdotio
2771 2278 3022 2349 privatus
3059 2277 3429 2341 multabatur;
3469 2283 3522 2328 ct

246 2361 566 2429 ὁμοούσιον,
598 2364 868 2426 ἰσοσθενές
889 2382 951 2416 τε
975 2367 1067 2419 καὶ
1086 2367 1520 2436 παντοδύναμον,
1557 2367 1633 2437 τῷ
1659 2369 1810 2435 Πατρ

1955 2389 2051 2426 una
2105 2389 2229 2427 cum
2290 2387 2354 2426 eo
2407 2380 2765 2441 qu01cunque
2821 2369 3215 2440 ineorrigibiles
3273 2367 3520 2422 eamdem

250 2451 349 2506 καὶ
392 2453 474 2522 τῷ
521 2455 632 2526 Υἰῷ
698 2459 1232 2528 συμπροσκυνείσθαι
1283 2463 1376 2514 καὶ
1443 2460 1815 2530 συνδοξολογεῐ

1952 2463 2192 2517 ἣξει-θείη]
2220 2461 2272 2514 in
2300 2461 2466 2515 Deum
2498 2461 2800 2530 blasphemi
2827 2461 3194 2516 seetabantur.
3228 2459 3294 2513 Et
3325 2473 3517 2527 quem-

253 2542 402 2605 σθαι,
433 2547 576 2598 κατὰ
607 2545 707 2610 τὰς
739 2545 1016 2616 πατρικάς
1053 2565 1112 2601 τε
1157 2549 1252 2602 καὶ
1279 2549 1596 2616 θεολογικὰς
1628 2549 1813 2617 φωνὰς

1954 2556 2233 2610 idmodum
2283 2555 2372 2609 ille
2416 2565 2664 2609 sanctum
2705 2554 2967 2625 Spiritum
3011 2552 3249 2606 alienum
3284 2567 3314 2604 a
3357 2549 3519 2603 Trin-

246 2634 597 2704 ἀνεκήρυξαν
630 2653 645 2668 ·
706 2639 1093 2708 ὲκθερίσαντες
1159 2641 1344 2694 τέλεον
1378 2641 1472 2694 καὶ
1539 2640 1594 2693 εἴ
1633 2658 1686 2692 τι
1731 2641 1811 2705 τῆς

1952 2662 2049 2700 una
2107 2647 2319 2701 Deitate
2367 2655 2422 2700 et
2465 2646 2847 2700 Dominatione
2885 2644 3194 2715 jactitabat,
3248 2642 3320 2697 ita
3369 2641 3517 2694 illum

261 2724 554 2796 Ἀρειανῆς
622 2731 830 2800 σπορᾶς
879 2730 1120 2794 ζιζάνιον
1164 2733 1460 2802 ὑπεφύετο.
1520 2733 1826 2804 Τηνικαῦτα

1953 2745 2130 2792 sancta
2178 2747 2233 2792 et
2272 2737 2599 2792 universalis
2638 2738 2920 2807 synodus,
2973 2744 3234 2803 tanquam
3289 2734 3518 2787 alterum

243 2818 305 2870 δὲ
358 2819 461 2880 τὰς
495 2819 598 2888 τῆς
656 2821 928 2891 βασιλείας
978 2823 1135 2892 ἡνίας
1181 2825 1209 2876 ὁ
1269 2825 1443 2894 μέγας
1492 2823 1568 2886 ὠς
1621 2823 1806 2894 άληθῶ

1957 2830 2155 2894 Arium,
2190 2845 2220 2882 a
2269 2829 2576 2883 sacerdotio
2623 2839 2678 2884 et
2716 2829 2956 2882 ﬁdelium
3002 2827 3253 2881 sodalitio
3295 2840 3358 2878 ac
3395 2840 3522 2892 por-

246 2911 344 2961 xai
393 2911 639 2981 μεγάλης
686 2912 963 2984 εὐφημίας
1015 2913 1164 2978 ἄξιος
1219 2913 1614 2984 περιεζώννυτο
1647 2914 1808 2966 Θεοδό

1958 2921 2093 2975 .ione
2122 2920 2418 2976 declaravit
2474 2921 2734 2976 alienum.
2789 2919 3203 2975 Sanctissimum
3252 2932 3416 2987 porro
3468 2923 3523 2970 et

249 3018 390 3066 σιος,
431 3003 715 3074 πρόμαχος
761 3008 854 3059 καὶ
893 3006 1056 3070 αὐτὸς
1085 3008 1183 3077 τῆς
1231 3008 1513 3070 εὐσεϐείας
1573 3005 1814 3078 γνωριζό

1956 3013 2065 3068 vitae
2086 3012 2381 3068 Auctorem
2407 3013 2760 3082 principalem
2797 3011 3084 3082 Spiritum,
3117 3011 3269 3080 juxta
3303 3009 3521 3062 Patrum

249 3110 440 3160 μενος.
507 3094 646 3146 Ἀλλ’
704 3098 760 3148 ὲν
806 3097 1020 3160 τούτοις
1074 3099 1171 3168 μὲν
1220 3099 1317 3151 καὶ
1384 3098 1526 3169 αὕτη
1584 3100 1618 3168 ἡ
1702 3099 1814 3168 ἁγίι

1958 3112 1996 3158 :t
2046 3103 2422 3174 theologorum
2459 3105 2783 3168 sententias,
2838 3104 3056 3172 publico
3105 3101 3378 3171 praeconio
3427 3098 3523 3153 de-

255 3185 504 3248 σύνοδος.
1864 3187 1906 3244 C
1941 3193 2287 3255 monstravit,
2321 3207 2430 3245 una
2456 3207 2583 3246 cum
2625 3190 2785 3244 Patre
2836 3207 2901 3245 ac
2935 3190 3070 3245 Filio
3100 3189 3434 3244 adorandum
3468 3195 3525 3241 et

245 3279 421 3332 simul
465 3280 896 3350 gloriﬁcandum,
962 3293 1154 3354 utpote
1209 3284 1455 3354 ejusdem
1505 3285 1859 3338 exsistentem
1900 3299 2028 3337 cum
2066 3283 2173 3336 illis
2210 3292 2422 3337 naturae
2489 3281 2940 3349 substantiaeque,
2967 3280 3082 3350 pari
3117 3279 3402 3350 prwditum
3444 3279 3521 3342 vi,

243 3373 526 3441 potentia,
553 3373 830 3429 facultate.
855 3376 999 3440 Quin
1031 3385 1086 3429 et
1124 3375 1167 3429 si
1197 3377 1343 3445 quod
1386 3375 1721 3430 zizaniorum
1777 3377 1954 3430 adhuc
2015 3378 2082 3430 de
2148 3375 2356 3430 semine
2394 3374 2507 3428 Arii
2553 3373 3038 3443 suppullulaverat,
3091 3379 3145 3424 et
3215 3370 3348 3424 illud
3390 3370 3522 3423 stir-

241 3464 402 3532 pitus
427 3466 754 3521 evellebant.
785 3467 1001 3538 Imperii
1033 3483 1196 3537 porro
1217 3477 1352 3524 tunc
1378 3470 1638 3538 temporis
1672 3468 1830 3523 frena
1866 3469 2254 3524 moderabatur
2283 3481 2512 3538 magnus
2545 3466 2634 3520 ille
2672 3473 2728 3518 et
2792 3479 2990 3535 magno
3031 3462 3250 3515 laudum
3315 3475 3524 3531 praeco-

242 3562 342 3614 nio
373 3562 737 3618 celebrandus
761 3564 1137 3629 Theodosius;
1178 3566 1271 3636 qui
1312 3566 1575 3638 religiosae
1611 3565 1832 3636 pietatis
1905 3573 2283 3638 propugnator
2332 3563 2585 3635 egregius
2634 3563 2954 3618 exsistebat.
3021 3563 3198 3630 Atque
3260 3559 3326 3614 ad
3374 3559 3525 3613 hinc

242 3653 477 3708 modum
506 3656 697 3710 habuit
725 3673 784 3711 se
813 3657 914 3712 ista
946 3660 1209 3730 synodus.

319 3746 417 3800 ια’.
467 3747 530 3800 Ἣ
559 3748 613 3800 δὲ
639 3749 770 3818 ἁγία
821 3752 915 3803 καὶ
944 3751 1299 3824 οἰκουμενικὴ
1331 3751 1492 3823 τρίτη
1537 3751 1752 3816 σύνοδος
1777 3751 1837 3806 ἐν

2012 3749 2098 3803 II.
2132 3747 2312 3803 Tertia
2361 3757 2544 3803 autem
2592 3756 2778 3803 sancta
2818 3755 2877 3802 et
2913 3747 3238 3802 universalis
3281 3741 3525 3818 synodu8

249 3840 352 3908 μὲν
383 3842 452 3910 τῇ
505 3840 646 3892 κατὰ
674 3841 776 3911 τὴν
817 3842 1001 3894 Ἀσίαν
1053 3841 1263 3911 Ἐφέσῳ
1317 3842 1684 3913 συνεκροτήθη
1713 3858 1726 3872 ·
1755 3843 1814 3895 είι

1958 3843 2139 3913 Ephesi
2154 3843 2208 3895 in
2223 3842 2346 3895 Asia
2358 3841 2804 3912 congregabatur,
2823 3856 3054 3894 numero
3067 3841 3523 3895 ducenariocom-

249 3931 566 3994 διακοσίους
606 3931 664 3983 δὲ
710 3931 1068 4003 ἐπληθύνετο.
1123 3934 1212 3986 Ἐν
1243 3928 1325 3997 οἷς
1371 3933 1640 4004 ἡγεμόνες
1668 3935 1814 4001 ὲγνω

1959 3935 2104 3990 )Ieta.
2125 3933 2410 4002 Principes
2439 3947 2605 4002 porro
2633 3931 2974 3996 ferebantur,
2999 3930 3230 4001 Cyrillus
3259 3930 3348 3984 ille
3380 3931 3524 3986 inter

262 4025 500 4090 ρὶζοντο,
530 4024 801 4094 Κύριλλός
837 4042 898 4077 τε
930 4028 956 4078 ό
988 4027 1045 4078 ἐν
1089 4025 1328 4094 πατράσι
1377 4024 1744 4095 περιώνυμος,
1775 4023 1827 4088 ὃς

1959 4025 2130 4080 Patres
2148 4023 2639 4084 nominatissimus,
2671 4021 2765 4091 qui
2796 4030 2852 4076 et
2901 4023 3105 4076 virtute
3130 4031 3184 4075 et
3230 4021 3524 4090 prudentia

247 4115 316 4168 δι’
357 4114 562 4184 ἀρετὴν
585 4115 682 4168 καὶ
722 4114 914 4184 σοφίας
946 4114 1176 4169 πλοῦτον
1205 4116 1304 4186 τῆς
1347 4114 1695 4185 Ἀλεξάνδρου
1739 4132 1812 4185 με

1958 4116 2399 4172 .nstructissimus
2421 4130 2627 4185 magnze
2657 4114 2802 4168 illius
2847 4112 3138 4168 Alexandri
3179 4113 3330 4167 urbis
3368 4113 3523 4167 thro--

243 4203 599 4272 γαλοπόλεως
634 4205 826 4259 ἰθύνων
859 4203 950 4258 τδν
996 4205 1206 4277 Θρόνον,
1229 4206 1322 4260 καὶ
1358 4204 1454 4260 τοῦ
1491 4205 1708 4277 Ῥώμης
1728 4208 1806 4261 Κε

1958 4227 2074 4266 ium
2102 4209 2421 4264 insidebat:
2469 4223 2685 4261 necnon
2739 4205 3019 4260 Coelestini
3076 4203 3335 4258 Romanae
3373 4203 3523 4258 urbis

243 4295 500 4348 λεστίνου
526 4297 624 4364 τὴν
649 4296 919 4367 καθέδραν
963 4296 1274 4368 ἀνεπλήρου
1304 4297 1401 4350 καὶ
1429 4296 1490 4349 τὸ
1516 4298 1806 4368 πρόσωπον

1959 4303 2181 4374 apiscopi
2221 4300 2406 4356 obibat
2443 4309 2499 4354 et
2524 4298 2815 4369 peragebat
2845 4298 3012 4353 vices.
3043 4297 3248 4352 Aderat
3281 4305 3335 4350 et
3356 4294 3524 4350 Mem-

243 4386 392 4441 Μεθ’
420 4381 495 4440 ὧν
524 4388 615 4440 καὶ
643 4389 899 4457 Μέμνων,
931 4391 960 4441 ὁ
994 4387 1092 4458 τῆς
1137 4388 1398 4456 Ἐφεσίων
1421 4390 1714 4460 ἐκκλησίας
1742 4390 1808 4460 ἐμ

1955 4373 2074 4460 non,
2110 4393 2204 4463 qui
2252 4393 2319 4447 ad
2359 4392 2570 4446 clavum
2608 4390 2899 4461 Ephesinae
2960 4389 3214 4452 Ecclesiae
3254 4389 3520 4443 sedebat:

244 4480 689 4550 πεπιστευμένος
705 4483 829 4543 τοὺς
845 4481 1058 4544 οἴακας·
1083 4481 1176 4534 καὶ
1189 4481 1254 4551 δὴ
1273 4483 1367 4534 καὶ
1385 4483 1411 4534 ὁ
1425 4482 1534 4536 τῶν
1549 4482 1809 4554 Ἱεροσολύ

1955 4486 2262 4543 luvenalius
2289 4501 2507 4554 quoque
2541 4482 3061 4553 Hierosolymorum.
3085 4481 3200 4545 Isti,
3247 4497 3353 4534 una
3395 4496 3520 4534 cum

245 4585 397 4636 μων,
446 4566 814 4631 Ἰουϐενὰλιος.
853 4568 1062 4630 υἴτινες
1098 4569 1195 4621 σὺν
1221 4572 1382 4622 παντὶ
1407 4571 1485 4641 τῷ
1525 4571 1624 4643 τῆς
1674 4573 1810 4625 συνό·

1954 4579 2114 4636 totius
2144 4578 2332 4649 synodi
2362 4592 2624 4631 consessu
2675 4577 2894 4640 caetero,
2947 4575 3031 4628 ab‘
3069 4573 3238 4643 impio
3265 4571 3519 4626 Nestorio

238 4660 341 4711 ὅου
381 4659 732 4729 πληρώματι,
760 4662 851 4712 τὸν
883 4661 1118 4731 δυσσεϐῆ
1151 4663 1465 4734 Νεστόριον,
1498 4681 1573 4716 ων
1621 4666 1803 4734 ἠσέϐει

1960 4669 2235 4739 inpietatis
2265 4683 2378 4722 sua:
2418 4682 2610 4736 plenas
2641 4665 3018 4735 reposcebant.
3049 4664 3143 4718 Ille
3197 4672 3376 4716 autem
3405 4661 3521 4715 An-

240 4752 412 4813 δίκας
470 4752 912 4822 είςεπράττοντο.
970 4755 1066 4817 Ὃς
1127 4756 1192 4806 ὲκ
1241 4753 1341 4824 τῆς
1408 4757 1700 4827 Ἀντιόχου,
1735 4759 1802 4829 τῆ

1954 4759 2142 4816 ;iochia
2173 4767 2328 4814 ortus
2373 4759 2440 4812 ad
2492 4758 2753 4813 Orontem
2793 4756 2993 4811 ﬂumen
3036 4755 3158 4818 sita,
3197 4764 3359 4823 atque
3392 4755 3519 4810 inde

241 4843 394 4911 πρὸς
449 4842 526 4912 τῷ
577 4841 823 4914 Ὀρόντῃ,
877 4843 1216 4913 ὁρμώμενος,
1248 4847 1340 4898 τὸν
1393 4848 1804 4902 Κωνσταντινου

1954 4851 2230 4916 irol'ectus,
2257 4851 2448 4905 solium
2481 4847 3149 4916 Constantinopolitanum
3198 4847 3344 4900 haud
3385 4862 3519 4903 sane

244 4935 466 4996 πόλεως
500 4935 689 5004 θρόνον
718 4936 817 4989 οὐκ
849 4937 1061 5004 εὐαγῶς
1104 4939 1480 5008 ἐγκεχείριστο
1517 4941 1651 5011 (I5).
1694 4942 1809 4995 Ἀλλ

1956 4942 2172 5013 egitime
2199 4941 2613 4996 conscenderat.
2644 4939 2832 4993 Infelix
2868 4938 2973 4992 iste
2996 4939 3160 4992 homo
3187 4938 3255 4992 de
3284 4938 3520 4993 lutulen-

242 5029 348 5080 διε
393 5024 738 5098 ταλαίπωρος
777 5021 931 5089 οὗτος
963 5065 978 5091 ,
1009 5030 1072 5080 ὲκ
1123 5027 1232 5083 τῶν
1264 5028 1375 5098 (16)
1418 5030 1681 5102 Διοδώρου
1736 5051 1807 5085 κα

1950 5035 2006 5088 Lis
2032 5033 2249 5089 Diodori
2277 5042 2333 5088 et
2361 5027 2635 5088 Theodori
2683 5029 3025 5100 impietatum
3065 5029 3515 5101 scaturiginibus,

323 5169 348 5199 θ
382 5163 572 5220 Matth.
617 5182 810 5232 xxvm,
839 5165 1032 5220 18-20·
1771 5238 1977 5296 ΝΟΤἉΡ

330 5326 376 5399 (I
390 5325 444 5397 5)
467 5326 591 5379 Οὐκ
613 5326 841 5396 εὐατῶς
862 5326 1286 5397 ἐγκεχείριστο.
1317 5327 1677 5399 lnauspicato,
1703 5331 1837 5385 alio-

1949 5348 2072 5384 sere.
2123 5330 2325 5384 Deinde
2375 5328 2653 5383 hominem
2701 5329 3022 5384 accersitum
3083 5331 3158 5386 ita
3211 5331 3514 5387 describit:

247 5402 389 5468 quin
423 5411 710 5469 perperam
738 5399 882 5451 haud
908 5400 1156 5451 ascendit
1183 5399 1580 5468 episcopatum,
1613 5402 1708 5455 sed
1737 5418 1836 5469 per
1944 5401 2079 5454 Erat
2112 5401 2219 5454 illic
2248 5400 2524 5453 [Vestorius
2549 5415 2613 5453 ea:
2649 5399 2936 5454 Germania
2963 5403 3238 5466 oriundus,
3261 5419 3381 5454 voce
3418 5403 3519 5453 im-

248 5468 681 5541 canonicam,si_
700 5471 821 5541 quis
842 5469 1004 5534 alius,
1031 5469 1382 5541 electionem.
1411 5469 1538 5541 Post
1569 5468 1835 5523 excessum
1941 5475 2126 5541 primis
2172 5488 2384 5528 sonora.
2435 5469 2616 5539 lingua
2663 5471 2883 5541 diserta,
2935 5481 2983 5524 et
3032 5473 3095 5524 ob
3142 5488 3258 5524 eam
3297 5487 3516 5524 causam

251 5539 506 5601 Sisinnii,
535 5537 710 5605 inquit
735 5538 1005 5600 Socrates,
1031 5538 1125 5592 lib.
1152 5555 1246 5602 vn,
1285 5555 1406 5609 cap.
1449 5539 1538 5605 27,
1565 5543 1732 5594 visum
1756 5551 1835 5594 est
1941 5537 2200 5595 tanauam
2225 5543 2294 5593 ad
2322 5537 2611 5592 docendum
2635 5540 2889 5608 populum
2909 5542 3193 5596 admodum
3221 5555 3515 5594 accommo-

252 5609 570 5680 imperalori
597 5617 807 5680 propter
837 5609 1069 5680 homines
1102 5611 1343 5680 inanium
1372 5627 1548 5663 rerum
1578 5621 1831 5678 appeten-
1939 5615 2118 5665 datus.
2152 5611 2463 5680 Accersitus
2491 5610 2671 5679 igitur,
2700 5619 2755 5663 et
2781 5612 3041 5664 canonice
3068 5611 3274 5665 electus
3301 5610 3515 5663 inthro-

254 5678 354 5743 tes,
379 5680 641 5752 neminem
663 5679 844 5752 existit
870 5678 1126 5752 Ecclesia,
1160 5678 1277 5732 licet
1305 5680 1471 5750 aliqui
1504 5680 1828 5750 Philippum,
1939 5683 2176 5735 nizatur.
2239 5679 2426 5745 Qualis
2487 5678 2670 5734 autem
2717 5680 2807 5734 ille
2857 5691 3046 5752 postea
3095 5681 3148 5733 in
3200 5681 3517 5751 episcopatu

256 5750 555 5818 complures
584 5747 832 5802 Proclum
865 5750 1196 5818 designatum
1226 5747 1494 5818 cuperent,
1535 5752 1603 5803 ad
1630 5747 1829 5818 episco-
1937 5752 2232 5811 exstiterit.
2270 5761 2458 5818 notum
2480 5759 2583 5804 est.

259 5816 445 5888 patum
473 5820 628 5875 illum
656 5820 866 5892 eligere,
907 5816 996 5873 sed
1037 5816 1301 5874 advenam
1335 5821 1612 5875 Antiochia
1648 5816 1823 5876 arces-

2004 5822 2120 5894 (16)
2165 5822 2261 5875 Ἐκ
2309 5817 2431 5874 τῶν
2457 5821 2747 5890 Διοδώρου
2775 5819 2875 5876 καί
2905 5818 3228 5888 Θεοδώρου.
3269 5816 3521 5890 Intelligit
