3964 6478
472 416 591 484 639

1652 430 1920 492 ΡΗΟΤΙΙ
1956 432 2465 495 PATRIARCHZE
2515 434 2626 495 CP.

3723 420 3822 483 640

474 534 567 588 ubi
609 543 892 603 potaverat
915 539 1051 610 ipse,
1103 552 1158 600 et
1184 555 1371 603 mente
1421 548 1607 603 ebrius
1637 563 1760 603 esse
1788 558 2053 619 coeperat,

2173 549 2433 620 θεοδώρου
2455 549 2693 620 θολερῶν
2716 548 2815 619 τῆς
2839 545 3094 608 ἀσεϐείας
3133 539 3384 613 ὲκροφή
3394 555 3509 600 σας
3531 536 3814 607 ναμάτων,

471 627 540 683 ad
574 629 878 698 perniciem
928 634 1105 706 gregis
1139 638 1246 705 sui,
1279 639 1546 694 absurdas
1575 646 1633 694 et
1681 638 2061 696 abhorrendas

474 721 736 790 quasdam
790 739 949 779 voces
978 727 1274 783 multorum
1311 730 1538 785 auribus
1559 730 1860 801 ingerebat.
1900 731 2064 786 Chri-

477 822 620 869 stum
655 817 873 884 etenim,
913 820 1007 875 Dei
1038 822 1235 878 Filium
1295 825 1541 890 unicum,
1593 824 1766 881 Deum
1810 836 2063 881 nostrum

477 923 688 973 verum,
719 910 811 978 qui
838 921 1066 983 propter
1093 932 1195 971 nos
1226 925 1281 973 et
1313 919 1545 973 salutem
1594 926 1838 974 nostram
1880 921 2064 976 carnis

476 1007 638 1066 atque
669 1001 949 1071 sanguinis
977 1007 1172 1070 nostri,
1210 1008 1404 1064 similis
1430 1010 1590 1065 nobis
1610 1009 1789 1066 factus
1835 1011 2064 1081 partici-

475 1090 644 1160 pavit,
670 1101 725 1147 et
754 1092 807 1146 in
840 1094 1082 1165 seipsum
1111 1109 1352 1153 nostram
1407 1100 1712 1170 suscipiens
1748 1110 1805 1157 et
1855 1102 2062 1157 substi-

476 1189 637 1236 tuens
667 1199 923 1252 massam,
984 1204 1126 1244 unus
1168 1205 1198 1245 e
1220 1191 1433 1247 duobus
1466 1193 1753 1248 contrariis
1798 1194 2065 1250 conﬂatus

477 1273 794 1331 dicebatur:
823 1279 967 1333 Deus
988 1297 1187 1352 nempe
1208 1283 1350 1338 idem
1381 1293 1546 1355 atque
1578 1287 1742 1340 homo
1770 1289 2061 1351 exsistens,

479 1383 622 1422 unus
656 1368 924 1434 Christus,
958 1372 1127 1429 Filius
1152 1391 1314 1442 unus,
1343 1377 1487 1431 idem
1512 1378 1800 1433 desursum
1838 1393 1870 1433 e
1900 1379 2065 1435 Patre

480 1459 599 1514 sine
624 1471 818 1531 matre,
842 1464 932 1535 qui
964 1466 1220 1523 deorsum
1264 1477 1382 1524 erat
1412 1485 1443 1525 e
1482 1480 1658 1526 matre
1710 1471 1832 1526 sine
1856 1470 2016 1528 Patre
2045 1492 2059 1528 :

481 1550 599 1619 ipse
627 1560 810 1609 etnon
839 1556 1003 1625 alius,
1035 1559 1225 1614 eadem
1258 1576 1493 1630 persona
1519 1604 1532 1629 ,
1569 1563 1874 1635 hypostasis
1908 1582 2016 1620 una
2049 1584 2064 1621 :

483 1639 639 1698 Hunc
662 1645 867 1701 scilicet
890 1665 1057 1704 unum
1088 1649 1379 1707 Dominum
1410 1666 1660 1709 nostrum
1694 1653 1883 1711 Jesum
1901 1655 2066 1711 Chri-

484 1742 626 1788 stum
663 1736 1067 1796 infelicissimus
1090 1742 1178 1796 ille
1205 1744 1343 1799 nihil
1372 1747 1581 1801 veritus
1632 1746 1689 1801 in
1718 1747 1856 1803 duas
1892 1748 2066 1820 hypo-

485 1836 658 1882 stases
683 1827 959 1885 dissecare
978 1840 1033 1886 et
1053 1832 1325 1904 dividere,
1362 1836 1587 1890 alteram
1620 1851 1834 1891 merum
1877 1846 1933 1892 ct
1958 1854 2066 1907 pu-

2167 642 2264 696 καὶ
2293 643 2373 704 είς
2419 644 2633 711 φρενῶν
2663 639 2833 711 μέθην
2867 636 3158 709 ἐμπεσὼν,
3191 633 3472 702 ἀπηχεῖς
3528 631 3634 682 καὶ
3686 631 3823 684 ὲκτό-

2166 752 2303 799 πους
2333 733 2537 805 φωνὰς,
2567 733 2660 787 ἐπὶ
2692 731 2843 804 λύμῃ
2885 730 2979 784 τοῦ
3010 726 3330 799 ποιμνίου,
3368 719 3607 805 πολλῶν
3637 721 3821 788 ἀκοαῖς

2166 826 2603 897 ὲναπηρεὺξατο.
2628 822 2864 894 Χριστὸν
2901 819 3032 891 γάρ,
3056 819 3157 872 τὸν
3193 817 3311 869 ἕνα
3345 811 3503 866 Θεοῦ
3538 813 3819 883 Υίὸνυῖ),

2165 915 2258 970 τὸν
2301 913 2556 985 ἀληθινὸν
2601 914 2734 967 Θεὸν
2769 910 2947 982 ἡμῶν,
2983 908 3043 973 ὃς
3071 908 3148 961 δι’
3185 908 3225 977 ἡ
3238 905 3368 974 μᾶς
3426 902 3535 958 καὶ
3572 903 3668 958 διά
3726 903 3819 975 τήν

2164 1006 2442 1078 ἡμετέραν
2492 1005 2767 1076 σωτηρίαν
2815 1002 3017 1074 σαρκὸς
3049 1040 3064 1065 ,
3130 1000 3294 1069 ἡμῖν
3351 995 3815 1065 παραπλησίως,

2167 1098 2505 1171 κοινωνήσας
2555 1097 2651 1152 καὶ
2684 1096 2939 1166 αἵματος,
2975 1091 3071 1146 καὶ
3117 1093 3217 1153 εἰς
3250 1087 3480 1142 ἑαυτὸν
3511 1086 3580 1140 τὸ
3628 1088 3661 1158 ἠ
3671 1087 3819 1158 μέτε-

2171 1208 2262 1262 ρον
2302 1190 2753 1261 ὑποστησάμενος
2783 1187 3035 1259 φύραμα,
3061 1178 3152 1246 εἷς
3186 1184 3267 1235 ὲκ
3304 1180 3415 1234 δύο
3471 1180 3815 1250 ἐχρημάτισε

2166 1284 2275 1337 τῶν
2317 1281 2600 1343 ἐναντίοιν,
2643 1278 2777 1342 Θεὸς
2804 1280 2833 1332 6
2874 1276 3040 1338 αὐτὸς
3092 1273 3406 1343 ὑπάρχων
3449 1271 3555 1323 καὶ
3611 1268 3812 1341 ἄνθρωο

2168 1392 2270 1439 πος
2295 1391 2308 1406 ·
2342 1369 2421 1438 εἷς
2453 1371 2712 1445 Χριστὸς,
2741 1364 2823 1433 εἷς
2854 1370 3001 1434 Υἱὸς,
3026 1368 3054 1422 6
3081 1364 3279 1428 αὐτὸς
3314 1362 3447 1417 ἄνω
3483 1363 3555 1415 ὲκ
3600 1362 3811 1433 Πατρὸς

2169 1468 2423 1538 ἀμήτωρ,
2456 1465 2551 1518 καὶ
2578 1465 2731 1517 κάτω
2755 1463 2822 1515 ἐκ
2856 1459 3063 1531 μητρὸς
3092 1457 3372 1526 ἀπάτωρ
3409 1470 3427 1484 ·
3459 1455 3493 1507 6
3523 1451 3694 1517 αὐτὸς
3728 1455 3809 1508 καὶ

2168 1561 2268 1614 οὑκ
2283 1558 2441 1622 ἄλλος
2468 1574 2484 1590 ·
2509 1556 2567 1610 ἓν
2583 1557 2896 1626 πρόσωπον,
2930 1553 3029 1624 μία
3058 1553 3437 1611 ὑπόστασις.
3488 1545 3702 1599 Τοῦτον
3747 1548 3805 1614 δὴ

2168 1652 2262 1706 τὸν
2308 1650 2428 1717 ἕνα,
2457 1648 2659 1720 Κύριον
2694 1646 2853 1718 ἡμῶν
2889 1645 3097 1715 Ἰησοῦν
3161 1643 3273 1697 τὸν
3302 1638 3595 1711 Χριστὸν,
3625 1638 3705 1701 εἰς
3726 1636 3805 1692 δύο

2169 1745 2389 1815 τέμνειν
2422 1741 2515 1795 καὶ
2534 1740 2766 1809 διαιρεῖν
2782 1737 3130 1804 ὑποστάσεις,
3164 1737 3198 1789 6
3230 1731 3583 1806 τρισάθλιος
3615 1732 3802 1794 ézaivo;

2170 1835 2232 1889 οὑ
2283 1833 2593 1905 πεφρικὼς,
2621 1831 2715 1885 τὸν
2763 1830 2862 1901 μὲν
2901 1828 3060 1900 ψιλὸν
3108 1827 3470 1897 ἄνθρωπον.
3513 1823 3615 1877 καὶ
3653 1824 3800 1893 χωρξ

482 1933 605 1972 rum
638 1919 915 1976 hominem
949 1924 1212 1980 confinxit
1271 1927 1326 1980 in
1357 1943 1458 1982 sua
1503 1929 1724 1999 propria
1777 1930 2059 2000 hypostasi

2173 1924 2261 1979 τοῦ
2306 1923 2716 1997 προσλαϐόντος
2782 1922 2959 1990 Λόγου
2988 1963 3003 1987 ,
3055 1920 3186 1975 κατ’
3259 1919 3422 1972 ἰδίαν
3483 1916 3792 1979 ὑπόστασιν,

483 2010 897 2081 subsistentem,
947 2018 1239 2086 separatim
1270 2033 1302 2073 a
1344 2019 1525 2075 Verbo
1559 2031 1892 2087 assumente,
1925 2022 2063 2076 alte-

483 2124 596 2162 ram
629 2124 758 2163 vero
788 2110 1002 2167 divisim
1042 2114 1213 2169 Deum
1255 2126 1568 2171 assumento
1596 2117 1745 2172 omni
1801 2132 2065 2187 corporeo

481 2200 814 2257 denudatum
847 2220 864 2259 :
900 2205 1108 2260 veritus
1146 2205 1414 2271 fortassis,
1441 2224 1549 2278 qua
1580 2208 1685 2263 fuit
1716 2208 1965 2275 stultitia,
1995 2224 2066 2265 ne

480 2293 611 2362 quid
644 2302 924 2364 pateretur
951 2296 1111 2362 Deus,
1138 2298 1268 2352 dum
1300 2308 1525 2369 propter
1550 2315 1793 2354 amorem
1815 2315 1942 2372 erga
1967 2300 2068 2356 ho-

482 2382 661 2438 mines
683 2384 1115 2455 inexplicabilem
1144 2403 1301 2442 suam
1333 2389 1508 2459 ipsius
1533 2390 1703 2445 subiit
1732 2398 2063 2458 creaturam,

483 2482 543 2527 ut
561 2472 707 2529 illam
722 2475 1012 2546 reiingeret
1032 2485 1087 2532 et
1106 2487 1444 2548 persanaret.
1459 2477 1647 2549 Neque
1664 2479 1798 2535 illud
1813 2480 2065 2536 animad-

481 2563 669 2626 vertit,
704 2564 851 2634 quod
874 2581 941 2620 eo
979 2567 1097 2637 ipso
1146 2567 1202 2621 in
1232 2584 1346 2637 quo
1379 2578 1634 2623 naturam
1673 2568 1969 2624 humanam
1997 2570 2067 2627 ab

481 2654 760 2726 hypostasi
800 2655 965 2713 Verbi
1018 2660 1315 2730 separavit,
1354 2662 1602 2716 eamdem
1659 2661 1819 2732 plane
1848 2662 2069 2718 insana-

478 2743 645 2798 bilem
697 2754 859 2816 atque
927 2749 1289 2805 incurabilem
1358 2752 1773 2821 praedicaverit;
1843 2752 2069 2824 ipseque

480 2834 617 2891 adeo
645 2852 799 2893 suam
839 2841 1114 2909 propriam
1135 2842 1365 2897 salutem
1396 2852 1704 2909 aversetur,
1738 2860 1859 2900 eam
1907 2845 2068 2915 plane

479 2927 822 3000 abnegando.
856 2930 964 2987 Sed
988 2942 1045 2987 et
1072 2933 1325 3001 ulterius,
1356 2935 1512 3005 quasi
1542 2936 1685 2991 ratio
1712 2936 1816 3007 ipsi
1847 2936 2066 3009 penitus

480 3018 676 3077 fuisset
708 3034 1056 3094 expectorata
1114 3042 1144 3081 a
1198 3027 1479 3098 perversis
1527 3028 1682 3084 hisce
1716 3028 2069 3099 opinionibus

481 3112 615 3175 suis,
645 3114 758 3182 pati
800 3115 976 3171 noluit
1030 3127 1262 3172 matrem
1314 3118 1435 3189 ejus
1481 3117 1787 3173 secundum
1817 3131 2065 3187 carnem,

403 3273 413 3282 υ
480 3204 880 3261 sanctissimam
925 3223 1125 3278 nempe
1153 3208 1456 3281 Virginem,
1491 3225 1616 3280 quas
1645 3209 1916 3265 veraciter
1937 3210 2067 3280 qui-

2168 2014 2421 2080 ἔπλαττε,
2451 2018 2545 2069 τὸν
2601 2014 2659 2068 δὲ
2704 2014 2839 2067 Θεὸν
2892 2012 3000 2067 ἀνά
3057 2012 3271 2081 μέρος,
3325 2008 3435 2061 καὶ
3486 2006 3793 2078 γυμνὸντοῦ

2167 2107 2597 2179 προσλήμματος
2636 2124 2651 2137 ·
2697 2105 2888 2176 ὥσπερ
2931 2103 3197 2166 δεδοικὼς
3239 2105 3274 2156 ὁ
3321 2101 3596 2169 ἀνόητος,
3635 2101 3706 2169 μή
3747 2116 3789 2152 τι

2167 2200 2302 2265 Θεὸς
2358 2200 2544 2265 πάθοι,
2568 2201 2632 2253 τὸ
2684 2201 2886 2253 οἰκεῖον
2946 2197 3181 2266 πλάσμα
3220 2195 3300 2249 δι’
3354 2195 3582 2262 ἄφατον
3619 2192 3788 2261 φιλαν-

2168 2290 2438 2362 θρωπίαν,
2466 2290 2547 2353 είς
2568 2289 2889 2360 θεραπείαν,
2920 2288 3017 2341 καὶ
3035 2286 3375 2342 ἀνάπλασιν
3403 2282 3779 2353 ὑποδυόμενος.

2170 2383 2307 2438 Οὐδὲ
2329 2382 2489 2437 τοῦτο
2527 2379 2777 2447 συνιδὼν,
2816 2381 2893 2444 ὡς
2925 2376 3008 2442 οἷς
3036 2378 3137 2450 τὴν
3191 2375 3588 2448 ἀνθρωπίνην
3645 2372 3784 2444 φύσιν

2169 2477 2268 2548 τῆς
2292 2475 2389 2529 τοῦ
2428 2474 2604 2543 Λόγου
2639 2472 2886 2544 ἐδίκαζεν
2916 2472 3317 2535 ὑποστάσεως,
3365 2468 3600 2522 ἀνίατον
3632 2465 3789 2537 αὐτὴν¹

2171 2569 2267 2623 καὶ⁵
2292 2565 2666 2635 ἀθεράπευτον
2698 2565 3055 2636 ἀνεκήρυττε,
3085 2563 3187 2617 καὶ
3239 2562 3349 2631 τῆς
3390 2560 3539 2623 ἰδίας
3581 2558 3778 2630 ἔξαρνος

2172 2661 2448 2733 σωτηρίας
2476 2659 2742 2729 ἐγίγνετο.
2781 2657 2940 2711 Ἀλλά
2954 2656 3064 2727 γὰρ
3087 2656 3138 2722 ι,
3163 2656 3312 2718 τοὺς
3337 2651 3770 2723 λογισμοὺςόλως

2170 2753 2237 2806 ὲκ
2265 2751 2470 2805 τούτων
2500 2750 2876 2823 διαστραφεὶς,
2904 2747 3029 2803 οὑδὲ
3055 2748 3158 2819 τὴν
3185 2746 3375 2801 αὑτοῦ
3428 2746 3579 2799 κατά
3620 2745 3773 2814 σάρκα

2174 2842 2414 2914 μητέρα,
2460 2842 2559 2915 τὴν
2613 2841 2887 2912 παναγίαν
2937 2839 3247 2912 Παρθένον,
3279 2839 3392 2910 τὴν
3447 2837 3651 2909 κυρίως
3688 2834 3766 2889 καὶ

2169 2934 2388 3005 ἀληθῶς
2415 2934 2508 2989 τὸν
2534 2934 2666 2989 Θεὸν
2690 2934 2863 3002 Λόγον
2888 2930 3335 3004 σεσαρκωμὲνον
3356 2928 3653 2992 τεκοῦσαν,
3668 2926 3769 2980 οὐδὲ

2169 3027 2374 3098 ταύτην
2407 3027 2595 3082 καλεῖν
2625 3027 2887 3080 Θεοτόκον
2915 3027 3183 3097 ἠνέσχετο
3218 3041 3235 3056 ·
3289 3022 3418 3078 ἀλλ’
3461 3020 3646 3092 ὥσπερ
3688 3018 3761 3071 τὸν

2169 3118 2301 3173 Υίὸν
2332 3118 2628 3187 ἀπεστέρει
2655 3117 2756 3189 τῆς
2781 3117 3060 3188 θεότητος,
3101 3115 3292 3178 οὑτως
3352 3112 3643 3185 ἡλλοτρίου
3685 3111 3761 3162 καὶ

2170 3211 2272 3280 τὴν
2302 3209 2714 3281 γεννησαμένην
2743 3210 2843 3280 τῆς
2867 3206 3132 3261 Θεοτόκου
3168 3206 3467 3277 κλήσεως.

479 3296 603 3351 dem
632 3313 663 3351 a
694 3300 953 3367 peculiari
984 3317 1083 3356 suo
1114 3302 1274 3358 modo
1297 3303 1469 3358 Deum
1505 3303 1746 3359 Verbum
1803 3305 2150 3360 incarnatum
2213 3311 2520 3374 pepererat,
2569 3302 2856 3374 Deiparam
2909 3300 3181 3356 nominari
3219 3319 3234 3355 :
3282 3299 3390 3356 sed
3457 3298 3536 3353 uti
3592 3295 3753 3350 Filium

478 3392 721 3466 privarat
746 3395 969 3462 deitate,
1002 3397 1077 3453 ita
1109 3409 1390 3469 parentem
1409 3400 1531 3471 ejus
1561 3415 1591 3454 a
1626 3400 1783 3456 titulo
1812 3400 2071 3473 Deiparaz-
2101 3400 2338 3455 alienam
2362 3398 2512 3454 fecit.

552 3484 640 3541 12.
662 3486 926 3553 Quocirca
959 3490 1128 3555 hunc,
1153 3500 1317 3562 prout
1335 3493 1566 3548 meritus
1596 3491 1779 3548 fuerat
1800 3507 1901 3564 per
1926 3494 2070 3549 hanc
2096 3499 2141 3556 C

478 3592 634 3631 suam
671 3577 940 3633 insaniam
972 3588 1029 3655 et
1063 3581 1303 3653 linguam
1334 3583 1738 3652 blasphemam,
1779 3599 1937 3640 sacer
1976 3584 2069 3640 hic

477 3668 762 3724 beatorum
792 3668 1015 3726 Patrum
1049 3674 1336 3729 confessus
1374 3675 1525 3730 omni
1553 3675 1859 3731 sacerdotio
1888 3676 2065 3731 denu-

476 3760 647 3829 davit,
677 3770 752 3830 et,
787 3779 893 3817 una
916 3778 1040 3819 cum
1062 3764 1236 3836 ipsius
1257 3767 1480 3838 propria
1495 3774 1551 3822 et
1583 3766 1905 3823 detestanda
1939 3782 2067 3822 sen—

477 3855 671 3922 tentia,
701 3855 1036 3926 sempiterno
1061 3857 1298 3928 subjecit
1348 3857 1707 3916 anathemati.
1770 3858 2064 3916 Dominum

477 3962 611 4003 vero
636 3956 888 4003 nostrum
931 3947 1120 4005 Jesum
1181 3950 1486 4015 Christum,
1520 3950 1576 4006 in
1625 3967 1734 4007 una
1763 3962 1821 4008 et
1871 3953 2063 4008 eadem

477 4042 791 4116 hypostasi,
851 4059 1004 4100 more
1024 4045 1194 4100 veteri
1218 4053 1275 4101 et
1300 4060 1334 4101 a
1363 4046 1586 4102 Patrum
1623 4047 1917 4103 traditione
1972 4063 2066 4103 ac—

476 4145 657 4206 cepto,
695 4137 1099 4207 praedicandum
1156 4138 1567 4193 ctadorandum
1595 4139 1888 4195 decrevere
1916 4139 2067 4196 :Nec

474 4242 611 4291 non,
643 4238 805 4297 prout
824 4243 1167 4299 consequens
1188 4239 1326 4292 erat,
1348 4230 1750 4286 immaculatam
1772 4240 1828 4288 et
1850 4247 2067 4303 semper

475 4319 746 4390 virginem
778 4320 898 4390 ejus
923 4320 1147 4376 Matrem
1181 4321 1401 4392 proprie
1433 4331 1488 4377 et
1515 4339 1645 4379 vere
1670 4323 2063 4379 nominandum

478 4419 535 4465 et
564 4411 967 4481 praedicandam
995 4412 1280 4485 Deiparam
1312 4414 1626 4484 prodidere.
1656 4414 1735 4470 Eo
1762 4418 1910 4470 enim
1943 4418 2064 4487 ipso

477 4502 625 4572 quod
664 4500 849 4577 Deum
878 4503 1139 4568 Verbum,
1182 4506 1239 4559 in
1271 4521 1437 4561 carne
1465 4505 1751 4577 dignatum
1768 4506 1944 4571 nasci,
1968 4522 2067 4577 pe-

477 4594 639 4662 perit,
662 4576 958 4665 Deiparam
988 4610 1093 4650 nec
1114 4595 1314 4666 injuria
1343 4606 1399 4651 et
1422 4576 1610 4652 diciet
1639 4597 1745 4652 coli
1779 4603 1841 4652 et
1870 4576 1985 4668 pari
2009 4608 2067 4654 et

478 4696 727 4741 sanctum
753 4687 1050 4757 cst.Atque
1074 4689 1225 4744 hisce
1243 4689 1317 4743 ita
1345 4688 1724 4744 determinatis
1752 4689 1917 4744 ﬁnem
1943 4705 2067 4745 sus-

2253 3490 2340 3563 ιβ’.
2364 3490 2443 3544 Δι’
2468 3490 2497 3545 ὃ
2526 3489 2737 3555 τοῦτον,
2763 3490 2932 3557 ἀξίως
2969 3489 3072 3559 τῆς
3111 3488 3474 3560 τηλικαύτης
3526 3484 3747 3546 ἀπονοίας

2175 3583 2387 3653 καὶτῆς
2417 3583 2738 3655 βλασφήμου
2781 3584 3058 3653 γλώσσης,
3083 3582 3196 3636 τῶν
3225 3581 3534 3652 μακαρίων
3561 3574 3745 3648 πατρῶν

2174 3677 2204 3730 6
2237 3674 2493 3743 σύλλογος
2523 3674 2702 3745 πάσης
2744 3691 2806 3727 τε
2858 3671 3163 3745 ἱερωσύνης
3194 3671 3527 3743 ἐγύμνωσε,
3552 3669 3639 3723 καὶ
3674 3665 3739 3718 σὺν

2173 3767 2254 3838 τῷ
2281 3769 2470 3840 οἰκείῳ
2509 3768 2606 3821 καὶ
2651 3766 3044 3838 βδελυρωτάτῳ
3094 3767 3423 3837 φρονήματι
3455 3762 3534 3834 τῷ
3576 3757 3731 3825 αίωνέῳ

2177 3858 2548 3932 παρέπεμψαν
2577 3858 2902 3928 ἀναθὲματι.
2934 3858 3041 3911 Τὸν
3087 3857 3145 3910 δὲ
3198 3856 3418 3927 Κύριον
3470 3852 3626 3924 ήμῶν
3667 3850 3739 3917 Ἰηο

2177 3952 2305 4007 σοῦν
2332 3952 2589 4023 Χριστὸν,
2617 3953 2678 4006 ἐν
2721 3952 2823 4024 μιᾷ
2854 3952 2949 4005 καὶ
2998 3954 3066 4022 τῇ
3123 3951 3268 4021 αὑτῇ
3318 3949 3617 4003 ὑποστάσει
3657 3960 3740 3996 παι

2172 4044 2598 4117 τροπαραδότως
2648 4045 2743 4099 καὶ
2786 4043 3136 4117 ὁσιοπρεπῶς
3178 4040 3616 4115 προσκυνεῖσθαι
3668 4036 3741 4089 καὶ

2175 4135 2544 4209 κηρύττεσθαι
2588 4135 3034 4205 δογματίσαντες,
3063 4132 3386 4197 ἀκολούθως
3413 4132 3505 4185 καὶ
3530 4128 3621 4199 τὴν
3657 4139 3738 4176 παι

2175 4232 2478 4301 νάχραντον
2513 4228 2680 4283 αὑτοῦ
2711 4229 2803 4282 καὶ
2858 4227 3247 4298 Ἀειπαρθένον
3311 4225 3532 4298 μητέρα
3566 4217 3736 4289 κυρίως

2176 4323 2273 4378 καὶ
2301 4323 2520 4395 ἀληθῶς
2560 4321 2843 4376 καλεῖσθαι
2884 4322 2979 4375 καὶ⁵
3007 4319 3456 4391 ἀνευφημεῖσθαι
3513 4311 3737 4369 Θεοτόκον

2174 4416 2643 4488 παραδεδώκασιν.
2712 4410 2810 4481 Οἷς
2863 4415 2975 4486 γὰρ
3018 4416 3111 4468 τὸν
3171 4414 3311 4467 Θεὸν
3357 4413 3550 4478 Λόγον,
3601 4398 3736 4472 σαρκὶ

2174 4509 2501 4579 γεννηθῆναι
2530 4509 2992 4581 καταδεξάμενον,
3027 4509 3275 4573 τέτοκεν,
3306 4505 3571 4564 Θεοτὸκος
3618 4493 3733 4549 ἐνδε-

2174 4614 2287 4661 κως
2309 4598 2706 4669 δοξολογεῖσθαι
2736 4600 2831 4654 καὶ
2854 4597 3220 4671 ὀνομάζεσθαι
3262 4596 3582 4664 ὲξωσίωται.
3614 4583 3726 4641 Ἀλλ’

2174 4689 2268 4742 ἐπὶ
2300 4690 2512 4755 τούτοις
2549 4691 2647 4762 μὲν
2695 4693 2791 4745 ml.
2821 4691 2961 4763 αὕτη
3002 4692 3063 4745 τὸ
3094 4690 3249 4754 τέλος
3307 4690 3559 4760 ἔσχηκεν,
3590 4679 3727 4750 ἡνίκα

477 4777 621 4848 cepit
678 4785 735 4833 et
781 4778 886 4835 ista
934 4780 1176 4851 synodus
1221 4796 1330 4851 quo
1379 4788 1626 4852 tempore
1693 4780 2065 4838 Theodosium

2173 4781 2267 4836 τὸν
2306 4782 2427 4838 νέον
2463 4783 2738 4838 Θεοδόσιον
2783 4786 2816 4855 ή
2869 4785 3154 4855 Ῥωμαῖκὴ
3211 4781 3461 4836 πολιτεία
3503 4767 3726 4846 γαληνοῖς

1763 4924 2001 4982 VABLE
2039 4924 2442 4985 LECTIONES.

2024 5068 2263 5126 NOTIE.

554 4987 582 5029 ι
606 4988 695 5045 ῐσ.
726 4989 802 5054 ὡς
829 4991 947 5045 καί.

479 5148 923 5232 ῌορξιιεειειιιιαι
969 5164 1027 5232 et
1062 5157 1416 5232 _Ta_rsensem
1481 5161 1788 5231 episcopos,
1853 5162 1944 5232 qui
1999 5174 2057 5219 et

481 5222 779 5303 doctissimi
803 5233 858 5303 et
882 5227 1375 5303 orthodoxi_erant,
1399 5242 1495 5303 aut
1518 5222 1884 5299 habebantur;
1914 5248 2059 5303 prae-

479 5292 643 5373 cipue
688 5292 1075 5373 Diodorus,_e_t
1107 5315 1138 5353 a
1172 5292 1392 5373 Basilio,
1424 5300 1815 5373 Chrysostomo
1837 5292 2066 5359 ae'aliis

479 5361 789 5425 laudantur,
820 5361 925 5420 nec
951 5368 1055 5443 nisi
1084 5371 1283 5425 mortui
1306 5372 1358 5424 in
1380 5361 1793 5443 'ususpicionem
1823 5374 2066 5429 haeeseos

481 5447 717 5514 venere,
747 5438 1155 5514 et__sequiorum
1190 5442 1479 5514 saeculorm
1514 5438 1770 5498 calarmis
1803 5460 2059 5514 pungun-

484 5512 595 5626 tutr,
627 5506 718 5626 qui
756 5505 889 5560 mihi
919 5512 1029 5561 ιιοιι
1063 5512 1395 5577 persuadent
1432 5513 1606 5569 fuisse
1639 5505 2066 5570 haereseosvlabe

484 5587 540 5626 ιιι
567 5590 629 5626 ec
657 5591 739 5626 os.

484 5585 739 5630 11118οῐ08.

557 5644 670 5713 (l7)
689 5648 1107 5726 Δξίρισιξὸνχγὰρ
1130 5649 1246 5726 ’τὸν
1267 5650 1377 5726 ἐξα
1404 5653 1554 5726 Θεοῦ
1579 5657 1733 5726 Υἱόν.
1771 5655 1851 5710 lta
1880 5655 2068 5726 legen-

486 5710 661 5782 dum;
684 5710 818 5772 Nam
865 5710 1048 5773 statim
1067 5710 1202 5782 'ait,
1235 5722 1427 5775 τοῦτον
1457 5723 1516 5775 δὲ
1546 5726 1638 5777 τὸν
1668 5725 1765 5777 ἕνα
1786 5744 1800 5755 ’
1843 5710 2070 5780 seduad—

494 5781 729 5843 ﬂendum
776 5797 863 5845 est
903 5789 1062 5857 Θεοῦ,
1092 5790 1196 5848 hoc
1223 5792 1409 5861 modo,
1435 5794 1672 5864 Χριστὸν
1696 5796 1808 5866 γὰρ
1841 5796 1932 5850 τὸν
1970 5795 2071 5849 ἕνα

2179 5165 2317 5220 Θεοῦ
2346 5165 2496 5241 Υξόν,
2526 5164 2792 5241 C/tristum
2818 5162 3030 5241 unicum
3063 5163 3161 5241 ῼεί
3188 5162 3403 5241 filium.
3440 5153 3621 5241 Statim
3640 5164 3721 5241 Et:

2149 5253 2343 5307 ,pono,
2386 5220 2613 5299 ὡς’καὶ
2661 5234 2798 5307 τοὺς
2833 5234 3148 5307 λογισμούς.
3205 5232 3273 5287 Ει
3310 5247 3462 5307 mox,
3496 5228 3584 5304 τὸν
3621 5220 3721 5307 νξξλν

2174 5304 2476 5372 Θεοδόσιον,
2516 5321 2679 5375 quem
2712 5305 2802 5360 alii
2839 5305 3036 5377 μικρὸν
3064 5313 3287 5377 vocant,_
3310 5304 3409 5356 hoc
3439 5307 3536 5355 est,
3554 5304 3712 5377 lunia:

2176 5394 2309 5440 rem,
2363 5370 2470 5445 qui
2503 5370 2753 5447 regnavit
2804 5370 2981 5429 annos
3031 5373 3119 5429 42.
3163 5377 3222 5429 1η
3275 5374 3375 5427 hac
3419 5370 3714 5447 syII0d0.f3§

2176 5426 2997 5518 satiatam;transitans,
3034 5426 3301 5518 certatum
3350 5426 3631 5518 θειξιξδίιιιθ
3659 5426 3715 5518 εῙᾷ

2175 5519 2684 5591 anathematismos,
2703 5589 2714 5591 _
2734 5518 2878 5571 inter
2927 5505 3185 5584 Cvrillum
3224 5505 3712 5591 Alexandrinum.le

2177 5571 2444 5644 tioan‘nem
2500 5571 3031 5652 Antiochenumfa
3083 5591 3240 5657 cujus
3289 5571 3712 5657 partibl's,5‘al_’f'_‘

2178 5660 2528 5715 doctissimus
2562 5658 2974 5721 Theodoretus,
3007 5657 3116 5714 hoc
3145 5651 3229 5713 est
3280 5651 3416 5712 inter
3458 5651 3707 5718 ερῑεοοιιοδ

2180 5729 2496 5787 Orientales
2526 5737 2582 5783 et
2616 5727 2986 5802 :Egyptiacos.

3868 5750 3885 5923 ἱ
