3964 6436
197 363 300 430 δίῙ

1353 364 1894 426 EPISTOLARUM
1925 365 2160 425 LIBER
2204 366 2253 425 Ι.

3354 376 3462 442 642

197 480 349 552 ἐώρα
381 479 677 551 ὀφθαλμοῖς
721 481 821 552 τὴν
858 477 1115 552 πατρῴαν
1147 479 1243 532 καὶ
1301 478 1571 549 βασίλειον
1603 478 1776 548 ἀρχὴν

1890 476 2163 546 juniorem
2217 477 2458 530 Romana
2519 479 2820 548 respublica
2887 482 3063 537 oculis
3121 489 3332 543 serenis
3377 491 3463 544 in-

195 576 265 626 ὲκ
290 571 570 644 τριγονίας
591 571 897 624 διανύοντα.

275 739 366 800 ιγ’.
406 731 543 786 Ἡδὲ
589 731 720 798 ἁγία
742 731 835 784 καὶ
862 729 1215 799 οίκουμενικὴ
1247 727 1484 798 τετάρτη
1537 725 1774 791 σύνοδος,

195 823 291 876 τὸν
328 826 386 877 ἐν
415 823 729 890 βασιλεῦσιν
759 823 1149 876 εὐσεόέστατον
1168 821 1481 891 Μαρκιανὸν
1506 837 1771 891 συμπαρ-

206 917 342 968 όντα
402 921 493 970 καὶ
556 915 899 986 συμπνέοντα
945 916 1162 984 ἔχουσα,
1203 913 1312 966 τῶν
1360 913 1626 981 ἀληθινῶν
1681 913 1779 982 μὲν

193 1008 488 1079 δογμάτων
521 1009 886 1078 ἀκροατήριον
924 1007 1032 1078 (18)
1071 1007 1286 1074 ἀνιέρου
1309 1005 1408 1075 τὴν
1437 1005 1776 1075 Χαλκηδόνα,

194 1101 359 1153 πόλιν
384 1101 636 1164 Βιθυνίας
655 1098 820 1154 οὖσαν
848 1101 1141 1170 ἐπίσημον.
1175 1101 1263 1152 Ἐν
1291 1099 1584 1169 τριάκοντα
1604 1098 1660 1151 δὲ
1685 1099 1779 1152 καὶ

196 1193 508 1260 ἑξακοσίοις
568 1195 660 1248 τὸν
703 1195 938 1265 ἀριθμὸν
1012 1194 1329 1259 ἐξετείνετο.
1374 1191 1483 1258 Ἧς
1556 1195 1779 1263 λογάδες

197 1285 577 1354 ἐχρημάτιζον
637 1285 944 1350 Ἀνατόλιός
991 1304 1050 1338 τε
1077 1288 1105 1340 ὁ
1135 1287 1233 1356 τῆς
1258 1285 1531 1356 βασιλίδος
1573 1285 1780 1346 πόλεως

195 1379 327 1438 τοὺς
355 1377 705 1446 ίεραρχικούς
736 1376 971 1447 θεσμοὺς
998 1378 1422 1447 ὲγκεχρισμένος
1453 1376 1562 1446 (i9)
1597 1374 1614 1412 1
1654 1392 1665 1404 '
1687 1375 1781 1428 καὶ

195 1469 263 1538 δὴ
300 1469 639 1537 Πασχασῖνός
663 1485 722 1520 τε
740 1469 834 1521 καὶ
853 1469 1186 1531 Λουκίνσιος,
1202 1466 1545 1536 ὲπισκοπικῷ
1560 1466 1781 1537 διαπρέ-

198 1579 400 1624 ποντες
434 1560 726 1631 ἀξιώματι,
765 1561 862 1614 σὺν
908 1560 1212 1630 Βονιφατίῳ
1270 1558 1648 1630 πρεσϐυτέρῳ,
1688 1557 1779 1610 τὸν

197 1654 364 1706 τόπον
398 1653 686 1721 ὲπέχοντες
711 1651 940 1714 Λέοντος
970 1651 1064 1704 τοῦ
1090 1652 1394 1718 ἀγιωτάτου
1443 1649 1602 1701 πάπα
1646 1647 1782 1701 Ῥώ-

202 1761 333 1814 μης.
355 1737 431 1796 Ub
456 1743 612 1804 κλέος
644 1741 806 1811 μέγα,
840 1741 937 1794 καὶ
965 1741 1130 1804 πολὺς
1151 1741 1178 1792 ὁ
1204 1740 1342 1806 ὑπὲρ
1371 1738 1470 1807 τῆς
1497 1738 1779 1800 εὐσεϐείας

1885 567 2159 633 tuebatur,
2205 582 2428 637 regnum
2455 585 2485 622 a
2515 569 2675 624 Patre
2701 581 2986 641 acceptum
3005 589 3125 641 suo,
3147 580 3311 634 tertio
3351 581 3462 651 jam

1881 657 2074 710 ordine
2111 658 2349 726 generis,
2385 658 2804 728 gubernantem.

1955 751 2044 804 15.
2076 749 2277 804 Sancta
2314 759 2367 804 et
2395 753 2732 807 oeeumcnica
2758 764 2952 823 quarta
2991 758 3232 828 synodus
3252 761 3491 844 religion

1881 842 2158 896 sissimum
2202 843 2505 913 principem
2533 842 2866 899 Marcianum
2893 860 3220 916 praaseutem
3242 853 3376 908 vidit
3413 866 3460 909 et

1880 933 2306 1001 conspirantem,
2343 950 2465 1003 quae
2485 935 2728 990 veritatis
2765 937 3078 1008 dogmatum
3128 943 3464 998 auditorium
3508 965 3510 968 ·

1880 1025 2281 1081 Chalcedonem
2307 1027 2574 1098 Bithynia:
2598 1029 2787 1082 urbem
2805 1031 3074 1086 celebrem
3100 1037 3462 1090 consecravit.

1879 1116 1962 1169 Ad
1990 1126 2280 1172 sexcentos
2314 1124 2368 1172 et
2399 1117 2623 1188 triginta
2654 1135 2919 1174 numerus
2957 1123 3299 1194 pertingebat
3331 1143 3466 1180 cou-

1883 1222 2167 1263 venarum.
2216 1209 2460 1274 Quorum
2492 1209 2753 1278 przecipui
2785 1210 3112 1267 dicebantur
3157 1214 3460 1279 Anatolius,

1880 1299 1972 1368 qui
1998 1299 2052 1353 in
2087 1301 2427 1355 sacerdotale
2458 1301 2626 1371 regia:
2651 1303 2798 1356 urbis
2826 1304 3020 1357 solium
3076 1305 3254 1361 fuerat
3305 1307 3468 1360 inun-

1881 1395 2003 1442 ctus
2040 1405 2052 1441 :
2083 1387 2448 1445 Paschasinus
2477 1407 2695 1461 quoque
2725 1402 2778 1446 et
2839 1393 3136 1449 Lucentius
3172 1397 3467 1466 episcopali

1880 1477 2142 1548 dignitate
2174 1479 2468 1550 fulgentes,
2507 1498 2615 1535 una
2639 1499 2762 1537 cum
2811 1485 3128 1555 presbytero
3170 1486 3466 1549 Bonifacio,

1881 1569 2061 1624 locum
2096 1570 2296 1626 Leonis
2317 1573 2646 1626 sanctissimi
2678 1589 2829 1643 papae
2861 1574 3091 1628 Romani
3124 1577 3466 1640 obtinebant,

1883 1663 2040 1732 cujus
2096 1661 2293 1717 Leonis
2324 1663 2516 1734 ingens
2565 1666 2734 1736 gloria
2778 1676 2833 1720 et
2871 1669 3074 1722 multus
3139 1685 3238 1738 pro
3270 1669 3470 1740 pietate

1888 1756 2059 1808 zelus.
2093 1755 2342 1810 Aderant
2369 1765 2628 1826 praeterea
2658 1759 2924 1813 Maximus
2941 1761 3264 1825 Antiochize,
3295 1771 3350 1816 et
3371 1761 3471 1822 Ju-

197 1839 382 1908 ζῆλος.
414 1838 550 1892 Μεθ’
589 1831 663 1892 ὧν
695 1837 944 1904 usam;
976 1853 1034 1888 τε
1057 1835 1085 1886 ὁ
1136 1835 1488 1905 Ἀντιοχείας,
1514 1836 1609 1889 καὶ
1634 1837 1662 1888 ὁ
1690 1834 1776 1886 Ἰε-

1889 1845 2137 1899 venalius
2180 1845 2706 1918 Hierosolymorum.
2735 1849 2831 1903 Isti
2859 1851 3139 1922 Eutychen
3195 1853 3468 1907 infelicem

199 1931 524 2002 ροσολύμων
575 1929 949 1992 Ἰουδενάλιος.
1001 1929 1212 1991 Οἴτινες
1273 1929 1488 1999 Εὐτυχῆ
1563 1945 1624 1980 τε
1687 1927 1780 1980 τὸν

197 2022 442 2092 δυστυχῆ
485 2021 578 2074 καὶ
626 2021 718 2074 τὸν
763 2021 1144 2091 προασπιστην
1173 2017 1337 2071 αὐτοῦ
1395 2018 1487 2071 τὸν
1543 2018 1781 2081 ἀλαζόνα

198 2115 500 2184 Διόσκορον
556 2112 983 2182 δυσσεϐημάτων
1049 2113 1129 2174 είς
1182 2110 1413 2181 πράξεις
1469 2110 1776 2182 ἀπῄτησαν.

197 2208 310 2260 Καὶ
347 2207 460 2276 γὰρ
513 2207 609 2258 καὶ
662 2200 831 2268 οῦτοι,
867 2203 967 2273 τὴν
1027 2205 1090 2255 ὲκ
1144 2202 1437 2272 διαμέτρου
1499 2203 1779 2274 Νεστορίῳ

199 2301 418 2370 πλάνην
435 2299 875 2368 οίκειωσάμενοι,
904 2299 986 2363 είς
1022 2297 1121 2369 τὴν
1148 2297 1340 2368 ὁμοίαν
1367 2298 1561 2365 ἐκείνῳ
1587 2296 1777 2361 ἐξέπε-

197 2411 292 2448 σον
343 2393 659 2464 ἀθλιότητα.
697 2393 802 2446 Τὸν
821 2391 930 2463 γὰρ
970 2391 1066 2444 ἕνα
1097 2390 1298 2462 Κύριον
1350 2389 1506 2461 ἡμῶν
1571 2388 1778 2460 Ἰησοῦν

200 2489 460 2559 Χριστὸν,
483 2490 546 2540 ἐκ
574 2487 826 2557 θεότητος
859 2486 950 2539 καὶ
985 2484 1402 2556 ἀνθρωπότητος
1440 2483 1779 2554 γνωριζόμε-

198 2597 308 2645 νον,
328 2580 427 2634 καὶ
457 2581 516 2632 ἐν
546 2579 776 2642 ταύταις
801 2581 922 2641 ταῖς
950 2577 1072 2630 δυσὶ
1115 2575 1589 2646 προσκυνούμενον
1611 2575 1779 2645 φύσε-

195 2688 306 2734 σιν,
342 2670 428 2734 είς
458 2669 586 2738 μίαν
621 2667 786 2736 φύσιν
811 2665 1099 2736 τολμηρῶς
1122 2666 1218 2717 καὶ
1268 2664 1522 2732 ἀφρόνως
1554 2663 1778 2734 άνεκίρ-

194 2777 304 2813 νων
331 2759 431 2812 καὶ
481 2757 757 2827 συνέχεον.
802 2755 894 2820 Ἐξ
925 2746 1020 2820 ὧν,
1052 2755 1150 2824 τῆς
1179 2770 1239 2806 τε
1277 2754 1551 2823 πατρικῆς
1592 2752 1780 2815 οὐσίας

194 2849 547 2921 ἑτερόφυλον,
579 2849 802 2910 καὶτοῖς
828 2845 1137 2918 ἀνθρώποις
1161 2845 1512 2915 ἑτερόφυλον,
1544 2845 1638 2897 καὶ⁵
1669 2846 1781 2907 τοῖς

194 2942 518 3014 ἀνθρώποις
573 2943 862 3011 ὲτεροφυᾶ,
897 2939 959 2991 οὐ
1005 2939 1256 2990 συνίεσαν
1277 2938 1328 2989 οἱ
1359 2935 1584 2988 δείλαιοι
1637 2952 1780 3005 συμ-

195 3033 661 3105 περαίνοντες.Εί
704 3032 814 3102 γὰρ
858 3033 955 3100 μία
1001 3031 1035 3100 ἡ
1094 3027 1188 3081 τοῦ
1227 3025 1462 3098 Χριστοῦ
1519 3027 1699 3095 φύσις,
1743 3025 1778 3098 ἢ

197 3129 318 3180 θεία
355 3126 578 3189 πάντως
608 3127 641 3194 ἢ
683 3124 998 3194 ἀνθρωπίνη
1029 3122 1201 3176 ἔσται.
1249 3120 1386 3193 Ἀλλ’
1417 3121 1465 3171 εί
1491 3120 1590 3190 μὲν
1642 3118 1776 3210 μόνη
1805 3154 1848 3210 C

194 3219 342 3285 θεία,
377 3217 480 3272 ποῦ
531 3219 591 3270 τὸ
619 3214 986 3286 ἀνθρώπινον;
1011 3214 1061 3266 εἰ
1113 3212 1169 3266 δὲ
1215 3212 1530 3281 ἀνθρωπίνη
1567 3221 1628 3274 ω,
1661 3209 1778 3272 πῶς

193 3314 299 3364 οὐκ
357 3310 578 3381 ἔξαρνοι
612 3309 710 3378 τῆς
754 3307 1047 3378 θεότητος;
1075 3307 1125 3358 εί
1164 3303 1210 3358 δ’
1270 3304 1456 3374 ἕτερόν
1518 3319 1572 3354 τι
1628 3301 1779 3372 παρὰ

190 3405 376 3459 ταῦτα
415 3402 593 3472 (τοῦτο
618 3402 726 3472 γὰρ
747 3400 1121 3464 ὑπολείπεται,
1153 3399 1249 3452 καὶ
1279 3398 1418 3467 πρὸς
1450 3394 1610 3448 τοῦτο
1640 3395 1777 3466 μᾶλ-

191 3496 285 3548 λον
321 3495 510 3549 αὐτῶν
550 3493 696 3547 νεύει
732 3492 795 3545 τὸ
842 3492 1143 3562 φρόνημα),
1188 3490 1302 3550 πῶς
1352 3490 1450 3558 οὐχ
1486 3487 1782 3558 έτεροφυὴς

192 3589 390 3650 αὐτοῖς
416 3589 444 3639 ὀ
476 3588 520 3639 Χ
531 3587 711 3660 ριστδς
743 3586 950 3640 καὶτοῦ
977 3584 1190 3654 Πατρὸς
1224 3583 1320 3636 καὶ
1350 3581 1508 3652 ἡμῶν
1537 3580 1784 3633 ἀναπλασ-

189 3681 500 3752 σθήσεται;
530 3673 592 3733 οῦ
629 3679 680 3732 τί
706 3680 772 3732 ἂν
800 3679 1218 3746 δυσσεϐέστερον
1236 3715 1251 3741 ,
1279 3678 1312 3749 ἢ
1348 3674 1774 3744 ἁφρονέστερον;

184 3772 490 3841 ἄνθρωπον
544 3768 796 3838 γενέσθαι
843 3768 1074 3837 φάσκειν
1123 3766 1213 3819 τὸν
1277 3763 1371 3816 τοῦ
1420 3761 1554 3814 Θεοῦ
1607 3762 1779 3829 Λόγον

190 3866 287 3918 καὶ
322 3864 486 3927 Θεὸν,
513 3863 604 3916 ἐπί
629 3879 688 3914 τε
710 3862 888 3932 φθορᾷ
918 3862 1016 3931 τῆς
1057 3860 1192 3921 ιδίας
1241 3857 1516 3926 θεότητος,
1559 3855 1653 3908 καὶ
1685 3853 1779 3906 ἐπὶ

192 3956 481 4026 ἀναιρέσει
525 3955 622 4022 τῆς
653 3952 1096 4024 προσληφθείσης
1125 3949 1580 4021 ἀνθρωπότητος;
1608 3946 1778 3999 Τοῦτο

190 4049 300 4120 γὰρ
323 4049 524 4102 ἕπεται
545 4049 761 4109 πάντως
781 4049 893 4108 τοῖς
919 4043 1216 4116 μηδετέρας
1243 4042 1478 4110 φύσεως,
1509 4041 1625 4093 ἀλλ’
1659 4038 1779 4092 ἐτέ-

189 4158 295 4212 ρας
324 4142 482 4211 παρὰ
499 4138 721 4202 ταύτας,
751 4139 844 4191 τὸν
875 4136 1106 4206 Χριστὸν
1137 4136 1312 4187 εἰπεῖν
1350 4132 1736 4202 ὲκτολμήσασι.

1884 1947 1939 1990 et
1987 1936 2477 1991 insolentissimum
2541 1938 2692 1992 illum
2735 1939 2904 2009 ipsius
2945 1951 3308 2011 protectorem
3346 1944 3472 1999 Dio-

1883 2042 2098 2081 scorum
2127 2029 2367 2082 rationes
2398 2030 2627 2085 reddere
2659 2031 2727 2085 de
2775 2033 3054 2102 impietate
3083 2044 3397 2104 coegerunt.
3431 2037 3471 2089 E

1882 2119 2147 2173 diametro
2167 2119 2255 2173 isti
2302 2121 2640 2174 contrarium
2669 2120 2920 2177 Nestorio
2955 2137 3197 2179 errorem
3233 2125 3334 2178 sibi
3369 2142 3469 2195 ap-

1880 2212 2297 2280 pr0priaverant
2324 2227 2338 2276 ;
2373 2212 2515 2265 unde
2545 2212 2600 2265 in
2627 2227 2812 2281 parem
2839 2229 2964 2266 cum
2989 2214 3077 2268 illo
3134 2213 3468 2283 impietatem

1881 2309 2228 2368 proruerant.
2259 2300 2492 2355 Unicum
2507 2302 2651 2356 enim
2676 2302 2969 2357 Dominum
2998 2311 3250 2357 nostrum
3275 2303 3469 2358 Jesum

1881 2393 2162 2446 Christum
2181 2408 2212 2446 a
2244 2393 2428 2446 divina
2451 2403 2644 2446 natura
2683 2394 2926 2463 agnitum
2949 2395 3278 2460 ethumana,
3307 2405 3472 2464 atque

1881 2483 1938 2537 in
1987 2494 2216 2553 utraque
2260 2493 2456 2538 natura
2505 2486 2810 2551 adoratum,
2856 2501 3123 2540 summam
3180 2501 3278 2556 per
3310 2488 3472 2542 auda-

1881 2577 2020 2629 ciam
2061 2585 2117 2630 et
2139 2576 2423 2631 stultitiam
2455 2577 2513 2631 in
2544 2594 2708 2632 unam
2739 2589 2991 2633 naturam
3027 2579 3468 2644 commiscentes,

1881 2665 2276 2718 confuderunt.
2300 2665 2413 2721 Nec
2433 2667 2622 2721 miseri
2641 2678 2699 2721 ut
2721 2678 2879 2722 erant
2908 2668 3307 2738 intelligebant,
3325 2671 3472 2740 quod

1879 2772 1978 2826 per
2013 2757 2152 2810 hanc
2177 2758 2384 2811 irritam
2421 2759 2689 2814 rationem
2708 2760 2860 2814 illum
2889 2761 3281 2832 alienigenam,
3321 2780 3349 2815 a
3372 2779 3502 2832 pa-.

1883 2857 2036 2901 terna
2063 2849 2365 2903 substantia
2401 2849 2702 2914 diversum,
2730 2867 2947 2906 necnon
2987 2851 3258 2906 diﬂ‘ereuti
3280 2853 3348 2907 ab
3376 2854 3474 2907 ho-

1881 2940 2121 2994 minibus
2141 2950 2336 2996 natura
2363 2952 2728 3006 constantem,
2747 2944 3061 2999 delinirent.
3090 2945 3226 2998 Nam
3249 2945 3290 2999 si
3313 2946 3474 3000 unica

1883 3033 2261 3087 tantummodo
2309 3034 2381 3087 sit
2435 3048 2631 3090 natura
2692 3035 2921 3101 Christi,
2955 3038 3040 3091 vel
3091 3037 3274 3091 divina
3321 3054 3476 3107 pror-

1882 3140 1977 3179 sus
2006 3140 2070 3179 ea
2112 3124 2298 3190 fuerit,
2323 3126 2411 3180 vel
2438 3127 2698 3181 humana.
2722 3126 2876 3192 Quod
2915 3129 2960 3182 si
2997 3143 3145 3181 mere
3174 3127 3356 3182 divina
3380 3129 3470 3194 sit,

1881 3218 1974 3271 ubi
2008 3225 2138 3271 tunc
2187 3219 2472 3272 humana?
2501 3219 2647 3288 quod
2678 3218 2723 3272 si
2768 3228 2978 3272 tantum
3044 3219 3299 3284 humana,
3355 3219 3471 3273 ﬁeri

1879 3324 1990 3362 non
2021 3317 2199 3376 potest
2222 3309 2354 3378 quin
2380 3318 2610 3379 negetur
2639 3309 2842 3364 divina.
2873 3309 3030 3374 Quod
3055 3309 3102 3362 si
3135 3311 3262 3379 quid
3287 3311 3473 3366 diver-

1881 3415 2002 3454 sum
2034 3401 2102 3454 ab
2133 3411 2362 3469 utraque
2396 3409 2591 3454 natura
2608 3400 2774 3456 fuerit
2804 3405 2951 3470 (nam
2971 3402 3074 3456 hoe
3100 3401 3156 3455 in
3181 3404 3281 3456 bac
3308 3419 3474 3459 causa

1885 3492 2105 3546 unicum
2133 3492 2198 3547 iis
2224 3491 2569 3561 relinquitur,
2595 3502 2651 3548 et
2685 3509 2752 3548 eo
2798 3493 3056 3548 videntur
3085 3495 3470 3565 propendere),

1883 3585 2158 3654 quomodo
2185 3602 2296 3640 non
2352 3586 2459 3640 erit
2487 3587 2633 3656 apud
2670 3586 2818 3657 ipsos
2848 3587 3101 3641 Christus
3125 3588 3351 3642 alterius
3371 3605 3471 3644 cu-

1885 3678 2102 3749 jusdam
2127 3687 2183 3733 et
2202 3679 2430 3734 diversa:
2458 3663 2669 3734 naturae
2724 3695 2847 3734 cum
2875 3697 2905 3734 a
2940 3697 3038 3735 suo
3076 3679 3235 3734 Patre
3274 3691 3387 3735 tum
3439 3698 3470 3736 a

1885 3769 2042 3824 vobis
2066 3770 2089 3822 ?
2109 3785 2216 3840 quo
2241 3769 2373 3839 quid
2419 3771 2591 3840 magis
2619 3771 2846 3840 impium
2897 3781 2991 3825 aut
3038 3772 3270 3826 delirum
3300 3775 3471 3844 magis

1887 3861 2016 3932 ﬁngi
2044 3870 2227 3931 potest
2254 3862 2276 3914 ?
2303 3877 2551 3916 asserere
2574 3862 2832 3917 nimirum
2864 3863 3100 3917 Verbum
3130 3865 3244 3930 Dei,
3275 3865 3467 3930 Deum,

1885 3954 2161 4007 hominem
2186 3953 2387 4008 factum
2413 3953 2468 4006 in
2496 3968 2620 4006 eum
2650 3955 2836 4020 ﬁnem,
2862 3967 3062 4010 utcmn
3085 3957 3343 4011 divinitas
3373 3959 3470 4011 de-

1881 4053 2186 4098 strueretur
2228 4046 2464 4114 propria,
2509 4047 2672 4099 etiam
2716 4057 2998 4117 assumpta
3052 4049 3365 4110 humanitas
3413 4050 3468 4104 in

1884 4136 2113 4189 nihilum
2143 4136 2503 4208 redigeretur.
2547 4137 2663 4192 Hoc
2685 4139 2830 4191 enim
2861 4139 2934 4192 ita
2976 4139 3134 4208 plane
3164 4154 3465 4209 conseque-

190 4255 302 4307 tur,
324 4241 518 4309 siquis
544 4238 870 4293 tueriausus
902 4235 1065 4290 fuerit
1105 4232 1380 4287 Christum
1408 4246 1517 4284 non
1569 4229 1795 4284 alterius
1849 4229 2098 4296 istarum,
2125 4230 2220 4285 sed
2271 4239 2471 4300 praeter
2492 4230 2625 4285 istas
2652 4231 2790 4286 alius
2831 4242 3040 4286 naturae
3083 4233 3462 4303 partieipasse.

268 4333 357 4388 ιδ’.
393 4333 487 4386 Διὸ
524 4332 738 4402 καὶτῆς
766 4330 1035 4398 τοσαύτης
1084 4325 1402 4387 δυσσεόείας
1436 4326 1484 4377 οἱ
1513 4323 1621 4377 τῶν
1655 4341 1775 4393 χρι-

189 4426 489 4496 στομάχων
539 4423 746 4476 τούτων
787 4421 1075 4490 δογμάτων
1107 4418 1421 4488 εἰσηγηταὶ,
1471 4415 1628 4478 ἀξίαν
1676 4416 1774 4485 τὴν

184 4519 356 4588 δίκην
380 4515 696 4580 δεδωκότες,
718 4513 1074 4585 ἀφῃρέθησάν
1103 4529 1161 4564 τε
1193 4513 1291 4579 τῆς
1324 4511 1647 4581 ἱερωσύνης,
1674 4509 1769 4562 καὶ

184 4610 300 4663 ἀπὸ
356 4609 540 4679 πάσης
586 4607 688 4676 τῆς
756 4605 1082 4674 Ἐκκλησίας
1139 4603 1424 4672 γεγόνασιν
1471 4602 1719 4672 ἀνάθεμα
1757 4617 1772 4632 ⁸

185 4699 666 4769 συναπελαθείσης
703 4698 887 4759 αὐτοῖς
926 4698 1022 4749 καὶ
1059 4696 1158 4766 τῆς
1203 4692 1573 4764 χριστομάχου
1619 4693 1773 4762 αἱρέ-

187 4811 333 4855 σεως
355 4832 370 4846 .
407 4791 484 4846 Τὸ
509 4791 568 4844 δὲ
600 4789 758 4860 ὀρθὸν
793 4788 887 4841 καὶ
917 4787 1308 4858 άπαράτρωτον
1338 4788 1435 4852 τῆς
1467 4783 1776 4856 ὁρθοδοξίας

189 4887 460 4957 φρόνημα.
483 4884 562 4937 ἔτι
583 4884 782 4956 μᾶλλον
799 4884 918 4945 ταῖς
943 4881 1240 4954 γραφικαῖς
1265 4896 1327 4932 τε
1359 4878 1455 4932 καὶ
1476 4881 1772 4948 πατρικαῖς

1951 4325 2038 4379 14.
2079 4325 2347 4390 Quocirca
2390 4326 2618 4397 dignum
2666 4341 2762 4379 sua
2803 4325 3077 4395 impietate
3134 4327 3465 4396 supplicium

1879 4418 2115 4480 subiere,
2146 4418 2238 4487 qui
2293 4419 2605 4489 dogmatqu
2653 4417 2906 4481 istorum,
2944 4434 3041 4488 per
3099 4435 3219 4488 quae
3249 4419 3465 4474 Christo

1878 4508 2078 4563 bellum
2109 4510 2382 4573 indicitur,
2401 4519 2652 4565 auctores
2677 4510 2915 4572 fuerant,
2936 4511 3240 4564 sacerdotio
3265 4525 3463 4579 nempe

1877 4605 2094 4672 dejecti,
2158 4612 2213 4657 et
2246 4620 2341 4674 per
2365 4619 2556 4658 omnes
2583 4603 2856 4659 Ecclesias
2900 4602 3229 4657 anathemati
3276 4603 3463 4671 subje-

1881 4695 1975 4760 cti,
2008 4711 2133 4749 cum
2165 4695 2362 4765 quibus
2386 4707 2439 4749 et
2455 4695 2572 4764 ipsa
2602 4694 2826 4748 bazresis
2877 4693 3266 4764 expellebatur.
3295 4691 3461 4746 Recta

1881 4795 2062 4841 autem
2082 4796 2136 4840 et
2155 4786 2454 4841 orthodoxa
2487 4788 2776 4844 sententia.
2805 4786 2965 4838 nullis
2983 4784 3296 4839 vulneribus
3327 4799 3462 4838 con~

1879 4877 2046 4941 fossa,
2071 4877 2334 4932 maiorem
2356 4877 2408 4930 in
2442 4877 2664 4932 modum
2685 4875 3013 4930 testimoniis
3039 4883 3094 4929 et
3119 4891 3150 4929 e
3179 4875 3462 4946 Scriptura

1473 5041 1706 5096 VARUE
1742 5040 2145 5096 LECTIONISS.

269 5165 290 5206 ί
338 5167 455 5239 Leg
509 5161 1009 5237 ἐγκεχειρισμένος.
1083 5169 1124 5198 ω
1154 5159 1239 5216 Ζσ.
1277 5160 1435 5231 μόνη.

1718 5265 1950 5323 NOTAE.

266 5405 383 5476 (18)
437 5399 867 5476 Ἄκροατήριρν.
889 5396 965 5476 Ita
991 5393 1142 5464 prius
1161 5393 1395 5476 vocavit,
1430 5390 1501 5445 ob
1525 5387 1772 5476 eamdem

185 5463 450 5536 causam,
501 5463 1007 5542 Constantinopolin
1061 5463 1498 5542 φροντιστήριον,
1528 5468 1774 5542 __propter

188 5531 297 5602 loci
339 5531 704 5609 nobilitatem,
740 5555 771 5593 a
813 5531 944 5592 viris
991 5531 1297 5590 eruditione
1340 5531 1649 5587 Celebribus
1681 5544 1774 5583 ce-

185 5618 484 5674 lebratam.
1699 5668 1711 5680 .

258 5689 381 5758 (l9)
409 5681 688 5758 980:;er
721 5675 1208 5758 ἐγσςεγρισμέγος.
1241 5669 1772 5758 ῥηηοιοτξιῑᾲίξρςιιξ-

185 5739 377 5814 subii;
405 5755 469 5809 υ.
520 5739 779 5816 Lindéeu,‘
809 5751 838 5801 δ
867 5739 1212 5819 μακαρίτης,
1241 5743 1530 5815 legendum
1556 5739 1662 5798 sibi
1691 5739 1775 5795 vi-

1880 5385 1995 5442 deri
2072 5381 2616 5453 ὲγκεχειρισμένους,
2647 5381 2894 5453 apposite
2918 5381 3162 5451 quidem,
3198 5389 3252 5436 et
3283 5397 3457 5449 magis

1881 5473 1950 5512 ex
1980 5471 2080 5510 usu
2104 5453 2458 5522 lingua-Sed
2486 5453 2710 5508 Photius
2733 5455 2870 5508 solet
2897 5453 3170 5510 interdum
3203 5468 3456 5505 καινοτο-

1883 5529 2021 5597 μεῖν
2043 5532 2100 5578 et
2135 5525 2514 5597 καινοφῳνεῖν.
2564 5525 2825 5597 Quocirca
2877 5522 3078 5597 codicis
3129 5522 3452 5597 scripturam

1881 5591 2130 5671 admitto,
2167 5604 2227 5671 ut
2261 5593 2824 5671 sitﬁyxexpwpévoi,
2865 5595 3138 5671 _inunctu_s_.
3171 5593 3253 5646 Ad
3287 5591 3452 5671 ﬁnem
3539 5656 3546 5660 _

1881 5666 2143 5721 sectionis
2172 5663 2311 5736 forte
2348 5662 2645 5736 legendum
2670 5673 2724 5719 et
2753 5662 3222 5736 distinguendum,
3259 5662 3450 5730 σαφῶς

1880 5753 1941 5791 τε
1957 5736 2051 5790 καὶ
2077 5734 2486 5805 ἀναντιρῤήτως
2517 5734 2680 5804 λέγω,
2703 5742 2808 5790 etc.
