3964 6500
464 406 570 470 643

468 613 820 668 celeberrima
867 611 1220 667 clarescebat.
1271 610 1455 666 Unum
1477 608 1625 664 enim
1655 605 1956 670 Christum,
1996 601 2052 658 id

470 715 572 772 est,
602 707 813 761 unicam
827 706 947 776 ejus
968 704 1306 776 hypostasin,
1337 712 1586 757 naturam
1611 699 2050 769 veroduplicem,

470 799 712 853 divinam
737 813 936 867 nempe
968 807 1024 852 et
1046 797 1364 859 humanam,
1415 793 1747 850 inconfusim
1767 800 1823 847 et
1852 790 2056 846 indivi-

471 890 573 944 sim
626 888 1042 954 consideratam,
1074 905 1172 959 per
1218 888 1568 944 beatissimos
1597 887 1762 941 hosce
1797 884 2056 940 sacerdo-

472 991 556 1036 tes
588 989 644 1035 et
694 982 993 1051 theologos,
1050 984 1105 1038 in
1163 982 1426 1038 mundum
1459 981 1778 1036 universum
1805 989 1862 1035 et
1896 995 2060 1034 mun-

471 1072 526 1126 di
588 1083 868 1129 extremos
946 1075 1248 1140 terminos,
1319 1073 1666 1129 confessione
1735 1081 1791 1125 et
1857 1071 2058 1141 praedi-

471 1167 689 1221 catione
756 1169 1156 1238 agnoscendam
1185 1206 1200 1230 ,
1265 1165 1432 1230 clare,
1489 1165 1778 1236 perspicue
1827 1173 1881 1218 et
1941 1161 2061 1217 sine

475 1257 820 1312 haesitatione
886 1260 1278 1329 propagabant.
1349 1255 1488 1309 llinc
1566 1268 1782 1324 quoque
1849 1252 2061 1320 liquet,

476 1349 620 1419 quod
649 1364 772 1404 cum
794 1350 1002 1415 claudis
1022 1366 1241 1421 gressus
1282 1349 1761 1409 conﬁrmarentur,
1815 1352 1871 1399 et
1903 1343 2064 1398 cmcis

477 1443 694 1498 caecitas
728 1445 781 1496 in
831 1442 1286 1497 eiﬁorescentiam
1346 1440 1629 1495 oculorum
1671 1443 2061 1498 succresceret,

1623 395 1887 459 PHOTII
1922 391 2433 457 PATRIARCHIE
2469 391 2580 452 CP.

378 524 385 594 δ
465 527 525 575 et
578 533 609 574 e
664 516 922 574 Patribus
997 516 1246 573 deductis
1313 512 1689 579 conﬁrmatur,
1762 508 2089 582 praeconiis,

2193 505 2487 577 ,αρτυρίαις
2543 503 2890 576 ἁνεκηρύχθη
2947 505 3040 558 καὶ⁸
3085 503 3378 576 διέλαμψεν
3414 521 3431 537 ⁸
3462 501 3602 557 Ἕνα
3654 503 3740 555 tbi

3637 385 3746 449 644

2153 597 2410 667 Χριστὸν,
2439 597 2557 668 ἤτοι
2581 596 2708 666 μίαν
2735 596 2902 670 αὑτοῦ
2933 596 3031 666 τὴν
3053 596 3368 660 ὑπόστασιν,
3393 595 3490 648 καὶ
3521 593 3618 648 δύο
3645 593 3747 655 τὰς

2155 691 2368 759 φύσεις,
2395 688 2627 758 θεότητὰ
2641 705 2702 741 τε
2721 689 2815 742 καὶ
2841 687 3258 760 ἀνθρωπότητα,
3289 687 3621 756 ἀσυγχύτως
3652 686 3749 738 καὶ

2155 781 2477 852 ἁδιαιρέτως
2502 778 2964 850 ἐνθεωρουμένας,
2986 779 3096 833 τῶν
3131 778 3621 850 τρισαακαρίστων
3642 777 3750 847 ἀρ-

2154 877 2385 948 χιερέων
2443 873 2760 944 περιφανῶς
2790 874 3230 944 θεολογησὰντων
3284 873 3380 926 καὶ
3426 871 3747 943 παραδεδω-

2157 970 2332 1022 κότων
2349 967 2688 1029 ἀδιστάκτως
2706 966 2987 1036 ὁμολογεῖν
3011 967 3108 1018 καὶ
3134 965 3433 1034 κηρύσσειν
3463 966 3543 1028 είς
3567 965 3748 1017 πάντα.

2157 1061 2259 1132 τῆς
2279 1059 2608 1130 οἰκουμένης
2629 1059 2697 1112 τὰ
2723 1059 2960 1130 πέρατα.
2979 1058 3148 1128 Δῆλον
3164 1059 3219 1111 δέ
3234 1056 3552 1121 κάντεῦθεν,
3575 1055 3654 1120 ὡς
3679 1057 3748 1109 δι’

2157 1149 2233 1210 ὧν
2262 1156 2359 1226 μὲν
2376 1155 2567 1226 χωλοῖς
2583 1157 2640 1208 αἱ
2668 1154 2854 1226 βάσεις
2878 1153 3175 1225 ὠρθοῦντο,
3196 1156 3289 1208 καὶ
3309 1154 3534 1225 τυφλοῖς
3563 1154 3627 1206 τὸ
3644 1155 3752 1206 πά-

2160 1248 2251 1310 θος
2307 1251 2385 1311 εἰς
2420 1248 2685 1320 ὀμμάτων
2716 1247 2953 1319 βλάστην
3005 1249 3300 1317 ὑπεφύετο,
3325 1248 3506 1317 νεκροί
3530 1264 3593 1300 τε
3644 1247 3752 1299 τῶν

2164 1341 2354 1395 πυλῶν
2392 1341 2708 1394 ἁνεσπῶντο
2741 1341 2836 1394 τοῦ
2897 1341 3046 1412 ᾅδου,
3073 1343 3168 1396 καὶ
3204 1341 3340 1412 πρὸς
3365 1341 3426 1393 τὸ
3453 1340 3556 1412 ζῇν
3594 1356 3755 1412 μετε-

2163 1435 2445 1498 τάττοντο,
2481 1434 2628 1486 αἵτε
2657 1432 2814 1487 ἄλλαι
2844 1433 3188 1503 θεοσημεῖαι,
3221 1433 3290 1497 ἃς
3314 1433 3375 1485 οὐ
3413 1433 3599 1504 ῥᾴδιον
3633 1432 3757 1502 ἀρι-

479 1550 605 1588 cum
639 1534 837 1588 mortui
876 1535 944 1589 ab
984 1533 1182 1588 inferni
1220 1533 1392 1604 portis
1441 1532 1877 1593 retraherentur,
1907 1537 1963 1582 et
2009 1527 2066 1581 in

2193 1532 2341 1601 ιμεῖν,
2362 1529 2715 1584 ἐπετελοῦντο
2727 1530 2823 1582 καὶ
2840 1530 3238 1596 ἐπεδείκνυντο,
3257 1531 3359 1600 τῆς
3371 1530 3521 1592 θείας
3537 1529 3756 1598 φύσεως

478 1625 646 1679 vitam
672 1626 852 1680 denuo
879 1627 1414 1689 transmitterentur,
1446 1638 1660 1678 necnon
1692 1636 1817 1676 cum
1850 1630 1905 1674 et
1948 1618 2067 1674 alia:

2193 1622 2413 1694 ηναργῶς
2445 1621 2818 1694 παρεδηλοῦτο
2849 1622 2911 1675 τὸ
2940 1622 3180 1694 ἀξίωμα.
3215 1626 3295 1676 Δι’
3319 1617 3395 1677 ὧν
3440 1623 3498 1676 δὲ
3528 1621 3754 1685 κόπους,

481 1717 682 1772 divinae
708 1718 957 1782 virtutes,
981 1733 1117 1787 quas
1138 1733 1248 1771 non
1277 1726 1360 1771 est
1390 1715 1547 1770 facile
1563 1729 1906 1775 enumerare,
1940 1727 2069 1782 per-

2193 1715 2263 1768 :al.
2279 1716 2475 1777 πόνους
2501 1714 2596 1767 καὶ
2622 1713 2782 1783 δίψαν
2821 1715 2915 1768 καὶ
2946 1717 3160 1779 πεῖναν,
3189 1715 3287 1769 καὶ
3316 1715 3529 1780 πενίαν,
3565 1715 3666 1768 καὶ
3689 1715 3759 1766 τὰ

482 1817 853 1878 petrarentur,
884 1819 939 1864 et
993 1809 1048 1864 in
1090 1817 1388 1879 conspectu
1417 1809 1662 1863 omnium
1712 1804 2068 1876 propalaren-

2193 1805 2380 1868 reticet;
2391 1805 2655 1874 ὑφίστατο
2671 1809 2908 1879 συγγενῆ
2934 1809 3027 1862 καὶ
3039 1808 3424 1879 παραπλήσια,
3441 1810 3542 1879 τῆς
3555 1807 3762 1877 ἀνθρω-

485 1909 595 1963 tur,
620 1902 820 1958 divinae
844 1913 1057 1958 naturae
1085 1903 1322 1974 dignitas
1352 1913 1408 1958 et
1446 1901 1744 1958 eminentia
1785 1899 2068 1954 evidenter

2193 1897 2335 1968 τίνης
2359 1897 2550 1962 οὐσίας
2580 1901 2777 1970 ἐτρατο
2802 1899 2926 1970 (sic)
2950 1900 3012 1953 τὸ
3035 1900 3253 1971 ἰδίωμα.
3285 1893 3386 1952 Ὦν
3406 1900 3475 1953 τὰ
3506 1898 3612 1969 μὲν
3640 1897 3760 1950 Θεο-

483 1995 988 2050 demonstrnbalur.
1035 1997 1242 2050 Rursus
1284 2010 1384 2065 per
1426 1993 1502 2058 id,
1548 1992 1694 2061 quod
1725 1989 2073 2061 defatigatio-

2193 1989 2421 2060 τρεπῶς,
2441 1989 2510 2043 τὰ
2525 1989 2585 2043 δὲ
2605 1991 3098 2063 ἀνθρωποπρεπῶς
3115 1992 3143 2043 ό
3161 1989 3324 2055 αὐτὸς
3340 1990 3578 2063 Χριστὸς
3591 1989 3763 2058 6&1!)-

484 2103 635 2152 nem,
668 2087 932 2152 laborem,
976 2087 1146 2150 sitim,
1172 2086 1375 2141 famem
1421 2084 2076 2154 sustinueritetpauper-

2193 2081 2319 2145 ltvbc;
2338 2080 2470 2145 Θεὸς
2491 2069 2649 2152 ἡμῶν
2666 2083 2982 2148 ἐπιτελέσας
3005 2083 3104 2138 καὶ
3137 2082 3604 2155 διαπραξάμενος,
3635 2082 3765 2153 μίαν

486 2188 673 2247 tatem,
707 2189 868 2250 atque
884 2164 970 2235 his
1001 2180 1199 2236 similia
1220 2188 1276 2235 et
1297 2179 1607 2250 congenita,
1641 2172 1947 2248 proprietas
1969 2174 2077 2227 hu-

2193 2171 2277 2225 ιὲν
2315 2172 2481 2226 αὑτοῦ
2513 2174 2607 2228 καὶ
2633 2175 2840 2230 ένιαίαν
2857 2175 2955 2248 τὴν
2978 2176 3300 2240 ὑπόστασιν,
3326 2174 3420 2229 δύο
3441 2175 3502 2230 δὲ
3525 2175 3626 2230 καὶ
3649 2174 3765 2228 δια-

485 2286 660 2328 manu:
701 2273 1022 2328 substantia:
1051 2271 1530 2328 manifestabatur.
1561 2269 1819 2336 Quaedam
1848 2267 2078 2321 istorum

2193 2265 2452 2338 ρερούσας
2473 2267 2574 2332 τὰς
2601 2268 2816 2336 φύσεις,
2845 2269 2906 2324 ἐν
2931 2269 3224 2340 ἀσυγχύτῳ
3255 2269 3469 2335 ἐνὼσει,
3493 2266 3692 2339 σαφῶς
3714 2284 3763 2320 τε

485 2373 549 2418 ut
585 2365 696 2419 Deo
735 2364 960 2437 dignum
996 2371 1135 2428 erat,
1167 2363 1272 2417 alia
1330 2377 1432 2432 pro
1459 2357 1789 2416 conditionis
1819 2358 2075 2412 humanae

485 2453 669 2520 modo,
695 2453 840 2508 idem
881 2462 1104 2508 etunus
1147 2451 1424 2515 Christus,
1453 2463 1616 2504 verus
1665 2447 1808 2501 Deus
1865 2455 2072 2510 noster,

2182 2361 2277 2412 καὶ
2305 2361 2688 2432 ἁναντιῤῥήτῳ
2727 2361 2871 2432 λόγῳ
2904 2363 3217 2434 παρέστησε
3258 2364 3348 2416 καὶ
3394 2360 3764 2416 ἐπιστώσατο.

2197 2447 2337 2502 Ἀλλ’
2366 2450 2427 2502 ἐν
2463 2448 2675 2506 τούτοις
2710 2452 2805 2505 καὶ
2829 2452 2896 2506 τὰ
2928 2453 3027 2522 τῆς
3054 2453 3327 2525 τετάρτης
3357 2453 3600 2507 συνόδου.

483 2558 612 2598 cum
644 2554 966 2616 operaretur
1023 2553 1078 2598 et
1109 2543 1418 2614 perﬁceret,
1453 2548 1604 2596 certe
1649 2553 1817 2594 unam
1847 2547 1903 2592 et
1956 2537 2169 2594 unitate
2231 2541 2628 2598 consistentem
2694 2543 3011 2616 hypostasin
3061 2561 3242 2612 suam,
3296 2546 3432 2600 duas
3476 2555 3667 2600 autem
3717 2553 3770 2597 ct

486 2639 730 2695 diversas
757 2647 980 2693 naturas
1016 2638 1073 2692 in
1101 2636 1302 2690 unione
1325 2635 1414 2690 illa
1443 2630 1752 2695 inconfusa,
1783 2629 2075 2700 perspicue
2113 2630 2257 2685 clara
2285 2647 2388 2688 nec
2415 2633 2528 2688 ullo
2567 2644 2728 2705 pacto
2789 2638 3217 2694 contradicenda
3274 2639 3488 2694 ratione
3525 2650 3643 2694 tum
3674 2657 3768 2694 ex-

489 2734 806 2790 hibuittum
841 2731 1207 2787 conﬁrmavit.
1236 2731 1415 2798 Atque
1465 2728 1735 2782 hactenus
1785 2725 1853 2780 de
1881 2735 2078 2794 quarta
2117 2727 2347 2798 synodo.

565 2828 653 2882 15.
695 2825 896 2880 Sancta
938 2823 1269 2878 universalis
1301 2822 1494 2891 quinta
1535 2820 1774 2892 synodus
1815 2818 2082 2888 sequitur.

2257 2827 2341 2875 ιε’.
2389 2822 2453 2876 Ἠ
2482 2822 2538 2876 δὲ
2571 2824 2702 2893 ἁγία
2732 2825 2828 2879 καὶ
2855 2828 3211 2900 οίκουμενικὴ
3249 2829 3476 2900 πέμπτη
3510 2828 3730 2891 σὺνοδος
3753 2871 3768 2894 ,

490 2921 598 2975 Cui
643 2916 1040 2974 convenieudae
1073 2915 1412 2977 sacrabatur,
1443 2922 1700 2983 tanquam
1739 2919 1956 2981 septum
1998 2925 2087 2964 sa-

2193 2915 2413 2984 τέμενος
2441 2916 2539 2985 μὲν
2572 2917 2718 2988 ἱερὸν
2738 2920 2875 2990 αὐτῇ
2906 2921 2940 2990 ἡ
2962 2920 3074 2991 (20)
3099 2923 3511 2978 Κωνσταντίνου
3541 2925 3774 2994 μεγαλὼ

493 3027 673 3076 crum,
723 3024 918 3078 magna
967 3007 1310 3060 Constantini
1348 3005 1564 3059 civitas.
1616 3003 1862 3058 Obtinuit
1905 3011 2087 3056 autem

2193 3007 2342 3070 πολις
2375 3009 2670 3078 ἀφιέρωτο.
2707 3011 2874 3065 Πέντε
2910 3012 2968 3065 δέ
2991 3015 3087 3068 καὶ
3127 3013 3393 3085 ἐξήκοντα
3441 3017 3541 3070 καὶ
3578 3017 3774 3070 ἑκατὸν

495 3104 610 3156 vim
642 3113 697 3156 et
717 3099 1146 3155 conﬁrmabatur
1177 3115 1272 3169 per
1304 3097 1648 3168 praesentiam
1672 3104 1727 3150 ct
1759 3110 2088 3149 concursum

2193 3097 2465 3170 θεοφόρων
2479 3102 2730 3173 πατέρων
2745 3117 2922 3174 παρου
2930 3105 3020 3176 σίᾳ
3029 3105 3121 3159 καὶ
3135 3107 3262 3159 συνδ
3270 3110 3408 3178 ρομῇ
3421 3109 3774 3178 ἐκρατύνετο.

495 3194 740 3265 quinque
769 3191 1047 3263 sexaginta
1079 3199 1299 3245 centum
1329 3190 1732 3260 episcoporum.
1761 3186 1966 3242 Horum
1991 3186 2089 3241 du-

2220 3193 2294 3283 ρν
2319 3193 2549 3264 ἡγοῦντο
2577 3197 2670 3248 καὶ
2697 3198 3072 3268 προέλαμπον,
3102 3201 3298 3270 Μηνᾶς
3323 3202 3425 3271 μέν
3449 3201 3550 3272 τὴν
3579 3202 3780 3274 ἀρχὴν,

498 3304 594 3343 ces
628 3296 683 3342 et
710 3295 970 3355 tanquam
1000 3284 1206 3339 lumina
1245 3283 1486 3349 fuerunt,
1523 3281 1746 3337 Mennas
1773 3281 1992 3352 quidem
2021 3281 2091 3336 ab

501 3380 683 3443 initio,
719 3387 834 3433 tum
875 3377 1175 3448 Eutychius
1212 3390 1517 3439 successor,
1568 3375 1661 3444 qui
1692 3373 1904 3428 clavum
1933 3372 2094 3443 regiae

500 3473 663 3528 istius
708 3479 763 3526 et
793 3470 1276 3541 archiepiscOpalis
1299 3469 1444 3524 sedis
1467 3468 1909 3523 moderabantur.
1944 3465 2096 3536 Vigi-

502 3567 612 3621 lius
658 3566 854 3620 aderat
885 3564 1001 3635 (qui
1030 3573 1085 3619 et
1113 3564 1231 3634 ipse
1271 3563 1500 3618 Romam
1531 3569 1853 3631 susceperat
1895 3574 2096 3630 procu-

504 3656 754 3726 randam)
798 3655 941 3726 apud
988 3656 1179 3710 urbem
1222 3655 1466 3724 quidem,
1513 3653 1721 3726 synodo
1758 3662 1940 3707 tamen
1984 3667 2096 3706 non

505 3751 780 3816 interfuit,
824 3767 892 3806 eo
924 3750 1071 3820 quod
1112 3750 1335 3804 nolebat
1369 3759 1568 3819 sponte
1606 3763 1665 3803 se
1693 3747 1760 3803 ad
1802 3747 1954 3802 illum
2000 3763 2097 3819 ag-

506 3859 737 3916 gregare
784 3850 1139 3898 conventum.
1197 3839 1287 3896 Ille
1320 3851 1502 3895 autem
1541 3839 1916 3903 nihilominus,
1951 3839 2097 3908 quod

507 3937 737 3990 minime
763 3936 980 3990 volebat
996 3938 1136 3989 sacri
1156 3934 1301 3989 illius
1327 3947 1620 3988 consessus
1646 3932 1898 3988 sodalitio
1923 3931 2098 3987 inter-

508 4043 665 4092 esse,
730 4024 892 4081 ﬁdem
955 4027 1234 4081 communi
1280 4026 1501 4081 Patrum
1555 4023 1812 4096 suﬁ‘ragio
1858 4024 2097 4091 editam,

507 4118 694 4174 libello
732 4134 832 4173 suo
861 4119 1008 4185 dato,
1041 4117 1405 4174 conﬁrmavit.
1445 4117 1610 4173 Hisce
1653 4119 1880 4173 aderant
1936 4117 2100 4190 Apol-

510 4213 740 4267 linarius
775 4212 1144 4279 Alexandriae,
1195 4220 1251 4268 ct
1302 4212 1546 4267 Domnus
1595 4209 1858 4282 dignitate
1907 4211 2103 4266 Antio-

510 4306 705 4360 chenae
762 4305 1015 4362 Ecclesia:
1076 4303 1521 4373 archiepiscopali
1580 4303 1813 4373 praediti.
1865 4301 2106 4358 Aderant

523 4395 782 4466 Didymus
812 4404 867 4448 et
892 4393 1176 4466 Evagrius,
1205 4393 1384 4448 locum
1410 4402 1659 4448 tenentes
1679 4392 2106 4448 Eustocbiillie-

2194 3279 2314 3338 εἶτα
2341 3286 2399 3339 δὲ
2431 3288 2527 3340 καὶ
2559 3288 2822 3360 Εὐτύχιος
2841 3329 2857 3355 ,
2889 3293 2988 3362 τῆς
3018 3292 3188 3362 αὐτῆς
3231 3292 3502 3363 βασιλίδος
3521 3335 3538 3360 ,
3570 3295 3638 3347 ὲκ
3666 3296 3780 3348 δια-

2192 3376 2389 3449 δοχῆς,
2416 3379 2545 3443 τοὺς
2600 3382 3022 3453 ἁρχιερατικοὺς
3071 3385 3620 3457 πηδαλιουχήσαντες
3666 3389 3776 3441 σία-

2195 3486 2330 3533 καςο
2370 3472 2466 3526 καὶ
2501 3473 2741 3543 Βιγίλιος
2771 3475 2882 3549 (21)
2909 3479 2936 3530 6
2973 3477 3073 3548 τῆς
3111 3473 3334 3550 Ῥώμης
3373 3479 3473 3551 τὴν
3501 3480 3667 3551 ἱερὰν
3689 3481 3779 3533 λα-

2196 3563 2308 3635 χὼν
2347 3565 2592 3636 ἐφορίαν,
2624 3565 2815 3636 παρὼν
2857 3568 2958 3639 μὲν
2989 3572 3059 3640 τῇ
3091 3570 3276 3635 πόλει,
3305 3570 3366 3624 οὐ
3397 3571 3597 3642 παρὼν
3635 3571 3697 3626 δὲ
3722 3577 3775 3642 τῇ

2198 3657 2425 3728 συνόδῳο
2461 3658 2520 3721 ὃς
2554 3661 2603 3712 εί
2637 3661 2733 3713 καὶ
2787 3661 2862 3732 μὴ
2899 3662 3180 3734 πρόθυμος
3213 3664 3296 3728 εἰς
3323 3665 3424 3738 τὴν
3473 3667 3770 3738 συνδρομὴν

2197 3751 2299 3821 τῆς
2343 3752 2495 3823 ἱερᾶς
2535 3753 2866 3825 ὁμηγύρεως
2896 3756 3172 3826 κατέστη,
3217 3757 3332 3811 ἀλλ’
3372 3758 3528 3812 οὐδὲν
3567 3760 3765 3813 ἔλαττον

2197 3848 2350 3917 ὅμως
2391 3848 2490 3920 τὴν
2522 3849 2710 3920 κοινὴν
2736 3849 2848 3904 τῶν
2889 3853 3144 3921 πατέρων
3187 3853 3374 3909 πίστιν
3401 3857 3689 3929 ἐπεκύρου
3713 3857 3780 3908 λιι

2200 3939 2393 4010 ὅέλλῳ.
2423 3940 2530 3994 Σὺν
2555 3935 2637 4005 οἷς
2679 3941 3055 4015 Ἀπολινάριός
3077 3961 3138 3997 τε
3166 3947 3195 3998 ὁ
3231 3944 3671 4018 Ἀλεξανδρείας,
3703 3950 3787 4003 καὶ

2201 4030 2406 4102 Δόμνος
2439 4033 2467 4085 6
2513 4032 2866 4104 Ἀντιοχείας,
2899 4034 2981 4106 τῷ
3001 4036 3372 4108 ἁρχιερατικῷ
3407 4038 3692 4110 ἀξιώματι
3714 4058 3791 4094 κε-

2203 4126 2568 4197 κοσμημένοι.
2616 4129 2729 4181 Καὶ
2782 4127 2848 4199 δὴ
2900 4130 2996 4182 καὶ
3045 4129 3280 4200 Δίδυμος
3330 4133 3427 4186 καὶ
3483 4133 3790 4205 Εὺὰγριος,

2203 4218 2499 4290 Εὑποχίου
2549 4220 2644 4275 τοῦ
2705 4219 3096 4293 Ἰεροσολύμων
3137 4225 3442 4295 ἀρχιερέως
3483 4225 3578 4280 τὸν
3623 4227 3794 4281 τόπον

2205 4309 2671 4381 ἀναπληροῦντες.
2724 4313 3044 4385 Τηνικαῦτα
3087 4315 3146 4369 δέ
3197 4317 3294 4370 καὶ
3354 4319 3741 4385 Ἰουστινιανὸς
3771 4324 3798 4374 6

2206 4399 2502 4470 κράτιστος
2531 4404 2589 4456 ἐν
2618 4403 2932 4474 βασιλεῦσι,
2963 4406 3065 4478 τῆς
3126 4407 3444 4479 Ῥωμαῖκῆς
3471 4411 3657 4482 ἀρχῆς
3703 4414 3798 4475 τὰς

512 4489 887 4559 rosolymitani
931 4487 1347 4556 archiepiscopi.
1400 4485 1506 4541 Per
1548 4487 1602 4542 id
1640 4487 1902 4556 temporis
1935 4487 2089 4541 Justi-

2209 4495 2494 4564 φροντίδας
2527 4497 2817 4568 ἐχείριζεν,
2846 4500 2943 4554 καὶ
2973 4499 3054 4570 τῷ
3078 4500 3518 4573 ἐκκλησιαστικῷ
3546 4505 3800 4574 συνεφώ-

512 4581 714 4635 nianus
745 4582 1018 4635 maximus
1042 4579 1358 4649 imperator,
1387 4576 1617 4633 Romani
1655 4578 1990 4650 principatus
2010 4593 2089 4632 cui

2214 4601 2294 4636 νει
2326 4586 2662 4658 φρονήματι.
2697 4587 2846 4660 Αὕτη
2870 4588 3166 4658 τοιγαροῦν
3192 4591 3226 4660 ἡ
3256 4591 3389 4658 ἁγία
3419 4593 3510 4643 καὶ
3533 4593 3802 4663 οίκουμε-

513 4690 633 4730 ram
671 4674 922 4729 manilius
955 4673 1311 4746 gubernabat,
1342 4679 1397 4726 et
1426 4687 1550 4726 cum
1580 4672 1967 4728 ecclesiasticis
2003 4671 2105 4727 do-

515 4767 790 4839 gmatibus
816 4765 1180 4836 conspirabat.
1225 4763 1351 4818 Haec
1383 4764 1565 4832 itaque
1587 4771 1773 4818 sancta
1799 4775 1855 4818 et
1883 4763 2107 4818 univer-

517 4861 646 4915 salis
689 4860 927 4932 synodus
953 4861 1165 4930 impura
1208 4857 1449 4913 Nestorii
1480 4857 1732 4928 dogmata
1781 4857 2108 4928 repullulas-

519 4953 698 5005 centia
735 4952 952 5022 penitus
984 4953 1183 5007 iterum
1213 4948 1535 5012 demessuit,
1568 4964 1678 5003 una
1717 4964 1840 5004 cum
1871 4949 2110 5004 zizanio-

522 5058 646 5096 rum
677 5044 793 5113 ipso
821 5044 1152 5099 semiuatore
1176 5061 1190 5097 :
1224 5040 1293 5096 Et
1312 5049 1436 5111 post
1462 5054 1613 5106 eum,
1647 5038 1996 5096 Theodorum
2025 5049 2110 5095 at-

2211 4675 2338 4747 νικὴ
2372 4676 2589 4740 σύνοδος
2635 4677 2934 4748 Νεστορίου
2982 4679 3145 4734 πάλιν
3179 4679 3248 4732 τὰ
3295 4679 3470 4751 μιαρὰ
3511 4683 3804 4751 παραφυό-

2216 4781 2353 4833 μενα
2379 4765 2627 4835 δόγματα
2661 4769 2739 4830 εἰς
2766 4766 2827 4820 τὸ
2858 4767 3120 4831 παντελὲς
3151 4767 3480 4838 ὲξεθέρισεν,
3506 4767 3624 4838 ἅμα
3650 4769 3804 4839 αὐτῷ

2214 4860 2436 4912 ἐκείνων
2469 4859 2547 4930 τῷ
2576 4862 2768 4932 σπορεῖ
2793 4861 2901 4914 τῶν
2931 4860 3208 4926 ζιζανίων.
3243 4861 3382 4914 Μεθ’
3407 4860 3489 4926 ὃν,
3520 4861 3803 4932 θεόδωρον

2218 4953 2312 5004 καὶ
2347 4951 2647 5022 Διόδωρον·
2688 4947 2764 5005 ὦν
2787 4953 2816 5005 6
2848 4961 2943 5022 μὲν
2990 4951 3208 5022 Ταρσοῦ
3253 4952 3496 5019 πόλεως,
3529 4956 3558 5007 6
3604 4953 3665 5007 δὲ
3703 4955 3806 5008 Μο-

2217 5042 2511 5106 ὠουεστίας
2557 5045 2958 5115 ἑπεσκὸπησεν.
3005 5045 3107 5112 Οἱ,
3153 5044 3450 5116 Νεστορίου
3507 5045 3806 5118 πρότερον,

2075 5243 2309 5303 NOTAE.

601 5429 709 5502 (20)
750 5430 1073 5502 Legendurn
1120 5431 1282 5501 αὐτῇ,
1315 5445 1426 5485 non
1463 5431 1625 5500 αὐτή.
1661 5431 1757 5488 Est
1790 5439 1974 5487 autem
2017 5429 2110 5502 τέ-

536 5500 722 5574 μενος,
745 5501 899 5576 _quod
924 5501 1000 5554 ait
1033 5500 1351 5576 Hesychius,
1389 5503 1496 5576 πᾶς
1522 5503 1573 5576 6_
1588 5503 1996 5576 μεμερισμένος
2021 5500 2111 5553 τό-

529 5571 633 5635 πος
662 5574 767 5624 τινί
803 5573 884 5633 εἰς
931 5575 1118 5642 τιμήν.
1145 5571 1318 5626 ’ldem
1353 5573 1497 5640 quod
1555 5571 1762 5629 Latinis
1818 5571 2111 5640 Templum,

529 5643 682 5697 locus
703 5659 808 5697 non
834 5642 1008 5712 solum
1039 5651 1260 5697 sanctus
1285 5645 1380 5697 sed
1410 5650 1466 5696 et
1487 5659 1662 5709 sacer,
1691 5655 1752 5699 ut
1775 5644 2111 5712 sepulcrum.

532 5713 887 5768 Recentiores
934 5711 1105 5768 Graeci
1168 5714 1246 5768 sic
1296 5713 1582 5768 ecclesiam
1645 5711 1954 5778 nominant,
2019 5712 2117 5767 sed

532 5799 812 5851 nunquam
845 5785 1194 5839 vetustiores.

607 5853 718 5923 ('21)
760 5856 1022 5923 Βιγίλιος
1053 5853 1165 5924 τῆς
1224 5853 1475 5926 Ῥώμης.
1517 5853 1746 5927 Vigilius
1788 5871 1926 5928 papa
1978 5853 2122 5911 Con-

2209 5430 2604 5504 stantinopolin
2631 5429 2819 5504 Aadiit,
2857 5441 3089 5487 vocante
3136 5431 3478 5497 Iustiniano,
3511 5443 3569 5488 et
3600 5436 3809 5504 synodo

2209 5501 2479 5574 interfuit.
2540 5501 2648 5555 Sed
2705 5516 2844 5574 cum!
2890 5513 3010 5558 acta
3065 5519 3175 5558 non
3232 5504 3517 5574 probaret,
3581 5501 3810 5560 secessit

2211 5573 2634 5646 Chalcedonem,
2673 5573 2768 5627 sed
2799 5572 2867 5626 ab
2895 5572 3518 5646 iinperatorebazretico
3548 5586 3608 5630 et
3635 5575 3808 5646 impc-

2213 5645 2364 5698 rioso
2402 5643 2730 5714 exagitatus,
2762 5651 2926 5712 atque
2956 5645 3012 5697 in
3040 5645 3291 5698 exsilium
3319 5645 3552 5710 missus,
3588 5643 3808 5701 tandem

2215 5714 2460 5786 elanguit
2491 5722 2546 5786 et
2577 5714 2920 5786 subscripsit.
2950 5715 3145 5768 Statim
3174 5717 3293 5786 lego
3325 5731 3433 5769 non
3462 5717 3680 5786 ἐκείνῳ,
3715 5717 3808 5770 scd

2216 5784 2466 5856 ἐκείνων,
2501 5785 2605 5856 hoc
2643 5792 2747 5856 est,
2776 5784 3086 5856 Δζιζανίων,
3126 5784 3477 5856 ριὀληθοῦσι
3500 5829 3516 5852 ,
3563 5784 3810 5856 reposuit

2220 5854 2490 5911 Dominus
2520 5853 2946 5913 Herefordensis
2979 5853 3230 5929 ληροῦσι,
3262 5853 3407 5929 quod
3457 5853 3668 5915 rectum
3701 5869 3804 5912 est.
