3964 6492
213 389 314 452 645

1375 378 1910 444 EPISTOLARUM
1957 376 2191 439 LIBER
2232 377 2279 436 Ι.
2314 364 2317 375 ³

3382 371 3490 437 646

216 503 310 573 τὴν
340 498 593 569 τοιαύτην
622 498 906 563 ὠδίνοντες
944 498 1177 567 αἵρεσιν,
1220 495 1315 549 xui
1348 494 1629 566 ἔγγραφον
1658 495 1796 547 ἁπο-

1918 506 2009 560 1ue
2039 489 2339 544 Diodorum
2368 509 2379 542 :
2416 505 2649 560 quorum
2677 489 2781 544 iste
2810 487 2964 542 Tarsi
2990 487 3241 553 civitatis,
3271 489 3360 543 ille
3391 506 3489 543 au-

214 592 488 645 λελοίπασι
515 632 530 656 ,
561 591 660 662 τῆς
689 590 846 644 νόθου
892 588 1131 652 διανοίας
1167 591 1238 642 τὰ
1269 586 1397 639 νόθα
1447 586 1541 639 xui.
1587 584 1797 654 ἔκφυλα

214 686 490 756 κυήματα.
526 684 646 736 Ἔτι
670 683 728 736 δὲ
752 682 1076 736 κατεδίκασε
1109 678 1204 733 xui
1225 678 1619 749 ἀνεθεμάτισεν
1645 679 1797 746 Ὠρι-

214 778 395 848 γένην,
422 777 677 847 Δίδυμον,
705 777 1000 849 Εύάγριον,
1025 771 1233 827 παλαιά
1253 771 1361 826 τῶν
1388 771 1597 824 πιστῶν
1626 771 1796 842 ἀρρω-

218 869 504 937 στήματα,
543 867 746 937 ἄνδρας
782 866 881 935 τὴν
921 864 1243 937 Ἑλληνικὴν
1278 862 1608 933 μυθολογίαν
1642 863 1700 914 ἐν
1728 864 1795 933 τῇ

215 953 310 1007 τοῦ
328 953 460 1006 Θεοῦ
492 954 790 1025 Ἐκκλησία
815 953 1265 1024 παρεισενεγκεῖν
1283 951 1795 1021 φιλονεικήσαντας.

216 1046 598 1117 Προῦπὰρχειν
647 1063 708 1099 τε
760 1047 870 1116 γὰρ
926 1040 1073 1099 οὗτοι
1131 1043 1231 1107 τὰς
1263 1044 1440 1115 ψυχὰς
1473 1045 1581 1097 τῶν
1615 1045 1799 1115 σωμά-

218 1156 324 1191 των
351 1138 678 1211 ὲληρῴδουν,
715 1139 812 1192 xui
838 1137 1009 1191 πολλὰ
1033 1138 1266 1206 σώματα
1284 1136 1380 1206 τὴν
1408 1136 1578 1207 αὐτὴν
1606 1153 1799 1206 μετεν-

200 1231 455 1300 δύεσθαι·
486 1231 666 1301 δόγμα
698 1231 893 1303 μιαρὸν
920 1229 1016 1284 xui
1043 1229 1429 1283 κατάπτυστον
1459 1230 1555 1282 xui
1593 1230 1792 1299 μόνων,

220 1324 298 1387 ὡς
323 1325 557 1395 ἀληθῶς,
593 1324 817 1379 ἐκείνων
846 1324 956 1377 τῶν
984 1322 1171 1393 ψυχῶν
1205 1322 1375 1386 ἄξιον.
1420 1323 1531 1374 Καὶ
1564 1321 1712 1383 τέλος
1745 1321 1801 1374 δὲ

219 1417 319 1488 τῆς
338 1418 691 1489 ἀτελευτήτου
718 1417 994 1482 κολάσεως
1019 1416 1369 1487 ἐψηφίζοντο.
1405 1415 1597 1484 Ἀλλη,
1622 1415 1798 1478 τοῦτο,

219 1511 565 1581 παράκλησις
614 1510 751 1581 πρὸς
783 1510 1065 1579 ἁμαρτίαν
1120 1510 1302 1562 πᾶσαν
1354 1509 1450 1561 xui
1501 1506 1799 1560 ἀπώλειαν.

218 1602 328 1655 Καὶ
355 1602 465 1663 τοῖς
512 1602 769 1669 πονηροῖς
797 1598 1017 1669 δαίμοσι
1050 1599 1114 1651 τὸ
1143 1600 1374 1668 ἀρχαῖον
1415 1594 1637 1666 ἀξίωμα
1669 1598 1802 1665 εχα-

224 1694 452 1764 ρίζοντο,
497 1692 904 1764 ὲπαναδραμεῖν
935 1692 1137 1755 αὐτοὺς
1172 1693 1250 1753 εἰς
1279 1691 1378 1761 τὴν
1405 1691 1612 1745 ἄνωθεν
1644 1690 1803 1756 δόξαν

221 1784 282 1851 ἐξ
309 1780 373 1857 ἧς
413 1784 696 1850 ἐξέπεσον,
737 1782 1196 1846 ἀναπλάττοντες.
1241 1782 1364 1835 Ἔτι
1414 1782 1511 1847 δὲ,
1562 1782 1681 1836 οὐδὲ
1735 1785 1804 1839 τὰ

1902 589 2011 633 tem
2041 577 2391 648 Mopsuestia:
2438 580 2731 648 episc0pus
2757 588 2894 632 erat.
2930 576 3017 632 Isti
3048 577 3198 632 enim
3244 578 3493 635 Nestorio

1899 674 2109 742 priores
2152 673 2299 726 illam
2337 672 2512 743 ipsam
2560 671 2811 726 haeresim
2846 672 3245 741 parturiebant.
3285 683 3339 726 et
3374 682 3496 741 post

1900 775 1960 815 se
1986 761 2296 825 defunctos,
2336 760 2559 830 scriptis
2590 761 2816 815 traditos
2844 762 3114 830 reliquere
3146 761 3343 830 spuria:
3372 777 3495 816 sen-

1902 854 2091 909 tentize
2112 854 2328 924 spurios
2357 856 2573 924 partus.
2606 852 3004 907 Condemnavit
3029 854 3255 923 insuper
3283 864 3337 908 et
3368 869 3499 907 ana-

1902 947 2146 1001 themate
2185 946 2333 1001 feriit
2383 944 2694 1016 Origenem,
2732 945 3040 1016 Didymum,
3089 948 3401 1017 Evagrium,
3426 947 3495 1000 ab

1904 1040 2147 1109 antiquis
2203 1039 2542 1109 temporibus
2574 1040 2629 1092 in
2661 1038 2767 1093 ﬁde
2800 1039 3108 1109 languidos,
3151 1041 3349 1111 quippe
3393 1039 3489 1107 qui

1902 1133 1957 1186 in
1989 1132 2289 1187 Ecclesiam
2314 1132 2408 1185 Dei
2434 1122 2896 1185 subintroducere
2918 1130 3257 1202 Paganorum
3287 1131 3495 1185 fabulas

1904 1234 2270 1281 tentaverant.
2298 1224 2619 1279 Delirabant
2649 1225 2819 1289 enim,
2865 1226 3081 1280 animas
3106 1234 3234 1280 ante
3266 1238 3495 1291 corpora

1902 1319 2310 1388 praeexstitisse,
2356 1335 2460 1373 nec
2492 1334 2623 1385 non,
2688 1334 2850 1372 unam
2878 1327 2933 1372 et
2969 1319 3218 1372 eamdem
3262 1316 3495 1370 animam

1903 1412 2073 1465 multa
2088 1428 2315 1481 corpora
2334 1412 2645 1482 subingredi
2657 1453 2669 1465 .
2687 1412 2919 1482 lmpium
2936 1412 3129 1483 dogma
3145 1423 3197 1465 et
3213 1425 3495 1479 conspucn

1904 1504 2056 1569 dum,
2088 1505 2253 1559 nullis
2278 1506 2501 1576 dignum
2536 1513 2740 1573 prazter
2768 1505 2916 1574 ipsos
2944 1504 3270 1559 fautoribus.
3305 1502 3498 1557 Finem

1905 1612 2128 1666 quoque
2158 1608 2213 1651 et
2241 1599 2538 1651 terminum
2564 1596 2819 1667 supplicii
2848 1596 3265 1651 interminabilis
3295 1595 3503 1650 consti-

1906 1689 2133 1743 tuebant
2163 1708 2175 1743 :
2223 1706 2344 1759 quae
2390 1700 2474 1745 est
2508 1690 2740 1743 maxima
2767 1688 3011 1742 omnium
3057 1688 3128 1742 ad
3165 1687 3501 1757 peccandum

1907 1781 2161 1837 illecebra
2213 1790 2268 1837 et
2315 1781 2679 1852 praecipitium
2720 1780 2777 1834 in
2809 1782 3021 1835 ruinam
3046 1781 3276 1835 ducens.
3314 1778 3421 1833 Sed
3450 1786 3505 1832 et

222 1877 450 1948 σώματα
485 1879 607 1941 ταῖς
631 1879 833 1947 ψυχαῖς
881 1875 1163 1930 ἐϐούλοντο
1208 1877 1631 1931 συνανίστασθαι
1656 1895 1671 1909 ·
1705 1896 1803 1948 γυ-

1918 1874 2091 1945 impiis
2140 1874 2485 1929 daemonibus
2514 1889 2674 1929 suum
2719 1874 3006 1943 antiquum
3038 1873 3223 1928 locum
3246 1882 3302 1927 et
3330 1872 3508 1944 digni-

225 1971 363 2041 μνὰς
389 1970 446 2023 δὲ
467 1969 637 2032 αὐτὰς
661 1970 932 2038 σωμάτων
963 1968 1278 2023 ἀνιστῶσιν·
1306 1970 1405 2022 οὐκ
1436 1964 1535 2023 οἷδ’
1561 1970 1609 2034 ὅ,
1637 1988 1689 2023 τι
1716 1972 1811 2025 xui

221 2060 514 2124 καλοῦντες
578 2059 900 2123 ἀνάστασιν,
959 2059 1120 2129 εἴπερ
1168 2057 1263 2111 τοῦ
1315 2060 1670 2121 πεπτωκότος
1717 2060 1811 2111 καὶ

223 2154 476 2216 θανόντος
514 2153 548 2223 ή
585 2153 886 2214 ἀνάστασις
908 2192 924 2217 ,
963 2150 1084 2221 οὐχὶ
1108 2150 1165 2203 δὲ
1201 2148 1295 2203 τοῦ
1330 2151 1418 2204 ἀεὶ
1448 2149 1685 2213 ἑστῶτος
1714 2150 1810 2203 καὶ

220 2249 281 2300 ὲν
316 2243 598 2316 ἀφθαρσίᾳ
626 2243 977 2312 διαμένοντος
1003 2284 1016 2307 ,
1062 2238 1173 2296 οἶόν
1222 2242 1327 2313 πέρ
1362 2246 1511 2296 ἐστιν
1557 2245 1589 2314 ἠ
1636 2243 1809 2313 ψυχὴ,

222 2333 343 2387 οὐδὲ
375 2330 535 2384 τοῦτο
564 2330 977 2401 δυσωπηθέντες
1014 2333 1062 2384 οί
1092 2330 1300 2396 ἄθλιοι,
1336 2331 1523 2401 ἡλίκον
1555 2326 1666 2385 οἷον
1697 2332 1812 2387 ἀδί-

224 2441 397 2494 κημα,
430 2423 497 2476 δι’
527 2415 603 2477 ὧν
637 2422 859 2492 ληθοῦσι
883 2433 933 2490 ο,
975 2422 1070 2476 τοῦ
1098 2423 1308 2477 δικαίου
1339 2422 1546 2493 Κριτοῦ
1573 2440 1812 2492 κατηγο-

232 2517 401 2589 ροῦσι.
430 2516 553 2579 Πῶς
578 2516 688 2587 γὰρ
713 2517 816 2569 οὐκ
844 2517 1080 2588 ἐσχάτην
1109 2516 1322 2570 ἀδικίαν
1345 2516 1511 2568 αὐτοῦ
1538 2532 1815 2585 καταμαρ-

227 2610 477 2682 τυροῦσι,
510 2610 581 2663 τὰ
616 2610 715 2680 μὲν
758 2610 1167 2681 συναθλήσαντα
1200 2607 1429 2679 σώματα
1462 2610 1583 2672 ταῖς
1615 2608 1814 2679 ψυχαῖς

224 2706 332 2767 τοῖς
363 2704 486 2757 κατ’
516 2702 717 2775 ἀρετὴν
744 2703 924 2765 πόνοις
945 2702 1052 2756 τῶν
1079 2701 1275 2755 κοινῶν
1304 2701 1555 2754 ἐπάθλων
1581 2703 1816 2755 ἀποστε-

230 2798 339 2867 ρεῖν
372 2795 535 2849 αὑτὸν
582 2795 1052 2865 βλασφημοῦντες
1088 2794 1158 2847 τά
1186 2793 1230 2846 δ’
1277 2788 1346 2846 αὖ
1388 2794 1550 2847 πάλιν
1587 2793 1815 2861 συνεξα-

231 2887 541 2956 μαρτόντα,
590 2886 690 2957 τῆς
722 2886 914 2955 κοινῆς
948 2885 1133 2949 αἰτίας
1166 2887 1263 2939 xui.
1292 2886 1548 2958 πράξεως
1573 2886 1817 2939 ἀνεπιτί-

230 2995 381 3048 μητα
418 2978 878 3048 καταλιμπάνειν,
930 2977 1097 3047 μόνας
1148 2976 1207 3029 δὲ
1255 2977 1354 3041 τὰς
1401 2976 1615 3049 ψυχὰς,
1646 2979 1816 3048 χωρὶς

226 3072 335 3124 τῶν
364 3069 919 3142 συνδιαπραξαμένων
949 3070 1241 3139 σωμάτων,
1275 3070 1306 3140 ἢ
1334 3069 1530 3142 διπλῆν
1556 3070 1819 3141 εἰσπράτ-

226 3180 341 3215 τειν
370 3163 664 3234 τιμωρίαν,
693 3162 726 3233 ἢ
756 3161 949 3231 διπλῆς
970 3161 1156 3226 ἀξιοῦν
1188 3161 1637 3231 μισθαποδοσίας.

1914 1975 2077 2021 tatem
2104 1966 2517 2035 largiebantur:
2556 1982 2685 2020 nam
2734 1980 3045 2037 regressum
3104 1965 3209 2019 illis
3234 1965 3300 2019 ad
3340 1964 3507 2018 cccle-

1912 2066 2053 2113 stem
2092 2058 2317 2129 gloriam
2348 2058 2680 2127 patefactum
2738 2058 2805 2112 iri
2847 2058 3140 2123 docebant,
3180 2057 3327 2111 unde
3375 2056 3507 2110 olim

1913 2150 2252 2205 exciderant.
2314 2149 2424 2204 Sed
2477 2166 2582 2207 nec
2627 2165 2857 2219 corpora
2888 2165 3014 2204 cum
3063 2149 3177 2204 suis
3219 2147 3509 2205 animabus

1913 2244 2203 2313 conjuncta
2233 2226 2607 2299 resurrectura
2646 2244 2958 2313 ﬁngebant,
2984 2243 3080 2297 sed
3105 2242 3280 2296 nudas
3299 2241 3510 2296 animas

1914 2336 2034 2390 sine
2069 2338 2411 2405 corporibus.
2444 2335 2645 2391 Nescio
2676 2352 2839 2406 quam
2873 2351 2989 2390 rem
3027 2336 3236 2389 interea
3283 2334 3512 2389 commi-

1914 2428 2194 2482 niscentes
2232 2430 2716 2491 resurrectionem,
2758 2428 3035 2497 siquidem
3074 2426 3405 2481 resurrectio
3445 2426 3511 2479 il-

1916 2518 2023 2572 lius
2073 2528 2157 2573 est
2204 2520 2351 2588 quod
2394 2520 2711 2575 conciderat
2743 2527 2800 2574 et
2837 2519 3195 2584 moriebatur,
3237 2534 3347 2573 non
3392 2517 3512 2587 ejus

1916 2613 2063 2681 quod
2089 2612 2289 2684 iugiter
2326 2612 2665 2669 consistebat
2691 2622 2746 2667 et
2776 2612 3192 2681 incorruptibile
3224 2624 3513 2680 permane-

1916 2703 2030 2769 bat,
2074 2704 2383 2774 cujusmodi
2421 2704 2619 2759 animae
2663 2714 2838 2759 status
2867 2713 2969 2770 est,
2998 2719 3102 2758 nec
3140 2702 3514 2772 intelligebant

1917 2795 2104 2850 miseri
2154 2807 2249 2850 aut
2303 2797 2722 2861 reverebantur,
2782 2812 2945 2865 quam
3004 2811 3198 2866 magna
3249 2794 3513 2864 injustitia

1914 2886 2126 2957 justum
2177 2888 2392 2941 interea
2423 2886 2676 2941 Judicem
2717 2888 3040 2942 onerabant.
3070 2885 3205 2939 Nam
3242 2885 3517 2955 quomodo

1918 2994 2031 3034 non
2088 2989 2282 3033 contra
2325 2980 2480 3033 illum
2527 2980 2824 3049 perhibent
2878 2980 2947 3033 de
2992 2994 3203 3033 summa
3250 2979 3518 3049 injustitia

1922 3073 2328 3135 testimonium,
2360 3072 2453 3141 qui
2500 3071 2821 3141 blaspheme
2854 3073 3230 3141 pronuntiant,
3286 3087 3517 3141 corpora

1922 3162 2013 3216 illa
2033 3178 2155 3232 qua:
2191 3178 2295 3217 una
2326 3179 2448 3217 cum
2482 3164 2773 3218 animabus
2800 3164 2855 3216 in
2886 3164 3064 3218 stadio
3087 3162 3306 3218 virtutis
3331 3164 3522 3218 decer-

228 3267 521 3322 taverant,
580 3257 818 3327 praemiis
878 3256 1091 3311 illorum
1150 3257 1395 3312 laborum
1451 3259 1834 3313 communibus
1894 3259 2158 3328 privanda
2191 3278 2205 3313 :
2244 3269 2340 3313 aut
2390 3270 2448 3315 ut
2490 3274 2612 3328 quae
2652 3275 2771 3313 una
2825 3268 3209 3329 peccaverant,
3259 3258 3327 3313 ab
3367 3260 3521 3314 omni

229 3362 384 3408 reatu
411 3362 469 3407 et
530 3368 689 3421 poena
733 3367 831 3422 pro
903 3352 1117 3408 actibus
1163 3352 1542 3417 solverentur;
1599 3354 1796 3409 animae
1853 3365 2035 3409 autem
2088 3354 2215 3408 solae
2257 3363 2314 3408 et
2352 3354 2604 3409 solitaria
2634 3370 2696 3410 ac
2722 3363 2946 3409 semota:
2979 3370 3009 3409 a
3041 3355 3363 3423 corporibus
3412 3371 3523 3411 una

226 3447 607 3518 operantibus,
634 3447 721 3501 vel
739 3446 941 3516 duplici
985 3462 1167 3518 paena,
1192 3448 1277 3503 vel
1304 3448 1573 3519 duplicata
1606 3449 1879 3515 mercede,
1909 3451 2325 3504 retributionem
2349 3450 2619 3505 baberent
2650 3451 2673 3504 ?

303 3546 405 3605 ις’.
447 3539 522 3593 Οὐ
574 3538 735 3610 μόνον
784 3538 842 3591 δὲ
887 3539 957 3592 τὰ
994 3538 1225 3592 τοιαῦτα
1274 3537 1382 3591 τῶν
1428 3539 1755 3609 δυσφημιῶν
1797 3542 1894 3607 6C

226 3632 385 3703 ἱερὸς
417 3624 571 3693 οὗτος
615 3630 725 3683 τῶν
772 3632 1026 3699 πατέρων
1073 3630 1234 3701 χορὸς
1284 3630 1656 3702 ἀπεκήρυξεν,
1688 3631 1823 3685 ἀλλά

224 3726 326 3779 xui
360 3723 500 3794 πρός
517 3738 581 3790 γε
617 3720 827 3784 τούτοις
851 3723 962 3792 (2‘2)
989 3723 1068 3793 (οὐ
1094 3720 1273 3792 πολλῷ
1294 3722 1604 3792 ἔμπροσθεν
1628 3723 1828 3795 χρόνῳ)

226 3816 457 3872 καθεῖλε
486 3815 582 3869 xui.
620 3813 1013 3884 ἀνεθεμάτισεν
1054 3813 1321 3884 Ἀνθιμόν
1370 3832 1431 3867 τε
1474 3814 1565 3868 τὸν
1606 3816 1827 3885 Τραπε-

235 3911 513 3976 ζούντιον,
550 3908 612 3961 τὸ
647 3907 921 3977 Εὑτυχοῦς
968 3907 1351 3963 ὑποθάλποντα
1405 3907 1693 3979 φρόνημα,
1734 3909 1828 3962 καὶ

210 4004 506 4073 ›Σε6ῆρον,
536 4000 744 4071 Πέτρον
775 4017 834 4053 τε
864 4000 957 4052 τὸν
990 3999 1086 4053 ἀπ’
1128 3999 1353 4069 Ἀμείας
1386 4007 1432 4066 ο,
1468 4000 1564 4053 xui
1586 4001 1825 4071 Ζωορᾶν,

239 4098 337 4151 καὶ
385 4096 569 4148 πᾶσαν
611 4094 710 4163 τὴν
758 4092 1004 4165 πονηρὰν
1047 4093 1266 4163 ἐκείνην
1317 4094 1412 4147 xui.
1456 4095 1827 4163 πολυκέφαλον

231 4190 548 4259 διασπορὰν
582 4188 678 4241 xui
709 4188 1044 4258 συμμορίαν·
1088 4187 1401 4257 Ἀγαπητοῦ
1437 4189 1537 4259 μὲν
1571 4191 1827 4260 μάλιστα,

228 4282 336 4337 τοῦ
380 4280 599 4351 Ῥώμης
619 4322 633 4343 ,
664 4280 764 4350 τῆς
791 4278 1023 4348 εύαγοῦς
1046 4280 1524 4352 προκατὰρξαντος
1555 4284 1828 4354 πράξεως·

234 4371 560 4443 συμψήφων
589 4371 648 4424 δὲ
686 4372 785 4424 καὶ
815 4370 1096 4441 συνεργῶν
1143 4372 1532 4442 ἀναφανέντων
1576 4375 1688 4429 τῶν
1729 4394 1829 4429 πε-

229 4465 544 4537 ριωνύμων
570 4462 895 4534 ἀρχιερέωνο
929 4457 1003 4516 ὧν
1032 4465 1061 4517 ὁ
1091 4463 1189 4534 μὲν
1218 4464 1562 4536 Εὐφραίμιος
1596 4467 1648 4535 (ὁ
1682 4467 1831 4521 κλει-

228 4563 332 4625 νὸς
368 4561 470 4630 τῆς
519 4558 795 4627 Ἀντιόχου
842 4557 898 4610 δὲ
940 4550 1160 4626 οὗτος),
1191 4556 1303 4610 τῶν
1341 4557 1729 4629 Ἱεροσολύμων
1776 4560 1834 4614 δὲ

229 4654 456 4723 Πέτρος
499 4653 527 4704 ὁ
577 4650 721 4722 ἱερὸς
761 4649 1151 4720 ἐπετρόπευεν.
1185 4648 1422 4713 Τούτους
1463 4647 1556 4704 οὖν
1584 4653 1835 4716 ἅπαντας

226 4745 302 4798 τὸ
339 4743 488 4796 θεῖον
520 4742 631 4795 τῶν
666 4742 973 4813 ἀρχιερέων
1013 4742 1396 4813 συνάθροισμα.
1430 4742 1836 4813 ἐκκηρύξαντές

228 4852 299 4887 τε
334 4834 434 4887 xui.
468 4834 900 4903 ἀποϐαλλόμενοι
925 4874 940 4897 ,
974 4833 1045 4887 τὰ
1074 4833 1288 4903 ἀπλανῆ
1331 4835 1426 4888 xui
1459 4834 1578 4888 θεῖα
1604 4836 1704 4905 τῆς
1731 4854 1833 4890 κα-

2001 3540 2090 3595 16.
2132 3540 2322 3610 Neque
2362 3541 2668 3596 istiusmodi
2696 3555 2871 3595 solum
2896 3540 3271 3609 blasphemias
3302 3552 3523 3598 sanctus

1930 3631 2018 3686 ille
2044 3632 2268 3686 Patrum
2292 3632 2509 3687 illorum
2531 3647 2826 3687 consessus
2868 3634 3213 3702 proscripsit,
3242 3635 3337 3688 sed
3361 3643 3417 3688 et
3442 3636 3528 3687 in-

1928 3740 2095 3795 super
2125 3726 2259 3781 sede
2296 3742 2394 3781 sua
2429 3727 2683 3795 deposuit
2715 3735 2768 3780 et
2795 3727 3280 3781 anathematizavit
3327 3728 3528 3781 Anthi-

1928 3834 2100 3883 mum,
2128 3818 2222 3888 qui
2258 3833 2369 3872 non
2400 3817 2473 3872 ita
2497 3827 2612 3872 tum
2652 3818 2860 3887 pridem
2895 3817 3381 3889 Trapezuntiorum
3416 3820 3532 3889 epi-

1928 3925 2129 3979 scopus
2173 3910 2373 3975 fuerat,
2405 3911 2498 3979 qui
2529 3919 2693 3965 taeite
2714 3912 2856 3980 apud
2881 3912 3121 3965 animum
3155 3911 3376 3967 fovebat
3420 3911 3531 3965 Eu-

1929 4001 2162 4071 tychetis
2193 4001 2548 4066 sententiam,
2574 4010 2630 4056 et
2657 4017 2763 4055 una
2804 4017 2928 4056 cum
2958 4001 3071 4066 illo,
3106 4001 3391 4067 Severum,
3429 4000 3532 4054 Pe-

1932 4102 2077 4146 trum
2124 4095 2382 4163 Apameae
2407 4094 2768 4164 episc0pum,
2815 4095 3063 4160 Zooran,
3112 4104 3169 4149 ct
3216 4095 3533 4149 universam

1930 4185 2079 4238 illam
2121 4184 2368 4255 impiam,
2400 4186 2807 4257 multicipitem,
2842 4189 3143 4258 dispersam
3172 4189 3320 4242 varie
3360 4188 3537 4243 socie-

1932 4288 2120 4334 tatem.
2161 4279 2445 4351 Principes
2477 4282 2530 4335 in
2563 4282 2669 4336 hoc
2697 4284 2917 4353 negotio
2946 4291 3137 4337 sancto
3181 4293 3367 4352 patres
3398 4285 3540 4352 Aga-

1932 4383 2091 4444 petus
2155 4372 2343 4429 Romae
2413 4374 2705 4444 episcopus
2773 4375 3021 4441 obibat;
3097 4375 3537 4445 conspirantibus

1933 4472 2116 4519 autem
2143 4474 2199 4519 et
2224 4466 2551 4535 conjunctas
2579 4481 2774 4536 operas
2805 4466 3219 4522 conferentibus
3246 4466 3539 4521 celeberri-

1936 4557 2040 4612 mis
2069 4542 2178 4611 illis
2236 4558 2531 4613 antedictis
2585 4559 3141 4613 archisacerdotibus.
3195 4557 3250 4611 In
3302 4572 3534 4626 quorum

1936 4648 2064 4703 dein
2093 4664 2328 4705 numero
2361 4650 2734 4704 censebantur
2758 4649 3144 4719 Euphraimius
3173 4648 3406 4719 inclytus
3422 4648 3538 4701 An-

1936 4741 2177 4807 tiochiae,
2198 4750 2253 4796 et
2283 4751 2507 4796 sanctus
2530 4740 2724 4796 Petrus
2742 4740 3244 4811 Hierosolymorum
3268 4740 3535 4809 episcopi.

1940 4833 2174 4889 Sanctus
2222 4834 2453 4889 istorum
2511 4832 3017 4888 archisacerdotum
3059 4846 3361 4885 concessus
3414 4830 3537 4885 illos

234 4925 477 4998 θολικῆς
503 4927 597 4979 xui
643 4926 1010 4997 umcroitx‘qg
1055 4926 1381 4998 Ἐκκλησίας
1424 4927 1731 4998 ὲκράτυνάν
1775 4946 1815 4982 τι

1942 4941 2109 4996 supra
2156 4942 2349 4983 omnes
2397 4928 2602 4997 ejectos
2638 4943 2706 4981 ex
2748 4924 2992 4979 Ecclesia
3026 4923 3325 4993 publicavit
3358 4941 3371 4977 :
3406 4923 3539 4978 dum

1567 5082 1803 5139 VARUE
1845 5083 2252 5139 LECTIONES.

321 5210 358 5240 ιι
389 5197 641 5270 ληροῦσι.
721 5208 745 5235 °
784 5196 1110 5273 Ἀπαμείας.

1819 5351 2054 5410 NOTAE.

323 5500 446 5573 (22)
487 5497 675 5553 Ἀλλὰ
701 5496 813 5573 καὶ.
837 5496 956 5573 πρό
982 5512 1051 5573 τε
1082 5496 1329 5550 τούτων.
1362 5494 1555 5573 Recte,
1588 5496 1633 5549 si
1668 5496 1845 5573 inclu-

233 5567 463 5630 dantur
502 5567 848 5640 parenthesi._
884 5568 1052 5640 Paulo
1101 5575 1230 5640 post
1258 5582 1460 5640 repone
1517 5568 1844 5640 Ἀπαμείας.

233 5644 396 5699 Nam
422 5636 655 5696 divulsio
678 5638 1031 5706 exscriptoris
1056 5647 1112 5690 et
1136 5637 1231 5689 ἀπ’
1272 5636 1503 5706 Ἀμείας
1532 5638 1713 5706 inepta
1738 5647 1843 5691 est.

234 5716 321 5770 At
362 5712 470 5781 πρό
500 5728 563 5779 γε
602 5708 830 5781 τούτων,
862 5708 1129 5781 ψιοᾱηιιίι,
1162 5722 1275 5781 non
1304 5716 1386 5761 est
1435 5722 1625 5781 verum
1658 5710 1725 5761 de
1756 5708 1846 5781 illa

236 5776 746 5855 synodo,_'_nedum
796 5779 863 5831 de
908 5777 1116 5855 Vigilio.
1153 5776 1502 5855 "1‘_1_am,_quod
1528 5777 1759 5855 habetur
1791 5780 1845 5831 in

235 5847 650 5927 sequentibus,
682 5847 990 5921 Agapetus,’
1017 5848 1110 5919 qui
1152 5847 1441 5905 Silverium
1478 5849 1845 5919 praedecesso-

1948 5512 2066 5551 rem
2104 5496 2635 5569 Vigiliiantecessit,
2667 5494 2991 5550 Antbimum
3027 5493 3389 5569 Trapezuntis
3419 5494 3541 5569 epi-

1950 5566 2201 5638 scopum,
2240 5568 2524 5621 Theodora
2556 5569 2803 5637 Augusta
2841 5574 3192 5635 procurante,
3223 5566 3541 5638 Constanti-

1950 5635 2173 5707 nopolin
2203 5639 2521 5692 translatum
2542 5682 2555 5703 ,
2593 5635 2997 5696 ethuareticum
3018 5678 3033 5700 ,
3080 5644 3235 5707 extra
3265 5635 3534 5707 synodum

1950 5704 2197 5777 quintam
2251 5710 2646 5763 (Iecunwnicnm
2691 5708 2961 5775 deposuit,
2992 5721 3115 5760 cum
3149 5704 3215 5758 ad
3257 5704 3535 5777 Justinia-

1950 5775 2081 5851 num
2115 5782 2355 5851 Augusta
2385 5796 2413 5831 a
2448 5779 2727 5833 'l‘hcodato
2757 5779 3058 5835 Gothorum
3087 5790 3245 5847 rege,
3278 5785 3335 5830 et
3364 5775 3534 5833 Italia:

1950 5849 2177 5907 domino
2196 5849 2222 5916 ,“
2246 5851 2613 5921 ablegarctur.
