3964 6482
457 395 565 460 ’651

1614 389 1846 451 ΡΗΟΤΙ
1851 388 1878 449 Ι
1916 388 2424 451 PATRIARCHE
2460 390 2570 451 (ΞΡ.

3622 393 3731 456 652

443 519 640 564 sancta
657 515 713 562 ct
733 510 936 578 inagna
959 504 1206 578 synodus
1225 503 1513 559 barbaram
1542 503 1834 572 quamdam
1866 503 2023 558 haeret

2151 503 2450 574 σμούμενοι
2476 543 2493 568 ,
2543 499 2686 575 [καὶ]
2736 502 2835 574 τήν
2887 502 3269 574 αὐτοκράτορα
3306 505 3406 576 τῆς
3450 503 3747 576 Ῥωμαίων

449 604 570 666 sin,
603 611 737 656 tunc
777 617 954 672 nuper
1007 601 1076 655 ab
1121 599 1304 670 impiis
1350 607 1406 654 et
1443 597 1686 670 profanis
1721 597 2039 652 hominibus

450 695 852 759 introductam,
896 692 1174 749 communi
1207 707 1310 748 suo
1347 701 1403 748 et
1447 691 1709 747 divinitus
1740 691 2044 762 gubernato

441 787 708 858 suffragio
776 785 1208 851 condemnabat,
1255 784 1614 854 ejusdemque
1682 789 1938 838 auctores
1987 791 2044 838 et

395 868 404 887 ⁸
452 886 890 949 propugnatores
917 878 1112 934 iisdem
1137 877 1427 934 sententiis
1458 877 1746 933 damnatos
1788 876 2042 947 subiece-

450 980 604 1024 runt.
640 969 820 1024 Miseri
851 977 1038 1026 autem
1078 969 1168 1025 isti
1199 969 1480 1026 Christum
1510 967 1680 1025 Deum
1711 984 1903 1024 verum
1945 983 2042 1024 ore

448 1076 558 1116 non
587 1061 707 1117 ausi
753 1061 839 1116 vel
878 1061 1225 1118 confessione
1265 1076 1365 1116 sua
1402 1061 1784 1132 blasphemare
1808 1101 1825 1127 ,
1855 1060 2040 1131 operi-

439 1153 551 1209 bus
579 1161 758 1208 tamen
785 1153 901 1210 suis
917 1168 1135 1224 quoquo
1160 1152 1323 1208 modo
1343 1152 1687 1209 contumeliis
1703 1150 2004 1208 alfecernnt
2019 1193 2035 1216 ,

445 1255 503 1300 et
534 1245 820 1301 licentiose
859 1246 1370 1316 blasphemantibus
1411 1246 1556 1302 viam
1609 1245 2037 1302 adinvenerunt.

441 1337 766 1393 immediate
797 1338 976 1408 ipsum
1012 1337 1271 1393 insectari
1301 1336 1604 1402 conviciis,
1642 1345 1698 1392 et
1727 1336 1876 1391 nudo
1901 1351 1998 1391 ore
2019 1377 2036 1404 ,

445 1428 568 1484 sine
631 1428 752 1484 velo
806 1444 934 1484 cum
983 1442 1093 1484 non
1152 1429 1427 1493 audeant,
1484 1427 1828 1484 voluntatem
1878 1439 2034 1481 suam

445 1534 665 1574 omnem
700 1519 1098 1590 adimplerunt,
1131 1529 1188 1574 et
1210 1518 1432 1574 Christo
1450 1516 1760 1588 appositam
1788 1525 2036 1570 mentem

443 1621 500 1666 et
529 1611 857 1666 sententiam
883 1625 980 1682 per
1008 1610 1376 1665 venerandam
1399 1609 1520 1680 ejus
1545 1607 1840 1678 imaginem
1863 1606 2036 1661 deho-

446 1711 715 1757 nestatain
746 1702 1214 1758 demonstrarunt.
1243 1701 1451 1757 Idolum
1479 1699 1846 1756 venerandam
1873 1697 2036 1754 Chri-

446 1794 517 1848 sti
552 1794 846 1865 imaginem
888 1796 958 1865 (ο
989 1794 1156 1849 nimis
1184 1793 1445 1850 audacem
1489 1793 1670 1864 impia:
1699 1792 1899 1863 linguae
1941 1806 2032 1847 so-

443 1900 574 1939 num
594 1925 609 1948 ,
641 1895 697 1940 et
727 1884 907 1940 cordis
941 1884 1215 1940 atheistici
1253 1884 1475 1939 beatum
1497 1882 1552 1955 ι)
1585 1883 1892 1954 appellant,
1931 1896 2032 1951 per
2057 1865 2106 1925 Β

439 1990 604 2046 quam
633 1975 1002 2032 idololatricus
1034 1990 1188 2031 error
1212 1975 1558 2032 eliminatur:
1593 1975 1732 2029 hanc
1772 1973 2034 2028 conviciis

432 2078 497 2125 et
519 2070 774 2126 omnibus
803 2070 1312 2126 dehonestamentis
1356 2070 1614 2126 fmdatam
1645 2084 1745 2140 per
1769 2067 2029 2138 compita,

438 2162 619 2216 forum
659 2170 715 2217 et
763 2160 973 2233 plateas
1030 2163 1263 2234 pedibus
1311 2162 1663 2232 proculcant,
1719 2160 2033 2216 distrahunt

439 2256 620 2320 varie,
653 2255 770 2326 igni
799 2255 1022 2311 demum
1054 2255 1482 2311 comburendam
1531 2253 1772 2310 tradunt.
1800 2252 2033 2324 Specta-

427 2345 620 2400 culum
656 2343 982 2400 Christianis
1024 2343 1455 2417 deplorandum,
1513 2343 1737 2416 dignum
1786 2357 2029 2416 pagano-

438 2453 558 2492 rum
612 2438 666 2492 in
709 2437 991 2494 Christum
1042 2437 1169 2494 odio
1189 2439 1209 2493 ι.
1249 2436 1549 2494 Talismodi
1611 2446 1669 2492 et
1706 2436 1763 2490 in
1803 2444 2031 2491 crateras

435 2531 812 2603 imagunculae
869 2545 1057 2587 sacras
1117 2531 1350 2603 pedibus
1409 2530 1506 2586 citi
1562 2529 1630 2586 ad
1688 2529 2029 2584 fundendum

429 2624 757 2696 sanguinem
805 2624 1195 2680 exstiterumt:
1241 2638 1380 2694 quas
1403 2622 1672 2678 manibus
1715 2621 2027 2694 sacrilegis,

435 2717 602 2772 labris
630 2716 874 2787 profanis
903 2716 1200 2772 fmdarunt.
1229 2714 1422 2785 Neque
1449 2714 1704 2770 exsatiari
1735 2714 2030 2770 voluerunt

435 2807 698 2864 alastores
735 2808 802 2863 ad
845 2807 995 2862 hunc
1033 2805 1258 2862 modum
1309 2805 1636 2862 insaniendo
1661 2815 1718 2861 et
1751 2805 2023 2862 fnriendo.

434 2898 625 2968 Neque
681 2903 830 2951 certe
874 2893 1059 2950 minus
1107 2908 1272 2964 quam
1330 2907 1663 2964 paganorum
1693 2892 2026 2947 exsecranda

433 2989 677 3044 facinora
699 3029 714 3054 ,
754 2987 800 3042 si
834 3001 946 3041 non
987 2985 1130 3042 forte
1163 2983 1371 3056 magis,
1400 2982 1840 3039 Christianorum
1869 2997 2024 3038 sacra

431 3081 589 3152 signa
610 3090 667 3136 et
689 3077 1209 3149 repraesentationes
1231 3078 1362 3132 odio
1383 3074 1577 3146 perciti
1599 3083 1978 3145 conspuerunt
2003 3091 2018 3129 :

2144 596 2324 668 ἀρχῆς
2353 596 2661 667 πορφυρίδα
2692 595 3018 661 ὲστολίξετο.
3049 597 3196 669 Αὕτη
3227 598 3519 668 τοιγαροῦν
3549 600 3585 670 ή
3618 600 3745 669 ἱερά

2143 689 2239 742 καὶ
2280 687 2494 758 μεγάλη
2529 686 2771 754 σύνοδος,
2823 689 3101 760 άρτιφανῆ
3138 706 3200 742 τε
3231 689 3324 742 καὶ
3344 689 3624 761 βάρϐαρον
3652 689 3744 745 αῖ.

2144 797 2315 852 ρεσιν,
2353 779 2458 834 ὑπὸ
2484 779 2760 835 δυσσεϐῶν
2782 797 2844 834 τε
2874 781 2970 835 καὶ
2993 781 3228 853 ἀνιέρων
3259 780 3470 851 ἀνδρῶν
3502 799 3741 852 παρεισ-

2141 871 2422 942 αχθεῖσαν,
2463 873 2728 945 θεοκρίτῳ
2770 873 2868 928 καὶ
2918 873 3084 945 κοινῷ
3123 873 3439 946 ψηφίσματι
3513 875 3739 929 κατεδί-

2141 978 2300 1026 κασε,
2325 963 2574 1026 καὶτοὺς
2608 963 2910 1035 εἰσηγητὰς
2953 964 3051 1018 καὶ
3077 964 3402 1036 προμάχους
3444 965 3618 1037 αὐτῆς
3657 966 3739 1036 τῷ

2140 1053 2292 1126 αύτῷ
2335 1052 2814 1110 συνυποϐάλλουσα
2858 1055 3114 1128 κρίματι.
3160 1050 3322 1110 Οὗτοι
3371 1057 3480 1128 γάρ
3519 1059 3570 1110 oi
3621 1057 3738 1110 δεί-

2139 1144 2282 1199 λαιοι
2331 1147 2569 1216 Χριστὸν
2597 1146 2689 1199 τὸν
2717 1147 2974 1218 ἀληθινόν
3018 1147 3154 1202 Θεὸν
3196 1148 3359 1220 ήμῶν
3387 1148 3737 1218 βλασφημεῖν

2138 1239 2238 1309 ούχ
2265 1239 2664 1310 ὁμολογοῦντες
2690 1242 2805 1304 τοῖς
2834 1241 3069 1312 ῥήμασι,
3095 1240 3186 1294 διά
3210 1241 3321 1296 τῶν
3345 1242 3526 1311 ἔργων
3545 1243 3735 1296 πᾶσαν

2137 1331 2396 1384 ἐπενόουν
2443 1331 2599 1404 ὓϐριν
2629 1333 2725 1385 καὶ
2755 1331 3108 1404 βλασφημίαν
3135 1331 3232 1387 καὶ
3273 1334 3587 1403 ἀσέλγειανο
3635 1333 3735 1387 καὶ

2136 1424 2303 1478 αὐτὸν
2341 1427 2548 1480 ἐκεῖνον
2599 1425 2910 1498 δυσφημεῖν
2951 1427 3176 1498 άμέσως
3209 1425 3309 1481 καὶ
3361 1427 3535 1498 χωρίς
3583 1442 3735 1489 τινος

2136 1519 2646 1590 παραπετάσματος
2703 1519 2763 1574 ού
2815 1519 3231 1592 θαρρήσαντες,
3269 1517 3358 1572 διά
3384 1518 3487 1588 τῆς
3521 1519 3731 1590 σεπτῆς

2135 1610 2342 1674 εἰκόνος
2371 1610 2436 1664 τδ
2462 1612 2574 1665 πᾶν
2617 1611 2804 1666 αὐτῶν
2831 1613 2931 1682 τῆς
2957 1612 3343 1683 Χριστομάχου
3376 1610 3605 1682 γνώμης
3637 1611 3730 1679 ἑξ-

2137 1701 2410 1773 επλήρουν
2470 1701 2703 1774 θέλημα.
2761 1701 2994 1756 Εἴδωλον
3046 1702 3155 1772 γὰρ
3185 1700 3266 1771 (ὥ
3316 1700 3602 1771 τολμηρᾶς
3630 1698 3728 1752 καὶ

2134 1792 2298 1847 ἀθέου
2327 1792 2582 1864 γλώσσης
2613 1795 2708 1848 καὶ
2738 1793 2976 1857 διανοίας
2993 1795 3266 1864 ἀπήχημα
3285 1795 3324 1864 ί)
3349 1794 3450 1865 τὴν
3481 1810 3729 1863 προσκυ⁴

2133 1883 2302 1956 νητὴν
2331 1883 2518 1940 είκόνα
2548 1885 2787 1956 Χριστοῦ
2808 1926 2824 1952 ,
2855 1886 2925 1941 δι’
2953 1880 3022 1958 ἦς
3053 1885 3293 1940 εἰδώλων
3317 1886 3496 1958 πλάνη
3524 1885 3729 1941 διώκει

2133 1993 2244 2042 ται,
2279 1977 2726 2049 καθυϐρίζοντες,
2761 1980 2857 2034 καὶ⁸
2891 1978 3097 2042 πάσαις
3127 1979 3300 2050 αὐτὴν
3323 1979 3577 2049 ἀτιμίαις
3611 1995 3726 2031 πε-

2135 2067 2512 2140 ριϐάλλοντες,
2565 2071 2672 2125 ἀνά
2711 2071 2813 2136 τὰς
2863 2073 3072 2143 ἀγορὰς
3123 2073 3218 2126 καὶ
3262 2071 3362 2138 τὰς
3409 2069 3729 2142 λεωφόρους

2132 2162 2266 2216 ποσὶ⁵
2310 2165 2678 2228 κατεπάτουν,
2735 2165 3086 2237 περιέσυρον,
3143 2165 3280 2237 πυρὶ
3329 2163 3726 2236 παρεδίδοσαν.

2131 2253 2322 2325 Θέαμα
2373 2255 2719 2328 Χριστιανοῖς
2767 2255 3032 2322 ἐλεεινὸν,
3085 2256 3180 2311 καὶ
3229 2255 3333 2327 τῆς
3394 2253 3730 2326 Ἑλληνικῆς

2130 2347 2544 2420 Χριστομαχίας
2569 2348 2738 2420 μόνης
2759 2347 2929 2414 ἄξιον.
2948 2349 3030 2404 Τὰ
3061 2349 3206 2404 αύτά
3235 2349 3292 2402 δὲ
3320 2348 3413 2403 καὶ
3441 2348 3588 2402 κατά
3607 2347 3728 2402 τῶν

2129 2437 2307 2493 ἄλλων
2357 2438 2521 2510 ίερῶν
2558 2439 2980 2510 είκονισμάτων,
3036 2439 3164 2494 ποσὶ
3213 2443 3486 2510 ταχεινοῐς
3525 2441 3724 2510 ἐκχέαι

2129 2527 2302 2602 αἷμα,
2331 2531 2489 2603 χερσί
2538 2548 2599 2585 τε
2645 2532 3022 2602 παλαμναίαις
3057 2534 3152 2586 καὶ
3184 2531 3435 2604 βεϐήλοις
3479 2531 3722 2603 χείλεσιν

2127 2622 2538 2694 ὲνησέλγαινον.
2578 2625 2692 2678 Καὶ
2747 2623 2914 2696 κόρον
2968 2625 3163 2680 οὐδένα
3218 2625 3321 2694 τῆς
3378 2624 3722 2696 τηλικαύτης

2131 2711 2332 2782 μανίας
2363 2714 2459 2766 καὶ
2487 2714 2878 2785 παραπληξίας
2904 2714 3157 2786 οὐδαμῶς
3181 2715 3490 2786 ἐλάμϐανον
3508 2717 3557 2768 οἱ
3586 2714 3721 2768 ἀλά-

2129 2818 2338 2874 στορες.
2399 2801 2560 2857 Ἀλλά
2605 2803 2717 2858 τῶν
2769 2803 3097 2876 Ἑλληνικῶν
3133 2804 3522 2876 βδελυγμάτων
3560 2804 3718 2859 οὐδὲν

2125 2894 2370 2961 ἔλαττον,
2397 2897 2447 2949 εί
2480 2897 2578 2950 καὶ
2604 2898 2680 2969 μὴ
2714 2898 2916 2970 μᾶλλον
2943 2900 3014 2954 τά
3041 2901 3387 2972 Χριστιανῶν
3423 2899 3548 2972 ἱερά
3573 2899 3718 2970 σύμ-

2125 2987 2340 3060 ϐολάητε
2369 2989 2465 3044 καὶ
2499 2991 2904 3062 ὲκτυπώματα,
2929 2993 3018 3046 διά
3049 2994 3242 3064 μίσους
3265 2994 3492 3064 ἄγοντες
3512 3035 3526 3061 ,
3561 2994 3718 3048 ἐϐδε-

2123 3079 2402 3135 λύσσοντο·
2431 3082 2500 3136 δι’
2526 3075 2601 3137 ὧν
2625 3083 2811 3149 αὐτοῖς
2836 3086 2932 3138 καὶ
2961 3089 2990 3138 ό
3013 3087 3277 3151 ἄσπονδος
3305 3087 3544 3159 πόλεμος
3573 3087 3718 3142 κατά

429 3174 570 3228 adeo
595 3180 658 3227 ut
681 3171 881 3226 bellum
909 3167 1199 3225 videantur
1218 3165 1620 3222 internecinum
1645 3175 1838 3221 contra
1860 3164 2022 3222 Chri-

2127 3173 2365 3247 Χριστοῦ
2395 3175 2491 3229 καὶ
2515 3175 2626 3230 τῶν
2646 3177 2812 3232 αὑτοῦ
2834 3178 3009 3248 ἁγίων
3031 3183 3408 3254 συνεκροτεῖτο
3429 3181 3525 3236 καὶ
3553 3182 3719 3254 expa-

431 3273 577 3322 stum
607 3274 663 3320 et
689 3263 860 3335 ipsius
887 3272 1108 3318 sanctos
1137 3269 1452 3331 susceptum
1483 3258 1770 3314 indixisse.

505 3356 596 3411 19.
623 3355 779 3410 Patet
797 3354 1001 3425 quippe
1031 3353 1245 3409 cunctis
1264 3393 1280 3419 ,
1311 3353 1458 3422 quod
1488 3351 1818 3423 imaginibus
1848 3352 2023 3417 honor

425 3447 672 3513 habitus,
694 3461 886 3501 eorum
919 3444 1097 3500 honor
1125 3443 1199 3500 sit
1219 3444 1312 3514 qui
1339 3451 1798 3514 repraesentatur;
1821 3458 2021 3514 quem-

431 3540 725 3596 admodum
757 3546 814 3593 et
837 3536 1064 3590 infamia
1092 3544 1258 3606 atque
1288 3533 1530 3590 dedecus
1567 3535 1763 3590 transit
1783 3533 1852 3589 ab
1877 3533 2020 3588 ima-

427 3635 557 3705 gine
584 3633 639 3687 in
663 3631 1041 3703 imaginatum.
1077 3629 1168 3684 Isti
1197 3638 1407 3694 autem,
1437 3641 1646 3697 nupera
1678 3625 2018 3692 Judaorum,

426 3725 632 3782 Christi
664 3726 926 3790 hostium,
959 3721 1270 3793 progenies,
1303 3720 1361 3775 in
1384 3735 1450 3775 eo
1472 3719 1618 3790 quod
1652 3720 2018 3775 venerandam

427 3819 637 3874 Christi
675 3817 967 3889 imaginem
999 3815 1261 3885 illiusque
1290 3823 1608 3869 sanctorum
1650 3811 2017 3878 inhonorant,

305 3917 309 3922 '
426 3914 578 3984 quod
601 3914 655 3968 in
683 3915 929 3984 ipsorum
954 3911 1130 3966 atavis
1147 3908 1584 3977 desiderabatur,
1611 3908 2015 3980 adimplerunt:

427 4022 563 4062 nam
605 4019 779 4076 usque
809 4004 878 4059 ad
927 4003 1156 4058 audacia
1205 4000 1521 4058 Judzeorum
1562 4001 1806 4059 facinora
1852 4001 2018 4058 delati

431 4101 717 4163 feruntur;
771 4098 884 4152 imo
921 4096 976 4151 id
1037 4103 1208 4166 agunt
1263 4094 1619 4150 contentione
1664 4109 1901 4161 summa,
1957 4104 2020 4149 ut

427 4189 813 4261 progenitores
841 4203 972 4244 suos
999 4188 1161 4258 longe
1188 4186 1677 4258 supergrediantur
1711 4188 2018 4244 voluntate.

425 4284 628 4346 Porro,
653 4298 778 4337 cum
808 4282 862 4335 in
895 4281 1076 4336 medio
1104 4279 1544 4336 Christianorum
1574 4279 1688 4346 siti,
1714 4269 1874 4335 labiis
1901 4295 2014 4335 non

427 4375 640 4430 audent
666 4377 940 4444 abnegare
959 4372 1263 4436 Christum,
1282 4371 1352 4425 ah
1377 4371 1494 4440 ipsa
1515 4369 1739 4425 Judaica
1759 4369 2015 4441 avitaque

432 4466 634 4521 invidia
691 4465 919 4520 inime
970 4463 1235 4519 recedere
1302 4463 1750 4517 convincuntur:
1803 4461 1900 4517 sed
1960 4471 2015 4517 et

2121 3283 2332 3323 τυνετυ.

2195 3359 2283 3415 ιϐ’.
2323 3360 2494 3432 Δῆλον
2518 3363 2627 3434 γάρ
2651 3362 2876 3428 ἅπασιν,
2920 3363 2998 3428 ώς
3027 3365 3062 3435 ή
3092 3365 3227 3436 τιμὴ
3253 3363 3366 3419 τῶν
3393 3366 3720 3438 είκονισμά-

2120 3468 2230 3506 των
2261 3453 2398 3525 τιμὴ
2434 3455 2644 3522 γίνεται
2689 3455 2802 3509 τῶν
2847 3457 3290 3528 εῐκονιζομένων·
3323 3457 3515 3528 ὥσπερ
3543 3459 3644 3513 καὶ
3681 3459 3717 3529 ἠ

2121 3544 2317 3616 ἀτιμία
2365 3548 2446 3610 εἰς
2490 3547 2633 3602 αύτά
2686 3547 2957 3603 διαϐαίνει
2987 3550 3059 3604 τὰ
3105 3550 3505 3622 είκονιζόμενα.
3570 3551 3716 3606 Ἀλλ’

2119 3627 2268 3689 οὗτοι
2295 3635 2366 3691 τὰ
2383 3637 2480 3691 νέα
2506 3637 2617 3693 τῶν
2633 3639 3036 3711 Χριστομάχων
3073 3637 3345 3696 Ἰουδαίων
3367 3642 3713 3714 γεννήματα,

2119 3727 2188 3781 δι’
2243 3721 2320 3783 ὧν
2369 3729 2472 3800 μὲν
2501 3730 2602 3799 τὴν
2637 3731 2843 3803 σεπτὴν
2895 3733 3082 3788 είκόνα
3119 3733 3362 3805 Χριστοῦ
3386 3774 3402 3801 ,
3453 3735 3554 3790 καὶ
3602 3737 3711 3791 τῶν

2119 3817 2286 3872 αὐτοῦ
2331 3818 2504 3889 ἁγίων
2539 3821 2842 3892 ἐνύϐριζον,
2887 3823 2950 3877 τὸ
2999 3824 3326 3896 προγονικόν
3365 3826 3709 3899 ἀνεπλήρουν

2120 3913 2408 3985 ὑστέρημα
2431 3951 2447 3978 ,
2480 3915 2560 3978 είς
2605 3914 2675 3968 τὰ
2719 3915 2830 3970 τῶν
2871 3916 3142 3972 Ἰουδαίων
3182 3918 3511 3990 τολμήματα
3541 3921 3714 3990 ἐκφε-

2123 4007 2361 4078 ρόμενοι,
2396 4008 2493 4062 καὶ
2525 4009 2683 4080 νικᾷν
2713 4008 3148 4079 φιλονεικοῦντες
3181 4014 3249 4084 τῇ
3293 4012 3572 4085 ὑπερϐολῇ
3608 4013 3714 4085 τῆς

2119 4097 2431 4170 προθυμίας
2462 4100 2589 4163 τοὺς
2631 4101 2986 4172 γεννήτορας.
3019 4101 3098 4155 Δι’
3133 4094 3211 4156 ὧν
3239 4103 3298 4156 δὲ
3325 4144 3339 4169 ,
3364 4104 3713 4175 Χριστιανῶν

2118 4191 2177 4244 ἐν
2209 4190 2381 4261 μέσῳ,
2416 4189 2518 4243 οὐκ
2561 4189 2721 4261 ἔσχον
2751 4191 3023 4262 τολμῆσαι
3071 4194 3165 4247 τὸν
3192 4194 3428 4264 Χριστὸν
3463 4197 3560 4248 καὶ
3591 4197 3711 4266 χεί-

2117 4277 2268 4332 λεσιν
2283 4281 2728 4353 ἀπαρνήσασθαι,
2750 4282 2846 4335 καὶ
2866 4281 3033 4336 αὑτοῦ
3053 4282 3268 4337 ἐκείνου
3285 4283 3381 4336 τοῦ
3410 4285 3711 4340 Ἰουδαῖκοῦ

2119 4371 2216 4423 καὶ
2231 4369 2487 4442 πατρῴου
2510 4371 2675 4442 ζήλου
2695 4371 2988 4444 ἠλέγχοντο
3002 4373 3408 4441 διαπίπτοντες,
3426 4377 3524 4429 καὶ
3549 4377 3708 4432 νόθον

2116 4461 2214 4513 καὶ
2245 4461 2448 4532 ταύτην
2476 4463 2656 4517 αὐτῶν
2683 4463 2991 4527 δεικνύντες
3031 4463 3132 4534 τὴν
3159 4465 3413 4537 μίμησιν,
3458 4467 3557 4521 καὶ
3595 4485 3712 4540 μη-

427 4558 676 4629 spuriam
699 4569 892 4612 eorum
928 4553 1296 4610 imitationem
1326 4553 1684 4623 expressisse,
1718 4552 1844 4608 licet
1874 4568 2015 4608 neu-

2127 4552 2292 4624 δαμοῦ
2333 4555 2524 4610 στάσιν
2557 4554 2790 4626 ἔχοντες,
2825 4557 2943 4611 ἀλλ’
2979 4557 3171 4628 ὥσπερ
3201 4558 3282 4630 τῷ
3329 4559 3484 4629 κακῷ
3519 4577 3714 4632 καρω-

427 4652 636 4721 σίιιυειιι
667 4649 772 4704 sibi
806 4656 1062 4702 constare
1088 4656 1315 4716 queant,
1348 4647 1448 4703 sed
1482 4647 1742 4702 haeretico
1773 4647 2011 4717 quodam

424 4752 653 4812 stupore
681 4741 792 4796 huc
818 4741 949 4795 illuc
972 4741 1166 4796 incerti
1193 4749 1432 4813 aguntur
1459 4749 1516 4796 et
1543 4740 1820 4798 feruntur.
1850 4740 2014 4797 Chri-

425 4833 637 4888 stianos
675 4846 736 4886 se
785 4831 1095 4902 appellant;
1127 4846 1323 4888 verum
1357 4829 1596 4886 ellrenes
1634 4837 1826 4885 contra
1851 4829 2014 4886 Chri-

425 4931 573 4978 stum
615 4933 847 4995 pergunt
876 4941 891 4978 :
919 4923 1233 4979 Judaeorum
1265 4923 1485 4978 titulum
1540 4937 1650 4978 non
1690 4923 2010 4989 admittunt,

427 5027 484 5072 et
513 5026 694 5071 tamen
743 5033 842 5087 per
899 5017 1042 5071 hanc
1082 5025 1274 5078 contra
1321 5015 1588 5088 imagines
1633 5030 1870 5087 pugnam
1902 5031 2013 5070 non

425 5107 604 5163 selum
634 5109 828 5164 imitati
861 5120 1013 5173 sunt,
1052 5110 1148 5164 sed
1190 5117 1248 5164 et
1267 5111 1604 5181 supergressi
1636 5109 1852 5163 illorum
1880 5124 2014 5164 cono

428 5211 510 5258 tra
548 5200 828 5256 Christum
850 5201 1137 5255 malitiam.
1164 5199 1304 5256 Cum
1325 5215 1528 5257 nomen
1545 5211 1870 5256 aversentur
1899 5201 2016 5255 ido-

429 5292 675 5358 lolatriae,
716 5293 890 5348 nihilo
927 5303 1110 5348 tamen
1148 5293 1491 5349 tolerabilius
1523 5309 1688 5364 quam
1711 5293 2012 5349 idololatra:

426 5388 481 5441 in
511 5387 695 5442 divina
734 5397 788 5441 et
817 5387 1142 5440 intemerata
1167 5385 1608 5443 Christianorum
1640 5388 1896 5458 mysteria
1924 5387 2013 5441 in-

425 5479 665 5534 saniunt.
700 5478 826 5534 ideo
869 5486 1052 5531 autem
1102 5487 1326 5548 propter
1357 5479 1492 5533 istos
1530 5494 1724 5534 omnes
1774 5479 1865 5548 qui
1899 5493 2009 5532 non

425 5573 478 5625 id
510 5581 700 5642 agunt,
746 5581 805 5624 ut
835 5571 1166 5639 degenerem
1203 5573 1376 5634 hanc,
1409 5571 1712 5626 adulteram
1735 5611 1750 5636 ,
1802 5570 2009 5625 variam

425 5673 479 5716 et
507 5662 900 5717 confusaneam
936 5663 1240 5716 doctrinam
1271 5673 1595 5720 aversentur
1623 5672 1679 5718 et
1705 5664 2007 5727 declinent,

425 5762 612 5805 sancta
646 5754 757 5806 hazc
781 5761 837 5806 et
870 5752 1192 5807 universalis
1218 5754 1478 5824 synodus,
1513 5736 1770 5825 tanquam
1799 5756 2008 5824 prolem

426 5844 690 5912 spuriam,
719 5843 1037 5914 ejectitiam,
1070 5852 1123 5897 et
1153 5845 1222 5900 ab
1262 5847 1411 5900 omni
1447 5845 1686 5902 fidelium
1730 5846 2009 5916 nobilique

2119 4646 2305 4713 θέντες
2331 4649 2430 4720 τῆς
2457 4650 2745 4722 αἱρέσεως,
2782 4643 2884 4705 ὦδε
2913 4653 3139 4706 κάκεῖσε
3167 4651 3580 4725 διερριπτοῦντο
3611 4656 3711 4711 καὶ

2118 4743 2515 4814 παρεφέροντο.
2561 4746 2927 4816 Χριστιανοὺς
2963 4746 3064 4817 μὲν
3089 4747 3199 4820 γάρ
3231 4749 3460 4810 ἑαυτοὺς
3497 4749 3710 4820 ὀνομά-

2117 4835 2332 4902 ζοντες,
2368 4837 2513 4891 κατὰ
2556 4838 2795 4909 Χριστοῦ
2844 4839 3228 4911 ἑφρυάττοντο·
3282 4841 3378 4894 καὶ
3418 4842 3519 4912 τήν
3571 4843 3711 4895 Ἰου-

2115 4929 2282 4983 δαίων
2304 4930 2496 5002 κλήσιν
2523 4931 2586 4984 ού
2615 4930 2989 5002 προσιέμενοι,
3018 4929 3081 4984 τὸ
3110 4931 3491 5002 Χριστομάχον
3522 4932 3708 4988 αὐτῶν

2116 5021 2457 5093 παρεζήλουν
2493 5021 2582 5076 διά
2609 5023 2710 5094 τῆς
2743 5021 3129 5093 είκονομαχίας
3178 5023 3273 5077 καὶ
3307 5025 3705 5097 ὑπερέϐαλλον.

2115 5114 2192 5166 Οὐ
2224 5114 2386 5184 μόνον
2420 5113 2478 5167 δὲ
2498 5154 2513 5180 ,
2542 5114 2680 5169 ἀλλά
2711 5115 2806 5170 καὶ
2835 5115 2896 5168 τὸ
2917 5116 3018 5185 τῆς
3047 5115 3495 5188 είδωλολατρείας
3520 5120 3709 5173 ἐκκλί-

2114 5220 2296 5268 νοντες
2323 5205 2496 5276 ὄνομα
2513 5245 2529 5272 ,
2559 5205 2711 5260 οὐδὲν
2741 5205 3144 5279 εἰδωλολατρῶν
3168 5209 3500 5281 ἀνεκτότερα
3533 5213 3616 5275 εῐς
3644 5229 3704 5266 τε

2114 5293 2475 5363 Χριστιανοὺς
2507 5296 2706 5360 αὐτοὺς
2738 5298 2834 5352 καὶ
2867 5299 2949 5362 είς
2973 5299 3044 5352 τὰ
3073 5298 3183 5352 τῶν
3207 5301 3556 5371 Χριστιανῶν
3585 5303 3704 5357 θεῖα

2115 5386 2210 5438 καὶ
2260 5385 2505 5456 άχραντα
2555 5389 2833 5460 μυστήρια
2874 5388 3241 5454 ἐπεδείξαντο.
3286 5393 3368 5446 Δι’
3399 5391 3430 5446 ὃ
3475 5394 3704 5459 τούτους

2118 5476 2240 5544 μὲν,
2270 5478 2386 5530 ὅσοι
2417 5477 2492 5549 μὴ
2520 5479 2618 5548 τῆς
2653 5480 2962 5550 μοιχαλίδος
2988 5482 3192 5552 ταύτης
3223 5485 3318 5537 κα)⁸
3351 5484 3699 5558 πολυσπόρου

2115 5570 2208 5622 καὶ
2229 5571 2701 5643 συμπεφυρμένης
2732 5572 2891 5644 δόξης
2923 5577 3117 5642 φυγεῖν
3149 5574 3420 5646 ἠθέλησαν
3447 5577 3551 5648 τὴν
3576 5579 3699 5631 δυσ-

2113 5661 2352 5728 γένειαν,
2385 5663 2460 5726 ώς
2508 5663 2640 5717 νόθα
2673 5666 2808 5734 γένη
2839 5665 2932 5717 καὶ
2958 5664 3169 5733 ἔκφυλα
3211 5667 3312 5737 τῆς
3343 5668 3452 5720 τῶν
3486 5670 3696 5722 πιστῶν

2113 5755 2414 5823 εὐγενείας,
2451 5757 2484 5826 ἡ
2520 5756 2652 5825 ἁγία
2685 5757 2782 5810 καὶ
2817 5759 3174 5830 οίκουμενικὴ
3206 5759 3537 5831 διακρίνασα
3572 5761 3694 5816 σύν-

2112 5845 2229 5908 οδος
2257 5883 2273 5910 ,
2308 5847 2524 5918 δεσμοῖς
2557 5846 2774 5912 ἀλύτοις
2818 5849 2911 5903 τοῦ
2939 5849 3283 5921 ἀναθέματος
3319 5850 3690 5906 καθυπέϐαλεο
