3964 6468
273 398 381 459 653

1432 392 1698 453 EPISTO
1708 390 1968 451 LARUM
2009 390 2241 451 LIBER
2276 393 2303 451 Ι

3428 398 3533 461 654

273 503 375 573 τὴν
443 501 499 555 δὲ
546 502 731 554 εἰκόνα
787 501 1025 572 Χριστοῦ
1078 504 1174 555 τοῦ
1209 501 1463 570 ἀληθινοῦ
1498 501 1632 554 Θεοῦ
1679 499 1856 570 ἡμῶν,

1982 498 2224 552 ιορὶειειο
2253 498 2669 563 excludendam,
2716 500 2937 555 vinculo
2967 504 3334 559 anathematis
3364 506 3537 563 indis-
3620 546 3623 549 γ

274 594 420 649 κατὰ
469 593 568 655 τὰς
608 594 870 647 ἀνέκαθεν
916 595 1282 657 ἀποστολικάς
1332 611 1393 647 τε
1440 595 1535 647 καὶ
1572 593 1855 663 Πατρικὰς

273 686 636 757 παραδόσεις,
668 687 760 738 καὶ
788 686 885 749 τὰς
916 685 1024 739 τῶν
1067 685 1228 756 ίερῶν
1255 686 1465 753 Λογίων
1497 683 1858 753 ὲκφαντορίας

278 778 377 833 ἐπὶ
402 779 537 847 τιμῇ
566 778 661 831 καὶ
687 775 1077 848 σεϐασμιότητι
1098 776 1194 830 τοῦ
1228 774 1655 846 εἰκονιζομένου,
1686 768 1859 845 προσ·

280 868 563 922 κυνείσθαι
608 869 703 922 καὶ
740 868 1045 940 τιμᾶσθαι,
1098 868 1301 938 ψήφοις
1364 868 1605 931 ἁπάσαις
1653 867 1857 920 ἐπεκύ-

282 960 457 1031 ρωσὲν
502 977 564 1013 τε
626 961 722 1013 καὶ
767 959 1232 1030 ἐπεσφραγίσατο’
1286 959 1386 1029 τῆς
1438 958 1862 1028 προσκυνήσεως

282 1054 379 1107 καὶ
430 1053 596 1124 τιμῆς
634 1052 885 1123 δηλονότι
911 1053 1367 1123 προσαγομένης,
1400 1052 1521 1106 καθ’
1552 1051 1611 1107 ὃν
1660 1052 1863 1122 τρόπον

281 1148 377 1199 καὶ
404 1149 516 1209 τοῖς
542 1146 723 1209 ἄλλοις
758 1146 923 1215 ἱεροῖς
942 1144 1135 1208 τύποις
1164 1146 1260 1197 καὶ
1286 1145 1576 1215 συμϐόλοις
1603 1144 1706 1214 τῆς
1738 1143 1862 1197 καθ’

281 1241 433 1310 ἡμᾶς
465 1239 778 1309 ἁγιωτάτης
808 1238 1067 1310 λατρείας
1096 1238 1534 1309 προσερχόμεθα.
1562 1238 1636 1292 Οὐ
1665 1238 1775 1309 γὰρ
1806 1240 1864 1290 ὲν

282 1332 468 1393 αὐτοῖς
496 1331 734 1401 ἱστῶμεν
771 1332 867 1386 καὶ
911 1332 1409 1403 συμπερικλείομεν
1441 1332 1539 1400 τὴν
1572 1332 1739 1398 τιμὴν
1770 1329 1865 1383 καὶ

285 1422 675 1493 προσκύνησιν,
696 1423 805 1475 οὐδ’
822 1424 900 1486 είς
920 1422 1220 1494 ἐτερόφυλα
1235 1422 1332 1476 καὶ
1347 1422 1584 1492 διάφορα
1603 1420 1733 1491 τέλη
1750 1420 1864 1490 (25)

286 1515 620 1586 σχιζόμεθα·
690 1515 828 1569 ἀλλὰ
895 1514 984 1568 διά
1054 1516 1152 1583 τῆς
1217 1514 1551 1584 φαινομένης
1607 1512 1865 1583 διαφόρου

288 1608 382 1660 καὶ
415 1607 678 1676 μεριστῆς
723 1604 902 1658 αὐτῶν
937 1604 1236 1676 θεραπείας
1271 1607 1366 1659 καὶ
1403 1605 1827 1675 προσκυνήσεως
1848 1645 1864 1671 ,

288 1698 629 1770 ἱεροπρεπῶς
675 1715 735 1751 τε
784 1698 878 1751 καὶ
932 1697 1254 1767 ἁδιαιρέτως
1302 1699 1384 1760 είς
1428 1698 1526 1767 τὴν
1569 1696 1867 1767 ἀμέριστον

286 1794 505 1863 ἐκείνην
536 1792 743 1863 ἑνοειδῆ
776 1809 837 1845 τε
869 1793 963 1845 καὶ
991 1791 1238 1845 ἑνοποιὸν
1272 1790 1503 1861 θεότητα
1522 1789 1862 1861 άναγόμεθα.

358 1976 428 2023 κ’.
465 1969 621 2023 υῦτω
664 1970 756 2023 τὸν
782 1970 964 2041 τίμιον
991 1971 1225 2041 σταυρὸν
1266 1970 1699 2043 προσκυνοῦμεν·
1739 1974 1797 2025 ὲν
1824 1965 1867 2040 ᾧ

286 2061 349 2114 τὸ
382 2062 709 2114 Δεσποτικδν
736 2062 1062 2132 ἐξετανύσθη
1105 2062 1286 2132 σῶμα,
1330 2064 1507 2116 καὶτὸ
1530 2064 1625 2117 τοῦ
1664 2066 1868 2135 κόσμου

287 2153 587 2226 καθάρσιον
618 2153 912 2207 ἀνέϐλυσεν
945 2151 1106 2225 α’ίμα·
1146 2156 1243 2208 καὶ
1290 2158 1323 2226 ή
1368 2155 1462 2209 τοῦ
1508 2156 1668 2222 ξύλου
1708 2157 1869 2225 φύσις

287 2171 587 2297 καυαὲσιον
618 2171 912 2207 ανεολυσεν
945 2171 1106 2225 αιμα·
1146 2171 1243 2208 και
1290 2171 1323 2226 η
1368 2174 1462 2209 του
1508 2171 1668 2222 ξύλου
1708 2175 1869 2225 φύσις

286 2247 406 2307 ταῖς
459 2245 639 2298 κεῖθεν
669 2246 819 2316 ῥοαῖς
840 2246 1164 2317 άρδευθεῖσα
1188 2247 1286 2317 τὴν
1310 2248 1503 2318 ἀγήρω
1532 2247 1678 2320 ζωὴν
1709 2250 1870 2308 ἐϐλά-

289 2353 489 2404 στησεν
518 2338 639 2390 ἀντὶ
665 2337 761 2391 τοῦ
787 2337 1041 2404 θανάτου.
1074 2337 1231 2391 Οὖτω
1254 2339 1348 2392 τὸν
1380 2339 1550 2392 τύπον
1580 2341 1674 2393 τοῦ
1706 2359 1870 2395 σταυ-

288 2429 390 2499 ροῦ
417 2428 853 2499 προσκυνοῦμεν,
886 2430 954 2483 δι’
980 2424 1041 2484 οῦ
1068 2430 1342 2501 δαιμόνων
1366 2431 1651 2487 ἐλαύνεται
1682 2434 1870 2505 στίφη,

287 2524 386 2574 καὶ
438 2521 585 2592 πάθη
639 2522 999 2592 θεραπεύεται
1046 2524 1288 2576 ποικίλα·
1345 2524 1445 2595 τῆς
1482 2524 1630 2590 ἅπαξ
1677 2529 1736 2579 ὲν
1795 2527 1872 2598 τῷ

288 2614 635 2686 πρωτοτύπῳ
695 2616 917 2687 χάριτος
970 2618 1066 2670 καὶ
1110 2617 1393 2688 δυνάμεως
1446 2619 1871 2691 ὲνεργηθείσης,

289 2707 387 2761 καὶ
442 2707 639 2777 μέχρις
691 2708 872 2760 αὐτῶν
922 2708 1031 2761 τῶν
1080 2708 1291 2775 τύπων,
1338 2711 1477 2780 μετὰ
1529 2711 1632 2780 τῆς
1681 2713 1874 2782 ὁμοίας

290 2799 576 2869 ἐνεργείας
601 2799 1035 2871 συμπροῖούσης.
1061 2801 1280 2855 Τούτων
1306 2804 1596 2875 τοιγαροῦν
1618 2803 1872 2873 ἕκαστον,

290 2893 394 2960 τήν
415 2907 476 2944 τε
505 2892 742 2962 Χριστοῦ
767 2894 950 2946 εἰκόνα
981 2895 1145 2963 φημὶ,
1181 2896 1276 2948 καὶ
1303 2896 1466 2949 αὑτὸν
1495 2897 1587 2950 τὸν
1618 2899 1873 2969 σταυρὸν,

293 2982 474 3052 καὶδὴ
510 2982 606 3035 καὶ
634 2982 729 3035 τοῦ
762 2982 996 3055 σταυροῦ
1030 2986 1122 3037 τὸν
1157 2985 1349 3051 τύπον,
1381 2989 1780 3060 παραπλησίως
1807 2993 1874 3061 τῇ

294 3073 688 3144 σεϐασμιότητι
737 3076 833 3129 καὶ
876 3078 1247 3149 προσκυνήσει
1287 3077 1659 3149 ἐξοσιοῦντες,
1689 3083 1790 3136 οὐκ
1817 3084 1876 3135 ὲν

290 3166 479 3230 αὐτοῖς
532 3167 951 3237 περιγράφομεν
1000 3169 1096 3222 καί¹
1146 3173 1534 3242 περιορίζομεν
1577 3174 1674 3246 τὴν
1710 3176 1876 3247 τιμὴν

294 3261 393 3313 καὶ¹
421 3260 485 3312 τὸ
515 3260 701 3324 σέϐας,
737 3261 853 3314 ἀλλ’
884 3264 965 3326 είς
995 3265 1085 3317 τὸν
1118 3264 1185 3318 δι’
1208 3268 1358 3337 ἡμᾶς
1381 3267 1881 3339 ἐνανθρωπήσαντα

294 3352 519 3421 πλούτῳ
560 3353 973 3423 φιλανθρωπίας
1018 3356 1231 3424 ἀφάτῳ,
1283 3358 1380 3411 καὶ
1417 3358 1508 3411 τὸν
1553 3360 1693 3430 ὑπὲρ
1726 3360 1884 3431 ἡμῶν

295 3443 669 3496 ἐπονείδιστον
715 3443 945 3498 θάνατον
980 3446 1244 3511 ἑκουσίως
1294 3449 1669 3517 ὑπενεγκόντα
1698 3493 1712 3516 ,
1754 3452 1885 3505 ταύ-

292 3551 405 3602 την
438 3533 784 3605 ἀναφέρομεν
809 3535 905 3588 καὶ⁵
936 3536 1283 3607 ἀνιεροῦμεν.
1316 3538 1473 3593 Οὕτω
1500 3540 1564 3609 δὴ
1600 3542 1691 3593 καὶ
1723 3543 1885 3606 ναοὺς

294 3623 496 3692 ἁγίων,
531 3626 626 3678 καὶ⁹
663 3626 900 3694 τάφους,
947 3628 1042 3681 καὶ
1080 3629 1343 3699 λείψανα,
1396 3635 1606 3696 πιστοῖς
1649 3633 1886 3704 βρύοντα

298 3716 544 3779 ίάσειςί,
584 3718 794 3784 πιστῶς
826 3722 1263 3793 προσκυνοῦμεν,
1295 3725 1388 3779 τὸν
1424 3727 1626 3791 αὐτοὺς
1659 3730 1677 3765 ί
1727 3728 1885 3794 δοξά-

297 3826 478 3863 σρντα
532 3811 769 3880 Χριστὸν
814 3812 907 3866 τὸν
955 3814 1087 3868 Θεὸν
1129 3815 1288 3887 ήμῶν
1346 3819 1741 3888 μεγαλύνοντες
1793 3824 1888 3876 καὶ

296 3903 778 3973 ἁνευφημοῦντες·
819 3907 915 3959 καὶ
950 3905 1014 3976 δὴ
1047 3909 1144 3960 καὶ
1175 3909 1230 3960 εί
1256 3926 1310 3962 τι
1337 3909 1578 3977 τούτοις,
1611 3912 1754 3966 κατὰ
1790 3914 1888 3977 τὰς

304 3994 580 4061 μυστικὰς
613 3996 708 4047 καὶ
738 3996 903 4064 ἁγίας
952 3999 1111 4069 ἡμῶν
1152 3999 1406 4064 τελετὰς,
1445 4006 1562 4057 ἐστὶ
1591 4004 1887 4077 παραπλή-

301 4101 446 4149 σιον,
494 4084 585 4138 διὰ
631 4086 733 4158 τῆς
774 4090 830 4141 ὲν
874 4088 1059 4153 αὐτοῖς
1111 4092 1513 4164 ἐνεργουμένης
1564 4095 1774 4168 δωρεᾶς
1828 4114 1888 4149 τε

301 4176 406 4230 καὶ
452 4177 770 4247 εὐεργεσίας
796 4193 820 4220 α
846 4221 863 4243 ,
915 4182 977 4235 τὸ
1021 4183 1249 4254 ἀρχικόν
1292 4203 1351 4238 τε
1398 4188 1493 4240 καὶ
1537 4190 1890 4259 πρωτουργδν

303 4271 481 4324 αἴτιον
512 4271 949 4344 ἐπιγινώσκομέν
983 4292 1044 4328 τε
1074 4278 1167 4330 καὶ
1191 4277 1598 4350 δοξολογοῦμεν.
1631 4281 1708 4333 Δι’
1740 4281 1767 4335 ὃ
1797 4282 1892 4335 καὶ

304 4361 418 4414 τῶν
449 4363 733 4433 μακαρίων
767 4365 992 4420 ἐκείνων
1026 4367 1119 4419 καὶ
1153 4368 1315 4438 ἱερῶν
1345 4370 1606 4441 ἁνδρῶνή
1636 4371 1892 4444 θεοφόρος

306 4452 407 4505 καὶ⁵
435 4453 567 4522 ἁγία
608 4456 917 4527 πανήγυρις
949 4458 1011 4510 οὐ
1061 4460 1219 4527 μόνον
1268 4459 1366 4532 τὴν
1417 4463 1603 4516 είκόνα
1630 4465 1890 4536 Χριστοῦ,

1962 590 2178 646 solubili
2228 590 2511 646 innodavit
2549 609 2562 644 :
2604 591 2803 646 Christi
2852 602 3033 648 autem
3080 594 3197 649 veri
3234 595 3329 650 Dei
3360 600 3537 654 nostri

1962 680 2271 752 imaginem,
2298 683 2455 752 juxta
2482 682 2802 737 traditiones
2835 683 3041 752 priscas
3071 684 3292 739 Patrum
3322 696 3379 741 et
3405 704 3538 759 apo-

1961 773 2223 826 stolorum
2252 781 2309 826 et
2333 788 2613 827 sacrorum
2647 774 2990 828 oraculorum
3032 776 3452 843 declarationes,
3484 780 3538 835 in

1964 867 2226 921 honorem
2258 876 2312 921 et
2332 867 2539 921 cultum
2566 869 2945 935 repraesentati
2971 869 3306 925 adorandam
3352 881 3409 926 et
3440 872 3540 927 ho-

1962 961 2287 1024 norandam,
2319 960 2701 1015 communibus
2732 960 3003 1029 suﬂ’ragiis
3032 963 3228 1017 sanciit
3256 973 3309 1019 et
3336 964 3541 1019 conﬁr-

1965 1050 2164 1114 mavit;
2196 1050 2347 1105 cultu
2388 1050 2647 1104 nimirum
2693 1060 2747 1105 et
2799 1052 3006 1106 honore
3037 1054 3116 1107 sic
3146 1054 3368 1120 habito,
3400 1070 3540 1124 quo-

1967 1144 2129 1198 modo
2152 1158 2369 1214 quoque
2398 1144 2550 1215 signa
2598 1152 2653 1198 et
2688 1145 2930 1215 symbola
2973 1146 3308 1202 sanctissimi
3363 1148 3541 1203 nostri

1965 1235 2143 1290 cultus
2168 1235 2407 1290 solemus
2434 1236 2733 1291 celebrare.
2767 1236 2955 1307 Neque
2983 1238 3126 1291 enim
3162 1239 3217 1292 in
3250 1239 3439 1294 iisdem
3469 1240 3543 1295 ita

1967 1327 2270 1383 insistimus
2294 1338 2352 1383 ut
2367 1329 2572 1382 cultum
2592 1337 2646 1382 et
2671 1328 2932 1384 honorem
2956 1330 3201 1384 debitum
3220 1331 3419 1386 ibidem
3435 1333 3546 1387 cir-

1968 1419 2424 1484 cumscribamus,
2458 1420 2553 1473 sed
2581 1435 2683 1475 nec
2725 1420 2780 1473 in
2809 1419 3017 1473 alienos
3038 1435 3068 1473 a
3101 1420 3302 1489 pietate
3326 1422 3462 1477 ﬁnes
3491 1432 3547 1477 et

1968 1512 2215 1566 diversos
2260 1512 2624 1577 dillindimur;
2674 1513 2769 1567 sed
2815 1528 2914 1582 per
2962 1513 3347 1581 conspicuam,
3388 1515 3546 1570 dill‘e-

1969 1614 2179 1659 rentem
2237 1614 2294 1659 et
2364 1605 2589 1660 divisam
2652 1620 2844 1659 eorum
2907 1606 3312 1661 venerationem
3382 1617 3549 1678 atque

1969 1698 2195 1763 cultum,
2228 1698 2392 1752 modo
2412 1698 2651 1767 quodam
2670 1713 2827 1752 sacro
2853 1707 2908 1752 et
2931 1698 3116 1752 divino
3140 1714 3204 1754 ac
3229 1699 3547 1767 indiscrete,

1970 1789 2037 1844 ad
2066 1788 2233 1852 illam,
2268 1804 2388 1859 quae
2412 1798 2494 1844 est
2522 1790 2780 1853 indivisa,
2820 1790 3003 1856 unica,
3036 1791 3190 1845 unita
3216 1801 3270 1846 et
3291 1792 3551 1848 unionem

1974 1896 2275 1951 procurans
2304 1881 2646 1936 divinitatem
2678 1882 3021 1937 deducimur.

2044 1972 2135 2027 ΞΟ.
2186 1973 2269 2026 Ad
2318 1974 2467 2028 hunc
2517 1974 2741 2029 modum
2796 1983 2852 2028 et
2910 1975 3276 2030 venerabilem
3335 1992 3553 2032 crucem

1975 2063 2286 2127 adoramus,
2343 2064 2401 2117 in
2448 2080 2556 2135 qua
2610 2064 2829 2119 Domini
2882 2080 3080 2135 corpus
3133 2068 3555 2134 cxtendebatur,

1976 2155 2122 2211 unde
2147 2156 2369 2227 sanguis
2392 2157 2480 2211 ille
2519 2157 2732 2213 ebulliit
2757 2174 2866 2228 quo
2892 2159 3128 2216 mundus
3152 2160 3555 2216 mundabatur:

1976 2247 2108 2318 ligni
2156 2257 2340 2302 autem
2394 2258 2590 2303 natura
2654 2249 2801 2304 illius
2843 2249 3131 2305 stillicidiis
3184 2251 3404 2320 irrigata
3458 2268 3559 2322 pro

1976 2348 2151 2394 morte
2188 2340 2355 2394 vitam
2425 2341 2570 2395 haud
2621 2351 2995 2396 senescentem
3043 2341 3423 2412 egerminavit.
3476 2344 3559 2398 Ad

1980 2431 2127 2484 hunc
2171 2432 2393 2485 modum
2439 2432 2619 2487 crucis
2650 2433 2939 2487 adoramus
2971 2432 3225 2504 efﬁgiem,
3264 2450 3360 2504 per
3396 2451 3560 2505 quam

1979 2523 2192 2592 agmina
2232 2524 2541 2578 daemonum
2590 2524 2923 2596 eﬁ‘ugantur,
2974 2526 3153 2580 morbi
3186 2536 3370 2582 autem
3423 2529 3561 2583 varii

1981 2624 2368 2684 persanantur,
2404 2617 2664 2670 nimirum
2712 2616 2801 2671 illa
2846 2619 3017 2688 gratia
3059 2630 3115 2674 et
3156 2620 3399 2689 potentia
3441 2636 3564 2690 quae

1981 2706 2156 2775 prima
2213 2707 2332 2761 vice
2387 2715 2609 2777 operata
2662 2717 2745 2762 est
2791 2708 2848 2762 in
2896 2711 3211 2780 exemplari,
3263 2726 3435 2780 usque
3494 2713 3564 2767 ad

1983 2797 2250 2869 imagines
2283 2809 2339 2854 et
2368 2802 2883 2869 repraesentationes
2912 2818 3035 2857 cum
3076 2805 3382 2859 eademmet
3415 2805 3466 2858 vi
3509 2815 3569 2859 et

1983 2891 2300 2961 operatione
2330 2892 2734 2964 progrediente.
2783 2892 3006 2966 Singula
3076 2896 3242 2966 igitur
3291 2897 3415 2962 ista,
3462 2896 3567 2952 hoc

1983 2993 2089 3048 est,
2114 2985 2314 3040 Christi
2341 2985 2656 3056 imaginem,
2691 2996 2747 3041 et
2773 2986 3062 3057 ipsammet
3091 3002 3331 3051 crucem,
3355 2998 3411 3043 et
3439 2988 3570 3060 ﬁgu-

1985 3093 2102 3131 ram
2128 3077 2327 3140 crueis,
2356 3079 2473 3148 pari
2500 3078 2663 3133 modo
2687 3080 2991 3133 reverentia
3016 3088 3072 3134 et
3091 3079 3409 3135 adoratione
3436 3095 3569 3135 eon-

1986 3182 2285 3235 secrantes,
2318 3188 2427 3227 non
2467 3182 2651 3226 tamen
2696 3171 2768 3227 ita
2799 3172 3005 3226 cultum
3044 3172 3566 3238 circumscrihimus,

1984 3270 2038 3315 et
2064 3262 2129 3315 ad
2157 3263 2347 3317 eadem
2385 3262 2765 3327 terminamus,
2803 3263 2897 3316 sed
2930 3263 2998 3317 ad
3047 3263 3197 3317 illum
3248 3263 3565 3330 referimus,

1984 3361 2040 3407 et
2070 3353 2125 3406 in
2160 3353 2253 3406 illo
2292 3362 2504 3409 sacrate
2524 3354 2839 3416 statuimus,
2865 3354 2956 3423 qui
2998 3370 3097 3424 per
3135 3364 3193 3409 et
3211 3365 3437 3426 propter
3460 3357 3569 3411 hu-

1987 3442 2132 3495 mani
2170 3444 2388 3513 generis
2429 3458 2673 3498 amorem
2718 3444 3255 3499 abundantissimum
3306 3454 3362 3500 et
3411 3447 3570 3501 inex-

1987 3538 2296 3610 plicabilem
2333 3540 2651 3596 incarnatus
2684 3539 2806 3604 luit,
2843 3550 2899 3596 et
2929 3550 3123 3611 sponte
3162 3556 3261 3596 sua
3293 3551 3350 3596 et
3374 3542 3572 3597 volun-

1989 3642 2099 3687 tate
2135 3633 2479 3687 maledictam
2510 3633 2657 3687 illam
2692 3643 2923 3688 mortem
2959 3644 3148 3688 nostra
3178 3649 3343 3690 causa
3379 3637 3570 3691 subiit.

1987 3725 2071 3780 Ad
2099 3724 2350 3779 eumdem
2384 3740 2591 3779 morem
2625 3734 2942 3780 sanctorum
2978 3726 3252 3789 basilicas,
3285 3727 3572 3796 sepulcra,

1992 3817 2270 3887 reliquias,
2303 3817 2556 3873 ﬁdelibus
2589 3818 2904 3873 curationes
2933 3817 3312 3884 exuberantia,
3339 3820 3574 3873 ﬁdeliter

1990 3925 2352 3977 veneramur;
2377 3909 2659 3965 Christum
2689 3909 2948 3963 nimirum
2977 3909 3150 3964 Deum
3174 3918 3447 3975 nostrum,
3473 3912 3571 3980 qui

1992 4001 2071 4056 sic
2103 4016 2198 4057 eos
2235 4002 2577 4071 glorilicavit,
2616 4002 2951 4056 honorantes
2996 4009 3053 4055 et
3091 4000 3344 4056 laudibus
3384 4016 3575 4070 prose-

1992 4102 2244 4163 quentes.
2281 4092 2435 4159 Quod
2466 4093 2511 4147 si
2547 4092 2821 4147 solemnes
2850 4103 3052 4148 nostrte
3079 4101 3135 4148 et
3165 4108 3333 4147 sacrm
3362 4092 3569 4147 festivi.

1995 4194 2135 4241 tates
2167 4194 2223 4239 et
2251 4184 2517 4239 sacriﬁcia
2552 4186 2785 4255 mystica
2819 4184 3024 4253 aliquid
3056 4185 3206 4239 hisce
3234 4183 3413 4239 simile
3435 4183 3491 4237 in
3517 4198 3577 4237 se

1994 4278 2453 4346 complectuntur,
2480 4292 2578 4346 per
2601 4276 2859 4329 virtutem
2897 4276 3041 4330 illius
3070 4276 3258 4346 gratia:
3288 4290 3409 4344 quaa
3440 4275 3578 4329 inibt

1994 4378 2278 4438 operatur,
2310 4368 2367 4421 in
2391 4384 2457 4423 eo
2488 4367 2606 4436 ipso
2639 4367 2963 4437 originalem
2996 4375 3052 4419 et
3084 4366 3440 4436 principalem
3480 4366 3577 4420 be-

1994 4463 2179 4519 neﬁcii
2200 4476 2419 4517 causam
2447 4470 2560 4515 tum
2585 4460 3028 4530 recognoscimus
3051 4468 3165 4512 tum
3184 4458 3573 4529 gloriﬁcamus.

307 4545 565 4618 καθάπερ
615 4547 827 4619 ἔφημεν
848 4590 863 4614 ,
904 4550 1041 4605 ἀλλά
1064 4569 1127 4620 γε
1159 4553 1223 4623 δὴ
1254 4555 1349 4607 καὶ
1380 4556 1479 4624 τῆς
1510 4559 1875 4629 παναχράντοι

1996 4556 2173 4624 Atque
2192 4556 2335 4609 hanc
2360 4552 2430 4607 ob
2447 4566 2668 4606 causam
2690 4566 2843 4605 sacer
2865 4551 2953 4604 ille
2980 4559 3037 4604 et
3066 4550 3173 4604 Deo
3211 4550 3409 4619 plenus
3447 4562 3578 4601 san-

307 4639 405 4691 καὶ
456 4639 816 4712 ἀειπαρθένου
871 4644 1218 4713 Δεσποίνης7
1264 4646 1423 4717 ήμῶν
1460 4651 1721 4705 Θεοτόκου
1744 4692 1759 4718 ,
1799 4655 1894 4706 καὶ

310 4730 534 4784 πάντων
554 4731 664 4785 τῶν
692 4734 862 4802 ἁγίων
886 4734 985 4798 τὰς
1018 4738 1170 4807 ίερὰς
1198 4738 1430 4803 εἰκόνας,
1458 4742 1577 4793 κατ’
1601 4743 1892 4811 ἀναλογίαν

307 4824 409 4893 τῆς
442 4825 551 4877 τῶν
585 4826 961 4897 πρωτοτύπων
994 4830 1268 4901 ὑπεροχῆς
1298 4832 1393 4884 καὶ
1424 4833 1854 4905 σεϐασμιότητος
1874 4878 1888 4899 ,

306 4915 573 4984 τιμᾶσθαι
618 4917 714 4970 καὶ
751 4920 1210 4987 προσκυνεῖσθαι,
1256 4923 1454 4975 κοινῶν
1503 4924 1893 4996 θεσπισμάτων

304 5008 456 5077 ὅροις
503 5009 877 5080 ἐπεσφράγισέ
915 5028 974 5063 τε
1006 5013 1103 5066 καὶ
1137 5014 1476 5085 ὲπκύρωσε.
1514 5018 1622 5069 Καὶ
1651 5018 1757 5087 γάρ
1797 5019 1894 5071 καὶ

304 5097 377 5150 δι’
418 5099 601 5154 αὐτῶν
632 5103 713 5167 είς
758 5102 1002 5157 ὲνοποιόν
1030 5120 1153 5157 τινα
1177 5107 1293 5173 ,καὶ
1338 5110 1653 5176 συναγωγὸν
1692 5111 1893 5179 ἀναγό-

1997 4656 2211 4701 ctorum
2250 4643 2471 4696 Patrum
2513 4649 2570 4693 et
2614 4640 2898 4693 beatorum
2926 4651 3238 4698 consessus,
3268 4649 3381 4689 non
3412 4631 3579 4687 modo

1999 4737 2165 4809 (quod
2197 4734 2474 4800 diximus)
2521 4729 2941 4793 Christi,verum
2992 4727 3157 4781 etiam
3211 4725 3574 4787 intemeratae,

1996 4844 2212 4899 semper
2235 4825 2455 4898 virginis
2474 4823 2718 4878 Domina:
2747 4830 2950 4875 nostrae
2980 4819 3245 4888 Deiparte,
3277 4827 3333 4872 et
3353 4825 3579 4871 sancto»

1998 4938 2120 4977 rum
2154 4934 2347 4975 omnes
2391 4915 2675 4988 imagines,
2717 4913 2869 4983 juxta
2905 4911 3131 4982 gradum
3171 4918 3227 4965 et
3266 4908 3580 4980 proportio-

2002 5030 2131 5070 nem
2165 5009 2501 5068 excellentiaa
2529 5016 2587 5060 et
2619 5005 2988 5061 venerationis
3010 5013 3453 5075 prototyporum,
3473 5002 3579 5058 coli

2003 5117 2058 5162 et
2075 5104 2313 5169 adorari,
2331 5101 2603 5158 communi
2629 5114 2728 5153 suo
2741 5097 3004 5167 suﬂragio
3015 5104 3071 5152 et
3086 5096 3383 5151 dictamine
3400 5106 3577 5151 ratum

1600 5262 1834 5316 VARI/13
1880 5260 2292 5317 LECTIONES.

387 5386 409 5415 ⁸
438 5392 529 5443 γρ.
556 5377 753 5430 ίάσεσι.
866 5377 886 5412 ί
920 5393 1010 5447 γρ.
1034 5376 1192 5431 αὑτά.
1272 5389 1297 5415 ιι
1326 5396 1419 5446 γρ.
1494 5382 1729 5450 χάριτος.

1813 5389 1836 5417 '
1866 5399 1956 5449 γρ.
1987 5381 2207 5449 Μαρίας
2232 5382 2326 5431 καὶ
2356 5378 2512 5429 δεσπ.

1837 5535 2067 5591 NCT/E.

387 5694 501 5766 (25)
543 5693 713 5761 nun.
753 5691 924 5758 Verti,
983 5693 1150 5762 ﬁnes;
1200 5693 1450 5766 fortassis
1496 5701 1687 5747 auctor
1721 5692 1894 5766 intel-

309 5765 448 5820 lexit
482 5764 783 5829 Vordincs,’
822 5774 1049 5823 turmas.
1113 5774 1172 5819 ut
1225 5765 1334 5818 sint
1381 5764 1745 5833 στρατιωτικὰ
1794 5764 1893 5816 τά-

312 5851 531 5907 γματα,
591 5836 896 5901 veritatem,
949 5835 1103 5905 quasi
1152 5836 1338 5905 praelio
1392 5844 1667 5901 conserto,
1724 5849 1896 5903 Oppu-

2003 5693 2241 5763 gnantia.
2269 5692 2493 5747 Erudite
2526 5705 2685 5763 usum
2709 5688 3003 5763 imaginum
3040 5688 3217 5763 docet,
3257 5698 3309 5741 et
3342 5699 3580 5763 mentem

2004 5757 2146 5817 illius
2192 5765 2407 5833 septimi
2435 5760 2669 5838 concilii
2724 5757 2897 5826 aperit
2955 5769 3146 5838 contra
3195 5757 3578 5822 Iconoclastas,

2002 5850 2138 5904 quas
2160 5846 2312 5890 extra
2338 5833 2713 5890 invitationem
2747 5845 2853 5883 non
2883 5833 3167 5899 processit.
