3964 6452
431 397 536 457 655

1573 389 1838 451 ΡΗΟΤΙΙ
1883 388 2393 450 ΡΛΤΒΙΑΗΟΗᾸΞ
2424 388 2532 448 CP.

3591 399 3682 464 €56

433 505 729 559 ettirmum
763 501 931 556 veluti
953 499 1198 556 futurum
1229 498 1645 570 consignarunt.
1680 497 1896 552 Etenim
1927 513 2026 567 per

2147 495 2276 550 ιεθα
2316 495 2576 566 θεωρίαν,
2625 497 2721 549 καὶ
2768 495 2869 565 τῆς
2910 496 3099 567 πρδςι
3144 496 3206 551 τὸ
3247 485 3541 570 ἀκρότατόν
3589 507 3684 559 τῶν

437 597 582 666 ipsas
621 594 688 649 ad
731 594 1246 666 contemplationem
1298 591 1587 661 quamdam
1636 591 1920 645 unientem
1966 599 2021 644 et

2147 589 2372 662 lpemtbv
2411 589 2482 643 δι’
2524 588 2698 658 αὐτῆς
2731 589 3035 660 ἀξιούμεθα
3068 590 3222 655 θείας
3273 594 3369 646 καὶ
3401 595 3686 666 ὑπερφυοῦς

437 688 914 759 compaginantem
967 700 1189 740 sursum
1239 683 1510 748 ducimur,
1559 692 1615 738 et
1649 698 1748 754 per
1799 681 2022 737 easdem

440 781 588 849 digni
630 780 788 834 (intus
813 779 904 848 qui
943 794 1067 833 cum
1094 792 1309 832 summo
1335 775 1762 830 desideratorum
1781 774 2024 829 omnium

445 889 543 944 per
581 873 817 928 divinam
860 880 912 925 et
942 869 1412 941 super-naturalem
1446 868 1854 938 c0pulationem
1917 866 2020 922 ad-

443 967 722 1023 uniamur.
743 964 869 1019 Hazc
891 973 1074 1018 autem
1111 963 1388 1034 sapienter
1410 962 1704 1016 admodum
1735 970 1791 1014 et
1820 974 2025 1014 secun-

445 1060 575 1113 dum
620 1057 716 1111 Dei
765 1054 1170 1125 beneplacitum
1207 1053 1512 1108 decernens
1555 1051 1794 1122 synodus
1844 1050 2029 1105 deter-

446 1153 678 1207 minavit
715 1172 726 1206 :
761 1162 926 1222 atque
976 1151 1048 1206 ita
1091 1147 1334 1219 depulsis
1390 1149 1665 1202 haereseos
1719 1146 1927 1200 morbis
1973 1151 2032 1199 et

447 1244 790 1299 immunditia
821 1259 850 1297 a
885 1258 1046 1313 grege
1087 1240 1301 1295 ratione
1338 1237 1591 1308 praedito,
1633 1236 1793 1292 nobis
1839 1235 2030 1292 Eccle-

2132 679 2452 751 συναφείας.
2485 679 2647 734 Ἀλλὰ
2696 679 2872 734 ταῦτα
2923 679 3024 752 μὲν
3069 683 3248 751 σοφῶς
3293 701 3355 737 τε
3385 685 3478 739 καὶ
3514 687 3688 761 θεαρέ-

2134 791 2276 839 στως
2305 772 2642 843 τελεσαμένη
2666 770 3075 844 (ὶϐ),διώρισεν
3097 790 3112 806 θ
3146 776 3328 830 πᾶσαν
3347 777 3404 832 δὲ
3435 780 3690 856 αἱρετικὴν

2134 865 2290 920 νόσον
2321 865 2417 918 καὶ
2455 865 2644 918 πᾶσαν
2669 864 2943 934 ἀκοσμίαν
2970 865 3071 936 τῆς
3098 865 3323 938 λογικῆς
3354 869 3548 940 ἀγέλης
3595 873 3692 926 ἀπ-

2132 958 2406 1022 ελάσασα,
2432 956 2525 1010 τὸν
2551 958 2752 1010 οἰκεῖον
2783 956 2990 1026 κόσμον
3025 957 3116 1010 καὶ
3144 957 3206 1010 τὸ
3233 959 3432 1023 κάλλος
3461 961 3553 1032 τὴν
3589 965 3695 1019 Ἐκ-

2135 1050 2366 1122 κλησίαν
2403 1047 2857 1103 ὲπαναλαδοῦσαν
2891 1049 3138 1116 ὑπέδειξε
3161 1061 3214 1120 γ,
3245 1053 3341 1106 καὶ
3365 1051 3454 1107 οἷα
3480 1055 3542 1126 δὴ
3576 1057 3695 1128 νύμ-

2137 1162 2267 1215 φην,
2317 1145 2418 1198 οὑκ
2463 1147 2521 1198 ὲν
2567 1151 2902 1216 κροσσωτοῖς
2945 1151 3170 1219 χρυσοῖς
3192 1190 3206 1214 ,
3247 1149 3368 1203 ἀλλ’
3416 1152 3471 1202 έν
3507 1151 3696 1222 ίεροῖςιΙι

2137 1238 2569 1308 ἑξωραῖσθεῖσαν
2601 1239 3002 1312 είκονίσμασιν,
3043 1242 3108 1295 ὲκ
3135 1241 3328 1307 δεξιῶν
3358 1240 3454 1295 τοῦ
3487 1243 3700 1313 νυμφίου

447 1337 583 1388 siam
641 1332 1056 1404 repraesentavit
1108 1332 1165 1385 in
1212 1342 1536 1400 recuperato
1578 1344 1678 1384 suo
1727 1337 1926 1384 ornatu
1977 1337 2036 1383 et

2147 1330 2377 1401 Χριστοῦ
2402 1333 2828 1405 παραστήσασα,
2862 1334 3067 1406 ἱλαροῖς
3092 1334 3190 1388 καὶ
3213 1335 3500 1406 χαίρουσιν
3520 1335 3698 1407 ὀφθαλ-

451 1425 864 1495 pnlchritudine
922 1423 1300 1493 conspicuam,
1350 1431 1408 1476 et
1447 1430 1707 1492 tanquam
1753 1435 2033 1490 sponsam,

2147 1425 2263 1494 μοῖς
2314 1423 2656 1495 καθορᾶσθαι
2702 1426 2801 1479 καὶ
2850 1425 3269 1495 ὲναγλαῒζεσθαι
3305 1427 3468 1481 παντὶ
3505 1427 3580 1497 τῷ
3607 1427 3700 1482 τῶν

450 1535 559 1572 non
592 1517 812 1588 quidem
855 1517 1017 1571 bullis
1047 1523 1143 1570 aut
1179 1514 1348 1570 clavis
1393 1523 1646 1569 ornatam
1692 1511 1896 1578 aureis,
1937 1511 2037 1567 sed

2147 1512 2350 1566 πιστῶν
2373 1513 2706 1585 πληρώματι
2737 1515 3169 1586 παρεσκεύασεν.

451 1613 621 1667 sacris
663 1612 972 1667 redimitam
1021 1620 1078 1667 et
1105 1611 1646 1681 resplendescentem
1697 1607 2076 1679 imagunculis,
2117 1623 2146 1662 a
2171 1607 2376 1663 Christi
2417 1609 2608 1679 sponsi
2647 1609 2850 1666 dextris
2879 1612 3255 1676 constitutam,
3296 1612 3563 1669 universa:
3586 1615 3701 1671 fide-

452 1703 586 1759 lium
615 1701 958 1757 multitudini
997 1701 1138 1756 laetis
1180 1710 1236 1756 et
1259 1700 1518 1772 iucundis
1558 1699 1735 1756 oculis
1758 1697 2137 1770 aspiciendam
2162 1709 2219 1754 et
2244 1699 2586 1755 lustrandam
2615 1701 2888 1758 exhibuit.

521 1841 616 1894 ⁸21.
655 1837 754 1893 Est
801 1837 922 1893 haec
973 1846 1161 1892 nostra
1217 1835 1658 1892 Christianorum
1713 1851 1882 1906 pura,
1939 1834 2036 1889 de-

2213 1839 2319 1890 κα’.
2353 1833 2503 1904 Αὕτη
2541 1834 2642 1906 τῆς
2679 1835 2918 1899 πίστεως
2953 1835 3114 1907 ἡμῶν
3161 1838 3271 1890 τῶν
3307 1837 3638 1910 Χριστιανῶν
3671 1847 3699 1919 ἡ

454 1933 643 1988 faecata
667 1940 722 1987 ct
738 1929 1082 2000 inculpabilis
1105 1929 1229 1984 fidei
1250 1927 1521 1983 confessio
1540 1946 1554 1983 :
1574 1937 1660 1982 est
1679 1927 1796 1982 haec
1811 1943 1840 1980 a
1858 1926 2041 1982 divina

2147 1925 2363 1997 καθαρὰ
2383 1926 2478 1979 καὶ
2504 1925 2808 1998 ἀμώμητος
2829 1926 3092 1998 ὁμολογία
3107 1943 3122 1958 °
3154 1927 3297 2000 αῦτη
3336 1929 3439 2001 τῆς
3456 1933 3702 2003 ἀχράντου

454 2025 724 2094 sapientia
761 2023 1007 2094 profecta
1049 2021 1411 2093 mystagogit-a
1455 2019 1731 2075 institutio
1775 2018 2042 2073 immacu-

2147 2018 2238 2071 καὶ
2267 2016 2575 2088 έλικρινοῦς
2598 2030 2626 2059 ι
2659 2018 2914 2090 λατρείας
2944 2019 3125 2090 ἡμῶν,
3153 2021 3382 2075 καὶτῶν
3409 2024 3536 2093 περὶ
3554 2025 3703 2097 αὐτὴν

455 2118 548 2173 lati
578 2125 634 2172 et
661 2115 866 2170 sinceri
892 2111 1065 2169 nostri
1094 2113 1314 2187 cultus,
1356 2120 1411 2166 et
1443 2111 1879 2167 vcnerandornm
1911 2126 2042 2182 quae

2147 2109 2362 2164 σεπτῶν
2398 2109 2740 2182 μυστηρίων,
2775 2112 2808 2182 ή
2845 2111 3106 2182 θεόσοφος
3159 2115 3550 2184 μυσταγωγία·
3582 2121 3702 2173 κατά

455 2227 523 2266 eo
555 2209 788 2264 tendunt
815 2206 1203 2278 mysteriorum
1235 2223 1250 2260 :
1285 2203 1589 2259 secundum
1637 2203 1797 2258 istam
1829 2203 1897 2257 ad
1947 2219 2042 2258 oc-

2147 2201 2370 2274 ταύτην,
2427 2203 2591 2273 μέχρι
2643 2203 2764 2273 βίου
2817 2204 3060 2276 δυσμῶν,
3123 2209 3220 2260 καὶ
3251 2207 3573 2277 φρονοῦντες
3624 2212 3705 2266 καὶ

456 2315 641 2356 casum
694 2313 870 2368 usque
914 2305 972 2352 et
1022 2296 1230 2352 exitum
1281 2295 1408 2349 vita:
1453 2301 1660 2349 nostra».
1717 2294 2042 2358 sentientes,

2147 2293 2497 2358 πιστεύοντες
2535 2295 2632 2349 καὶ
2684 2294 3119 2367 πολιτευόμενοι,
3170 2300 3312 2370 πρὸς
3341 2299 3441 2373 τὴν
3467 2303 3704 2374 ἀνατολὴν

456 2393 765 2456 credentes,
801 2397 1214 2454 conversantes,
1233 2387 1301 2442 ad
1350 2401 1525 2456 usque
1565 2385 1834 2442 orientem
1873 2387 2042 2440 solem

2147 2385 2240 2440 τοῦ
2267 2387 2460 2458 νοητοῦ
2489 2387 2643 2459 ἡλίου
2679 2389 3041 2460 ἐπειγόμεθα,
3065 2392 3165 2463 τῆς
3193 2394 3410 2448 ἐκεῖθεν
3430 2395 3702 2468 ἀνεσπέρου

456 2481 854 2552 intelligibilem
885 2477 1193 2533 incedimus
1218 2492 1234 2529 :
1264 2490 1375 2546 quo
1416 2473 1840 2545 pervenientes,
1873 2472 2042 2527 multo

2147 2477 2326 2548 αὐγῆς
2367 2479 2462 2530 καὶ
2497 2477 2884 2553 λαμπρότητος
2923 2483 3256 2555 τρανότερόν
3303 2503 3364 2540 τε
3405 2487 3500 2541 καὶ
3528 2488 3702 2543 τελειό-

456 2573 768 2630 evidentius
823 2581 881 2626 et
931 2569 1231 2641 perfectius
1284 2567 1560 2622 radiorum
1633 2565 1927 2636 splendore
1992 2574 2042 2620 et

2147 2585 2306 2638 τερον
2372 2569 2797 2636 ἀπολαύσοντες.
2859 2573 3080 2646 Ταύτην
3140 2579 3415 2650 προσήκει
3474 2581 3567 2634 καὶ
3620 2581 3705 2654 τὴν

459 2662 808 2726 claritudine,
861 2661 981 2716 sine
1024 2659 1139 2713 ullo
1185 2671 1408 2723 occasu,
1460 2654 1830 2726 perfruemur.
1894 2653 2042 2709 Hanc

2149 2657 2424 2730 ὑμετέραν
2455 2659 2858 2734 θεοφρούρητον
2889 2663 3108 2719 σύνεσιν
3146 2665 3271 2738 ήδη,
3319 2668 3458 2738 πρὸς
3481 2669 3568 2722 τὸν
3587 2669 3700 2741 ὴμέ-

458 2770 627 2827 porro
663 2753 789 2810 fidei
835 2750 1263 2814 confessionem,
1310 2758 1366 2804 et
1420 2757 1682 2811 vestram,
1721 2763 1822 2818 par
1875 2755 1977 2811 est,
2017 2761 2042 2800 a

2147 2769 2307 2823 τερον
2343 2752 2545 2824 κλῆρον
2599 2754 2699 2825 τῆς
2742 2755 3029 2822 εὐσεϐείας
3079 2759 3406 2831 ἀφορῶσαν,
3453 2761 3703 2834 εἰλικρινεῖ

463 2850 576 2904 Deo
602 2846 932 2902 custoditam
964 2842 1337 2914 prudentiam.
1377 2839 1507 2895 dum
1543 2849 1788 2894 nostram
1830 2838 2052 2910 pietatis

460 2951 668 2996 sortem
698 2940 966 3003 intuetur,
995 2935 1212 2991 sincero
1235 2933 1454 3001 affectu,
1492 2942 1645 2987 recto
1681 2931 1910 3004 judicio,
1944 2921 2050 2986 ﬁde

463 3034 795 3087 inconcussa
812 3043 917 3082 nec
936 3027 1246 3092 vacillante,
1262 3033 1572 3094 susceptam
1587 3023 1756 3078 semel
1773 3023 2048 3089 adamare,

460 3139 566 3178 nec
581 3124 650 3178 ab
670 3138 732 3177 ea
745 3121 831 3176 vel
849 3121 1015 3175 latum
1035 3133 1292 3188 unguem,
1308 3117 1630 3170 addextram
1649 3115 1733 3170 vel
1750 3115 2047 3180 sinistram,

2149 2841 2414 2909 διαθέσει,
2439 2845 2531 2898 καὶ
2546 2844 2777 2918 γνώμης
2795 2847 3077 2920 εύθύτητι,
3101 2851 3198 2904 καὶ
3215 2851 3526 2924 ἀδιστάκτῳ
3551 2854 3700 2908 πίστει

2150 2935 2515 3006 ἀποδέχεσθαι
2537 2939 2633 2991 καὶ
2667 2940 2940 3010 στέργειν,
2970 2941 3066 2996 καὶ
3100 2945 3243 3013 μήτε
3270 2943 3429 3016 δεξιᾷ
3457 2946 3587 3017 μήτε
3607 2947 3701 3017 ἀρι-

2153 3030 2341 3101 στερᾷ,
2393 3030 2529 3101 μηδὲ
2579 3031 2673 3084 ἐπὶ
2705 3031 2914 3104 βραχὺ,
2944 3033 3151 3106 ταύτης
3189 3036 3530 3094 ἀποκλίνειν.
3562 3038 3704 3094 Τοῦτο

2152 3121 2263 3194 γάρ
2293 3121 2401 3176 τῶν
2433 3123 2749 3178 ἀποστόλων
2781 3126 2844 3179 τὸ
2877 3126 3168 3198 κήρυγμα,
3197 3127 3365 3182 τοῦτο
3403 3129 3511 3182 τῶν
3549 3129 3699 3184 olm-

461 3216 764 3272 declinare.
819 3214 973 3269 Hanc
1032 3187 1300 3280 siquidem
1361 3207 1731 3279 pratdicarunt
1793 3207 2042 3277 apostoli,

2155 3187 2392 3283 μενικῶν
2423 3213 2658 3268 συνόδων
2683 3215 2746 3268 τὸ
2787 3187 3076 3290 φρόνημα.¹
3096 3187 3188 3272 Διδ
3211 3219 3275 3272 ού
3313 3219 3476 3290 μόνον
3507 3221 3702 3274 σεαυτὸν

355 3353 358 3356 .
462 3310 609 3364 hanc
640 3305 984 3361 universales
1017 3302 1204 3374 synodi
1238 3309 1576 3356 censuerunt
1622 3299 2046 3355 observandam.

461 3404 641 3469 Atque
678 3398 801 3452 ideo
839 3410 949 3450 non
1004 3404 1057 3449 te
1091 3401 1299 3446 tantum
1331 3399 1551 3462 Oportet
1593 3391 1646 3445 in
1692 3389 1797 3446 hac
1841 3390 2048 3446 versari

463 3490 759 3555 sententia,
787 3488 853 3543 ad
884 3488 1036 3542 hunc
1061 3485 1287 3540 modum
1317 3483 1489 3538 Deum
1546 3482 1915 3553 magniﬁcare,
1950 3482 2048 3538 sed

461 3594 519 3639 et
545 3583 668 3638 illos
697 3581 788 3651 qui
814 3580 911 3635 tibi
945 3587 1204 3650 parentes
1239 3576 1497 3641 subsunt,
1525 3575 1592 3630 ad
1625 3575 1874 3630 eamdem
1903 3574 2062 3629 veri-’

463 3685 632 3732 tatem
662 3671 1101 3743 amplectendam
1132 3669 1288 3740 quasi
1322 3668 1724 3731 mauuducere,
1769 3668 1823 3722 in
1854 3668 2047 3723 eadem

463 3770 570 3825 [ide
598 3767 874 3839 perfectos
907 3776 1290 3819 consummare
1333 3768 1568 3832 oportet,
1615 3776 1720 3816 nec
1749 3759 2047 3831 quidquam

464 3861 571 3917 hac
601 3874 732 3914 cura
755 3867 812 3913 et
842 3856 1175 3927 cogitatione
1208 3853 1361 3924 prius
1389 3854 1476 3908 vel
1505 3853 1785 3924 antiquius
1822 3852 2045 3906 habere.

467 3952 694 4024 Spectat
735 3949 884 4004 enim
936 3960 1130 4002 revera
1173 3945 1240 3998 ad
1289 3943 1527 3998 ofﬁcium
1575 3942 1878 4014 principis,
1934 3957 2049 3996 non

466 4047 552 4100 sui
574 4045 748 4115 ipsius
774 4051 984 4097 tantum
1001 4039 1192 4096 salutis
1218 4039 1422 4094 habere
1448 4038 1740 4104 rationem,
1766 4052 1956 4092 verum
1992 4044 2051 4091 et

467 4138 582 4210 pari
635 4151 766 4192 cura
814 4143 872 4190 et
918 4131 1264 4205 providentia
1310 4130 1512 4202 populo
1573 4128 1676 4185 sibi
1736 4129 2050 4185 concredita

465 4229 803 4302 prospicere,
834 4236 895 4283 ut
921 4233 988 4282 ad
1018 4226 1266 4297 ejusdem
1289 4224 1385 4279 Dei
1415 4223 1663 4279 eamdem
1681 4223 2047 4294 cognitionem

465 4332 522 4377 ct
572 4321 966 4392 perfectionem
1015 4333 1181 4372 manu
1237 4316 1500 4387 perducta
1546 4314 1861 4370 devocetur.
1927 4311 2047 4368 Noli

465 4415 632 4486 igitur
683 4411 1049 4473 committere,
1083 4418 1142 4464 ut
1177 4423 1281 4463 nos
1327 4423 1424 4478 spe
1471 4416 1657 4461 nostra
1709 4404 2047 4470 excidamus,

2152 3307 2369 3375 φρονεῖν
2399 3305 2543 3360 οὕτω
2588 3307 2672 3360 δεῖ
2716 3307 2815 3364 καὶ
2849 3306 2958 3381 [τὸ]
2997 3308 3264 3379 δοξάζειν,
3295 3311 3438 3366 ἀλλά
3473 3311 3562 3367 καὶ
3597 3312 3702 3377 τοὺς

2152 3397 2258 3450 ὑπὸ
2289 3398 2348 3452 σὲ
2394 3399 2764 3472 τεταγμένους
2795 3401 2878 3466 είς
2907 3401 2970 3457 τὸ
3000 3402 3136 3457 αὐτὸ
3171 3402 3273 3474 τῆς
3311 3404 3568 3478 ἀληθείας
3591 3405 3700 3475 φρό-

2151 3509 2300 3561 νημα
2330 3497 2712 3565 χειραγωγεῖν,
2747 3497 2844 3550 καὶ
2874 3497 3013 3570 πρὸς
3044 3499 3144 3572 τὴν
3175 3499 3354 3573 αὐτὴν
3383 3499 3705 3572 καταρτίζειν

2153 3587 2359 3651 πίστιν,
2388 3587 2484 3642 καὶ
2516 3589 2686 3662 μηδὲν
2723 3589 2827 3662 τῆς
2854 3593 3114 3664 τοιαύτης
3141 3593 3386 3666 σπουδῆς
3407 3595 3500 3650 καὶ
3532 3595 3700 3663 Empt-

2150 3676 2299 3741 λείας
2345 3678 2597 3750 ἡγεῖσθαι
2633 3681 2981 3756 τιμιώτερον.
3019 3685 3319 3756 Ἀρχοντος
3358 3686 3468 3758 γὰρ
3498 3686 3570 3750 ὡς
3593 3685 3704 3754 ἀλη-

2152 3767 2282 3835 θῶς,
2317 3772 2393 3842 μὴ
2431 3771 2530 3842 τῆς
2569 3773 2702 3838 ιδίας
2737 3775 2900 3844 μόνον
2941 3778 3220 3849 σωτηρίας
3261 3779 3534 3833 ποιεῖσθαι
3565 3793 3703 3850 φρον-

2149 3860 2303 3927 τίδα,
2335 3861 2474 3917 ἀλλὰ
2517 3865 2612 3918 καὶ
2659 3867 2750 3920 τὸν
2787 3867 3225 3937 ὲμπιστευθέντα
3284 3870 3416 3926 λαὸν
3459 3871 3554 3941 τῆς
3601 3870 3700 3938 ίσης

2150 3951 2336 4019 ἀξιοῦν
2369 3953 2628 4026 προνοίας
2649 3995 2662 4018 ,
2694 3956 2792 4010 καὶ
2819 3957 2901 4020 είς
2945 3957 3046 4028 τὴν
3074 3958 3246 4030 αὐτὴν
3272 3960 3374 4030 τῆς
3403 3957 3700 4027 θεογνωσίας

2151 4048 2513 4117 χειραγωγεῖν
2549 4064 2610 4100 τε
2649 4047 2747 4102 καὶ¹
2789 4049 3218 4119 προσκαλεῖσθαι
3246 4050 3578 4121 τελειότητα.
3624 4047 3700 4115 Μὴ

2149 4137 2330 4192 τοίνυν
2356 4137 2465 4191 τῶν
2493 4138 2728 4194 ἐλπίδων
2751 4141 2899 4212 ἡμᾶς
2932 4141 3331 4214 διαψευσθῆναι
3361 4142 3614 4216 ποιήσῃς,
3646 4138 3700 4200 ἃς

2150 4229 2184 4298 ἡ
2203 4227 2270 4299 σὴ
2298 4230 2427 4300 περὶ
2447 4229 2514 4283 τά
2543 4229 2682 4284 καλά
2707 4233 2849 4302 ῥοπή
2879 4249 2938 4286 τε
2962 4234 3058 4288 καὶ
3073 4234 3302 4306 εὐηκοῒα
3327 4234 3565 4306 παρέσχε
3591 4245 3700 4302 προ-

2153 4318 2447 4374 σάλλεσθαι
2468 4336 2482 4350 ο
2517 4321 2654 4392 μηδὲ
2676 4324 2802 4387 τοὺς
2824 4325 3021 4389 πόνους
3046 4326 3139 4380 καὶ
3165 4327 3292 4390 τοὺς
3337 4327 3582 4396 ἀγῶνας,
3621 4322 3699 4384 οὓς

2151 4412 2290 4484 ὑπὲρ
2309 4412 2409 4482 τῆς
2433 4413 2708 4486 ὑμετέρας
2730 4415 3004 4488 σωτηρίας
3026 4417 3397 4489 ἀνεδεξάμεθα
3424 4419 3698 4491 χαίροντες,

462 4507 530 4560 ad
560 4517 724 4574 quam
745 4511 835 4556 tua
853 4516 956 4556 nos
989 4498 1272 4556 inclinatio
1291 4497 1347 4552 in
1376 4497 1634 4570 virtutem
1657 4505 1713 4550 et
1737 4493 2042 4549 obedientia

2157 4503 2422 4575 ματαίους
2448 4503 2678 4578 ἐλέγξῃς
2699 4523 2714 4539 ο
2748 4506 2872 4579 μηδ’
2900 4507 3166 4580 ἄρχεσθαι
3197 4511 3296 4582 μὲν
3330 4509 3599 4584 προθυμίᾳ
3621 4506 3699 4562 τοῦ

465 4597 624 4652 facile
649 4595 919 4650 invitavit.
957 4592 1102 4656 Noli,
1139 4605 1346 4661 quaso,
1385 4590 1597 4644 labores
1619 4587 1742 4643 illos
1765 4595 1821 4642 et
1864 4595 2046 4642 certa-

466 4689 632 4752 mina,
669 4686 872 4740 frustra
896 4683 1057 4738 nobis
1088 4689 1340 4752 suscepta
1371 4683 1704 4751 redarguere
1725 4719 1738 4744 ,
1770 4687 1827 4732 et
1856 4677 2047 4731 inanes

465 4778 712 4843 reddere,
737 4793 877 4848 quos
902 4790 1119 4831 summo
1144 4790 1268 4828 cum
1296 4773 1493 4845 gaudio
1517 4773 1570 4826 in
1600 4782 1692 4827 tua
1719 4772 1894 4826 salute
1915 4786 2044 4841 pro-

467 4877 707 4925 curanda
743 4872 1168 4926 exantlavimus.
1196 4869 1315 4923 Noli
1343 4869 1585 4940 incipere
1608 4883 1732 4922 cum
1761 4867 2045 4923 alacritate

468 4975 683 5016 summa
713 4963 885 5017 divini
911 4963 1169 5032 praeconii
1201 4977 1365 5019 voces
1397 4961 1678 5032 suscipere
1702 5000 1716 5026 ,
1739 4962 1811 5030 {et
1834 4975 1959 5014 cum
1991 4968 2045 5017 te

2152 4594 2300 4649 θείου
2329 4595 2687 4668 κηρύγματος
2727 4599 3086 4672 ὑποδέχεσθαι
3117 4603 3246 4666 τοὺς
3287 4603 3511 4674 λόγους,
3557 4601 3699 4657 αὐτὸν

2152 4685 2460 4760 ὲπιδείξῃς,
2503 4689 2584 4752 είς
2619 4689 2892 4762 ρᾳθυμίαν
2917 4693 2977 4747 δὲ
3005 4694 3106 4764 τὴν
3133 4695 3444 4768 προθυμίαν
3486 4691 3698 4750 καταλύ-

2152 4778 2347 4842 σειςδο
2382 4779 2498 4834 ἀλλ’
2546 4781 2731 4852 ὅμοιον
2771 4785 2872 4856 μὲν
2919 4788 2986 4858 τῇ
3018 4787 3242 4861 ἀπαρχῇ
3285 4789 3350 4844 τὸ
3373 4789 3546 4854 τέλος,
3578 4785 3698 4854 σύμ·

2152 4887 2329 4939 φωνον
2357 4871 2416 4925 δὲ
2446 4871 2546 4944 τὴν
2577 4873 2857 4929 πολιτείαν
2887 4881 2954 4950 τῇ
3001 4880 3206 4948 πίστει,
3238 4881 3416 4936 κοινὸν
3441 4881 3496 4936 δὲ
3521 4877 3699 4948 ἀγαθὸν

2153 4963 2250 5017 καὶ
2282 4965 2470 5031 γένους
2516 4966 2611 5018 καὶ
2645 4967 2908 5034 πατρίδος
2950 4970 3052 5043 τὴν
3097 4973 3200 5044 σὴν
3241 4973 3420 5037 διδοὺς
3476 4968 3698 5037 ἐξουσίαν

1710 5170 1948 5227 ἾΑΒΙΑΞ
1993 5171 2399 5231 LECTIONES.

481 5349 510 5376 ⁸
538 5363 624 5413 γρ.
672 5344 772 5396 καὶ
872 5347 1030 5415 τρός.
1101 5357 1128 5396 ῐ
1160 5368 1248 5419 γρ.
1289 5351 1595 5425 ἀπέδειξε..
1651 5362 1673 5388 ι
1700 5369 1791 5423 γρ.
1824 5354 2051 5425 νοεροῖς.
2128 5365 2157 5395 ι
2197 5353 2328 5425 Leg.
2368 5353 2718 5426 εἰλικρινοῦς.
2793 5355 2824 5395 ι
2858 5354 2988 5427 Leg.
3023 5360 3354 5433 καταλύσῃς.

1974 5509 2207 5566 NOTAE.

544 5682 658 5759 (26)
702 5682 1210 5759 Postﬁekuapévn,
1261 5692 1372 5745 ἀπὸ
1395 5691 1490 5746 τοῦ
1516 5697 1695 5749 κοινοῦ
1731 5697 2046 5752 subinteili-

473 5751 649 5840 genus
674 5751 928 5840 appetitis.
949 5751 1067 5840 qua}
1092 5751 1192 5813 ι·οέ
1218 5763 1425 5840 rectius
1439 5751 2053 5840 a_dtleretur;adtpqu£ag

484 5831 677 5890 gratia.
711 5831 1060 5888 [Spoactotoig
1101 5831 1367 5896 χρυσέοις.
1398 5832 1602 5886 Alludit
1627 5836 1694 5890 ad
1726 5831 2004 5892 Ρεαίίιιν
2035 5879 2050 5905 ,

2159 5697 2226 5752 15
2255 5715 2268 5752 :
2304 5699 2462 5784 Πᾶσα
2491 5701 2524 5769 ἡ
2566 5699 2694 5784 δόξα
2722 5702 2818 5770 τῆς
2849 5705 3116 5784 θυγατρὸς
3149 5707 3408 5784 βασιλέως
3436 5705 3614 5760 ἔσωθεν
3637 5704 3689 5756 ἐν

2159 5773 2489 5849 κροκωτοῖς
2524 5773 2777 5853 χρυσέοις
2812 5773 3276 5849 περιϐεϐλημένη.
3301 5779 3425 5846 Quze
3448 5787 3684 5848 postrema

2160 5854 2265 5893 vox
2305 5840 2390 5893 Inc
2419 5841 2608 5896 deesse
2633 5844 2865 5897 videtur.
