3964 6480
290 395 400 458 657

1439 393 1977 455 EPISTOLARUM
2006 395 2239 475 LIBER
2283 396 2331 455 Ι.

3442 391 3548 453 658

288 508 635 580 καθορᾶσθαι
670 509 767 563 καὶ
796 508 1181 582 ὀνομάζεσθαι,
1213 510 1311 581 τὴν
1340 509 1481 580 ἐμὴν
1528 511 1622 563 ἐπὶ
1657 508 1742 563 σοὶ
1776 526 1872 581 χαι
1900 564 1909 574 ι

2013 508 2139 562 ilem
2171 509 2474 577 praebueris
2503 508 2915 579 aliquantisper,
2958 508 3091 562 illud
3128 513 3283 560 tuum
3305 507 3547 562 studium

297 601 401 671 ράν
428 601 525 654 καὶ
553 598 893 671 εὐφροσύνην
914 601 1162 671 διατήρει
1191 598 1594 663 ἀνεξάλειπτον.

1977 611 2299 656 convertere
2340 602 2394 655 in
2426 602 2694 673 ignaviam
2728 620 2741 655 :
2778 615 2963 655 verum
3001 599 3122 654 ﬁnis
3163 600 3318 654 initio
3368 614 3554 653 corre-

292 693 603 763 spondeat;
631 691 757 747 vitae
780 691 1123 746 conversatio
1155 689 1315 745 ﬁdem
1338 689 1640 759 exprimat,
1665 696 1720 744 et
1779 688 1909 743 dum
1950 698 2098 743 tuam
2133 699 2454 761 potestatem
2523 691 2766 745 omnium
2839 691 3011 744 oculis
3054 699 3110 744 et
3146 690 3346 761 linguis
3387 705 3552 743 usur-

292 784 531 853 pandam
552 783 799 847 exhibes,
820 783 873 837 in
903 796 1250 837 communem
1279 788 1334 835 et
1356 780 1571 851 generis
1601 786 1657 835 et
1682 779 1875 850 patriae
1908 780 2217 849 utilitatem,
2268 798 2453 837 meum
2484 782 2553 837 de
2589 791 2640 836 te
2666 780 2921 853 gaudium
2947 790 3000 836 et
3070 781 3239 835 animi
3297 780 3551 835 solatium

292 888 517 942 semper
546 871 844 925 indeletum
878 869 1174 925 custodito.

367 964 475 1035 κβ’.
522 962 664 1017 Ἀλλ’
690 963 791 1031 δρα
811 962 875 1033 δή
912 980 1003 1033 μοι
1028 963 1237 1024 λοιπὸν,
1260 960 1571 1032 φιλόχριστε
1599 961 1695 1014 καὶ
1717 976 1879 1013 πνευ-

299 1055 504 1125 ματικὲ
534 1055 693 1124 ἡμῶν
738 1054 824 1106 υίὲ
845 1096 859 1119 ,
891 1055 985 1107 καί
1013 1055 1066 1108 εἴ
1103 1073 1155 1108 τι
1188 1053 1317 1109 ἄλλο
1349 1054 1559 1107 κλεινὸν
1588 1055 1684 1107 καὶ
1713 1053 1879 1107 καλὸν

296 1148 397 1199 καὶ
428 1146 663 1217 στοργῆς
683 1145 832 1210 ἄξιον
857 1145 1048 1213 ὄνομα,
1076 1146 1177 1218 ὅρα
1207 1145 1496 1217 τοιγαροῦν
1533 1146 1665 1209 ὅσας
1697 1162 1879 1217 παρα-

296 1238 486 1304 τάξεις
517 1239 546 1290 ὁ
572 1237 808 1308 πονηρὸς
835 1237 978 1290 κατὰ
1006 1236 1106 1306 τῆς
1131 1236 1390 1299 εὐσεϐοῦς
1426 1237 1520 1289 καὶ
1551 1235 1723 1304 μόνης
1742 1233 1878 1305 ἀλη-

303 1326 455 1397 θινῆς
488 1327 596 1379 τῶν
630 1324 973 1395 Χριστιανῶν
1002 1324 1300 1396 θρησκείας
1328 1323 1751 1393 ἐπαλαμήσατο,
1790 1322 1879 1374 αἱ-

300 1419 488 1490 ρέσεις
566 1416 857 1486 διαφόρους
898 1459 914 1483 ,
944 1419 1040 1470 καὶ
1102 1416 1322 1478 στάσεις
1354 1456 1369 1480 ,
1402 1416 1497 1467 xal.
1553 1413 1759 1484 μάχας,
1785 1411 1881 1464 καὶ

302 1508 581 1579 πολέμους
624 1508 875 1563 ἐπινοῶν.
906 1508 1049 1578 Ὅρα
1095 1507 1154 1560 δὲ
1182 1507 1277 1560 καὶ
1304 1505 1482 1569 τοῦτο,
1499 1505 1649 1567 ὅπως
1665 1503 1883 1565 ἁπάσας

298 1598 445 1669 αὕτη
491 1600 918 1670 κατεστρέψατο,
969 1599 1065 1651 καὶ
1112 1598 1343 1668 λαμπρὰ.
1389 1598 1458 1651 τὰ
1491 1597 1633 1650 κατά
1664 1597 1885 1650 πάντων

298 1694 572 1762 ἀνέστησε
612 1695 875 1762 τρόπαια.
924 1691 1037 1745 Kal.
1077 1689 1243 1761 μηδὲν
1297 1687 1590 1760 θαυμάσῃς
1627 1687 1727 1750 τὰς
1761 1689 1884 1741 κατ’

2054 959 2145 1013 2‘2.
2187 958 2293 1015 Sed
2320 959 2446 1014 vide
2473 960 2714 1024 demum,
2742 974 2925 1029 quaeso
2952 968 3023 1022 te,
3060 974 3094 1013 o
3115 969 3173 1014 tu
3203 960 3336 1014 mihi
3360 960 3558 1016 dilecte

1984 1051 2039 1105 in
2102 1049 2324 1105 Christo
2375 1059 2430 1106 et
2487 1052 2783 1121 spiritualis
2843 1050 2940 1114 ﬁli,
2998 1060 3053 1105 et
3111 1051 3157 1105 si
3228 1052 3358 1122 quid
3409 1053 3559 1108 aliud

1982 1144 2243 1198 eximium
2284 1144 2537 1213 usurpari
2582 1150 2763 1213 potest
2808 1152 2864 1197 et
2897 1141 3169 1197 evcellens
3214 1159 3413 1197 nomen
3471 1143 3559 1198 di-

1984 1250 2149 1305 gnum
2176 1244 2410 1305 paterno
2444 1235 2537 1289 illo
2567 1250 2677 1304 quo
2708 1243 2761 1288 te
2803 1233 3106 1303 amplector
3128 1233 3363 1297 atfectu;
3408 1234 3557 1300 vide,

1984 1327 2227 1396 inquam,
2260 1336 2315 1380 et
2355 1327 2583 1380 adverte
2615 1334 2749 1395 quot
2774 1323 3035 1378 adversus
3072 1323 3219 1378 acies
3265 1324 3440 1377 malus
3468 1324 3561 1380 ille

1978 1420 2190 1473 daemon
2221 1428 2415 1473 contra
2454 1419 2628 1489 pium,
2684 1419 2860 1472 solum
2912 1432 3105 1473 verum
3155 1417 3562 1472 Christianismi

1979 1511 2185 1565 cultum
2232 1510 2552 1565 instruxerit
2598 1525 2613 1562 :
2660 1510 2899 1563 haereses
2950 1508 3211 1561 nimirum
3261 1508 3559 1577 plurimas,

1984 1603 2269 1664 tumultus,
2295 1616 2528 1671 pugnas,
2572 1600 2980 1663 contentiones,
3030 1599 3215 1668 praelia
3246 1598 3561 1654 concitavit.

1984 1692 2121 1747 Vide
2154 1702 2337 1746 autem
2369 1690 2831 1761 quemadmodum
2881 1688 3191 1743 Christiana
3246 1687 3423 1758 pietas
3460 1687 3565 1741 ista

295 1759 861 1851 az’a-tﬁqvloytﬁopsvo;
892 1759 1149 1843 ἐπινοίας
1182 1778 1277 1832 καὶ
1314 1759 1625 1840 ἐπιϐουλάς.
1660 1778 1884 1850 Πρῶτον

2013 1783 2169 1837 ιωιιὶε
2202 1782 2339 1837 ludit
2379 1759 2712 1853 fugavitque,
2741 1792 2796 1835 et
2825 1780 3186 1835 clarissimum
3216 1779 3341 1833 inde
3366 1778 3566 1832 trium-

303 1872 410 1942 μὲν
434 1873 566 1944 γὰρ,
611 1873 712 1925 οὐκ
751 1872 817 1926 ἂν
846 1870 989 1924 οὕτω
1030 1870 1339 1941 περιφανὴς
1373 1871 1468 1923 καὶ
1511 1869 1753 1941 κραταιά
1789 1869 1886 1923 καὶ

298 1963 578 2034 ἐπίσημος
601 1962 691 2016 διὰ
716 1962 817 2031 τῆς
838 1963 996 2030 νίκης
1027 1963 1259 2029 ἐγίνετο,
1284 1963 1333 2014 εί
1366 1961 1531 2031 μηδὲν
1560 1961 1697 2031 αὐτῇ
1730 1960 1889 2013 πολέ-

306 2072 433 2125 μιον
486 2054 867 2109 συνεπλέκετο.
908 2055 1143 2108 Ἔπειτα
1178 2054 1236 2107 δὲ
1272 2054 1365 2106 καὶ
1400 2054 1633 2123 συνορᾷν
1682 2053 1886 2123 ῥᾴδιον,

301 2146 383 2211 ὡς
408 2146 646 2218 ἔνθαπερ
668 2149 697 2200 ὁ
728 2147 965 2218 πονηρὸς
1003 2146 1365 2219 σφοδρότερον
1395 2146 1741 2215 πολεμεῖται,
1774 2147 1891 2198 ἐκεῖ

312 2241 405 2294 cal.
427 2238 589 2302 αὐτὸς
621 2240 1041 2310 σπουδαιότερον
1069 2239 1138 2293 τά
1171 2239 1272 2309 τῆς
1311 2239 1510 2302 κακίας
1540 2237 1705 2291 αὐτοῦ
1761 2237 1887 2308 βέλη

313 2331 542 2401 πέμπει,
575 2331 671 2385 καὶ
718 2331 785 2384 τά
822 2332 1198 2402 μηχανήματα
1237 2330 1474 2399 ἵστησιν.
1520 2330 1608 2381 Ἐν
1645 2328 1745 2399 μὲν
1783 2328 1892 2396 γάρ

312 2426 433 2487 τοῖς
463 2422 646 2486 ἀλλοις
664 2422 897 2488 ἔθνεσιν,
932 2424 1056 2477 ἐπεὶ
1088 2422 1277 2493 μηδείς
1304 2424 1454 2475 ἐστιν
1480 2420 1629 2490 αὐτῷ
1663 2420 1892 2490 σφοδρὸς

307 2514 584 2585 πόλεμος,
614 2515 704 2567 διὰ
730 2513 895 2567 τοῦτο
941 2514 1064 2567 οὐδὲ
1109 2513 1273 2577 αὐτὸς
1319 2514 1443 2567 κατ’
1490 2512 1715 2565 ἐκείνων
1740 2512 1895 2564 ὁπλί-

309 2607 491 2671 ζεταιο
518 2609 548 2660 ὁ
571 2607 630 2660 δὲ
656 2605 1049 2677 Χριστώνυμος
1073 2604 1169 2658 τοῦ
1194 2604 1332 2658 Θεοῦ
1362 2603 1511 2667 λαὸς,
1540 2601 1602 2656 τὸ
1632 2602 1806 2670 ἅγιον,
1835 2604 1898 2655 τὸ

311 2696 592 2767 βασίλειον
636 2697 957 2767 ἱεράτευμα,
1004 2697 1127 2749 ἐπεὶ
1160 2695 1281 2748 καθ’
1314 2694 1554 2765 ἑκάστην
1605 2692 1901 2764 κραταιού-

315 2805 474 2860 μενοι
506 2793 576 2860 τῇ
605 2790 819 2854 πίστει,
852 2789 994 2843 κατὰ
1022 2787 1134 2841 τῶν
1161 2789 1413 2858 πονηρῶν
1437 2786 1603 2840 αὐτοῦ
1643 2786 1901 2855 πράξεων

316 2884 418 2936 καὶ
440 2882 893 2950 ἐπιτηδευμάτων
922 2880 1266 2950 ἀνδρίζονται
1286 2920 1302 2946 ,
1335 2879 1426 2932 διὰ
1464 2878 1624 2931 τοῦτο
1650 2880 1902 2939 κάκεῖνος

314 2972 551 3041 μυρίαις
580 2971 901 3035 ὲπιὸολαῖςο
947 2972 1044 3025 καὶ
1084 2970 1286 3033 πάσαις
1341 2969 1590 3038 μεθόδοις
1638 2969 1790 3031 τινὰς
1843 2968 1902 3033 ἐξ

314 3064 503 3116 αὐτῶν
531 3062 908 3126 ὑποσκελίζειν
948 3060 1305 3132 τεχνάζεται,
1334 3061 1428 3114 καὶ⁵
1459 3060 1775 3113 ἀντιλυπεῖν
1803 3058 1901 3129 τὴν

329 3155 665 3225 Ἐκκλησίαν
686 3154 924 3225 Χριστοῦ
950 3153 1303 3223 ἀγωνίζεται,
1329 3155 1378 3206 εἰ
1405 3154 1500 3206 καὶ
1533 3153 1613 3214 είς
1637 3150 1903 3222 αἰσχύνην

318 3241 476 3311 αὐτῷ
500 3242 550 3294 οἱ
589 3243 801 3310 ἀγῶνες
844 3243 939 3296 καὶ
968 3242 1036 3295 τά
1066 3241 1461 3311 πονηρεύματα
1497 3240 1907 3311 καταστρέφου-

320 3352 412 3389 σιν
430 3352 445 3366 ·
478 3335 592 3389 ἀλλ’
624 3335 765 3389 ὥστε
782 3333 809 3372 ἀ
834 3335 891 3388 δὲ
913 3334 984 3387 τὰ
1007 3336 1105 3404 μὲν
1132 3334 1266 3387 ἄλλα
1286 3334 1397 3388 τῶν
1425 3334 1595 3388 ἐθνῶν
1618 3334 1909 3404 ἀδιάκριτα

318 3428 425 3481 καὶ
450 3427 838 3497 συγκεχυμένα
877 3427 947 3479 τὰ
986 3427 1044 3478 ὲν
1086 3425 1351 3495 δόγμασιν
1383 3424 1497 3495 ἔχει
1540 3427 1867 3495 φρονήματα
1890 3460 1907 3487 ,

320 3522 425 3576 καὶ
454 3520 607 3575 οὐδὲν
639 3521 879 3591 καθαρὸν
925 3520 1036 3572 οὐδ’
1065 3522 1143 3583 είς
1174 3518 1461 3589 ἀκρίϐειαν
1510 3517 1911 3587 δεδοκιμασμέ-

323 3630 442 3678 νον,
470 3611 560 3665 διὰ
587 3610 745 3663 τοῦτο
770 3612 826 3661 ἐν
849 3609 1082 3672 ἐκείνοις
1097 3606 1222 3660 οὔτε
1247 3607 1306 3659 τὸ
1325 3605 1759 3677 διεστραμμένον
1784 3605 1912 3674 φαί-

322 3720 506 3759 νεται.
572 3704 661 3756 Ἐν
686 3702 743 3754 δὲ
780 3704 845 3771 τῇ
899 3698 1288 3769 καθαρωτάτῃ,
1341 3700 1436 3752 καὶ
1473 3698 1775 3768 ἁγιωτάτῃ,
1818 3697 1916 3750 καὶ

325 3794 470 3848 πολὺ
496 3794 556 3846 τὸ
588 3792 816 3862 ἀκριϐὲς
839 3790 1040 3863 ἐχούσῃ
1067 3790 1248 3843 πίστει
1284 3788 1391 3842 τῶν
1418 3788 1785 3860 Χριστιανῶν,
1830 3786 1919 3840 διὰ

326 3887 395 3940 τὸ
421 3887 541 3939 λίαν
565 3886 733 3955 αὐτῆς
767 3884 1060 3954 εἰλικρινὲς
1099 3884 1203 3935 καί.
1237 3881 1396 3946 εὐθὲς
1439 3883 1535 3934 καὶ
1584 3882 1919 3954 ἐξῃρημένον

328 3980 430 4032 καὶ
462 3978 761 4049 ἀκήρατον,
787 3975 1006 4028 ἐπειδάν
1039 3992 1123 4038 τις
1157 3977 1252 4027 καὶ
1277 3974 1472 4044 μικρόν
1501 3992 1552 4026 τι
1586 3973 1921 4044 διαστροφῆς

332 4075 371 4145 ἣ
406 4072 759 4143 καινοτομίας
784 4073 1235 4144 παρεισενεγκεῖν
1265 4072 1616 4141 ἐπιχειρήσῃ,
1641 4070 1839 4123 αὐτίκα
1860 4068 1924 4123 τὸ

332 4166 775 4237 διεστραμμένον
806 4165 902 4218 καὶ
939 4163 1194 4233 κίϐδηλον
1233 4165 1300 4233 τῇ
1328 4162 1631 4233 παραθέσει
1661 4162 1763 4231 τῆς
1786 4161 1924 4233 ἀλη-

335 4249 492 4322 θείας
527 4257 624 4310 καὶ
655 4256 749 4309 τοῦ
793 4254 955 4327 ὀρθοὗ
1016 4254 1175 4323 λόγου
1210 4253 1604 4322 καταφαίνεταί
1641 4271 1700 4307 τε
1725 4255 1821 4307 καὶ
1847 4254 1928 4307 δι-

334 4349 647 4419 ελέγχεται,
667 4348 763 4400 καὶ
803 4347 913 4399 οὐδ’
947 4346 1042 4399 ἐπὶ
1076 4346 1248 4417 βραχὺ
1273 4346 1334 4398 τὸ
1365 4346 1517 4398 νόθον
1538 4345 1788 4414 γέννημα
1814 4345 1925 4399 οὐδ’

1988 1875 2153 1945 phum
2212 1877 2525 1945 reportavit.
2574 1874 2685 1929 Nec
2748 1884 2800 1928 te
2836 1877 3028 1928 subeat
3060 1871 3387 1935 admiratio,
3431 1872 3564 1925 dum

1988 1976 2172 2021 mente
2221 1967 2471 2021 revolvas
2512 1977 2703 2020 contra
2753 1966 2903 2020 illam
2954 1973 3239 2033 susceptas
3286 1963 3566 2025 machina:

1989 2060 2167 2113 tiones
2203 2067 2259 2113 et
2285 2058 2530 2113 insidias.
2560 2058 2834 2128 Imprimis
2859 2056 3004 2110 enim
3023 2070 3367 2124 nequaquam
3392 2055 3567 2109 victo-

1990 2152 2128 2205 riam
2183 2158 2291 2205 tam
2343 2151 2632 2217 illustrem,
2679 2158 2930 2220 potenter
2954 2156 3163 2217 partam
3195 2158 3252 2201 et
3275 2146 3565 2217 gloriosam

1993 2250 2325 2311 reportasset
2352 2241 2658 2297 Christiana
2683 2244 2877 2313 pietas,
2903 2244 2949 2297 si
2984 2259 3109 2298 cum
3158 2244 3309 2298 nullo
3338 2258 3568 2314 congre-

1992 2336 2220 2389 deretur
2254 2333 2588 2389 adversario.
2637 2334 2844 2389 Deinde
2878 2343 2934 2388 et
2978 2334 3111 2388 illud
3155 2334 3314 2389 facile
3361 2333 3571 2388 intelli-

1994 2425 2163 2495 gitur,
2194 2425 2340 2494 quod
2384 2425 2477 2479 ubi
2507 2425 2739 2479 validius
2787 2426 2967 2480 malus
3014 2426 3103 2479 ille
3156 2425 3301 2480 bello
3348 2425 3571 2494 petitur.

1996 2514 2069 2569 ibi
2108 2522 2165 2569 et
2209 2515 2329 2585 ipse
2369 2530 2466 2570 sua
2511 2515 2796 2585 inquitatis
2852 2515 2961 2569 tela
3010 2515 3207 2570 fortius
3257 2516 3479 2580 emittit,
3520 2523 3578 2570 et

1998 2606 2279 2662 machinas
2307 2607 2526 2677 adaptat
2556 2623 2702 2662 suas.
2737 2607 2804 2661 Et
2842 2617 2991 2662 certe
3018 2608 3160 2665 inter
3197 2608 3331 2663 alias
3365 2616 3576 2678 gentes,

1998 2714 2063 2753 eo
2085 2700 2231 2769 quod
2261 2715 2604 2769 nequaquam
2652 2700 2797 2753 serio
2845 2707 3034 2754 contra
3088 2701 3267 2770 ipsum
3320 2700 3578 2763 bellator,

2001 2808 2103 2847 nec
2146 2793 2261 2863 ipse
2287 2792 2344 2846 in
2368 2792 2653 2846 adversum
2678 2802 2924 2846 armatus
2960 2794 3095 2846 adeo
3134 2793 3329 2847 tendit.
3372 2792 3442 2845 At
3466 2806 3586 2861 po-

2005 2883 2166 2953 pulus
2216 2884 2310 2953 qui
2355 2898 2386 2936 a
2443 2882 2665 2937 Christo
2719 2884 2945 2937 sortitur
3014 2898 3246 2945 nomen,
3299 2884 3451 2936 natio
3493 2881 3586 2935 illa

2006 2986 2217 3041 sancta,
2276 2977 2458 3047 regale
2512 2976 2901 3039 sacerdotium,
2953 2989 3019 3029 eo
3074 2975 3220 3043 quod
3279 2962 3377 3044 per
3426 2973 3585 3027 ﬁdem

1928 3095 1971 3152 ο
2006 3067 2385 3136 υτεενειεηιθε,
2421 3067 2666 3135 quotidie
2692 3076 2882 3120 contra
2926 3067 3207 3135 improbos
3234 3064 3404 3133 ipsius
3433 3072 3590 3118 actus

2005 3169 2061 3214 et
2098 3159 2348 3213 instituta
2374 3159 2677 3219 decertant,
2705 3168 2760 3212 et
2784 3158 2899 3227 ipse
2927 3173 3151 3227 quoque
3179 3166 3465 3210 sexcentas
3504 3156 3590 3208 in-

2007 3250 2198 3316 sidias,
2229 3251 2474 3305 diversas
2503 3250 2622 3304 vias
2648 3251 2918 3320 excogitat
2944 3258 2999 3302 et
3018 3248 3388 3310 machinatur,
3414 3256 3476 3301 ut
3504 3247 3592 3300 vel

2008 3348 2201 3401 saltem
2261 3345 2557 3399 nonnullos
2615 3345 2976 3413 supplantare
3033 3352 3197 3412 atque
3255 3342 3329 3396 ita
3385 3341 3589 3396 Christi

2012 3436 2314 3493 Eeclesiam
2363 3449 2599 3489 interere
2643 3433 2858 3488 allicere
2901 3441 2957 3488 et
2997 3429 3218 3487 tristitia
3244 3438 3471 3499 posset:
3508 3439 3587 3483 nt-

2012 3544 2230 3598 cunque
2249 3527 2467 3582 tandem
2498 3527 2716 3595 incepta
2738 3525 2921 3579 omnia
2941 3534 2995 3579 et
3018 3524 3183 3594 impia
3208 3523 3299 3577 illa
3320 3523 3597 3577 machina-

2016 3629 2201 3676 menta
2228 3620 2281 3673 in
2312 3619 2487 3689 ipsius
2518 3618 2757 3673 dedecus
2784 3633 3050 3672 conversa
3097 3616 3374 3670 desinent.
3405 3616 3511 3669 Sed
3542 3626 3599 3669 et

2017 3716 2135 3769 alia:
2165 3714 2416 3767 nationes
2445 3712 2697 3782 dogmata
2733 3726 2831 3765 sua
2898 3719 2954 3763 et
2998 3709 3303 3763 doctrinam
3346 3707 3600 3762 indistin-

2019 3816 2164 3861 etam
2208 3814 2264 3859 et
2286 3802 2571 3859 confusam
2600 3802 2823 3866 habent,
2853 3816 2955 3855 nec
2973 3800 3267 3869 quidquam
3298 3800 3442 3869 apud
3482 3800 3602 3854 illos

2020 3895 2341 3950 dcfmeatum
2406 3892 2679 3961 reperitur
2754 3900 2847 3944 aut
2892 3906 3016 3944 cum
3046 3904 3177 3943 cura
3242 3888 3599 3944 exaseiatum.

2026 3988 2164 4041 llinc
2190 3996 2275 4041 est
2296 3985 2441 4055 quod
2492 3984 2633 4038 nihil
2665 3984 2915 4038 videatur
2954 3982 3097 4036 inter
3130 3980 3248 4035 illas
3291 3980 3603 4035 distortum.

2026 4077 2231 4133 Verum
2264 4077 2321 4130 in
2340 4076 2430 4131 illa
2463 4075 2847 4138 mundissima,
2879 4073 3247 4129 sacratissima
3278 4081 3336 4126 et
3380 4087 3608 4125 accura-

2028 4169 2238 4223 tissima
2275 4166 2709 4222 Christianorum
2734 4164 2862 4231 ﬁde,
2888 4171 3115 4233 pr0pter
3140 4177 3409 4216 summam
3439 4160 3613 4231 ipsius

2029 4261 2327 4332 puritatem
2361 4268 2419 4312 et
2467 4256 2869 4327 impermistam
2917 4254 3351 4323 simplicitatem,
3392 4262 3615 4322 propter

2034 4350 2421 4406 rectitudinem
2443 4356 2499 4401 et
2521 4347 2794 4401 delectum
2821 4360 2931 4413 quo
2970 4342 3256 4411 praefertur
3297 4342 3534 4404 caeteris,
3569 4341 3613 4394 si

339 4441 451 4493 ὐπὸ
485 4442 582 4510 τὴν
605 4440 776 4508 αὐτὴν
803 4438 1101 4509 ὀνομασίαν
1126 4434 1288 4505 εἶναι,
1321 4440 1431 4491 τῶν
1454 4439 1697 4492 εὐσεϐῶν
1718 4440 1909 4509 δογμάι

2032 4443 2160 4513 quis
2203 4440 2289 4496 vel
2328 4438 2599 4494 tantillum
2657 4437 2712 4491 in
2744 4452 2807 4491 ea
2858 4452 2889 4490 a
2944 4434 3273 4489 rectitudine
3311 4433 3614 4494 declinans,

337 4551 454 4588 των
482 4533 733 4604 οὐδαμῶς
777 4533 1031 4602 ἀνέχεται
1061 4533 1094 4599 ἡ
1129 4532 1403 4601 εὐγένεια.
1439 4532 1652 4602 Ὥσπερ
1683 4533 1792 4603 γὰρ
1836 4534 1931 4585 ἐπὶ

341 4626 455 4680 τῶν
504 4624 692 4678 κάλλει
719 4624 1090 4695 διαφερόντων
1141 4625 1410 4694 σωμάτων
1468 4624 1565 4678 καὶ
1626 4627 1798 4696 μικρά
1850 4641 1933 4688 τις

345 4719 712 4788 ἐπιγενομένη
751 4718 908 4787 κηλὶς
939 4718 1132 4771 θᾶττον
1161 4719 1452 4787 συνορᾶται
1481 4718 1577 4771 καὶ
1607 4716 1933 4787 πεφώραται

342 4816 416 4883 τῇ
443 4811 745 4882 παραθέσει
772 4810 870 4879 τῆς
903 4810 1098 4878 λοιπῆς
1140 4809 1200 4862 ἐν
1222 4809 1300 4881 τῷ
1338 4809 1550 4879 σώματι
1576 4808 1932 4879 ὼραιότητος,

344 4907 465 4968 τοῖς
488 4903 532 4955 δ’
572 4904 819 4971 αἰσχροῖς
844 4901 944 4970 τὴν
972 4900 1096 4969 ὄψιν
1128 4901 1228 4953 οὐκ
1258 4901 1324 4953 ἂν
1355 4900 1699 4970 ἐξελεγχθείη
1734 4900 1934 4971 ῥᾳδίως

345 4998 422 5050 τὰ
492 4996 590 5062 τῆς
627 4980 1016 5063 ἀσχημοσύνης
1064 4992 1212 5063 πᾶ.οη
1262 4994 1731 5063 ἐπισυνιστάμενα
1771 4994 1928 5064 (ὐπο-

348 5088 609 5142 λανθάνει
656 5085 766 5155 γὰρ
816 5083 917 5151 τῆς
966 5083 1245 5152 ἀμορφίας
1301 5083 1379 5154 τῷ
1436 5087 1691 5152 συγγενεῖ
1731 5085 1827 5138 καὶ
1869 5088 1937 5156 τῇ

352 5178 663 5251 ὁμοιότητι)
681 5193 693 5207 ’
722 5175 867 5229 οὕτω
896 5177 992 5229 καὶ
1020 5176 1114 5227 ἐπὶ
1128 5178 1228 5246 τῆς
1250 5175 1359 5227 τῶν
1378 5176 1721 5246 Χριστιανῶν
1745 5178 1941 5248 ὡραιο-

352 5280 528 5343 τατης
565 5272 641 5332 ὡς
680 5269 898 5340 άληθῶς
929 5270 1024 5323 καὶ
1069 5268 1473 5339 ὐπερλάμπρου
1517 5273 1814 5341 θρησκείας
1844 5275 1940 5325 καὶ

356 5366 636 5429 πίστεως,
662 5364 767 5417 κᾶν
807 5364 866 5414 τὸ
902 5362 1237 5433 βραχύτατον
1274 5378 1359 5424 τις
1391 5363 1558 5433 αὐτῆς
1589 5364 1938 5437 παρατρέψῃ,

360 5460 614 5533 μεγάλην
652 5456 1040 5528 ἀσχημοσύνην
1074 5454 1403 5522 ἐργάζεται·
1449 5455 1517 5507 τὰ
1565 5455 1608 5507 δ’
1655 5456 1792 5508 ἄλλα
1836 5457 1943 5509 τῶν

356 5552 537 5606 ἐθνῶν
578 5550 827 5617 δόγματα
848 5588 863 5613 ,
897 5546 1100 5614 πολλῆς
1132 5547 1403 5615 ἀκοσμίας
1434 5547 1527 5597 καὶ
1561 5546 1943 5618 ἀσχημοσύνης

358 5646 639 5716 γέμοντα,
667 5640 925 5710 οὐδεμίαν
952 5640 1096 5709 ἔχειν
1132 5642 1245 5699 τοῖς
1273 5639 1493 5702 οἰκείοις
1531 5641 1788 5709 ἐρασταῖς
1824 5657 1949 5691 συν-

2036 4538 2355 4590 innovatum
2383 4531 2585 4600 aliquid
2632 4528 3124 4587 subintroduxerit,
3157 4525 3420 4581 continuo
3472 4524 3618 4592 quod

2037 4628 2321 4695 obliquum
2351 4632 2434 4678 est
2466 4630 2521 4675 et
2552 4621 2943 4683 adulteratum,
2968 4618 3013 4673 si
3045 4618 3112 4671 ad
3149 4624 3350 4669 rectam
3373 4613 3621 4668 veritatis

2041 4720 2308 4773 rationem
2339 4716 2607 4785 exigatur,
2632 4722 2687 4767 et
2709 4718 2938 4780 apparet
2961 4719 3018 4763 et
3047 4708 3411 4762 convincitur.
3432 4706 3622 4774 Neque

2040 4819 2187 4865 certe
2253 4807 2362 4877 pati
2422 4813 2603 4875 potest
2646 4816 2910 4873 generosa
2955 4800 3048 4853 illa
3101 4798 3311 4852 indoles
3358 4797 3623 4852 doctrinm

2041 4922 2208 4971 same,
2262 4914 2322 4960 ut
2370 4904 2554 4974 spuria
2602 4902 2852 4973 dogmata
2904 4898 2988 4951 vel
3040 4895 3309 4949 tantillum
3360 4893 3624 4962 temporis

2044 5001 2145 5054 sub
2160 5015 2270 5054 uno
2287 5012 2474 5052 secum
2490 4994 2712 5049 nomine
2732 4992 3137 5046 delitescerent.
3149 4983 3623 5051 Quemadmodum

2046 5094 2191 5145 enim
2223 5091 2278 5143 in
2309 5102 2539 5158 corpore
2568 5086 2798 5156 pulchro
2842 5081 2927 5136 vel
2971 5079 3195 5133 minima
3237 5076 3486 5130 labeeula
3533 5082 3627 5127 aut

2047 5186 2258 5239 macula
2290 5198 2410 5252 qua:
2438 5178 2749 5242 adhaaserit,
2794 5174 2942 5229 cerni
2970 5180 3147 5243 potest
3175 5182 3229 5224 et
3258 5172 3421 5224 citius
3448 5167 3623 5221 animo

2051 5275 2281 5338 adverti,
2327 5288 2395 5326 eo
2438 5269 2586 5340 quod
2620 5283 2651 5322 a
2679 5266 2887 5334 reliqua
2904 5255 3629 5328 diserepetpulchritudine,

2050 5369 2096 5423 si
2133 5368 2198 5421 ad
2239 5381 2361 5420 eam
2393 5369 2789 5430 componatur:
2824 5365 2910 5410 ast
2934 5355 2987 5407 in
3031 5352 3368 5408 deformibus
3414 5358 3469 5402 et
3509 5348 3628 5400 visu

2052 5454 2325 5522 turpibus,
2359 5465 2482 5519 qua:
2521 5447 2789 5516 turpieula
2815 5453 2962 5504 sunt,
2989 5458 3095 5495 non
3116 5451 3222 5495 tam
3253 5440 3364 5493 cito
3392 5447 3449 5491 et
3480 5435 3638 5489 facile

2052 5546 2577 5617 deprehenduntur;
2622 5555 2748 5593 nam
2780 5554 2877 5608 per
2911 5532 3275 5591 deformitatis
3321 5528 3633 5584 similitudi-

2059 5654 2184 5692 nem
2213 5646 2269 5692 et
2295 5648 2659 5706 congcnerem
2696 5633 2924 5686 formam
2974 5629 3144 5682 latent
3176 5642 3189 5679 :
3222 5624 3293 5678 ita
3324 5636 3541 5691 quoque
3582 5628 3638 5673 et

1687 5773 1918 5829 VARIAE
1956 5773 2363 5829 LECTIONES.

450 5863 475 5892 ο
512 5848 846 5910 ἐπιϐουλαῖς.
923 5851 947 5887 ιι
995 5864 1084 5914 πρ.
1111 5846 1282 5907 ἄλλως
1307 5862 1385 5900 τε.
1420 5878 1423 5881 ι
