3964 6460
434 369 543 434 659

1608 358 1873 422 ΡΗΟΤΙΙ
1908 356 2415 419 ΡΑΤΒῙΑΒΟΗᾸΞ
2455 356 2565 419 CP.

3601 353 3705 418 650

433 487 489 541 in
520 481 848 540 Christianae
892 476 1170 549 religionis
1201 483 1257 531 et
1298 472 1429 530 ﬁdei
1478 472 1770 544 splendore
1799 487 1866 527 ac
1895 472 1999 542 pul-

2121 469 2375 542 αίσθησιν
2398 470 2584 524 δίδωσι
2621 467 2723 539 τῆς
2751 466 3179 539 ἐπιγιγνομένης
3210 467 3595 539 αἰσχρότητος.
3629 470 3701 522 υύ

433 576 746 634 cbritudine
772 572 971 629 accidit
1005 590 1019 626 :
1049 571 1096 627 si
1127 569 1251 641 quis
1280 568 1368 624 vel
1401 566 1670 622 tantillum
1700 565 1759 620 in
1789 565 1877 619 illa
1911 564 2016 618 im-

432 679 704 727 mutatum
746 664 1096 739 perverterit,
1155 676 1409 734 magnam
1457 665 1715 729 operatur
1754 654 2016 711 deformi-

432 774 622 826 tatem,
673 775 796 830 qua:
854 758 971 828 ipsa
1024 767 1081 812 et
1131 754 1313 809 statim
1363 748 1830 821 deprehenditur;
1886 762 2013 803 cum

415 865 749 910 ‘cmterarum
781 849 1025 922 gentium
1052 846 1322 912 doctrina,
1354 851 1544 913 utpote
1571 842 1842 897 dedecore
1873 837 2014 893 mul-

428 945 600 1017 tiplici
628 942 831 1000 referta
857 951 915 998 et
944 942 1303 1010 turpitudine,
1347 939 1558 994 nullum
1598 934 1761 1006 plane
1789 946 2011 989 sensum

430 1037 605 1107 ipsius
638 1034 966 1106 sequacibus
990 1033 1242 1088 admissae
1268 1025 1623 1101 turpitudinis
1647 1024 1733 1081 vel
1762 1022 2015 1079 notitiam

429 1135 706 1201 suggerat.
735 1125 894 1194 Quod
936 1126 1116 1197 ipsum
1155 1123 1346 1181 eodem
1378 1124 1540 1176 modo
1579 1117 2015 1182 animadvertere

429 1221 558 1279 licet
587 1222 643 1276 in
671 1221 887 1277 caeteris
908 1218 1184 1277 omnibus,
1218 1214 1381 1271 etiam
1401 1212 1615 1269 artibus
1637 1219 1695 1266 et
1726 1207 2009 1265 scientiis:

427 1330 556 1369 nam
587 1314 643 1368 in
690 1313 761 1368 iis
787 1327 911 1382 quas
953 1315 1208 1366 constant
1243 1302 1588 1361 exactissime
1660 1299 1741 1356 vel
1785 1298 2014 1354 minima

426 1404 704 1461 aberratio
762 1402 921 1459 facile
971 1398 1343 1463 discernitur;
1401 1410 1527 1450 cum
1580 1394 1637 1449 in
1692 1391 2012 1463 vulgaribus

425 1499 595 1555 multa
623 1497 982 1569 negligantur,
1009 1501 1063 1549 et
1090 1506 1192 1547 nec
1220 1491 1278 1545 in
1318 1502 1567 1543 errorum
1612 1500 1780 1542 censu
1846 1499 2013 1554 repu-

425 1600 632 1645 tentur.
663 1589 741 1644 lta
775 1603 834 1644 se
864 1601 953 1642 res
981 1598 1197 1655 quoque
1242 1581 1408 1638 habet
1453 1588 1509 1637 et
1538 1580 1593 1635 in
1644 1577 2007 1649 principibus,

2128 561 2287 631 μόνον
2314 561 2399 631 δὲ,
2424 560 2563 616 ἀλλὰ
2595 561 2692 615 καὶ
2711 560 2805 614 ἐπὶ
2832 560 2943 613 τῶν
2964 561 3141 615 ἄλλων
3162 559 3354 613 πασῶν
3380 561 3591 630 τεχνῶν
3612 560 3703 614 καὶ

2121 653 2446 725 ἐπιστημῶν
2472 653 2537 707 τὸ
2561 653 2695 708 αὐτὸ
2721 653 2959 708 κατιδεῖν
2980 652 3149 707 ἐστιν.
3188 651 3280 706 Ἐν
3312 650 3413 721 μὲν
3441 651 3551 722 γὰρ
3582 654 3703 714 ταῖς

2119 745 2545 817 ἀκριϐεστάταις
2574 747 2670 800 καὶ
2687 744 2749 800 τὸ
2770 743 3112 817 βραχύτατον
3142 742 3257 796 τῶν
3283 742 3702 814 ἁμαρτημάτων

2123 838 2297 908 ῥᾷστα
2318 839 2646 908 κατάφωρον
2665 837 2898 906 γίνεται’
2923 839 2982 892 ἐν
3002 836 3060 889 δὲ
3077 837 3198 900 ταῖς
3215 835 3508 906 τυχούσαις
3530 834 3700 888 πολλὰ

2122 933 2467 1005 παρορᾶται,
2501 930 2598 985 καὶ
2618 929 2727 983 οὐδ’
2753 931 2834 994 είς
2855 930 3164 1001 ἁμάρτημα
3180 927 3450 1001 κρίνεται.
3480 929 3545 982 El
3574 927 3701 998 βού-

2121 1023 2203 1079 λει
2226 1024 2312 1091 δὲ,
2348 1024 2444 1078 καὶ
2484 1025 2544 1077 ὲν
2586 1021 2687 1094 μὲν
2720 1024 2837 1087 τοῖς
2884 1023 3133 1094 ἄρχουσι,
3159 1023 3258 1076 καὶ
3283 1020 3392 1076 τῶν
3416 1020 3595 1075 ἄλλων
3631 1023 3698 1093 τῇ

2119 1116 2340 1188 ἐξουσίᾳ
2367 1116 2659 1188 προέχουσι
2677 1155 2694 1182 ,
2724 1115 2960 1184 μάλιστα
2986 1114 3046 1168 δὲ
3074 1109 3158 1177 οἷς
3178 1114 3322 1168 κατὰ
3357 1111 3620 1168 πλειόνων
3640 1113 3701 1166 τὸ

2120 1208 2345 1281 κράτος,
2371 1208 2469 1262 καὶ
2500 1207 2562 1261 τὸ
2589 1206 2785 1278 μικρὸν
2823 1206 2932 1261 τῶν
2962 1206 3321 1277 πταισμάτων
3346 1204 3427 1270 είς
3468 1206 3698 1276 μέγεθος

2119 1301 2356 1373 αἴρεται,
2378 1301 2473 1355 καλ⁹
2498 1301 2634 1355 πᾶσι
2658 1300 2870 1370 γίνεται
2896 1299 3225 1372 περιϐόητον
3242 1316 3257 1330 ·
3287 1301 3346 1353 ὲν
3371 1298 3428 1352 δὲ
3458 1301 3574 1364 τοῖς
3600 1301 3702 1371 ἁρ-

2119 1391 2371 1465 χομένοις
2397 1392 2492 1446 καὶ
2517 1392 2929 1465 ταπεινοτέροις
2960 1391 3129 1447 πολλὰ
3157 1391 3270 1447 τῶν
3294 1393 3699 1463 παραπλησίως

2116 1482 2605 1555 διαμαρτηθέντων
2644 1482 2756 1537 οὐδ’
2801 1483 2884 1537 ὅτι
2919 1482 3171 1555 ἐπράχθη
3216 1483 3695 1554 συνεγνῶσθησαν,

2113 1576 2232 1631 ἀλλ’
2263 1574 2616 1647 ὲναπεκρύὸη
2649 1576 2746 1630 καὶ
2774 1574 2936 1629 ἔλαθε
2955 1616 2971 1641 ,
3015 1578 3083 1648 τῇ
3133 1574 3460 1647 σμικρότητι
3489 1574 3584 1629 καὶ
3605 1576 3700 1629 εύ-

422 1695 481 1738 et
511 1684 565 1737 in
590 1680 868 1753 dignitatis
888 1677 1059 1750 gradu
1088 1690 1255 1746 super
1278 1673 1417 1729 alios
1451 1671 1783 1736 constitutis,
1831 1684 1999 1739 eoque

2112 1670 2298 1743 τελεία
2319 1667 2834 1723 ωναποσὸεσθέντα
2858 1665 2953 1721 τοῦ
2980 1667 3427 1737 ἁμαρτήσαντος.

420 1773 595 1844 magis
622 1786 732 1841 quo
757 1768 1005 1841 pluribus
1030 1762 1504 1837 imperitaverint:
1541 1759 1618 1815 illi
1656 1759 1800 1815 enim
1831 1759 1878 1814 si
1906 1758 1993 1814 vel
2032 1758 2226 1814 leviter
2259 1757 2674 1829 cespitaverint,
2703 1765 3085 1829 exaggeratur,
3111 1764 3168 1812 et
3232 1772 3490 1828 magnum
3547 1754 3702 1828 ﬂagi-

421 1866 560 1919 tium
620 1860 909 1917 admisisse
951 1858 1195 1915 omnium
1242 1855 1450 1928 judicio
1511 1854 1846 1910 denotamur
1886 1868 1901 1907 :
1963 1866 2087 1907 cum
2146 1862 2331 1907 tamen
2382 1850 2589 1907 subditi
2652 1858 2710 1907 et
2759 1850 3040 1906 inferioris
3082 1849 3311 1917 ordinis,
3344 1852 3388 1906 si
3419 1850 3702 1912 multoties

417 1956 618 2013 similia
648 1952 814 2025 plane
837 1951 1182 2017 admiserint,
1218 1948 1370 2005 nulla
1399 1947 1596 2003 notitia
1632 1953 1916 2009 notantur,
1945 1959 2128 2015 neque
2168 1945 2224 2000 id
2247 1944 2427 2014 egisse
2449 1943 2985 2009 animadvertuntur,
3015 1941 3112 1999 sed
3155 1942 3422 2014 quidquid
3440 1942 3701 2011 fecerint,

415 2066 526 2107 una
552 2065 676 2105 cum
700 2047 968 2120 parvitate
988 2055 1047 2101 et
1065 2052 1384 2115 contemptu
1408 2042 1771 2104 admittentis,
1794 2050 1850 2097 et
1872 2041 2052 2111 ipsum
2090 2039 2323 2097 celatum
2349 2049 2515 2111 atque
2541 2039 2876 2095 occultatum
2909 2039 3131 2110 penitus
3157 2040 3460 2097 evanescit.

484 2143 578 2199 25.
618 2140 679 2194 In
738 2147 1005 2210 quantum
1046 2135 1211 2208 igitur
1261 2133 1670 2207 magnitudine,
1731 2133 1999 2204 potentia,

2177 2128 2287 2199 κγ’.
2320 2129 2488 2184 Ὅσον
2531 2127 2626 2183 οὖν
2669 2129 2924 2201 μεγέθει,
2948 2130 3044 2183 καὶ
3082 2129 3310 2200 κράτει,
3340 2133 3436 2184 καὶ
3464 2131 3698 2199 κάλλει,

413 2232 845 2306 pulchritudine,
868 2229 1219 2287 accuratione
1239 2270 1255 2295 ,
1289 2227 1531 2299 puritate
1552 2267 1567 2290 ,
1606 2234 1663 2281 et
1691 2224 2004 2279 omnimoda

413 2324 519 2379 alia
551 2321 890 2394 perfectione
909 2320 1352 2375 Christianorum
1381 2317 1516 2373 ﬁdes
1542 2326 1599 2372 et
1626 2315 1815 2387 religio
1834 2331 2005 2387 paga-

410 2432 607 2473 norum
638 2420 864 2485 superat
896 2423 954 2467 et
982 2409 1321 2467 transcendit
1362 2409 1625 2480 pietatem
1649 2451 1665 2474 ,
1707 2408 1763 2462 in
1790 2417 2001 2463 tantum

409 2508 589 2564 malus
610 2507 702 2561 ille
731 2505 935 2561 bellum
964 2509 1156 2560 contra
1184 2502 1333 2556 illam
1380 2500 1641 2556 furiosius
1665 2499 2002 2556 concitatum

410 2597 583 2669 gerit;
616 2598 671 2650 in
694 2604 909 2651 tantum
940 2592 1105 2648 etiam
1153 2590 1476 2646 stolidorum
1516 2598 1572 2645 et
1619 2589 2000 2660 insipientium

413 2687 701 2743 hominum
738 2684 956 2749 delicta,
978 2682 1047 2738 ad
1083 2682 1139 2739 id
1166 2682 1313 2753 quod
1357 2691 1566 2737 rectum
1601 2689 1687 2736 est
1730 2681 2003 2752 apposita,

410 2780 837 2841 discernuntur;
863 2790 970 2831 nec
1012 2774 1131 2831 fieri
1176 2780 1360 2845 potest
1389 2783 1452 2828 ut
1476 2772 1562 2829 vel
1601 2773 1813 2828 tantillo
1861 2782 2004 2827 tem-

408 2871 564 2941 poris
584 2869 763 2940 spatio
791 2867 1136 2932 obvelentur,
1167 2875 1263 2922 aut
1291 2866 1514 2921 modum
1539 2851 1679 2921 clam
1708 2874 1767 2920 et
1786 2874 2001 2921 secreto

410 2959 753 3032 ingrediendi
784 2958 1108 3015 sortiantur.
1141 2957 1340 3011 Verum
1361 2998 1377 3022 ,
1421 2956 1569 3027 quod
1605 2956 1663 3010 in
1709 2955 2001 3012 antedictis

408 3049 653 3120 positum
700 3055 787 3105 est
833 3063 865 3102 a
901 3048 1092 3112 nobis,
1141 3046 1410 3102 catholica
1451 3055 1506 3100 et
1555 3045 1852 3116 apostolica
1902 3044 1998 3099 Dei

409 3141 658 3199 Ecclesia
684 3139 869 3195 omnia
897 3138 1097 3195 diaboli
1122 3138 1563 3194 machinamenta
1582 3138 1719 3193 nulli
1751 3138 1873 3194 usui
1898 3152 2001 3194 nec

412 3230 616 3286 actioni
642 3245 765 3286 esse
792 3238 850 3286 et
872 3229 1142 3286 inservire
1171 3228 1430 3294 declarat,
1463 3229 1597 3298 quin
1617 3237 1674 3284 et
1715 3228 1772 3283 in
1818 3231 1994 3300 ipsum

412 3322 845 3378 machinatorem
885 3320 1075 3389 eadem
1117 3321 1423 3386 convertit;
1475 3321 1550 3376 ita
1613 3319 1997 3377 haereticorum

412 3414 784 3486 blasphemias
825 3412 984 3470 facile
1028 3411 1268 3479 refutat,
1328 3413 1726 3484 impudentiam
1782 3413 1995 3484 pudore

411 3508 598 3575 allicit,
643 3517 835 3564 contra
884 3522 1078 3563 omnes
1127 3514 1185 3562 et
1219 3505 1406 3561 omnia
1456 3515 1781 3577 potestatem
1820 3507 1994 3561 'inex-
2023 3496 2066 3553 C

410 3599 774 3668 superabilem
804 3608 860 3655 et
883 3598 1139 3655 invictam
1177 3598 1410 3662 habens,
1449 3598 1744 3668 triumphis
1767 3598 1821 3652 in
1847 3598 1994 3653 salu-

413 3702 522 3747 tem
551 3692 739 3746 mundi
767 3691 966 3758 ductis,
998 3689 1391 3762 gloriosissime
1417 3689 1709 3745 exaltatur.

478 3783 569 3839 24.
594 3783 675 3839 Tu
708 3783 831 3840 ideo
860 3784 915 3855 (ο
936 3799 1046 3854 quo
1069 3792 1122 3839 te
1147 3781 1368 3838 nomine
1392 3782 1697 3853 designem,
1722 3789 1786 3836 ut
1813 3796 1996 3837 meum

409 3878 676 3947 explicem
700 3877 756 3932 i‘n
781 3885 836 3932 te
861 3877 1029 3931 animi
1053 3877 1309 3931 allectum
1334 3884 1391 3931 et
1407 3873 1786 3945 desiderium?)
1822 3873 2013 3931 divini.

411 3968 652 4040 Spiritus
679 3968 973 4041 splendore
1020 3979 1261 4024 mentem
1305 3967 1517 4023 habens
1555 3966 1895 4030 irradiatam,
1940 3975 1997 4021 et

408 4062 478 4117 ad
509 4062 688 4118 lucem
722 4062 973 4117 sublatus
997 4070 1161 4117 rectae
1186 4059 1427 4131 pietatis;
1467 4070 1525 4114 et
1548 4074 1686 4130 opus
1721 4057 1991 4129 ejusmodi

407 4164 669 4225 operatus
697 4169 807 4223 quo
828 4154 898 4208 ad
948 4152 1295 4209 Constantini
1337 4152 1485 4208 illius
1534 4152 1712 4223 Magni
1746 4154 1994 4208 actiones

406 4248 753 4315 subveharis,
798 4248 1015 4303 imitare
1058 4245 1238 4306 adhuc
1284 4246 1551 4317 primitias
1594 4246 1718 4300 illas
1766 4246 1989 4312 mentis,

405 4338 645 4404 consilii,
703 4339 989 4409 sapientiae
1044 4347 1153 4394 tua:
1197 4355 1212 4392 :
1258 4337 1501 4393 consiste
1546 4336 1781 4391 validius
1828 4351 1995 4406 super

406 4440 618 4501 petram
672 4430 820 4497 fidei,
854 4431 910 4486 in
936 4446 1042 4501 qua
1087 4430 1321 4501 pulchre
1367 4445 1464 4500 per
1517 4426 1810 4484 Dominum
1861 4427 1990 4483 fun-

402 4524 563 4581 datus
591 4522 742 4579 fuisti
777 4540 793 4577 :
825 4522 1273 4594 supersedifieato
1293 4506 1540 4577 actiones
1570 4520 1766 4586 bonas,
1799 4536 1992 4576 emen-

399 4616 543 4670 data:
594 4615 718 4672 vitae
757 4615 1104 4687 gravitatem,
1154 4630 1323 4685 super
1362 4614 1523 4670 ﬁdem
1582 4613 1987 4670 orthodoxam:

397 4708 511 4762 noli
540 4718 924 4778 superstruere
952 4708 1118 4779 ligna,
1156 4705 1368 4773 fenum,
1427 4705 1677 4776 stipulas,
1703 4705 1989 4760 materiem

396 4799 607 4867 peccati
660 4800 1104 4857 combustibilem
1164 4814 1229 4853 ac
1273 4797 1686 4869 conﬂagrationi
1745 4806 1979 4862 tantum,

395 4886 535 4943 nulli
555 4898 740 4943 autem
758 4889 882 4944 usui
905 4898 1194 4959 praeterea,
1211 4889 1599 4943 inservientem
1617 4904 1632 4954 ;
1658 4888 1751 4942 sed
1768 4903 1983 4953 aurum,

398 4988 688 5048 argentum
721 4980 981 5046 aedifices,
1014 4990 1071 5036 et
1100 4981 1370 5051 pretiosas
1400 4989 1548 5035 recte
1575 4979 1840 5037 factorum
1875 4996 1982 5036 res.

2108 2221 2205 2275 καὶ
2230 2220 2524 2293 ἀκριϐείᾳ,
2548 2222 2644 2277 καὶ
2687 2221 3044 2294 καθαρότητι,
3080 2220 3178 2275 καὶ
3223 2225 3291 2294 τῇ
3358 2222 3494 2295 ἄλλῃ
3546 2225 3705 2297 πάσῃ

2104 2311 2547 2383 τελειότητι,τῶν
2572 2312 2632 2366 ἐν
2655 2315 2765 2377 τοῖς
2785 2312 2967 2367 ἔθνεσι
2981 2313 3339 2384 δοξασμάτων
3362 2317 3395 2386 ἡ
3423 2315 3535 2369 τῶν
3560 2318 3704 2388 Χρισ

2105 2404 2339 2459 στιανῶν
2361 2404 2548 2468 πίστις
2568 2405 2664 2459 καὶ
2686 2404 2913 2477 λατρεία
2939 2407 3351 2478 ὑπερανέστηκε
3383 2408 3479 2462 καὶ
3499 2409 3704 2483 ἐξῄρη-

2101 2516 2214 2564 ται,
2238 2497 2493 2553 τοσοῦτον
2528 2500 2558 2552 ὂ
2589 2515 2652 2552 τε
2680 2499 2918 2570 πονηρὸς
2948 2499 3032 2563 εἰς
3075 2499 3168 2556 τὸν
3210 2500 3333 2554 κατ’
3365 2502 3538 2573 αὐτῆς
3594 2503 3699 2555 ἀν-

2102 2590 2406 2661 ερεθίζεται
2425 2590 2661 2661 πόλεμον
2684 2608 2699 2623 ο
2729 2592 2825 2645 καὶ
2848 2592 3104 2648 τοσοῦτον
3141 2594 3303 2647 πάλιν
3328 2595 3400 2648 τὰ
3427 2593 3486 2661 ἐξ
3519 2594 3699 2666 ἀφρό-

2102 2698 2211 2735 νων
2250 2680 2347 2735 καὶ
2392 2680 2743 2735 κακοϐούλων
2790 2681 3004 2751 ἀνδρῶν
3048 2683 3430 2754 ἁμαρτήματα
3466 2685 3533 2737 ὲκ
3591 2683 3695 2737 τοῦ

2103 2771 2292 2836 εὐθέος
2325 2771 2741 2843 καταφαίνεται,
2772 2773 2896 2844 μηδ’
2926 2773 3023 2826 ἔπί
3054 2773 3230 2844 βραχὺ
3258 2773 3447 2846 χώραν
3466 2776 3562 2829 τοῦ
3591 2775 3695 2829 λα-

2104 2864 2218 2917 θεῖν
2252 2864 2480 2935 ἔχοντα,
2530 2864 2666 2936 μηδέ
2698 2881 2823 2919 τινα
2858 2864 3217 2935 παρείσδυσιν
3262 2866 3690 2936 ὲφευρίσκοντα.

2114 2954 2268 3009 Ἀλλ’·
2302 2957 2455 3026 ὅμως
2502 2958 2538 3027 η
2567 2954 2665 3009 τοῦ
2714 2955 2854 3009 Θεοῦ
2908 2956 3172 3028 καθολικὴ
3222 2960 3317 3011 καὶ
3347 2957 3693 3031 ἀποστολική

2114 3049 2432 3121 Ἐκκλησία,
2465 3049 2542 3113 ὡς
2575 3051 2671 3106 καὶ
2699 3049 3008 3119 φθάσαντες
3038 3049 3251 3121 ἔφημεν
3272 3089 3288 3113 ,
3325 3051 3423 3106 καὶ
3450 3050 3548 3105 τοῦ
3585 3068 3694 3105 πο-

2098 3142 2268 3213 νηροῦ
2320 3142 2500 3196 πάντα
2531 3142 2600 3196 τὰ
2632 3144 3023 3214 μηχανήματα,
3073 3141 3255 3214 σαθρὰ
3290 3143 3387 3196 καὶ
3421 3142 3695 3215 ἄπρακτα

2098 3236 2450 3307 διελέγχουσα
2471 3279 2486 3302 ,
2534 3236 2737 3309 μᾶλλον
2763 3235 2822 3290 δὲ
2850 3237 2979 3291 κατ’
3008 3236 3173 3290 αὐτοῦ
3204 3235 3415 3290 ἐκείνου
3449 3237 3547 3290 τοῦ
3582 3255 3695 3309 μη-

2097 3326 2529 3401 χανουργοῦντος
2563 3328 3074 3399 ἐπαναστρέφουσα,
3116 3328 3211 3382 καὶ
3236 3327 3346 3381 τῶν
3373 3326 3695 3398 αἱρετιζύν-

2095 3441 2206 3477 των
2236 3420 2435 3494 ῥᾳδίως
2463 3419 2953 3493 ἀποσκευαζομὲνη
2969 3421 3032 3474 τὸ
3060 3420 3402 3491 βλάσφημον,
3424 3420 3519 3473 καὶ
3553 3436 3701 3474 κατ-

2098 3515 2431 3586 αισχύνουσα
2489 3515 2554 3568 τὸ
2597 3514 2978 3584 ἀναίσχυντον,
3025 3512 3171 3568 κατὰ
3214 3514 3434 3567 πάντων
3471 3512 3700 3585 ἄμαχον

2096 3609 2159 3663 τὸ
2187 3606 2391 3681 κράτος
2419 3606 2518 3660 καὶ
2546 3606 2817 3676 ἀήττητον
2855 3604 3212 3675 ἀναδέχεται,
3242 3605 3339 3658 καὶ
3367 3603 3557 3669 καλοῖς
3589 3604 3700 3660 καὶ

2103 3701 2472 3769 σωσικόσμοις
2496 3699 2789 3762 διαπαντὸς
2806 3698 3095 3770 θριάμϐοις
3120 3698 3618 3764 ὲγκαλλωπίζεται.

2167 3794 2269 3850 κδ’.
2319 3794 2394 3847 Σὺ
2448 3793 2628 3847 τοίνυν
2670 3790 2750 3863 (ὣ
2795 3793 2849 3845 τί
2901 3808 2963 3845 σε
2993 3790 3309 3861 προσειπὼν
3348 3791 3516 3855 ἀξίως
3545 3790 3702 3846 εῐπω

2095 3880 2191 3935 τοῦ
2225 3881 2391 3935 πόθου
2409 3884 2462 3951 ;)
2488 3883 2557 3952 τῇ
2587 3880 2755 3953 αίγλῃ
2790 3880 2886 3935 τοῦ
2932 3879 3078 3934 θείου
3109 3880 3429 3952 Πνεύματος
3455 3882 3558 3953 τὴν
3581 3882 3701 3952 ψυ-

2095 3970 2199 4044 χὴν
2235 3972 2566 4040 αύγασθεὶς,
2617 3973 2712 4026 καὶ
2744 3972 2883 4044 πρὸς
2930 3973 2993 4026 τὸ
3024 3974 3126 4043 τῆς
3167 3973 3455 4039 εὐσεϐείας.
3478 3975 3698 4044 φέγγος

2096 4063 2381 4135 ἀναχθεὶς,
2423 4066 2519 4119 καὶ
2566 4065 2728 4136 ἔργον
2771 4066 3180 4137 ἐργασάμενος,
3221 4066 3290 4120 δι’
3319 4061 3380 4120 οὗ
3412 4068 3554 4139 πρὸς
3585 4068 3697 4138 τὴν

2095 4157 2190 4211 τοῦ
2242 4158 2479 4228 μεγάλου
2517 4159 2927 4213 Κωνσταντίνου
2963 4160 3163 4231 πρᾶξιν
3190 4159 3501 4229 ἁνυψώθης,
3542 4164 3693 4213 κατὰ

2101 4249 2338 4322 μίμησιν
2368 4251 2493 4321 ἔχου
2521 4253 2621 4323 τῆς
2651 4253 2747 4305 ἀπ’
2786 4253 2966 4324 ἀρχῆς
2995 4270 3093 4306 σου
3120 4253 3347 4323 γνώμης
3369 4254 3462 4307 καὶ
3487 4252 3690 4323 βουλῆς

2095 4345 2191 4397 καί
2232 4346 2502 4408 συνέσεως
2521 4360 2537 4374 ο
2577 4344 2737 4416 στῆθι
2787 4345 3031 4418 στερρῶς
3055 4347 3113 4400 ὲν
3143 4348 3209 4417 τῇ
3241 4347 3422 4418 πέτρα
3456 4347 3560 4416 τῆς
3592 4348 3693 4400 πί-

2096 4453 2297 4504 στεως,
2329 4439 2389 4490 ἐν
2477 4437 2661 4502 καλῶς
2690 4439 2797 4491 ύπδ
2830 4439 3038 4508 Κυρίου
3071 4439 3504 4510 τεθεμελίωσαι’
3536 4442 3692 4494 ἑποι-

2095 4527 2312 4598 κοδόμει
2335 4532 2400 4601 τῇ
2435 4528 2568 4601 ὀρθῇ
2602 4546 2696 4583 σου
2719 4512 2905 4583 πίἓτει
2938 4529 3171 4601 πράξεις
3200 4530 3411 4599 ἀγαθὰς
3438 4530 3537 4585 καὶ
3562 4531 3681 4602 βίου

2093 4621 2424 4690 σεμνότητα,
2457 4621 2534 4692 μὴ
2565 4620 2699 4686 ξύλα
2728 4623 2822 4675 καὶ
2852 4621 3071 4693 χόρτον,
3107 4621 3242 4693 μηδὲ
3280 4622 3565 4693 καλάμην,
3594 4622 3682 4676 εὖ·

2092 4712 2324 4780 φλεκτον
2348 4713 2446 4782 τῆς
2472 4714 2752 4784 ἁμαρτίας
2777 4713 2933 4784 ὓλην,
2963 4716 3059 4767 καὶ
3092 4714 3231 4784 πρὸς
3260 4714 3461 4768 καῦσιν
3489 4713 3687 4785 μόνην,

2021 4848 2066 4903 D
2092 4804 2230 4876 πρὸς
2268 4804 2421 4858 οὐδὲν
2455 4804 2513 4857 δὲ
2563 4805 3009 4876 χρησιμεύουσαν
3046 4805 3262 4879 ἕτερον’
3309 4807 3447 4862 ἀλλὰ
3478 4808 3690 4880 χρυσὸν

2091 4895 2189 4950 καὶ
2224 4895 2488 4966 ἄργυρον,
2533 4896 2647 4949 τῶν
2689 4898 3133 4968 κατορθωμάτων
3165 4899 3234 4952 τὰ
3276 4900 3456 4969 τίμια.
3491 4901 3686 4954 Ταῦτα

2086 4987 2194 5057 γὰρ
2225 4987 2322 5039 καὶ
2347 4986 2479 5056 περὶ
2499 4997 2523 5024 θ
2555 4986 2881 5057 πειρασμῶν
2908 4989 3277 5060 δοξαζόμεναξ,
3308 4990 3685 5062 καθαρώτερα

398 5072 528 5126 Hac
552 5071 822 5141 siquidem
848 5089 950 5143 per
985 5075 1373 5130 tribulationes
1416 5073 1696 5144 explorata
1765 5073 1986 5139 puriora

2107 5082 2182 5133 ιαὶ
2211 5078 2514 5152 τιμιώτερα
2540 5079 2930 5134 διαδείκνυται.

397 5162 725 5226 redduntur,
765 5171 820 5217 et
846 5165 1169 5234 pretiosiora
1201 5173 1489 5236 apparent.

468 5255 559 5311 25.
603 5255 665 5310 In
721 5257 994 5312 mandatis
1050 5258 1306 5313 Christus
1356 5258 1664 5314 communis
1719 5258 1983 5313 Dominus

395 5358 586 5404 noster
609 5356 667 5403 et
695 5348 957 5418 magister
986 5349 1092 5405 hoc
1121 5351 1293 5415 dedit,
1321 5351 1536 5407 fructus
1564 5351 1825 5406 nimirum
1868 5352 1982 5406 vir-

397 5443 530 5498 tutis
554 5441 824 5513 proferre,
857 5457 962 5499 nec
994 5444 1153 5501 tidem
1185 5460 1281 5516 per
1313 5459 1478 5516 opera
1510 5445 1861 5517 pudefacere.
1900 5444 1982 5499 Ad

2162 5265 2261 5312 κε’.
2299 5255 2456 5310 υύτω
2486 5255 2724 5328 Χριστὸς
2748 5259 2776 5309 ὁ
2807 5255 2986 5320 κοινὸς
3016 5258 3296 5328 Δεσπότης
3321 5256 3691 5323 ἐγκελεύεται

2090 5354 2337 5423 καρποὺς
2363 5350 2716 5421 προϐάλλειν,
2743 5350 2839 5403 καὶ
2865 5351 2940 5422 μὴ
2964 5349 3350 5422 καταισχύνειν
3372 5351 3474 5422 τὴν
3497 5350 3693 5404 πίστιν

2086 5443 2178 5497 διὰ
2205 5442 2316 5496 τῶν
2360 5438 2635 5513 πράξεων.
2684 5440 2843 5496 Οὕτω
2871 5441 3083 5506 Παῦλος
3123 5443 3151 5496 ὁ
3195 5441 3368 5512 μέγας
3415 5443 3517 5513 τῆς
3557 5440 3690 5495 Ἐκ-

1701 5605 1933 5667 νΑιυΑῑ
1965 5607 2378 5674 LECTIONES,

480 5739 502 5765 θ
534 5737 621 5791 ἵσ.
653 5740 804 5808 παρά
