  <div class='ocr_page' id='page_1' title='image "/cluster/home/n/w/nwhite01/storage/ocr_20150623/102:no.2/coo.31924054870062/344.png"; bbox 0 0 3964 6442; ppageno 0'>
   <div class='ocr_carea' id='block_1_1' title="bbox 307 361 409 425">
    <p class='ocr_par' dir='ltr' id='par_1_1' title="bbox 307 361 409 425">
     <span class='ocr_line' id='line_1_1' title="bbox 307 361 409 425; baseline -0.029 0"><span class='ocrx_word' id='word_1_1' title='bbox 307 361 409 425; x_wconf 84' lang='grc'><strong>661</strong></span> 
     </span>
    </p>
   </div>
   <div class='ocr_carea' id='block_1_2' title="bbox 1450 355 2347 423">
    <p class='ocr_par' dir='ltr' id='par_1_2' title="bbox 1450 355 2347 423">
     <span class='ocr_line' id='line_1_2' title="bbox 1450 355 2347 423; baseline -0.006 -1"><span class='ocrx_word' id='word_1_2' title='bbox 1450 357 1984 423; x_wconf 87' lang='lat' dir='ltr'><strong>EPISTOLARUM</strong></span> <span class='ocrx_word' id='word_1_3' title='bbox 2027 355 2258 415; x_wconf 83' lang='lat' dir='ltr'><strong>LIBER</strong></span> <span class='ocrx_word' id='word_1_4' title='bbox 2296 357 2347 418; x_wconf 91' lang='grc' dir='ltr'>Ι.</span> 
     </span>
    </p>
   </div>
   <div class='ocr_carea' id='block_1_3' title="bbox 3471 349 3581 414">
    <p class='ocr_par' dir='ltr' id='par_1_3' title="bbox 3471 349 3581 414">
     <span class='ocr_line' id='line_1_3' title="bbox 3471 349 3581 414; baseline -0.018 0"><span class='ocrx_word' id='word_1_5' title='bbox 3471 349 3581 414; x_wconf 73' lang='grc'><strong>662</strong></span> 
     </span>
    </p>
   </div>
   <div class='ocr_carea' id='block_1_4' title="bbox 309 454 1902 550">
    <p class='ocr_par' dir='ltr' id='par_1_4' title="bbox 309 454 1902 550">
     <span class='ocr_line' id='line_1_4' title="bbox 309 454 1902 550; baseline -0.001 -18"><span class='ocrx_word' id='word_1_6' title='bbox 309 479 545 550; x_wconf 82' lang='grc' dir='ltr'>κλησίας</span> <span class='ocrx_word' id='word_1_7' title='bbox 577 477 934 550; x_wconf 86' lang='grc' dir='ltr'>συμϐουλεύει</span> <span class='ocrx_word' id='word_1_8' title='bbox 961 478 1305 542; x_wconf 78' lang='grc' dir='ltr'>διδάσκαλος.</span> <span class='ocrx_word' id='word_1_9' title='bbox 1339 479 1495 532; x_wconf 76' lang='grc' dir='ltr'>Οὕτω</span> <span class='ocrx_word' id='word_1_10' title='bbox 1520 454 1728 548; x_wconf 65' lang='grc' dir='ltr'>ίῙέτρος</span> <span class='ocrx_word' id='word_1_11' title='bbox 1761 478 1902 540; x_wconf 69' lang='grc' dir='ltr'>ὁξκο-</span> 
     </span>
    </p>
   </div>
   <div class='ocr_carea' id='block_1_5' title="bbox 2007 454 3583 550">
    <p class='ocr_par' dir='ltr' id='par_1_5' title="bbox 2007 468 3583 541">
     <span class='ocr_line' id='line_1_5' title="bbox 2007 468 3583 541; baseline -0.004 -13"><span class='ocrx_word' id='word_1_12' title='bbox 2007 473 2154 528; x_wconf 90' lang='lat' dir='ltr'><strong>hunc</strong></span> <span class='ocrx_word' id='word_1_13' title='bbox 2185 472 2406 527; x_wconf 87' lang='lat' dir='ltr'><strong>modum</strong></span> <span class='ocrx_word' id='word_1_14' title='bbox 2426 471 2628 526; x_wconf 84' lang='lat' dir='ltr'><strong>Paulus</strong></span> <span class='ocrx_word' id='word_1_15' title='bbox 2660 485 2892 541; x_wconf 80' lang='lat' dir='ltr'><strong>magnus</strong></span> <span class='ocrx_word' id='word_1_16' title='bbox 2915 469 3006 525; x_wconf 87' lang='lat' dir='ltr'><strong>ille</strong></span> <span class='ocrx_word' id='word_1_17' title='bbox 3037 469 3299 540; x_wconf 79' lang='lat' dir='ltr'><strong>magister</strong></span> <span class='ocrx_word' id='word_1_18' title='bbox 3321 468 3583 524; x_wconf 66' lang='lat' dir='ltr'><strong>Ecclesiae</strong></span> 
     </span>
    </p>
   </div>
   <div class='ocr_carea' id='block_1_6' title="bbox 312 570 1896 644">
    <p class='ocr_par' dir='ltr' id='par_1_6' title="bbox 312 570 1896 644">
     <span class='ocr_line' id='line_1_6' title="bbox 312 570 1896 644; baseline -0.001 -20"><span class='ocrx_word' id='word_1_19' title='bbox 312 573 543 643; x_wconf 76' lang='grc' dir='ltr'>ρυφαῖος</span> <span class='ocrx_word' id='word_1_20' title='bbox 593 571 702 626; x_wconf 91' lang='grc' dir='ltr'><strong>τῶν</strong></span> <span class='ocrx_word' id='word_1_21' title='bbox 732 573 1070 635; x_wconf 74' lang='grc' dir='ltr'>ἀποστόλων,</span> <span class='ocrx_word' id='word_1_22' title='bbox 1112 573 1210 626; x_wconf 71' lang='grc' dir='ltr'>καὶ</span> <span class='ocrx_word' id='word_1_23' title='bbox 1255 572 1365 623; x_wconf 83' lang='grc' dir='ltr'><strong>τῶν</strong></span> <span class='ocrx_word' id='word_1_24' title='bbox 1409 573 1678 644; x_wconf 81' lang='grc' dir='ltr'><strong>οὐρανίων</strong></span> <span class='ocrx_word' id='word_1_25' title='bbox 1711 570 1896 624; x_wconf 87' lang='grc' dir='ltr'>πυλῶν</span> 
     </span>
    </p>
   </div>
   <div class='ocr_carea' id='block_1_7' title="bbox 307 660 1898 736">
    <p class='ocr_par' dir='ltr' id='par_1_7' title="bbox 307 660 1898 736">
     <span class='ocr_line' id='line_1_7' title="bbox 307 660 1898 736; baseline -0.001 -18"><span class='ocrx_word' id='word_1_26' title='bbox 307 667 412 728; x_wconf 78' lang='grc' dir='ltr'>τὰς</span> <span class='ocrx_word' id='word_1_27' title='bbox 454 665 606 729; x_wconf 89' lang='grc' dir='ltr'>κλεῖς</span> <span class='ocrx_word' id='word_1_28' title='bbox 654 665 1162 736; x_wconf 83' lang='grc' dir='ltr'>ὲμπεπιστευμένος</span> <span class='ocrx_word' id='word_1_29' title='bbox 1214 663 1309 717; x_wconf 77' lang='grc' dir='ltr'>καὶ</span> <span class='ocrx_word' id='word_1_30' title='bbox 1345 665 1445 735; x_wconf 82' lang='grc' dir='ltr'>τὴν</span> <span class='ocrx_word' id='word_1_31' title='bbox 1488 662 1690 717; x_wconf 83' lang='grc' dir='ltr'>εῐσοδον</span> <span class='ocrx_word' id='word_1_32' title='bbox 1709 679 1724 694; x_wconf 88' lang='grc'><strong>·</strong></span> <span class='ocrx_word' id='word_1_33' title='bbox 1753 660 1898 716; x_wconf 74' lang='grc' dir='ltr'>οὕτω</span> 
     </span>
    </p>
   </div>
   <div class='ocr_carea' id='block_1_8' title="bbox 307 755 1898 828">
    <p class='ocr_par' dir='ltr' id='par_1_8' title="bbox 307 755 1898 828">
     <span class='ocr_line' id='line_1_8' title="bbox 307 755 1898 828; baseline -0.001 -20"><span class='ocrx_word' id='word_1_34' title='bbox 307 760 422 811; x_wconf 86' lang='grc' dir='ltr'><strong>τῶν</strong></span> <span class='ocrx_word' id='word_1_35' title='bbox 446 756 655 810; x_wconf 81' lang='grc' dir='ltr'>λοιπῶν</span> <span class='ocrx_word' id='word_1_36' title='bbox 689 756 1006 811; x_wconf 79' lang='grc' dir='ltr'><strong>ἀποστόλων</strong></span> <span class='ocrx_word' id='word_1_37' title='bbox 1031 759 1060 810; x_wconf 91' lang='grc' dir='ltr'><strong>ό</strong></span> <span class='ocrx_word' id='word_1_38' title='bbox 1089 757 1230 818; x_wconf 86' lang='grc' dir='ltr'>Θεῖος</span> <span class='ocrx_word' id='word_1_39' title='bbox 1255 756 1414 828; x_wconf 76' lang='grc' dir='ltr'>χορὸς</span> <span class='ocrx_word' id='word_1_40' title='bbox 1443 755 1543 826; x_wconf 82' lang='grc' dir='ltr'>τὴν</span> <span class='ocrx_word' id='word_1_41' title='bbox 1572 756 1898 825; x_wconf 74' lang='grc' dir='ltr'>οἰκουμένην</span> 
     </span>
    </p>
   </div>
   <div class='ocr_carea' id='block_1_9' title="bbox 308 843 1897 916">
    <p class='ocr_par' dir='ltr' id='par_1_9' title="bbox 308 843 1897 916">
     <span class='ocr_line' id='line_1_9' title="bbox 308 843 1897 916; baseline 0.001 -20"><span class='ocrx_word' id='word_1_42' title='bbox 308 843 708 915; x_wconf 75' lang='grc' dir='ltr'>ἐμαθήτευσεψ</span> <span class='ocrx_word' id='word_1_43' title='bbox 743 845 916 908; x_wconf 76' lang='grc' dir='ltr'>οὕτως</span> <span class='ocrx_word' id='word_1_44' title='bbox 941 845 1100 916; x_wconf 80' lang='grc' dir='ltr'>ἡμῶν</span> <span class='ocrx_word' id='word_1_45' title='bbox 1127 847 1176 898; x_wconf 79' lang='grc' dir='ltr'>οἱ</span> <span class='ocrx_word' id='word_1_46' title='bbox 1200 845 1443 916; x_wconf 87' lang='grc' dir='ltr'>Πατέρες</span> <span class='ocrx_word' id='word_1_47' title='bbox 1469 845 1897 916; x_wconf 82' lang='grc' dir='ltr'><strong>παρειλήφασιν,</strong></span> 
     </span>
    </p>
   </div>
   <div class='ocr_carea' id='block_1_10' title="bbox 311 933 1898 1008">
    <p class='ocr_par' dir='ltr' id='par_1_10' title="bbox 311 933 1898 1008">
     <span class='ocr_line' id='line_1_10' title="bbox 311 933 1898 1008; baseline 0.002 -21"><span class='ocrx_word' id='word_1_48' title='bbox 311 933 490 998; x_wconf 79' lang='grc' dir='ltr'>οὕτως</span> <span class='ocrx_word' id='word_1_49' title='bbox 513 938 668 1006; x_wconf 80' lang='grc' dir='ltr'>ἡμῖν,</span> <span class='ocrx_word' id='word_1_50' title='bbox 696 938 810 999; x_wconf 83' lang='grc' dir='ltr'>τοῖς</span> <span class='ocrx_word' id='word_1_51' title='bbox 834 939 951 1007; x_wconf 87' lang='grc' dir='ltr'>μετ’</span> <span class='ocrx_word' id='word_1_52' title='bbox 975 936 1238 1002; x_wconf 82' lang='grc' dir='ltr'>ἐκείνους,</span> <span class='ocrx_word' id='word_1_53' title='bbox 1261 936 1732 1008; x_wconf 82' lang='grc' dir='ltr'>παραδεδώκασιν·</span> <span class='ocrx_word' id='word_1_54' title='bbox 1755 937 1898 991; x_wconf 77' lang='grc' dir='ltr'>οὕτω</span> 
     </span>
    </p>
   </div>
   <div class='ocr_carea' id='block_1_11' title="bbox 309 1024 1900 1096">
    <p class='ocr_par' dir='ltr' id='par_1_11' title="bbox 309 1024 1900 1096">
     <span class='ocr_line' id='line_1_11' title="bbox 309 1024 1900 1096; baseline 0 -20"><span class='ocrx_word' id='word_1_55' title='bbox 309 1024 410 1078; x_wconf 76' lang='grc' dir='ltr'>καὶ</span> <span class='ocrx_word' id='word_1_56' title='bbox 437 1027 598 1094; x_wconf 80' lang='grc' dir='ltr'><strong>ἡμεῖς</strong></span> <span class='ocrx_word' id='word_1_57' title='bbox 632 1042 712 1078; x_wconf 87' lang='grc' dir='ltr'><strong>σοι</strong></span> <span class='ocrx_word' id='word_1_58' title='bbox 748 1025 1124 1095; x_wconf 80' lang='grc' dir='ltr'>παραινοῦμεν</span> <span class='ocrx_word' id='word_1_59' title='bbox 1148 1025 1246 1078; x_wconf 79' lang='grc' dir='ltr'>καὶ</span> <span class='ocrx_word' id='word_1_60' title='bbox 1276 1024 1739 1096; x_wconf 87' lang='grc' dir='ltr'>συμϐουλεύομεν,</span> <span class='ocrx_word' id='word_1_61' title='bbox 1765 1026 1900 1094; x_wconf 86' lang='grc' dir='ltr'>ἀρε-</span> 
     </span>
    </p>
   </div>
   <div class='ocr_carea' id='block_1_12' title="bbox 309 1115 1900 1190">
    <p class='ocr_par' dir='ltr' id='par_1_12' title="bbox 309 1115 1900 1190">
     <span class='ocr_line' id='line_1_12' title="bbox 309 1115 1900 1190; baseline 0 -20"><span class='ocrx_word' id='word_1_62' title='bbox 309 1118 437 1182; x_wconf 87' lang='grc' dir='ltr'>ταῖς</span> <span class='ocrx_word' id='word_1_63' title='bbox 469 1119 696 1187; x_wconf 84' lang='grc' dir='ltr'>κοσμεῖν</span> <span class='ocrx_word' id='word_1_64' title='bbox 744 1115 844 1188; x_wconf 80' lang='grc' dir='ltr'>τὴν</span> <span class='ocrx_word' id='word_1_65' title='bbox 873 1117 1079 1184; x_wconf 87' lang='grc' dir='ltr'>πίστιν,</span> <span class='ocrx_word' id='word_1_66' title='bbox 1117 1118 1214 1172; x_wconf 80' lang='grc' dir='ltr'>καὶ</span> <span class='ocrx_word' id='word_1_67' title='bbox 1252 1121 1320 1189; x_wconf 81' lang='grc' dir='ltr'>τῇ</span> <span class='ocrx_word' id='word_1_68' title='bbox 1353 1118 1535 1171; x_wconf 88' lang='grc' dir='ltr'>πίστει</span> <span class='ocrx_word' id='word_1_69' title='bbox 1565 1119 1664 1180; x_wconf 87' lang='grc' dir='ltr'>τὰς</span> <span class='ocrx_word' id='word_1_70' title='bbox 1698 1118 1900 1190; x_wconf 83' lang='grc' dir='ltr'>ἀρετὰς</span> 
     </span>
    </p>
   </div>
   <div class='ocr_carea' id='block_1_13' title="bbox 309 1209 1900 1283">
    <p class='ocr_par' dir='ltr' id='par_1_13' title="bbox 309 1209 1900 1283">
     <span class='ocr_line' id='line_1_13' title="bbox 309 1209 1900 1283; baseline 0 -18"><span class='ocrx_word' id='word_1_71' title='bbox 309 1210 710 1283; x_wconf 82' lang='grc' dir='ltr'>λαμπροτέρας</span> <span class='ocrx_word' id='word_1_72' title='bbox 740 1209 1175 1280; x_wconf 81' lang='grc' dir='ltr'>ἀπεργάζεσθαι.</span> <span class='ocrx_word' id='word_1_73' title='bbox 1222 1211 1560 1282; x_wconf 87' lang='grc' dir='ltr'>Ἐϐουλόμην</span> <span class='ocrx_word' id='word_1_74' title='bbox 1588 1212 1748 1276; x_wconf 82' lang='grc' dir='ltr'>αὐτὸς</span> <span class='ocrx_word' id='word_1_75' title='bbox 1787 1211 1900 1281; x_wconf 85' lang='grc' dir='ltr'><strong>ἐγώ</strong></span> 
     </span>
    </p>
   </div>
   <div class='ocr_carea' id='block_1_14' title="bbox 313 1303 1901 1374">
    <p class='ocr_par' dir='ltr' id='par_1_14' title="bbox 313 1303 1901 1374">
     <span class='ocr_line' id='line_1_14' title="bbox 313 1303 1901 1374; baseline 0.001 -17"><span class='ocrx_word' id='word_1_76' title='bbox 313 1321 399 1358; x_wconf 88' lang='grc' dir='ltr'><strong>σοι</strong></span> <span class='ocrx_word' id='word_1_77' title='bbox 432 1306 711 1374; x_wconf 83' lang='grc' dir='ltr'>παρεῖναι,</span> <span class='ocrx_word' id='word_1_78' title='bbox 751 1303 846 1357; x_wconf 72' lang='grc' dir='ltr'>καὶ</span> <span class='ocrx_word' id='word_1_79' title='bbox 887 1306 1009 1366; x_wconf 88' lang='grc' dir='ltr'>ταῖς</span> <span class='ocrx_word' id='word_1_80' title='bbox 1038 1303 1303 1374; x_wconf 84' lang='grc' dir='ltr'>πράξεσιν</span> <span class='ocrx_word' id='word_1_81' title='bbox 1332 1303 1648 1374; x_wconf 79' lang='grc' dir='ltr'>ἐφιστάναι,</span> <span class='ocrx_word' id='word_1_82' title='bbox 1678 1304 1764 1357; x_wconf 86' lang='grc' dir='ltr'><strong>ῖνα</strong></span> <span class='ocrx_word' id='word_1_83' title='bbox 1789 1304 1901 1358; x_wconf 85' lang='grc' dir='ltr'><strong>τῶν</strong></span> 
     </span>
    </p>
   </div>
   <div class='ocr_carea' id='block_1_15' title="bbox 315 1395 1902 1470">
    <p class='ocr_par' dir='ltr' id='par_1_15' title="bbox 315 1395 1902 1470">
     <span class='ocr_line' id='line_1_15' title="bbox 315 1395 1902 1470; baseline 0.002 -22"><span class='ocrx_word' id='word_1_84' title='bbox 315 1397 421 1466; x_wconf 83' lang='grc' dir='ltr'>μὲν</span> <span class='ocrx_word' id='word_1_85' title='bbox 473 1395 658 1450; x_wconf 89' lang='grc' dir='ltr'>καλῶν</span> <span class='ocrx_word' id='word_1_86' title='bbox 705 1395 883 1466; x_wconf 77' lang='grc' dir='ltr'>ἔργων</span> <span class='ocrx_word' id='word_1_87' title='bbox 947 1396 1392 1466; x_wconf 85' lang='grc' dir='ltr'>αύτεπάγγελτον</span> <span class='ocrx_word' id='word_1_88' title='bbox 1437 1397 1528 1451; x_wconf 84' lang='grc' dir='ltr'>διὰ</span> <span class='ocrx_word' id='word_1_89' title='bbox 1574 1396 1676 1468; x_wconf 84' lang='grc' dir='ltr'>τῆς</span> <span class='ocrx_word' id='word_1_90' title='bbox 1724 1397 1902 1470; x_wconf 73' lang='grc' dir='ltr'>ὅψεως</span> 
     </span>
    </p>
   </div>
   <div class='ocr_carea' id='block_1_16' title="bbox 311 1485 1902 1560">
    <p class='ocr_par' dir='ltr' id='par_1_16' title="bbox 311 1485 1902 1560">
     <span class='ocr_line' id='line_1_16' title="bbox 311 1485 1902 1560; baseline 0.002 -20"><span class='ocrx_word' id='word_1_91' title='bbox 311 1487 613 1558; x_wconf 80' lang='grc' dir='ltr'>λαμϐάνων</span> <span class='ocrx_word' id='word_1_92' title='bbox 641 1485 740 1558; x_wconf 80' lang='grc' dir='ltr'><strong>τὴν</strong></span> <span class='ocrx_word' id='word_1_93' title='bbox 779 1485 1003 1555; x_wconf 84' lang='grc' dir='ltr'>γνῶσιν,</span> <span class='ocrx_word' id='word_1_94' title='bbox 1055 1487 1136 1540; x_wconf 85' lang='grc' dir='ltr'><strong>έτι</strong></span> <span class='ocrx_word' id='word_1_95' title='bbox 1183 1487 1384 1556; x_wconf 83' lang='grc' dir='ltr'>μᾶλλον</span> <span class='ocrx_word' id='word_1_96' title='bbox 1430 1490 1490 1542; x_wconf 90' lang='grc' dir='ltr'><strong>ἐν</strong></span> <span class='ocrx_word' id='word_1_97' title='bbox 1523 1488 1757 1560; x_wconf 73' lang='grc' dir='ltr'>εὐθυμία</span> <span class='ocrx_word' id='word_1_98' title='bbox 1805 1489 1902 1544; x_wconf 75' lang='grc' dir='ltr'>καὶ</span> 
     </span>
    </p>
   </div>
   <div class='ocr_carea' id='block_1_17' title="bbox 309 1578 1901 1652">
    <p class='ocr_par' dir='ltr' id='par_1_17' title="bbox 309 1578 1901 1652">
     <span class='ocr_line' id='line_1_17' title="bbox 309 1578 1901 1652; baseline 0.004 -21"><span class='ocrx_word' id='word_1_99' title='bbox 309 1581 466 1650; x_wconf 82' lang='grc' dir='ltr'>χαρᾷ</span> <span class='ocrx_word' id='word_1_100' title='bbox 495 1578 838 1648; x_wconf 83' lang='grc' dir='ltr'>διακείμενος</span> <span class='ocrx_word' id='word_1_101' title='bbox 865 1579 1016 1648; x_wconf 71' lang='grc' dir='ltr'>εἷηψ</span> <span class='ocrx_word' id='word_1_102' title='bbox 1049 1581 1098 1633; x_wconf 82' lang='grc' dir='ltr'>εἰ</span> <span class='ocrx_word' id='word_1_103' title='bbox 1124 1579 1182 1632; x_wconf 90' lang='grc' dir='ltr'><strong>δέ</strong></span> <span class='ocrx_word' id='word_1_104' title='bbox 1212 1597 1266 1632; x_wconf 90' lang='grc' dir='ltr'><strong>τι</strong></span> <span class='ocrx_word' id='word_1_105' title='bbox 1299 1579 1398 1634; x_wconf 69' lang='grc' dir='ltr'>καὶ</span> <span class='ocrx_word' id='word_1_106' title='bbox 1425 1581 1742 1652; x_wconf 86' lang='grc' dir='ltr'>παράλογον</span> <span class='ocrx_word' id='word_1_107' title='bbox 1772 1599 1901 1638; x_wconf 90' lang='grc' dir='ltr'>συν-</span> 
     </span>
    </p>
   </div>
   <div class='ocr_carea' id='block_1_18' title="bbox 313 1670 1902 1747">
    <p class='ocr_par' dir='ltr' id='par_1_18' title="bbox 313 1670 1902 1747">
     <span class='ocr_line' id='line_1_18' title="bbox 313 1670 1902 1747; baseline 0.004 -24"><span class='ocrx_word' id='word_1_108' title='bbox 313 1672 442 1742; x_wconf 83' lang='grc' dir='ltr'>έϐη,</span> <span class='ocrx_word' id='word_1_109' title='bbox 476 1671 758 1742; x_wconf 85' lang='grc' dir='ltr'>μεθέλκειν</span> <span class='ocrx_word' id='word_1_110' title='bbox 804 1670 996 1742; x_wconf 78' lang='grc' dir='ltr'>ἔχοιμι</span> <span class='ocrx_word' id='word_1_111' title='bbox 1019 1672 1217 1744; x_wconf 77' lang='grc' dir='ltr'>ῥᾳδίως</span> <span class='ocrx_word' id='word_1_112' title='bbox 1250 1673 1346 1727; x_wconf 77' lang='grc' dir='ltr'>καὶ</span> <span class='ocrx_word' id='word_1_113' title='bbox 1392 1673 1785 1747; x_wconf 78' lang='grc' dir='ltr'>μεθαρμόζειν,</span> <span class='ocrx_word' id='word_1_114' title='bbox 1837 1677 1902 1730; x_wconf 87' lang='grc' dir='ltr'><strong>ἐκ</strong></span> 
     </span>
    </p>
   </div>
   <div class='ocr_carea' id='block_1_19' title="bbox 309 1763 1898 1840">
    <p class='ocr_par' dir='ltr' id='par_1_19' title="bbox 309 1763 1898 1840">
     <span class='ocr_line' id='line_1_19' title="bbox 309 1763 1898 1840; baseline 0.004 -24"><span class='ocrx_word' id='word_1_115' title='bbox 309 1763 410 1816; x_wconf 79' lang='grc' dir='ltr'>τοῦ</span> <span class='ocrx_word' id='word_1_116' title='bbox 444 1765 821 1834; x_wconf 77' lang='grc' dir='ltr'>παραχρῆμα,</span> <span class='ocrx_word' id='word_1_117' title='bbox 863 1764 1002 1834; x_wconf 85' lang='grc' dir='ltr'>πρὸς</span> <span class='ocrx_word' id='word_1_118' title='bbox 1042 1764 1349 1834; x_wconf 81' lang='grc' dir='ltr'>διόρθωσιν.</span> <span class='ocrx_word' id='word_1_119' title='bbox 1413 1765 1570 1820; x_wconf 83' lang='grc' dir='ltr'>Ἐπεὶ</span> <span class='ocrx_word' id='word_1_120' title='bbox 1602 1768 1661 1822; x_wconf 83' lang='grc' dir='ltr'>δὲ</span> <span class='ocrx_word' id='word_1_121' title='bbox 1695 1771 1728 1839; x_wconf 84' lang='grc' dir='ltr'>ἡ</span> <span class='ocrx_word' id='word_1_122' title='bbox 1771 1768 1898 1840; x_wconf 88' lang='grc' dir='ltr'>βού-</span> 
     </span>
    </p>
   </div>
   <div class='ocr_carea' id='block_1_20' title="bbox 307 1841 1974 1934">
    <p class='ocr_par' dir='ltr' id='par_1_20' title="bbox 307 1841 1974 1934">
     <span class='ocr_line' id='line_1_20' title="bbox 307 1841 1974 1934; baseline 0.005 -26"><span class='ocrx_word' id='word_1_123' title='bbox 307 1858 472 1925; x_wconf 87' lang='grc' dir='ltr'>λησις</span> <span class='ocrx_word' id='word_1_124' title='bbox 514 1857 614 1928; x_wconf 83' lang='grc' dir='ltr'>τῆς</span> <span class='ocrx_word' id='word_1_125' title='bbox 643 1857 924 1928; x_wconf 88' lang='grc' dir='ltr'>δυνάμεως</span> <span class='ocrx_word' id='word_1_126' title='bbox 959 1856 1207 1928; x_wconf 81' lang='grc' dir='ltr'>χηρεύει,</span> <span class='ocrx_word' id='word_1_127' title='bbox 1255 1860 1350 1912; x_wconf 77' lang='grc' dir='ltr'>καὶ</span> <span class='ocrx_word' id='word_1_128' title='bbox 1380 1860 1552 1914; x_wconf 89' lang='grc' dir='ltr'>πολλά</span> <span class='ocrx_word' id='word_1_129' title='bbox 1591 1860 1693 1933; x_wconf 87' lang='grc' dir='ltr'>τὴν</span> <span class='ocrx_word' id='word_1_130' title='bbox 1727 1863 1901 1934; x_wconf 80' lang='grc' dir='ltr'>ὁρμὴν</span> <span class='ocrx_word' id='word_1_131' title='bbox 1931 1841 1974 1896; x_wconf 69' lang='grc' dir='ltr'><strong>Β</strong></span> 
     </span>
    </p>
   </div>
   <div class='ocr_carea' id='block_1_21' title="bbox 307 1949 1899 2022">
    <p class='ocr_par' dir='ltr' id='par_1_21' title="bbox 307 1949 1899 2022">
     <span class='ocr_line' id='line_1_21' title="bbox 307 1949 1899 2022; baseline 0.004 -20"><span class='ocrx_word' id='word_1_132' title='bbox 307 1949 693 2004; x_wconf 79' lang='grc' dir='ltr'>ἀνακύπτοντα</span> <span class='ocrx_word' id='word_1_133' title='bbox 739 1949 972 2014; x_wconf 86' lang='grc' dir='ltr'>κωλύει,</span> <span class='ocrx_word' id='word_1_134' title='bbox 1022 1951 1050 2003; x_wconf 85' lang='grc' dir='ltr'><strong>ὃ</strong></span> <span class='ocrx_word' id='word_1_135' title='bbox 1113 1967 1205 2020; x_wconf 89' lang='grc' dir='ltr'><strong>μοι</strong></span> <span class='ocrx_word' id='word_1_136' title='bbox 1257 1951 1444 2004; x_wconf 90' lang='grc' dir='ltr'>λοιπόν</span> <span class='ocrx_word' id='word_1_137' title='bbox 1481 1954 1599 2006; x_wconf 82' lang='grc' dir='ltr'>ἐστι</span> <span class='ocrx_word' id='word_1_138' title='bbox 1651 1955 1899 2022; x_wconf 85' lang='grc' dir='ltr'>δυνατὸν,</span> 
     </span>
    </p>
   </div>
   <div class='ocr_carea' id='block_1_22' title="bbox 306 2040 1902 2118">
    <p class='ocr_par' dir='ltr' id='par_1_22' title="bbox 306 2040 1902 2118">
     <span class='ocr_line' id='line_1_22' title="bbox 306 2040 1902 2118; baseline 0.006 -25"><span class='ocrx_word' id='word_1_139' title='bbox 306 2044 500 2112; x_wconf 79' lang='grc' dir='ltr'>γραφῇ</span> <span class='ocrx_word' id='word_1_140' title='bbox 532 2040 781 2094; x_wconf 86' lang='grc' dir='ltr'>τυπῶσαι</span> <span class='ocrx_word' id='word_1_141' title='bbox 825 2041 924 2106; x_wconf 83' lang='grc' dir='ltr'><strong>τὰς</strong></span> <span class='ocrx_word' id='word_1_142' title='bbox 954 2041 1342 2112; x_wconf 83' lang='grc' dir='ltr'>παραινέσεις,</span> <span class='ocrx_word' id='word_1_143' title='bbox 1383 2043 1460 2108; x_wconf 86' lang='grc' dir='ltr'>ὡς</span> <span class='ocrx_word' id='word_1_144' title='bbox 1495 2045 1592 2099; x_wconf 77' lang='grc' dir='ltr'><strong>καὶ</strong></span> <span class='ocrx_word' id='word_1_145' title='bbox 1619 2048 1902 2118; x_wconf 75' lang='grc' dir='ltr'>καταρχὰς</span> 
     </span>
    </p>
   </div>
   <div class='ocr_carea' id='block_1_23' title="bbox 305 2134 1183 2207">
    <p class='ocr_par' dir='ltr' id='par_1_23' title="bbox 305 2134 1183 2207">
     <span class='ocr_line' id='line_1_23' title="bbox 305 2134 1183 2207; baseline 0.001 -19"><span class='ocrx_word' id='word_1_146' title='bbox 305 2134 656 2206; x_wconf 81' lang='grc' dir='ltr'>ὑπεσχόμην,</span> <span class='ocrx_word' id='word_1_147' title='bbox 687 2135 792 2206; x_wconf 70' lang='grc' dir='ltr'>ἤδη</span> <span class='ocrx_word' id='word_1_148' title='bbox 825 2134 1183 2207; x_wconf 83' lang='grc' dir='ltr'>πειράσομαι.</span> 
     </span>
    </p>
   </div>
   <div class='ocr_carea' id='block_1_24' title="bbox 381 2485 1898 2568">
    <p class='ocr_par' dir='ltr' id='par_1_24' title="bbox 381 2485 1898 2568">
     <span class='ocr_line' id='line_1_24' title="bbox 381 2485 1898 2568; baseline 0.005 -26"><span class='ocrx_word' id='word_1_149' title='bbox 381 2489 492 2555; x_wconf 76' lang='grc' dir='ltr'>κζ’.</span> <span class='ocrx_word' id='word_1_150' title='bbox 529 2490 654 2543; x_wconf 72' lang='grc' dir='ltr'><strong>Ὀτι</strong></span> <span class='ocrx_word' id='word_1_151' title='bbox 686 2491 784 2561; x_wconf 81' lang='grc' dir='ltr'>μὲν</span> <span class='ocrx_word' id='word_1_152' title='bbox 806 2485 900 2545; x_wconf 77' lang='grc' dir='ltr'><strong>οὖν</strong></span> <span class='ocrx_word' id='word_1_153' title='bbox 929 2491 1037 2563; x_wconf 82' lang='grc' dir='ltr'>χρὴ</span> <span class='ocrx_word' id='word_1_154' title='bbox 1065 2491 1127 2545; x_wconf 87' lang='grc' dir='ltr'>τὸ</span> <span class='ocrx_word' id='word_1_155' title='bbox 1155 2492 1310 2546; x_wconf 85' lang='grc' dir='ltr'>Θεῖον</span> <span class='ocrx_word' id='word_1_156' title='bbox 1341 2495 1650 2565; x_wconf 83' lang='grc' dir='ltr'>εἰλικρινῶς</span> <span class='ocrx_word' id='word_1_157' title='bbox 1677 2495 1898 2568; x_wconf 81' lang='grc' dir='ltr'>ἀγαπᾷν</span> 
     </span>
    </p>
   </div>
   <div class='ocr_carea' id='block_1_25' title="bbox 303 2582 1903 2659">
    <p class='ocr_par' dir='ltr' id='par_1_25' title="bbox 303 2582 1903 2659">
     <span class='ocr_line' id='line_1_25' title="bbox 303 2582 1903 2659; baseline 0.004 -24"><span class='ocrx_word' id='word_1_158' title='bbox 303 2583 411 2635; x_wconf 76' lang='grc' dir='ltr'>καὶ</span> <span class='ocrx_word' id='word_1_159' title='bbox 439 2582 786 2654; x_wconf 83' lang='grc' dir='ltr'>Θεραπεύειν,</span> <span class='ocrx_word' id='word_1_160' title='bbox 815 2585 911 2638; x_wconf 79' lang='grc' dir='ltr'>καὶ</span> <span class='ocrx_word' id='word_1_161' title='bbox 938 2585 1000 2638; x_wconf 83' lang='grc' dir='ltr'>τὸ</span> <span class='ocrx_word' id='word_1_162' title='bbox 1023 2585 1296 2656; x_wconf 81' lang='grc' dir='ltr'>ὁμόφυλον</span> <span class='ocrx_word' id='word_1_163' title='bbox 1323 2588 1399 2650; x_wconf 83' lang='grc' dir='ltr'>ὡς</span> <span class='ocrx_word' id='word_1_164' title='bbox 1427 2587 1620 2641; x_wconf 80' lang='grc' dir='ltr'>ἑαυτὸν</span> <span class='ocrx_word' id='word_1_165' title='bbox 1651 2587 1903 2659; x_wconf 78' lang='grc' dir='ltr'>στέργειν</span> 
     </span>
    </p>
   </div>
   <div class='ocr_carea' id='block_1_26' title="bbox 303 2671 1906 2752">
    <p class='ocr_par' dir='ltr' id='par_1_26' title="bbox 303 2671 1906 2752">
     <span class='ocr_line' id='line_1_26' title="bbox 303 2671 1906 2752; baseline 0.004 -26"><span class='ocrx_word' id='word_1_166' title='bbox 303 2675 411 2727; x_wconf 81' lang='grc' dir='ltr'>καὶ</span> <span class='ocrx_word' id='word_1_167' title='bbox 435 2675 634 2744; x_wconf 78' lang='grc' dir='ltr'>φιλεῖν,</span> <span class='ocrx_word' id='word_1_168' title='bbox 665 2674 908 2745; x_wconf 78' lang='grc' dir='ltr'>ἔμφυτός</span> <span class='ocrx_word' id='word_1_169' title='bbox 949 2693 1069 2741; x_wconf 90' lang='grc' dir='ltr'><strong>πως</strong></span> <span class='ocrx_word' id='word_1_170' title='bbox 1107 2679 1220 2742; x_wconf 87' lang='grc' dir='ltr'>τοῖς</span> <span class='ocrx_word' id='word_1_171' title='bbox 1263 2677 1578 2749; x_wconf 85' lang='grc' dir='ltr'>ἀνθρώποις</span> <span class='ocrx_word' id='word_1_172' title='bbox 1617 2682 1652 2752; x_wconf 78' lang='grc' dir='ltr'><strong>ἡ</strong></span> <span class='ocrx_word' id='word_1_173' title='bbox 1702 2671 1906 2748; x_wconf 78' lang='grc' dir='ltr'>γνῶσίς</span> 
     </span>
    </p>
   </div>
   <div class='ocr_carea' id='block_1_27' title="bbox 305 2767 1904 2844">
    <p class='ocr_par' dir='ltr' id='par_1_27' title="bbox 305 2767 1904 2844">
     <span class='ocr_line' id='line_1_27' title="bbox 305 2767 1904 2844; baseline 0.004 -24"><span class='ocrx_word' id='word_1_174' title='bbox 305 2767 658 2838; x_wconf 80' lang='grc' dir='ltr'>καθέστηκεν</span> <span class='ocrx_word' id='word_1_175' title='bbox 677 2785 691 2798; x_wconf 88' lang='grc'>·</span> <span class='ocrx_word' id='word_1_176' title='bbox 715 2770 748 2838; x_wconf 81' lang='grc' dir='ltr'>ἡ</span> <span class='ocrx_word' id='word_1_177' title='bbox 778 2768 1032 2840; x_wconf 88' lang='grc' dir='ltr'>βούλησις</span> <span class='ocrx_word' id='word_1_178' title='bbox 1061 2769 1119 2823; x_wconf 86' lang='grc' dir='ltr'><strong>δέ</strong></span> <span class='ocrx_word' id='word_1_179' title='bbox 1154 2769 1228 2842; x_wconf 81' lang='grc' dir='ltr'>μὴ</span> <span class='ocrx_word' id='word_1_180' title='bbox 1257 2774 1627 2843; x_wconf 84' lang='grc' dir='ltr'>συντρέχουσα</span> <span class='ocrx_word' id='word_1_181' title='bbox 1658 2776 1725 2844; x_wconf 80' lang='grc' dir='ltr'>τῇ</span> <span class='ocrx_word' id='word_1_182' title='bbox 1760 2773 1904 2842; x_wconf 84' lang='grc' dir='ltr'><strong>γνὼ-</strong></span> 
     </span>
    </p>
   </div>
   <div class='ocr_carea' id='block_1_28' title="bbox 307 2860 1903 2935">
    <p class='ocr_par' dir='ltr' id='par_1_28' title="bbox 307 2860 1903 2935">
     <span class='ocr_line' id='line_1_28' title="bbox 307 2860 1903 2935; baseline 0.003 -22"><span class='ocrx_word' id='word_1_183' title='bbox 307 2878 423 2924; x_wconf 87' lang='grc' dir='ltr'>σει,</span> <span class='ocrx_word' id='word_1_184' title='bbox 453 2862 534 2925; x_wconf 73' lang='grc' dir='ltr'>εἰς</span> <span class='ocrx_word' id='word_1_185' title='bbox 558 2860 839 2931; x_wconf 83' lang='grc' dir='ltr'>θέσπισμα</span> <span class='ocrx_word' id='word_1_186' title='bbox 865 2862 958 2914; x_wconf 78' lang='grc' dir='ltr'>καὶ</span> <span class='ocrx_word' id='word_1_187' title='bbox 981 2861 1145 2933; x_wconf 88' lang='grc' dir='ltr'>νόμον</span> <span class='ocrx_word' id='word_1_188' title='bbox 1171 2865 1558 2934; x_wconf 77' lang='grc' dir='ltr'>ἀναγραφῆναι</span> <span class='ocrx_word' id='word_1_189' title='bbox 1587 2863 1687 2934; x_wconf 74' lang='grc' dir='ltr'>τὴν</span> <span class='ocrx_word' id='word_1_190' title='bbox 1716 2865 1903 2935; x_wconf 76' lang='grc' dir='ltr'>κοινὴν</span> 
     </span>
    </p>
   </div>
   <div class='ocr_carea' id='block_1_29' title="bbox 306 2953 1904 3028">
    <p class='ocr_par' dir='ltr' id='par_1_29' title="bbox 306 2953 1904 3028">
     <span class='ocr_line' id='line_1_29' title="bbox 306 2953 1904 3028; baseline 0.003 -20"><span class='ocrx_word' id='word_1_191' title='bbox 306 2953 640 3021; x_wconf 78' lang='grc' dir='ltr'>ἐξεϐιάσατο</span> <span class='ocrx_word' id='word_1_192' title='bbox 682 2953 931 3025; x_wconf 85' lang='grc' dir='ltr'>γνώμην.</span> <span class='ocrx_word' id='word_1_193' title='bbox 969 2953 1094 3008; x_wconf 84' lang='grc' dir='ltr'>Ὅτι</span> <span class='ocrx_word' id='word_1_194' title='bbox 1138 2955 1195 3008; x_wconf 87' lang='grc' dir='ltr'>δὲ</span> <span class='ocrx_word' id='word_1_195' title='bbox 1232 2957 1262 3008; x_wconf 91' lang='grc' dir='ltr'><strong>ό</strong></span> <span class='ocrx_word' id='word_1_196' title='bbox 1292 2955 1388 3009; x_wconf 81' lang='grc' dir='ltr'><strong>τοῦ</strong></span> <span class='ocrx_word' id='word_1_197' title='bbox 1414 2955 1571 3008; x_wconf 84' lang='grc' dir='ltr'>Θείου</span> <span class='ocrx_word' id='word_1_198' title='bbox 1606 2955 1904 3028; x_wconf 74' lang='grc' dir='ltr'>εἰλικρινὴς</span> 
     </span>
    </p>
   </div>
   <div class='ocr_carea' id='block_1_30' title="bbox 306 3045 1902 3120">
    <p class='ocr_par' dir='ltr' id='par_1_30' title="bbox 306 3045 1902 3120">
     <span class='ocr_line' id='line_1_30' title="bbox 306 3045 1902 3120; baseline 0.003 -22"><span class='ocrx_word' id='word_1_199' title='bbox 306 3047 480 3118; x_wconf 74' lang='grc' dir='ltr'>ἔρως,</span> <span class='ocrx_word' id='word_1_200' title='bbox 509 3045 606 3100; x_wconf 81' lang='grc' dir='ltr'>καὶ</span> <span class='ocrx_word' id='word_1_201' title='bbox 629 3048 664 3118; x_wconf 80' lang='grc' dir='ltr'>ἡ</span> <span class='ocrx_word' id='word_1_202' title='bbox 698 3045 792 3099; x_wconf 80' lang='grc' dir='ltr'><strong>τοῦ</strong></span> <span class='ocrx_word' id='word_1_203' title='bbox 843 3046 1072 3117; x_wconf 81' lang='grc' dir='ltr'>πλησίον</span> <span class='ocrx_word' id='word_1_204' title='bbox 1099 3047 1302 3119; x_wconf 83' lang='grc' dir='ltr'>στοργή</span> <span class='ocrx_word' id='word_1_205' title='bbox 1339 3047 1436 3102; x_wconf 79' lang='grc' dir='ltr'>καὶ</span> <span class='ocrx_word' id='word_1_206' title='bbox 1465 3047 1648 3102; x_wconf 88' lang='grc' dir='ltr'>τελεία</span> <span class='ocrx_word' id='word_1_207' title='bbox 1676 3049 1864 3120; x_wconf 82' lang='grc' dir='ltr'>ἀγάπη</span> <span class='ocrx_word' id='word_1_208' title='bbox 1886 3091 1902 3117; x_wconf 90' lang='grc'><strong>,</strong></span> 
     </span>
    </p>
   </div>
   <div class='ocr_carea' id='block_1_31' title="bbox 1999 560 3584 630">
    <p class='ocr_par' dir='ltr' id='par_1_31' title="bbox 1999 560 3584 630">
     <span class='ocr_line' id='line_1_31' title="bbox 1999 560 3584 630; baseline -0.005 -10"><span class='ocrx_word' id='word_1_209' title='bbox 1999 564 2287 620; x_wconf 90' lang='lat' dir='ltr'><strong>consilium</strong></span> <span class='ocrx_word' id='word_1_210' title='bbox 2310 563 2403 618; x_wconf 89' lang='lat' dir='ltr'><strong>dat</strong></span> <span class='ocrx_word' id='word_1_211' title='bbox 2434 580 2450 629; x_wconf 91' lang='lat'><strong>;</strong></span> <span class='ocrx_word' id='word_1_212' title='bbox 2480 563 2552 617; x_wconf 88' lang='lat' dir='ltr'><strong>ita</strong></span> <span class='ocrx_word' id='word_1_213' title='bbox 2573 563 2766 617; x_wconf 91' lang='lat' dir='ltr'><strong>suadet</strong></span> <span class='ocrx_word' id='word_1_214' title='bbox 2791 563 2987 617; x_wconf 85' lang='lat' dir='ltr'><strong>Petrus</strong></span> <span class='ocrx_word' id='word_1_215' title='bbox 3013 560 3382 630; x_wconf 84' lang='lat' dir='ltr'><strong>apostolorum</strong></span> <span class='ocrx_word' id='word_1_216' title='bbox 3419 575 3584 629; x_wconf 84' lang='lat' dir='ltr'><strong>cory-</strong></span> 
     </span>
    </p>
   </div>
   <div class='ocr_carea' id='block_1_32' title="bbox 1997 653 3583 728">
    <p class='ocr_par' dir='ltr' id='par_1_32' title="bbox 1997 653 3583 728">
     <span class='ocr_line' id='line_1_32' title="bbox 1997 653 3583 728; baseline -0.003 -17"><span class='ocrx_word' id='word_1_217' title='bbox 1997 658 2207 728; x_wconf 67' lang='lat' dir='ltr'><strong>phaeus,</strong></span> <span class='ocrx_word' id='word_1_218' title='bbox 2235 656 2320 710; x_wconf 91' lang='lat' dir='ltr'><strong>cui</strong></span> <span class='ocrx_word' id='word_1_219' title='bbox 2349 657 2530 710; x_wconf 80' lang='lat' dir='ltr'><strong>claves</strong></span> <span class='ocrx_word' id='word_1_220' title='bbox 2563 665 2620 709; x_wconf 90' lang='lat' dir='ltr'><strong>et</strong></span> <span class='ocrx_word' id='word_1_221' title='bbox 2648 655 2932 725; x_wconf 84' lang='lat' dir='ltr'><strong>ingressus</strong></span> <span class='ocrx_word' id='word_1_222' title='bbox 2963 653 3583 723; x_wconf 68' lang='lat' dir='ltr'><strong>portarum-caelestium</strong></span> 
     </span>
    </p>
   </div>
   <div class='ocr_carea' id='block_1_33' title="bbox 1999 742 3587 814">
    <p class='ocr_par' dir='ltr' id='par_1_33' title="bbox 1999 742 3587 814">
     <span class='ocr_line' id='line_1_33' title="bbox 1999 742 3587 814; baseline -0.003 -13"><span class='ocrx_word' id='word_1_223' title='bbox 1999 746 2406 802; x_wconf 90' lang='lat' dir='ltr'><strong>concreduntur</strong></span> <span class='ocrx_word' id='word_1_224' title='bbox 2433 763 2448 808; x_wconf 88' lang='lat'><strong>;</strong></span> <span class='ocrx_word' id='word_1_225' title='bbox 2486 745 2565 800; x_wconf 92' lang='lat' dir='ltr'><strong>sic</strong></span> <span class='ocrx_word' id='word_1_226' title='bbox 2593 755 2648 799; x_wconf 85' lang='lat' dir='ltr'><strong>et</strong></span> <span class='ocrx_word' id='word_1_227' title='bbox 2681 745 2928 814; x_wconf 90' lang='lat' dir='ltr'><strong>reliquus</strong></span> <span class='ocrx_word' id='word_1_228' title='bbox 2980 742 3353 814; x_wconf 85' lang='lat' dir='ltr'><strong>apostolorum</strong></span> <span class='ocrx_word' id='word_1_229' title='bbox 3383 743 3587 797; x_wconf 88' lang='lat' dir='ltr'><strong>chorus</strong></span> 
     </span>
    </p>
   </div>
   <div class='ocr_carea' id='block_1_34' title="bbox 1999 836 3587 897">
    <p class='ocr_par' dir='ltr' id='par_1_34' title="bbox 1999 836 3587 897">
     <span class='ocr_line' id='line_1_34' title="bbox 1999 836 3587 897; baseline -0.004 0"><span class='ocrx_word' id='word_1_230' title='bbox 1999 841 2191 897; x_wconf 87' lang='lat' dir='ltr'><strong>orbem</strong></span> <span class='ocrx_word' id='word_1_231' title='bbox 2236 850 2504 895; x_wconf 88' lang='lat' dir='ltr'><strong>terrarum</strong></span> <span class='ocrx_word' id='word_1_232' title='bbox 2565 839 2883 894; x_wconf 81' lang='lat' dir='ltr'><strong>informavit</strong></span> <span class='ocrx_word' id='word_1_233' title='bbox 2933 856 2948 895; x_wconf 91' lang='lat'><strong>:</strong></span> <span class='ocrx_word' id='word_1_234' title='bbox 3000 839 3106 895; x_wconf 91' lang='lat' dir='ltr'><strong>hoc</strong></span> <span class='ocrx_word' id='word_1_235' title='bbox 3173 836 3368 893; x_wconf 87' lang='lat' dir='ltr'><strong>Patres</strong></span> <span class='ocrx_word' id='word_1_236' title='bbox 3415 836 3587 892; x_wconf 78' lang='lat' dir='ltr'><strong>nostri</strong></span> 
     </span>
    </p>
   </div>
   <div class='ocr_carea' id='block_1_35' title="bbox 2000 933 3589 1006">
    <p class='ocr_par' dir='ltr' id='par_1_35' title="bbox 2000 933 3589 1006">
     <span class='ocr_line' id='line_1_35' title="bbox 2000 933 3589 1006; baseline -0.004 -13"><span class='ocrx_word' id='word_1_237' title='bbox 2000 937 2263 993; x_wconf 90' lang='lat' dir='ltr'><strong>traditum</strong></span> <span class='ocrx_word' id='word_1_238' title='bbox 2294 944 2689 1006; x_wconf 87' lang='lat' dir='ltr'><strong>susceperunt;</strong></span> <span class='ocrx_word' id='word_1_239' title='bbox 2723 935 2790 989; x_wconf 83' lang='lat' dir='ltr'><strong>ad</strong></span> <span class='ocrx_word' id='word_1_240' title='bbox 2823 934 2971 989; x_wconf 89' lang='lat' dir='ltr'><strong>hunc</strong></span> <span class='ocrx_word' id='word_1_241' title='bbox 3017 934 3238 989; x_wconf 86' lang='lat' dir='ltr'><strong>modum</strong></span> <span class='ocrx_word' id='word_1_242' title='bbox 3285 933 3444 988; x_wconf 89' lang='lat' dir='ltr'><strong>nobis</strong></span> <span class='ocrx_word' id='word_1_243' title='bbox 3487 948 3589 1002; x_wconf 85' lang='lat' dir='ltr'><strong>po—</strong></span> 
     </span>
    </p>
   </div>
   <div class='ocr_carea' id='block_1_36' title="bbox 2000 1025 3590 1087">
    <p class='ocr_par' dir='ltr' id='par_1_36' title="bbox 2000 1025 3590 1087">
     <span class='ocr_line' id='line_1_36' title="bbox 2000 1025 3590 1087; baseline -0.003 -4"><span class='ocrx_word' id='word_1_244' title='bbox 2000 1027 2161 1083; x_wconf 90' lang='lat' dir='ltr'><strong>steris</strong></span> <span class='ocrx_word' id='word_1_245' title='bbox 2193 1027 2572 1082; x_wconf 88' lang='lat' dir='ltr'><strong>tradiderunt:</strong></span> <span class='ocrx_word' id='word_1_246' title='bbox 2607 1026 2712 1080; x_wconf 87' lang='lat' dir='ltr'><strong>hoc</strong></span> <span class='ocrx_word' id='word_1_247' title='bbox 2747 1026 2845 1080; x_wconf 81' lang='lat' dir='ltr'><strong>tibi</strong></span> <span class='ocrx_word' id='word_1_248' title='bbox 2880 1040 2982 1079; x_wconf 88' lang='lat' dir='ltr'><strong>nos</strong></span> <span class='ocrx_word' id='word_1_249' title='bbox 3026 1025 3339 1087; x_wconf 86' lang='lat' dir='ltr'><strong>suademus,</strong></span> <span class='ocrx_word' id='word_1_250' title='bbox 3371 1035 3427 1080; x_wconf 91' lang='lat' dir='ltr'><strong>et</strong></span> <span class='ocrx_word' id='word_1_251' title='bbox 3458 1039 3590 1079; x_wconf 89' lang='lat' dir='ltr'><strong>con-</strong></span> 
     </span>
    </p>
   </div>
   <div class='ocr_carea' id='block_1_37' title="bbox 2001 1115 3586 1187">
    <p class='ocr_par' dir='ltr' id='par_1_37' title="bbox 2001 1115 3586 1187">
     <span class='ocr_line' id='line_1_37' title="bbox 2001 1115 3586 1187; baseline -0.003 -14"><span class='ocrx_word' id='word_1_252' title='bbox 2001 1118 2186 1174; x_wconf 89' lang='lat' dir='ltr'><strong>silium</strong></span> <span class='ocrx_word' id='word_1_253' title='bbox 2205 1117 2420 1182; x_wconf 89' lang='lat' dir='ltr'><strong>damus,</strong></span> <span class='ocrx_word' id='word_1_254' title='bbox 2447 1131 2648 1187; x_wconf 86' lang='lat' dir='ltr'><strong>nempe</strong></span> <span class='ocrx_word' id='word_1_255' title='bbox 2672 1125 2734 1170; x_wconf 87' lang='lat' dir='ltr'><strong>ut</strong></span> <span class='ocrx_word' id='word_1_256' title='bbox 2759 1115 2918 1170; x_wconf 83' lang='lat' dir='ltr'><strong>ﬁdem</strong></span> <span class='ocrx_word' id='word_1_257' title='bbox 2944 1115 3182 1170; x_wconf 86' lang='lat' dir='ltr'><strong>illustres</strong></span> <span class='ocrx_word' id='word_1_258' title='bbox 3200 1130 3294 1184; x_wconf 91' lang='lat' dir='ltr'><strong>per</strong></span> <span class='ocrx_word' id='word_1_259' title='bbox 3320 1115 3586 1179; x_wconf 83' lang='lat' dir='ltr'><strong>actiones,</strong></span> 
     </span>
    </p>
   </div>
   <div class='ocr_carea' id='block_1_38' title="bbox 2000 1206 3590 1278">
    <p class='ocr_par' dir='ltr' id='par_1_38' title="bbox 2000 1206 3590 1278">
     <span class='ocr_line' id='line_1_38' title="bbox 2000 1206 3590 1278; baseline -0.002 -13"><span class='ocrx_word' id='word_1_260' title='bbox 2000 1219 2058 1266; x_wconf 91' lang='lat' dir='ltr'><strong>et</strong></span> <span class='ocrx_word' id='word_1_261' title='bbox 2106 1210 2212 1265; x_wconf 83' lang='lat' dir='ltr'><strong>ﬁde</strong></span> <span class='ocrx_word' id='word_1_262' title='bbox 2254 1210 2454 1265; x_wconf 87' lang='lat' dir='ltr'><strong>reddas</strong></span> <span class='ocrx_word' id='word_1_263' title='bbox 2500 1209 2744 1264; x_wconf 88' lang='lat' dir='ltr'><strong>actiones</strong></span> <span class='ocrx_word' id='word_1_264' title='bbox 2801 1206 3189 1278; x_wconf 87' lang='lat' dir='ltr'><strong>speciosiores.</strong></span> <span class='ocrx_word' id='word_1_265' title='bbox 3229 1206 3433 1262; x_wconf 87' lang='lat' dir='ltr'><strong>Vellem</strong></span> <span class='ocrx_word' id='word_1_266' title='bbox 3487 1222 3590 1278; x_wconf 83' lang='lat' dir='ltr'><strong>ego</strong></span> 
     </span>
    </p>
   </div>
   <div class='ocr_carea' id='block_1_39' title="bbox 2001 1300 3589 1376">
    <p class='ocr_par' dir='ltr' id='par_1_39' title="bbox 2001 1300 3589 1376">
     <span class='ocr_line' id='line_1_39' title="bbox 2001 1300 3589 1376; baseline -0.004 -17"><span class='ocrx_word' id='word_1_267' title='bbox 2001 1305 2224 1376; x_wconf 86' lang='lat' dir='ltr'><strong>quidem</strong></span> <span class='ocrx_word' id='word_1_268' title='bbox 2284 1304 2340 1358; x_wconf 91' lang='lat' dir='ltr'><strong>in</strong></span> <span class='ocrx_word' id='word_1_269' title='bbox 2392 1318 2510 1358; x_wconf 89' lang='lat' dir='ltr'><strong>rem</strong></span> <span class='ocrx_word' id='word_1_270' title='bbox 2549 1310 2878 1374; x_wconf 63' lang='lat' dir='ltr'><strong>praesentem</strong></span> <span class='ocrx_word' id='word_1_271' title='bbox 2931 1317 3054 1357; x_wconf 90' lang='lat' dir='ltr'><strong>esse</strong></span> <span class='ocrx_word' id='word_1_272' title='bbox 3091 1300 3209 1365; x_wconf 88' lang='lat' dir='ltr'><strong>tibi,</strong></span> <span class='ocrx_word' id='word_1_273' title='bbox 3262 1308 3319 1355; x_wconf 90' lang='lat' dir='ltr'><strong>et</strong></span> <span class='ocrx_word' id='word_1_274' title='bbox 3372 1308 3589 1353; x_wconf 90' lang='lat' dir='ltr'><strong>tuarum</strong></span> 
     </span>
    </p>
   </div>
   <div class='ocr_carea' id='block_1_40' title="bbox 2001 1391 3593 1467">
    <p class='ocr_par' dir='ltr' id='par_1_40' title="bbox 2001 1391 3593 1467">
     <span class='ocr_line' id='line_1_40' title="bbox 2001 1391 3593 1467; baseline -0.005 -15"><span class='ocrx_word' id='word_1_275' title='bbox 2001 1397 2285 1452; x_wconf 87' lang='lat' dir='ltr'><strong>actionum</strong></span> <span class='ocrx_word' id='word_1_276' title='bbox 2308 1395 2550 1467; x_wconf 88' lang='lat' dir='ltr'><strong>regimen</strong></span> <span class='ocrx_word' id='word_1_277' title='bbox 2595 1395 2650 1450; x_wconf 93' lang='lat' dir='ltr'><strong>in</strong></span> <span class='ocrx_word' id='word_1_278' title='bbox 2685 1410 2776 1450; x_wconf 90' lang='lat' dir='ltr'><strong>me</strong></span> <span class='ocrx_word' id='word_1_279' title='bbox 2807 1395 3113 1465; x_wconf 89' lang='lat' dir='ltr'><strong>suscipere,</strong></span> <span class='ocrx_word' id='word_1_280' title='bbox 3148 1408 3214 1447; x_wconf 90' lang='lat' dir='ltr'><strong>eo</strong></span> <span class='ocrx_word' id='word_1_281' title='bbox 3251 1391 3358 1446; x_wconf 84' lang='lat' dir='ltr'><strong>ﬁne</strong></span> <span class='ocrx_word' id='word_1_282' title='bbox 3410 1400 3468 1446; x_wconf 93' lang='lat' dir='ltr'><strong>ut</strong></span> <span class='ocrx_word' id='word_1_283' title='bbox 3495 1406 3593 1461; x_wconf 87' lang='lat' dir='ltr'><strong>per</strong></span> 
     </span>
    </p>
   </div>
   <div class='ocr_carea' id='block_1_41' title="bbox 2002 1484 3592 1557">
    <p class='ocr_par' dir='ltr' id='par_1_41' title="bbox 2002 1484 3592 1557">
     <span class='ocr_line' id='line_1_41' title="bbox 2002 1484 3592 1557; baseline -0.004 -13"><span class='ocrx_word' id='word_1_284' title='bbox 2002 1489 2189 1544; x_wconf 92' lang='lat' dir='ltr'><strong>oculos</strong></span> <span class='ocrx_word' id='word_1_285' title='bbox 2219 1489 2486 1542; x_wconf 87' lang='lat' dir='ltr'><strong>bonorum</strong></span> <span class='ocrx_word' id='word_1_286' title='bbox 2515 1495 2732 1542; x_wconf 89' lang='lat' dir='ltr'><strong>tuorum</strong></span> <span class='ocrx_word' id='word_1_287' title='bbox 2777 1502 3004 1557; x_wconf 86' lang='lat' dir='ltr'><strong>operum</strong></span> <span class='ocrx_word' id='word_1_288' title='bbox 3048 1484 3412 1556; x_wconf 82' lang='lat' dir='ltr'><strong>cognitionem</strong></span> <span class='ocrx_word' id='word_1_289' title='bbox 3459 1493 3592 1538; x_wconf 87' lang='lat' dir='ltr'><strong>actu</strong></span> 
     </span>
    </p>
   </div>
   <div class='ocr_carea' id='block_1_42' title="bbox 2001 1577 3592 1652">
    <p class='ocr_par' dir='ltr' id='par_1_42' title="bbox 2001 1577 3592 1652">
     <span class='ocr_line' id='line_1_42' title="bbox 2001 1577 3592 1652; baseline -0.004 -17"><span class='ocrx_word' id='word_1_290' title='bbox 2001 1580 2124 1652; x_wconf 90' lang='lat' dir='ltr'><strong>ipso</strong></span> <span class='ocrx_word' id='word_1_291' title='bbox 2168 1595 2458 1650; x_wconf 86' lang='lat' dir='ltr'><strong>usurpans,</strong></span> <span class='ocrx_word' id='word_1_292' title='bbox 2492 1579 2685 1649; x_wconf 87' lang='lat' dir='ltr'><strong>majori</strong></span> <span class='ocrx_word' id='word_1_293' title='bbox 2738 1579 2934 1651; x_wconf 85' lang='lat' dir='ltr'><strong>gaudio</strong></span> <span class='ocrx_word' id='word_1_294' title='bbox 2981 1579 3222 1649; x_wconf 88' lang='lat' dir='ltr'><strong>repletus</strong></span> <span class='ocrx_word' id='word_1_295' title='bbox 3265 1577 3368 1632; x_wconf 88' lang='lat' dir='ltr'><strong>sim</strong></span> <span class='ocrx_word' id='word_1_296' title='bbox 3420 1587 3475 1632; x_wconf 86' lang='lat' dir='ltr'><strong>et</strong></span> <span class='ocrx_word' id='word_1_297' title='bbox 3499 1577 3592 1646; x_wconf 90' lang='lat' dir='ltr'><strong>ju-</strong></span> 
     </span>
    </p>
   </div>
   <div class='ocr_carea' id='block_1_43' title="bbox 2002 1669 3594 1742">
    <p class='ocr_par' dir='ltr' id='par_1_43' title="bbox 2002 1669 3594 1742">
     <span class='ocr_line' id='line_1_43' title="bbox 2002 1669 3594 1742; baseline -0.003 -15"><span class='ocrx_word' id='word_1_298' title='bbox 2002 1673 2315 1738; x_wconf 82' lang='lat' dir='ltr'><strong>cunditate;</strong></span> <span class='ocrx_word' id='word_1_299' title='bbox 2347 1681 2402 1726; x_wconf 91' lang='lat' dir='ltr'><strong>et</strong></span> <span class='ocrx_word' id='word_1_300' title='bbox 2433 1671 2476 1726; x_wconf 89' lang='lat' dir='ltr'><strong>si</strong></span> <span class='ocrx_word' id='word_1_301' title='bbox 2510 1685 2710 1742; x_wconf 68' lang='lat' dir='ltr'><strong>praeter</strong></span> <span class='ocrx_word' id='word_1_302' title='bbox 2735 1681 2942 1726; x_wconf 86' lang='lat' dir='ltr'><strong>rectam</strong></span> <span class='ocrx_word' id='word_1_303' title='bbox 2964 1670 3156 1742; x_wconf 85' lang='lat' dir='ltr'><strong>agendi</strong></span> <span class='ocrx_word' id='word_1_304' title='bbox 3188 1671 3456 1724; x_wconf 88' lang='lat' dir='ltr'><strong>rationem</strong></span> <span class='ocrx_word' id='word_1_305' title='bbox 3491 1669 3594 1722; x_wconf 86' lang='lat' dir='ltr'><strong>ali-</strong></span> 
     </span>
    </p>
   </div>
   <div class='ocr_carea' id='block_1_44' title="bbox 2003 1761 3594 1836">
    <p class='ocr_par' dir='ltr' id='par_1_44' title="bbox 2003 1761 3594 1836">
     <span class='ocr_line' id='line_1_44' title="bbox 2003 1761 3594 1836; baseline -0.003 -16"><span class='ocrx_word' id='word_1_306' title='bbox 2003 1765 2134 1836; x_wconf 87' lang='lat' dir='ltr'><strong>quid</strong></span> <span class='ocrx_word' id='word_1_307' title='bbox 2162 1765 2259 1819; x_wconf 84' lang='lat' dir='ltr'><strong>tibi</strong></span> <span class='ocrx_word' id='word_1_308' title='bbox 2294 1763 2594 1827; x_wconf 83' lang='lat' dir='ltr'><strong>excideret,</strong></span> <span class='ocrx_word' id='word_1_309' title='bbox 2621 1763 2901 1817; x_wconf 88' lang='lat' dir='ltr'><strong>retrahere</strong></span> <span class='ocrx_word' id='word_1_310' title='bbox 2925 1762 3186 1816; x_wconf 89' lang='lat' dir='ltr'><strong>continuo</strong></span> <span class='ocrx_word' id='word_1_311' title='bbox 3215 1771 3272 1816; x_wconf 91' lang='lat' dir='ltr'><strong>et</strong></span> <span class='ocrx_word' id='word_1_312' title='bbox 3295 1761 3594 1815; x_wconf 84' lang='lat' dir='ltr'><strong>reformare</strong></span> 
     </span>
    </p>
   </div>
   <div class='ocr_carea' id='block_1_45' title="bbox 2003 1850 3588 1926">
    <p class='ocr_par' dir='ltr' id='par_1_45' title="bbox 2003 1850 3588 1926">
     <span class='ocr_line' id='line_1_45' title="bbox 2003 1850 3588 1926; baseline -0.004 -16"><span class='ocrx_word' id='word_1_313' title='bbox 2003 1870 2220 1926; x_wconf 91' lang='lat' dir='ltr'><strong>possem</strong></span> <span class='ocrx_word' id='word_1_314' title='bbox 2248 1895 2264 1919; x_wconf 96' lang='lat'><strong>,</strong></span> <span class='ocrx_word' id='word_1_315' title='bbox 2315 1853 2468 1908; x_wconf 85' lang='lat' dir='ltr'><strong>nullo</strong></span> <span class='ocrx_word' id='word_1_316' title='bbox 2523 1853 2745 1924; x_wconf 85' lang='lat' dir='ltr'><strong>negotio</strong></span> <span class='ocrx_word' id='word_1_317' title='bbox 2802 1852 3198 1907; x_wconf 87' lang='lat' dir='ltr'><strong>correctionem</strong></span> <span class='ocrx_word' id='word_1_318' title='bbox 3275 1850 3588 1905; x_wconf 88' lang='lat' dir='ltr'><strong>adhibens:</strong></span> 
     </span>
    </p>
   </div>
   <div class='ocr_carea' id='block_1_46' title="bbox 2002 1943 3594 2015">
    <p class='ocr_par' dir='ltr' id='par_1_46' title="bbox 2002 1943 3594 2015">
     <span class='ocr_line' id='line_1_46' title="bbox 2002 1943 3594 2015; baseline -0.004 -13"><span class='ocrx_word' id='word_1_319' title='bbox 2002 1963 2194 2003; x_wconf 88' lang='lat' dir='ltr'><strong>verum</strong></span> <span class='ocrx_word' id='word_1_320' title='bbox 2226 1957 2353 2002; x_wconf 91' lang='lat' dir='ltr'><strong>cum</strong></span> <span class='ocrx_word' id='word_1_321' title='bbox 2399 1945 2670 2001; x_wconf 76' lang='lat' dir='ltr'><strong>voluntati</strong></span> <span class='ocrx_word' id='word_1_322' title='bbox 2721 1961 2832 1999; x_wconf 90' lang='lat' dir='ltr'><strong>non</strong></span> <span class='ocrx_word' id='word_1_323' title='bbox 2887 1945 3216 2015; x_wconf 87' lang='lat' dir='ltr'><strong>respondeat</strong></span> <span class='ocrx_word' id='word_1_324' title='bbox 3255 1943 3594 2015; x_wconf 86' lang='lat' dir='ltr'><strong>possibilitas</strong></span> 
     </span>
    </p>
   </div>
   <div class='ocr_carea' id='block_1_47' title="bbox 2004 2034 3594 2107">
    <p class='ocr_par' dir='ltr' id='par_1_47' title="bbox 2004 2034 3594 2107">
     <span class='ocr_line' id='line_1_47' title="bbox 2004 2034 3594 2107; baseline -0.005 -13"><span class='ocrx_word' id='word_1_325' title='bbox 2004 2049 2101 2094; x_wconf 91' lang='lat' dir='ltr'><strong>aut</strong></span> <span class='ocrx_word' id='word_1_326' title='bbox 2138 2037 2388 2100; x_wconf 81' lang='lat' dir='ltr'><strong>facultas,</strong></span> <span class='ocrx_word' id='word_1_327' title='bbox 2449 2045 2506 2092; x_wconf 90' lang='lat' dir='ltr'><strong>et</strong></span> <span class='ocrx_word' id='word_1_328' title='bbox 2565 2036 2832 2107; x_wconf 86' lang='lat' dir='ltr'><strong>impetum</strong></span> <span class='ocrx_word' id='word_1_329' title='bbox 2869 2037 3037 2090; x_wconf 83' lang='lat' dir='ltr'><strong>multa</strong></span> <span class='ocrx_word' id='word_1_330' title='bbox 3083 2036 3193 2090; x_wconf 91' lang='lat' dir='ltr'><strong>sint</strong></span> <span class='ocrx_word' id='word_1_331' title='bbox 3239 2051 3361 2106; x_wconf 77' lang='lat' dir='ltr'><strong>quae</strong></span> <span class='ocrx_word' id='word_1_332' title='bbox 3421 2034 3594 2088; x_wconf 88' lang='lat' dir='ltr'><strong>inter-</strong></span> 
     </span>
    </p>
   </div>
   <div class='ocr_carea' id='block_1_48' title="bbox 2002 2125 3594 2200">
    <p class='ocr_par' dir='ltr' id='par_1_48' title="bbox 2002 2125 3594 2200">
     <span class='ocr_line' id='line_1_48' title="bbox 2002 2125 3594 2200; baseline -0.006 -14"><span class='ocrx_word' id='word_1_333' title='bbox 2002 2137 2226 2200; x_wconf 90' lang='lat' dir='ltr'><strong>ceptent</strong></span> <span class='ocrx_word' id='word_1_334' title='bbox 2283 2137 2449 2198; x_wconf 85' lang='lat' dir='ltr'><strong>atque</strong></span> <span class='ocrx_word' id='word_1_335' title='bbox 2488 2127 2810 2198; x_wconf 89' lang='lat' dir='ltr'><strong>reprimant,</strong></span> <span class='ocrx_word' id='word_1_336' title='bbox 2854 2127 2997 2197; x_wconf 85' lang='lat' dir='ltr'><strong>quod</strong></span> <span class='ocrx_word' id='word_1_337' title='bbox 3049 2127 3272 2181; x_wconf 85' lang='lat' dir='ltr'><strong>unicum</strong></span> <span class='ocrx_word' id='word_1_338' title='bbox 3326 2125 3463 2180; x_wconf 90' lang='lat' dir='ltr'><strong>mibi</strong></span> <span class='ocrx_word' id='word_1_339' title='bbox 3505 2140 3594 2178; x_wconf 83' lang='lat' dir='ltr'><strong>re-</strong></span> 
     </span>
    </p>
   </div>
   <div class='ocr_carea' id='block_1_49' title="bbox 2003 2218 3594 2291">
    <p class='ocr_par' dir='ltr' id='par_1_49' title="bbox 2003 2218 3594 2291">
     <span class='ocr_line' id='line_1_49' title="bbox 2003 2218 3594 2291; baseline -0.004 -13"><span class='ocrx_word' id='word_1_340' title='bbox 2003 2223 2192 2278; x_wconf 90' lang='lat' dir='ltr'><strong>lictum</strong></span> <span class='ocrx_word' id='word_1_341' title='bbox 2222 2229 2310 2276; x_wconf 86' lang='lat' dir='ltr'><strong>est</strong></span> <span class='ocrx_word' id='word_1_342' title='bbox 2337 2229 2399 2276; x_wconf 94' lang='lat' dir='ltr'><strong>ut</strong></span> <span class='ocrx_word' id='word_1_343' title='bbox 2425 2228 2685 2289; x_wconf 70' lang='lat' dir='ltr'><strong>praestare</strong></span> <span class='ocrx_word' id='word_1_344' title='bbox 2714 2221 2943 2291; x_wconf 87' lang='lat' dir='ltr'><strong>possim,</strong></span> <span class='ocrx_word' id='word_1_345' title='bbox 3004 2220 3232 2290; x_wconf 90' lang='lat' dir='ltr'><strong>scripto,</strong></span> <span class='ocrx_word' id='word_1_346' title='bbox 3278 2218 3422 2288; x_wconf 92' lang='lat' dir='ltr'><strong>quod</strong></span> <span class='ocrx_word' id='word_1_347' title='bbox 3473 2219 3594 2286; x_wconf 78' lang='lat' dir='ltr'><strong>pol-</strong></span> 
     </span>
    </p>
   </div>
   <div class='ocr_carea' id='block_1_50' title="bbox 2001 2317 3593 2385">
    <p class='ocr_par' dir='ltr' id='par_1_50' title="bbox 2001 2317 3593 2385">
     <span class='ocr_line' id='line_1_50' title="bbox 2001 2317 3593 2385; baseline -0.003 -10"><span class='ocrx_word' id='word_1_348' title='bbox 2001 2321 2185 2377; x_wconf 91' lang='lat' dir='ltr'><strong>licitus</strong></span> <span class='ocrx_word' id='word_1_349' title='bbox 2235 2334 2359 2374; x_wconf 90' lang='lat' dir='ltr'><strong>sum</strong></span> <span class='ocrx_word' id='word_1_350' title='bbox 2414 2319 2483 2374; x_wconf 92' lang='lat' dir='ltr'><strong>ab</strong></span> <span class='ocrx_word' id='word_1_351' title='bbox 2525 2319 2706 2385; x_wconf 92' lang='lat' dir='ltr'><strong>initio,</strong></span> <span class='ocrx_word' id='word_1_352' title='bbox 2757 2317 3161 2374; x_wconf 88' lang='lat' dir='ltr'><strong>admonitiones</strong></span> <span class='ocrx_word' id='word_1_353' title='bbox 3212 2317 3454 2372; x_wconf 89' lang='lat' dir='ltr'><strong>conabor</strong></span> <span class='ocrx_word' id='word_1_354' title='bbox 3493 2317 3593 2372; x_wconf 91' lang='lat' dir='ltr'><strong>de-</strong></span> 
     </span>
    </p>
   </div>
   <div class='ocr_carea' id='block_1_51' title="bbox 2003 2413 2232 2469">
    <p class='ocr_par' dir='ltr' id='par_1_51' title="bbox 2003 2413 2232 2469">
     <span class='ocr_line' id='line_1_51' title="bbox 2003 2413 2232 2469; baseline -0.009 -2"><span class='ocrx_word' id='word_1_355' title='bbox 2003 2413 2232 2469; x_wconf 91' lang='lat' dir='ltr'><strong>lineare.</strong></span> 
     </span>
    </p>
   </div>
   <div class='ocr_carea' id='block_1_52' title="bbox 2073 2499 3594 2572">
    <p class='ocr_par' dir='ltr' id='par_1_52' title="bbox 2073 2499 3594 2572">
     <span class='ocr_line' id='line_1_52' title="bbox 2073 2499 3594 2572; baseline -0.003 -16"><span class='ocrx_word' id='word_1_356' title='bbox 2073 2503 2164 2556; x_wconf 72' lang='lat'><strong>27.</strong></span> <span class='ocrx_word' id='word_1_357' title='bbox 2203 2503 2374 2559; x_wconf 89' lang='lat' dir='ltr'><strong>Deum</strong></span> <span class='ocrx_word' id='word_1_358' title='bbox 2407 2517 2530 2558; x_wconf 88' lang='lat' dir='ltr'><strong>esse</strong></span> <span class='ocrx_word' id='word_1_359' title='bbox 2551 2501 2768 2556; x_wconf 91' lang='lat' dir='ltr'><strong>sincero</strong></span> <span class='ocrx_word' id='word_1_360' title='bbox 2803 2499 3002 2555; x_wconf 61' lang='lat' dir='ltr'><strong>allecto</strong></span> <span class='ocrx_word' id='word_1_361' title='bbox 3041 2500 3407 2572; x_wconf 70' lang='lat' dir='ltr'><strong>adamandum</strong></span> <span class='ocrx_word' id='word_1_362' title='bbox 3429 2508 3594 2569; x_wconf 88' lang='lat' dir='ltr'><strong>atque</strong></span> 
     </span>
    </p>
   </div>
   <div class='ocr_carea' id='block_1_53' title="bbox 2004 2590 3593 2664">
    <p class='ocr_par' dir='ltr' id='par_1_53' title="bbox 2004 2590 3593 2664">
     <span class='ocr_line' id='line_1_53' title="bbox 2004 2590 3593 2664; baseline -0.002 -16"><span class='ocrx_word' id='word_1_363' title='bbox 2004 2594 2317 2662; x_wconf 91' lang='lat' dir='ltr'><strong>colendum,</strong></span> <span class='ocrx_word' id='word_1_364' title='bbox 2353 2594 2690 2664; x_wconf 84' lang='lat' dir='ltr'><strong>diligendum</strong></span> <span class='ocrx_word' id='word_1_365' title='bbox 2723 2593 2884 2647; x_wconf 90' lang='lat' dir='ltr'><strong>nobis</strong></span> <span class='ocrx_word' id='word_1_366' title='bbox 2916 2606 3279 2662; x_wconf 88' lang='lat' dir='ltr'><strong>congenerem</strong></span> <span class='ocrx_word' id='word_1_367' title='bbox 3313 2590 3593 2646; x_wconf 83' lang='lat' dir='ltr'><strong>hominem</strong></span> 
     </span>
    </p>
   </div>
   <div class='ocr_carea' id='block_1_54' title="bbox 2003 2684 3596 2759">
    <p class='ocr_par' dir='ltr' id='par_1_54' title="bbox 2003 2684 3596 2759">
     <span class='ocr_line' id='line_1_54' title="bbox 2003 2684 3596 2759; baseline -0.003 -16"><span class='ocrx_word' id='word_1_368' title='bbox 2003 2698 2063 2743; x_wconf 89' lang='lat' dir='ltr'><strong>et</strong></span> <span class='ocrx_word' id='word_1_369' title='bbox 2091 2687 2555 2759; x_wconf 89' lang='lat' dir='ltr'><strong>amplectendum,</strong></span> <span class='ocrx_word' id='word_1_370' title='bbox 2613 2687 2768 2758; x_wconf 90' lang='lat' dir='ltr'><strong>quasi</strong></span> <span class='ocrx_word' id='word_1_371' title='bbox 2801 2685 2967 2741; x_wconf 82' lang='lat' dir='ltr'><strong>insita</strong></span> <span class='ocrx_word' id='word_1_372' title='bbox 2992 2685 3239 2756; x_wconf 78' lang='lat' dir='ltr'><strong>quaedam</strong></span> <span class='ocrx_word' id='word_1_373' title='bbox 3279 2684 3596 2740; x_wconf 85' lang='lat' dir='ltr'><strong>hominibus</strong></span> 
     </span>
    </p>
   </div>
   <div class='ocr_carea' id='block_1_55' title="bbox 2005 2775 3594 2851">
    <p class='ocr_par' dir='ltr' id='par_1_55' title="bbox 2005 2775 3594 2851">
     <span class='ocr_line' id='line_1_55' title="bbox 2005 2775 3594 2851; baseline -0.003 -17"><span class='ocrx_word' id='word_1_374' title='bbox 2005 2779 2249 2851; x_wconf 82' lang='lat' dir='ltr'><strong>cognitio</strong></span> <span class='ocrx_word' id='word_1_375' title='bbox 2295 2779 2575 2851; x_wconf 79' lang='lat' dir='ltr'><strong>suggerit:</strong></span> <span class='ocrx_word' id='word_1_376' title='bbox 2625 2778 2756 2832; x_wconf 91' lang='lat' dir='ltr'><strong>dum</strong></span> <span class='ocrx_word' id='word_1_377' title='bbox 2808 2787 2992 2831; x_wconf 84' lang='lat' dir='ltr'><strong>autem</strong></span> <span class='ocrx_word' id='word_1_378' title='bbox 3039 2775 3292 2831; x_wconf 83' lang='lat' dir='ltr'><strong>voluntas</strong></span> <span class='ocrx_word' id='word_1_379' title='bbox 3340 2791 3465 2831; x_wconf 91' lang='lat' dir='ltr'><strong>cum</strong></span> <span class='ocrx_word' id='word_1_380' title='bbox 3497 2790 3594 2830; x_wconf 85' lang='lat' dir='ltr'><strong>co-</strong></span> 
     </span>
    </p>
   </div>
   <div class='ocr_carea' id='block_1_56' title="bbox 2009 2868 3600 2941">
    <p class='ocr_par' dir='ltr' id='par_1_56' title="bbox 2009 2868 3600 2941">
     <span class='ocr_line' id='line_1_56' title="bbox 2009 2868 3600 2941; baseline -0.003 -15"><span class='ocrx_word' id='word_1_381' title='bbox 2009 2872 2258 2941; x_wconf 85' lang='lat' dir='ltr'><strong>gnitione</strong></span> <span class='ocrx_word' id='word_1_382' title='bbox 2293 2888 2405 2926; x_wconf 90' lang='lat' dir='ltr'><strong>non</strong></span> <span class='ocrx_word' id='word_1_383' title='bbox 2448 2871 2746 2941; x_wconf 82' lang='lat' dir='ltr'><strong>conSpirat,</strong></span> <span class='ocrx_word' id='word_1_384' title='bbox 2806 2870 3121 2926; x_wconf 88' lang='lat' dir='ltr'><strong>necessario</strong></span> <span class='ocrx_word' id='word_1_385' title='bbox 3168 2868 3372 2923; x_wconf 84' lang='lat' dir='ltr'><strong>factum</strong></span> <span class='ocrx_word' id='word_1_386' title='bbox 3421 2878 3504 2922; x_wconf 86' lang='lat' dir='ltr'><strong>cst</strong></span> <span class='ocrx_word' id='word_1_387' title='bbox 3538 2875 3600 2921; x_wconf 85' lang='lat' dir='ltr'><strong>ut</strong></span> 
     </span>
    </p>
   </div>
   <div class='ocr_carea' id='block_1_57' title="bbox 2006 2961 3598 3034">
    <p class='ocr_par' dir='ltr' id='par_1_57' title="bbox 2006 2961 3598 3034">
     <span class='ocr_line' id='line_1_57' title="bbox 2006 2961 3598 3034; baseline -0.003 -15"><span class='ocrx_word' id='word_1_388' title='bbox 2006 2965 2198 3021; x_wconf 86' lang='lat' dir='ltr'><strong>notitia</strong></span> <span class='ocrx_word' id='word_1_389' title='bbox 2227 2966 2318 3020; x_wconf 91' lang='lat' dir='ltr'><strong>illa</strong></span> <span class='ocrx_word' id='word_1_390' title='bbox 2347 2964 2654 3020; x_wconf 87' lang='lat' dir='ltr'><strong>communis</strong></span> <span class='ocrx_word' id='word_1_391' title='bbox 2715 2974 2972 3034; x_wconf 89' lang='lat' dir='ltr'><strong>tanquam</strong></span> <span class='ocrx_word' id='word_1_392' title='bbox 2993 2963 3128 3034; x_wconf 87' lang='lat' dir='ltr'><strong>legis</strong></span> <span class='ocrx_word' id='word_1_393' title='bbox 3164 2963 3438 3018; x_wconf 91' lang='lat' dir='ltr'><strong>dictamen</strong></span> <span class='ocrx_word' id='word_1_394' title='bbox 3461 2961 3598 3016; x_wconf 89' lang='lat' dir='ltr'><strong>scri-</strong></span> 
     </span>
    </p>
   </div>
   <div class='ocr_carea' id='block_1_58' title="bbox 2011 3055 3598 3128">
    <p class='ocr_par' dir='ltr' id='par_1_58' title="bbox 2011 3055 3598 3128">
     <span class='ocr_line' id='line_1_58' title="bbox 2011 3055 3598 3128; baseline -0.003 -16"><span class='ocrx_word' id='word_1_395' title='bbox 2011 3071 2103 3128; x_wconf 87' lang='lat' dir='ltr'><strong>pta</strong></span> <span class='ocrx_word' id='word_1_396' title='bbox 2135 3058 2463 3113; x_wconf 88' lang='lat' dir='ltr'><strong>traderetur.</strong></span> <span class='ocrx_word' id='word_1_397' title='bbox 2495 3057 2689 3120; x_wconf 86' lang='lat' dir='ltr'><strong>Porro,</strong></span> <span class='ocrx_word' id='word_1_398' title='bbox 2708 3057 2855 3127; x_wconf 89' lang='lat' dir='ltr'><strong>quod</strong></span> <span class='ocrx_word' id='word_1_399' title='bbox 2881 3055 2936 3111; x_wconf 90' lang='lat' dir='ltr'><strong>in</strong></span> <span class='ocrx_word' id='word_1_400' title='bbox 2958 3055 3128 3111; x_wconf 90' lang='lat' dir='ltr'><strong>Deum</strong></span> <span class='ocrx_word' id='word_1_401' title='bbox 3149 3055 3396 3109; x_wconf 89' lang='lat' dir='ltr'><strong>sincerus</strong></span> <span class='ocrx_word' id='word_1_402' title='bbox 3423 3067 3598 3118; x_wconf 90' lang='lat' dir='ltr'><strong>amor,</strong></span> 
     </span>
    </p>
   </div>
   <div class='ocr_carea' id='block_1_59' title="bbox 304 3139 1902 3236">
    <p class='ocr_par' dir='ltr' id='par_1_59' title="bbox 304 3139 1902 3212">
     <span class='ocr_line' id='line_1_59' title="bbox 304 3139 1902 3212; baseline 0.002 -21"><span class='ocrx_word' id='word_1_403' title='bbox 304 3140 426 3193; x_wconf 84' lang='grc' dir='ltr'><strong>τῶν</strong></span> <span class='ocrx_word' id='word_1_404' title='bbox 492 3139 667 3194; x_wconf 80' lang='grc' dir='ltr'>ἄλλων</span> <span class='ocrx_word' id='word_1_405' title='bbox 723 3139 955 3194; x_wconf 80' lang='grc' dir='ltr'>ἐντολῶν</span> <span class='ocrx_word' id='word_1_406' title='bbox 1025 3141 1084 3194; x_wconf 80' lang='grc' dir='ltr'><strong>ἐν</strong></span> <span class='ocrx_word' id='word_1_407' title='bbox 1145 3141 1366 3204; x_wconf 79' lang='grc' dir='ltr'>ἑαυταῖς</span> <span class='ocrx_word' id='word_1_408' title='bbox 1426 3142 1745 3212; x_wconf 85' lang='grc' dir='ltr'>περιέχουσι</span> <span class='ocrx_word' id='word_1_409' title='bbox 1804 3140 1902 3204; x_wconf 83' lang='grc' dir='ltr'><strong>τὰς</strong></span> 
     </span>
    </p>
   </div>
   <div class='ocr_carea' id='block_1_60' title="bbox 2007 3139 3601 3236">
    <p class='ocr_par' dir='ltr' id='par_1_60' title="bbox 2012 3145 3601 3219">
     <span class='ocr_line' id='line_1_60' title="bbox 2012 3145 3601 3219; baseline -0.004 -15"><span class='ocrx_word' id='word_1_410' title='bbox 2012 3158 2069 3204; x_wconf 87' lang='lat' dir='ltr'><strong>et</strong></span> <span class='ocrx_word' id='word_1_411' title='bbox 2093 3149 2318 3204; x_wconf 89' lang='lat' dir='ltr'><strong>dilectio</strong></span> <span class='ocrx_word' id='word_1_412' title='bbox 2343 3149 2601 3219; x_wconf 74' lang='lat' dir='ltr'><strong>proximi,</strong></span> <span class='ocrx_word' id='word_1_413' title='bbox 2633 3158 2690 3204; x_wconf 91' lang='lat' dir='ltr'><strong>et</strong></span> <span class='ocrx_word' id='word_1_414' title='bbox 2741 3148 2830 3203; x_wconf 90' lang='lat' dir='ltr'><strong>illa</strong></span> <span class='ocrx_word' id='word_1_415' title='bbox 2857 3147 3080 3218; x_wconf 88' lang='lat' dir='ltr'><strong>quidem</strong></span> <span class='ocrx_word' id='word_1_416' title='bbox 3123 3145 3390 3216; x_wconf 79' lang='lat' dir='ltr'><strong>perfecta,</strong></span> <span class='ocrx_word' id='word_1_417' title='bbox 3435 3153 3601 3199; x_wconf 60' lang='lat' dir='ltr'><strong>cate-</strong></span> 
     </span>
    </p>
   </div>
   <div class='ocr_carea' id='block_1_61' title="bbox 307 3229 1902 3302">
    <p class='ocr_par' dir='ltr' id='par_1_61' title="bbox 307 3229 1902 3302">
     <span class='ocr_line' id='line_1_61' title="bbox 307 3229 1902 3302; baseline 0.004 -21"><span class='ocrx_word' id='word_1_418' title='bbox 307 3229 572 3298; x_wconf 84' lang='grc' dir='ltr'>πράξεις,</span> <span class='ocrx_word' id='word_1_419' title='bbox 604 3229 665 3283; x_wconf 79' lang='grc' dir='ltr'>οὐ</span> <span class='ocrx_word' id='word_1_420' title='bbox 697 3229 938 3299; x_wconf 81' lang='grc' dir='ltr'>χαλεπὸν</span> <span class='ocrx_word' id='word_1_421' title='bbox 985 3229 1085 3301; x_wconf 84' lang='grc' dir='ltr'>μὲν</span> <span class='ocrx_word' id='word_1_422' title='bbox 1133 3231 1228 3284; x_wconf 80' lang='grc' dir='ltr'>καὶ</span> <span class='ocrx_word' id='word_1_423' title='bbox 1285 3231 1516 3285; x_wconf 84' lang='grc' dir='ltr'>αὐτόθεν</span> <span class='ocrx_word' id='word_1_424' title='bbox 1546 3232 1902 3302; x_wconf 81' lang='grc' dir='ltr'>κατανοῆσαι.</span> 
     </span>
    </p>
   </div>
   <div class='ocr_carea' id='block_1_62' title="bbox 306 3319 1908 3394">
    <p class='ocr_par' dir='ltr' id='par_1_62' title="bbox 306 3319 1908 3394">
     <span class='ocr_line' id='line_1_62' title="bbox 306 3319 1908 3394; baseline 0.001 -20"><span class='ocrx_word' id='word_1_425' title='bbox 306 3321 624 3392; x_wconf 83' lang='grc' dir='ltr'>Παρίστησι</span> <span class='ocrx_word' id='word_1_426' title='bbox 667 3322 723 3374; x_wconf 79' lang='grc' dir='ltr'><strong>δέ</strong></span> <span class='ocrx_word' id='word_1_427' title='bbox 768 3321 925 3376; x_wconf 80' lang='grc' dir='ltr'>τοῦτο</span> <span class='ocrx_word' id='word_1_428' title='bbox 958 3322 1052 3376; x_wconf 77' lang='grc' dir='ltr'>καὶ</span> <span class='ocrx_word' id='word_1_429' title='bbox 1083 3325 1111 3377; x_wconf 91' lang='grc' dir='ltr'>ὁ</span> <span class='ocrx_word' id='word_1_430' title='bbox 1154 3325 1483 3382; x_wconf 78' lang='grc' dir='ltr'>Δεσποτικὸς</span> <span class='ocrx_word' id='word_1_431' title='bbox 1513 3325 1699 3394; x_wconf 79' lang='grc' dir='ltr'>λόγος,</span> <span class='ocrx_word' id='word_1_432' title='bbox 1740 3326 1798 3378; x_wconf 88' lang='grc' dir='ltr'><strong>ἐν</strong></span> <span class='ocrx_word' id='word_1_433' title='bbox 1827 3319 1908 3388; x_wconf 79' lang='grc' dir='ltr'>οἷς</span> 
     </span>
    </p>
   </div>
   <div class='ocr_carea' id='block_1_63' title="bbox 307 3412 1910 3483">
    <p class='ocr_par' dir='ltr' id='par_1_63' title="bbox 307 3412 1910 3483">
     <span class='ocr_line' id='line_1_63' title="bbox 307 3412 1910 3483; baseline 0.001 -19"><span class='ocrx_word' id='word_1_434' title='bbox 307 3429 452 3483; x_wconf 85' lang='grc' dir='ltr'>φησι</span> <span class='ocrx_word' id='word_1_435' title='bbox 479 3429 547 3465; x_wconf 88' lang='grc' dir='ltr'><strong>πε</strong></span> <span class='ocrx_word' id='word_1_436' title='bbox 555 3412 610 3483; x_wconf 75' lang='lat' dir='ltr'><strong>pl</strong></span> <span class='ocrx_word' id='word_1_437' title='bbox 633 3412 835 3479; x_wconf 85' lang='grc' dir='ltr'>αὐτῶν,</span> <span class='ocrx_word' id='word_1_438' title='bbox 878 3413 976 3468; x_wconf 83' lang='grc' dir='ltr'><strong>Ἐν</strong></span> <span class='ocrx_word' id='word_1_439' title='bbox 997 3414 1243 3480; x_wconf 82' lang='grc' dir='ltr'>ταύταις</span> <span class='ocrx_word' id='word_1_440' title='bbox 1261 3414 1392 3481; x_wconf 83' lang='grc' dir='ltr'>ταῖς</span> <span class='ocrx_word' id='word_1_441' title='bbox 1412 3415 1600 3469; x_wconf 79' lang='grc' dir='ltr'>δυσὶν</span> <span class='ocrx_word' id='word_1_442' title='bbox 1630 3414 1910 3481; x_wconf 77' lang='grc' dir='ltr'>ἐντολαῖς</span> 
     </span>
    </p>
   </div>
   <div class='ocr_carea' id='block_1_64' title="bbox 306 3505 1909 3577">
    <p class='ocr_par' dir='ltr' id='par_1_64' title="bbox 306 3505 1909 3577">
     <span class='ocr_line' id='line_1_64' title="bbox 306 3505 1909 3577; baseline 0.001 -18"><span class='ocrx_word' id='word_1_443' title='bbox 306 3507 462 3572; x_wconf 72' lang='grc' dir='ltr'>ὅλος</span> <span class='ocrx_word' id='word_1_444' title='bbox 503 3507 538 3560; x_wconf 83' lang='grc' dir='ltr'><em>ὀ</em></span> <span class='ocrx_word' id='word_1_445' title='bbox 585 3507 772 3574; x_wconf 70' lang='grc' dir='ltr'>νόμος</span> <span class='ocrx_word' id='word_1_446' title='bbox 819 3507 1144 3576; x_wconf 78' lang='grc' dir='ltr'>κρέμαται,</span> <span class='ocrx_word' id='word_1_447' title='bbox 1185 3505 1284 3561; x_wconf 73' lang='grc' dir='ltr'>καὶ</span> <span class='ocrx_word' id='word_1_448' title='bbox 1334 3511 1388 3562; x_wconf 84' lang='lat' dir='ltr'><strong>ol</strong></span> <span class='ocrx_word' id='word_1_449' title='bbox 1418 3507 1743 3577; x_wconf 67' lang='grc' dir='ltr'>προφῆται.</span> <span class='ocrx_word' id='word_1_450' title='bbox 1797 3506 1909 3562; x_wconf 81' lang='grc' dir='ltr'><strong>Καὶ</strong></span> 
     </span>
    </p>
   </div>
   <div class='ocr_carea' id='block_1_65' title="bbox 302 3596 1909 3672">
    <p class='ocr_par' dir='ltr' id='par_1_65' title="bbox 302 3596 1909 3672">
     <span class='ocr_line' id='line_1_65' title="bbox 302 3596 1909 3672; baseline 0.001 -22"><span class='ocrx_word' id='word_1_451' title='bbox 302 3599 428 3668; x_wconf 85' lang='grc' dir='ltr'>γὰρ</span> <span class='ocrx_word' id='word_1_452' title='bbox 457 3598 487 3649; x_wconf 89' lang='grc' dir='ltr'><strong>ό</strong></span> <span class='ocrx_word' id='word_1_453' title='bbox 515 3597 608 3650; x_wconf 81' lang='grc' dir='ltr'><strong>τὸν</strong></span> <span class='ocrx_word' id='word_1_454' title='bbox 637 3596 781 3652; x_wconf 85' lang='grc' dir='ltr'>Θεῖον</span> <span class='ocrx_word' id='word_1_455' title='bbox 802 3597 985 3670; x_wconf 77' lang='grc' dir='ltr'>ἔρωτα</span> <span class='ocrx_word' id='word_1_456' title='bbox 1013 3599 1483 3670; x_wconf 87' lang='grc' dir='ltr'>ἐνστερνισμένος,</span> <span class='ocrx_word' id='word_1_457' title='bbox 1515 3602 1612 3654; x_wconf 73' lang='grc' dir='ltr'>καὶ</span> <span class='ocrx_word' id='word_1_458' title='bbox 1643 3600 1736 3654; x_wconf 80' lang='grc' dir='ltr'><strong>τὸν</strong></span> <span class='ocrx_word' id='word_1_459' title='bbox 1771 3600 1909 3672; x_wconf 86' lang='grc' dir='ltr'>πλη-</span> 
     </span>
    </p>
   </div>
   <div class='ocr_carea' id='block_1_66' title="bbox 306 3688 1908 3763">
    <p class='ocr_par' dir='ltr' id='par_1_66' title="bbox 306 3688 1908 3763">
     <span class='ocr_line' id='line_1_66' title="bbox 306 3688 1908 3763; baseline 0.004 -22"><span class='ocrx_word' id='word_1_460' title='bbox 306 3688 432 3742; x_wconf 80' lang='grc' dir='ltr'>σίον</span> <span class='ocrx_word' id='word_1_461' title='bbox 457 3689 534 3751; x_wconf 85' lang='grc' dir='ltr'><strong>ὡς</strong></span> <span class='ocrx_word' id='word_1_462' title='bbox 569 3689 764 3742; x_wconf 79' lang='grc' dir='ltr'>ἑαυτὸν</span> <span class='ocrx_word' id='word_1_463' title='bbox 796 3689 1042 3762; x_wconf 85' lang='grc' dir='ltr'>στέργων</span> <span class='ocrx_word' id='word_1_464' title='bbox 1071 3691 1165 3744; x_wconf 75' lang='grc' dir='ltr'>καὶ</span> <span class='ocrx_word' id='word_1_465' title='bbox 1193 3691 1387 3761; x_wconf 88' lang='grc' dir='ltr'>φιλῶν,</span> <span class='ocrx_word' id='word_1_466' title='bbox 1436 3693 1651 3762; x_wconf 84' lang='grc' dir='ltr'>πατέρα</span> <span class='ocrx_word' id='word_1_467' title='bbox 1684 3693 1782 3763; x_wconf 66' lang='grc' dir='ltr'>μὲν</span> <span class='ocrx_word' id='word_1_468' title='bbox 1812 3695 1908 3750; x_wconf 80' lang='grc' dir='ltr'><strong>καὶ</strong></span> 
     </span>
    </p>
   </div>
   <div class='ocr_carea' id='block_1_67' title="bbox 309 3779 1906 3857">
    <p class='ocr_par' dir='ltr' id='par_1_67' title="bbox 309 3779 1906 3857">
     <span class='ocr_line' id='line_1_67' title="bbox 309 3779 1906 3857; baseline 0.005 -26"><span class='ocrx_word' id='word_1_469' title='bbox 309 3779 536 3853; x_wconf 84' lang='grc' dir='ltr'>μητέρα</span> <span class='ocrx_word' id='word_1_470' title='bbox 563 3779 928 3852; x_wconf 85' lang='grc' dir='ltr'>διαφερόντως</span> <span class='ocrx_word' id='word_1_471' title='bbox 957 3782 1256 3854; x_wconf 78' lang='grc' dir='ltr'>ἀγαπήσει,</span> <span class='ocrx_word' id='word_1_472' title='bbox 1294 3784 1392 3838; x_wconf 72' lang='grc' dir='ltr'>καὶ</span> <span class='ocrx_word' id='word_1_473' title='bbox 1417 3785 1587 3854; x_wconf 76' lang='grc' dir='ltr'>τιμῆς</span> <span class='ocrx_word' id='word_1_474' title='bbox 1618 3786 1716 3857; x_wconf 88' lang='grc' dir='ltr'>τῆς</span> <span class='ocrx_word' id='word_1_475' title='bbox 1749 3785 1906 3857; x_wconf 86' lang='grc' dir='ltr'>πρώ-</span> 
     </span>
    </p>
   </div>
   <div class='ocr_carea' id='block_1_68' title="bbox 302 3877 1908 3954">
    <p class='ocr_par' dir='ltr' id='par_1_68' title="bbox 302 3877 1908 3954">
     <span class='ocr_line' id='line_1_68' title="bbox 302 3877 1908 3954; baseline 0.006 -25"><span class='ocrx_word' id='word_1_476' title='bbox 302 3893 440 3948; x_wconf 83' lang='grc' dir='ltr'>της,</span> <span class='ocrx_word' id='word_1_477' title='bbox 479 3877 619 3946; x_wconf 85' lang='grc' dir='ltr'><strong>μετά</strong></span> <span class='ocrx_word' id='word_1_478' title='bbox 659 3895 724 3947; x_wconf 88' lang='grc' dir='ltr'><strong>γε</strong></span> <span class='ocrx_word' id='word_1_479' title='bbox 754 3878 910 3942; x_wconf 84' lang='grc' dir='ltr'>Θεὸν,</span> <span class='ocrx_word' id='word_1_480' title='bbox 956 3879 1212 3944; x_wconf 82' lang='grc' dir='ltr'>ἀξιώσει·</span> <span class='ocrx_word' id='word_1_481' title='bbox 1251 3881 1502 3951; x_wconf 77' lang='grc' dir='ltr'>αἱμάτων</span> <span class='ocrx_word' id='word_1_482' title='bbox 1531 3881 1589 3936; x_wconf 86' lang='grc' dir='ltr'>δὲ</span> <span class='ocrx_word' id='word_1_483' title='bbox 1629 3882 1908 3954; x_wconf 81' lang='grc' dir='ltr'>ἐμφυλίων</span> 
     </span>
    </p>
   </div>
   <div class='ocr_carea' id='block_1_69' title="bbox 309 3967 1907 4044">
    <p class='ocr_par' dir='ltr' id='par_1_69' title="bbox 309 3967 1907 4044">
     <span class='ocr_line' id='line_1_69' title="bbox 309 3967 1907 4044; baseline 0.004 -24"><span class='ocrx_word' id='word_1_484' title='bbox 309 3967 412 4020; x_wconf 81' lang='grc' dir='ltr'>καὶ</span> <span class='ocrx_word' id='word_1_485' title='bbox 447 3967 626 4038; x_wconf 89' lang='grc' dir='ltr'>φόνων</span> <span class='ocrx_word' id='word_1_486' title='bbox 678 3969 740 4021; x_wconf 86' lang='grc' dir='ltr'>οὺ</span> <span class='ocrx_word' id='word_1_487' title='bbox 793 3969 954 4037; x_wconf 84' lang='grc' dir='ltr'>μόνον</span> <span class='ocrx_word' id='word_1_488' title='bbox 981 3968 1081 4033; x_wconf 83' lang='grc' dir='ltr'><strong>τάς</strong></span> <span class='ocrx_word' id='word_1_489' title='bbox 1127 3971 1315 4042; x_wconf 90' lang='grc' dir='ltr'>χεῖρας</span> <span class='ocrx_word' id='word_1_490' title='bbox 1347 3971 1594 4044; x_wconf 77' lang='grc' dir='ltr'>καθαρὰς</span> <span class='ocrx_word' id='word_1_491' title='bbox 1644 3973 1907 4043; x_wconf 81' lang='grc' dir='ltr'>φυλάξει,</span> 
     </span>
    </p>
   </div>
   <div class='ocr_carea' id='block_1_70' title="bbox 306 4057 1908 4142">
    <p class='ocr_par' dir='ltr' id='par_1_70' title="bbox 306 4057 1908 4142">
     <span class='ocr_line' id='line_1_70' title="bbox 306 4057 1908 4142; baseline 0.004 -31"><span class='ocrx_word' id='word_1_492' title='bbox 306 4057 455 4111; x_wconf 77' lang='grc' dir='ltr'><strong>ἀλλά</strong></span> <span class='ocrx_word' id='word_1_493' title='bbox 489 4059 584 4112; x_wconf 83' lang='grc' dir='ltr'>καὶ</span> <span class='ocrx_word' id='word_1_494' title='bbox 614 4058 712 4130; x_wconf 85' lang='grc' dir='ltr'>τὴν</span> <span class='ocrx_word' id='word_1_495' title='bbox 756 4059 1011 4142; x_wconf 86' lang='grc' dir='ltr'>γλῶσσαν</span> <span class='ocrx_word' id='word_1_496' title='bbox 1061 4061 1155 4114; x_wconf 77' lang='grc' dir='ltr'>καὶ</span> <span class='ocrx_word' id='word_1_497' title='bbox 1186 4062 1314 4125; x_wconf 81' lang='grc' dir='ltr'>τοὺς</span> <span class='ocrx_word' id='word_1_498' title='bbox 1341 4060 1638 4134; x_wconf 87' lang='grc' dir='ltr'>λογισμοὺς</span> <span class='ocrx_word' id='word_1_499' title='bbox 1674 4063 1908 4135; x_wconf 87' lang='grc' dir='ltr'>μελέτης</span> 
     </span>
    </p>
   </div>
   <div class='ocr_carea' id='block_1_71' title="bbox 308 4147 1909 4225">
    <p class='ocr_par' dir='ltr' id='par_1_71' title="bbox 308 4147 1909 4225">
     <span class='ocr_line' id='line_1_71' title="bbox 308 4147 1909 4225; baseline 0.003 -24"><span class='ocrx_word' id='word_1_500' title='bbox 308 4147 607 4219; x_wconf 75' lang='grc' dir='ltr'>τοιαύτηςο</span> <span class='ocrx_word' id='word_1_501' title='bbox 639 4149 699 4202; x_wconf 85' lang='grc' dir='ltr'>οὐ</span> <span class='ocrx_word' id='word_1_502' title='bbox 737 4149 844 4222; x_wconf 77' lang='grc' dir='ltr'>μὴν</span> <span class='ocrx_word' id='word_1_503' title='bbox 890 4150 1013 4204; x_wconf 86' lang='grc' dir='ltr'>οὐδὲ</span> <span class='ocrx_word' id='word_1_504' title='bbox 1059 4150 1308 4221; x_wconf 72' lang='grc' dir='ltr'>κλέψειεν</span> <span class='ocrx_word' id='word_1_505' title='bbox 1357 4147 1542 4216; x_wconf 80' lang='grc' dir='ltr'>οὗτος·</span> <span class='ocrx_word' id='word_1_506' title='bbox 1577 4153 1754 4217; x_wconf 74' lang='grc' dir='ltr'>οὐδεὶς</span> <span class='ocrx_word' id='word_1_507' title='bbox 1798 4154 1909 4225; x_wconf 84' lang='grc' dir='ltr'>γὰρ</span> 
     </span>
    </p>
   </div>
   <div class='ocr_carea' id='block_1_72' title="bbox 2014 3242 3598 3305">
    <p class='ocr_par' dir='ltr' id='par_1_72' title="bbox 2014 3242 3598 3305">
     <span class='ocr_line' id='line_1_72' title="bbox 2014 3242 3598 3305; baseline -0.001 -8"><span class='ocrx_word' id='word_1_508' title='bbox 2014 3259 2200 3299; x_wconf 90' lang='lat' dir='ltr'><strong>rorum</strong></span> <span class='ocrx_word' id='word_1_509' title='bbox 2227 3245 2608 3299; x_wconf 86' lang='lat' dir='ltr'><strong>mandatorum</strong></span> <span class='ocrx_word' id='word_1_510' title='bbox 2639 3245 2694 3298; x_wconf 91' lang='lat' dir='ltr'><strong>in</strong></span> <span class='ocrx_word' id='word_1_511' title='bbox 2716 3259 2776 3298; x_wconf 91' lang='lat' dir='ltr'><strong>se</strong></span> <span class='ocrx_word' id='word_1_512' title='bbox 2805 3243 3127 3298; x_wconf 90' lang='lat' dir='ltr'><strong>contineant</strong></span> <span class='ocrx_word' id='word_1_513' title='bbox 3159 3244 3427 3305; x_wconf 83' lang='lat' dir='ltr'><strong>actiones,</strong></span> <span class='ocrx_word' id='word_1_514' title='bbox 3451 3242 3598 3296; x_wconf 87' lang='lat' dir='ltr'><strong>haud</strong></span> 
     </span>
    </p>
   </div>
   <div class='ocr_carea' id='block_1_73' title="bbox 2010 3331 3599 3405">
    <p class='ocr_par' dir='ltr' id='par_1_73' title="bbox 2010 3331 3599 3405">
     <span class='ocr_line' id='line_1_73' title="bbox 2010 3331 3599 3405; baseline -0.003 -15"><span class='ocrx_word' id='word_1_515' title='bbox 2010 3344 2163 3390; x_wconf 85' lang='lat' dir='ltr'><strong>certe</strong></span> <span class='ocrx_word' id='word_1_516' title='bbox 2193 3334 2483 3389; x_wconf 79' lang='lat' dir='ltr'><strong>dimculter</strong></span> <span class='ocrx_word' id='word_1_517' title='bbox 2506 3349 2537 3388; x_wconf 91' lang='lat' dir='ltr'><strong>e</strong></span> <span class='ocrx_word' id='word_1_518' title='bbox 2563 3349 2623 3389; x_wconf 90' lang='lat' dir='ltr'><strong>re</strong></span> <span class='ocrx_word' id='word_1_519' title='bbox 2653 3334 2769 3404; x_wconf 87' lang='lat' dir='ltr'><strong>ipsa</strong></span> <span class='ocrx_word' id='word_1_520' title='bbox 2800 3332 3028 3405; x_wconf 90' lang='lat' dir='ltr'><strong>intelligi</strong></span> <span class='ocrx_word' id='word_1_521' title='bbox 3062 3339 3263 3404; x_wconf 82' lang='lat' dir='ltr'><strong>potest.</strong></span> <span class='ocrx_word' id='word_1_522' title='bbox 3286 3331 3394 3386; x_wconf 88' lang='lat' dir='ltr'><strong>Sed</strong></span> <span class='ocrx_word' id='word_1_523' title='bbox 3419 3341 3472 3387; x_wconf 83' lang='lat' dir='ltr'><strong>et</strong></span> <span class='ocrx_word' id='word_1_524' title='bbox 3498 3333 3599 3387; x_wconf 88' lang='lat' dir='ltr'><strong>do-</strong></span> 
     </span>
    </p>
   </div>
   <div class='ocr_carea' id='block_1_74' title="bbox 2012 3425 3599 3496">
    <p class='ocr_par' dir='ltr' id='par_1_74' title="bbox 2012 3425 3599 3496">
     <span class='ocr_line' id='line_1_74' title="bbox 2012 3425 3599 3496; baseline -0.001 -14"><span class='ocrx_word' id='word_1_525' title='bbox 2012 3436 2102 3482; x_wconf 90' lang='lat' dir='ltr'><strong>cet</strong></span> <span class='ocrx_word' id='word_1_526' title='bbox 2132 3430 2235 3482; x_wconf 89' lang='lat' dir='ltr'><strong>hoc</strong></span> <span class='ocrx_word' id='word_1_527' title='bbox 2280 3427 2504 3496; x_wconf 91' lang='lat' dir='ltr'><strong>insuper</strong></span> <span class='ocrx_word' id='word_1_528' title='bbox 2550 3427 2779 3482; x_wconf 85' lang='lat' dir='ltr'><strong>verbum</strong></span> <span class='ocrx_word' id='word_1_529' title='bbox 2826 3426 2964 3481; x_wconf 89' lang='lat' dir='ltr'><strong>illud</strong></span> <span class='ocrx_word' id='word_1_530' title='bbox 3017 3425 3255 3492; x_wconf 85' lang='lat' dir='ltr'><strong>Domini,</strong></span> <span class='ocrx_word' id='word_1_531' title='bbox 3300 3441 3411 3496; x_wconf 91' lang='lat' dir='ltr'><strong>quo</strong></span> <span class='ocrx_word' id='word_1_532' title='bbox 3463 3441 3599 3481; x_wconf 88' lang='lat' dir='ltr'><strong>cen-</strong></span> 
     </span>
    </p>
   </div>
   <div class='ocr_carea' id='block_1_75' title="bbox 2012 3517 3597 3589">
    <p class='ocr_par' dir='ltr' id='par_1_75' title="bbox 2012 3517 3597 3589">
     <span class='ocr_line' id='line_1_75' title="bbox 2012 3517 3597 3589; baseline -0.003 -14"><span class='ocrx_word' id='word_1_533' title='bbox 2012 3520 2212 3575; x_wconf 83' lang='lat' dir='ltr'><strong>sebat:</strong></span> <span class='ocrx_word' id='word_1_534' title='bbox 2252 3517 2322 3572; x_wconf 86' lang='lat' dir='ltr'><strong>In</strong></span> <span class='ocrx_word' id='word_1_535' title='bbox 2368 3519 2567 3574; x_wconf 85' lang='lat' dir='ltr'><strong>duobus</strong></span> <span class='ocrx_word' id='word_1_536' title='bbox 2599 3520 2738 3574; x_wconf 79' lang='lat' dir='ltr'><strong>hisce</strong></span> <span class='ocrx_word' id='word_1_537' title='bbox 2771 3518 3048 3589; x_wconf 65' lang='lat' dir='ltr'><strong>praeceptis</strong></span> <span class='ocrx_word' id='word_1_538' title='bbox 3091 3526 3198 3572; x_wconf 78' lang='lat' dir='ltr'><strong>tota</strong></span> <span class='ocrx_word' id='word_1_539' title='bbox 3249 3517 3334 3572; x_wconf 75' lang='lat' dir='ltr'><strong>(ea:</strong></span> <span class='ocrx_word' id='word_1_540' title='bbox 3377 3534 3597 3586; x_wconf 82' lang='lat' dir='ltr'><strong>suspen-</strong></span> 
     </span>
    </p>
   </div>
   <div class='ocr_carea' id='block_1_76' title="bbox 2013 3610 3596 3683">
    <p class='ocr_par' dir='ltr' id='par_1_76' title="bbox 2013 3610 3596 3683">
     <span class='ocr_line' id='line_1_76' title="bbox 2013 3610 3596 3683; baseline -0.002 -16"><span class='ocrx_word' id='word_1_541' title='bbox 2013 3613 2157 3668; x_wconf 78' lang='lat' dir='ltr'><strong>ditur</strong></span> <span class='ocrx_word' id='word_1_542' title='bbox 2187 3621 2236 3668; x_wconf 84' lang='lat' dir='ltr'><strong>et</strong></span> <span class='ocrx_word' id='word_1_543' title='bbox 2264 3613 2530 3683; x_wconf 74' lang='lat' dir='ltr'><strong>propheta:</strong></span> <span class='ocrx_word' id='word_1_544' title='bbox 2555 3614 2596 3667; x_wconf 83' lang='grc'>⁵.</span> <span class='ocrx_word' id='word_1_545' title='bbox 2637 3612 2743 3678; x_wconf 87' lang='lat' dir='ltr'><strong>Qui</strong></span> <span class='ocrx_word' id='word_1_546' title='bbox 2776 3613 2921 3666; x_wconf 88' lang='lat' dir='ltr'><strong>enim</strong></span> <span class='ocrx_word' id='word_1_547' title='bbox 2946 3611 3192 3666; x_wconf 86' lang='lat' dir='ltr'><strong>divinum</strong></span> <span class='ocrx_word' id='word_1_548' title='bbox 3220 3610 3322 3666; x_wconf 90' lang='lat' dir='ltr'><strong>sibi</strong></span> <span class='ocrx_word' id='word_1_549' title='bbox 3354 3619 3596 3665; x_wconf 88' lang='lat' dir='ltr'><strong>amorem</strong></span> 
     </span>
    </p>
   </div>
   <div class='ocr_carea' id='block_1_77' title="bbox 2013 3704 3596 3776">
    <p class='ocr_par' dir='ltr' id='par_1_77' title="bbox 2013 3704 3596 3776">
     <span class='ocr_line' id='line_1_77' title="bbox 2013 3704 3596 3776; baseline -0.001 -17"><span class='ocrx_word' id='word_1_550' title='bbox 2013 3705 2396 3776; x_wconf 83' lang='lat' dir='ltr'><strong>impectoravit</strong></span> <span class='ocrx_word' id='word_1_551' title='bbox 2427 3713 2483 3760; x_wconf 92' lang='lat' dir='ltr'><strong>et</strong></span> <span class='ocrx_word' id='word_1_552' title='bbox 2509 3705 2752 3760; x_wconf 86' lang='lat' dir='ltr'><strong>vicinum</strong></span> <span class='ocrx_word' id='word_1_553' title='bbox 2771 3705 2946 3776; x_wconf 81' lang='lat' dir='ltr'><strong>diligit</strong></span> <span class='ocrx_word' id='word_1_554' title='bbox 2969 3705 3110 3760; x_wconf 90' lang='lat' dir='ltr'><strong>sicut</strong></span> <span class='ocrx_word' id='word_1_555' title='bbox 3138 3704 3253 3773; x_wconf 88' lang='lat' dir='ltr'><strong>ipse</strong></span> <span class='ocrx_word' id='word_1_556' title='bbox 3272 3719 3356 3769; x_wconf 92' lang='lat' dir='ltr'><strong>se,</strong></span> <span class='ocrx_word' id='word_1_557' title='bbox 3383 3713 3596 3774; x_wconf 86' lang='lat' dir='ltr'><strong>patrem</strong></span> 
     </span>
    </p>
   </div>
   <div class='ocr_carea' id='block_1_78' title="bbox 2014 3797 3600 3868">
    <p class='ocr_par' dir='ltr' id='par_1_78' title="bbox 2014 3797 3600 3868">
     <span class='ocr_line' id='line_1_78' title="bbox 2014 3797 3600 3868; baseline 0 -17"><span class='ocrx_word' id='word_1_558' title='bbox 2014 3798 2236 3868; x_wconf 89' lang='lat' dir='ltr'><strong>quidem</strong></span> <span class='ocrx_word' id='word_1_559' title='bbox 2296 3807 2353 3853; x_wconf 92' lang='lat' dir='ltr'><strong>et</strong></span> <span class='ocrx_word' id='word_1_560' title='bbox 2399 3807 2630 3853; x_wconf 87' lang='lat' dir='ltr'><strong>matrem</strong></span> <span class='ocrx_word' id='word_1_561' title='bbox 2680 3797 3052 3852; x_wconf 79' lang='lat' dir='ltr'><strong>excellentiori</strong></span> <span class='ocrx_word' id='word_1_562' title='bbox 3131 3797 3366 3866; x_wconf 87' lang='lat' dir='ltr'><strong>quodam</strong></span> <span class='ocrx_word' id='word_1_563' title='bbox 3435 3797 3600 3852; x_wconf 88' lang='lat' dir='ltr'><strong>modo</strong></span> 
     </span>
    </p>
   </div>
   <div class='ocr_carea' id='block_1_79' title="bbox 2014 3889 3600 3962">
    <p class='ocr_par' dir='ltr' id='par_1_79' title="bbox 2014 3889 3600 3962">
     <span class='ocr_line' id='line_1_79' title="bbox 2014 3889 3600 3962; baseline 0.001 -17"><span class='ocrx_word' id='word_1_564' title='bbox 2014 3891 2450 3962; x_wconf 87' lang='lat' dir='ltr'><strong>complectetur,</strong></span> <span class='ocrx_word' id='word_1_565' title='bbox 2512 3900 2567 3946; x_wconf 88' lang='lat' dir='ltr'><strong>et</strong></span> <span class='ocrx_word' id='word_1_566' title='bbox 2621 3900 2746 3960; x_wconf 91' lang='lat' dir='ltr'><strong>post</strong></span> <span class='ocrx_word' id='word_1_567' title='bbox 2815 3889 2984 3945; x_wconf 90' lang='lat' dir='ltr'><strong>Deum</strong></span> <span class='ocrx_word' id='word_1_568' title='bbox 3051 3892 3326 3962; x_wconf 81' lang='lat' dir='ltr'><strong>praecipuo</strong></span> <span class='ocrx_word' id='word_1_569' title='bbox 3389 3892 3600 3946; x_wconf 85' lang='lat' dir='ltr'><strong>honore</strong></span> 
     </span>
    </p>
   </div>
   <div class='ocr_carea' id='block_1_80' title="bbox 2011 3983 3599 4056">
    <p class='ocr_par' dir='ltr' id='par_1_80' title="bbox 2011 3983 3599 4056">
     <span class='ocr_line' id='line_1_80' title="bbox 2011 3983 3599 4056; baseline 0.001 -19"><span class='ocrx_word' id='word_1_570' title='bbox 2011 3992 2413 4054; x_wconf 89' lang='lat' dir='ltr'><strong>prosequetur;</strong></span> <span class='ocrx_word' id='word_1_571' title='bbox 2476 3999 2508 4038; x_wconf 91' lang='lat' dir='ltr'><strong>a</strong></span> <span class='ocrx_word' id='word_1_572' title='bbox 2565 3984 2830 4056; x_wconf 75' lang='lat' dir='ltr'><strong>sanguine</strong></span> <span class='ocrx_word' id='word_1_573' title='bbox 2875 3999 3042 4054; x_wconf 87' lang='lat' dir='ltr'><strong>porro</strong></span> <span class='ocrx_word' id='word_1_574' title='bbox 3087 3992 3144 4038; x_wconf 92' lang='lat' dir='ltr'><strong>et</strong></span> <span class='ocrx_word' id='word_1_575' title='bbox 3187 3983 3426 4038; x_wconf 67' lang='lat' dir='ltr'><strong>cmdibus</strong></span> <span class='ocrx_word' id='word_1_576' title='bbox 3462 3999 3599 4039; x_wconf 89' lang='lat' dir='ltr'><strong>con-</strong></span> 
     </span>
    </p>
   </div>
   <div class='ocr_carea' id='block_1_81' title="bbox 2011 4075 3602 4147">
    <p class='ocr_par' dir='ltr' id='par_1_81' title="bbox 2011 4075 3602 4147">
     <span class='ocr_line' id='line_1_81' title="bbox 2011 4075 3602 4147; baseline -0.001 -16"><span class='ocrx_word' id='word_1_577' title='bbox 2011 4078 2437 4147; x_wconf 84' lang='lat' dir='ltr'><strong>sanguineorum</strong></span> <span class='ocrx_word' id='word_1_578' title='bbox 2464 4091 2633 4146; x_wconf 89' lang='lat' dir='ltr'><strong>puras</strong></span> <span class='ocrx_word' id='word_1_579' title='bbox 2666 4075 2770 4130; x_wconf 90' lang='lat' dir='ltr'><strong>sibi</strong></span> <span class='ocrx_word' id='word_1_580' title='bbox 2803 4090 3000 4131; x_wconf 90' lang='lat' dir='ltr'><strong>manus</strong></span> <span class='ocrx_word' id='word_1_581' title='bbox 3022 4075 3390 4141; x_wconf 87' lang='lat' dir='ltr'><strong>conservabit,</strong></span> <span class='ocrx_word' id='word_1_582' title='bbox 3423 4075 3518 4130; x_wconf 85' lang='lat' dir='ltr'><strong>sed</strong></span> <span class='ocrx_word' id='word_1_583' title='bbox 3544 4085 3602 4130; x_wconf 87' lang='lat' dir='ltr'><strong>et</strong></span> 
     </span>
    </p>
   </div>
   <div class='ocr_carea' id='block_1_82' title="bbox 2012 4164 3598 4236">
    <p class='ocr_par' dir='ltr' id='par_1_82' title="bbox 2012 4164 3598 4236">
     <span class='ocr_line' id='line_1_82' title="bbox 2012 4164 3598 4236; baseline -0.001 -16"><span class='ocrx_word' id='word_1_584' title='bbox 2012 4166 2254 4236; x_wconf 87' lang='lat' dir='ltr'><strong>linguam</strong></span> <span class='ocrx_word' id='word_1_585' title='bbox 2282 4181 2446 4235; x_wconf 84' lang='lat' dir='ltr'><strong>porro</strong></span> <span class='ocrx_word' id='word_1_586' title='bbox 2497 4175 2555 4220; x_wconf 90' lang='lat' dir='ltr'><strong>et</strong></span> <span class='ocrx_word' id='word_1_587' title='bbox 2600 4164 2964 4235; x_wconf 87' lang='lat' dir='ltr'><strong>cogitationes</strong></span> <span class='ocrx_word' id='word_1_588' title='bbox 3017 4165 3086 4220; x_wconf 88' lang='lat' dir='ltr'><strong>ab</strong></span> <span class='ocrx_word' id='word_1_589' title='bbox 3140 4164 3411 4235; x_wconf 88' lang='lat' dir='ltr'><strong>ejusmodi</strong></span> <span class='ocrx_word' id='word_1_590' title='bbox 3447 4167 3598 4220; x_wconf 89' lang='lat' dir='ltr'><strong>omni</strong></span> 
     </span>
    </p>
   </div>
   <div class='ocr_carea' id='block_1_83' title="bbox 307 4238 1906 4316">
    <p class='ocr_par' dir='ltr' id='par_1_83' title="bbox 307 4238 1906 4316">
     <span class='ocr_line' id='line_1_83' title="bbox 307 4238 1906 4316; baseline 0.003 -24"><span class='ocrx_word' id='word_1_591' title='bbox 307 4241 374 4292; x_wconf 75' lang='grc' dir='ltr'>ὅν</span> <span class='ocrx_word' id='word_1_592' title='bbox 421 4238 498 4302; x_wconf 83' lang='grc' dir='ltr'>ὡς</span> <span class='ocrx_word' id='word_1_593' title='bbox 547 4239 738 4293; x_wconf 81' lang='grc' dir='ltr'>ἐαυτὸν</span> <span class='ocrx_word' id='word_1_594' title='bbox 787 4240 931 4310; x_wconf 77' lang='grc' dir='ltr'>φιλεῖ</span> <span class='ocrx_word' id='word_1_595' title='bbox 975 4241 1067 4292; x_wconf 82' lang='grc' dir='ltr'>καὶ</span> <span class='ocrx_word' id='word_1_596' title='bbox 1110 4241 1396 4310; x_wconf 80' lang='grc' dir='ltr'>φυλάττει,</span> <span class='ocrx_word' id='word_1_597' title='bbox 1444 4242 1634 4295; x_wconf 88' lang='grc' dir='ltr'>τούτου</span> <span class='ocrx_word' id='word_1_598' title='bbox 1665 4243 1906 4316; x_wconf 83' lang='grc' dir='ltr'>κλέπτης</span> 
     </span>
    </p>
   </div>
   <div class='ocr_carea' id='block_1_84' title="bbox 310 4331 1902 4418">
    <p class='ocr_par' dir='ltr' id='par_1_84' title="bbox 310 4331 1902 4407">
     <span class='ocr_line' id='line_1_84' title="bbox 310 4331 1902 4407; baseline 0.003 -22"><span class='ocrx_word' id='word_1_599' title='bbox 310 4331 638 4404; x_wconf 74' lang='grc' dir='ltr'>ἑφωράθη.--</span> <span class='ocrx_word' id='word_1_600' title='bbox 655 4333 794 4386; x_wconf 82' lang='grc' dir='ltr'>Ἀλλ’</span> <span class='ocrx_word' id='word_1_601' title='bbox 843 4334 965 4386; x_wconf 84' lang='grc' dir='ltr'>οὐδὲ</span> <span class='ocrx_word' id='word_1_602' title='bbox 1019 4333 1336 4404; x_wconf 83' lang='grc' dir='ltr'>ἀλλοτρίους</span> <span class='ocrx_word' id='word_1_603' title='bbox 1382 4334 1596 4406; x_wconf 85' lang='grc' dir='ltr'>γάμους</span> <span class='ocrx_word' id='word_1_604' title='bbox 1647 4335 1902 4407; x_wconf 83' lang='grc' dir='ltr'>διορύξει.</span> 
     </span>
    </p>
   </div>
   <div class='ocr_carea' id='block_1_85' title="bbox 2007 4331 3600 4418">
    <p class='ocr_par' dir='ltr' id='par_1_85' title="bbox 2009 4347 3600 4418">
     <span class='ocr_line' id='line_1_85' title="bbox 2009 4347 3600 4418; baseline -0.001 -15"><span class='ocrx_word' id='word_1_605' title='bbox 2009 4357 2114 4411; x_wconf 90' lang='lat' dir='ltr'><strong>est,</strong></span> <span class='ocrx_word' id='word_1_606' title='bbox 2149 4363 2330 4416; x_wconf 87' lang='lat' dir='ltr'><strong>neque</strong></span> <span class='ocrx_word' id='word_1_607' title='bbox 2360 4349 2510 4402; x_wconf 89' lang='lat' dir='ltr'><strong>enim</strong></span> <span class='ocrx_word' id='word_1_608' title='bbox 2553 4363 2793 4418; x_wconf 91' lang='lat' dir='ltr'><strong>unquam</strong></span> <span class='ocrx_word' id='word_1_609' title='bbox 2829 4347 2983 4403; x_wconf 92' lang='lat' dir='ltr'><strong>illum</strong></span> <span class='ocrx_word' id='word_1_610' title='bbox 3029 4348 3294 4418; x_wconf 87' lang='lat' dir='ltr'><strong>spoliasse</strong></span> <span class='ocrx_word' id='word_1_611' title='bbox 3321 4350 3600 4403; x_wconf 83' lang='lat' dir='ltr'><strong>invenitur</strong></span> 
     </span>
    </p>
   </div>
   <div class='ocr_carea' id='block_1_86' title="bbox 311 4427 1902 4508">
    <p class='ocr_par' dir='ltr' id='par_1_86' title="bbox 311 4427 1902 4506">
     <span class='ocr_line' id='line_1_86' title="bbox 311 4427 1902 4506; baseline 0.003 -26"><span class='ocrx_word' id='word_1_612' title='bbox 311 4427 442 4481; x_wconf 74' lang='grc' dir='ltr'><strong>Οὐδ’</strong></span> <span class='ocrx_word' id='word_1_613' title='bbox 475 4429 637 4500; x_wconf 84' lang='grc' dir='ltr'>ὅρκον</span> <span class='ocrx_word' id='word_1_614' title='bbox 661 4429 920 4500; x_wconf 86' lang='grc' dir='ltr'>ἐπίορκον</span> <span class='ocrx_word' id='word_1_615' title='bbox 950 4429 1160 4498; x_wconf 77' lang='grc' dir='ltr'>ὀμόσει,</span> <span class='ocrx_word' id='word_1_616' title='bbox 1189 4431 1250 4484; x_wconf 87' lang='grc' dir='ltr'>οὐ</span> <span class='ocrx_word' id='word_1_617' title='bbox 1290 4431 1388 4501; x_wconf 82' lang='grc' dir='ltr'>μὲν</span> <span class='ocrx_word' id='word_1_618' title='bbox 1425 4431 1519 4485; x_wconf 79' lang='grc' dir='ltr'>οὖν</span> <span class='ocrx_word' id='word_1_619' title='bbox 1543 4431 1665 4485; x_wconf 81' lang='grc' dir='ltr'>οὐδὲ</span> <span class='ocrx_word' id='word_1_620' title='bbox 1695 4450 1902 4506; x_wconf 83' lang='grc' dir='ltr'>μαρτυ-</span> 
     </span>
    </p>
   </div>
   <div class='ocr_carea' id='block_1_87' title="bbox 2007 4427 3599 4508">
    <p class='ocr_par' dir='ltr' id='par_1_87' title="bbox 2010 4436 3599 4508">
     <span class='ocr_line' id='line_1_87' title="bbox 2010 4436 3599 4508; baseline 0.001 -19"><span class='ocrx_word' id='word_1_621' title='bbox 2010 4436 2208 4506; x_wconf 87' lang='lat' dir='ltr'><strong>aliquis</strong></span> <span class='ocrx_word' id='word_1_622' title='bbox 2232 4452 2395 4507; x_wconf 90' lang='lat' dir='ltr'><strong>quem</strong></span> <span class='ocrx_word' id='word_1_623' title='bbox 2429 4436 2622 4508; x_wconf 88' lang='lat' dir='ltr'><strong>diligit,</strong></span> <span class='ocrx_word' id='word_1_624' title='bbox 2649 4439 2737 4492; x_wconf 91' lang='lat' dir='ltr'><strong>cui</strong></span> <span class='ocrx_word' id='word_1_625' title='bbox 2771 4447 2958 4492; x_wconf 88' lang='lat' dir='ltr'><strong>custos</strong></span> <span class='ocrx_word' id='word_1_626' title='bbox 3001 4439 3329 4508; x_wconf 88' lang='lat' dir='ltr'><strong>apponitur;</strong></span> <span class='ocrx_word' id='word_1_627' title='bbox 3357 4437 3453 4492; x_wconf 92' lang='lat' dir='ltr'><strong>sed</strong></span> <span class='ocrx_word' id='word_1_628' title='bbox 3495 4453 3599 4490; x_wconf 84' lang='lat' dir='ltr'><strong>nec.</strong></span> 
     </span>
    </p>
   </div>
   <div class='ocr_carea' id='block_1_88' title="bbox 313 4519 1902 4598">
    <p class='ocr_par' dir='ltr' id='par_1_88' title="bbox 313 4519 1900 4594">
     <span class='ocr_line' id='line_1_88' title="bbox 313 4519 1900 4594; baseline 0.006 -24"><span class='ocrx_word' id='word_1_629' title='bbox 313 4520 442 4593; x_wconf 78' lang='grc' dir='ltr'>ρίαν</span> <span class='ocrx_word' id='word_1_630' title='bbox 469 4519 640 4592; x_wconf 81' lang='grc' dir='ltr'>ψευδῆ</span> <span class='ocrx_word' id='word_1_631' title='bbox 662 4521 804 4575; x_wconf 86' lang='grc' dir='ltr'><strong>κατά</strong></span> <span class='ocrx_word' id='word_1_632' title='bbox 829 4521 924 4575; x_wconf 85' lang='grc' dir='ltr'>τοῦ</span> <span class='ocrx_word' id='word_1_633' title='bbox 951 4521 1178 4593; x_wconf 90' lang='grc' dir='ltr'>πλησίον</span> <span class='ocrx_word' id='word_1_634' title='bbox 1208 4524 1571 4594; x_wconf 88' lang='grc' dir='ltr'>μαρτυρήσει.</span> <span class='ocrx_word' id='word_1_635' title='bbox 1604 4527 1716 4578; x_wconf 76' lang='grc' dir='ltr'><strong>Καὶ</strong></span> <span class='ocrx_word' id='word_1_636' title='bbox 1746 4526 1900 4592; x_wconf 79' lang='grc' dir='ltr'>ὅλως,</span> 
     </span>
    </p>
   </div>
   <div class='ocr_carea' id='block_1_89' title="bbox 2007 4519 3599 4598">
    <p class='ocr_par' dir='ltr' id='par_1_89' title="bbox 2008 4527 3599 4598">
     <span class='ocr_line' id='line_1_89' title="bbox 2008 4527 3599 4598; baseline 0 -17"><span class='ocrx_word' id='word_1_637' title='bbox 2008 4527 2248 4582; x_wconf 86' lang='lat' dir='ltr'><strong>alienum</strong></span> <span class='ocrx_word' id='word_1_638' title='bbox 2282 4528 2555 4598; x_wconf 89' lang='lat' dir='ltr'><strong>irrumpct</strong></span> <span class='ocrx_word' id='word_1_639' title='bbox 2585 4529 2923 4595; x_wconf 84' lang='lat' dir='ltr'><strong>thalamum;</strong></span> <span class='ocrx_word' id='word_1_640' title='bbox 2985 4544 3090 4584; x_wconf 90' lang='lat' dir='ltr'><strong>nec</strong></span> <span class='ocrx_word' id='word_1_641' title='bbox 3139 4529 3334 4584; x_wconf 78' lang='lat' dir='ltr'><strong>falsum</strong></span> <span class='ocrx_word' id='word_1_642' title='bbox 3390 4528 3599 4598; x_wconf 87' lang='lat' dir='ltr'><strong>jurabit</strong></span> 
     </span>
    </p>
   </div>
   <div class='ocr_carea' id='block_1_90' title="bbox 311 4611 1902 4689">
    <p class='ocr_par' dir='ltr' id='par_1_90' title="bbox 311 4611 1902 4688">
     <span class='ocr_line' id='line_1_90' title="bbox 311 4611 1902 4688; baseline 0.005 -24"><span class='ocrx_word' id='word_1_643' title='bbox 311 4611 379 4665; x_wconf 89' lang='grc' dir='ltr'><strong>ού</strong></span> <span class='ocrx_word' id='word_1_644' title='bbox 409 4613 612 4683; x_wconf 84' lang='grc' dir='ltr'>χειρῶν</span> <span class='ocrx_word' id='word_1_645' title='bbox 653 4611 858 4667; x_wconf 83' lang='grc' dir='ltr'>ἀδίκων</span> <span class='ocrx_word' id='word_1_646' title='bbox 894 4613 1087 4685; x_wconf 75' lang='grc' dir='ltr'>ἄρξει,</span> <span class='ocrx_word' id='word_1_647' title='bbox 1132 4615 1359 4668; x_wconf 85' lang='grc' dir='ltr'>τύπτειν</span> <span class='ocrx_word' id='word_1_648' title='bbox 1393 4615 1427 4687; x_wconf 78' lang='grc' dir='ltr'><strong>ἢ</strong></span> <span class='ocrx_word' id='word_1_649' title='bbox 1468 4617 1902 4688; x_wconf 79' lang='grc' dir='ltr'>προπηλακίζειν</span> 
     </span>
    </p>
   </div>
   <div class='ocr_carea' id='block_1_91' title="bbox 2007 4611 3596 4689">
    <p class='ocr_par' dir='ltr' id='par_1_91' title="bbox 2009 4618 3596 4689">
     <span class='ocr_line' id='line_1_91' title="bbox 2009 4618 3596 4689; baseline 0 -17"><span class='ocrx_word' id='word_1_650' title='bbox 2009 4618 2404 4689; x_wconf 83' lang='lat' dir='ltr'><strong>juramentum,</strong></span> <span class='ocrx_word' id='word_1_651' title='bbox 2473 4619 2684 4675; x_wconf 91' lang='lat' dir='ltr'><strong>nullum</strong></span> <span class='ocrx_word' id='word_1_652' title='bbox 2743 4620 2892 4676; x_wconf 88' lang='lat' dir='ltr'><strong>dicet</strong></span> <span class='ocrx_word' id='word_1_653' title='bbox 2957 4620 3153 4677; x_wconf 84' lang='lat' dir='ltr'><strong>falsum</strong></span> <span class='ocrx_word' id='word_1_654' title='bbox 3223 4620 3596 4676; x_wconf 89' lang='lat' dir='ltr'><strong>testimonium</strong></span> 
     </span>
    </p>
   </div>
   <div class='ocr_carea' id='block_1_92' title="bbox 312 4703 1902 4783">
    <p class='ocr_par' dir='ltr' id='par_1_92' title="bbox 312 4703 1902 4780">
     <span class='ocr_line' id='line_1_92' title="bbox 312 4703 1902 4780; baseline 0.004 -23"><span class='ocrx_word' id='word_1_655' title='bbox 312 4703 637 4774; x_wconf 78' lang='grc' dir='ltr'>ἐπιχειρῶν,</span> <span class='ocrx_word' id='word_1_656' title='bbox 694 4704 728 4775; x_wconf 80' lang='grc' dir='ltr'>ἢ</span> <span class='ocrx_word' id='word_1_657' title='bbox 780 4704 1044 4776; x_wconf 88' lang='grc' dir='ltr'>τύραννος</span> <span class='ocrx_word' id='word_1_658' title='bbox 1072 4706 1186 4778; x_wconf 73' lang='lat'><strong>(27)</strong></span> <span class='ocrx_word' id='word_1_659' title='bbox 1231 4707 1468 4778; x_wconf 83' lang='grc' dir='ltr'>ἐραστὴς</span> <span class='ocrx_word' id='word_1_660' title='bbox 1514 4708 1644 4772; x_wconf 87' lang='grc' dir='ltr'>τῶν,</span> <span class='ocrx_word' id='word_1_661' title='bbox 1681 4709 1783 4762; x_wconf 85' lang='grc' dir='ltr'>ὅσα</span> <span class='ocrx_word' id='word_1_662' title='bbox 1826 4709 1902 4780; x_wconf 83' lang='grc' dir='ltr'>τῷ</span> 
     </span>
    </p>
   </div>
   <div class='ocr_carea' id='block_1_93' title="bbox 2007 4703 3598 4783">
    <p class='ocr_par' dir='ltr' id='par_1_93' title="bbox 2010 4710 3598 4783">
     <span class='ocr_line' id='line_1_93' title="bbox 2010 4710 3598 4783; baseline -0.001 -18"><span class='ocrx_word' id='word_1_663' title='bbox 2010 4718 2205 4766; x_wconf 86' lang='lat' dir='ltr'><strong>contra</strong></span> <span class='ocrx_word' id='word_1_664' title='bbox 2257 4711 2500 4766; x_wconf 81' lang='lat' dir='ltr'><strong>vicinum</strong></span> <span class='ocrx_word' id='word_1_665' title='bbox 2553 4727 2752 4778; x_wconf 65' lang='lat' dir='ltr'><strong>suun],</strong></span> <span class='ocrx_word' id='word_1_666' title='bbox 2814 4728 2996 4783; x_wconf 89' lang='lat' dir='ltr'><strong>neque</strong></span> <span class='ocrx_word' id='word_1_667' title='bbox 3037 4711 3190 4766; x_wconf 85' lang='lat' dir='ltr'><strong>dabit</strong></span> <span class='ocrx_word' id='word_1_668' title='bbox 3232 4711 3452 4765; x_wconf 89' lang='lat' dir='ltr'><strong>initium</strong></span> <span class='ocrx_word' id='word_1_669' title='bbox 3512 4710 3598 4764; x_wconf 88' lang='lat' dir='ltr'><strong>in—</strong></span> 
     </span>
    </p>
   </div>
   <div class='ocr_carea' id='block_1_94' title="bbox 313 4794 1902 4876">
    <p class='ocr_par' dir='ltr' id='par_1_94' title="bbox 313 4794 1902 4868">
     <span class='ocr_line' id='line_1_94' title="bbox 313 4794 1902 4868; baseline 0.003 -20"><span class='ocrx_word' id='word_1_670' title='bbox 313 4794 550 4864; x_wconf 80' lang='grc' dir='ltr'>πλησίον</span> <span class='ocrx_word' id='word_1_671' title='bbox 573 4795 1163 4866; x_wconf 76' lang='grc' dir='ltr'>ὑπάρχει,,γινόμενος.</span> <span class='ocrx_word' id='word_1_672' title='bbox 1196 4797 1254 4850; x_wconf 88' lang='grc' dir='ltr'><strong>Ὀ</strong></span> <span class='ocrx_word' id='word_1_673' title='bbox 1283 4798 1392 4868; x_wconf 87' lang='grc' dir='ltr'><strong>γάρ</strong></span> <span class='ocrx_word' id='word_1_674' title='bbox 1415 4815 1469 4850; x_wconf 88' lang='grc' dir='ltr'><strong>τι</strong></span> <span class='ocrx_word' id='word_1_675' title='bbox 1499 4797 1706 4853; x_wconf 87' lang='grc' dir='ltr'>τούτων</span> <span class='ocrx_word' id='word_1_676' title='bbox 1737 4816 1902 4854; x_wconf 72' lang='grc' dir='ltr'>καταε</span> 
     </span>
    </p>
   </div>
   <div class='ocr_carea' id='block_1_95' title="bbox 2007 4794 3598 4876">
    <p class='ocr_par' dir='ltr' id='par_1_95' title="bbox 2009 4803 3598 4876">
     <span class='ocr_line' id='line_1_95' title="bbox 2009 4803 3598 4876; baseline 0.001 -20"><span class='ocrx_word' id='word_1_677' title='bbox 2009 4803 2314 4874; x_wconf 79' lang='lat' dir='ltr'><strong>juriarum;</strong></span> <span class='ocrx_word' id='word_1_678' title='bbox 2368 4819 2483 4859; x_wconf 90' lang='lat' dir='ltr'><strong>non</strong></span> <span class='ocrx_word' id='word_1_679' title='bbox 2537 4804 2735 4876; x_wconf 86' lang='lat' dir='ltr'><strong>pugnis</strong></span> <span class='ocrx_word' id='word_1_680' title='bbox 2785 4805 3017 4871; x_wconf 43' lang='lat' dir='ltr'><strong>caadere,</strong></span> <span class='ocrx_word' id='word_1_681' title='bbox 3069 4820 3181 4858; x_wconf 92' lang='lat' dir='ltr'><strong>non</strong></span> <span class='ocrx_word' id='word_1_682' title='bbox 3227 4811 3598 4874; x_wconf 86' lang='lat' dir='ltr'><strong>conspurcare</strong></span> 
     </span>
    </p>
   </div>
   <div class='ocr_carea' id='block_1_96' title="bbox 311 4885 1902 4967">
    <p class='ocr_par' dir='ltr' id='par_1_96' title="bbox 311 4885 1902 4963">
     <span class='ocr_line' id='line_1_96' title="bbox 311 4885 1902 4963; baseline 0.006 -27"><span class='ocrx_word' id='word_1_683' title='bbox 311 4885 558 4955; x_wconf 84' lang='grc' dir='ltr'>τολμῶν,</span> <span class='ocrx_word' id='word_1_684' title='bbox 590 4887 817 4941; x_wconf 87' lang='grc' dir='ltr'>αὐτόθεν</span> <span class='ocrx_word' id='word_1_685' title='bbox 863 4887 1186 4959; x_wconf 83' lang='grc' dir='ltr'>λυμαίνεται</span> <span class='ocrx_word' id='word_1_686' title='bbox 1232 4889 1422 4960; x_wconf 84' lang='grc' dir='ltr'>ἄμφω,</span> <span class='ocrx_word' id='word_1_687' title='bbox 1463 4892 1556 4944; x_wconf 74' lang='grc' dir='ltr'>καὶ</span> <span class='ocrx_word' id='word_1_688' title='bbox 1589 4891 1683 4944; x_wconf 81' lang='grc' dir='ltr'>τὸν</span> <span class='ocrx_word' id='word_1_689' title='bbox 1726 4893 1902 4963; x_wconf 81' lang='grc' dir='ltr'>ἔρωτα</span> 
     </span>
    </p>
   </div>
   <div class='ocr_carea' id='block_1_97' title="bbox 2007 4885 3602 4967">
    <p class='ocr_par' dir='ltr' id='par_1_97' title="bbox 2014 4894 3602 4967">
     <span class='ocr_line' id='line_1_97' title="bbox 2014 4894 3602 4967; baseline 0.002 -19"><span class='ocrx_word' id='word_1_690' title='bbox 2014 4894 2320 4950; x_wconf 87' lang='lat' dir='ltr'><strong>maledictis</strong></span> <span class='ocrx_word' id='word_1_691' title='bbox 2347 4896 2726 4966; x_wconf 85' lang='lat' dir='ltr'><strong>aggredietur;</strong></span> <span class='ocrx_word' id='word_1_692' title='bbox 2763 4912 2874 4951; x_wconf 88' lang='lat' dir='ltr'><strong>non</strong></span> <span class='ocrx_word' id='word_1_693' title='bbox 2925 4897 3207 4967; x_wconf 85' lang='lat' dir='ltr'><strong>tyrannice</strong></span> <span class='ocrx_word' id='word_1_694' title='bbox 3245 4895 3602 4966; x_wconf 91' lang='lat' dir='ltr'><strong>concupiscet</strong></span> 
     </span>
    </p>
   </div>
   <div class='ocr_carea' id='block_1_98' title="bbox 310 4975 1902 5058">
    <p class='ocr_par' dir='ltr' id='par_1_98' title="bbox 310 4975 1902 5057">
     <span class='ocr_line' id='line_1_98' title="bbox 310 4975 1902 5057; baseline 0.006 -29"><span class='ocrx_word' id='word_1_695' title='bbox 310 4975 411 5030; x_wconf 80' lang='grc' dir='ltr'>τὸν</span> <span class='ocrx_word' id='word_1_696' title='bbox 440 4976 585 5029; x_wconf 67' lang='grc' dir='ltr'>θεῖον</span> <span class='ocrx_word' id='word_1_697' title='bbox 606 4977 703 5031; x_wconf 82' lang='grc' dir='ltr'>καὶ</span> <span class='ocrx_word' id='word_1_698' title='bbox 728 4978 1081 5044; x_wconf 83' lang='grc' dir='ltr'>Δεσποτικὸν,</span> <span class='ocrx_word' id='word_1_699' title='bbox 1096 4979 1307 5033; x_wconf 76' lang='grc' dir='ltr'>καὶτοῦ</span> <span class='ocrx_word' id='word_1_700' title='bbox 1335 4982 1607 5052; x_wconf 84' lang='grc' dir='ltr'>ὁμοφυοῦς</span> <span class='ocrx_word' id='word_1_701' title='bbox 1627 4983 1727 5054; x_wconf 78' lang='grc' dir='ltr'>τὴν</span> <span class='ocrx_word' id='word_1_702' title='bbox 1753 5001 1902 5057; x_wconf 89' lang='grc' dir='ltr'>στορ-</span> 
     </span>
    </p>
   </div>
   <div class='ocr_carea' id='block_1_99' title="bbox 2007 4975 3600 5058">
    <p class='ocr_par' dir='ltr' id='par_1_99' title="bbox 2014 4987 3600 5058">
     <span class='ocr_line' id='line_1_99' title="bbox 2014 4987 3600 5058; baseline 0.003 -18"><span class='ocrx_word' id='word_1_703' title='bbox 2014 5000 2080 5040; x_wconf 91' lang='lat' dir='ltr'><strong>ea</strong></span> <span class='ocrx_word' id='word_1_704' title='bbox 2119 5001 2240 5056; x_wconf 78' lang='lat' dir='ltr'><strong>quae</strong></span> <span class='ocrx_word' id='word_1_705' title='bbox 2280 4987 2558 5057; x_wconf 89' lang='lat' dir='ltr'><strong>pertinent</strong></span> <span class='ocrx_word' id='word_1_706' title='bbox 2585 4988 2652 5042; x_wconf 91' lang='lat' dir='ltr'><strong>ad</strong></span> <span class='ocrx_word' id='word_1_707' title='bbox 2683 4988 2921 5043; x_wconf 88' lang='lat' dir='ltr'><strong>vicinum</strong></span> <span class='ocrx_word' id='word_1_708' title='bbox 2949 5003 3130 5043; x_wconf 91' lang='lat' dir='ltr'><strong>suum.</strong></span> <span class='ocrx_word' id='word_1_709' title='bbox 3165 4988 3264 5054; x_wconf 82' lang='lat' dir='ltr'><strong>Qui</strong></span> <span class='ocrx_word' id='word_1_710' title='bbox 3293 4988 3440 5044; x_wconf 87' lang='lat' dir='ltr'><strong>enim</strong></span> <span class='ocrx_word' id='word_1_711' title='bbox 3467 4988 3600 5058; x_wconf 87' lang='lat' dir='ltr'><strong>quid</strong></span> 
     </span>
    </p>
   </div>
   <div class='ocr_carea' id='block_1_100' title="bbox 311 5065 1902 5151">
    <p class='ocr_par' dir='ltr' id='par_1_100' title="bbox 311 5065 1902 5143">
     <span class='ocr_line' id='line_1_100' title="bbox 311 5065 1902 5143; baseline 0.005 -22"><span class='ocrx_word' id='word_1_712' title='bbox 311 5067 452 5138; x_wconf 87' lang='grc' dir='ltr'>γήν.</span> <span class='ocrx_word' id='word_1_713' title='bbox 483 5065 578 5138; x_wconf 85' lang='grc' dir='ltr'><strong>Τῷ</strong></span> <span class='ocrx_word' id='word_1_714' title='bbox 615 5067 715 5138; x_wconf 81' lang='grc' dir='ltr'>μὲν</span> <span class='ocrx_word' id='word_1_715' title='bbox 765 5069 1134 5125; x_wconf 84' lang='grc' dir='ltr'>ἐπιϐουλεύων</span> <span class='ocrx_word' id='word_1_716' title='bbox 1167 5073 1262 5126; x_wconf 77' lang='grc' dir='ltr'>καὶ</span> <span class='ocrx_word' id='word_1_717' title='bbox 1293 5072 1638 5143; x_wconf 82' lang='grc' dir='ltr'>περιϐάλλων</span> <span class='ocrx_word' id='word_1_718' title='bbox 1677 5078 1902 5142; x_wconf 84' lang='grc' dir='ltr'>κακοῖς,</span> 
     </span>
    </p>
   </div>
   <div class='ocr_carea' id='block_1_101' title="bbox 2007 5065 3598 5151">
    <p class='ocr_par' dir='ltr' id='par_1_101' title="bbox 2017 5079 3598 5151">
     <span class='ocr_line' id='line_1_101' title="bbox 2017 5079 3598 5151; baseline 0.001 -18"><span class='ocrx_word' id='word_1_719' title='bbox 2017 5079 2324 5134; x_wconf 85' lang='lat' dir='ltr'><strong>istiusmodi</strong></span> <span class='ocrx_word' id='word_1_720' title='bbox 2352 5081 2719 5146; x_wconf 81' lang='lat' dir='ltr'><strong>attentaverit,</strong></span> <span class='ocrx_word' id='word_1_721' title='bbox 2767 5095 2878 5135; x_wconf 91' lang='lat' dir='ltr'><strong>uno</strong></span> <span class='ocrx_word' id='word_1_722' title='bbox 2923 5089 3049 5135; x_wconf 90' lang='lat' dir='ltr'><strong>actu</strong></span> <span class='ocrx_word' id='word_1_723' title='bbox 3085 5086 3381 5151; x_wconf 81' lang='lat' dir='ltr'><strong>utrumque</strong></span> <span class='ocrx_word' id='word_1_724' title='bbox 3411 5081 3598 5144; x_wconf 82' lang='lat' dir='ltr'><strong>violat,</strong></span> 
     </span>
    </p>
   </div>
   <div class='ocr_carea' id='block_1_102' title="bbox 311 5157 1902 5245">
    <p class='ocr_par' dir='ltr' id='par_1_102' title="bbox 311 5157 1902 5245">
     <span class='ocr_line' id='line_1_102' title="bbox 311 5157 1902 5245; baseline 0.008 -35"><span class='ocrx_word' id='word_1_725' title='bbox 311 5159 414 5245; x_wconf 65' lang='grc' dir='ltr'><strong>τον</strong></span> <span class='ocrx_word' id='word_1_726' title='bbox 440 5157 500 5211; x_wconf 78' lang='grc' dir='ltr'>δὲ</span> <span class='ocrx_word' id='word_1_727' title='bbox 546 5161 699 5230; x_wconf 86' lang='grc' dir='ltr'>παρὰ</span> <span class='ocrx_word' id='word_1_728' title='bbox 723 5161 928 5230; x_wconf 84' lang='grc' dir='ltr'>φαῦλον</span> <span class='ocrx_word' id='word_1_729' title='bbox 954 5163 1277 5234; x_wconf 80' lang='grc' dir='ltr'>ποιούμενος</span> <span class='ocrx_word' id='word_1_730' title='bbox 1320 5167 1415 5218; x_wconf 74' lang='grc' dir='ltr'><strong>καὶ</strong></span> <span class='ocrx_word' id='word_1_731' title='bbox 1459 5166 1765 5240; x_wconf 82' lang='grc' dir='ltr'>ὑπερορῶν.</span> <span class='ocrx_word' id='word_1_732' title='bbox 1819 5169 1902 5236; x_wconf 81' lang='grc' dir='ltr'><strong>Ἐξ</strong></span> 
     </span>
    </p>
   </div>
   <div class='ocr_carea' id='block_1_103' title="bbox 2007 5157 3592 5245">
    <p class='ocr_par' dir='ltr' id='par_1_103' title="bbox 2017 5173 3592 5245">
     <span class='ocr_line' id='line_1_103' title="bbox 2017 5173 3592 5245; baseline -0.001 -19"><span class='ocrx_word' id='word_1_733' title='bbox 2017 5185 2262 5226; x_wconf 90' lang='lat' dir='ltr'><strong>amorem</strong></span> <span class='ocrx_word' id='word_1_734' title='bbox 2291 5187 2488 5243; x_wconf 90' lang='lat' dir='ltr'><strong>nempe</strong></span> <span class='ocrx_word' id='word_1_735' title='bbox 2513 5173 2567 5226; x_wconf 92' lang='lat' dir='ltr'><strong>in</strong></span> <span class='ocrx_word' id='word_1_736' title='bbox 2592 5174 2761 5228; x_wconf 88' lang='lat' dir='ltr'><strong>Deum</strong></span> <span class='ocrx_word' id='word_1_737' title='bbox 2795 5183 2852 5230; x_wconf 80' lang='lat' dir='ltr'><strong>et</strong></span> <span class='ocrx_word' id='word_1_738' title='bbox 2877 5173 3196 5240; x_wconf 90' lang='lat' dir='ltr'><strong>Dominum,</strong></span> <span class='ocrx_word' id='word_1_739' title='bbox 3247 5185 3302 5229; x_wconf 90' lang='lat' dir='ltr'><strong>et</strong></span> <span class='ocrx_word' id='word_1_740' title='bbox 3347 5190 3472 5245; x_wconf 86' lang='lat' dir='ltr'><strong>erga</strong></span> <span class='ocrx_word' id='word_1_741' title='bbox 3504 5190 3592 5228; x_wconf 84' lang='lat' dir='ltr'><strong>co-</strong></span> 
     </span>
    </p>
   </div>
   <div class='ocr_carea' id='block_1_104' title="bbox 313 5243 1902 5336">
    <p class='ocr_par' dir='ltr' id='par_1_104' title="bbox 313 5243 1902 5333">
     <span class='ocr_line' id='line_1_104' title="bbox 313 5243 1902 5333; baseline 0.006 -27"><span class='ocrx_word' id='word_1_742' title='bbox 313 5243 400 5306; x_wconf 81' lang='grc' dir='ltr'>ὧν</span> <span class='ocrx_word' id='word_1_743' title='bbox 437 5252 521 5315; x_wconf 78' lang='grc' dir='ltr'>εἰς</span> <span class='ocrx_word' id='word_1_744' title='bbox 553 5254 672 5317; x_wconf 82' lang='grc' dir='ltr'>οἵας</span> <span class='ocrx_word' id='word_1_745' title='bbox 705 5254 1117 5326; x_wconf 85' lang='grc' dir='ltr'>ἀπαραιτήτους</span> <span class='ocrx_word' id='word_1_746' title='bbox 1155 5255 1250 5310; x_wconf 73' lang='grc' dir='ltr'>καὶ</span> <span class='ocrx_word' id='word_1_747' title='bbox 1280 5258 1486 5329; x_wconf 81' lang='grc' dir='ltr'>πικρὰς</span> <span class='ocrx_word' id='word_1_748' title='bbox 1509 5260 1782 5332; x_wconf 83' lang='grc' dir='ltr'>τιμωρίας</span> <span class='ocrx_word' id='word_1_749' title='bbox 1812 5263 1902 5333; x_wconf 89' lang='grc' dir='ltr'>ἐμ-</span> 
     </span>
    </p>
   </div>
   <div class='ocr_carea' id='block_1_105' title="bbox 2007 5243 3601 5336">
    <p class='ocr_par' dir='ltr' id='par_1_105' title="bbox 2023 5264 3601 5336">
     <span class='ocr_line' id='line_1_105' title="bbox 2023 5264 3601 5336; baseline 0.001 -18"><span class='ocrx_word' id='word_1_750' title='bbox 2023 5273 2248 5336; x_wconf 85' lang='lat' dir='ltr'><strong>gnatum</strong></span> <span class='ocrx_word' id='word_1_751' title='bbox 2272 5265 2374 5321; x_wconf 88' lang='lat' dir='ltr'><strong>sibi</strong></span> <span class='ocrx_word' id='word_1_752' title='bbox 2410 5264 2664 5321; x_wconf 67' lang='lat' dir='ltr'><strong>allectum</strong></span> <span class='ocrx_word' id='word_1_753' title='bbox 2705 5285 2717 5321; x_wconf 93' lang='lat'>:</span> <span class='ocrx_word' id='word_1_754' title='bbox 2760 5266 2908 5324; x_wconf 85' lang='lat' dir='ltr'><strong>hunc</strong></span> <span class='ocrx_word' id='word_1_755' title='bbox 2935 5267 3083 5322; x_wconf 89' lang='lat' dir='ltr'><strong>enim</strong></span> <span class='ocrx_word' id='word_1_756' title='bbox 3112 5267 3360 5324; x_wconf 86' lang='lat' dir='ltr'><strong>adoritur</strong></span> <span class='ocrx_word' id='word_1_757' title='bbox 3400 5283 3468 5322; x_wconf 74' lang='lat' dir='ltr'><strong>ex</strong></span> <span class='ocrx_word' id='word_1_758' title='bbox 3516 5267 3601 5320; x_wconf 88' lang='lat' dir='ltr'><strong>in-</strong></span> 
     </span>
    </p>
   </div>
   <div class='ocr_carea' id='block_1_106' title="bbox 2009 4257 3600 4330">
    <p class='ocr_par' dir='ltr' id='par_1_106' title="bbox 2009 4257 3600 4330">
     <span class='ocr_line' id='line_1_106' title="bbox 2009 4257 3600 4330; baseline 0.001 -18"><span class='ocrx_word' id='word_1_759' title='bbox 2009 4257 2371 4327; x_wconf 85' lang='lat' dir='ltr'><strong>dispositione</strong></span> <span class='ocrx_word' id='word_1_760' title='bbox 2399 4259 2634 4313; x_wconf 86' lang='lat' dir='ltr'><strong>mundas</strong></span> <span class='ocrx_word' id='word_1_761' title='bbox 2655 4275 2669 4312; x_wconf 92' lang='lat'>:</span> <span class='ocrx_word' id='word_1_762' title='bbox 2689 4258 2889 4323; x_wconf 87' lang='lat' dir='ltr'><strong>adhuc,</strong></span> <span class='ocrx_word' id='word_1_763' title='bbox 2924 4273 3026 4314; x_wconf 87' lang='lat' dir='ltr'><strong>nec</strong></span> <span class='ocrx_word' id='word_1_764' title='bbox 3050 4257 3322 4313; x_wconf 69' lang='lat' dir='ltr'><strong>iurabitur</strong></span> <span class='ocrx_word' id='word_1_765' title='bbox 3349 4259 3440 4330; x_wconf 92' lang='lat' dir='ltr'><strong>qui</strong></span> <span class='ocrx_word' id='word_1_766' title='bbox 3479 4260 3600 4314; x_wconf 87' lang='lat' dir='ltr'><strong>talis</strong></span> 
     </span>
    </p>
   </div>
   <div class='ocr_carea' id='block_1_107' title="bbox 392 5407 934 5474">
    <p class='ocr_par' dir='ltr' id='par_1_107' title="bbox 392 5407 934 5474">
     <span class='ocr_line' id='line_1_107' title="bbox 392 5407 934 5474; baseline 0.004 -12"><span class='ocrx_word' id='word_1_767' title='bbox 392 5407 416 5439; x_wconf 81' lang='grc'><strong><em>⁵</em></strong></span> <span class='ocrx_word' id='word_1_768' title='bbox 455 5407 645 5463; x_wconf 81' lang='lat' dir='ltr'><strong>Matth.</strong></span> <span class='ocrx_word' id='word_1_769' title='bbox 679 5423 815 5474; x_wconf 80' lang='lat' dir='ltr'><strong>xm,</strong></span> <span class='ocrx_word' id='word_1_770' title='bbox 846 5409 934 5466; x_wconf 73' lang='grc'><strong>40.</strong></span> 
     </span>
    </p>
   </div>
   <div class='ocr_carea' id='block_1_108' title="bbox 1845 5596 2070 5655">
    <p class='ocr_par' dir='ltr' id='par_1_108' title="bbox 1845 5596 2070 5655">
     <span class='ocr_line' id='line_1_108' title="bbox 1845 5596 2070 5655; baseline 0.013 -3"><span class='ocrx_word' id='word_1_771' title='bbox 1845 5596 2070 5655; x_wconf 62' lang='grc' dir='ltr'>ΝΟΤᾸ..</span> 
     </span>
    </p>
   </div>
   <div class='ocr_carea' id='block_1_109' title="bbox 327 5745 1902 5838">
    <p class='ocr_par' dir='ltr' id='par_1_109' title="bbox 327 5745 1899 5838">
     <span class='ocr_line' id='line_1_109' title="bbox 327 5745 1899 5838; baseline 0.001 -30"><span class='ocrx_word' id='word_1_772' title='bbox 327 5830 332 5836; x_wconf 30' lang='grc' dir='ltr'><strong>Ι</strong></span> <span class='ocrx_word' id='word_1_773' title='bbox 397 5751 514 5838; x_wconf 71' lang='grc'><strong>(27)</strong></span> <span class='ocrx_word' id='word_1_774' title='bbox 543 5754 621 5806; x_wconf 81' lang='grc' dir='ltr'><strong>’Ἠ</strong></span> <span class='ocrx_word' id='word_1_775' title='bbox 642 5745 1092 5838; x_wconf 38' lang='grc' dir='ltr'>τύρανγος·.θᾼυι</span> <span class='ocrx_word' id='word_1_776' title='bbox 1118 5751 1488 5838; x_wconf 50' lang='lat' dir='ltr'><strong>delendum-ii,</strong></span> <span class='ocrx_word' id='word_1_777' title='bbox 1515 5765 1607 5810; x_wconf 86' lang='lat' dir='ltr'><strong>aut</strong></span> <span class='ocrx_word' id='word_1_778' title='bbox 1632 5755 1899 5827; x_wconf 74' lang='lat' dir='ltr'><strong>legcmlun</strong></span> 
     </span>
    </p>
   </div>
   <div class='ocr_carea' id='block_1_110' title="bbox 2007 5745 3599 5838">
    <p class='ocr_par' dir='ltr' id='par_1_110' title="bbox 2007 5762 3599 5838">
     <span class='ocr_line' id='line_1_110' title="bbox 2007 5762 3599 5838; baseline 0.013 -26"><span class='ocrx_word' id='word_1_779' title='bbox 2007 5762 2259 5830; x_wconf 61' lang='lat' dir='ltr'><strong>:pzwaiv,</strong></span> <span class='ocrx_word' id='word_1_780' title='bbox 2300 5773 2382 5838; x_wconf 18' lang='lat' dir='ltr'><strong>et)</strong></span> <span class='ocrx_word' id='word_1_781' title='bbox 2420 5780 2529 5820; x_wconf 89' lang='lat' dir='ltr'><strong>non</strong></span> <span class='ocrx_word' id='word_1_782' title='bbox 2563 5765 2823 5836; x_wconf 79' lang='grc' dir='ltr'>τύραννος</span> <span class='ocrx_word' id='word_1_783' title='bbox 2857 5783 2868 5794; x_wconf 87' lang='grc'>·</span> <span class='ocrx_word' id='word_1_784' title='bbox 2908 5767 3104 5836; x_wconf 82' lang='lat' dir='ltr'><strong>ubique</strong></span> <span class='ocrx_word' id='word_1_785' title='bbox 3143 5769 3400 5838; x_wconf 68' lang='grc' dir='ltr'>τύραννος</span> <span class='ocrx_word' id='word_1_786' title='bbox 3468 5767 3599 5835; x_wconf 60' lang='grc' dir='ltr'><strong>ἕρει-</strong></span> 
     </span>
    </p>
   </div>
   <div class='ocr_carea' id='block_1_111' title="bbox 318 5824 1902 5896">
    <p class='ocr_par' dir='ltr' id='par_1_111' title="bbox 318 5824 1705 5896">
     <span class='ocr_line' id='line_1_111' title="bbox 318 5824 1705 5896; baseline -0.001 -17"><span class='ocrx_word' id='word_1_787' title='bbox 318 5827 482 5896; x_wconf 77' lang='grc' dir='ltr'>στὴς,</span> <span class='ocrx_word' id='word_1_788' title='bbox 515 5839 627 5879; x_wconf 88' lang='lat' dir='ltr'><strong>non</strong></span> <span class='ocrx_word' id='word_1_789' title='bbox 659 5831 788 5877; x_wconf 84' lang='lat' dir='ltr'><strong>sunt</strong></span> <span class='ocrx_word' id='word_1_790' title='bbox 821 5824 1122 5888; x_wconf 78' lang='grc' dir='ltr'>ἀσυνδέτως</span> <span class='ocrx_word' id='word_1_791' title='bbox 1149 5824 1462 5894; x_wconf 87' lang='lat' dir='ltr'><strong>copulaudi.</strong></span> <span class='ocrx_word' id='word_1_792' title='bbox 1687 5824 1705 5827; x_wconf 69' lang='grc'>⁷</span> 
     </span>
    </p>
   </div>
   <div class='ocr_carea' id='block_1_112' title="bbox 2007 5824 2390 5896">
    <p class='ocr_par' dir='ltr' id='par_1_112' title="bbox 2028 5824 2390 5860">
     <span class='ocr_line' id='line_1_112' title="bbox 2028 5824 2390 5860; baseline 0 0"><span class='ocrx_word' id='word_1_793' title='bbox 2028 5824 2040 5830; x_wconf 74' lang='grc'><em>’</em></span> <span class='ocrx_word' id='word_1_794' title='bbox 2246 5824 2252 5826; x_wconf 40' lang='lat'>&#39;</span> <span class='ocrx_word' id='word_1_795' title='bbox 2360 5829 2390 5860; x_wconf 61' lang='grc' dir='ltr'><strong>θα</strong></span> 
     </span>
    </p>
   </div>
  </div>
