3964 6440
414 327 519 388 663

1555 336 1822 398 ΡΗΟΤΙΙ
1857 337 2372 399 PATRIARCH/E
2408 339 2518 401 CP.

3578 341 3683 404 664

414 439 586 500 sidiis.
615 449 672 496 et
701 441 1309 514 maliscircumscribit;
1335 435 1486 502 illum
1512 464 1643 504 vero
1667 451 1988 520 despectum

2099 449 2280 506 ϐάλλει
2332 453 2528 508 ἐαυτὸν
2563 453 2732 508 πᾶσίν
2781 456 2896 508 ἐστι
2952 455 3208 526 φανερόν.
3259 455 3324 510 Εί
3357 457 3468 528 γὰρ
3508 459 3537 511 ὁ
3575 459 3684 511 τῶν

411 545 470 591 et
498 543 872 606 contemptum
901 537 1086 593 habet.
1107 539 1264 594 Patet
1289 551 1471 595 autem
1488 542 1764 607 omnibus,
1789 543 1992 613 quibus

414 640 475 681 se
495 626 692 696 pomis,
718 645 889 697 quam
922 631 1180 700 gravibus
1194 633 1418 704 subiicit
1443 642 1498 688 et
1527 634 1992 692 ineluctabilibus.

418 717 476 772 Si
506 718 654 772 enim
688 717 782 788 qui
809 720 1060 774 mandata
1083 723 1481 794 transgreditur
1514 724 1772 790 humana,
1803 735 1859 780 et
1886 727 1996 781 imo

414 810 629 880 perium
667 812 900 880 despicit
938 812 1041 866 sibi
1067 814 1430 883 praesidentis,
1477 817 1995 872 condemnationem

416 917 527 956 non
571 902 815 971 effugiet,
873 905 970 958 sed
1001 915 1058 959 et
1101 906 1283 976 capite
1325 909 1657 980 quandoque
1711 921 1995 980 peccatum

416 992 546 1058 luit;
583 993 628 1047 is
658 993 904 1064 profecto
935 996 1030 1065 qui
1086 1012 1186 1066 per
1222 998 1332 1053 vim
1375 1000 1615 1055 oblatam
1659 1010 1715 1056 et
1767 1002 1997 1059 insidias

417 1093 656 1141 structas
698 1086 755 1141 in
783 1103 1109 1144 conservum
1142 1105 1325 1156 suum,
1361 1093 1608 1148 omnium
1670 1109 1858 1148 rerum
1889 1094 2000 1150 Do-

415 1175 651 1239 minum,
685 1193 868 1249 regem
897 1188 954 1233 et
977 1178 1220 1249 Opiﬁcem
1250 1181 1548 1239 inhonorat
1573 1194 1631 1239 et
1658 1185 1813 1239 nihili
1845 1185 1998 1250 facit,

419 1282 608 1322 verum
639 1269 783 1341 leges
806 1271 876 1326 ab
898 1285 964 1324 eo
1001 1271 1137 1326 latas
1162 1272 1400 1328 ludibrio
1445 1273 1610 1330 habet
1659 1286 1714 1330 et
1740 1276 2001 1332 lubentia:

420 1360 666 1428 exponit,
687 1361 926 1431 qualem,
951 1378 1051 1432 par
1070 1372 1175 1428 est,
1199 1373 1261 1418 ut
1279 1365 1473 1420 subeat
1496 1381 1715 1435 pmnam
1733 1367 1756 1420 ?
1773 1368 2002 1438 Oportet

421 1450 585 1521 igitur
635 1453 785 1507 omni
836 1454 1018 1519 modo,
1067 1455 1216 1511 omni
1265 1471 1395 1512 cura
1445 1466 1502 1511 et
1551 1458 1852 1530 diligentia,
1884 1461 2002 1515 haec

419 1543 672 1599 mandata
689 1559 796 1598 una
818 1559 942 1599 cum
982 1545 1257 1616 inculpata
1293 1548 1494 1617 pietate
1535 1558 1590 1605 et
1622 1551 1835 1606 sincera
1870 1553 1999 1607 reli-

423 1632 586 1704 gione
620 1649 970 1690 conservare.
1011 1635 1198 1707 Neque
1225 1639 1372 1693 enim
1392 1641 1552 1696 aliter
1568 1650 1778 1712 partem
1797 1642 2001 1700 habere

419 1725 694 1796 possimus
725 1743 852 1782 cum
879 1727 1132 1784 ﬁdelibus
1184 1740 1240 1786 et
1295 1730 1406 1787 Deo
1443 1733 1648 1800 charis,
1696 1749 1801 1790 nec
1844 1737 1996 1806 regni

305 1887 309 1894 ι
418 1814 680 1869 calorum
707 1815 856 1886 digni
885 1817 1277 1886 judicabimur.

485 1905 579 1961 28.
620 1907 916 1964 Enimvero
938 1910 1162 1966 cuilibet
1214 1913 1525 1969 mortalium
1573 1915 1681 1971 hoc
1713 1915 1998 1985 incumbit,

417 2006 478 2052 ut
503 2013 722 2059 omnem
752 2001 1011 2057 exhibeat
1041 2018 1196 2059 suam
1219 2013 1276 2060 et
1303 2006 1523 2076 quidem
1567 2017 1868 2063 extremam
1899 2025 2001 2079 po-

416 2091 645 2145 tentiam
675 2090 729 2145 in
762 2092 848 2148 bis
884 2095 1300 2150 conservandis.
1346 2097 1572 2168 Spectat
1614 2099 1718 2155 hoc
1750 2101 1816 2154 ad
1847 2101 2001 2172 prin-

415 2183 593 2254 cipem
621 2200 773 2255 aeque
805 2200 871 2240 ac
898 2186 964 2241 ad
1001 2187 1274 2252 subditos,
1297 2189 1531 2260 juvenes
1571 2201 1627 2247 et
1677 2203 1840 2249 aatate
1869 2210 1999 2265 pros

413 2275 705 2341 vectiores,
739 2279 938 2334 divites
968 2289 1025 2335 et
1052 2296 1322 2352 pauperes
1356 2301 1371 2338 :
1409 2299 1534 2340 nam
1573 2287 1885 2343 communis
1914 2296 2000 2343 est

413 2377 605 2423 natura
626 2370 900 2436 omnibus,
939 2375 1253 2432 communia
1309 2376 1428 2433 haec
1473 2380 1728 2436 mandata
1774 2382 1995 2449 dantur,

410 2463 690 2517 communi
725 2479 855 2520 cura
881 2474 937 2521 et
961 2468 1332 2525 sollicitudine
1365 2473 1747 2528 custodienda.
1777 2474 1849 2530 At
1875 2491 2000 2546 quae

413 2563 666 2624 spectant
693 2566 819 2613 ante
853 2559 958 2614 alia
1007 2562 1077 2618 ad
1127 2562 1505 2621 inl'ormandos
1534 2566 1834 2638 principes,
1875 2585 1999 2639 quae

413 2649 590 2718 magis
624 2665 726 2720 par
752 2660 837 2706 est
867 2663 930 2708 ut
965 2661 1057 2708 tua
1103 2654 1360 2711 observet
1403 2667 1678 2726 potestas,
1723 2660 1868 2715 unde
1898 2661 1999 2718 tibi

411 2741 591 2811 major
610 2753 886 2798 accrescet
913 2746 1272 2815 experientia,
1309 2747 1399 2802 illa
1449 2749 1545 2804 tibi
1597 2750 1654 2805 in
1707 2753 1997 2822 procinctu

412 2847 536 2888 sum
555 2843 929 2905 suggesturus.
963 2836 1274 2908 Principum
1295 2840 1440 2894 enim
1465 2852 1682 2911 oportet
1711 2845 1996 2916 multiplici

413 2924 703 2993 praeditum
732 2942 856 2981 esse
903 2927 1194 2999 probitate,
1233 2945 1358 2986 cum
1412 2933 1517 2988 alia
1554 2942 1668 2989 tum
1729 2935 1996 3006 imprimis

413 3016 504 3072 illa
541 3033 663 3088 qua:
691 3034 905 3074 morum
935 3031 1149 3092 spectat
1173 3023 1663 3093 pulchritudinem,
1697 3029 1841 3083 unde
1864 3029 1996 3086 illud

411 3109 666 3181 adagium
699 3109 938 3166 dicitur:
991 3111 1340 3184 Magistratus
1388 3115 1564 3170 virum
1611 3118 1836 3174 indicat.
1886 3119 1990 3177 Et:
2023 3143 2068 3203 ς

411 3198 883 3267 Quemadmodum
917 3219 1109 3258 aurum
1137 3205 1333 3276 probat
1363 3207 1511 3262 acies
1550 3209 1785 3280 lapidea,
1828 3211 1904 3267 ita
1937 3221 1994 3267 et

412 3291 707 3348 humanam
760 3306 1000 3350 mentem
1043 3298 1287 3353 actiones
1325 3313 1450 3353 cum
1493 3300 1826 3371 imperiales,
1879 3311 1994 3362 tum

411 3385 755 3442 subditorum
784 3387 1176 3458 dispositiones
1204 3391 1548 3447 discernunt.

485 3477 575 3533 29.
619 3478 687 3533 At
717 3487 774 3532 tu
803 3480 940 3534 mihi
973 3482 1196 3538 sedulus
1215 3485 1432 3539 auditor
1455 3486 1622 3550 adsis,
1646 3503 1751 3543 nec
1778 3490 1996 3547 auditor

411 3577 648 3638 tantum,
685 3571 782 3626 sed
817 3582 874 3627 et
903 3584 1160 3642 operator
1193 3576 1473 3631 actionum
1516 3578 1783 3636 bonarum
1817 3593 1874 3637 ut
1901 3584 1997 3638 ad—

409 3663 703 3718 miratione
750 3663 1058 3735 dignarum.
1120 3665 1454 3736 Principium
1511 3685 1674 3740 porro
1711 3687 1741 3726 a
1783 3673 1894 3729 Deo
1941 3686 1996 3732 et

410 3756 610 3814 divinis
637 3773 998 3814 arcessemus.
1032 3757 1217 3814 Oratio
1252 3761 1416 3832 igitur
1451 3765 1730 3820 connectit
1750 3765 1860 3822 Deo
1892 3767 1996 3823 ho-

409 3850 636 3909 minem.
662 3850 823 3919 eique
857 3849 1180 3905 familiarem
1208 3853 1405 3906 reddit.
1435 3852 1530 3908 Est
1551 3864 1732 3911 autem
1764 3858 1854 3913 illa
1870 3875 1995 3916 cum

410 3938 525 3993 Deo
558 3939 852 3994 collocutio
879 3949 938 3994 et
973 3955 1298 4012 congressus
1336 3942 1556 4012 quidam
1588 3945 1991 4014 intellectualis,

409 4030 503 4100 qui
535 4039 616 4085 est
643 4032 890 4086 omnium
924 4048 1108 4089 rerum
1146 4033 1558 4104 pulcherrimus
1603 4047 1659 4092 et
1710 4041 1995 4110 pretiosis-

409 4125 604 4180 simus.
648 4125 731 4180 Ab
758 4124 852 4180 illo
901 4133 1123 4180 emanat
1177 4127 1486 4183 substantia
1540 4129 1720 4186 omnis
1761 4140 1816 4186 et
1859 4147 1996 4188 con-

407 4213 694 4281 sistentia;
719 4215 788 4270 ab
810 4214 905 4272 illo
927 4215 1268 4285 providentia
1317 4224 1373 4272 et
1398 4218 1663 4274 bonorum
1691 4220 1993 4291 exhibitio;

407 4305 674 4378 perfectio
718 4309 936 4372 omnis,
983 4316 1038 4362 et
1079 4308 1374 4364 aﬂ‘ectuum
1429 4313 1608 4367 omnis
1653 4314 1992 4374 emundatio.

405 4395 678 4462 Quocirca
726 4396 771 4452 si
810 4397 879 4452 ab
910 4399 1160 4454 oratione
1204 4400 1350 4454 nulla
1385 4400 1488 4454 alia
1536 4401 1743 4458 utilitas
1768 4405 1995 4475 egrede~

2096 541 2459 614 ἀνθρωπίνων
2504 545 2946 616 προσταγμάτων
2989 545 3084 600 καί
3130 547 3233 616 τῆς
3280 549 3684 619 ἐπιστατούσης

2095 634 2272 706 ἀρχῆς
2301 634 2617 707 ὑπερόπτης
2657 637 2720 690 οὐ
2746 638 3032 708 διαφεύγει
3070 637 3170 710 τὴν
3196 639 3376 709 δίκην,
3419 639 3560 694 ἀλλά
3587 643 3684 694 καὶ

2096 726 2179 788 εἰς
2223 725 2358 780 αὐτὸ
2403 727 2466 780 τὸ
2502 725 2604 798 ζῇν
2637 728 2900 792 πολλάκις
2927 729 3022 782 τὸν
3052 728 3300 784 κίνδυνον
3346 730 3492 801 ἔχει,
3525 733 3554 784 ὁ
3591 731 3685 784 τὸν

2098 815 2378 886 Δεσπότην
2420 816 2530 869 τῶν
2577 818 2716 872 ὅλων
2772 819 2870 873 καὶ
2900 820 3135 874 Βασιλέα
3188 821 3285 874 καὶ
3338 821 3684 890 Δημιουργδν

2096 903 2185 958 διὰ
2210 904 2312 973 τῆς
2343 907 2424 968 εἰς
2451 905 2545 959 τὸν
2588 907 2877 976 ὁμόδουλον
2910 909 3201 981 παροινίας
3245 910 3344 963 καὶ
3389 909 3685 978 ἐπιϐουλῆς

2096 995 2382 1065 ἀτιμάζων
2407 998 2504 1052 καὶ
2530 996 2849 1064 ἐξουθενῶν,
2886 1001 2981 1054 καὶ
3005 1002 3133 1064 τοὺς
3159 1001 3326 1054 αὐτοῦ
3349 1001 3549 1070 νόμους
3569 1002 3686 1055 δια-

2100 1084 2334 1151 παίζων,
2377 1088 2474 1141 καὶ
2513 1087 2713 1158 χλεύην
2765 1088 3012 1152 δεικνὺς.
3064 1091 3262 1162 ἡλίκην
3300 1092 3424 1145 τινά
3467 1092 3567 1162 τὴν
3596 1109 3684 1145 τιι

2101 1175 2317 1246 μωρίαν
2345 1176 2537 1241 δῶσει;
2566 1178 2660 1232 Διὸ
2690 1183 2960 1249 προσήκει
2994 1183 3158 1234 παντὶ
3185 1182 3376 1252 τρόπῳ
3413 1182 3508 1235 καὶ
3537 1182 3688 1254 πάσῃ

2101 1267 2331 1340 σπουδῇ,
2357 1271 2497 1338 μετά
2517 1270 2616 1338 τῆς
2642 1269 2890 1340 καθαρᾶς
2915 1272 3010 1325 καὶ
3034 1272 3340 1342 ἀμωμήτου
3364 1272 3524 1342 ἡμῶν
3553 1271 3689 1343 θρη-

2101 1360 2311 1424 σκείας,
2361 1360 2456 1413 καὶ
2512 1362 2717 1424 ταύτας
2759 1361 3143 1432 διαφυλάττειν
3175 1362 3276 1426 τάς
3317 1362 3560 1426 ἐντολάς.
3611 1363 3687 1417 Οὐ

2099 1449 2209 1519 γὰρ
2239 1449 2406 1513 ἔστιν,
2461 1453 2564 1506 οὐκ
2619 1454 2760 1517 ἐστι,
2813 1455 2983 1524 χωρὶς
3029 1455 3233 1521 αὐτῶν,
3266 1453 3392 1508 οὔτε
3433 1459 3533 1526 τῆς
3577 1455 3690 1509 τῶν

2101 1540 2308 1594 πιστῶν
2338 1541 2432 1595 καὶ
2458 1543 2722 1612 φιλοθὲων
2753 1545 2971 1617 μερίδος
2999 1547 3281 1617 γενέσθαι,
3306 1548 3431 1604 οὐτε
3454 1551 3555 1622 τῆς
3577 1552 3690 1604 τῶν

2097 1633 2342 1701 οὐρανῶν
2372 1635 2668 1703 ἀξιωθῆναι
2709 1637 3008 1708 βασιλείας.

2176 1931 2288 1995 κη’.
2353 1922 2514 1977 Ἀλλά
2551 1923 2726 1978 ταῦτα
2794 1925 2895 1995 μὲν
2963 1924 3242 1996 ἀνθρώπῳ
3295 1925 3462 1980 παντὶ
3529 1927 3687 1997 πάσῃ

2100 2010 2329 2080 δυνάμει
2350 2009 2828 2080 παραφυλακτέον,
2861 2012 3085 2083 ἄρχοντι
3113 2015 3210 2067 καὶ
3244 2015 3554 2086 ἀρχομένῳ,
3585 2016 3697 2086 νέῳ

2101 2100 2199 2154 καὶ
2231 2099 2539 2173 πρεσϐύτῃ,
2592 2100 2836 2172 πλουσίῳ
2885 2102 2981 2155 καὶ
3026 2101 3245 2172 πένητι.
3292 2104 3462 2174 Κοινὴ
3491 2105 3606 2175 γάρ
3655 2106 3694 2174 ἡ

2101 2192 2286 2262 φύσις,
2311 2192 2408 2245 καὶ
2441 2193 2598 2246 κοινά
2627 2191 2698 2246 τὰ
2748 2194 3171 2265 προστάγματα,
3207 2195 3303 2250 κα)⁸
3354 2195 3542 2266 κοινῆς
3588 2196 3697 2266 τῆς

2103 2287 2503 2356 παραφυλακῆς
2532 2285 2626 2339 καὶ
2657 2286 2977 2357 ἐπιμελείας
3019 2287 3272 2357 δεόμενα.
3316 2290 3387 2342 Ἀ
3431 2289 3491 2342 δὲ
3545 2290 3697 2360 μᾶλ-

2100 2377 2192 2430 λον
2220 2377 2355 2449 πρὸς
2380 2377 2480 2449 τὴν
2510 2378 2618 2431 τῶν
2667 2379 2945 2448 ἀρχόντων
2992 2381 3097 2451 ὁρᾷ
3131 2381 3535 2450 παιδαγωγίαν,
3583 2383 3686 2437 καὶ

2099 2470 2166 2540 τῇ
2199 2471 2267 2539 σῇ
2297 2467 2588 2536 φυλάττειν
2644 2469 3057 2541 ἐπιτηδειότερα
3099 2471 3348 2544 ἐξουσίᾳ,
3375 2475 3470 2527 καὶ
3507 2475 3569 2541 ἐξ
3611 2467 3694 2530 ὧν

2098 2558 2254 2612 ἔσται
2306 2575 2390 2614 σοι
2448 2560 2544 2614 καὶ
2581 2561 2713 2630 περὶ
2761 2560 2872 2617 τῶν
2923 2561 3100 2616 ἄλλων
3137 2563 3365 2635 πλείστη
3401 2566 3689 2637 ἐμπειρία,

2099 2651 2285 2706 ἐκεῖνά
2316 2667 2399 2706 σοι
2437 2650 2534 2706 νῦν
2583 2653 2884 2723 εἰρήσεται.
2946 2655 3058 2708 Καὶ
3081 2656 3192 2727 γὰρ
3217 2655 3418 2724 πολλῆς
3446 2657 3526 2727 τῷ
3581 2659 3688 2730 ἀρ-

2098 2758 2250 2810 χοντι
2273 2742 2356 2796 δεῖ
2384 2743 2813 2812 καλοκαγαθίας,
2851 2745 2950 2814 τῆς
2997 2763 3059 2799 τε
3111 2745 3300 2816 άλλης,
3345 2749 3440 2801 καὶ
3491 2748 3594 2817 τῆς
3627 2750 3690 2803 ἐν

2098 2831 2286 2903 ἤθεσιν
2331 2833 2651 2903 εὐκοσμίας.
2704 2837 2781 2886 Δι’
2808 2835 2836 2888 ὃ
2868 2835 2963 2888 καί
3016 2852 3182 2904 φασιν
3223 2854 3243 2888 ι
3293 2835 3461 2906 Ἀρχὴ
3511 2837 3688 2907 ἄνδρα

2096 2925 2352 2978 δεικνύει·
2381 2945 2400 2978 ι
2430 2927 2545 2992 καὶ,
2581 2927 2664 2978 ὃτι
2681 2927 2926 2999 «Ὠσπερ
2947 2929 2976 2981 ὁ
3005 2927 3204 2997 χρυσὸς
3231 2928 3290 2981 ἐν
3307 2931 3430 2990 ταῖς
3452 2927 3690 2991 λιθίναις

2096 3017 2319 3083 ἀκόναις
2353 3018 2731 3090 δοκιμάζεται,
2774 3020 2949 3082 οὓτως
3003 3023 3032 3075 ὁ
3062 3018 3407 3091 ἀνθρώπινος
3466 3019 3592 3083 νοῦς
3627 3021 3689 3073 ἐν

2097 3114 2218 3176 ταῖς
2249 3113 2505 3184 ἀρχικαίς
2559 3111 2847 3183 ἐργασίαις
2903 3114 2999 3166 καὶ
3021 3115 3143 3175 ταῖς
3199 3112 3311 3166 τῶν
3361 3113 3690 3184 ἀρχομένων

2096 3202 2356 3268 διανοίαις
2394 3203 2732 3269 ἐξετάζεται.
2781 3221 2802 3255 ι

2170 3472 2272 3526 κθ’.
2323 3472 2395 3526 Σὺ
2423 3471 2481 3526 δέ
2517 3490 2609 3542 μοι
2659 3471 2897 3542 μάλιστα
2953 3475 3217 3546 πρόσεχε,
3268 3475 3358 3529 ἵνα
3394 3475 3470 3547 μὴ
3519 3475 3692 3546 μόνον

2097 3565 2404 3636 ἀκροατὴς,
2444 3563 2584 3618 ἀλλά
2617 3565 2715 3618 καὶ
2759 3564 2990 3637 ποιητὴς
3035 3567 3170 3638 γένῃ
3207 3566 3393 3622 καλῶν
3436 3567 3534 3621 καὶ
3567 3567 3696 3632 ἀξι-

2097 3657 2354 3726 αγάστων
2380 3655 2656 3728 πράξεων.
2702 3657 2872 3728 Ἀρχὴ
2904 3656 2962 3710 δέ
2989 3658 3143 3728 ἡμῖν,
3175 3659 3280 3712 κάν
3318 3660 3550 3722 τούτοις,
3579 3659 3700 3714 ἀπὺ

2096 3735 2206 3803 τῶν
2234 3750 2414 3804 θείων.
2461 3751 2612 3822 Εὐχὴ
2649 3751 2747 3822 μὲν
2779 3748 2872 3805 οὖν
2901 3751 3022 3823 Θεῷ
3051 3751 3316 3805 συνάπτει
3342 3753 3438 3806 καὶ
3471 3755 3695 3819 οίκειοῑ,

2097 3843 2286 3915 ὁμιλία
2321 3861 2406 3906 τις
2458 3843 2642 3907 ἔνθεος
2715 3839 2871 3910 οὖσα,
2937 3846 3032 3898 καὶ
3099 3844 3356 3899 συνουσία
3397 3846 3561 3914 νοερά
3593 3845 3696 3898 τοῦ

2099 3938 2318 3992 πάντων
2351 3935 2638 3990 καλλίστου
2675 3936 2772 3990 καὶ
2801 3937 3136 4008 τιμιωτάτου
3163 3955 3178 3969 ·
3212 3939 3270 4006 ἐξ
3299 3931 3360 3992 οὗ
3387 3939 3542 3993 πᾶσα
3585 3939 3693 4008 μὲν

2092 4030 2351 4094 οὐσίωσις
2381 4029 2478 4084 καὶ
2509 4031 2728 4103 συνοχὴ,
2763 4032 2914 4085 πᾶσα
2941 4031 2998 4083 δὲ
3028 4031 3258 4102 πρόνοια
3301 4033 3398 4085 καὶ
3446 4030 3692 4103 χορηγία

2095 4125 2206 4178 τῶν
2259 4122 2504 4192 ἀγαθῶν,
2553 4125 2706 4177 πᾶσα
2745 4123 2804 4176 δέ
2858 4123 3132 4195 τελειότης
3182 4124 3278 4178 καὶ
3320 4125 3692 4195 διακάθαρσις

2094 4217 2205 4272 τῶν
2259 4217 2468 4271 παθῶν.
2509 4217 2672 4270 Ὥστε
2727 4217 2776 4270 εί
2814 4217 2909 4270 καὶ
2943 4218 3018 4289 μή
3071 4234 3124 4270 τι
3168 4217 3299 4272 ἄλλο
3355 4218 3548 4289 κέρδος
3608 4219 3681 4271 ἐκ

2094 4315 2197 4384 τῆς
2239 4314 2404 4385 εὐχῆς
2453 4312 2741 4382 ἀνεφύετο,
2791 4313 2925 4366 αὐτὸ
2953 4313 3017 4383 δὴ
3063 4311 3226 4367 τοῦτο
3278 4313 3514 4384 μάλιστα
3571 4317 3692 4379 τοῖς

2099 4406 2371 4477 φιλοθέοις
2413 4407 2510 4460 καὶ
2539 4404 2636 4460 τοῦ
2669 4405 2878 4474 ἀγαθοῦ
2910 4405 3301 4474 φιλοθεάμοσιν
3330 4407 3454 4460 ἀντὶ
3500 4407 3690 4476 πάσης

405 4499 581 4553 retur,
623 4489 767 4545 istud
823 4499 1001 4545 tamen
1060 4491 1284 4546 unicum
1331 4493 1476 4563 apud
1527 4494 1776 4551 homines
1817 4497 1991 4552 Deum

2099 4497 2439 4570 εὐφροσύνης
2484 4499 2668 4569 ῆρκει,
2725 4498 2822 4552 καὶ
2869 4498 3053 4568 πάσης
3081 4500 3184 4568 τῆς
3234 4498 3380 4552 κατά
3420 4498 3515 4552 τὸν
3569 4497 3691 4568 βίον

405 4581 693 4654 diligentes
725 4591 782 4637 et
806 4582 1029 4647 videndi
1059 4586 1307 4640 curiosos
1345 4585 1518 4642 instar
1549 4589 1732 4644 omnis
1762 4591 1990 4647 alterius

405 4675 815 4740 oblectamenti,
848 4677 1028 4731 omnis
1056 4693 1178 4747 quae
1199 4678 1254 4731 in
1285 4678 1396 4733 vita
1443 4681 1764 4752 contingere
1810 4690 1992 4753 potest

404 4765 762 4823 beatitudinis
786 4777 842 4822 et
870 4767 1171 4833 felicitatis,
1199 4783 1346 4826 esset
1367 4771 1586 4827 abunde
1606 4774 1991 4831 suﬂ'ecturum.

401 4859 506 4915 Ast
530 4875 657 4915 cum
685 4876 783 4931 per
807 4862 1057 4916 eamdem
1091 4873 1440 4931 peccatorum
1465 4865 1780 4922 obtinemus
1800 4867 1995 4923 remis-

404 4951 642 5017 sionem,
675 4962 730 5008 et
759 4953 1024 5024 quidquid
1065 4957 1227 5012 nobis
1271 4958 1619 5015 conducibile
1665 4960 1739 5015 sit
1786 4961 1992 5030 recipi-

405 5057 551 5109 mus,
593 5044 752 5100 donis
778 5046 963 5100 donati
996 5048 1240 5118 Optimis,
1271 5058 1329 5105 et
1359 5051 1633 5120 perfectos
1664 5050 1998 5108 facientibus

405 5135 756 5206 recipientes,
778 5154 997 5194 necnon
1036 5142 1092 5195 in
1124 5157 1184 5197 se
1241 5141 1705 5212 speciosissimis;
1756 5144 1826 5199 ad
1861 5159 1999 5215 ope-

406 5228 639 5282 randum
684 5244 750 5284 ea
797 5231 1130 5288 advocamur
1179 5249 1302 5303 quae
1353 5235 1760 5306 inexplicabilia
1810 5237 1997 5292 omnia

404 5320 565 5375 nobis
597 5321 848 5378 conferre
878 5324 1056 5378 solent
1088 5341 1103 5378 :
1141 5340 1236 5394 per
1279 5327 1576 5397 gratiarum
1601 5343 1764 5398 porro
1818 5330 1990 5384 actio-

403 5427 552 5478 nem,
584 5429 743 5484 quam
776 5415 834 5468 in
885 5415 1141 5485 precibus
1193 5417 1533 5486 expedimus,
1582 5419 1990 5476 benef-actorem

403 5503 557 5570 quasi
599 5518 1036 5570 remuneramus,
1067 5516 1122 5560 et
1155 5514 1410 5576 tanquam
1441 5509 1704 5578 quasdam
1753 5511 1828 5564 illi
1878 5512 1990 5580 pri-

406 5592 588 5645 mitias
616 5593 917 5658 oﬂ‘erimus,
952 5606 1251 5664 praesentes
1280 5598 1448 5654 animi
1466 5601 1639 5655 nostri
1663 5602 1991 5659 aﬂ‘ectiones

2097 4589 2506 4661 μακαριότητος
2536 4589 2630 4641 καὶ
2660 4587 3030 4658 εὐδαιμονίας.
3062 4589 3194 4641 Ὅτε
3223 4589 3317 4642 καὶ
3346 4589 3456 4643 τῶν
3493 4589 3687 4660 ἡμαρ-

2094 4683 2348 4753 τημένων
2396 4681 2594 4750 ἄφεσιν
2658 4680 3014 4751 λαμϐάνομεν
3070 4681 3140 4734 δι’
3169 4682 3363 4750 αὐτῆς,
3420 4683 3517 4735 καὶ
3573 4683 3687 4736 τῶν

2093 4774 2270 4828 ἄλλων
2287 4772 2608 4842 αίτημάτων
2626 4772 2727 4824 ὅσα
2745 4772 3086 4842 συμφέρουσι
3102 4772 3202 4834 τάς
3226 4771 3567 4840 ἀγαθωιδείς
3589 4776 3688 4827 καὶ

2093 4865 2509 4936 τελεσιουργοὺς
2559 4863 2789 4934 δωρεὰς,
2854 4861 3307 4933 προκαλούμεθα,
3373 4860 3687 4932 ἀξιούμεθά

2093 4972 2156 5008 τε
2184 4954 2292 5008 τῶν
2317 4954 2544 5022 ἀφάτων
2592 4953 2722 5023 περὶ
2747 4953 2897 5023 ἡμᾶς
2929 4951 3109 5023 ἔργων
3131 4952 3227 5006 καὶ
3255 4949 3443 5023 δώρων
3465 4953 3557 5005 διὰ
3583 4953 3684 5022 τῆς

2095 5049 2156 5101 ἐν
2220 5046 2360 5116 αὐτῇ
2425 5045 2779 5114 εὐχαριστίας
2831 5043 2922 5095 τὸν
2981 5043 3278 5115 εὐεργέτην
3326 5040 3680 5114 ἀμείσεσθαι,

2091 5138 2189 5192 καὶ
2212 5137 2278 5208 δὴ
2318 5137 2411 5190 καὶ
2443 5134 2561 5198 οἵας
2593 5135 2850 5205 ἀπαρχάς
2907 5151 3061 5197 τινας
3107 5134 3259 5205 αὐτῷ
3321 5133 3679 5205 προσφέρειν,

2092 5232 2193 5295 τάς
2225 5231 2347 5284 κατ’
2373 5229 2587 5299 ἐκείνην
2625 5227 2720 5282 τοῦ
2765 5225 2858 5280 νοῦ
2909 5229 3154 5298 κινήσεις
3205 5227 3298 5280 καὶ
3342 5223 3678 5294 δοξολογίας,

2090 5325 2190 5393 τῆς
2215 5325 2405 5393 νοερᾶς
2433 5320 2590 5392 ἡμῶν
2615 5322 2710 5374 καὶ
2749 5320 2974 5390 λογικῆς
3003 5319 3309 5381 οὐσιώσεως
3327 5335 3342 5349 ο
3374 5319 3464 5370 ὅτε
3499 5318 3679 5371 τοίνυν

2093 5411 2336 5467 τοσαῦτα
2359 5411 2454 5464 καὶ
2481 5408 2789 5479 τηλικαῦτα
2815 5410 2882 5478 τῇ
2923 5408 3059 5477 εὐχῇ
3107 5405 3513 5477 περιείληπται,
3563 5402 3680 5465 πῶς

2093 5506 2154 5559 οὐ
2179 5507 2286 5576 χρὴ
2314 5503 2454 5574 πρὸς
2503 5501 2709 5570 ταύτην
2752 5500 3053 5571 προθύμως
3105 5496 3545 5562 ἐπεκτείνεσθαι,
3586 5497 3678 5549 καὶ

2092 5598 2296 5667 ταύτης
2320 5597 2452 5668 ἐρᾷν
2482 5594 2691 5665 σφόδρα
2723 5597 2820 5646 καὶ
2855 5592 3390 5664 ἀντιλαμϐάνεσθαι;

406 5695 462 5739 et
492 5697 695 5752 motus,
723 5689 1037 5760 doxologias
1066 5707 1282 5762 quoque
1322 5695 1391 5750 ab
1426 5696 1751 5767 intelligibili
1798 5710 1985 5755 nostra
2022 5709 2080 5756 et
2138 5696 2391 5753 rationali
2440 5702 2636 5748 natura
2688 5690 3036 5746 resultantes.
3081 5689 3218 5744 Cum
3267 5687 3432 5759 igitur
3481 5696 3560 5743 tot
3623 5695 3674 5740 et

409 5791 559 5834 tanta
604 5797 708 5852 per
754 5787 1058 5841 orationem
1109 5801 1490 5859 procurentur,
1551 5796 1828 5864 quomodo
1876 5812 1986 5850 non
2023 5812 2238 5867 acquum
2267 5795 2422 5851 situt
2479 5805 2580 5846 nos
2603 5789 2938 5846 alacriterin
3003 5787 3090 5844 illa
3111 5787 3493 5852 extendamus,
3556 5800 3672 5839 eaut

415 5871 794 5932 vehementius
827 5877 1185 5949 (tepet-eamus
1225 5893 1278 5939 et
1332 5885 1482 5941 omni
1530 5885 1694 5941 modo
1741 5887 2156 5959 amplectamur.
