3964 6430
236 335 348 399 665

1415 343 1956 405 EPISTOLARUM
1992 344 2227 402 LIBER
2264 343 2316 403 Ι.

3408 344 3514 408 666

309 448 375 500 λ’.
404 447 478 501 Σὺ
508 447 690 504 τοίνυν
717 449 1021 522 προσεύχου
1062 451 1161 522 μὲν
1215 451 1378 522 εὐχὰς
1415 453 1553 517 ίδίας
1587 455 1823 507 διαπαν-

1994 451 2083 506 50.
2126 453 2289 505 Orato
2319 451 2483 521 igitur
2504 449 2882 507 indesinenter
2918 452 3169 521 privatim
3200 464 3255 510 et
3287 460 3430 527 apud
3462 470 3513 514 te

232 541 331 607 τὸς
357 545 456 597 καὶ
481 543 605 598 καθ’
636 544 831 597 ἑαυτὸν
858 545 937 614 τῷ
961 529 1099 615 Sitti).
1141 544 1453 616 Ηροσεύχου
1486 546 1543 600 δὲ
1571 548 1666 601 καὶ
1707 546 1823 618 ἆμα

231 634 317 704 τῷ
344 634 563 705 πλήθει,
592 637 689 690 καὶ
719 639 776 690 ἐν
798 636 878 706 τῷ
909 636 1161 705 φανερῷ·
1204 636 1271 689 δι’
1299 637 1560 707 ἐκατέρου
1590 638 1688 708 μὲν
1714 641 1822 710 γὰρ

237 727 511 797 θεοφιλῶς
558 730 962 799 πραττομένου,
1015 729 1077 781 τὸ
1115 730 1263 783 ὅσιον
1295 730 1445 783 ἔστιν
1492 730 1821 785 ἀποδιδόναι.

238 818 414 872 ’Ὅσον
462 819 519 871 δὲ
568 820 632 873 τὸ
685 824 953 891 πρότερον
1027 823 1107 885 εἰς
1166 821 1521 893 καθαρότητα
1584 822 1826 886 διανοίας

240 911 588 978 πλεονεκτεῖ,
624 913 879 967 τοσοῦτον
900 914 962 967 τὸ
1006 914 1260 985 δεύτερον
1306 916 1386 979 εἰς
1438 915 1667 985 μίμησιν
1701 917 1828 977 τοὺς

236 1005 485 1075 ὁρῶντας
519 1007 849 1076 παρακαλεῖ.
887 1007 997 1060 Καὶ
1031 1007 1094 1059 τὸ
1144 1007 1240 1078 μὲν
1287 1008 1369 1071 είς
1401 1008 1601 1060 οἰκεῖον
1632 1007 1827 1077 κέρδος

239 1095 494 1149 συντελεῖ
518 1111 533 1126 ο
556 1097 617 1149 τὸ
639 1096 695 1149 δὲ
725 1097 821 1151 καὶ
843 1098 970 1160 τοὺς
1002 1098 1195 1160 ἄλλους
1226 1094 1366 1151 οἶδεν
1397 1098 1627 1168 ὠφελεῖν
1648 1113 1662 1128 ⁸
1696 1092 1770 1151 ὧν
1795 1099 1827 1170 ή

241 1189 498 1257 σωτηρία
527 1190 621 1241 καὶ
646 1190 680 1260 ὴ
712 1190 987 1260 προκοπὴ,
1017 1191 1231 1262 μεγάλη
1283 1190 1447 1244 πάλιν
1484 1190 1587 1260 τῆς
1624 1190 1830 1262 ἀρετῆς

239 1281 364 1331 ἐστι
392 1279 489 1331 τοῦ
518 1280 782 1349 ἄρχοντος
820 1282 1119 1354 μαρτυρία.

318 1455 426 1510 λα’.
454 1458 637 1521 Ναοὺς
661 1459 750 1511 ἐπ’
771 1459 1001 1530 ὀνόματι
1020 1460 1157 1515 Θεοῦ
1190 1462 1286 1516 καὶ
1317 1461 1429 1514 τῶν
1462 1460 1629 1516 αὐτοῦ
1656 1461 1831 1531 ἁγίων

244 1552 393 1603 κατά
421 1550 553 1614 τοὺς
590 1551 1086 1621 ἐκκλησιαστικοὺς
1132 1553 1368 1625 θεσμοὺς
1402 1555 1699 1626 οἰκοδόμει,
1736 1556 1833 1608 καὶ

242 1639 463 1703 τούτοις
486 1640 579 1693 τὸν
601 1641 728 1694 λαὸν
756 1642 1216 1713 ἐκκλησιάζεσθαι
1239 1644 1385 1707 ἔθιζε
1407 1662 1421 1674 ·
1461 1645 1548 1698 ἶνα
1592 1649 1744 1716 κοινῇ
1772 1645 1833 1698 τὸ

244 1730 405 1783 Θείον
429 1731 817 1802 ἐξιλεούμενοι,
849 1736 947 1787 καὶ
987 1736 1173 1806 κοινὴν
1201 1736 1300 1808 τὴν
1327 1736 1634 1806 δοξολογίαν
1658 1754 1830 1808 προσ-

1934 542 2108 598 Deum
2142 559 2155 596 :
2189 542 2283 597 sed
2314 552 2369 596 et
2392 542 2565 612 palam
2597 552 2653 597 et
2684 558 2791 596 una
2814 559 2937 598 cum
2970 545 3318 601 multitudine
3338 558 3513 603 orato.

1932 635 2096 691 Certe
2122 651 2219 706 per
2247 645 2539 705 utrumque
2560 636 2753 690 orandi
2785 636 3030 699 modum,
3056 648 3111 690 ut
3143 636 3310 691 Deum
3333 656 3519 695 aman-

1934 736 2045 782 tem
2090 728 2270 791 decet,
2335 728 2679 781 observalum
2730 727 3086 782 sanctificatio
3146 729 3397 785 habetur.
3455 733 3515 787 ln

1933 828 2201 890 quantum
2230 834 2361 873 vero
2398 818 2547 887 prius
2576 817 2707 870 illud
2763 818 2829 871 ad
2885 820 3083 871 mentis
3112 828 3216 873 tua:
3262 822 3518 878 conducit

1935 912 2251 981 puritatem,
2285 910 2343 964 in
2373 918 2580 963 tantum
2606 910 2655 962 id
2682 909 2825 979 quod
2852 910 3074 978 ponitur
3103 913 3344 967 secundo
3375 914 3513 979 loco,

1935 1002 2211 1057 intuentes
2243 1002 2296 1055 in
2328 1001 2692 1055 imitationem
2724 1011 2905 1057 vocat.
2941 1001 3007 1054 Et
3030 1002 3257 1058 alterum
3298 1006 3517 1075 quidem

1936 1094 2164 1164 privatis
2193 1092 2496 1147 commodis
2550 1094 2801 1159 inservit,
2853 1093 3084 1147 alterum
3132 1095 3354 1165 insuper
3384 1113 3512 1153 con-

1936 1184 2084 1239 ducit
2118 1193 2173 1238 et
2198 1184 2415 1238 alienis.
2451 1184 2677 1239 Illorum
2711 1200 2875 1254 porro
2907 1185 3054 1240 salus
3110 1196 3165 1241 et
3215 1188 3269 1241 in
3320 1190 3515 1246 virtute

1937 1292 2258 1347 progressus
2301 1276 2512 1331 illustre
2558 1276 2853 1331 admodum
2909 1278 3283 1333 testimonium
3334 1280 3519 1338 virtuti

1938 1366 2260 1434 imperantis
2294 1365 2570 1435 perhibet.

2009 1457 2097 1511 51.
2140 1456 2363 1526 Templa
2388 1456 2501 1511 Deo
2530 1465 2584 1511 et
2629 1456 2831 1511 sanctis
2882 1458 3001 1527 ejus
3040 1458 3338 1512 secundum
3378 1459 3525 1529 leges

1937 1548 2146 1604 adifica
2197 1549 2651 1603 ecclesiasticas:
2705 1563 2770 1603 eo
2832 1550 3068 1619 populus
3120 1553 3416 1604 convenire
3466 1551 3524 1603 in

1938 1650 2114 1697 cmtus
2145 1651 2442 1703 assuescat,
2469 1643 2522 1695 in
2547 1658 2671 1696 eum
2704 1641 2866 1696 finem
2906 1650 2965 1695 ut
3015 1644 3397 1698 communibus
3425 1661 3525 1699 vo-

1943 1737 2013 1789 tis
2047 1734 2218 1789 Dcum
2252 1734 2547 1805 propitium
2579 1734 2863 1800 facientes,
2880 1744 2938 1789 et
2956 1737 3322 1791 communiter
3360 1740 3527 1791 doxo-

243 1821 517 1889 άγοντες,
563 1825 645 1887 είς
677 1828 865 1896 κοινήν
915 1843 975 1878 τε
1019 1827 1222 1897 μᾶλλον
1278 1829 1534 1898 ὁμόνοιαν
1572 1829 1832 1883 συνελαύ-

1957 1828 2133 1899 ogiam
2177 1828 2227 1882 ei
2257 1826 2586 1891 offerentes,
2616 1827 2688 1881 ita
2727 1826 2899 1898 magis
2939 1842 3063 1881 cum
3089 1828 3145 1881 in
3179 1844 3526 1882 communem

244 1930 471 1980 νωνται,
520 1916 617 1970 καὶ
680 1918 868 1987 κοινὴν
908 1919 1230 1989 καρπῶνται
1273 1921 1375 1992 τὴν
1423 1920 1698 1992 σωτηρίαν
1743 1921 1837 1975 καὶ

245 2002 549 2070 ὠφέλειαν.

316 2092 423 2163 λβ’,
456 2096 522 2146 Ai
554 2093 736 2150 θυσίαι
765 2097 863 2167 μὲν
906 2098 1006 2164 τῆς
1036 2099 1187 2169 ἱερᾶς
1241 2100 1400 2171 ήμῶν
1442 2100 1697 2172 λατρείας
1723 2104 1840 2167 τοῖς

249 2184 502 2254 ἱερεῦσιν
554 2190 873 2243 ἀνάκεινται
925 2185 1019 2253 οἷς
1067 2192 1361 2263 ὑπηρετῶν
1412 2195 1711 2266 προθύμως
1742 2196 1838 2249 καὶ

242 2280 603 2349 προσφέρων,
645 2281 847 2352 πολλῆς
876 2281 975 2351 τῆς
1010 2283 1098 2336 διὰ
1140 2283 1349 2339 τούτων
1389 2284 1718 2350 ἀπολαύσεις
1744 2288 1838 2340 καὶ

243 2370 573 2439 εὐεργεσίας
601 2377 696 2427 καὶ
722 2375 962 2446 χάριτος.
1000 2376 1200 2429 Δύναιο
1221 2377 1266 2431 δ’
1294 2378 1360 2431 ἀν
1399 2379 1493 2432 καὶ
1524 2382 1610 2445 σὺ,
1645 2378 1839 2450 βουλη-

248 2462 387 2527 θεὶς,
421 2464 704 2519 κάλλιστον
729 2468 1103 2540 αὐτουργῆσαι
1125 2469 1246 2541 Θεῷ
1272 2469 1421 2540 θῦμα
1442 2473 1536 2525 καὶ
1553 2473 1836 2542 ἐρασμιω-

249 2570 435 2621 τατον,
464 2555 581 2625 βίον
610 2556 761 2628 αὐτῷ
792 2559 1248 2631 καλλιερούμενος
1292 2562 1555 2634 καθαρὸν,
1597 2564 1691 2617 καὶ
1731 2563 1843 2616 δια-

245 2646 401 2710 νοίας
430 2648 719 2722 ὀρθότητα.

322 2828 429 2897 λγ’.
456 2828 626 2894 Εἰδὼς
652 2830 710 2884 δὲ
732 2830 807 2894 ὡς
834 2832 1048 2902 μεγάλη
1070 2832 1212 2905 ῥοπὴ
1234 2833 1371 2904 πρὸς
1402 2833 1502 2906 τὴν
1522 2834 1634 2889 τῶν
1663 2835 1842 2891 ἄλλων

243 2919 543 2991 διοίκησιν,
582 2921 741 2993 ῥώμη
783 2924 878 2976 καὶ
919 2924 1085 2994 τάχος
1137 2925 1400 2990 διανοίας,
1456 2928 1590 2997 μηδὲ
1635 2929 1843 3000 ταύτης

248 3012 529 3082 ἀφίστασο
584 3014 686 3084 τῆς
726 3015 1067 3086 ἐπιμελείας.
1127 3018 1409 3089 Ἀγχίνουν
1459 3021 1559 3091 μὲν
1596 3025 1707 3092 γὰρ
1743 3025 1844 3077 οὐκ

246 3104 374 3159 ἐστι
401 3105 657 3175 γενέσθαι
689 3107 780 3161 τὸν
806 3109 1065 3181 μὴζφύσει
1095 3111 1257 3164 τοῦτο
1292 3113 1570 3181 πεφυκότα
1593 3133 1605 3145 ·
1638 3114 1839 3185 μελέτη

249 3200 312 3255 δὲ
464 3168 819 3272 πραγμάτων.
842 3168 1028 3273 πείρα,
1072 3168 1717 3278 πρόχειρονιὲμποιοῦσαι
1872 3168 1913 3226 C

251 3296 485 3363 γνῶσιν,
538 3296 802 3362 πολλάκις
876 3299 933 3350 ἐν
977 3300 1161 3362 αὐτοῖς
1202 3303 1315 3365 τοῖς
1361 3300 1543 3375 ἔργοις
1591 3303 1847 3375 ὀξύτερον

254 3387 471 3453 ἔδειξαν
507 3389 1195 3462 τὸν¹ἐγγεγυμνασμένον,
1242 3393 1277 3466 ἢ
1327 3397 1454 3459 τοὺς
1495 3395 1703 3468 ταύτης
1747 3398 1848 3469 τῆς

252 3480 548 3551 δυνάμεως
582 3483 724 3537 κατά
772 3483 935 3552 φύσιν
968 3486 1399 3557 μετεσχηκότας.
1455 3490 1534 3541 Δι’
1582 3487 1610 3543 δ
1643 3490 1847 3561 φρόνη-

256 3590 347 3627 σιν
381 3575 574 3628 ἀσκεῖν
607 3578 873 3648 προσήκει
899 3577 987 3631 διά
1016 3578 1134 3647 βίου
1156 3606 1174 3618 -
1206 3577 1339 3650 αὕτη
1377 3580 1437 3632 δὲ
1485 3583 1849 3652 παραγίνεται

260 3667 472 3740 μελέτῃ
499 3668 597 3738 μὶν
628 3670 726 3722 καὶ
756 3671 945 3742 μνήμῃ
971 3670 1225 3743 πράξεων
1266 3672 1687 3745 πρεσϐυτέρων,
1723 3676 1849 3747 ὁμι-

255 3761 358 3831 λίᾳ
389 3759 448 3812 δὲ
477 3762 572 3814 καὶ
626 3763 884 3828 συνουσία
908 3763 1041 3833 τῶνι
1067 3764 1372 3833 περιόντων
1418 3768 1631 3839 ἀνδρῶν
1662 3768 1854 3841 φρονί-

264 3868 405 3921 μων,
429 3852 527 3905 καὶ
559 3852 824 3925 ἐμπειρίᾳ
850 3854 907 3907 δὲ
931 3855 1041 3908 τῶν
1070 3856 1217 3909 κατά
1247 3856 1341 3910 τὸν
1375 3856 1491 3927 βίον
1539 3859 1852 3929 πρακτέων.

267 3946 476 4015 Πρᾶξις
524 3947 635 4018 γὰρ
696 3948 927 4019 μιμήσει
981 3950 1088 4011 καὶ,
1139 3948 1304 4021 βουλῇ
1379 3952 1476 4004 καὶ⁵
1527 3950 1854 4024 διαχειρίσει

266 4041 472 4111 κράτος
492 4040 855 4103 συλλαϐοῦσα,
876 4041 977 4112 τῆς
1003 4041 1211 4095 ἀνωθεν
1239 4044 1412 4113 ῥοπῆς
1438 4044 1540 4097 οὐκ
1560 4047 1856 4117 ἀντιπρατ-

260 4131 494 4202 τούσης,
535 4134 615 4195 εἰς
643 4132 922 4205 συμφέρον
943 4132 1094 4195 τέλος
1118 4132 1428 4189 ἀποϐαίνει.

1937 1919 2284 1974 concordiam
2310 1918 2636 1982 coalescant,
2669 1926 2725 1973 ct
2751 1933 3101 1973 communem
3134 1919 3380 1974 referant
3402 1936 3527 1975 cum

1935 2011 2166 2066 salutem
2191 2017 2305 2063 tum
2332 2011 2496 2063 etiam
2526 2010 2663 2063 alias
2696 2009 2981 2065 utilitates.

2008 2102 2097 2156 52.
2142 2100 2420 2155 Sacrificia
2458 2111 2672 2155 sacrata
2709 2111 2907 2156 nostra:
2958 2101 3236 2173 religionis
3282 2112 3532 2173 spectant

1938 2193 2003 2248 ad
2036 2195 2347 2248 sacerdotes
2375 2210 2389 2246 :
2414 2193 2614 2262 quibus
2648 2192 2692 2246 si
2719 2192 2951 2247 libenter
2989 2202 3039 2247 te
3070 2196 3528 2257 accommodabis,

1939 2294 1994 2339 et
2028 2284 2333 2338 oblationes
2369 2293 2489 2338 tuas
2513 2283 2751 2349 dederis,
2799 2294 2854 2339 et
2884 2286 3322 2341 benevolentiam
3362 2304 3427 2341 ex
3466 2304 3532 2342 eo

1940 2377 2101 2439 facto,
2132 2387 2187 2431 et
2224 2376 2387 2429 simul
2419 2376 2647 2445 gratiam
2696 2377 2823 2432 inde
2874 2394 2986 2432 non
3023 2379 3299 2449 vulgarem
3343 2398 3531 2448 repor—

1941 2467 2103 2521 tabis.
2142 2466 2352 2522 Poteris
2380 2478 2581 2533 autem,
2632 2470 2797 2523 modo
2844 2471 3063 2524 animus
3106 2472 3273 2537 adsit,
3313 2482 3369 2526 et
3418 2482 3535 2529 tute

1940 2573 2038 2627 per
2064 2570 2115 2612 te
2142 2558 2571 2628 pulcherrimum
2607 2560 2716 2615 Deo
2751 2561 2952 2616 otl‘erre
2979 2563 3308 2618 sacrificium
3341 2574 3396 2619 et
3434 2566 3533 2619 de-

1942 2650 2210 2715 lectabile,
2254 2650 2300 2705 si
2328 2654 2496 2707 vitam
2546 2653 2651 2722 ipsi
2680 2668 2875 2723 puram
2919 2666 2973 2709 et
3026 2655 3270 2709 animum
3322 2666 3534 2711 rectum

1942 2743 2169 2813 pulchre
2207 2745 2491 2800 obtuleris.

2011 2834 2102 2890 53.
2139 2836 2220 2890 Ad
2255 2837 2331 2891 rei
2364 2854 2493 2891 vero
2529 2838 2695 2893 totius
2742 2838 2974 2909 publicae
3005 2839 3537 2897 administrationem

1943 2943 2067 2983 cum
2106 2927 2379 2998 intelligas
2410 2930 2707 3000 plurimum
2738 2930 2995 2985 conferre
3024 2933 3226 2986 mentis
3249 2934 3541 2988 valentiam

1942 3029 1999 3074 et
2030 3021 2226 3091 agilem
2261 3021 2666 3086 dexteritatem,
2698 3024 2809 3078 noli
2839 3037 3027 3078 curam
3076 3024 3218 3079 hanc
3253 3026 3405 3080 obire
3440 3043 3541 3081 ne-

1946 3113 2258 3184 gligentius.
2299 3115 2368 3168 Et
2421 3126 2570 3170 certe
2618 3117 2966 3185 prudentiam
3001 3118 3054 3171 in
3102 3119 3385 3188 procinctu
3430 3136 3542 3173 non

1948 3202 2171 3259 habebit
2207 3204 2299 3259 ille
2337 3205 2430 3274 qui
2463 3220 2573 3258 non
2614 3213 2698 3259 est
2738 3221 2768 3259 a
2799 3215 2994 3260 natura
3026 3207 3093 3260 ad
3134 3208 3279 3260 illam
3324 3223 3545 3278 compa-

1947 3305 2120 3350 ratus.
2158 3295 2435 3350 Meditatio
2464 3295 2674 3362 sedula,
2704 3296 3151 3367 experientiaque
3184 3310 3387 3361 rerum,
3420 3315 3543 3369 qua:

1949 3387 2314 3459 cognitionem
2346 3389 2413 3443 ad
2432 3403 2653 3443 manum
2684 3389 3054 3460 suppeditant,
3080 3405 3188 3443 non
3221 3405 3346 3444 raro
3364 3390 3542 3445 virum

1949 3498 2055 3537 usu
2085 3480 2444 3536 exercitatum
2479 3480 2688 3536 faciunt
2720 3482 2893 3536 multo
2928 3483 3143 3536 acutius
3170 3483 3223 3535 in
3261 3482 3545 3551 procinctu

1950 3577 2137 3631 videre
2161 3591 2324 3646 quam
2360 3577 2497 3631 alios
2519 3578 2720 3647 quibus
2740 3592 2770 3631 a
2800 3586 2995 3633 natura
3014 3578 3131 3632 haec
3158 3578 3386 3633 facultas
3410 3594 3546 3632 con-

1953 3685 2107 3725 cessa
2166 3677 2272 3724 est.
2321 3669 2587 3736 Quocirca
2644 3668 3039 3738 providentiam
3083 3667 3241 3723 decet
3290 3683 3547 3723 exercere

1952 3777 2052 3833 per
2092 3770 2264 3815 totum
2286 3759 2453 3813 totius
2481 3758 2604 3813 vita:
2624 3773 2870 3812 cursum.
2893 3757 3207 3827 Acquiritur
3239 3757 3327 3810 illa
3362 3766 3546 3810 autem

1956 3854 2088 3908 d-um
2138 3851 2432 3906 recolimus
2460 3859 2515 3904 et
2548 3850 2878 3904 meditantur
2902 3866 2987 3903 res
3015 3851 3141 3903 olim
3168 3859 3363 3920 gestas,
3415 3850 3547 3904 dum

1956 3955 2314 4012 congressum
2369 3940 2691 3994 affectamur
2744 3946 2800 3993 ct
2867 3938 3187 3993 familiarem
3239 3955 3548 3994 sermonem

1956 4033 2312 4105 prudentium
2334 4032 2388 4086 in
2417 4032 2526 4086 vita
2556 4032 2962 4095 easistentium,
2994 4032 3125 4086 dum
3157 4048 3335 4088 rerum
3370 4032 3551 4103 quoti—

1958 4127 2184 4192 dianam
2201 4125 2596 4195 experientiam
2629 4125 2956 4196 colligimus.
2991 4126 3148 4180 Actio
3186 4126 3330 4180 enim
3362 4126 3551 4196 acqui-

1961 4220 2033 4274 rit
2053 4218 2198 4272 vires
2227 4232 2325 4287 per
2355 4217 2737 4278 imitationem,
2763 4218 3051 4272 consilium
3074 4228 3129 4272 et
3154 4220 3549 4289 operationem,

1961 4320 2126 4381 atque
2182 4310 2256 4363 ita
2286 4307 2473 4363 divino
2510 4324 2620 4363 non
2661 4309 2987 4363 adversante
3031 4309 3330 4363 auxilio‘in
3389 4310 3553 4366 tinem

1962 4402 2313 4459 commodum
2339 4400 2621 4456 conducit.

338 4490 439 4545 λδ’.
470 4489 625 4560 Μηδὲ
653 4489 765 4541 τῶν
797 4490 929 4559 περὶ⁹
948 4489 1011 4541 τὸ
1036 4487 1196 4557 σῶμα
1226 4487 1286 4541 δέ
1315 4486 1473 4557 ἡμῶν
1496 4488 1590 4540 καὶ
1641 4490 1846 4558 σχημά-

2033 4498 2125 4552 54.
2167 4492 2452 4559 Habitum,
2487 4494 2984 4567 ﬁgurampmotum
3018 4495 3263 4565 corporis
3291 4494 3403 4549 noli
3431 4501 3553 4548 tan-

263 4600 380 4637 των
409 4582 507 4636 καὶ
536 4581 829 4651 κινήσεων,
858 4579 935 4641 ὡς
975 4577 1233 4641 εὐτελῶν,
1287 4578 1558 4648 ὑπερόρα.
1610 4577 1719 4629 Kal.
1743 4577 1853 4647 γὰρ

268 4679 368 4730 καὶ
395 4678 431 4746 ή
464 4677 523 4728 ἐν
556 4674 743 4736 αὐτοῖς
788 4672 988 4743 ἀρίστη
1041 4670 1194 4735 τάξις
1256 4671 1351 4723 καὶ
1386 4671 1722 4732 κατάστασις
1760 4670 1862 4722 οὐκ

272 4768 564 4838 ἐλάχιστον
609 4765 775 4837 μέρος
813 4766 1134 4835 φρονήσεως
1168 4761 1346 4828 ἔδοξεν
1399 4757 1542 4815 εἶναι
1569 4777 1583 4790 °
1617 4763 1713 4815 καὶ
1751 4762 1862 4818 τῶν

269 4863 606 4935 ἀνθρώπων,
647 4862 765 4915 ὅσοι
806 4860 882 4931 μὴ
935 4859 1168 4913 συνιδεῖν
1221 4860 1360 4912 εἰσιν
1403 4861 1469 4911 ἐκ
1516 4858 1611 4910 τοῦ
1663 4859 1861 4930 ῥᾴστου

268 4956 443 5009 δεινοὶ
470 4954 570 5025 τὴν
610 4955 668 5007 ἐν
716 4955 785 5024 τῇ
814 4953 960 5022 ψυχῇ
980 4952 1214 5021 δύναμιν
1231 4952 1327 5004 καὶ
1355 4951 1418 5003 τὸ
1447 4950 1666 5014 κάλλος,
1714 4943 1863 5003 οὗτοι

268 5051 389 5112 τοῖς
438 5047 639 5111 ἔξωθεν
689 5046 935 5115 θεάμασι
976 5043 1384 5113 ξεναγούμενοι,
1435 5046 1530 5096 καὶ
1568 5043 1676 5096 τῶν
1740 5043 1869 5113 ἀδή-

269 5140 386 5194 λων
412 5142 642 5210 ἐρασταὶ
668 5140 765 5195 καὶ
800 5138 1088 5192 ἐπαινέται
1142 5136 1525 5192 καθίστανται.
1569 5137 1668 5191 Διά
1704 5137 1869 5190 τοῦτο

271 5234 359 5287 δεῖ
388 5234 485 5287 καὶ
525 5232 822 5304 προσώπου
845 5230 1108 5296 διαθέσει,
1134 5229 1230 5283 καὶ
1260 5228 1438 5301 κόμης
1490 5231 1745 5300 ἀσκήσει,
1772 5230 1869 5284 καὶ

275 5325 545 5395 περισολῇ
583 5324 807 5394 ἐσθῆτος
835 5323 1066 5393 κόσμιον
1093 5322 1323 5392 ὁρᾶσθαι
1349 5323 1443 5375 καὶ
1476 5321 1695 5391 σεμνὸν,
1726 5324 1865 5393 μήτε

277 5420 362 5484 είς
401 5419 463 5472 τὸ
493 5418 769 5488 βλακῶδες
813 5418 910 5470 καὶ⁵
943 5416 1238 5487 περίεργον
1277 5414 1668 5485 ἐκφερόμενον,
1727 5419 1865 5486 μήτε

277 5510 449 5566 πάλιν
485 5512 631 5583 πέρα
657 5510 753 5563 τοῦ
797 5510 1019 5580 μετρίου
1062 5509 1199 5578 πρὸς
1240 5506 1301 5558 τὸ
1331 5505 1689 5575 ἠμελημένον
1726 5505 1869 5559 καθ-

277 5607 603 5674 ελκόμενον.
682 5602 975 5675 Ἑκάτερον
1024 5599 1132 5670 γάρ
1182 5600 1427 5669 ἀπρεπὲς
1482 5603 1576 5651 καὶ
1627 5600 1868 5653 εὐκατα-

278 5699 576 5770 φρόνητον,
639 5697 731 5749 καὶ
792 5695 1028 5767 ἀρχικῆς
1084 5692 1364 5756 πολιτείας
1413 5691 1713 5762 ἀλλότριον.
1756 5693 1869 5746 Καὶ

282 5790 625 5863 βαδίσματος
676 5788 735 5841 δὲ
790 5788 989 5860 πρέπει
1054 5784 1131 5857 τῷ
1168 5784 1389 5856 ἄρχοντι
1421 5782 1666 5851 εὐταξία,
1721 5784 1861 5855 μήτε

1964 4603 2128 4658 quam
2176 4586 2303 4642 vilia
2333 4594 2707 4642 contemnere.
2755 4586 2903 4640 Ordo
2935 4584 3081 4640 enim
3129 4587 3180 4639 in
3214 4585 3317 4639 illis
3350 4585 3441 4654 qui
3471 4595 3557 4639 est

1964 4679 2204 4750 optimus
2258 4679 2611 4743 observatus,
2651 4686 2707 4732 et
2758 4676 3043 4747 dispositio
3102 4675 3401 4745 praeclara,
3445 4691 3557 4728 non

1965 4770 2191 4826 minima
2228 4769 2447 4823 videtur
2498 4785 2623 4823 esse
2664 4769 2971 4838 prudentia:
3003 4768 3203 4837 portio.
3248 4764 3323 4819 Illi
3370 4776 3554 4819 autem

1966 4863 2167 4933 quibus
2193 4877 2303 4918 non
2334 4870 2419 4917 est
2447 4862 2687 4933 positum
2717 4862 2771 4915 in
2795 4861 3024 4932 proclivi
3049 4862 3182 4926 vim,
3218 4859 3556 4924 facultatem,

1968 4950 2437 5023 pulchritudinem
2475 4952 2532 5006 in
2564 4952 2749 5009 animo
2775 4952 3187 5006 delitescentem
3233 4952 3453 5014 intueri,
3484 4952 3562 5005 fa-

1969 5044 2071 5099 cile
2117 5043 2394 5098 ducuntur
2433 5041 2673 5097 externis
2701 5040 3048 5111 spectaculis,
3073 5048 3127 5094 et
3150 5056 3333 5094 rerum
3386 5041 3565 5095 oculis

1968 5152 2082 5191 non
2115 5137 2492 5205 subjectarum
2523 5135 2721 5190 exinde
2748 5143 3022 5188 amatores
3046 5133 3321 5189 exsistunt
3342 5141 3398 5189 et
3424 5149 3562 5202 pra:-

1971 5246 2157 5286 cones.
2200 5230 2329 5285 ideo
2348 5230 2506 5284 decet
2544 5229 2697 5282 vultu
2725 5230 2865 5282 bene
2896 5227 3187 5297 disposito,
3219 5242 3374 5281 coma
3400 5241 3567 5280 exor-

1970 5331 2123 5386 nata,
2153 5324 2359 5376 vestitu
2407 5329 2462 5375 et
2487 5319 2689 5373 amictu
2726 5319 3047 5389 gravitatem
3084 5334 3192 5387 prae
3237 5333 3296 5372 se
3328 5317 3472 5371 ferre
3505 5327 3563 5371 et

1973 5412 2257 5467 decorem:
2282 5426 2391 5465 non
2410 5411 2477 5465 ad
2496 5411 2779 5465 mollitiem
2799 5413 2883 5466 vel
2909 5410 3285 5465 curiositatem
3307 5409 3553 5475 deviare,

1974 5520 2077 5559 nec
2107 5505 2249 5558 ultra
2273 5519 2438 5574 quam
2469 5519 2567 5572 par
2597 5511 2682 5557 est
2699 5502 2766 5557 ad
2800 5502 3105 5574 neglectum
3127 5502 3429 5557 transferri.
3452 5502 3565 5555 De-

1973 5598 2129 5653 decet
2159 5596 2304 5651 enim
2347 5604 2638 5666 utrumque
2681 5603 2737 5649 ct
2774 5604 3150 5663 contemptum
3182 5594 3343 5663 parit,
3375 5603 3430 5646 et
3468 5592 3568 5646 ab-

1976 5692 2213 5745 horreta
2238 5690 2504 5759 principis
2529 5691 2629 5744 viri
2660 5689 2870 5744 ratione
2901 5698 2951 5743 et
2976 5699 3143 5743 statu.
3172 5688 3277 5742 Sed
3310 5696 3365 5741 et
3403 5686 3563 5756 prin-

1975 5783 2155 5854 cipem
2200 5782 2360 5837 decet
2410 5781 2659 5838 incessus
2692 5782 2832 5838 bene
2872 5780 3254 5851 compositus:
3293 5794 3421 5834 nam
3462 5790 3570 5833 nec
