3964 6454
511 312 616 376 667
1641 309 1906 372 PHOTII
1945 311 2076 373 PAT

2132 312 2450 374 LIARCHIE
2487 315 2596 382 cp.
3614 338 3697 403 ωε

515 423 718 480 moveri
773 421 937 480 debet
963 421 1229 478 dissoluto
1271 429 1327 477 et
1375 419 1628 480 muliebri
1659 429 1832 488 motu,
1913 438 2080 492 neque

2133 429 2164 484 Α
2191 424 2271 518 εἰς
2299 425 2362 477 τὸ
2415 424 2767 518 θηλυπρεπές
2814 426 2914 518 ,καὶ
2946 425 3191 518 ,ἔκλυτον
3239 425 3600 502 ἀσχημονοῦντι
3623 448 3698 518 τὴν

515 532 708 571 rursus
757 516 1053 569 novitatem
1092 513 1345 568 all'ectare
1369 528 1464 582 per
1497 512 1826 579 confertum,
1879 523 2080 584 pertur-

2195 514 2430 586 κίνησιν,
2471 518 2612 587 μήτε
2644 515 2749 587 μὴν
2777 517 2860 580 είς
2908 516 2971 570 τὸ
3007 516 3206 586 ἀθρόον
3245 519 3337 572 καί⁵
3354 512 3703 600 τεταραγμένᾷν

515 609 723 674 batum,
753 609 1023 678 disparem
1059 607 1390 676 ingressum,
1422 605 1600 658 omnis
1635 613 1814 658 autem
1846 605 2080 674 corporis

2193 607 2289 659 καὶ
2329 605 2614 676 ἀνώμαλον
2661 607 2866 679 ταύτην
2930 607 3370 678 ἐκνεωτερίζοντι
3391 629 3404 643 ·
3453 617 3538 670 καὶ
3570 622 3702 692 ὅλως,

515 701 680 755 motio
711 701 901 754 ordine
930 698 1154 752 omnino
1174 696 1512 766 disponatur.

2191 698 2344 751 πᾶσα
2364 697 2578 768 κίνησις
2608 696 2758 764 τάξει
2790 699 3125 768 κοσμείσθω.

583 793 674 846 55.
715 791 966 846 Cavenda
1001 798 1082 844 est
1121 789 1248 843 etin
1280 803 1531 842 sermone
1570 787 1845 843 velocitas.
1878 787 1975 842 Est
1997 802 2093 840 au-

2262 789 2356 842 λε’.
2401 792 2495 843 Δεῖ
2521 789 2581 843 δὲ
2621 790 2806 844 καὶτὸ
2865 792 2924 844 ἐν
2963 789 3145 860 λόγοις
3170 789 3333 862 τάχος
3386 795 3703 863 εὐλαϐεῖσθαι,

516 892 623 937 tem
674 881 762 934 illa
807 880 1037 934 forsitan
1093 878 1323 947 alicujus
1381 892 1513 930 usus
1557 876 1612 931 in
1651 876 2003 931 contentiosis
2037 886 2081 930 el

2191 882 2498 953 Ταχυλογία
2524 883 2655 955 γάρ,
2678 884 2737 936 ἐν
2788 884 2887 952 μὲν
2941 884 3323 953 άγωνιστικαῖς
3363 886 3602 958 διαλέξεσι
3633 901 3708 952 καὶ

510 973 747 1028 eristicis
765 971 1170 1042 congressibus,
1213 985 1318 1024 nec
1376 970 1554 1022 virum
1591 969 1818 1023 dedecet
1861 982 2075 1038 genero-

2193 974 2468 1045 ἁμίλλαις,
2488 975 2590 1027 οὐκ
2631 974 3108 1046 εὐκαταφρόνητον
3140 973 3291 1040 ἴσως,
3313 976 3427 1030 ούδέ
3447 981 3616 1048 άγενές
3630 1004 3641 1016 ·
3662 990 3707 1042 ἐν

510 1080 666 1118 sum:
699 1063 792 1117 sed
823 1064 990 1118 stulta
1017 1073 1099 1117 est
1134 1073 1189 1116 et
1213 1061 1536 1132 periculosa,
1567 1061 1810 1116 adhibita
1857 1059 1900 1116 si
1929 1061 1999 1114 sit
2035 1060 2075 1114 ir

2190 1066 2502 1137 δημηγορίᾳ
2519 1066 2596 1133 δὲ,
2619 1066 2846 1136 ἀνόητον
2875 1066 2969 1121 καὶ
3014 1066 3329 1136 ἐπισφαλές.
3359 1071 3501 1125 Ἐνδὲ
3517 1081 3711 1145 προσιτά.

446 1208 453 1216 ,
508 1155 794 1225 colloquiis
843 1154 1196 1209 familiaribus
1223 1172 1238 1210 :
1267 1154 1320 1207 in
1353 1153 1626 1208 mandatis
1661 1151 1879 1216 dandis,
1908 1152 2011 1222 poli

2191 1175 2227 1228 γ
2235 1175 2386 1228 μασι,
2416 1159 2511 1212 καὶ
2529 1157 2768 1230 μάλιστα
2788 1160 2901 1222 τοῖς
2925 1158 3242 1226 πολιτικοῖς,
3261 1161 3352 1212 καὶ
3377 1165 3559 1228 κοινοῖς
3589 1168 3711 1223 εὐτε-

508 1249 592 1302 cis
631 1247 936 1318 praesertim
970 1256 1024 1301 et
1050 1262 1164 1300 rem
1200 1246 1573 1316 spectantibus
1595 1261 1962 1310 communem,
1985 1245 2073 1298 hu-

2191 1249 2283 1309 λές
2319 1249 2412 1302 καὶ
2441 1249 2715 1304 ταπεινόν.
2731 1248 3136 1321 Ἐντελέστερον
3161 1249 3411 1317 δἐἰπεῖν,
3437 1256 3650 1331 ταχύτης
3667 1262 3714 1314 ἐν

510 1339 656 1394 milis
682 1349 769 1394 est
797 1348 852 1392 et
888 1339 1092 1392 nullius
1127 1338 1308 1408 pretii.
1341 1337 1673 1392 Exaccurate
1707 1336 1909 1398 dicere,
1947 1337 2075 1391 cele-

2192 1338 2390 1411 πράξει
2427 1339 2524 1394 καὶ
2559 1339 2738 1408 λόγοις
2769 1340 2865 1392 καὶ
2899 1340 3185 1411 κινήμασι,
3220 1341 3318 1393 σὺν
3349 1342 3577 1416 εὐταξίᾳ,
3599 1347 3713 1404 θεῖον

508 1430 644 1484 riter
672 1431 941 1499 perlicere
974 1429 1208 1491 actibus,
1237 1429 1600 1492 sermonibus,
1651 1427 1907 1493 motibus,
1964 1443 2073 1482 cun

2193 1433 2297 1502 μέν
2323 1449 2445 1485 τινα
2482 1431 2577 1484 καὶ
2616 1431 2873 1502 ὑπερφυῆ
2905 1433 3198 1501 ἀποφαίνει
3245 1431 3337 1486 τδν
3364 1433 3564 1504 ἔχοντα.
3591 1440 3712 1494 Σπά-

506 1521 708 1575 decore
759 1519 986 1583 versari,
1035 1519 1232 1574 divinae
1280 1518 1443 1573 sortis
1500 1519 1650 1572 illum
1692 1533 1812 1573 esse
1843 1525 1899 1573 et
1951 1519 2071 1573 ultr:

2192 1537 2303 1576 νιον
2327 1522 2404 1587 δὲ,
2436 1523 2530 1574 καὶ
2553 1520 2823 1574 συνελθεῖν
2849 1521 2966 1593 ἆμα
3015 1522 3199 1576 πάντα
3255 1522 3634 1594 χαλεπώτατον.
3659 1531 3717 1586 Τὸ

506 1627 856 1667 communem
888 1613 1068 1683 arguit
1116 1611 1203 1681 qui
1249 1611 1322 1666 ita
1366 1621 1709 1681 comparatus
1755 1620 1856 1666 est.
1888 1611 2071 1666 Verun

2191 1612 2250 1666 δέ
2283 1615 2342 1666 ἐν
2369 1612 2580 1676 τούτοις
2605 1612 2924 1684 σύμμετρον
2947 1614 3043 1666 σὺν
3065 1613 3314 1685 εὐταξίᾳ,
3347 1617 3533 1685 σεμνόν
3554 1635 3606 1671 τε
3641 1624 3717 1676 καὶ

511 1719 637 1758 raro
689 1703 982 1758 admodum
1017 1713 1071 1758 et
1099 1703 1383 1757 dilliculter
1409 1703 1754 1774 contingitut
1780 1701 1942 1756 simul
1969 1717 2076 1756 om-

2193 1704 2542 1774 ἁξιάγαστον,
2595 1705 2686 1758 καὶ
2741 1705 2937 1773 μεστὸν
2968 1704 3135 1773 ὄγκου
3185 1707 3284 1759 καὶ
3341 1707 3434 1761 σὺν
3477 1708 3716 1783 εὐλαϐείᾳ,

506 1797 601 1850 nia
637 1796 691 1850 in
726 1812 893 1850 unum
931 1797 1248 1865 conspirent
1278 1814 1292 1852 :
1326 1795 1626 1850 moderatio
1678 1805 1890 1860 ornata,
1915 1794 2071 1865 gravi

2152 1798 2163 1848 ι
2192 1797 2442 1852 ποθεινὸν
2479 1799 2712 1874 ὁρᾶσθαι
2739 1797 3174 1869 παρασκευάζει,
3213 1799 3311 1852 καὶ
3362 1800 3540 1872 ἄρχειν
3559 1804 3717 1874 ἐπιτη·

507 1895 592 1944 tas
645 1889 762 1943 visu
815 1889 994 1960 digna,
1028 1904 1152 1944 cum
1184 1888 1421 1959 pondere
1449 1887 1682 1958 quodam
1728 1898 1784 1942 et
1836 1887 2072 1942 cautione

2193 1890 2486 1961 δειότερον,
2512 1891 2676 1964 είπερ
2717 1893 2813 1944 καὶ
2855 1893 2916 1945 ἐν
2961 1893 3074 1955 τοῖς
3106 1892 3352 1963 ἀρίστοις
3401 1893 3512 1947 ἔστι
3564 1912 3612 1948 τι
3660 1898 3719 1968 τῷ

506 1980 821 2051 conjuncta,
851 1997 913 2036 ea
952 1981 1327 2052 possidentem
1367 1981 1721 2052 conspicuum
1747 1996 1870 2036 cum
1890 1981 2071 2050 jucun‘

2193 1982 2390 2052 πλήθει
2415 1983 2850 2054 ἐρασμιώτερον.
2884 1981 3138 2054 Ταχύτης
3169 1983 3225 2036 δὲ
3275 1985 3372 2037 σὺν
3419 1984 3620 2057 ἀταξίᾳ,
3649 1988 3721 2058 ἐμ-

506 2072 680 2128 ditate
707 2071 965 2143 quadam,
1007 2080 1064 2128 ct
1088 2082 1338 2127 ornatum
1361 2071 1538 2128 reddit
1570 2073 1637 2127 ad
1687 2072 2071 2142 imperandum,

2193 2067 2438 2143 πληκτον
2503 2073 2599 2125 καὶ
2661 2072 2914 2141 μανικὸν,
2981 2072 3077 2126 καὶ
3130 2072 3526 2143 παραδιορθοῦν
3585 2075 3721 2129 ἐνίοτε

504 2173 583 2229 et,
619 2165 666 2220 si
694 2165 820 2235 quid
855 2165 1048 2237 vulgus
1085 2165 1226 2236 quod
1259 2166 1524 2236 optimum
1557 2174 1812 2219 censetur
1835 2165 2069 2219 adamart

2196 2165 2430 2236 μεγάλα,
2480 2164 2578 2218 καὶ
2627 2164 2861 2234 σφάλλον
2902 2163 2979 2228 ώς
3049 2162 3122 2218 τά
3169 2163 3344 2218 πολλά
3385 2165 3721 2236 παραπλήσια.

505 2267 690 2326 queat,
713 2257 998 2326 placitum.
1031 2256 1350 2312 Volubilitas
1386 2272 1516 2312 vero
1561 2255 1680 2312 sine
1717 2255 1825 2310 ulla
1855 2254 2070 2326 disposi‘

2203 2257 2270 2310 Ἦ
2294 2257 2350 2311 δὲ
2398 2257 2497 2310 σὺν
2548 2255 2746 2326 ἀταξίᾳ
2801 2255 3094 2327 βραδύτης,
3135 2255 3346 2325 νωθρὸν
3399 2257 3492 2310 καὶ
3525 2255 3719 2326 ἠλίθιον,

507 2348 654 2402 tione
684 2348 768 2402 vel
785 2348 974 2402 ordine
1003 2347 1272 2404 furiosum
1297 2347 1554 2418 quiddam
1583 2353 1638 2402 et
1667 2346 1914 2400 insanum
1938 2345 2072 2400 videi

2190 2349 2288 2400 καὶ
2347 2345 2581 2415 σφάλλον
2641 2345 2740 2416 μὲν
2791 2345 2962 2397 ἐνίοτε
3012 2343 3106 2398 καὶ
3177 2344 3413 2414 μεγάλα,
3469 2345 3723 2416 κατορθοῦν

508 2449 599 2494 tur
628 2457 641 2494 :
671 2441 869 2508 saepius
899 2441 1118 2495 aberrat
1146 2456 1175 2495 a
1205 2449 1374 2505 recto,
1394 2438 1604 2494 etiamsi
1621 2437 1907 2508 aliquando
1927 2437 2073 2506 prod-

2191 2437 2248 2490 δὲ
2311 2437 2594 2507 ἐλάχιστα,
2659 2436 2756 2490 καὶ
2799 2435 2976 2490 ταῦτα
3021 2435 3144 2490 λίαν
3183 2436 3443 2503 ταπεινὰ,
3493 2435 3719 2507 καὶπρὸς

503 2547 626 2586 esse
687 2533 890 2602 poterit
919 2533 1295 2587 vehementer.
1328 2531 1577 2585 Tarditas
1604 2545 1726 2584 cum
1749 2528 2068 2584 confusione

2192 2526 2292 2590 τὰς
2326 2526 2520 2589 λοιπὰς
2552 2525 2764 2580 ἐκείνου
2791 2525 3020 2599 πράξεις
3049 2527 3213 2596 μόνον
3242 2527 3721 2598 παραμετρούμενα,

507 2625 736 2679 stultum
761 2624 914 2696 quid,
943 2623 1162 2678 imbelle
1189 2641 1203 2676 :
1240 2623 1493 2677 aberrare
1512 2620 1726 2676 videtur
1753 2619 2069 2689 plerumque

1061 2623 1162 2678 elle
1189 2641 1203 2676 :
1240 2623 1493 2677 aberrare
1512 2620 1726 2676 videtur
1753 2619 2090 2689 plerumque,
2197 2619 2619 2690 κατορθώματα.

503 2727 562 2772 et
590 2718 808 2787 quidem
856 2717 911 2772 in
943 2717 1173 2788 magnis,
1208 2716 1334 2771 licet
1363 2714 1640 2769 interdum
1675 2712 1875 2782 aliquid
1935 2712 2182 2783 perﬁciat
2239 2713 2369 2768 boni
2401 2731 2414 2767 :
2447 2714 2542 2770 sed
2593 2713 2725 2769 illud
2788 2723 2955 2770 tenue
3012 2724 3068 2770 et
3129 2713 3338 2769 nullius
3385 2714 3558 2785 pretii,
3588 2716 3722 2786 quod-

503 2824 613 2881 que
638 2825 745 2864 non
772 2810 931 2864 aliter
985 2809 1252 2864 habeatur
1278 2808 1504 2871 bonum,
1552 2823 1713 2878 quam
1737 2807 1992 2863 collatum
2019 2807 2086 2861 ad
2107 2816 2332 2862 caateras
2363 2807 2482 2876 ejus
2517 2807 2780 2864 actiones.

576 2902 666 2958 36.
704 2902 836 2957 Risu
889 2902 1190 2972 disrumpi,
1241 2917 1364 2957 cum
1411 2901 1754 2957 deformitate
1808 2901 1992 2956 vultus
2038 2905 2141 2962 et(

2159 2910 2162 2960 ι
2263 2900 2373 2965 λς’.
2418 2901 2493 2954 Τὸ
2538 2900 2674 2972 πρὸς
2718 2901 2962 2971 γέλωτας
3001 2900 3458 2971 διαθρύπτεσθαι,
3483 2899 3610 2970 μετὰ
3651 2900 3724 2953 τοῦ

504 3009 722 3048 morum
756 2992 1044 3059 dedecore,
1092 2991 1455 3047 constantiam
1501 2998 1555 3045 et
1593 2991 1915 3062 gravitatem
1957 3006 2069 3046 c0111

2191 2990 2523 3062 ἀσχημονεῖν
2567 2993 2668 3063 τὴν
2703 2994 2940 3064 μορφὴν,
2967 2994 3064 3048 καὶ
3103 2992 3199 3048 τοῦ
3250 2993 3420 3066 ῆθους
3476 2993 3611 3046 ἐστὶν
3655 2991 3724 3058 ἐξ·

507 3085 730 3140 tnmelia
760 3083 945 3142 allicit.

2193 3081 2434 3154 υσρίζειν
2463 3082 2562 3153 τὴν
2586 3083 2927 3139 εὐστάθειαν.

575 3179 667 3233 37.
711 3175 973 3232 lmmunis
999 3175 1068 3230 sit
1096 3190 1220 3230 cum
1248 3175 1473 3230 auditus
1511 3183 1626 3230 tum
1657 3175 1818 3231 etiam
1853 3175 2031 3247 lingua
2061 3191 2093 3231 a

2261 3173 2360 3239 λζ’.
2386 3173 2946 3247 Αίσχροῤῥημοσύνης
2993 3175 3051 3229 δὲ
3089 3175 3281 3247 πάσης
3337 3176 3434 3230 καὶ⁸
3489 3174 3619 3244 ἀκοὴ
3656 3172 3729 3226 καί

505 3268 860 3341 turpiloquio.
892 3269 1242 3338 Qmecunque
1275 3283 1398 3323 cum
1431 3267 1713 3338 voluptate
1747 3268 1869 3339 quis
1906 3268 2070 3324 audin

2191 3264 2416 3333 γλῶσσα
2439 3265 2816 3337 καθαρευέτω.
2855 3269 2924 3321 Ἀ
2960 3267 3061 3337 μὲν
3108 3267 3220 3340 γάρ
3269 3284 3358 3331 τις
3411 3266 3614 3320 ἀκούων
3639 3264 3730 3334 ἥδε-

503 3363 686 3436 gestit,
737 3363 828 3418 illa
860 3362 1050 3417 eadem
1095 3359 1246 3416 ell‘ari
1291 3375 1402 3414 non
1449 3359 1692 3429 pudetit:
1739 3369 1795 3416 et
1823 3376 1943 3432 quae
1971 3361 2068 3432 qui

2193 3374 2308 3422 ται,
2338 3355 2514 3412 ταῦτα
2533 3357 2626 3412 καὶ
2649 3358 2831 3427 λέγειν
2856 3362 2958 3414 οὐκ
2985 3360 3332 3430 αἰσχύνεται,
3365 3359 3450 3412 δτι
3479 3359 3569 3412 καὶ
3595 3357 3731 3427 πρᾶτα

503 3455 686 3509 dicere
715 3468 824 3508 non
879 3450 1176 3515 erubescit,
1205 3459 1356 3505 certe
1407 3464 1511 3504 nec
1567 3450 1856 3504 erubescet
1890 3465 2068 3520 perpe'

2192 3464 2308 3502 τειν
2331 3447 2433 3501 οὐκ
2457 3449 2908 3522 αίσχυνθήσεται,
2945 3451 3190 3522 μεγάλην
3228 3449 3507 3522 παρέσχεν
3547 3447 3730 3502 ἀπόδει-

505 3557 675 3612 trarc,
702 3548 862 3615 cujus
891 3545 967 3626 rei
997 3545 1070 3600 ita
1093 3543 1263 3599 edidit
1283 3542 1826 3597 demonstrationem.
1857 3541 2070 3598 Otnnim

2195 3540 2298 3607 ξιν.
2333 3541 2410 3595 Δι’
2443 3541 2567 3594 ὅλου
2611 3541 2688 3604 δὲ,
2735 3541 2986 3613 γλώσσης
3030 3542 3313 3612 φυλάσσου
3348 3538 3731 3612 παρολισθῆσαι.

505 3654 700 3694 caveas
722 3653 790 3692 ne
825 3636 1006 3708 lingua
1053 3633 1379 3706 prolabaris,
1423 3647 1570 3702 sape
1599 3632 1742 3687 enim
1771 3633 1854 3688 vel
1879 3633 2070 3688 levissi.

2209 3634 2443 3707 Ῥήματι
2518 3635 2628 3707 γὰρ
2671 3636 2996 3708 βραχυτάτῳ
3052 3636 3322 3701 πολλάκις
3377 3633 3733 3704 ὑποσφαλεῖσα,

504 3747 596 3787 mo
649 3744 903 3784 sermone
944 3729 1116 3800 lapsa,
1144 3728 1336 3799 ingens
1364 3725 1550 3780 intulit
1582 3724 1988 3789 detrimentum,
2040 3741 2069 3780 e

2198 3728 2440 3800 μεγάλην
2475 3728 2672 3799 ἤνεγκε
2711 3728 2933 3798 ζημίαν,
2984 3729 3180 3792 αὐτοὺς
3208 3727 3344 3793 τοὺς
3379 3726 3509 3798 περὶ
3542 3723 3629 3777 τοῦ
3664 3724 3731 3792 ζῇν

507 3832 661 3877 certo
687 3821 754 3877 de
779 3820 961 3891 capite
986 3819 1292 3891 periclitata
1322 3826 1426 3882 est,
1455 3815 1696 3887 jecitque
1727 3815 1920 3870 aleam.

1538 3815 1696 3886 :itque
1727 3815 1920 3870 aleam.
2194 3821 2458 3890 ἐσχάτους
2492 3819 2847 3892 ἁναρῤίψασα
2882 3820 3103 3884 κύϐους.

577 3915 665 3970 58.
709 3913 887 3968 Aures
929 3913 1112 3983 praebe
1147 3911 1360 3982 patulas
1386 3907 1582 3978 injuria
1610 3907 1841 3973 allectis,
1886 3908 2098 3964 clausas

2267 3910 2369 3980 λη’.
2401 3911 2531 3979 Ἔχε
2581 3910 2651 3963 τά
2709 3904 2824 3963 ὦτα
2881 3911 2992 3974 τοῖς
3029 3909 3130 3980 μὲν
3167 3907 3545 3980 ἀδικουμένοις
3607 3906 3738 3975 ipsip-

505 4017 697 4062 contra
727 4007 791 4062 ad
821 4004 1170 4060 allicientium
1196 4000 1393 4073 injuria
1417 3997 1687 4055 lenocinia
1710 4006 1766 4053 et
1787 4000 2070 4070 probabile;

2200 3991 2399 4071 γμένα,
2426 3999 2564 4071 πρὸς
2613 3999 2670 4054 δὲ
2718 3999 2815 4064 τὰς
2845 3999 2951 4053 τῶν
3003 3997 3339 4053 ἀδικούντων
3363 3996 3646 4067 ἐπαγωγὰς
3671 3993 3740 4046 καὶ

504 4099 871 4156 inductiones.

2196 4091 2580 4160 πιθανολογίας
2609 4091 3102 4161 ἀποκεκλεισμένα.

575 4193 665 4248 39.
696 4191 861 4247 Labia
891 4190 1230 4248 accusatoria
1266 4199 1323 4246 et
1347 4189 1730 4263 sycophantica
1759 4202 2087 4260 aspernere:

2267 4182 2364 4238 λθ’.
2395 4183 2564 4254 Χείλη
2603 4182 2660 4235 δέ
2702 4185 2989 4253 κατήγορα
3023 4222 3038 4246 ,
3091 4182 3186 4235 καὶ
3231 4180 3599 4252 συκοφαντίας
3641 4178 3743 4232 ἀπο-

503 4301 633 4342 nam
660 4301 772 4340 non
805 4301 929 4339 raro
956 4295 1013 4340 et
1039 4285 1240 4339 liberos
1289 4284 1471 4338 furere
1513 4285 1568 4339 in
1597 4292 1874 4354 parentes,
1908 4291 1962 4336 et
1990 4296 2068 4352 pa-

2196 4275 2431 4346 στρέφου
2466 4293 2480 4306 ο
2513 4274 2773 4339 πολλάκις
2819 4275 2928 4346 γὰρ
2960 4274 3156 4338 παῖδας
3190 4275 3340 4328 κατὰ
3377 4273 3638 4346 πατέρων,
3673 4265 3742 4319 καὶ

504 4386 695 4434 rentes
745 4377 804 4430 in
839 4376 1061 4440 liberos,
1113 4377 1431 4447 adegerunt,
1481 4376 1604 4431 vitae
1629 4376 1842 4431 vincula
1873 4385 1928 4430 et
1953 4391 2069 4430 con-

2197 4368 2440 4439 πατέρας
2489 4366 2721 4438 ἐξέμηνε
2771 4367 2913 4419 κατά
2941 4365 3170 4430 παίδων,
3212 4365 3313 4418 καὶ
3345 4363 3461 4436 βίον
3484 4362 3652 4431 ἔσχισε
3672 4373 3743 4409 συ-

503 4468 771 4524 nexiones
826 4465 1205 4536 disruperunt,
1231 4474 1286 4520 et
1313 4465 1365 4518 in
1399 4481 1457 4520 se
1482 4465 1713 4520 invicem
1767 4465 2062 4536 consangui

2203 4461 2396 4529 ζυγίας
2450 4459 2546 4513 καὶ
2603 4461 2888 4526 συγγενεῖς
2941 4458 3287 4528 ἐπανέστησε
3325 4456 3449 4511 κατ’
3514 4451 3744 4522 ἀλλήλων.

503 4575 640 4616 neos
666 4560 996 4615 excitarunt.
1041 4558 1182 4625 Quid
1231 4568 1413 4613 autem
1449 4559 1538 4613 illa
1588 4557 1800 4613 minora
1860 4572 2068 4612 comme

2200 4549 2312 4601 Καὶ
2341 4549 2394 4602 τί
2427 4548 2605 4616 λέγω;
2635 4549 2821 4612 πόλεις
2851 4549 2979 4613 ὅλας
3030 4547 3128 4603 καὶ
3161 4549 3344 4612 οἰκίας
3373 4544 3629 4616 ἀνέτρεψε
3671 4540 3749 4610 μία

506 4669 663 4709 moro
700 4653 724 4708 ?
755 4653 838 4707 vel
865 4652 1025 4708 unica
1058 4651 1414 4722 sycophantae
1442 4665 1543 4705 vox
1561 4649 1811 4705 civitates
1825 4657 1880 4704 et
1905 4649 2068 4704 domo

1177 4651 1414 4722 lpbantae
1442 4665 1543 4705 vox
1561 4649 1811 4705 civitates
1825 4657 1880 4704 et
1905 4649 2097 4704 domos
2199 4639 2351 4711 φωνὴ
2383 4640 2742 4710 συκοφάντου.

508 4746 751 4817 integras
785 4743 1057 4800 subvertit
1089 4759 1251 4814 saepe.

573 4835 664 4891 40.
705 4834 786 4890 Ne
814 4836 890 4892 sis
947 4835 1002 4890 in
1064 4834 1307 4889 amicitia
1365 4831 1606 4889 ineunda
1653 4833 1850 4897 velox;
1906 4831 2094 4886 initam

2269 4831 2344 4901 μ’.
2369 4831 2461 4900 Μὴ
2483 4832 2654 4900 ταχὺς
2677 4827 2825 4902 ᾖσθα
2843 4828 3126 4897 ζευγνύειν
3149 4828 3232 4891 είς
3265 4826 3455 4898 φιλίαν
3472 4841 3486 4856 ·
3520 4819 3749 4886 συζεύξας

507 4943 645 4982 vero
672 4927 820 4982 omni
850 4927 1014 4984 modo
1045 4944 1192 4983 nexu
1225 4941 1485 4982 conserva
1514 4924 1895 4990 indissolubili,
1922 4933 2072 4979 totun

2193 4923 2273 4986 δὲ,
2304 4925 2468 5000 παντὶ
2501 4924 2687 4996 τρόπῳ
2719 4923 2814 4976 τὸν
2833 4922 3032 4991 δεσμὸν
3080 4920 3284 4975 ἄλυτον
3312 4919 3587 4988 συντήρει,
3631 4913 3751 4966 ἆπαν

504 5021 558 5076 iu
593 5030 646 5076 te
674 5021 904 5092 proximi
927 5021 1184 5091 derivans
1211 5033 1374 5084 onus,
1406 5018 1512 5074 nisi
1541 5017 1681 5073 forte
1695 5032 1818 5072 cum
1837 5015 2069 5087 periculc

2194 5015 2286 5070 τοῦ
2317 5017 2547 5087 πλησίον
2597 5015 2806 5085 ἀνέχων
2841 5013 2903 5066 τὸ
2939 5013 3124 5084 βάρος,
3179 5011 3325 5080 πλὴν
3378 5011 3428 5063 εί
3475 5009 3634 5078 μήπω
3669 5003 3753 5073 ψυ-

504 5123 611 5167 tuze
663 5113 859 5167 animae
907 5111 1188 5183 jungatur.
1228 5109 1541 5166 Certamina
1561 5118 1617 5164 et
1640 5107 1926 5164 discordia:
1952 5109 2063 5161 inte

2195 5106 2297 5178 χῆς
2350 5106 2597 5160 κίνδυνον
2631 5105 2864 5172 ἐπάγει·
2929 5105 2984 5156 αί
3043 5103 3154 5173 γὰρ
3206 5103 3350 5176 πρὸς
3407 5102 3533 5162 τοὺς
3589 5094 3753 5178 (εἱλους

503 5199 710 5255 amicos
739 5200 792 5252 in
820 5208 1196 5269 contemptum
1238 5199 1517 5254 adducunt
1556 5198 1872 5253 universum
1910 5197 2068 5252 homi

2193 5198 2506 5262 διαστάσεις
2527 5197 2628 5266 τὴν
2677 5197 2808 5267 ὃλην
2855 5195 3182 5266 προαίρεσιν
3241 5189 3632 5263 ἐκφαυλίζουσι
3665 5184 3754 5237 τῶν

506 5309 638 5347 num
666 5293 1010 5363 propositum
1040 5299 1096 5346 et
1145 5292 1564 5363 dispositionem
1596 5307 1737 5346 :nec
1768 5291 1940 5359 culpa:
1971 5301 2071 5344 tan-

2190 5293 2521 5363 ἀνθρώπων,
2551 5293 2646 5346 καὶ
2681 5292 2743 5346 οὐ
2763 5293 2853 5343 τὸν
2876 5291 3143 5344 ὑπαίτιον
3173 5290 3367 5360 μόνον,
3393 5287 3529 5342 ἀλλὰ
3567 5286 3651 5337 καὶ
3678 5284 3755 5331 τὸν

503 5396 620 5440 tum
651 5384 894 5449 obnoxii,
923 5384 1019 5439 sed
1048 5395 1104 5439 et
1132 5386 1250 5439 sine
1281 5385 1441 5456 culpa
1468 5385 1560 5456 qui
1583 5393 1731 5452 sunt,
1760 5385 1815 5439 in
1841 5385 2068 5438 eamden

2193 5384 2437 5438 ἀναίτιον
2456 5385 2534 5446 εἰς
2555 5383 2654 5455 τὴν
2681 5383 2853 5454 αὐτὴν
2874 5382 3131 5435 ὑπόνοιαν
3158 5378 3548 5435 κατασπῶσιν.
3605 5367 3754 5425 Ἐκεί-

504 5478 878 5548 suspicionem
912 5477 1229 5530 trahuntur.
1272 5475 1487 5531 illorum
1513 5476 1698 5532 fruere
1735 5477 1972 5532 amicitia
1995 5493 2066 5546 qu

2191 5493 2306 5538 νοις
2335 5477 2392 5528 δὲ
2425 5475 2663 5546 κέχρησο
2696 5473 2872 5544 φίλοις
2904 5472 2955 5526 οἳ
2979 5473 3115 5544 πρὸς
3159 5471 3387 5541 ἐτέρους
3427 5466 3566 5522 κατά
3603 5462 3755 5516 πάντα

504 5586 629 5626 cum
677 5569 797 5624 aliis
853 5569 974 5623 sine
1021 5567 1148 5623 fuco
1204 5568 1469 5624 sinceram
1523 5585 1742 5639 semper
1791 5569 2069 5624 amicitian

2190 5567 2381 5639 καιρὸν
2409 5567 2595 5621 ἄδολον
2619 5565 2942 5620 διεσώσαντο
2987 5563 3085 5635 τὴν
3134 5561 3342 5632 φιλίαν,
3399 5561 3490 5614 καὶ
3524 5557 3652 5627 μήτε
3678 5552 3755 5604 εὑ·

503 5661 925 5730 custodierunt;
961 5662 1052 5734 qui
1091 5676 1196 5718 nec
1224 5663 1384 5716 ocullu
1419 5661 1602 5716 invido
1628 5663 1809 5717 intuiti
1841 5661 2068 5716 suntﬂo-

2188 5659 2460 5732 πραγοῦσι
2477 5658 2773 5730 βασκανίας
2794 5655 3059 5710 ἐπέϐαλον
3077 5653 3382 5724 ὀφθαλμὸν,
3408 5653 3549 5722 μήτε
3565 5644 3745 5717 ἡμέλη·

497 5757 712 5827 'rcntcs,
739 5771 841 5810 nec
879 5755 1086 5827 positos
1115 5755 1169 5811 in
1201 5753 1446 5811 adversis
1475 5754 1852 5825 neglexerunt.
1908 5754 2062 5810 Exsti

2191 5769 2292 5808 σαν
2309 5752 2794 5824 δυσπραγούντων.
2825 5750 3020 5806 Πολλοὶ
3043 5750 3151 5822 γὰρ
3174 5749 3366 5813 κακῶς
3391 5749 3491 5819 μὲν
3515 5744 3750 5815 πράττου-
