3964 6440
190 361 295 426 569
1386 340 1925 410 EPISTOLARUM
1967 340 2200 399 LIBER
2241 339 2292 398 l.
3359 328 3464 392 670

189 490 279 526 σιν
307 468 692 542 ἐπεκούρησάν
711 485 770 520 τε
791 465 887 520 καὶ
921 464 1266 535 συνήργησαν
1289 462 1399 523 τοῖς
1423 459 1621 527 φίλοις,
1649 456 1709 509 εῦ
1726 453 1781 506 δὲ

1909 466 2000 506 ere
2051 452 2208 506 multi
2245 451 2337 521 qui
2384 451 2626 505 tulerunt
2671 461 2828 518 opem
2878 441 3090 499 afflictis
3127 451 3183 497 et
3219 428 3464 497 auxiliati

188 533 533 633 φερομένων,
558 533 690 630 όρᾷν
719 556 820 610 ούκ
846 533 1083 626 ἦνεγκαν
1102 552 1202 621 τὴν
1225 549 1546 620 εὐημερίαν·
1569 548 1665 611 καὶ
1686 545 1780 608 οὓς

1906 549 2011 597 .unt
2046 542 2255 608 amicis,
2286 551 2341 596 at
2368 541 2682 596 felicitatem
2715 539 2769 592 in
2798 533 3075 608 prosperis
3108 549 3296 587 eorum
3323 533 3466 587 ferre

186 628 296 707 οῦκ
322 628 520 725 ᾕλεγξε
539 628 730 720 καιρὸς
761 645 1124 718 συμπαθείας,
1148 641 1373 705 τούτους
1412 641 1666 710 ἐφώρασε
1717 637 1780 690 τὸ

1906 637 2177 707 tequivere
2207 654 2222 690 :
2279 651 2416 706 quos
2444 633 2761 702 neutiquam
2790 628 3068 700 redarguit
3097 628 3278 682 oblata
3325 641 3469 680 com-

189 716 374 809 πὰθος
395 716 491 797 τοῦ
525 716 747 811 φθόνου.
776 716 906 792 κτῶ
923 737 1104 792 τοίνυν
1139 734 1350 805 φίλους,
1378 732 1453 804 μὴ
1473 733 1600 794 τοὺς
1633 729 1780 800 φαύ-

1906 729 2176 784 niserandi
2225 727 2460 790 occasio,
2497 725 2617 779 illos
2642 724 2871 778 affectus
2916 720 3136 775 invidiae
3165 719 3342 789 palam
3396 716 3470 771 fe-

190 839 350 901 λους,
389 836 526 890 ἀλλά
542 810 678 896 τοὺς
710 833 988 903 ἀρίστους.
1025 829 1121 881 Ἐκ
1140 828 1250 898 γὰρ
1276 825 1386 881 τῶν
1429 824 1777 895 φιλουμένων

1906 823 1980 877 :it.
2004 821 2155 876 Habe
2192 835 2321 890 ergo
2363 818 2460 874 tibi
2491 816 2694 871 amicos
2720 830 2830 868 non
2863 815 3035 868 malos
3089 811 3185 867 sed
3209 810 3468 880 optimos.

195 931 281 994 ὡς
309 927 578 981 τάπολλά
617 926 862 996 κρίνεται
905 922 977 974 τὰ
1020 919 1128 990 ἢθη
1148 919 1257 972 τῶν
1295 917 1500 987 φίλων·
1545 916 1642 969 καὶ
1692 913 1780 966 διὰ

1906 917 2047 973 Ξετιε
2073 916 2164 986 qui
2208 915 2263 968 in
2290 913 2494 968 amicos
2519 911 2814 982 eliguntur,
2857 923 3039 962 mores
3066 917 3124 960 et
3155 903 3472 975 dispositio-

199 1023 310 1091 μὲν
344 1020 455 1074 τῶν
507 1016 812 1072 σπουδαίων
858 1015 1055 1085 ῥᾷστον
1089 1013 1153 1065 ἄν
1182 1026 1309 1074 τις,
1357 1010 1452 1062 καὶ
1487 1022 1784 1076 παρασφα-

1906 1025 1987 1064 tes
2017 1007 2306 1079 propalant
2355 1007 2502 1075 ipsos
2533 1003 2875 1073 eligentium.
2906 1001 3006 1054 Per
3037 999 3236 1068 probos
3265 1006 3321 1052 et
3367 996 3474 1051 ho-

195 1090 321 1176 λεὶς
350 1111 394 1176 ί,
425 1109 760 1180 ἐπαναχθείη
779 1122 795 1138 ·
827 1108 876 1158 oi
901 1103 1096 1174 φαῦλοι
1128 1102 1184 1154 δὲ
1215 1102 1312 1156 καὶ
1348 1102 1446 1170 τὴν
1477 1097 1785 1169 προσοῦσαν

1906 1112 2096 1167 mestos,
2135 1103 2180 1157 si
2207 1101 2330 1171 quis
2358 1100 2413 1153 in
2465 1099 2650 1167 aliquo
2685 1097 2872 1167 lapsus
2901 1094 2992 1158 sit,
3025 1093 3189 1147 tacite
3226 1092 3280 1145 in
3309 1090 3472 1145 amis-

196 1205 564 1276 λυμαίνονται
591 1199 1030 1267 καλοκαγαθίαν·
1061 1197 1156 1251 καὶ
1186 1198 1235 1248 οἱ
1279 1195 1376 1264 μέν
1431 1193 1527 1245 καὶ
1560 1193 1623 1244 τὸ
1664 1190 1781 1243 λεῖ-

1906 1211 2015 1251 sum
2043 1195 2222 1248 locum
2258 1193 2583 1247 reducetur:
2623 1187 2856 1258 improbi
2888 1185 3186 1240 bonitatem
3217 1198 3322 1251 qua
3348 1181 3471 1250 quis

201 1269 314 1351 πον
347 1300 428 1359 είς
454 1293 674 1367 ἀρετὴν,
697 1292 765 1345 δι’
797 1289 1005 1344 ἑαυτῶν
1027 1287 1469 1357 ἐπιτειχίζοντες,
1497 1281 1784 1345 ἀνελλιπὲς

1906 1285 2153 1355 praeditus
2198 1293 2282 1338 est
2308 1279 2729 1351 depOpulantur.
2762 1275 2950 1338 Probi,
2998 1273 3041 1327 si
3067 1272 3198 1342 quid
3224 1271 3364 1325 desit
3403 1269 3470 1324 de

169 1448 172 1450 _
201 1361 507 1461 φαίνεσθαι.
529 1361 804 1439 ποιοῦσιν·
833 1385 868 1456 ἡ
899 1383 956 1436 δὲ
993 1381 1129 1453 πρὸς
1151 1382 1277 1442 τοὺς
1310 1377 1551 1448 φαύλους
1600 1379 1790 1445 ἐπιμι-

1906 1376 2109 1432 virtutis
2133 1389 2412 1437 mensura,
2443 1388 2475 1426 e
2516 1386 2617 1426 suo
2644 1385 2790 1440 penu
2841 1364 3168 1437 supplendo,
3200 1361 3472 1417 defectum

205 1455 321 1550 ξία,
351 1486 446 1538 καὶ
471 1484 606 1553 ὅπερ
665 1480 814 1534 ἐστὶν
847 1455 1142 1532 ὑπόλοιπον
1173 1476 1396 1546 ἀρετῆς,
1449 1472 1604 1527 νόθον
1656 1471 1791 1524 ἀπο-

1906 1467 2092 1523 tollunt
2123 1472 2180 1519 et
2215 1462 2554 1518 resarciunt:
2591 1459 2685 1515 sed
2715 1473 2839 1512 cum
2875 1455 3137 1525 improbis
3185 1465 3478 1507 conversa-

210 1543 416 1648 φαίνει.
453 1577 546 1643 Μὴ
575 1543 728 1646 ζήτει
775 1575 832 1627 δέ
864 1572 1015 1642 παρά
1055 1543 1227 1640 φίλων
1276 1566 1593 1644 ἀκούειν,τά
1628 1564 1787 1636 ἡδέα,

1906 1560 1993 1624 tio,
2023 1556 2282 1628 quidquid
2305 1555 2434 1610 boni
2461 1553 2531 1608 sit
2570 1551 2861 1620 reliquum,
2902 1548 3144 1603 declarat
3165 1560 3288 1600 esse
3317 1543 3477 1597 adul-

210 1638 354 1726 ἀλλά
397 1671 469 1723 τὰ
512 1638 689 1739 ἀληθῆ
723 1638 963 1737 μᾶλλονὲ
1008 1638 1207 1734 είίγάρ
1255 1663 1470 1732 ἐχθροῖς
1497 1638 1640 1730 ³μιν,
1679 1658 1790 1712 οὐδ’

1906 1661 2094 1705 terum.
2131 1647 2249 1703 Noli
2283 1647 2351 1702 ab
2372 1646 2564 1701 amicis
2583 1644 2814 1698 libenter
2832 1656 2896 1696 ea
2925 1656 3046 1710 quae
3077 1638 3350 1693 delectent
3379 1650 3479 1688 au-

210 1763 561 1834 ἀληθεύουσι,
593 1728 928 1823 πιστευτέον,
958 1728 1136 1826 φίλοις
1171 1728 1228 1808 δέ
1285 1728 1534 1824 διέφθορε
1591 1751 1660 1804 τὰ
1689 1751 1791 1819 τῆς

1906 1743 2032 1807 dire,
2083 1741 2264 1811 potius
2321 1749 2502 1793 autem
2533 1752 2656 1790 cum
2687 1736 2917 1789 veritate
2946 1733 3180 1802 juncta:
3234 1729 3280 1783 si
3331 1728 3480 1781 enim

1906 1838 1908 1846 .
1957 1835 1967 1846 .
2033 1833 2044 1844 .
2083 1833 2095 1844 ο
2320 1845 2456 1848 -.ηομ
2519 1829 2728 1848 μηεμμ..
2780 1824 3079 1848 .1:.......:|..-..
3139 1821 3270 1848 ΩΑ...»
3320 1819 3443 1848 mlh:

213 1819 496 1927 ἀληθείας,
529 1819 624 1908 καὶ
642 1853 704 1906 τὸ
742 1853 841 1924 ἡδὺ
866 1819 1046 1919 λέγειν
1073 1848 1300 1918 ζητοῦσι
1329 1819 1596 1909 κάκεῖνοι,
1628 1843 1791 1897 πόθεν

1906 1833 2130 1889 inimicis
2157 1849 2227 1886 ne
2274 1845 2464 1885 verum
2512 1829 2731 1898 quidem
2775 1824 3082 1880 dicentibus
3139 1821 3273 1876 fides
3319 1819 3479 1874 adhi-

213 1949 352 2020 ἡμῖν
399 1945 695 2016 ἀλλαχόθεν
753 1946 788 2016 ἡ
833 1945 933 2014 τῆς
980 1942 1239 2013 ἀληθείας
1289 1939 1514 1994 ἐσοιτοις
1565 1937 1790 2007 γνῶσις,

214 2041 310 2095 καὶ
336 2043 371 2112 ἡ
390 2038 696 2110 ἐπιστροφὴ
713 2038 854 2108 (‘28),
881 2035 992 2090 τῶν
1009 2037 1037 2076 ιι
1067 2036 1168 2088 οὐκ
1202 2034 1416 2102 εύαγῶς
1448 2031 1619 2085 ἐνίοτε
1659 2029 1794 2100 παρ’

213 2133 376 2203 ἡμῶν
427 2130 737 2202 λεγομένων
786 2128 819 2199 ἢ
879 2125 1354 2199 πραττομένωνὶ;
1415 2124 1506 2177 Διὸ
1537 2124 1796 2193 μέγιστον

212 2221 354 2295 ἡγοῦ
387 2221 573 2291 φίλους
599 2221 848 2274 κολάκων
897 2219 1197 2288 διαφέρειν.
1227 2218 1292 2271 Oi
1352 2217 1450 2287 μὲν
1483 2217 1594 2286 γὰρ
1654 2215 1798 2269 κατά

213 2313 514 2385 πρόσωπον
535 2312 909 2377 ἐπαινοῦντες,
940 2311 1002 2364 σέ
1025 2328 1084 2365 τε
1110 2309 1240 2376 τῶν,
1265 2310 1341 2373 ὡς
1363 2309 1527 2375 εἰκὸς,
1549 2311 1796 2379 ἁμαρτα-

214 2405 461 2474 νομένων
507 2403 860 2474 συναίσθησιν
905 2402 1093 2457 λαϐεῖν
1141 2403 1240 2455 οὐκ
1266 2401 1418 2466 ἐῶσι,
1473 2400 1570 2454 καὶ
1626 2399 1798 2470 μείζω

215 2497 391 2551 ταῦτα
407 2497 544 2568 πρὸς
562 2497 689 2559 τοὺς
720 2496 913 2559 ἄλλους
939 2498 1060 2559 ταῖς
1081 2494 1356 2558 διαϐολαῖς
1386 2493 1744 2547 ἀποτελοῦσιν
1777 2510 1794 2526 ·

216 2591 265 2644 ot
295 2589 357 2643 δὲ
409 2589 508 2642 καὶ
563 2587 646 2653 σέ,
686 2587 764 2657 τῷ
801 2586 891 2640 διὰ
939 2586 1122 2656 φιλίας
1161 2586 1391 2656 ἐλέγχῳ,
1445 2585 1676 2637 συνιδεῖν
1736 2585 1799 2638 τὸ

217 2681 617 2754 παρανομηθὲν
670 2679 873 2751 μᾶλλον
925 2677 1240 2749 δυναμοῦσι,
1289 2677 1390 2730 κᾶν
1441 2694 1495 2730 τι
1519 2676 1612 2748 δέῃ
1662 2676 1799 2748 πρὸς

213 2777 347 2837 τοὺς
393 2773 500 2839 ἐξω
529 2773 734 2843 λέγειν,
797 2773 919 2825 ἀντὶ
963 2772 1301 2843 κατηγορίας
1354 2771 1649 2840 ἀπολογίαν
1705 2769 1800 2823 τοῦ

215 2862 560 2934 πραχθέντος
594 2862 1038 2933 ἐκμηχανῶνται.
1077 2863 1241 2916 Ὅσον
1285 2857 1378 2915 οῦν
1409 2859 1504 2914 τοῦ
1554 2860 1648 2913 ἐπὶ
1694 2877 1798 2913 κα-

215 2955 348 3007 κίαν
378 2955 712 3024 προκόπτειν
765 2955 826 3008 τὸ
871 2953 1074 3025 ἀρετὴν
1125 2955 1314 3006 ἀσκεῖν
1368 2954 1664 3023 διενήνοχε,
1701 2953 1798 3006 καὶ

215 3046 312 3100 τοῦ
341 3046 728 3101 διαϐάλλεσθαι
759 3049 816 3100 ἐν
842 3050 955 3110 τοῖς
976 3047 1299 3118 ἀρχομένοις
1330 3045 1392 3098 τὸ
1418 3047 1518 3109 τὰς
1541 3046 1800 3109 διαϐολὰς

213 3137 480 3204 διαλύειν,
511 3139 764 3193 τοσοῦτον
790 3139 871 3193 δεῖ
895 3139 1044 3212 παρά
1081 3141 1166 3194 σοὶ
1217 3140 1344 3202 τοὺς
1390 3137 1580 3203 εύνους

216 3230 368 3300 ἔχειν
390 3230 501 3283 τῶν
525 3230 794 3284 κολάκων.

298 3588 410 3654 μα’.
443 3582 567 3637 Τῶν
605 3585 959 3655 ἀποῤῥὴτων,
991 3584 1024 3640 ἃ
1074 3585 1172 3656 μὲν
1210 3579 1444 3658 τῆν’σὴν
1471 3588 1673 3662 ἀρετὴν
1705 3590 1805 3644 αύ-

216 3676 401 3743 ξάνει,
432 3673 682 3729 κοινώνει
707 3679 822 3739 τοῖς
855 3676 1059 3746 φίλοις·
1088 3677 1124 3731 ἃ
1146 3678 1204 3731 δέ
1230 3679 1328 3750 τὴν
1357 3678 1583 3752 γνώμην
1611 3681 1806 3750 φαυλί-

217 3767 331 3832 ζει,
361 3768 492 3839 μήτ’
520 3767 683 3832 αὐτὸς
713 3769 1001 3838 μετέρχου,
1032 3771 1167 3838 μήτε
1190 3771 1306 3832 τοῖς
1338 3770 1514 3840 φίλοις
1541 3773 1804 3827 ἀνατίθει·

219 3859 451 3928 ἄριστον
509 3857 609 3926 μὲν
658 3858 771 3929 γάρ
807 3853 966 3911 τοῦτο
1005 3859 1098 3912 καὶ
1144 3860 1315 3931 χωρὶς
1362 3861 1541 3926 αἰτίας
1591 3865 1806 3934 ἐτέρας.

222 3949 378 4020 Πλήν
402 3965 466 4016 γε
489 3947 575 4020 δὴ,
602 3949 697 4002 καὶ
722 3951 802 4013 είς
825 3950 1010 4020 κόρον,
1053 3945 1141 4004 οἷα
1172 3952 1342 4005 πολλὰ
1369 3953 1438 4007 τὰ
1465 3954 1804 4026 ἀνθρώπινα,

225 4039 321 4093 τοῦ
351 4039 581 4111 φίλτρου
619 4041 942 4112 τραπέντος,
978 4041 1179 4112 μᾶλλον
1207 4045 1310 4114 τῆς
1339 4047 1716 4116 παραινέσεως
1749 4050 1811 4101 τὸ

223 4132 502 4201 χρήσιμον
534 4130 866 4201 καθορᾶται·
911 4132 970 4184 τὸ
1007 4133 1105 4203 μὲν
1140 4133 1253 4203 γὰρ
1293 4135 1496 4204 φαῦλον
1537 4137 1644 4190 τῶν
1677 4155 1811 4212 κρυ-

223 4222 392 4290 φίων,
415 4223 536 4275 τότε
565 4223 802 4294 μάλιστα
822 4224 948 4286 τοὺς
969 4223 1263 4295 λογισμοὺς
1285 4227 1382 4280 τοῦ
1406 4229 1812 4296 συνεγνωκότος

226 4312 536 4383 ὐποτρέχον
564 4313 660 4366 καὶ
693 4313 1075 4384 διακυμαῖνον,
1111 4315 1304 4371 θᾶττόν
1333 4335 1392 4371 τε
1413 4357 1428 4380 ,
1461 4320 1558 4373 καὶ
1590 4321 1688 4373 σὺν
1717 4323 1811 4375 ού-

223 4403 342 4456 δενὶ
383 4403 552 4474 ὄκνῳ,
587 4403 686 4473 τῆς
726 4405 950 4474 ἀγάπης
992 4407 1335 4479 ἀποστήσει,
1383 4410 1480 4464 καὶ
1521 4412 1658 4482 πρὸς
1691 4414 1812 4467 ἐπι-

1895 1927 2093 1990 benda,
2127 1933 2184 1978 et
2208 1923 2262 1977 id
2295 1922 2652 1992 quod’verum
2692 1918 2857 1972 estab
2883 1915 3074 1970 amicis
3108 1911 3360 1982 deperiit,
3414 1923 3480 1963 eo

1896 2018 2040 2089 quod
2083 2016 2139 2072 id
2174 2015 2318 2085 quod
2355 2012 2590 2067 dulciter
2629 2010 2833 2066 arridet
2861 2015 3070 2062 lautum
3099 2001 3350 2074 proloqui
3380 2015 3478 2054 vo-

1897 2111 2123 2176 luerint,
2187 2107 2334 2161 unde
2365 2105 2468 2159 erit
2501 2111 2563 2158 ut
2606 2102 2661 2155 in
2695 2100 2939 2155 veritatis
2973 2096 3362 2168 cognitionem,
3413 2093 3483 2147 ad

1897 2203 2044 2258 illam
2069 2197 2344 2264 conversi,
2378 2196 2713 2252 deducamur
2740 2193 2763 2245 ‘l
2793 2191 2938 2245 unde
2959 2197 3018 2243 ut
3037 2188 3106 2242 ab
3139 2185 3203 2241 iis
3231 2184 3482 2240 disceda-

1896 2309 2022 2349 mus
2069 2307 2189 2361 quaa
2217 2304 2320 2344 nos
2351 2302 2544 2359 parum
2570 2286 2658 2356 pie
2687 2283 2960 2338 interdum
2994 2279 3228 2335 dicimus
3265 2275 3348 2331 vel
3399 2275 3482 2328 fa-

1897 2380 2122 2439 cimus?
2161 2379 2425 2434 Existima
2448 2377 2649 2432 idcirco
2682 2373 3015 2444 plurifariam
3038 2369 3261 2425 differre
3295 2383 3486 2422 assen-

1899 2485 2102 2530 tatores
2139 2473 2209 2528 ab
2252 2471 2465 2526 amicis.
2496 2469 2572 2522 Illi
2613 2482 2796 2540 coram
2859 2464 3144 2518 laudantes
3193 2469 3249 2515 et
3296 2459 3351 2512 in
3401 2473 3485 2522 os,

1898 2567 2050 2622 nullo
2075 2580 2240 2620 sensu
2267 2573 2319 2618 te
2346 2561 2484 2616 alIici
2512 2559 2832 2631 permittent
2862 2571 3050 2612 eorum
3079 2569 3201 2624 quae
3230 2560 3406 2607 sunta
3434 2559 3486 2604 lc

1901 2659 2086 2713 minus
2120 2663 2267 2709 recte
2286 2664 2472 2725 gesta;
2503 2650 2648 2720 apud
2692 2649 2831 2703 alios
2865 2657 3050 2701 autem
3079 2641 3486 2703 calumniando.

1901 2745 2107 2814 majora
2152 2758 2271 2797 esse
2315 2756 2476 2812 quam
2506 2747 2634 2794 sunt
2681 2753 2871 2792 revera
2920 2735 3281 2790 clamabunt:
3329 2731 3490 2786 amici

1901 2853 2054 2904 vero,
2087 2833 2520 2906 reprehensione
2549 2846 2648 2886 sua
2671 2829 2866 2891 amica,
2898 2836 3181 2899 peccatum
3217 2835 3278 2880 ut
3307 2825 3495 2879 videre

1901 2931 2080 3004 possis
2109 2932 2326 2994 melius,
2364 2925 2601 2982 efﬁcient
2633 2941 2646 2989 ;
2685 2921 2830 2992 quod
2865 2921 2909 2975 si
2942 2935 3080 2990 opus
3099 2918 3166 2974 sit
3194 2917 3337 2989 apud
3365 2916 3494 2972 alie-

1904 3043 2006 3082 nos
2044 3025 2114 3081 de
2153 3039 2221 3079 eo
2244 3021 2412 3078 verba
2455 3018 2656 3082 facere,
2695 3030 2803 3068 non
2836 3013 2909 3066 illi
2962 3011 3365 3066 accusationem
3401 3009 3498 3062 sed

1634 3101 1801 3194 πλέοᾷ
1828 3139 1874 3200 c
1907 3116 2208 3192 apologiam
2268 3112 2623 3168 meditantur.
2655 3109 2714 3163 In
2751 3115 3018 3176 quantum
3064 3104 3230 3175 igitur
3277 3101 3498 3155 virtutis

1903 3210 2220 3272 exercitium
2251 3216 2602 3277 progressum
2629 3199 2687 3252 in
2730 3198 2889 3252 malis
2917 3195 3213 3258 antecedit,
3243 3203 3298 3248 et
3325 3194 3499 3247 satius

1903 3317 1989 3363 est
2034 3303 2178 3374 apud
2208 3300 2484 3369 subjectos
2538 3292 2867 3348 criminibus
2897 3289 3105 3343 absolvi
3139 3303 3301 3357 quam
3341 3299 3500 3341 accn‘

1904 3399 2034 3463 sari,
2081 3397 2136 3450 in
2161 3403 2370 3449 tantum
2403 3400 2455 3445 te
2490 3395 2712 3460 oportet
2738 3383 3036 3440 benevolos
3064 3381 3321 3436 omnibus
3371 3380 3498 3434 adu-

1904 3489 2168 3546 latoribus
2196 3484 2491 3540 anteferre.
3324 3546 3330 3552 ι

1977 3587 2068 3640 41.
2099 3585 2173 3638 De
2211 3580 2456 3642 secretis,
2491 3577 2579 3633 illa
2603 3575 2801 3647 quibus
2827 3575 2884 3629 in
2912 3581 2965 3628 te
2997 3571 3216 3628 virtutis
3246 3568 3489 3626 studium

1909 3687 2171 3749 augeatur
2215 3673 2404 3728 amicis
2435 3669 2673 3742 imperti.
2728 3666 2836 3722 Sed
2860 3682 2981 3736 quae
3005 3664 3270 3735 judicium
3302 3663 3499 3732 depra-

1909 3778 2058 3835 vant,
2115 3767 2204 3823 illa
2242 3781 2345 3821 nec
2385 3764 2598 3828 actites,
2650 3775 2753 3815 nec
2791 3756 2934 3828 apud
2984 3757 3191 3810 amicos
3231 3754 3495 3824 deponas.

1909 3861 2006 3916 Est
2033 3861 2138 3914 hoc
2181 3857 2403 3928 quidem
2447 3854 2717 3924 optimum
2759 3850 2905 3904 factu
2952 3848 3070 3903 sine
3131 3845 3240 3900 ullo
3269 3845 3375 3899 alio
3421 3858 3501 3898 re-

1911 3949 2293 4023 Spectu.Quod
2327 3947 2393 4014 si,
2424 3954 2485 4001 ut
2519 3945 2578 3999 fit
2609 3944 2664 3998 in
2699 3940 2954 3997 humanis
2980 3939 3165 4003 rebus,
3199 3937 3496 3991 amicorum

1913 4047 2136 4102 satietas
2165 4051 2219 4098 te
2255 4040 2483 4111 ceperit,
2534 4037 2624 4092 hic
2655 4035 2768 4090 scio
2816 4034 2868 4088 id
2895 4031 3040 4104 quod
3087 4031 3222 4085 utile
3268 4036 3354 4084 est
3400 4026 3500 4082 ad-

1913 4134 2200 4194 monitioni
2224 4131 2502 4204 praeferes.
2541 4129 2745 4183 Malum
2771 4125 2918 4182 enim
2953 4125 2997 4179 si
3031 4122 3163 4193 quid
3187 4122 3241 4175 in
3273 4120 3504 4176 secretis

1912 4233 2097 4298 fuerit,
2143 4238 2276 4285 tunc
2299 4227 2567 4297 imprimis
2606 4231 2845 4277 mentem
2873 4228 2927 4276 et
2958 4217 3346 4289 cogitationem
3401 4213 3501 4268 bo-

1914 4325 2076 4382 minis
2141 4321 2349 4378 conscii
2395 4317 2625 4386 alicujus
2683 4314 2950 4378 subiens,.
2992 4308 3228 4365 tumultu
3290 4306 3502 4376 implet,

1915 4393 2238 4491 quantocius
2282 4420 2430 4469 certe
2479 4414 2589 4469 neci
2630 4413 2849 4479 gravate
2897 4403 3102 4459 recedit
3141 4402 3210 4455 ab
3237 4398 3502 4461 amicitia,

227 4495 474 4567 στροφὴν
507 4497 633 4550 ἰδεῖν
679 4497 780 4551 οὐκ
819 4498 992 4551 ἐάσει·
1036 4499 1119 4552 σοί
1159 4477 1220 4552 τε
1257 4500 1510 4573 διαϐολὴν
1549 4477 1801 4574 βαρεῖαν,

1916 4477 1991 4568 ita
2022 4518 2209 4564 utnec
2253 4506 2503 4561 admittat
2543 4477 2856 4556 revertendi
2884 4504 2979 4550 aut
3013 4492 3338 4564 respiciendi
3385 4490 3504 4544 ani-

226 4587 468 4697 ἔκφορον
514 4590 770 4657 γεγονὸς,
816 4590 1056 4656 ἐποίσει,
1092 4593 1187 4645 καὶ
1219 4593 1356 4663 πρὸς
1391 4593 1484 4648 τὸν
1526 4595 1801 4661 ἐξειπόντα

1913 4619 2088 4664 mum.
2121 4597 2406 4669 Propalam
2429 4607 2560 4648 vero
2582 4591 2724 4646 idem
2755 4588 2956 4642 factum
3004 4597 3202 4655 magno
3233 4581 3327 4636 tibi
3359 4579 3508 4634 futu-

2185 4693 2201 4697 -
2257 4691 2272 4697 -
2409 4687 2421 4697 .
2510 4694 2518 4697 _
2555 4684 2567 4697 .
2868 4681 2879 4691 .
3120 4676 3246 4697 ,μη
3307 4672 3472 4697 ,ψη-

227 4677 619 4753 χαλεπώτερον
648 4681 919 4752 διαθήσει.
955 4684 1029 4738 Τὸ
1088 4683 1147 4737 δὲ
1179 4685 1415 4755 χρηστὸν
1461 4687 1553 4741 τόν
1597 4706 1658 4741 τε
1699 4707 1801 4744 συν.

1913 4713 2035 4754 rum
2063 4702 2145 4750 est
2169 4687 2447 4751 dedecori,
2471 4694 2527 4741 et
2553 4684 2610 4738 in
2634 4698 2759 4738 eum
2790 4681 2882 4751 qui
2913 4678 3090 4749 palam
3119 4676 3270 4738 fecit,
3307 4672 3505 4742 impla-

227 4778 521 4845 εγνωκότα
555 4779 788 4850 ῥαγῆναι
816 4781 912 4848 τῆς
944 4779 1127 4848 φιλίας
1158 4783 1603 4854 ἐπικατασχέσει,
1632 4785 1801 4857 δεσμιξ

1909 4790 2225 4847 cabiliorem
2270 4779 2455 4837 faciet.
2507 4777 2715 4831 Bonum
2768 4787 2902 4827 vero
2952 4767 3169 4839 quidvis
3219 4764 3372 4818 illum
3411 4761 3502 4832 qui

228 4869 539 4942 κρατίστῳ,
578 4873 646 4942 τῇ
686 4873 878 4942 ἀρετῇ,
933 4872 1290 4943 βιαζόμενον,
1333 4875 1430 4930 καὶ
1474 4877 1555 4939 εἰς
1597 4854 1801 4932 ἔπαινοξ

1915 4892 2002 4936 est
2047 4875 2300 4934 conscius
2345 4885 2459 4926 non
2488 4868 2697 4940 patitur
2734 4863 2803 4918 ab
2832 4859 3069 4915 amicitia
3116 4854 3322 4921 divelli,
3378 4867 3504 4907 cum

225 4961 335 5032 τῆς
371 4961 472 5031 σῆς
495 4962 792 5027 σπουδαίας
823 4963 1052 5036 γνώμης
1100 4967 1194 5018 ἐπὶ
1220 4965 1345 5020 νοῦν
1394 4969 1709 5039 ἐρχόμενον,
1742 4971 1801 5024 δι¹

1915 4972 2133 5029 virtutis
2175 4966 2474 5024 fortissimo
2523 4958 2745 5015 vinculo
2815 4952 3222 5022 constringatur
3271 4965 3286 5002 :
3331 4954 3390 5000 et
3437 4943 3507 4997 ad

223 5054 578 5124 ἀναστήσει,
609 5055 705 5108 καὶ
750 5055 810 5108 σὲ
837 5055 1081 5126 δηλονότι
1125 5057 1302 5112 ταῦτα
1347 5061 1690 5130 συνορῶντα,
1723 5062 1801 5115 οὐ)

1913 5065 2132 5120 laudem
2165 5060 2388 5132 optima:
2424 5065 2531 5111 tuae
2558 5061 2615 5109 et
2657 5050 2934 5123 praeclara:
2966 5041 3284 5106 voluntatis,
3321 5039 3508 5094 animo

1581 5219 1816 5275 VAIiIAS
1853 5217 2268 5277 LECTIONES.

316 5382 338 5422 ί
377 5383 480 5437 κᾶν
501 5385 856 5456 παρασφα).ῇ.
940 5388 965 5426 ε
1003 5385 1206 5440 ἔσεται.
1316 5389 1342 5428 h
1380 5388 1413 5456 ἢ
1449 5388 1580 5442 τῶν.
1664 5390 1680 5428 ί
1717 5389 1805 5443 la.
1837 5405 2012 5443 ...νων
2038 5380 2358 5455 ἀποστροφή
2389 5403 2404 5446 ;

1316 5389 1342 5428 h
1380 5388 1413 5458 ἢ
1449 5388 1580 5442 τῶν.
1664 5390 1680 5428 ί

1752 5541 1986 5597 NOTAS.

454 5829 462 5836 I
484 5740 1466 5836 Iilnéxﬁqtgqeij-.nfiitales-endqm,
1500 5742 1687 5836 ﬁfdiv
1723 5742 1827 5836 οὐκ
1925 5745 2164 5814 cognita,
2200 5752 2261 5836 ut
2290 5743 2352 5796 ad
2387 5743 2558 5822 ipsam
2581 5747 2940 5803 revertamur,
2969 5754 3088 5809 quae
3125 5735 3400 5791 mirabiles
3420 5737 3503 5790 sui

225 5812 488 5879 εὐαγῶς,
514 5819 621 5866 etc.
650 5813 684 5883 ἡ
718 5813 1043 5884 ἐπιστροφή.
1091 5813 1150 5869 ld
1179 5814 1326 5883 enim
1367 5812 1597 5884 requirit
1624 5814 1825 5869 veritas
1923 5812 2137 5871 altiores
2172 5815 2311 5871 solet
2341 5812 2604 5868 excitare.
3472 5823 3479 5829 '
