3964 6464
463 361 565 426 671
1607 365 1808 424 ΡΗοΤ
1815 365 1870 424 [Ι
1912 363 2085 424 ΡΛΤΙ

2200 364 2420 426 ΙῖΟΗίΕ
2458 367 2567 430 CP.
3647 374 3759 436 672

461 491 586 530 cum
637 474 712 529 sit
761 482 1239 545 repraesentatum,
1312 474 1575 530 excitabit
1635 477 1816 532 adhuc
1862 478 2053 548 magis,

2200 476 2340 547 ηδῶς
2367 479 2682 546 ἀναλαϐεῖν,
2715 482 2768 535 εἴ
2791 499 2845 535 τι
2885 481 3224 556 παρῃνέθης,
3253 483 3356 555 τήν
3391 499 3456 537 τε
3486 483 3629 556 πρὸς
3657 487 3758 540 αὐ-

461 580 642 635 neque
675 574 732 620 tu
765 565 856 635 qui
890 566 987 620 tibi
1018 566 1229 620 scilicet
1262 580 1451 620 eorum
1503 567 1758 622 conscius
1780 582 1840 622 es
1872 608 1887 634 ,
1915 581 2058 638 aegre

2200 569 2256 623 ὺν
2289 569 2506 639 ὁμιλίαν
2553 571 2647 624 καὶ
2693 572 2795 645 τὴν
2827 575 2885 626 ἐν
2915 574 2994 645 τῷ
3029 573 3178 644 πόθῳ
3219 576 3405 646 σχέσιν
3441 577 3757 635 ἀναπείσει.

461 657 882 728 persuadcberis
922 659 1094 722 illum,
1128 658 1172 712 si
1200 658 1329 726 quid
1361 674 1648 728 perperam
1700 660 2054 715 commissum

2200 661 2290 714 Αεὶ
2323 662 2421 733 μὲν
2453 658 2547 717 οὖν
2578 665 2769 734 φίλους
2798 665 3011 735 εὐλόγει
3035 707 3050 734 ,
3087 667 3324 739 μάλιστα
3351 670 3409 723 δὲ
3434 671 3566 733 τοὺς
3592 671 3762 724 ἀπόν-

464 757 568 815 est,
597 749 663 804 ad
695 750 1018 804 familiarem
1057 750 1254 804 iterum
1304 765 1658 820 congressum
1691 760 1746 806 et
1780 751 2057 807 fruitionis

2200 773 2264 820 ας
2290 756 2385 809 ἐπὶ
2413 757 2525 810 τῶν
2557 759 2864 829 παρόντων.
2889 759 3048 813 Οὕτω
3079 778 3142 830 γε
3175 761 3281 832 γὰρ
3316 763 3412 815 καὶ
3441 763 3502 816 τδ
3531 764 3636 832 τῆς
3667 781 3763 818 κο-

467 841 797 898 desiderium
837 842 1146 898 admittere.
1199 844 1274 897 De
1304 844 1496 898 amicis
1523 843 1686 915 igitur
1712 859 1929 914 semper
1957 861 2060 915 op-

2200 849 2391 914 ακείας
2421 851 2730 921 διαφύγοις,
2760 854 2869 906 οὐδ’
2897 855 3045 925 ῐχνος
3071 855 3243 926 αὐτῆς
3267 857 3325 909 ἐν
3351 857 3436 909 σοὶ
3466 857 3762 927 φαίνεσθαι

469 935 600 988 time
634 934 876 1003 loquaris
903 943 960 988 et
989 949 1288 1004 persuasus
1315 933 1414 998 sis,
1459 935 1779 989 absentibus
1823 951 2060 1005 praeser-

2200 942 2602 1012 ταρασκευάζων
2628 984 2644 1009 ,
2689 943 2786 996 καὶ
2811 947 2927 1006 τοῖς
2957 944 3136 1014 φίλοις
3168 945 3270 1021 ἔσῃ
3298 948 3562 1020 πράττων
3593 967 3763 1020 κεχα-

467 1026 587 1087 tim,
625 1024 788 1094 idque
813 1039 998 1078 coram
1033 1025 1153 1078 aliis
1185 1041 1198 1076 :
1232 1024 1302 1078 ita
1327 1033 1382 1079 et
1407 1023 1774 1094 suspicionem
1805 1025 2062 1082 adulandi

2205 1033 2422 1104 ισμένα,
2447 1034 2691 1089 τοιοῦτον
2717 1037 2943 1091 σεαυτὸν
2965 1033 3108 1092 εἶναι
3133 1041 3249 1104 τοῖς
3286 1041 3529 1112 παροῦσι
3559 1041 3765 1095 πιστώ-

466 1117 718 1182 evitabis,
775 1133 902 1172 cum
951 1132 1054 1171 nec
1102 1117 1188 1170 vel
1221 1116 1415 1170 leviter
1460 1115 1791 1186 impressum
1824 1120 1973 1189 apud
2001 1129 2059 1176 te

2201 1145 2296 1191 ας,
2329 1123 2440 1192 οἶος
2478 1129 2666 1193 αὐτοῖς
2698 1133 2827 1201 περὶ
2859 1129 2971 1184 τῶν
3011 1131 3267 1186 ἀπόντων
3304 1133 3618 1204 ἐγνώσθης.

466 1208 759 1277 vestigium
793 1208 938 1261 illius
969 1207 1085 1260 vitii
1133 1206 1373 1260 residere
1416 1221 1742 1276 persuasum
1786 1210 1962 1278 dabis,
2006 1227 2063 1272 et
2134 1219 2325 1276 amicis
2360 1237 2482 1291 quae
2529 1229 2680 1293 grata
2706 1232 2764 1277 et
2787 1233 3011 1293 accepta
3040 1233 3170 1281 sunt
3228 1225 3414 1282 facies.
3455 1225 3766 1282 Praesentes

467 1302 615 1356 enim
668 1301 1040 1371 opinabantur
1072 1309 1121 1354 te
1153 1299 1410 1354 eumdem
1449 1315 1575 1371 erga
1627 1301 1773 1371 ipsos
1809 1303 2055 1364 futurum
2091 1313 2247 1380 alias,
2284 1328 2447 1384 quem
2482 1314 2807 1385 agnoverint
2836 1314 2939 1386 ipsi
2974 1330 3102 1386 erga
3131 1318 3385 1371 absentes
3412 1325 3466 1372 te
3495 1317 3691 1374 fuisse.

536 1396 630 1448 ~42.
662 1394 744 1449 Ad
786 1395 932 1448 hunc
975 1392 1196 1446 modum
1241 1392 1333 1446 ubi
1365 1400 1420 1446 te
1445 1392 1637 1448 amicis
1683 1399 2068 1455 communive-

2243 1405 2353 1474 μβ’.
2388 1404 2545 1459 Οὕτω
2572 1405 2630 1458 δὲ
2664 1406 2892 1462 σεαυτὸν
2927 1405 3083 1478 φιλίᾳ.
3126 1407 3476 1478 περιφράξας
3514 1409 3618 1483 ἔσῃ
3653 1413 3768 1475 τοῖς

470 1490 566 1552 ris,
619 1488 728 1542 eris
778 1487 832 1540 in
884 1486 1004 1539 illos
1054 1485 1151 1555 qui
1205 1492 1399 1538 contra
1451 1483 1590 1540 alios
1645 1493 1760 1540 tum
1809 1489 1974 1544 etiam
2011 1491 2069 1547 in

2200 1497 2272 1551 ιὲν
2301 1497 2382 1562 είς
2409 1498 2633 1569 ἐτέρους
2659 1500 2754 1552 καὶ
2786 1502 2868 1564 είς
2891 1499 2960 1555 τά
2986 1501 3142 1555 κοινά
3175 1501 3615 1574 πλημμελοῦσιν.
3633 1509 3769 1560 ἀπα-

468 1576 862 1647 rempublicam
908 1574 1264 1644 deliquerint,
1327 1571 1727 1643 implacabilis;
1773 1576 1870 1632 sed
1915 1593 2069 1634 com-

2200 1589 2448 1660 ναίτητος,
2471 1592 2583 1654 τοῖς
2605 1590 2662 1644 δέ
2685 1592 2766 1655 είς
2793 1593 2851 1645 σὲ
2872 1593 3254 1666 ἁμαρτάνουσι
3273 1571 3767 1665 ⁷συμπαθέστειτος.

470 1670 780 1726 misericors
813 1669 868 1722 in
919 1683 1014 1722 eos
1051 1668 1145 1737 qui
1173 1678 1226 1721 te
1262 1665 1619 1722 oﬂenderint.
1662 1667 1744 1722 Ita
1772 1669 1920 1725 enim
1950 1671 2065 1739 flet,

2200 1681 2266 1735 .ιά
2304 1681 2406 1752 μὲν
2432 1681 2542 1754 γάρ
2567 1683 2780 1737 ἐκείνου
2811 1665 3043 1754 εὐνομία
3073 1682 3226 1737 ἔσται
3256 1687 3322 1756 τῇ
3355 1683 3642 1756 πολιτείᾳ,
3675 1690 3770 1740 καὶ

471 1771 533 1816 ιιι
563 1770 711 1816 recte
739 1761 793 1814 in
821 1759 1096 1830 republica
1137 1758 1435 1828 procedant
1476 1758 1642 1830 leges,
1679 1768 1737 1815 et
1780 1760 1922 1817 bene
1965 1778 2062 1819 co-

2200 1799 2202 1843 ,
2249 1773 2318 1845 σὴ
2370 1773 2503 1845 περὶ
2548 1775 2676 1839 τοὺς
2716 1775 3056 1848 ἀρχομένους
3113 1777 3368 1848 ἐπίδηλος
3415 1780 3631 1851 σπουδὴ
3678 1782 3771 1834 καὶ

472 1855 624 1928 gnita
657 1865 713 1910 et
732 1863 1019 1925 perspecta
1049 1855 1157 1908 erit
1180 1853 1267 1907 illa
1301 1869 1434 1908 cura
1465 1862 1522 1909 et
1547 1854 1858 1912 sollicitudo
1890 1873 2056 1928 quam

471 1965 599 2019 erga
639 1947 885 2001 subditos
927 1947 1090 2016 geris.
1111 1943 1188 2000 lta
1215 1960 1434 2016 quoque
1469 1944 1583 2010 fiet,
1637 1954 1697 2000 ut
1735 1947 2072 2020 intelligatur

472 2056 637 2112 quam
687 2041 962 2094 humanus
1005 2039 1101 2104 sis,
1143 2047 1199 2093 et
1228 2040 1370 2093 bene
1417 2039 1713 2105 animatus,
1759 2039 1852 2110 qui
1889 2057 2073 2096 mores

473 2150 658 2205 regem
731 2148 858 2188 cum
915 2134 1168 2199 deceant,
1234 2131 1290 2186 in
1349 2145 1402 2188 te
1457 2141 1620 2188 erunt
1671 2135 2070 2204 pradicabiles.

473 2223 714 2296 Tyranni
777 2223 1102 2295 plerumque
1154 2223 1437 2295 negligunt
1484 2231 1542 2278 et
1593 2222 1820 2294 insuper
1870 2223 2077 2281 habent

471 2315 702 2386 injurias
749 2313 1132 2370 communitati
1179 2314 1466 2369 hominum
1500 2325 1664 2384 atque
1703 2315 1824 2370 aliis
1867 2315 2078 2388 irroga-

475 2420 578 2476 tas,
623 2408 720 2463 sed
763 2423 892 2464 suas
923 2409 1168 2477 ipsorum
1211 2407 1466 2478 proprias
1513 2407 1843 2479 rigidissime
1896 2409 2077 2464 solent

473 2501 797 2556 vindicare:
832 2515 1018 2571 regem
1076 2515 1234 2563 vero,
1287 2498 1383 2568 qui
1431 2497 1740 2555 secundum
1805 2499 2074 2569 justitiam

473 2593 764 2664 imperimn
807 2591 1173 2657 administrat,
1195 2590 1358 2646 decet
1382 2605 1513 2646 suas
1541 2591 1774 2661 injurias
1822 2592 2080 2646 humani-

473 2694 560 2739 ter
613 2684 948 2747 condonare,
997 2683 1096 2738 sed
1141 2697 1466 2737 communes
1511 2690 1568 2736 et
1619 2681 1742 2738 aliis
1812 2684 2081 2756 irrogatas

475 2792 601 2832 cum
628 2775 841 2847 justitia
871 2775 1173 2831 reformare
1202 2784 1260 2830 et
1299 2774 1617 2844 disponere.

549 2888 642 2946 45.
680 2888 753 2944 Ut
800 2902 1054 2959 magnam
1106 2886 1154 2941 is
1198 2894 1445 2941 meretur
1521 2886 1762 2952 laudem,
1819 2887 1911 2956 qui
1957 2902 2080 2942 cum

479 2995 751 3036 summam
788 2980 986 3034 habeat
1009 2977 1242 3033 lmdendi
1281 2985 1631 3047 potestatem,
1661 2979 1873 3049 justum
1902 2987 2085 3034 tamen

2173 1865 2499 1938 κηδεμονίαο
2535 1865 2624 1920 διὰ
2653 1867 2713 1921 δὲ
2747 1867 2943 1922 τούτου
2971 1868 3034 1922 τὸ
3068 1869 3457 1941 φιλάνθρωπον
3495 1873 3602 1942 τῆς
3637 1874 3772 1942 γνὼ-

2178 1974 2286 2028 μης
2309 1957 2406 2011 καὶ
2437 1959 2465 2012 ό
2500 1957 2774 2028 βασίλειος
2801 1958 2878 2024 ὡς
2905 1959 3123 2031 ἀληθῶς
3151 1961 3604 2034 ἀνακηρύττεται
3648 1964 3772 2034 τρό-

2174 2067 2296 2114 πος.
2324 2051 2386 2104 Ol
2422 2050 2522 2122 μὲν
2551 2051 2662 2122 γὰρ
2687 2051 2945 2123 τύραννοι
2973 2053 3043 2107 τὰ
3072 2053 3230 2108 κοινά
3260 2053 3373 2108 τῶν
3401 2054 3770 2126 ἀδικημάτων

2175 2141 2272 2193 καὶ
2308 2140 2376 2194 τά
2423 2142 2504 2204 εἰς
2543 2140 2810 2212 ἀλλήλους
2843 2143 3108 2208 πολλάκις
3143 2144 3502 2216 ὑπερορῶσι,
3555 2143 3771 2216 πικρῶς

2174 2233 2233 2287 δέ
2259 2232 2330 2287 τά
2370 2235 2450 2297 εἰς
2480 2235 2711 2298 ἑαυτοὺς
2741 2235 3056 2303 ἐξετάζουσι
3078 2255 3094 2270 ο
3125 2237 3394 2308 βασιλέως
3433 2237 3494 2292 δέ
3531 2239 3667 2292 ἐστι
3695 2242 3762 2293 καὶ

2177 2327 2355 2398 ἀρχῆς
2389 2328 2770 2401 ἐννομωτάτης
2802 2329 2986 2399 ἔργον,
3011 2332 3082 2387 τά
3117 2331 3218 2404 μὲν
3249 2334 3332 2396 είς
3358 2333 3560 2387 ἐαυτὸν
3584 2332 3767 2402 φιλαν-

2179 2419 2416 2490 θρώπως
2445 2421 2657 2493 φέρειν,
2693 2423 2762 2477 τά
2794 2423 2851 2477 δὲ
2884 2424 2966 2488 εἰς
2991 2425 3148 2480 κοινά
3178 2426 3272 2480 καὶ⁵
3296 2427 3378 2491 είς
3404 2425 3686 2496 ἀλλήλους
3707 2425 3771 2478 δι-

2181 2511 2354 2576 καίως
2378 2512 2621 2568 εὐθετεῖν
2646 2514 2742 2568 καὶ
2763 2513 3056 2586 διεξάγειν.

2261 2879 2372 2951 μγ’.
2417 2881 2634 2954 Ὠσπερ
2687 2882 2900 2938 πολλῶν
2946 2883 3186 2939 ἐπαίνων
3233 2883 3403 2950 ἄξιος,
3448 2886 3477 2938 ὁ
3534 2883 3778 2954 μεγάλην

2188 2971 2439 3036 ἐξουσίαν
2467 2973 2564 3027 τοῦ
2593 2973 2800 3029 ἀδικεῖν
2819 2975 3024 3041 λαϐὼν,
3057 2977 3155 3031 καὶ
3183 2979 3254 3032 τά
3277 2978 3462 3032 δίκαια
3493 2983 3777 3048 πράττων·

479 3089 543 3129 se
586 3073 842 3137 exhibet;
891 3071 964 3125 ita
1008 3069 1184 3125 multo
1227 3070 1504 3141 vituperio
1544 3070 1764 3142 dignus,
1823 3071 1915 3142 qui
1959 3087 2085 3128 cum

2200 3063 2332 3118 >ὔτω
2354 3064 2566 3118 πολλῶν
2591 3067 2896 3133 ὑπεύθυνος
2914 3069 3121 3138 ψόγων,
3147 3071 3175 3124 ὁ
3201 3071 3430 3142 μηδενὸς
3455 3072 3651 3144 ἐνδεὴς
3677 3073 3783 3125 τῶν

478 3164 630 3221 nulla
669 3179 728 3218 re
772 3163 1015 3233 indigeat
1061 3161 1394 3226 necessaria,
1443 3177 1641 3217 manus
1685 3170 1866 3218 tamen
1919 3164 2084 3219 rebus

2200 3158 2526 3226 ἀναγκαίων,
2551 3161 2648 3214 καὶ
2674 3163 2753 3225 είς
2781 3161 2850 3215 τά
2874 3161 3134 3236 ἀλλότρια
3155 3162 3254 3227 τὰς
3280 3167 3472 3235 χεῖρας
3495 3163 3783 3218 ἐκτείνων.

479 3257 677 3312 alienis
743 3255 940 3325 injicit.
989 3252 1258 3324 lndigenti
1321 3252 1595 3323 siquidem
1669 3255 1948 3310 excusatio
2000 3265 2085 3311 est

480 3357 800 3420 paupertas,
849 3347 979 3402 licet
1005 3361 1118 3401 non
1147 3345 1513 3410 admittenda,
1545 3346 1592 3400 si
1627 3345 1920 3416 deliquerit
1947 3363 2082 3402 con-

483 3453 565 3498 tra
608 3441 928 3512 justitiam:
975 3439 1070 3495 sed
1123 3439 1240 3510 qui,
1295 3455 1424 3496 cum
1477 3447 1808 3510 potestatem
1863 3439 2083 3506 habeat,

479 3548 588 3588 nec
635 3533 742 3586 ulla
782 3549 841 3586 re
882 3532 1147 3602 indigeat,
1194 3531 1454 3604 injuriam
1511 3530 1666 3597 facit,
1725 3546 1952 3602 prorsus
2001 3541 2088 3587 eSt

480 3625 602 3680 sine
634 3624 786 3680 omni
819 3625 1194 3680 excusatione.

551 3739 643 3794 44.
702 3737 919 3804 Quanto
961 3739 1086 3808 quis
1125 3738 1388 3809 majorem
1447 3745 1776 3808 potestatem
1847 3736 2084 3800 obtinet,

479 3842 636 3889 tanto
664 3830 860 3902 majori
888 3830 1078 3886 virtuti
1106 3831 1273 3885 debet
1307 3831 1353 3885 is
1381 3829 1716 3900 praecellere.
1752 3829 1857 3895 Qui
1895 3840 2086 3883 contra

483 3926 630 3989 facit,
686 3925 789 3979 tria
827 3924 991 3980 simul
1035 3923 1273 3978 admittit
1317 3922 1725 3993 improbissima
1756 3939 1770 3976 :
1798 3936 1858 3976 se
1907 3921 2088 3990 perdit

481 4019 700 4086 ipsum;
733 4017 1012 4072 intuentes
1035 4017 1100 4070 ad
1132 4015 1472 4088 peccandum
1505 4014 1710 4080 allicit;
1743 4015 1917 4069 Deum
1956 4013 2090 4069 facit

481 4110 874 4181 blasphemari,
909 4109 1005 4180 qui
1032 4118 1144 4163 tam
1181 4109 1432 4180 improbo
1479 4108 1701 4163 tradidit
1731 4116 2082 4179 potestatem.

485 4203 755 4270 Quocirca
801 4204 965 4259 decet
1003 4219 1454 4274 unumquemque
1519 4202 1726 4257 malum
1778 4201 2085 4267 declinare;

485 4295 584 4352 sed
611 4304 742 4350 ante
769 4295 925 4362 alios,
959 4311 1053 4350 eos
1085 4296 1178 4366 qui
1212 4296 1328 4351 sint
1356 4311 1483 4350 cum
1514 4295 1771 4367 imperio.

555 4409 648 4464 45.
697 4407 774 4463 Ita
805 4423 936 4480 ergo
963 4409 1200 4465 subditis
1246 4409 1352 4464 tuis
1381 4409 1611 4480 impera,
1644 4417 1706 4463 ut
1740 4421 2085 4478 nequaquam

2204 3250 2386 3323 Ἀνδρὶ
2416 3252 2519 3322 μὲν
2544 3252 2653 3325 γὰρ
2684 3255 2972 3326 πενομένῳ
2999 3257 3310 3326 πρόφασις,
3341 3257 3388 3309 εί
3419 3257 3520 3311 καὶ
3545 3258 3787 3330 παράλο-

2189 3359 2308 3412 γος,
2338 3344 2433 3397 τοῦ
2466 3345 2696 3411 ἀδικεῖν,
2731 3347 2765 3416 ἡ
2789 3348 2982 3400 πενία⁶
3011 3349 3151 3420 ἀνὴρ
3178 3348 3236 3400 δὲ
3264 3347 3594 3403 δυναστείαν
3628 3349 3783 3420 ἔχων,

2193 3436 2288 3488 καὶ
2320 3437 2560 3506 ἀπορίαν
2604 3437 2706 3491 οὐκ
2746 3437 2910 3509 ἔχων,
2947 3439 3358 3513 ἀναπολόγητον
3393 3440 3510 3512 ἔχει
3541 3440 3652 3512 τὴν
3686 3441 3784 3496 ἀπὸ

2191 3528 2287 3582 τοῦ
2317 3528 2522 3583 ἀδικεῖν
2554 3531 2856 3602 ἁμαρτίαν.

2268 3729 2370 3800 μδ’.
2401 3732 2554 3800 Ὄσῳ
2576 3729 2633 3784 δέ
2662 3747 2748 3796 τις
2775 3730 3001 3802 προέχει
3031 3733 3096 3803 τῇ
3133 3731 3302 3802 ἀρχῇ,
3333 3730 3584 3802 τοσούτῳ
3619 3748 3769 3803 χρεω-

2197 3826 2313 3875 στεῖ
2332 3823 2636 3895 πρωτεύειν
2657 3823 2751 3877 καὶ
2772 3828 2838 3894 τῇ
2865 3826 3059 3896 ἀρετῇ.
3098 3823 3157 3876 '0
3173 3825 3229 3877 δὲ
3250 3825 3572 3878 τούναντίον
3596 3825 3778 3886 ποιῶν,

2195 3917 2321 3988 τρία
2352 3917 2492 3988 ἅμα,
2521 3918 2617 3971 καὶ
2645 3919 2907 3982 κάκιστα,
2943 3915 3216 3971 ἐπιτελεῖ·
3248 3917 3548 3972 ἀπόλλυσιν
3573 3918 3784 3970 ἑαυτόν·

2193 4013 2322 4075 τούς
2355 4009 2602 4082 ὁρῶντας
2637 4013 2718 4074 είς
2744 4011 2946 4066 κακίαν
2973 4011 3307 4084 παρακαλεῖ·
3340 4011 3790 4082 βλασφημεῖσθιιι

2197 4104 2607 4174 παρασκευάζει
2669 4105 2760 4157 τὸν
2813 4103 2984 4169 Θεὸν,
3041 4105 3123 4158 ὅτι
3175 4102 3401 4174 τοιούτῳ
3449 4104 3792 4175 τηλικαύτην

2195 4196 2530 4268 ἐνεχείρισεν
2579 4197 2780 4268 ἀρχήν.
2831 4195 2931 4250 Διά
2975 4196 3137 4249 τοῦτο
3177 4195 3345 4250 παντὶ
3379 4195 3481 4267 μὲν
3516 4196 3793 4267 ἀνθρώπῳ

2197 4294 2461 4361 φευκτέον
2492 4294 2527 4362 ἡ
2558 4292 2750 4358 κακία,
2784 4291 3025 4362 μάλιστα
3051 4291 3109 4346 δὲ
3137 4294 3250 4354 τοῖς
3280 4293 3339 4344 ἐν
3365 4293 3430 4362 τῇ
3462 4291 3643 4362 ἀρχῇ.

2271 4419 2374 4483 με’.
2406 4413 2580 4483 Ἀρχε
2609 4411 2792 4465 τοίνυν
2823 4411 2934 4465 τῶν
2963 4411 3245 4481 ὑπηκόων,
3279 4410 3354 4482 μὴ
3388 4409 3684 4473 πεποιθὼς
3709 4427 3791 4462 τυ-

489 4499 784 4574 tyrannidi,
831 4500 928 4556 sed
971 4515 1163 4555 eorum
1226 4501 1471 4557 conﬁdas
1517 4499 1934 4556 benevolentia.
1990 4499 2084 4554 Est

2200 4507 2425 4579 ραννίδι,
2457 4505 2594 4559 ἀλλά
2628 4509 2695 4578 τῇ
2724 4505 2833 4558 τῶν
2860 4506 3182 4577 ἀρχομένων
3211 4505 3417 4575 εὐνοίᾳ.
3451 4502 3663 4557 Εὕνοια
3693 4505 3796 4574 γάρ

485 4591 636 4648 enim
682 4593 1068 4648 benevolentia
1115 4603 1172 4648 et
1206 4595 1366 4665 longe
1415 4593 1778 4650 excellentius
1821 4601 1878 4647 et
1916 4591 2088 4647 multo

489 4686 664 4741 tutius
708 4685 1114 4741 ﬁrmamentum
1165 4703 1328 4756 quam
1360 4697 1558 4742 metus.
1610 4687 1748 4742 lllud
1780 4695 1964 4741 autem
2001 4701 2089 4741 ac-

485 4780 725 4849 quiritur
768 4780 1026 4836 virtutem
1069 4780 1420 4850 possidendo,
1450 4790 1506 4834 et
1537 4780 1752 4835 labores
1789 4794 2089 4848 curamque

487 4888 618 4943 erga
669 4872 918 4929 subditos
953 4873 1344 4943 impendenda.
1395 4873 1474 4927 Ita
1507 4872 1601 4928 ﬁet
1643 4883 1702 4927 ut
1739 4874 1907 4927 vitam
1961 4887 2090 4926 vere

489 4964 716 5020 vitalem
736 4975 793 5020 et
819 4965 1022 5038 regiam
1053 4981 1181 5037 agas
1211 4968 1350 5036 ipse,
1396 4975 1561 5036 atque
1605 4967 1728 5020 illos
1773 4966 1902 5020 dum
1944 4972 2091 5018 tutos

491 5065 552 5110 et
599 5055 902 5112 incolumes
950 5068 1181 5127 praestas
1221 5063 1294 5113 ab
1324 5058 1538 5113 insidiis
1580 5067 1636 5112 et
1687 5056 2091 5112 calamitatibus

494 5157 697 5220 praeter
732 5149 821 5218 jus
851 5150 1034 5217 illatis,
1081 5152 1312 5222 gloriam
1362 5152 1458 5208 tibi
1500 5163 1745 5222 paratam
1805 5151 2091 5204 immorta-

496 5243 607 5297 lem
639 5243 1014 5299 conserv-abis.

569 5354 658 5410 46.
706 5354 879 5426 Leges
926 5359 1276 5414 exactissime
1343 5361 1482 5416 latas
1524 5361 1742 5417 laudato
1789 5371 1845 5418 et
1884 5363 2094 5433 ample-

495 5457 669 5503 ctere.
700 5447 823 5502 lllas
854 5455 1018 5520 porro
1045 5450 1327 5515 intuendo,
1362 5452 1528 5506 vitam
1556 5462 1708 5507 tuam
1732 5452 1904 5524 dirige
1936 5471 1949 5506 :
1982 5453 2093 5507 noli

495 5550 684 5595 autem
723 5541 876 5611 juxta
907 5541 1121 5597 illarum
1172 5544 1350 5613 legum
1385 5546 1625 5601 calculos
1681 5562 1872 5616 poenas
1902 5547 2096 5602 inexo-

500 5633 704 5688 rabiles
733 5635 966 5689 subditis
1000 5635 1106 5689 tuis
1130 5635 1406 5706 irrogare;
1441 5637 1625 5708 potius
1646 5648 1831 5692 autem
1855 5639 2097 5693 clemen-

503 5725 741 5781 tioribus
772 5727 1040 5783 institutis
1066 5727 1443 5783 illoseruditos
1461 5745 1606 5799 rege.
1635 5728 1710 5783 Ita
1737 5730 1831 5786 [iet
1856 5740 1936 5794 ut,
1967 5731 2096 5785 dum
2121 5736 2126 5741 '

505 5825 756 5872 exactam
785 5816 842 5872 in
868 5816 1041 5889 teipso
1068 5817 1335 5874 rationem
1365 5818 1491 5884 inis,
1517 5819 1846 5875 metuendus
1873 5819 2099 5876 videbe-

2197 4598 2383 4670 μεῖζον
2437 4598 2614 4668 ἀρχῆς
2667 4596 2869 4668 βάθρον
2908 4596 3005 4650 καὶ
3050 4595 3458 4666 ἀσφαλέστερον
3483 4638 3499 4661 ,
3534 4597 3568 4666 ἢ
3602 4597 3794 4666 φόϐος.

2193 4691 2366 4744 Τοῦτο
2387 4690 2443 4743 δὲ
2464 4689 2679 4761 ἀρετῶν
2709 4705 2771 4741 τε
2799 4687 2992 4759 κτῆσις
3014 4692 3160 4742 ποιεῖ
3184 4729 3200 4754 ,
3225 4687 3322 4742 καὶ
3343 4689 3394 4741 οἱ
3440 4688 3575 4758 περὶ
3605 4689 3674 4743 τὸ
3704 4691 3798 4742 ὑπ-

2193 4784 2360 4854 ήκοον
2400 4783 2552 4836 πόνοι
2585 4781 2680 4834 καὶ
2727 4780 3032 4852 φροντίδες.
3086 4779 3245 4833 Οὕτω
3289 4779 3348 4834 δὲ
3391 4780 3560 4844 αὐτός
3609 4795 3676 4834 τε
3725 4781 3798 4843 ὡς

2192 4872 2410 4945 ἀληθῶς
2437 4871 2735 4942 βασιλικῶς
2756 4871 2851 4924 καὶ
2877 4870 3049 4942 ἡδέως
3076 4869 3316 4940 βιώσεις,
3338 4871 3625 4935 κάκείνοις
3646 4871 3799 4924 ἐλευ-

2195 4969 2362 5040 θέραν
2390 4965 2690 5035 ἐπιϐουλῆς
2714 4967 2810 5018 καὶ
2842 4963 3142 5034 συμφορῶν
3176 4962 3482 5030 ἀλογίστων
3510 4965 3612 5032 τὴν
3647 4971 3802 5016 πολι·

2193 5063 2345 5114 τείαν
2395 5057 2773 5129 συντηρήσας,
2825 5055 3158 5126 ἀείμνηστον
3217 5055 3419 5108 σαυτοῦ
3480 5055 3647 5119 κλέος
3709 5057 3801 5108 τὸν

2197 5156 2415 5210 ἅπαντα
2441 5153 2631 5224 χρόνον
2657 5149 3033 5219 καταλείψεις.

2271 5352 2390 5425 pg’.
2421 5354 2624 5424 Νόμων
2653 5353 2781 5416 τοὺς
2809 5351 3242 5424 ἀκριϐεστάτους
3269 5352 3489 5407 ἐπαίνει
3526 5353 3624 5406 καὶ
3661 5353 3796 5404 ἀπο·

2195 5447 2394 5517 δέχου·
2455 5448 2548 5499 καὶ
2605 5447 2742 5517 πρὸς
2798 5447 3043 5509 ἐκείνους
3107 5446 3352 5516 βλέπων,
3410 5445 3502 5497 τὸν
3561 5445 3794 5498 σεαυτοῦ

2201 5541 2433 5612 ῥύθμιζε
2462 5541 2577 5611 βίον
2601 5555 2614 5570 ·
2651 5539 2726 5611 μὴ
2763 5541 2948 5610 μέντοι
2987 5539 3132 5593 κατὰ
3164 5539 3263 5602 τὰς
3293 5540 3523 5592 ἐκείνων
3579 5539 3795 5608 ψήφους

2199 5634 2258 5686 τὸ
2287 5636 2526 5705 ὑπήκοον
2557 5634 2969 5703 ἀπαραιτήτους
2999 5634 3329 5704 εἰσπράττου
3360 5631 3462 5693 τὰς
3495 5632 3791 5701 τιμωρίας,

2198 5728 2334 5781 ἀλλά
2363 5727 2453 5780 διά
2481 5726 2592 5780 τῶν
2627 5725 3158 5796 φιλανθρωποτέρων
3190 5723 3395 5794 μᾶλλον
3427 5724 3791 5791 παιδαγώγει·

2199 5816 2346 5872 οὕτω
2373 5835 2432 5870 τε
2471 5817 2581 5889 γὰρ
2618 5816 2882 5888 φοϐερὸς,
2913 5815 2984 5869 δι’
3015 5811 3090 5870 ὦν
3129 5815 3355 5869 σεαυτὸν
3385 5814 3789 5887 ἀκριϐολογεῖς,
