3964 6440
163 352 269 414 673

1341 354 1890 419 EPISTOLARUM
1932 356 2169 417 LIBER
2210 359 2259 419 Ι.

3336 355 3446 425 674

158 468 274 529 τοῖς
301 461 714 536 ἁμαρτάνουσιν
757 463 898 520 εἶναι
926 466 1101 532 δόξεις
1119 506 1135 531 ,
1161 466 1256 520 καὶ
1293 466 1609 539 ἀνεπαχθὴς
1634 470 1747 531 τοῖς

1876 468 1929 523 is
1971 468 2440 538 delinquentibus,
2492 483 2672 539 neque
2722 476 2904 523 tamen
2962 466 3197 522 subditis
3249 466 3451 523 intole-

155 556 450 623 ὑπηκόοις.

233 644 346 717 με’.
383 646 552 699 Δεῖδέ
582 647 867 719 ἐγκρατῶς
888 648 1095 720 ἄρχειν,
1125 650 1185 702 ού
1216 651 1295 722 τῷ
1324 650 1594 718 κολάζειν,
1618 651 1754 706 ἀλλὰ

151 738 236 809 τῷ
272 739 454 793 δοκεῖν
486 739 810 794 κολαστικὸν
834 736 997 797 εἶναι.
1047 742 1219 796 Τοῦτο
1247 744 1305 796 δὲ
1329 739 1462 815 ἦθος
1490 744 1753 808 εὐσταθὲς

152 835 330 897 ποιεῖ,
362 832 459 887 καὶ
488 835 523 905 ή
551 835 662 887 τῶν
692 834 912 888 οἰκείων
946 835 1166 907 τρόπων
1196 838 1460 907 σεμνότης
1493 837 1590 890 καὶ
1632 839 1751 891 ἐπι-

155 923 382 994 μέλεια.
431 925 698 997 Ὀργίλων
722 926 779 979 δὲ
813 926 1014 998 μᾶλλον
1044 928 1350 998 ἀνθρώπων
1379 929 1412 1001 ἢ
1447 928 1748 1000 φρονίμων,

154 1018 218 1070 ai
252 1018 526 1083 κολάσεις·
556 1020 753 1084 οἵτινες
783 1021 990 1092 ἀπορίᾳ
1018 1022 1113 1075 τοῦ
1154 1022 1505 1093 δημαγωγεῖν
1538 1023 1753 1094 σωφρό-

155 1128 297 1176 νως,
330 1112 425 1165 ἐπὶ
451 1111 512 1164 τὸ
546 1111 801 1177 κολάζειν
828 1112 1120 1184 τρέπονται
1162 1115 1379 1187 ῥᾳδίως.
1421 1116 1531 1170 Καὶ
1559 1116 1621 1168 τὸ
1654 1115 1754 1185 μὲν

154 1201 262 1254 καὶ
298 1201 329 1253 ό
367 1200 839 1273 τυραννικώτατος
880 1202 1139 1275 πράξειεν
1172 1204 1238 1258 ἀν
1262 1221 1275 1235 ·
1308 1206 1369 1257 τὸ
1410 1205 1488 1271 δὲ,
1526 1206 1685 1276 μόνος
1714 1207 1753 1274 ,ὁ

158 1292 586 1364 ἀρχικώτατοςο
625 1294 784 1365 είπερ
822 1295 1081 1365 ἄρχοντος
1126 1298 1299 1366 ἀρετὴ
1365 1297 1441 1368 μὴ
1483 1296 1751 1368 φθείρειν,

155 1385 304 1438 ἀλλὰ
336 1386 556 1449 πλείους
586 1386 682 1440 καὶ
712 1386 990 1457 βελτίονας
1027 1390 1201 1442 ποιεῖν
1232 1390 1360 1453 τοὺς
1390 1390 1749 1461 ἀρχομένους.

235 1565 355 1630 μη¹.
401 1560 698 1630 Ἀρχοντος
730 1559 830 1629 μὲν
859 1578 1005 1625 τινες
1035 1561 1247 1631 ἔφησαν
1283 1565 1486 1636 ἀρετὴν
1506 1606 1521 1629 ,
1565 1567 1630 1621 ἐκ
1666 1585 1755 1637 με..

157 1654 304 1723 κρᾶς
332 1654 576 1723 μεγάλην
601 1653 754 1707 πόλιν
780 1653 1025 1724 ποιῆσαι·
1048 1656 1161 1724 ἐγὼ
1180 1656 1237 1708 δέ
1260 1656 1459 1725 μᾶλλον
1479 1658 1545 1711 ἂν
1564 1660 1753 1729 φαίην,

155 1745 224 1798 τὸ
255 1747 320 1798 ἐκ
353 1744 566 1815 φαύλης
591 1744 889 1799 σπουδαίαν
908 1748 1348 1817 παρασκευάσαι.
1377 1748 1485 1802 Τοῦ
1517 1751 1617 1819 μὲν
1644 1750 1755 1820 γὰρ

1861 558 1994 611 rand
2007 573 2089 611 us.

1928 650 2019 703 47.
2066 647 2187 703 Vim
2221 648 2439 719 imperii
2468 647 2719 703 obtinere
2745 656 2963 720 oportet
2997 664 3109 702 non
3146 645 3453 717 puniendo,

1858 742 1955 797 sed
2004 742 2320 811 opinionem
2377 740 2613 796 fovendo
2650 742 2978 796 severitatis.
3027 740 3180 795 llanc
3234 754 3451 793 morum

1858 841 2119 904 procurat
2145 834 2434 898 stabilitas,
2474 833 2712 903 gravitas
2745 842 2803 888 et
2860 834 3045 888 sedula
3076 831 3449 888 observantia.

1862 924 2054 980 Poenas
2085 926 2329 997 inﬂigere
2356 925 2756 996 frequentiores
2792 926 3037 981 iracundi
3069 926 3251 995 potius
3284 940 3451 994 quam

1858 1019 2143 1087 prudentis
2185 1029 2288 1075 est.
2337 1020 2420 1075 Illi
2450 1021 2597 1076 enim
2629 1018 2789 1074 facile
2841 1019 2910 1073 ad
2956 1019 3293 1088 puniendum
3354 1017 3453 1073 de-

1857 1115 2150 1180 scendunt,
2204 1130 2327 1169 cum
2361 1130 2457 1184 per
2484 1114 2757 1170 defectum
2784 1111 3172 1167 moderationis
3208 1111 3451 1164 mulcere

1856 1204 2109 1260 homines
2138 1206 2411 1260 nesciunt.
2444 1204 2687 1272 Quorum
2731 1204 2960 1259 alterum
2998 1211 3281 1273 tyrannus,
3316 1200 3452 1253 alte-

1855 1314 1976 1352 rmn
2018 1298 2065 1354 is
2095 1300 2244 1354 solus
2274 1300 2364 1369 qui
2398 1299 2628 1369 imperio
2674 1298 2870 1369 dignus
2897 1296 3061 1350 faciet
3097 1313 3111 1349 :
3148 1293 3307 1363 cujus
3347 1290 3456 1346 vir-

1859 1402 1945 1448 tus
1982 1401 2067 1448 est
2094 1392 2391 1463 praecipua,
2440 1408 2552 1447 non
2599 1392 2849 1462 perdere,
2889 1389 2986 1446 sed
3032 1389 3288 1443 meliores
3334 1385 3458 1441 red-

1856 1487 1984 1541 dere
2011 1501 2141 1540 suos
2170 1485 2442 1541 subditos.

1927 1576 2017 1631 48.
2065 1575 2209 1632 Sunt
2249 1576 2343 1646 qui
2370 1575 2728 1646 pronuntiant
2759 1575 2828 1629 ad
2876 1573 3113 1630 ofﬁcium
3153 1571 3294 1644 regis
3344 1571 3451 1627 im-
3544 1606 3550 1613 -

1856 1669 2051 1739 primis
2102 1669 2398 1739 pertinere,
2451 1668 2842 1739 rempublicam
2897 1683 3142 1749 eﬁparva
3195 1681 3451 1737 magnam

1858 1763 2080 1817 facere:
2126 1762 2262 1816 mihi
2308 1761 2491 1831 potius
2540 1761 2773 1822 videtur,
2809 1776 2875 1814 ex
2922 1759 3172 1830 improba
3226 1758 3453 1828 probam

157 1838 264 1891 καὶ
307 1836 518 1909 καιρῶν
548 1837 813 1902 πολλάκις
855 1838 997 1910 φορὰ
1029 1839 1221 1907 γέγονε
1266 1840 1553 1912 παραιτία.
1587 1842 1661 1895 Τὸ
1696 1842 1752 1895 δέ

1876 1853 2217 1907 :onstitnere.
2248 1852 2385 1906 Illud
2412 1852 2555 1906 enim
2590 1852 2863 1906 interdum
2919 1849 3224 1905 occasionis
3255 1863 3455 1902 cursus

156 1931 268 1983 οὐκ
296 1930 415 1983 ἐστι
461 1931 537 2001 μὴ
592 1931 716 2001 οὐχὶ
746 1930 900 2000 παρὰ
939 1929 1035 1984 τοῦ
1063 1931 1266 2000 ἄριστα
1295 1932 1627 1998 διοικοῦντος
1661 1951 1754 2003 γε·

157 2020 379 2077 νέσθαι.
416 2024 513 2076 Ὃν
540 2025 607 2077 σὺ
631 2023 972 2094 παραζηλῶν
991 2064 1006 2089 ,
1039 2023 1106 2077 δι’
1136 2019 1213 2079 ὧν
1246 2023 1557 2096 κατορθοῖς,
1583 2026 1754 2099 ἀρετῇ

159 2114 265 2186 τὴν
300 2115 414 2168 τῶν
441 2116 761 2187 ἀρχομένων
789 2116 978 2183 αὔξεις
1001 2117 1302 2172 πολιτείαν.

240 2289 351 2361 μθ’.
384 2292 594 2363 Ὠσπερ
629 2294 808 2363 τεῖχος
849 2293 1071 2365 σαθρὸν,
1121 2293 1225 2348 κᾶν
1257 2294 1437 2357 οἰκίας
1476 2294 1626 2347 ἔνδον
1656 2294 1755 2368 ἔχῃ

171 2383 451 2454 λαμπρὰς,
493 2384 589 2436 καὶ
632 2384 812 2454 ἀέρων
856 2385 1176 2457 εὐκρασίαν,
1220 2387 1316 2439 καὶ
1352 2386 1559 2440 ὠνείων
1591 2387 1757 2455 ἀφθο-

178 2476 312 2540 νίαν,
344 2475 494 2546 ὅμως
524 2476 625 2546 τὴν
659 2476 817 2529 πόλιν
848 2475 1197 2543 ἐξευτελίξει·
1228 2476 1400 2541 οὕτως
1427 2479 1475 2530 οί
1506 2479 1637 2549 περὶ
1665 2478 1756 2531 τὸν

179 2568 414 2638 ἄρχοντα
439 2568 656 2639 φαῦλοι,
684 2570 780 2622 καὶ
802 2570 895 2622 τὸν
921 2571 1131 2625 ἐκείνου
1158 2572 1601 2627 συνδιαϐάλλουσι
1628 2573 1757 2641 τρό-

175 2676 294 2713 πον.
353 2661 416 2712 Οἱ
469 2661 578 2729 γὰρ
628 2661 855 2715 ἐκείνων
907 2662 1008 2734 τῆς
1062 2663 1334 2735 πονηρίας
1386 2662 1761 2735 λαμϐάνοντες

176 2754 394 2821 πεῖραν,
423 2754 637 2807 καὶτὸν
657 2754 749 2807 ὑπ’
771 2755 951 2809 αὐτῶν
975 2755 1449 2827 δορυφορούμενον
1471 2756 1762 2828 παραπλής

174 2861 289 2898 σιον
322 2846 803 2915 ὑπολαμϐάνουσιν
828 2846 994 2903 εἶναι.

240 3034 308 3083 \I.
336 3027 582 3098 Μηδενὺς
607 3030 979 3100 παρανομίαν,
997 3028 1101 3083 κᾶν
1119 3030 1249 3101 δοκῇ
1278 3028 1345 3084 δι’
1368 3029 1539 3101 αὐτῆς
1560 3030 1765 3100 εὐημε-

177 3122 293 3189 ρεῖν
313 3160 329 3185 ,
356 3121 676 3197 ἐπαινέσῃς.
724 3122 963 3176 Ἐκείνόν
991 3139 1051 3175 τε
1081 3122 1191 3194 γὰρ
1224 3122 1425 3193 μᾶλλον
1452 3125 1532 3187 είς
1562 3123 1765 3176 κακίαν

177 3213 499 3283 ὑπαλείψεις
524 3255 540 3278 ,
581 3217 676 3271 καὶ
724 3214 951 3268 σεαυτὸν
1004 3216 1086 3278 εἰς
1135 3214 1523 3287 παραπλησίαν
1563 3214 1763 3286 πρᾶξιν
1789 3207 1833 3265 C

176 3306 372 3376 καιρὸν
422 3307 705 3378 ἐπιζητεῖν
758 3306 1104 3375 ἀπελέγξεις.
1156 3307 1215 3359 '0
1264 3307 1375 3379 γάρ
1426 3307 1533 3376 πρὸ
1566 3304 1763 3376 καιροῦ

173 3397 373 3463 ταῦτα,
405 3398 473 3451 δι’
502 3392 577 3451 ὧν
612 3399 849 3463 ἐπαινεῖ,
875 3398 1330 3471 προθυμούμενος
1356 3400 1451 3453 καὶ
1480 3398 1678 3469 τιμῶν,
1712 3396 1765 3450 τί

175 3487 245 3544 ἂν
270 3488 337 3541 ού
366 3488 587 3561 ποιήσοι
614 3487 860 3543 τοιούτου
891 3490 1430 3561 παραπεπτωκότος;

245 3814 355 3863 να’.
412 3808 472 3861 '0
499 3808 612 3861 τῶν
644 3808 926 3879 ἀρχόντων
957 3807 1187 3878 τρόπος,
1224 3806 1389 3877 νόμος
1412 3806 1620 3875 γίνεται
1652 3809 1768 3869 τοῖς

178 3899 289 3954 imo
310 3902 493 3971 χεῖρα.
514 3900 583 3954 Et
606 3917 660 3953 τι
689 3896 783 3953 οὖν
815 3898 878 3952 τὸ
910 3898 1115 3969 πλῆθος
1143 3899 1529 3970 ἐξαμαρτάνει,
1563 3900 1643 3961 είς
1676 3897 1773 3951 τὸν

178 3993 420 4062 ἄρχοντα
467 3991 565 4061 τὴν
608 3992 789 4045 αἰτίαν
830 3991 1180 4061 ἀναπέμπει,
1223 3990 1391 4043 πόσον
1431 3990 1531 4042 οτει
1570 3988 1767 4043 σαυτὸν

173 4081 382 4152 ἀρετῆς
428 4080 843 4151 ἐπιμελεῖσθαι,
897 4080 994 4132 καὶ
1044 4081 1340 4150 χρεωστεῖν
1386 4078 1476 4132 ἀεὶ
1514 4078 1611 4131 ἐπὶ
1655 4078 1767 4141 τοῖς

168 4172 366 4234 καλοῖς
407 4170 770 4244 ἐγρηγορέναι
787 4186 805 4237 ;

244 4285 354 4355 νβ’.
403 4284 589 4354 Πάσης
627 4282 880 4353 πράξεως
913 4282 1080 4354 βουλὴ
1125 4281 1494 4354 προηγείσθω.
1546 4283 1613 4336 Al
1656 4283 1768 4353 γὰρ

171 4377 577 4432 ἀνεπίσκεπτοι
603 4377 851 4448 πράξεις,
875 4377 950 4442 ὡς
971 4377 1040 4430 τὰ
1065 4376 1237 4430 πολλὰ
1265 4375 1554 4448 σφαλεραί⁸
1583 4377 1678 4430 καὶ
1704 4377 1770 4429 τὸ

174 4466 622 4538 κατορθούμενον
644 4508 657 4528 .
700 4466 927 4531 δικαίως
961 4468 1027 4520 ἂν
1061 4466 1241 4528 αἰτίας
1280 4466 1448 4537 ἄλλης
1479 4465 1641 4536 ἔργον
1684 4483 1769 4518 νο-

1857 1955 2081 2017 praestat
2121 1961 2135 1999 :
2175 1946 2280 2001 hoc
2322 1945 2474 2000 nullo
2521 1946 2684 1999 modo
2738 1943 3055 2013 contingere
3121 1950 3299 2011 potest
3346 1940 3454 1995 nisi

1855 2054 1954 2109 per
1972 2039 2177 2109 optime
2214 2043 2599 2110 imperantem.
2631 2036 2788 2091 Hunc
2819 2045 2875 2090 tu
2902 2036 2948 2090 si
2986 2035 3232 2089 imitatus
3258 2033 3452 2098 fueris,

1856 2130 1966 2187 tuis
2004 2130 2279 2201 praeclaris
2318 2130 2475 2186 factis
2522 2146 2635 2186 rem
2695 2128 3046 2185 subditorum
3099 2142 3454 2183 communem

1855 2223 2058 2279 virtute
2088 2239 2350 2294 promovc
2361 2223 2465 2278 bis.

1927 2313 2016 2369 49.
2065 2313 2263 2368 Maenia
2314 2313 2458 2367 sicut
2500 2313 2718 2366 ruinam
2773 2308 3106 2375 minitantia,
3152 2308 3343 2363 urbem
3392 2305 3453 2360 in

1857 2414 2232 2476 contemptum
2269 2407 2500 2468 ducunt,
2532 2405 2657 2460 licet
2694 2404 2828 2459 alias
2869 2403 3098 2473 pulchre
3126 2401 3453 2455 aedificatam

1858 2497 2110 2563 interius,
2141 2497 2283 2553 aeris
2307 2497 2649 2560 salubritate,
2681 2506 2737 2551 et
2760 2512 2945 2551 rerum
2972 2494 3246 2549 venalium
3285 2492 3455 2546 uber-

1860 2598 1969 2645 tate
2008 2598 2271 2660 praastet:
2305 2589 2377 2643 ita
2401 2604 2618 2659 quoque
2649 2595 2705 2643 et
2734 2588 2883 2659 impii
2930 2587 3074 2657 apud
3123 2586 3454 2657 principem,

1860 2696 1971 2736 una
2007 2696 2132 2736 cum
2175 2681 2444 2751 ipsorum,
2487 2690 2543 2734 et
2589 2680 2710 2749 ejus
2745 2681 2912 2734 etiam
2946 2680 3116 2733 vitam
3157 2676 3458 2747 vituperari

1861 2771 2069 2827 faciunt
2100 2789 2112 2823 :
2138 2786 2264 2826 nam
2299 2769 2550 2840 quisquis
2579 2769 2797 2823 illorum
2827 2767 3126 2838 nequitiam
3154 2764 3457 2835 experitur,

1862 2881 1989 2920 eum
2021 2865 2078 2918 in
2118 2865 2275 2935 cujus
2300 2874 2431 2920 sunt
2458 2862 2736 2928 satellitio,
2798 2862 2934 2933 ipsis
2966 2860 3193 2917 omnino
3222 2858 3460 2913 similem

1863 2957 2244 3011 arbitrabitur.

1936 3049 2027 3104 50.
2060 3050 2276 3104 Nullius
2308 3046 2716 3119 improbitatem
2768 3042 3143 3107 commendes,
3175 3041 3302 3097 licet
3332 3039 3463 3095 inde

1865 3140 2119 3195 videatur
2169 3140 2295 3194 felix
2351 3154 2523 3194 esse:
2556 3153 2684 3192 nam
2728 3137 2832 3190 hoc
2878 3134 3041 3189 modo
3090 3134 3156 3185 ad
3196 3132 3462 3200 majorem

1869 3233 2276 3304 improbitatem
2342 3232 2687 3303 provocabis,
2738 3237 2795 3283 et
2828 3227 3199 3299 suspicionem
3246 3223 3466 3279 creabis

1868 3327 2207 3398 probabilem
2258 3339 2309 3379 te
2351 3332 2563 3378 tantum
2608 3320 2846 3391 opperiri
2889 3317 3233 3372 occasionem
3285 3325 3346 3369 ut
3384 3313 3463 3367 illi

1867 3420 2061 3475 similis
2091 3418 2206 3473 fias.
2253 3417 2413 3473 Certe
2442 3416 2535 3486 qui
2565 3414 2809 3470 nondum
2839 3411 2966 3467 data
2987 3410 3133 3480 jnsta
3169 3408 3465 3464 occasione

1868 3512 2125 3567 allectum
2176 3506 2237 3565 ae
2277 3508 2521 3565 ostendit
2576 3522 2703 3578 erga
2761 3505 2849 3559 illa
2909 3518 3030 3573 qua.
3088 3500 3467 3564 commendat,

1867 3604 2008 3659 nihil
2052 3603 2142 3657 ille
2185 3617 2296 3657 non
2351 3600 2610 3656 effectum
2659 3598 2810 3654 dabit
2861 3605 2919 3651 ut
2960 3595 3198 3666 primum
3244 3592 3465 3648 occasio

1865 3696 2014 3766 iusta
2046 3693 2322 3749 inciderit.

1942 3810 2031 3864 5f.
2059 3808 2239 3863 Mores
2271 3807 2582 3878 principum
2629 3805 2763 3877 legis
2795 3806 2915 3861 vice
2946 3812 3071 3859 sunt
3100 3802 3239 3871 apud
3272 3801 3464 3857 subdi-

1869 3913 1973 3965 tos,
2038 3903 2298 3973 quocirca
2349 3918 2473 3957 cum
2528 3901 2848 3970 delinquant
2909 3898 3184 3963 homines,
3238 3911 3460 3951 causam

1868 3994 2128 4064 rejiciunt
2159 3995 2215 4048 in
2246 3993 2629 4063 imperantem.
2660 3990 2779 4057 Quo
2808 4000 2863 4044 te
2882 4005 3011 4060 ergo
3058 4003 3201 4042 nexu
3245 3986 3469 4041 obstri-

1869 4096 2017 4141 ctum
2058 4086 2231 4141 teneri
2273 4094 2453 4155 putas,
2480 4093 2539 4138 ut
2578 4082 2726 4138 omni
2754 4096 2859 4151 ope
2884 4094 3159 4151 operaque
3200 4079 3466 4133 virtutem

1871 4179 2038 4242 colas,
2073 4187 2129 4233 et
2159 4178 2321 4233 bonis
2346 4177 2505 4233 factis
2528 4176 2755 4249 agendis
2787 4172 3078 4245 invigiles?

1940 4291 2029 4347 52.
2076 4292 2363 4348 Actionem
2405 4304 2790 4361 quamcunque
2840 4286 3129 4343 consilium
3162 4284 3467 4356 praecedat.

1870 4385 2013 4439 Sunt
2041 4384 2188 4440 enim
2220 4383 2441 4438 lubrica:
2467 4393 2522 4437 et
2546 4382 2890 4453 periculosae,
2930 4394 3051 4449 quae
3078 4378 3198 4432 sine
3228 4377 3465 4432 consilio

1868 4485 2221 4549 peraguntur.
2276 4475 2432 4542 Quod
2472 4475 2674 4545 siquid
2725 4473 2867 4529 forte
2912 4472 3240 4528 successerit
3296 4470 3458 4535 bene,

176 4559 407 4631 μισθείη
443 4560 668 4631 μᾶλλον,
698 4559 735 4630 ἥ
762 4561 863 4629 τῆς
891 4559 986 4613 τοῦ
1020 4557 1281 4622 πολλάκις
1313 4556 1760 4630 παρασφαλέντος

1876 4588 1973 4629 nec
2034 4571 2255 4642 quidem
2304 4570 2505 4640 injuria
2563 4569 2785 4623 aliunde
2850 4568 3168 4623 censebitur
3210 4566 3463 4621 evenisse

171 4653 362 4724 ὁρμῆς
384 4651 481 4706 καὶ
504 4652 880 4723 περιπετείας.

248 4882 357 4943 νγ’.
392 4874 571 4943 ’Δπερ
600 4875 781 4944 χεῖρες
809 4872 1044 4935 πολλῶν,
1077 4871 1174 4925 καὶ
1199 4870 1483 4933 πολλάκις,
1519 4868 1618 4922 οὐκ
1649 4870 1766 4939 είρ-

175 4970 442 5037 γάσαντο,
474 4965 646 5019 ταῦτα
675 4964 839 5036 βουλὴ
872 4963 970 5034 μία
994 4963 1091 5017 καὶ
1122 4962 1341 5032 ἐφάπαξ
1364 4960 1761 5033 κατεπράξατο.

176 5058 257 5113 Δι’
290 5058 321 5111 δ
348 5056 635 5110 εὐϐουλίαν
667 5054 912 5125 προτίμα
942 5052 1315 5124 πολυχειρίας.

248 5257 347 5316 νδ’.
403 5258 668 5329 Προνοίας
720 5259 1013 5328 ἐπίκουρος
1074 5259 1110 5328 ἡ
1171 5258 1452 5328 μετάνοια,
1500 5258 1539 5313 ἃ
1590 5258 1768 5311 τοίνυν

177 5350 404 5416 ἐκείνην
437 5349 649 5403 διέλαθε
688 5351 781 5403 καὶ
811 5349 1067 5403 ἐκπίπτει
1092 5389 1109 5415 ,
1137 5347 1277 5421 αᾶη
1300 5349 1474 5404 ταῦτα
1507 5350 1768 5403 ἐπανελθ-

180 5441 327 5512 μένη
352 5440 687 5512 διορθούσθω
717 5443 811 5496 καὶ
833 5442 1164 5507 διασωζὲτω.

251 5564 351 5611 ve’.
399 5556 458 5609 '0
489 5556 703 5625 φθόνος,
732 5557 882 5629 πάσῃ
908 5558 1007 5629 μὲν
1035 5557 1181 5629 ψυχῇ
1211 5557 1423 5628 μεγάλη
1448 5556 1603 5619 νόσος
1626 5573 1642 5588 ·
1668 5574 1768 5625 με-

173 5652 347 5721 ⁴γίστη
373 5648 453 5713 δὲ,
490 5648 724 5720 μάλιστα
752 5652 866 5714 τοῖς
895 5653 953 5705 ἐν
976 5651 1216 5721 ἐξουσίᾳ.
1264 5650 1501 5720 Ἀνάγκη
1535 5650 1663 5735 γὰρ,
1689 5645 1771 5712 οἷς

176 5743 475 5812 συνεργοῖς
510 5741 695 5812 μέλλει
725 5744 961 5814 χρῆσθαι
993 5744 1089 5799 καὶ
1119 5743 1235 5814 βίου
1270 5744 1366 5796 καὶ
1396 5742 1602 5805 πόλεως
1634 5743 1770 5815 πρὸς

170 5837 558 5909 εὐδαιμονίαν,
588 5839 812 5900 τούτους
841 5838 972 5906 όρᾷν
996 5837 1071 5901 ὡς
1102 5836 1351 5909 ἐχθροὺς,
1378 5837 1465 5893 διὰ
1491 5838 1591 5909 τὴν
1620 5835 1770 5890 ἐνοῦο

1873 4664 2057 4734 potius
2099 4679 2259 4733 quam
2308 4662 2375 4718 ab
2402 4663 2609 4732 impetu
2642 4671 2697 4717 et
2718 4660 2943 4716 fortuita
2975 4660 3095 4730 ejus
3139 4657 3467 4728 operatione

1871 4753 1964 4824 qui
1985 4755 2311 4824 plerumque
2344 4752 2483 4807 solet
2503 4751 2781 4806 aberrare.

1941 4868 2028 4923 55.
2074 4865 2208 4933 Qua:
2254 4866 2552 4920 multorum
2604 4863 2880 4926 manibus,
2928 4868 2985 4915 et
3021 4858 3287 4915 continuo
3325 4872 3464 4927 ope-

1870 4960 2138 5022 rantibus,
2168 4960 2311 5014 haud
2344 4958 2722 5030 perficiuntur,
2754 4955 2844 5009 illa
2859 4953 3022 5008 unico
3039 4951 3268 5006 consilio
3294 4950 3465 5006 unius

1870 5063 1927 5110 et
1970 5053 2139 5108 semel
2174 5061 2295 5107 actu
2344 5059 2601 5106 eventum
2637 5048 2962 5103 sortiuntur.
3009 5045 3203 5114 Itaque
3246 5053 3467 5098 rectum

1869 5145 2161 5199 consilium
2202 5142 2495 5197 multorum
2520 5139 2774 5194 manibus
2800 5135 3137 5208 praetuleris.

1942 5259 2031 5314 54.
2072 5256 2386 5327 Adjuvassit
2430 5254 2753 5326 pcenitentia
2787 5252 3211 5323 providentiam.
3259 5250 3469 5320 Siquar

1871 5349 2033 5421 igitur
2062 5350 2214 5403 illum
2243 5347 2502 5403 latuerint
2536 5356 2592 5402 et
2616 5346 2929 5419 cﬂ'ugerint,
2961 5346 3077 5401 haec
3099 5352 3375 5415 resumpta
3405 5351 3471 5398 et

1870 5440 2153 5495 recollecta
2184 5437 2444 5494 resarciat
2473 5449 2525 5493 et
2555 5445 2871 5492 conservet.

1861 5578 1863 5580 ·
1942 5558 2033 5613 55.
2083 5556 2180 5611 Est
2206 5555 2412 5610 invidia
2459 5554 2839 5623 cujuscunque
2872 5552 3068 5606 animai
3111 5548 3335 5606 morbus
3370 5547 3465 5602 in-

1872 5664 2025 5720 gens,
2057 5648 2152 5703 sed
2192 5663 2303 5718 pra:
2336 5647 2456 5701 aliis
2488 5647 2588 5701 viri
2628 5662 2752 5701 cum
2781 5646 3093 5717 principatu
3118 5641 3462 5699 exsistentis.

1875 5741 2105 5797 Necesse
2150 5741 2297 5795 enim
2342 5740 2505 5794 habet
2531 5739 2651 5794 illos
2698 5749 2954 5809 tanquam
3000 5737 3185 5792 hostes
3232 5734 3460 5799 intueri,

1874 5842 2095 5905 propter
2134 5831 2373 5887 innatam
2414 5833 2544 5901 ipsis
2572 5833 2849 5897 virtutem,
2891 5839 2945 5886 et
2975 5844 3041 5885 cx
3068 5827 3283 5884 insidiis
3308 5826 3465 5884 velut
