3964 6486
440 407 547 472 675

1588 392 1852 456 PHOTI'I
1888 387 2398 454 PATRIARCHAE
2434 389 2542 449 CP.

3613 377 3720 441 6Ἶὸ

445 528 628 580 hostes
673 518 897 583 adoriri,
935 531 1072 587 quos
1103 514 1215 570 vult
1243 522 1298 568 et
1325 514 1485 570 debet
1537 514 1798 569 adhibere
1837 526 2034 582 coope-

2172 529 2235 564 αν
2267 511 2491 582 ἀρετὴν,
2528 507 2622 561 καὶ
2660 503 3031 559 ἐπιϐουλεύειν
3082 502 3158 565 ὡς
3207 500 3519 573 πολεμίοις.
3558 494 3633 552 05
3670 501 3723 552 τί

442 626 630 671 rantes
685 613 754 667 ad
803 627 954 666 suam
999 607 1170 679 ipsius
1217 618 1273 661 ct
1341 606 1652 676 reipublicae
1721 605 2034 660 felicitatem

444 702 904 762 constituendam.
954 698 1071 765 Quo
1119 699 1340 768 quidem
1386 696 1525 752 nihil
1556 697 1638 752 vel
1669 695 2038 768 perniciosius

446 798 532 853 vel
560 795 780 851 stultius
809 807 933 847 esse
958 797 1146 859 queat.

517 889 608 945 56.
655 891 741 942 ln-
769 895 1031 957 quantum
1076 883 1294 938 vitanda
1334 893 1418 939 est
1450 884 1673 951 invidia,
1726 884 1783 939 in
1825 891 2038 939 tantum

446 982 802 1036 annitendum
835 989 894 1033 ut
922 977 1288 1032 invideamur.
1331 977 1400 1030 Et
1430 977 1534 1031 huc
1570 976 1838 1047 imprimis
1884 978 2038 1047 prin-

447 1074 552 1144 cipi
592 1072 871 1136 convenit,
926 1086 1088 1140 quem
1137 1079 1356 1124 nonest
1386 1069 1626 1138 proclive
1683 1069 1962 1125 malevolis
1982 1079 2042 1125 ut

447 1166 666 1221 Iredant.
722 1163 878 1230 Quod
929 1163 975 1216 si
1038 1171 1219 1217 autem
1266 1161 1678 1232 comprimenda
1721 1162 1791 1216 sit
1841 1161 2040 1218 invidia

446 1265 556 1326 (est
582 1257 727 1311 enim
755 1255 934 1310 bellua
964 1255 1144 1308 audax
1173 1254 1443 1324 imprimis
1473 1259 1526 1307 et
1555 1253 1907 1324 versipellis),
1941 1255 2044 1308 im-

449 1352 760 1420 pressiones
821 1348 942 1419 ejus
1009 1348 1230 1402 eludere
1307 1355 1543 1416 oportet,
1608 1361 1716 1401 non
1781 1345 2041 1402 virtutem

450 1441 769 1506 minuendo,
842 1439 939 1495 sed
997 1439 1377 1494 moderatione
1455 1439 1786 1505 animorum,
1838 1448 1893 1494 et
1947 1454 2046 1509 per

451 1535 740 1602 quamdam
792 1533 1215 1588 diminutionem
1271 1531 1811 1601 subtractionemque
1861 1540 2046 1586 ostenv

381 1647 384 1650 ‘
453 1628 605 1682 tandi
649 1635 996 1697 potestatem,
1049 1635 1103 1680 et
1132 1623 1446 1680 declarandi
1497 1623 1941 1694 superioritatem
1989 1622 2046 1677 in

454 1721 621 1775 rebus
650 1735 763 1774 non
800 1719 966 1772 nimis
993 1717 1343 1773 necessariis.

527 1833 612 1887 57.
631 1831 768 1886 Cum
786 1831 1004 1886 sibimet
1029 1829 1130 1900 ipsi
1165 1830 1287 1901 quis
1317 1828 1686 1898 imperaverit,
1707 1837 1818 1882 tum
1848 1844 1907 1883 se
1933 1829 2048 1884 suis

2134 602 2200 656 ἂν
2227 603 2313 673 ετη
2335 597 2723 672 ὸλεθριώσερον
2753 597 2788 668 ἢ
2810 594 3247 667 ἀφρονέστερονς

2207 881 2318 941 νς’.
2344 875 2509 930 ’Ὀσον
2543 875 2599 926 δὲ
2627 873 2706 927 δεῖ
2731 875 2923 942 φυγεῖν
2947 872 3010 924 τὸ
3041 871 3254 942 φθονεῖν
3284 911 3299 934 ,
3331 868 3593 923 τοσοῦτον
3651 867 3735 922 δι-

2136 969 2300 1024 ώκειν
2321 969 2382 1021 τὸ
2405 967 2710 1037 φθονεῖσθαι
2736 967 2946 1037 (29).Ἀ
2957 965 3210 1038 ρχοντιδὲ
3237 963 3474 1035 μάλιστα
3503 962 3734 1033 πρέπει,

2141 1061 2186 1132 ᾧ
2224 1061 2354 1134 μηδ’
2386 1061 2444 1128 ἐξ
2485 1061 2700 1131 ἑτοίμου
2740 1063 2775 1130 ἡ
2816 1059 2926 1114 ἀπὸ
2960 1058 3069 1111 τῶν
3111 1057 3451 1126 φθονούντων
3498 1057 3740 1125 φέρεται

2142 1158 2333 1229 βλάϐη,
2369 1157 2433 1210 El
2454 1156 2534 1208 δεῖ
2558 1154 2613 1207 δὲ
2643 1153 2792 1224 ὅμως
2819 1151 2910 1206 τὸν
2943 1152 3135 1222 φθόνον
3180 1148 3564 1222 περιστέλλειν
3589 1148 3610 1216 (
3633 1163 3740 1198 πο-

2140 1249 2456 1320 λυμήχανον
2483 1245 2591 1318 γὰρ
2617 1247 2710 1300 καὶ
2742 1246 3054 1315 πάντολμον
3083 1243 3145 1297 τὸ
3178 1243 3414 1316 θηρίον),
3463 1241 3571 1294 οὐκ
3601 1241 3742 1310 ἀρε-

2142 1345 2243 1415 τῆς
2273 1342 2589 1406 ἐλαττώσει,
2618 1342 2933 1412 μετριότητι
2961 1341 3018 1394 δὲ
3043 1341 3414 1411 φρονήματος,
3445 1336 3548 1389 καὶ
3574 1337 3745 1404 ἀφαιο

2145 1439 2293 1510 ρέσει
2325 1439 2420 1491 καὶ
2453 1438 2726 1506 περικοπῇ
2757 1435 2858 1505 τῆς
2899 1437 2957 1486 ὲν
2985 1436 3098 1494 τοῖς
3121 1434 3224 1486 οὐκ
3253 1431 3588 1500 ἀναγκαίοις
3617 1431 3743 1481 επι-

2143 1530 2363 1595 δείξεως
2387 1531 2485 1583 καὶ
2511 1526 2830 1593 πλεονεξίας
2847 1568 2864 1594 ,
2897 1525 2998 1591 τὰς
3027 1525 3196 1580 αὐτοῦ
3230 1523 3450 1596 βολίδας
3476 1523 3746 1594 διακρου-

2149 1623 2325 1677 στέον.

2221 1816 2319 1882 νζ.
2362 1818 2531 1870 Ὅταν
2568 1834 2653 1881 τις
2694 1815 2838 1889 ἄρχῃ
2878 1813 3100 1881 ἑαυτοῦ,
3141 1812 3264 1866 τότε
3311 1810 3595 1876 νομιζέτω
3652 1811 3748 1864 καὶ

455 1925 690 1980 subditis
743 1926 1012 1993 imperare
1048 1931 1204 1992 putet
1229 1937 1352 1977 cum
1376 1921 1598 1977 effectu.
1653 1919 1757 1976 Ubi
1792 1920 1939 1975 enim
1972 1921 2048 1976 illi

2172 1909 2258 1962 τῶν
2300 1909 2557 1981 ὑπηκόων
2596 1911 2786 1980 άρχειν
2831 1908 3066 1977 ἀληθῶς.
3099 1907 3270 1960 Ὅταν
3306 1905 3416 1976 γὰρ
3451 1904 3616 1958 ἴδωσι
3657 1903 3747 1993 τὸν

457 2015 698 2069 viderint
727 2029 852 2068 eum
879 2013 970 2084 qui
1004 2013 1135 2083 ipsis
1166 2023 1379 2084 praeest,
1418 2012 1706 2068 all‘cctibus
1736 2012 1850 2068 suis
1874 2013 2049 2083 impe-

2172 2005 2491 2074 φεστηκότα
2526 2002 2763 2074 ἄρχοντα
2801 2002 2992 2056 παθῶν
3034 2003 3129 2056 καὶ⁸
3171 1999 3482 2073 κρατοῦντα
3513 1997 3743 2070 ἡδονῶν,

456 2117 694 2170 rantem,
747 2105 1123 2176 voluptatibus
1181 2106 1575 2172 dominantem,
1623 2106 1856 2160 libenter
1900 2121 1959 2160 se
1997 2117 2052 2160 et

2172 2098 2268 2150 πότε
2299 2096 2451 2166 πόθῳ
2475 2097 2570 2149 καὶ
2596 2095 2812 2158 ἑκόντες
2847 2095 2940 2148 καὶ
2980 2096 3134 2149 αὐτοὶ
3167 2094 3626 2164 ύποταγήσονται
3647 2108 3662 2122 ·
3687 2090 3748 2144 ἂν

456 2214 584 2251 cum
632 2196 906 2251 desiderio
971 2196 1266 2265 subjicient
1330 2196 1562 2266 imperio
1624 2197 1955 2267 ejus:quod
2005 2195 2053 2252 si

2172 2188 2208 2241 is
2249 2187 2576 2258 ἀνδράποδον
2609 2187 2793 2240 ῐδωσιν
2832 2186 3025 2256 ἡδονῆς
3058 2185 3151 2239 καὶ
3198 2184 3391 2239 παθῶν
3415 2224 3431 2250 ,
3459 2183 3747 2254 ἀφόρητον

459 2291 829 2360 voluptatibus
885 2299 940 2344 et
993 2288 1282 2344 atl'ectibus
1344 2291 1457 2345 suis
1509 2290 1716 2345 servire
1769 2289 2051 2356 viderint,

459 2397 618 2437 servo
648 2382 871 2437 subesse
901 2397 1012 2436 non
1055 2382 1357 2453 patientur.

532 2487 621 2541 58.
650 2485 895 2541 Judicem
927 2487 1080 2540 illum
1113 2488 1382 2557 optimum
1441 2488 1731 2554 arbitrare,
1778 2487 2056 2559 quijusti—

461 2579 551 2631 tia:
601 2587 855 2630 naturam
879 2585 934 2631 et
961 2576 1336 2631 conditionem
1374 2578 1660 2632 celerrime
1701 2579 1848 2634 valet
1875 2578 2060 2632 animo

461 2669 904 2738 apprehendere,
961 2676 1018 2722 et
1075 2668 1403 2722 intellectam
1457 2670 1650 2724 ordine
1709 2669 1959 2740 producit
2003 2669 2062 2723 in

463 2769 754 2828 apertum;
802 2759 895 2827 qui
938 2757 1085 2812 celer
1103 2759 1172 2813 ad
1200 2759 1579 2828 opitulandum
1616 2760 1825 2814 accedit
1864 2760 2061 2830 injuria

465 2849 700 2914 allectis,
749 2849 1139 2919 delinquentes
1185 2852 1394 2905 tardius
1437 2852 1630 2922 punit;
1663 2852 1755 2922 qui
1786 2868 1896 2906 non
1938 2867 2063 2905 cor-

469 2942 745 3011 rumpitur
790 2956 946 3006 auro,
995 2955 1100 2996 nec
1146 2940 1365 2996 inﬂatur
1410 2951 1719 3013 potestate;
1752 2943 1843 3013 qui
1898 2944 2068 2998 vincit

471 3030 836 3097 iracundiam,
875 3046 978 3086 nec
1006 3031 1299 3086 clementia
1323 3032 1588 3097 vincitur;
1620 3032 1712 3103 qui
1748 3031 2066 3087 aﬂinitatem

470 3124 666 3188 solam,
723 3122 1042 3188 amicitiam,
1114 3124 1432 3194 popularem
1491 3140 1682 3181 auram
1736 3141 1849 3180 non
1908 3126 2070 3181 aliter

2154 2281 2452 2352 ἡγήσονται
2479 2280 2797 2352 ἀνδραπόδῳ
2832 2279 3104 2334 δουλεύειν
3136 2279 3311 2334 αὐτοί.

2225 2482 2329 2546 νη’.
2361 2477 2619 2546 Ἀριστον
2655 2475 2846 2546 νόμιζε
2888 2474 3151 2544 δικαστὴν
3176 2515 3192 2541 ,
3224 2473 3283 2538 ὃς
3320 2474 3478 2544 τάχει
3529 2481 3637 2544 μὲν
3665 2473 3752 2526 λοο

2157 2567 2375 2638 γισμῶν
2413 2568 2512 2639 τὴν
2542 2567 2636 2621 τοῦ
2665 2567 2875 2621 δικαίου
2908 2566 3074 2638 φύσιν
3109 2565 3354 2638 θηρεύει,
3387 2567 3680 2637 θηρεύσας
3701 2566 3754 2620 δὲ

2162 2665 2260 2717 σὺν
2298 2661 2553 2733 ὀρθότητι
2590 2661 2844 2733 προάγει⁹
2891 2661 2988 2714 καὶ
3021 2660 3232 2732 πρᾶξαι
3278 2663 3377 2731 μὲν
3416 2660 3615 2714 ἄνεσιν
3645 2664 3755 2724 τοῖς

2162 2753 2538 2825 ἀδικουμένοις
2569 2753 2714 2820 ὀξὺς,
2754 2754 2954 2824 βραδὺς
2982 2753 3040 2806 δὲ
3081 2753 3312 2806 κολάσαι
3338 2754 3466 2816 τοὺς
3501 2753 3755 2823 ἁμαρτά-

2163 2865 2351 2910 νοντας
2381 2865 2395 2878 ·
2425 2849 2518 2900 καὶ
2548 2847 2814 2918 κρείττων
2865 2848 2963 2918 μὲν
2994 2846 3244 2918 χρυσίου,
3275 2847 3379 2900 οὐκ
3416 2845 3669 2900 ἐλάττων
3701 2845 3754 2899 δὲ

2164 2941 2514 3005 δυναστείας’
2547 2941 2646 2994 καὶ
2676 2941 2895 3012 κρατῶν
2943 2941 3044 3012 μὲν
3080 2942 3274 3012 ὀργῆς,
3305 2941 3405 3012 οὐχ
3432 2941 3755 3012 ἡττώμενος

2165 3036 2223 3088 δὲ
2251 3035 2583 3106 συμπαθείᾳ·
2621 3038 2716 3089 καὶ
2745 3036 2914 3106 μόνην
2943 3035 3042 3106 μὲν
3074 3035 3406 3104 συγγένειαν
3440 3034 3541 3088 καὶ
3567 3033 3757 3103 φιλίαν

2169 3130 2264 3182 καὶ
2297 3129 2458 3195 δόξαν
2492 3124 2658 3194 οἶδεν,
2703 3131 2763 3182 ὲν
2800 3127 2878 3199 τῷ
2913 3124 3160 3192 δικάζειν
3181 3167 3196 3194 ,
3237 3126 3338 3198 τὴν
3376 3127 3756 3198 δικαιοσύνην

470 3215 717 3285 agnoscit
761 3229 923 3284 quam
955 3230 1080 3268 cum
1103 3215 1311 3286 justitia
1336 3216 1655 3286 judicando,
1687 3217 1864 3272 solum
1916 3218 2058 3290 inju-

2172 3221 2336 3292 μόνην
2364 3221 2422 3274 δὲ
2461 3219 2817 3290 ἀλλοτρίωσιν
2849 3219 2945 3272 καὶ
2987 3217 3190 3290 ἔχθραν
3224 3218 3322 3272 καὶ
3358 3217 3586 3284 ἀδοξίαν
3609 3259 3628 3286 ,
3660 3219 3758 3290 τὴν

469 3305 678 3361 nitiam
708 3321 738 3359 ιι
767 3320 824 3359 se
867 3305 1123 3373 alienam,
1171 3307 1448 3362 inimicam
1497 3308 1600 3364 sibi
1634 3318 1692 3363 et
1737 3308 2065 3381 ignominio-

471 3413 590 3450 sam
621 3396 940 3452 arbitratur.

548 3512 638 3566 59.
677 3512 815 3582 Erga
843 3521 1104 3583 cognatos
1130 3522 1187 3568 et
1218 3512 1409 3570 amnes
1467 3515 1582 3569 noli
1611 3531 1733 3571 esse
1757 3516 2067 3574 abalienato

474 3603 681 3668 animo,
720 3603 823 3657 levi
845 3603 913 3659 de
943 3619 1110 3658 causa
1136 3614 1191 3659 ct
1222 3605 1449 3661 incerta.
1476 3606 1610 3662 Nam
1635 3617 1911 3679 utcunque
1935 3610 2068 3665 sub-

474 3711 599 3751 esse
661 3705 890 3765 possunt
931 3697 1162 3751 latentes
1207 3712 1388 3753 causa:
1438 3715 1560 3769 qua:
1628 3700 1752 3770 jure
1806 3711 2069 3756 excusent

476 3789 869 3855 abalienatum,
903 3789 979 3843 illi
1009 3799 1190 3844 tamen
1213 3791 1414 3860 quibus
1453 3801 1582 3846 sunt
1606 3793 1917 3865 incognita},
1955 3811 2067 3850 non

477 3879 532 3934 in
563 3880 681 3935 illos
711 3880 1010 3951 conjicient
1049 3881 1270 3950 culpam
1314 3881 1756 3949 abalienationis,
1792 3885 1888 3941 sed
1917 3893 2066 3941 tuam

478 3971 815 4027 accusabunt
884 3971 1111 4026 cumino
1167 3972 1440 4028 levitatem
1483 3984 1538 4028 et
1583 3974 1783 4032 mentis
1839 3976 2069 4032 inﬁrmi-

480 4071 670 4118 tatem.

553 4176 642 4232 60.
689 4175 996 4247 Principem
1043 4192 1153 4231 non
1194 4186 1302 4231 tam
1344 4177 1542 4233 excolit
1584 4179 1759 4236 virtus
1796 4181 1985 4236 bellica
2013 4192 2068 4238 et

483 4267 691 4322 salvum
724 4279 965 4339 praastat,
994 4285 1157 4337 quam
1180 4269 1488 4340 benignitas
1517 4280 1573 4326 et
1598 4272 1718 4342 pius
1760 4274 1812 4327 in
1847 4288 2068 4344 compa-

484 4360 676 4413 triotas
719 4359 964 4413 ali‘ectus.
1014 4358 1186 4418 Multi.
1234 4361 1397 4414 rebus
1428 4361 1634 4416 bellicis
1678 4364 1939 4432 praeclare
1963 4364 2065 4418 ad-

492 4452 837 4516 ministratis,
884 4451 1032 4506 domi
1073 4461 1296 4522 propter
1345 4455 1727 4508 truculentiam
1778 4471 1876 4526 per
1937 4471 2066 4512 suos

2165 3314 2400 3369 ἀδικίαν.

2237 3507 2336 3564 νθ’.
2371 3507 2552 3576 Μηδὲν
2576 3508 2676 3579 τῆς
2703 3507 2843 3578 πρὸς
2871 3507 2934 3562 τὸ
2963 3506 3235 3579 ὁμόφυλον
3269 3509 3571 3574 διαθέσεως
3604 3512 3758 3583 εὐχε-

2168 3601 2277 3672 ρῶς
2306 3601 2401 3654 καὶ⁵
2430 3603 2598 3672 χωρὶς
2628 3601 2904 3672 ἐμφανοῦς
2930 3602 3112 3667 αίτίας
3147 3603 3526 3674 μεταϐάλλοις.
3556 3607 3630 3659 Ei
3659 3608 3756 3678 γάρ

2166 3697 2260 3748 καὶ
2289 3695 2758 3750 ὑπολανθάνουσαι
2787 3697 2919 3768 παρ’
2946 3699 3332 3756 αύτῶναίτίαι
3351 3701 3449 3772 τὴν
3483 3701 3637 3771 πρὸς
3669 3703 3746 3756 αὖ·

2165 3786 2291 3848 τοὺς
2322 3785 2625 3859 μεταϐολὴν
2651 3786 2873 3841 δικαίαν
2903 3789 3171 3856 ποιοῦσιν,
3198 3791 3316 3844 ἀλλ’
3349 3788 3443 3845 οὖν
3461 3793 3517 3844 oi
3548 3793 3750 3856 ταύτας

2170 3878 2245 3946 μὴ
2278 3877 2646 3947 συνορῶντες,
2678 3879 2779 3932 οὐκ
2833 3879 3076 3944 ἐκείνους
3121 3882 3454 3936 αἰτιάσονται
3503 3887 3614 3956 τῆς
3669 3886 3756 3952 σῆς

2167 3969 2296 4040 περὶ
2325 3970 2522 4033 αὐτοὺς
2561 3969 2932 4040 ἀλλοιώσεως,
2977 3973 3070 4026 σοῦ
3101 3975 3147 4028 δ’
3175 3975 3491 4047 ἀρρωστίαν
3531 3977 3639 4030 καὶ
3669 3980 3756 4030 εύ-

2165 4062 2386 4135 χέρειαν
2408 4065 2848 4136 κατηγορήσουσι
2871 4068 3119 4138 γνώμης.

2239 4173 2302 4241 ξ’.
2338 4177 2449 4247 Ούχ
2478 4177 2652 4240 οὕτως
2687 4180 2722 4250 ὴ
2755 4181 2812 4233 ἐν
2853 4179 3077 4252 πολέμῳ
3123 4182 3345 4253 ἀνδρεία
3381 4184 3475 4238 τὸν
3511 4185 3758 4257 ἄρχοντα

2165 4271 2364 4339 κοσμεῖ
2413 4270 2508 4322 καὶ
2541 4270 2740 4337 σώζει,
2774 4271 2852 4336 ώς
2884 4275 2918 4344 ἡ
2964 4273 3103 4345 πρὸς
3147 4277 3274 4340 τοὺς
3308 4277 3624 4347 ὁμοφύλους
3668 4282 3758 4334 εὐ-

2170 4361 2358 4431 μένεια
2388 4362 2482 4415 καὶ
2513 4363 2914 4432 φιλανθρωπία.
2951 4365 3143 4420 Πολλοὶ
3173 4367 3283 4435 γὰρ
3312 4368 3592 4439 πολεμίων
3623 4387 3780 4441 κραο·

2165 4454 2467 4525 τήσαντες,
2503 4456 2608 4509 ὑπὸ
2648 4457 2757 4508 τῶν
2788 4457 3006 4510 οἰκείων
3051 4457 3118 4510 δι’
3157 4458 3419 4530 ὠμότητα
3458 4460 3760 4538 διεφθάρη-

483 4540 834 4605 interierunt,
875 4539 1030 4593 multi
1068 4555 1166 4609 per
1193 4556 1322 4594 suos
1360 4543 1559 4596 servati
1588 4543 1885 4610 redierunt,
1926 4561 2058 4616 quos

2172 4563 2303 4600 σαν·
2338 4548 2435 4602 καὶ
2463 4548 2654 4602 πολλοὶ
2684 4549 2837 4620 παρὰ
2869 4549 3066 4622 μικρὸν
3093 4550 3298 4605 ἁλῶναι
3328 4550 3616 4620 πολεμίοις
3644 4571 3759 4606 xw-

486 4636 624 4690 bene
651 4635 896 4706 captivos
930 4632 1176 4688 fecerunt
1205 4633 1428 4689 hostiles
1462 4635 1654 4706 copiae,
1707 4652 1886 4707 neque
1912 4641 2058 4710 enim

485 4733 650 4779 Vitam
675 4725 750 4779 illi
780 4740 934 4780 suam
964 4724 1226 4795 principis
1247 4725 1402 4780 saluti
1432 4727 1809 4796 praetulerunt.

461 5003 463 5005 ι
560 4924 646 4980 61.
687 4927 811 4981 lllos
863 4935 1080 4996 oportet
1145 4941 1272 4981 cum
1334 4929 1654 5000 magistratu
1715 4934 2069 5002 constituere,

490 5017 583 5086 qui
633 5018 889 5073 virtutum
933 5019 1180 5072 omnium
1211 5019 1367 5088 copia
1408 5021 1798 5077 instruuntur:
1830 5026 1975 5095 quod
2026 5027 2071 5081 si

2165 4639 2558 4705 δυνεύσαντες,
2593 4640 2699 4693 ὑπὸ
2737 4642 2844 4695 τῶν
2892 4640 3182 4712 ὁμοφύλων
3229 4641 3606 4710 διεσώθησαν,
3649 4643 3760 4696 οὐδ’

2166 4731 2300 4783 αὐτὸ
2330 4731 2391 4783 τὸ
2429 4730 2528 4803 ζῇν
2558 4732 2698 4803 ὑπὲρ
2728 4734 2828 4804 τῆς
2865 4732 3140 4804 σωτηρίας
3169 4734 3634 4804 προτιμησάντων
3664 4735 3756 4787 τοῦ

2167 4821 2449 4894 ἄρχοντος.

2241 4935 2345 5002 ξω.
2382 4937 2685 5008 ’Λρχοντας
2713 4938 2796 4993 δεῖ
2821 4911 3182 5009 καθιστάναι,
3221 4941 3463 5012 μάλιστα
3485 4940 3616 5011 ῐμὲν
3652 4941 3757 4994 πά-

2169 5047 2292 5092 σαις
2321 5028 2682 5095 πλουτοῦντας
2709 5035 2831 5097 ταῖς
2863 5035 3109 5104 ἀρεταῖς
3143 5037 3192 5087 εἰ
3218 5035 3275 5088 δὲ
3307 5035 3406 5106 μὴ,
3427 5035 3670 5098 πάντως
3694 5050 3756 5102 γε

487 5123 602 5163 non
624 5109 771 5164 omni
802 5109 1028 5173 virtute,
1055 5108 1266 5179 iustitia
1294 5112 1485 5168 saltem
1514 5114 1875 5170 instruantur.
1896 5116 2058 5184 Quid-

2172 5122 2562 5188 δικαιοτάτους.
2590 5125 2698 5178 Καὶ
2719 5125 2830 5198 γὰρ
2877 5127 2914 5182 ὃ.
2933 5130 3044 5191 τοῖς
3069 5129 3298 5199 ἄρχουσι
3325 5131 3754 5201 παρανομεῖται,

2022 5317 2255 5377 ΝΟΤᾹΞ.

566 5493 676 5570 ς29)
719 5497 788 5551 Τὸ
810 5495 1183 5570 φθονεῖσθρι.
1214 5493 1328 5550 lioc
1357 5503 1466 5570 est,
1492 5509 1564 5570 ea,
1585 5512 1765 5570 agere,
1812 5514 1932 5570 qua:
1965 5517 2069 5556 nec

489 5563 697 5639 odimn,
741 5563 842 5622 nec
869 5564 1298 5639 miserationem,
1330 5569 1425 5621 sed
1453 5563 1716 5622 invidiam
1746 5563 2063 5639 procurant,

495 5633 748 5709 nimirum
775 5653 862 5709 res
887 5637 1155 5709 praeclara:
1177 5646 1229 5709 et
1250 5636 1504 5709 illustres.
1536 5633 1776 5709 Καιγάρ
1809 5655 1893 5709 τοι
1915 5633 2066 5704 ὅστις

493 5705 702 5776 τούτοις
732 5705 936 5771 φθονεῖ,
965 5706 1141 5776 inquit
1190 5707 1394 5776 Lysias,
1427 5705 1520 5767 οὓς
1557 5709 1606 5758 οί
1636 5705 1785 5760 ἄλλοι
1831 5708 2063 5775 ἐλεοῦσι,

495 5775 640 5852 τίνος
685 5777 750 5828 ἂν
793 5778 918 5852 ὑμῖν
964 5781 1008 5852 οἱ
1041 5775 1275 5852 τοιοῦτοι
1324 5778 1662 5852 ἀποσχέσθαι
1694 5779 1844 5832 δοκεῖ
1894 5798 2063 5852 πονη-

493 5845 651 5914 ρίας;
676 5845 935 5916 Appositc
967 5849 1170 5905 Statius
1205 5847 1493 5919 Papinius,

2243 5505 2498 5584 Quisnam
2528 5509 2793 5584 impacata
2827 5517 3282 5584 consanguinitate
3309 5515 3504 5568 locavit
3567 5570 3570 5574 .

2244 5577 2542 5657 F_grtuuam
2561 5577 2958 5657 Δίιιιξίιίὶαιίιιμιεὲ
2991 5577 3128 5639 Deus
3159 5587 3248 5657 qui
3265 5586 3426 5654 jussit
3454 5586 3662 5655 iniquus

2242 5647 2523 5702 Etet-num
2553 5651 2750 5705 bellare
2780 5647 2918 5708 Deus
2936 5657 2961 5707 ?
2992 5647 3493 5710 nullaume'notavit

2243 5717 2351 5798 illa
2377 5720 2613 5798 domum,
2651 5733 2795 5776 torvo
2829 5741 2986 5798 quant
3012 5742 3113 5778 non
3141 5728 3250 5780 lucc
3280 5726 3479 5780 lumine
3511 5726 3641 5798 ﬁgat

2238 5788 2511 5858 Protinus,
2538 5802 2584 5845 et
2618 5809 2752 5848 swva
2785 5788 3048 5863 perturbet
3079 5799 3277 5867 gaudia
3307 5788 3514 5852 dextra.
