3964 6442
202 339 301 404 677

1370 342 1911 405 EPlSTOLARUM
1950 344 2183 403 LIBER
2222 344 2250 403 Ι
2258 388 2274 404 .
3381 337 3496 401 678

197 454 373 508 ταῦτα
400 455 464 507 τδ
496 457 651 525 μίσος
696 455 793 509 καὶ
825 455 921 525 τὴν
957 455 1127 528 ὀργὴν
1159 454 1253 508 τοῦ
1293 456 1535 527 πλήθους
1570 457 1649 518 εἰς
1691 453 1782 506 τὸν

1904 453 2015 522 μιΞά
2050 454 2196 507 enim
2238 453 2575 523 deliquerint
2620 451 2993 522 magistratus,
3044 450 3233 505 odium
3282 464 3339 508 et
3404 455 3485 509 ira

196 548 695 618 προχειρισάμενον
724 549 1005 618 ἀναφέρει.

268 723 371 794 EB’.
429 723 769 795 Πολλαχόθεν
820 724 902 778 δεῖ
944 723 1037 778 τὸν
1088 724 1329 796 ἄρχοντα
1373 724 1625 796 θηρεύειν
1672 726 1782 779 τῶν

193 816 457 885 ὑπηκόων
488 816 587 879 τὰς
621 816 846 885 γνώμας
870 856 884 880 ,
922 818 1018 870 καὶ
1058 817 1201 871 οὕτω
1233 823 1512 882 κοινωνοῖς
1543 820 1782 891 χρῆσθαι

191 906 384 972 gata;
422 907 515 958 καὶ
544 908 719 978 ἀρχῆς
749 909 844 961 καὶ¹
890 908 1291 978 βουλευμάτωψ
1331 910 1571 981 πρῶτον.
1607 912 1667 978 ἐξ
1708 908 1783 966 ὧν

190 1000 359 1063 αὐτὸς
390 1000 460 1053 τά
491 1003 632 1054 κατά
659 1002 760 1070 τὴν
789 1001 957 1054 αὑτοῦ
981 1003 1159 1055 οἰκίαν
1187 1005 1478 1075 οἰκονομεῖ·
1504 1004 1782 1076 δεύτερον,

190 1091 253 1154 ἐξ
284 1084 363 1145 ὧν
394 1093 617 1161 γυναικί
656 1110 715 1146 τε
746 1095 850 1149 *καὶ
886 1096 1047 1149 παισὶ
1078 1097 1174 1150 καὶ
1204 1096 1415 1161 δούλοις
1450 1098 1787 1152 συνδιατίθε-

190 1198 321 1234 ται·
354 1183 568 1253 τρίτον,
610 1186 669 1251 ἐξ
700 1180 775 1239 ὧν
804 1186 1069 1257 κέχρηται
1101 1190 1214 1252 τοῖς
1262 1188 1469 1258 φίλοις*
1503 1189 1782 1261 τέταρτον,

191 1272 255 1337 ἐξ
302 1269 381 1327 ὧν
422 1277 559 1347 πρὸς
599 1278 725 1341 τοὺς
763 1282 828 1333 ἐκ
872 1281 1133 1349 γειτόνων
1170 1281 1474 1336 διάκειται·
1516 1283 1612 1336 καὶ
1646 1282 1787 1353 πέμ-

191 1383 356 1431 πτον,
387 1366 448 1431 ἐξ
474 1362 550 1423 ὧν
579 1368 779 1439 ἔχθραν
806 1388 865 1423 τε
894 1372 1214 1443 ἀναδέχεται
1246 1375 1344 1427 καὶ
1373 1372 1666 1446 ἀμύνεται,
1691 1376 1787 1429 καὶ

192 1459 389 1523 πάλιν,
425 1454 508 1521 οἷς
551 1462 903 1517 κατατίθεται
952 1465 1046 1518 καὶ
1103 1464 1410 1520 διαλύεται.
1457 1468 1638 1522 Ἱκανὰ
1676 1469 1788 1540 γάρ

189 1550 376 1606 ταῦτα
404 1551 566 1621 φύσιν
593 1554 786 1623 ἀνδρὸς
817 1560 1223 1629 τεκμηριῶσαι,
1258 1560 1354 1613 καὶ
1381 1560 1553 1626 δεῖξαι
1581 1562 1787 1631 γυμνὸν

196 1646 574 1714 προσωπείου,
616 1648 714 1702 καὶ
754 1652 868 1713 τοῖς
911 1651 1005 1704 ἐπὶ
1036 1654 1242 1724 σκηνῆς
1275 1651 1387 1723 (50)
1442 1651 1788 1723 ὑποκρίσεως

190 1735 290 1787 τὸν
321 1735 614 1806 ἄνθρωπον
648 1739 935 1811 θεωροῦσι.

278 2005 380 2074 ξγ’.
407 2008 544 2062 Τότε
573 2010 767 2081 κριτὴς
797 2009 1020 2082 ἀριστος
1057 2012 1158 2086 ἔσῃ
1186 2013 1298 2068 τῶν
1339 2014 1535 2083 ἄλλων,
1570 2017 1660 2071 ὅτε
1687 2018 1789 2083 τάς

192 2102 404 2158 αύτοῦἱ
471 2104 825 2170 ἐπισκοπῶν,
879 2104 1038 2175 λόγον
1093 2108 1332 2179 ἑκάστης
1380 2110 1631 2181 πράξεως
1684 2112 1791 2165 ὑπὸ

198 2194 470 2248 συνειδότι
505 2198 667 2265 κριτῇ
711 2193 900 2260 δίδως,
953 2196 1048 2249 καὶ
1091 2196 1377 2269 διόρθωσιν
1406 2201 1643 2263 ἐπινοεῖς
1679 2199 1790 2253 τῶν

198 2287 631 2357 ἡμαρτημένων.
703 2288 857 2342 Ἐπεὶ
912 2288 1030 2353 πῶς
1084 2291 1210 2354 τοὺς
1270 2291 1463 2356 ἀλλους
1517 2293 1789 2363 ἐπιτιμῶν

196 2380 297 2432 οὐκ
336 2378 687 2451 ὲρυθριάσεις
710 2422 725 2445 ,
751 2382 837 2451 ἐφ’
871 2377 954 2445 οἷς
993 2384 1157 2447 αὐτὸς
1184 2385 1253 2439 τὰ
1282 2387 1444 2456 ὃμοια
1474 2388 1791 2460 ἐξαμαρτά-

199 2487 307 2533 νεις
333 2488 351 2537 ;
389 2470 509 2534 πῶς
539 2471 594 2523 δὲ
621 2471 863 2536 ἐκείνους
888 2472 992 2527 οῐει
1026 2491 1108 2527 σοι
1160 2476 1495 2546 διατεθῆναι,
1526 2480 1688 2548 ἡνίκα
1734 2482 1792 2533 ὲν

202 2556 276 2624 οἷς
314 2560 617 2614 ὑπεύθυνόν
666 2578 726 2613 σε
779 2562 1125 2634 καθορῶσιν,
1161 2566 1317 2619 αὐτοὶ
1348 2566 1504 2631 δίκας
1533 2569 1795 2641 είσπράτ-

196 2654 391 2707 τεσθαι
421 2652 793 2723 δικαιοῦνται;

272 2838 368 2903 ξδ’.
420 2841 666 2895 Ἐπαίνει
695 2842 795 2907 τᾶς
843 2843 1102 2914 ἀρίστους
1146 2844 1409 2914 πράξεις·
1459 2844 1671 2899 ἐπαίνει
1699 2845 1791 2909 δὲ,

202 2930 280 3001 μὴ
316 2930 464 3000 λόγῳ
518 2932 716 3001 μόνον,
765 2933 902 2988 ἀλλά
946 2935 1015 2988 δι’
1045 2929 1121 2989 ὧν
1162 2936 1326 2999 αὐτός
1360 2954 1419 2988 τε
1451 2937 1685 3006 μάλιστα
1724 2936 1794 2990 τά

198 3025 371 3092 ὃμοια
408 3026 675 3095 πράττοις
697 3067 712 3092 ,
749 3027 844 3081 καὶ
874 3028 941 3081 δι’
980 3021 1055 3082 ὧν
1087 3030 1212 3092 τοὺς
1262 3029 1508 3099 μιμητὰς
1536 3028 1645 3083 τῶν
1679 3027 1791 3082 λοι-

202 3116 330 3168 πῶν
359 3118 694 3189 προκρίνων,
733 3120 987 3191 ἐντίμους
1020 3121 1417 3184 ἀποδεικνύοις.
1447 3120 1520 3173 Τὸ
1553 3123 1651 3193 μὲν
1686 3124 1794 3192 γὰρ

202 3211 301 3263 καὶ
335 3210 446 3264 τῶν
474 3212 766 3282 τυχόντων,
797 3213 858 3267 τὸ
891 3214 948 3268 δὲ
970 3214 1077 3268 τῶν
1102 3214 1293 3285 ἄρχειν
1318 3215 1507 3280 ἀξίων.

276 3304 369 3369 ξε’.
420 3305 646 3377 Προνόει
694 3306 949 3372 πάντων,
981 3307 1091 3361 τῶν
1151 3308 1251 3378 μὲν
1296 3308 1588 3375 ἐπιεικῶν,
1621 3307 1696 3371 ῶς
1726 3307 1793 3361 ἀν

200 3396 425 3467 ἄριστοι
453 3397 745 3466 γένωνται,
788 3398 883 3452 καὶ
910 3398 1009 3469 τῆς
1044 3396 1403 3471 ὀ“φειλομένης
1436 3401 1621 3465 αὐτοῖς
1652 3400 1790 3453 ἀπο-

199 3485 450 3540 λαύσωσι
483 3490 650 3559 τιμῆς
678 3490 773 3543 καὶ
795 3489 889 3543 τοῦ
918 3492 1217 3563 προνομίου
1238 3507 1253 3522 ο
1279 3491 1390 3545 τῶν
1419 3491 1477 3545 δὲ
1507 3492 1583 3562 μὴ
1613 3491 1790 3546 τοιού-

198 3599 350 3647 των,
393 3582 469 3645 ὡς
514 3582 580 3636 ἀν
616 3582 952 3653 βελτιωθῶσι
989 3585 1090 3648 τὰς
1116 3583 1377 3655 γνώμας,
1410 3586 1504 3639 καὶ
1543 3586 1643 3656 τῆς
1683 3586 1792 3642 ἀπὸ

198 3672 316 3724 τῶν
342 3674 526 3743 νόμων
563 3674 835 3745 ῥυσθῶσιν
857 3676 1103 3745 ἀτιμίας.
1138 3675 1310 3730 Τοῦτο
1333 3677 1444 3748 γὰρ
1477 3677 1552 3741 ὠς
1576 3676 1791 3747 ἀληθῶς

200 3764 386 3835 ἀρχῆς
417 3765 643 3835 ἐννόμου
672 3767 768 3819 καὶ
796 3766 1120 3831 ἐπιστασίας
1148 3766 1332 3838 ἔργον.

278 4030 351 4098 ξς
372 4073 386 4086 .
423 4032 535 4097 Τάς
566 4035 704 4107 πρὸς
736 4036 1002 4109 ἀλλήλους
1035 4040 1144 4093 τῶν
1173 4043 1493 4113 ἀρχομένων
1524 4045 1673 4115 ἕρεις
1711 4047 1817 4111 είς”

201 4124 332 4189 τοὺς
378 4124 675 4194 πολεμίους
709 4129 956 4201 τρέπων,
1001 4133 1061 4185 ὲν
1087 4136 1201 4197 τοῖς
1244 4136 1386 4205 ὑπὲρ
1408 4137 1508 4205 τῆς
1534 4139 1793 4210 πατρίδος

199 4216 387 4284 ἀγῶσι
424 4220 705 4289 μετατίθει
727 4238 741 4252 ο
774 4223 1055 4294 τυράννων
1090 4226 1188 4294 μὲν
1216 4228 1347 4299 γὰρ,
1384 4229 1697 4293 στασιάζειν
1723 4233 1794 4286 τὰ

202 4309 424 4381 πλήθηο
477 4312 535 4364 ὲν
574 4313 683 4385 γὰρ
732 4316 799 4387 τῇ
851 4320 1003 4390 κοινῇ
1060 4320 1235 4393 φθορᾷ
1278 4321 1373 4374 καὶ
1400 4323 1713 4399 διχοστασίᾳ
1758 4331 1791 4402 ἡ

198 4404 468 4473 τυραννὶς
498 4404 597 4476 τὴν
632 4406 929 4476 ἀσφάλειαν
958 4411 1073 4483 ἔχει
1097 4430 1111 4443 ο
1146 4414 1406 4487 ἄρχοντος
1435 4416 1491 4470 δὲ
1518 4420 1611 4471 καὶ
1636 4422 1791 4490 βασι-

199 4490 385 4558 λέως,
436 4494 805 4553 ἀστασίαστον
865 4508 1154 4575 συντηρεῖν
1217 4492 1624 4583 τὴνᾌμόνοιαν
1681 4518 1793 4573 τῶν

200 4585 513 4679 ύπηκόωνο
566 4591 626 4643 ἐν
676 4594 786 4663 γὰρ
836 4597 901 4666 τῇ
936 4596 1047 4651 τῶν
1102 4599 1423 4671 ἀρχομένων
1458 4607 1703 4679 σωτηρίᾳ
1732 4610 1794 4663 τὸ

202 4678 415 4751 βάθρον
441 4683 631 4748 αὐτοῖς
661 4685 879 4758 πέπηγε
910 4689 1009 4759 τῆς
1038 4690 1306 4757 ἐξουσίας.

282 4772 385 4837 ξζ’.
441 4773 654 4846 ’Ὠσπερ
692 4778 775 4832 δεῖ
808 4780 899 4834 τὸν
948 4784 1188 4855 ἄρχοντα
1227 4788 1461 4860 φοϐερὸν
1498 4786 1637 4847 εἶναι
1681 4796 1795 4859 τοῖς

200 4866 515 4933 ἀδικοῦσιν,
548 4866 692 4922 οὕτω
736 4872 984 4941 φυλακὴν
1025 4878 1120 4929 καὶ
1155 4880 1457 4947 ἀσφάλειαν
1490 4882 1596 4936 τῶν
1629 4886 1794 4955 μηδὲν

197 4958 565 5027 ἀδικούντων,
608 4962 745 5017 ἀλλά
780 4966 922 5019 κατὰ
948 4969 1075 5032 τοὺς
1106 4970 1304 5041 νόμους
1340 4974 1791 5047 πολιτευομένων.

282 5138 392 5206 ξη¹.
444 5139 583 5208 Τρία
629 5140 776 5195 ἐστὶν
813 5146 872 5196 ἐν
905 5144 1247 5218 ἀνθρώποις,
1276 5152 1548 5224 τιμωρία,
1587 5153 1755 5223 ψόγος
1778 5196 1792 5220 ,

1896 561 1927 599 a
1954 545 2155 615 populo
2183 553 2469 614 concepta,
2504 552 2797 613 caproptcr
2824 543 2877 596 in
2907 542 3029 597 illos
3075 543 3345 599 redundat
3392 561 3490 617 per

1902 654 2041 709 quos
2075 648 2232 692 erant
2252 638 2559 693 constituti.

1954 731 2043 785 62.
2102 729 2284 785 Multis
2314 729 2491 785 modis
2554 728 2857 798 principem
2892 735 3109 797 oportet
3138 727 3485 783 subditorum

1886 832 2103 877 mentes
2159 822 2483 892 explorare,
2523 826 2584 872 ut
2630 817 2923 888 participes
2974 832 3069 871 eos
3114 818 3188 871 ita
3228 818 3493 874 adhibeat

1884 929 2008 968 cum
2044 913 2329 976 amicitiae,
2367 919 2481 966 tum
2533 908 2790 979 imperii,
2826 923 2893 962 ac
2923 909 3085 962 etiam
3131 910 3488 966 consiliorum

1886 1022 2144 1061 suorum:
2212 1021 2403 1061 eorum
2448 1003 2657 1057 scilicet
2711 1001 2980 1070 imprimis
3023 1003 3222 1070 quibus
3276 1004 3335 1058 in
3385 1020 3487 1059 sua

1887 1097 2058 1168 ipsius
2104 1098 2312 1168 privata
2357 1095 2564 1151 familia
2609 1093 2909 1148 ordinanda
2952 1094 3161 1158 utitur;
3218 1098 3484 1162 secundo,

1886 1190 2085 1261 quibus
2155 1190 2272 1260 ipse
2339 1204 2465 1243 cum
2530 1202 2742 1250 uxore,
2806 1186 2993 1239 liberis
3068 1195 3122 1241 et
3191 1188 3366 1241 servis
3425 1204 3489 1243 se

1888 1284 2164 1353 impertit;
2192 1282 2351 1337 tertio
2372 1324 2386 1347 ,
2413 1281 2616 1350 quibus
2637 1280 2810 1334 utitur
2834 1294 2961 1350 erga
2990 1279 3201 1334 amicos
3224 1322 3240 1347 ,
3266 1289 3487 1349 quarto,

1887 1376 2087 1445 quibus
2127 1391 2252 1429 cum
2295 1374 2493 1428 vicinis
2538 1372 2679 1443 agit;
2723 1371 2948 1441 quinto},
2985 1373 3202 1441 {Quibus
3248 1373 3490 1429 inimici-

1888 1467 1997 1522 tias
2033 1476 2289 1529 exercet,
2341 1474 2398 1521 et
2442 1465 2551 1519 vim
2605 1464 2807 1517 illatam
2853 1462 3113 1532 depellit,
3163 1466 3249 1518 vel
3295 1481 3486 1535 pacem

1889 1559 2096 1614 stabilit
2142 1567 2198 1613 et
2240 1556 2771 1612 reconciliationem.
2824 1552 3115 1611 Sufﬁciunt
3165 1564 3349 1611 autem
3382 1558 3486 1612 ista

1890 1650 1956 1704 ad
1995 1658 2247 1704 naturam
2287 1646 2527 1701 hominis
2574 1646 2958 1715 cujuscunque
3012 1646 3485 1716 patefaciendam,

1891 1742 1959 1797 ad
2005 1738 2535 1803 demonstrandum,
2589 1737 2726 1791 nihil
2773 1737 2827 1790 in
2860 1736 2951 1790 illo
2980 1747 3275 1807 praetextus
3298 1782 3316 1804 ,
3348 1739 3488 1793 nihil

1817 1818 1859 1875 Β
1893 1834 2257 1905 hypocrisews
2286 1847 2439 1897 esse,
2471 1830 2782 1901 cujusmodi
2812 1830 2865 1885 in
2896 1846 3063 1886 scena
3092 1832 3271 1886 solent
3292 1832 3487 1887 obser-

1889 1940 2025 1980 vari.

1960 2015 2051 2069 63.
2102 2012 2240 2067 Tum
2282 2012 2548 2083 judicium
2594 2012 2798 2082 optime
2846 2011 2902 2065 in
2976 2011 3116 2065 alios
3163 2011 3487 2077 exercebis,

1889 2122 2014 2163 cum
2049 2115 2170 2160 tuas
2198 2105 2371 2175 ipsius
2400 2105 2643 2159 actiones
2671 2104 3080 2174 contemplatus
3106 2146 3120 2169 ,
3159 2105 3263 2159 sub
3298 2104 3488 2173 judice

1891 2196 2111 2268 propria
2166 2195 2505 2250 conscientia
2551 2194 2985 2262 uniuscujusque
3022 2205 3179 2248 actus
3216 2195 3487 2251 rationem

1890 2289 2167 2360 exegeris,
2204 2296 2260 2341 et
2307 2294 2659 2358 peccatorum
2692 2286 3001 2341 institueris
3051 2286 3480 2340 correctionem.

1893 2380 2175 2450 Siquidem
2228 2379 2377 2433 enim
2422 2378 2558 2433 alios
2624 2377 2668 2431 si
2704 2377 3084 2449 redargueris,
3128 2392 3252 2431 cum
3293 2376 3487 2430 iisdem

1894 2470 2012 2541 ipse
2035 2469 2360 2525 criminibus
2386 2468 2627 2523 tenearis
2652 2506 2666 2529 ,
2698 2482 2926 2523 necesse
2961 2475 3047 2521 est
3078 2476 3138 2521 ut
3165 2467 3487 2535 erubescas.

1893 2562 2180 2628 Quomodo
2221 2577 2412 2615 rursus
2455 2561 2576 2615 illos
2629 2560 2856 2615 allectos
2898 2558 2969 2612 iri
3026 2567 3185 2629 putas
3211 2600 3226 2623 ,
3280 2573 3404 2612 cum
3435 2566 3489 2611 te

1892 2656 1987 2725 qui
2054 2655 2191 2709 nulli
2251 2654 2518 2709 rationem
2595 2653 2826 2707 reddere
2887 2651 3092 2706 teneris
3144 2638 3531 2715 obstrictus,'

1895 2763 2083 2803 severe
2114 2756 2297 2801 tamen
2323 2754 2676 2800 exercentem
2703 2744 2973 2815 judicium
3002 2743 3409 2798 intuebuntur?

1967 2839 2058 2894 64.
2101 2838 2363 2893 Praeclare
2408 2844 2590 2907 gestas
2640 2851 2729 2890 res
2775 2836 3121 2898 collaudato,
3170 2848 3275 2888 nec
3308 2831 3492 2887 verbis

1896 2937 2107 2983 tantum
2138 2926 2482 2990 collaudato,
2525 2925 2621 2979 sed
2658 2926 2776 2995 ipse
2807 2940 2893 2979 res
2941 2924 3141 2994 pariles
3171 2923 3450 2993 Operaudo
3472 2961 3489 2985 ,

1896 3028 1951 3075 et
1983 3020 2103 3074 illos
2132 3019 2255 3073 aliis
2280 3016 2643 3071 anteferendo
2668 3015 3135 3085 honorandosque
3161 3015 3490 3069 declaranda

1843 3163 1862 3184 η
1896 3112 1990 3182 qui
2044 3110 2169 3164 talia
2214 3110 2500 3163 imitantur
2552 3122 2829 3177 :quorum
2888 3107 3121 3160 alterum
3182 3107 3491 3175 cuicunque

1900 3201 2109 3257 homini
2134 3253 2145 3268 ,
2173 3201 2407 3255 alterum
2438 3200 2705 3270 competit
2737 3199 2786 3253 ei
2811 3198 2905 3269 qui
2935 3199 3098 3269 digne
3126 3198 3378 3268 imperat.

1964 3295 2056 3351 65.
2095 3294 2351 3349 Omnium
2419 3293 2648 3346 omnino
2682 3308 2870 3346 curam
2914 3292 3174 3345 adhibeto
3230 3291 3490 3345 modera-

1896 3398 2077 3443 torum
2127 3386 2411 3441 hominum
2434 3425 2450 3446 .
2486 3382 2646 3438 ita’ut
2683 3381 3211 3438 commendatissimi
3254 3381 3395 3446 sint,
3431 3391 3491 3437 et

1893 3483 2059 3553 digno
2089 3480 2222 3551 ipsis
2273 3479 2481 3533 honore
2525 3477 2877 3548 praemiisque
2924 3475 3208 3542 fruantur;
3259 3475 3489 3531 minime

1893 3581 2078 3628 autem
2112 3571 2332 3635 talium,
2376 3571 2432 3625 in
2470 3586 2596 3625 eum
2628 3572 2791 3624 finem
2830 3581 2890 3623 ut
2926 3568 2995 3622 ad
3033 3568 3234 3623 bonam
3276 3570 3488 3639 frugem

1893 3664 2188 3720 dcveniant
2208 3706 2225 3730 ,
2253 3671 2308 3717 et
2334 3663 2606 3716 immunes
2633 3661 2744 3715 sint
2766 3676 2796 3715 a
2826 3660 3003 3731 pomis
3035 3675 3133 3729 per
3163 3660 3311 3730 leges
3339 3660 3485 3713 inlli-

1893 3757 2121 3830 gendis,
2161 3772 2266 3811 nec
2328 3754 2548 3809 infamia
2604 3761 2881 3808 notentur.
2928 3751 3041 3807 lloc
3092 3751 3238 3806 enim
3297 3770 3486 3808 revera

1894 3859 2109 3923 spectat
2146 3848 2215 3904 ad
2250 3847 2483 3903 officium
2507 3847 2627 3917 ejus
2660 3846 2751 3917 qui
2778 3844 3081 3901 secundum
3118 3844 3267 3915 leges
3299 3846 3488 3915 cupiat

1893 3945 2184 4014 imperare.

1969 4037 2058 4091 66.
2102 4033 2453 4089 Subditorum
2503 4030 2625 4085 lites
2661 4029 2718 4083 in
2786 4028 2975 4083 hostes
3038 4026 3287 4089 diverte,
3321 4036 3486 4096 atque

1894 4127 1961 4181 ad
1995 4126 2293 4182 certamina
2324 4138 2424 4194 pro
2462 4122 2635 4192 patria
2670 4121 2953 4176 subeunda
2991 4120 3257 4183 transfer;
3303 4128 3489 4190 tyran-

1894 4222 2080 4275 nicum
2130 4228 2218 4273 est
2256 4217 2516 4287 populum
2544 4215 2611 4269 ad
2663 4214 2961 4269 seditiones
3004 4212 3315 4277 concitare,
3361 4227 3488 4266 cum

1895 4311 2245 4366 securitatem
2286 4324 2440 4363 suam
2478 4306 2689 4378 tyranni
2740 4313 2984 4359 statuant
3025 4305 3078 4357 in
3110 4302 3381 4358 discordia
3434 4314 3491 4358 et

1896 4403 2120 4458 interitu
2163 4400 2442 4472 populari:
2490 4397 2698 4469 regium
2746 4407 2830 4451 est
2874 4406 3093 4463 autem,
3140 4397 3487 4451 subditorum

1818 4496 2245 4561 Dconcordiam
2297 4492 2578 4546 immotam
2625 4504 2981 4555 conservare,
3040 4503 3163 4541 cum
3207 4486 3262 4539 in
3313 4486 3488 4539 salute

1895 4589 2270 4658 subjeCtorum
2293 4582 2582 4655 potestatis
2611 4596 2802 4637 eorum
2828 4581 3061 4635 fulcrum
3095 4586 3390 4634 statuatur.

1968 4787 2059 4842 67.
2102 4784 2365 4853 Princeps
2406 4791 2462 4837 ut
2483 4782 2749 4836 adversus
2786 4777 3019 4848 injustos
3068 4773 3327 4830 terribilis
3363 4788 3487 4829 esse

1896 4880 2097 4946 debet,
2129 4879 2200 4933 ita
2227 4874 2531 4933 custodiam
2561 4873 2841 4943 suscipere
2864 4872 3219 4926 innocentum
3244 4876 3484 4938 oportet,

1901 4984 1957 5029 et
1997 4989 2093 5031 eos
2138 4971 2230 5043 qui
2287 4968 2588 5025 secundum
2636 4967 2783 5038 leges
2838 4967 3030 5019 vivunt
3084 4972 3261 5018 sartos
3317 4969 3488 5017 tectos

1902 5075 2182 5135 praestare.

1980 5158 2070 5213 68.
2142 5157 2256 5211 fria
2314 5164 2444 5211 sunt
2496 5167 2618 5224 qua;
2672 5158 2899 5222 tangunt
2968 5146 3259 5212 homines,
3305 5159 3486 5216 ptena,

1491 5310 1729 5367 VARUE
1790 5312 2199 5370 LECTIONES.

283 5462 301 5514 i
346 5463 384 5518 Ι.
421 5463 491 5516 τὰ
521 5465 736 5520 σαυτοῦ.

1728 5574 1962 5633 NOTAE.

286 5697 406 5768 (⁸50)
450 5695 725 5768 Καὶ-τοῖς
762 5695 861 5748 ἐπι
892 5696 1163 5768 μανίην-ῆς.
1209 5695 1410 5768 ,ιηρριθ
1470 5692 1793 5768 lectj0._l.e-

196 5765 455 5841 gendum
479 5774 534 5841 et
561 5765 1025 5841 distinguendum,
1049 5766 1267 5841 unici];
1289 5767 1396 5818 ἀπὸ
1426 5765 1631 5841 σκηνῆς
1653 5765 1794 5841 ’ἀπο-

199 5835 455 5913 κρίσεως
481 5836 573 5891 τὸν
604 5836 748 5903 ἀνθ.,
781 5847 883 5892 etc.
904 5837 1162 5904 Sequenti
1197 5846 1330 5892 sect.
1366 5835 1787 5902 restituendum,

1901 5698 2034 5751 Ὅτε
2064 5697 2163 5761 τὰς
2195 5696 2390 5750 ἑαυτοῦ
2438 5696 2756 5751 ἐπισκοπῶν
2794 5690 3022 5765 πράξεις
3063 5686 3221 5755 λόγον
3248 5682 3485 5753 έκάστης

1900 5770 2004 5822 ὑπὸ
2038 5770 2322 5835 συνειδότι,
2356 5779 2466 5824 etc.
