3964 6444
470 348 576 411 679

464 463 801 534 vituperium
826 505 844 530 ,
870 463 993 520 laus
1015 505 1031 530 .
1067 465 1162 520 sed
1193 472 1248 520 et
1271 463 1532 534 insuper,
1569 461 1613 516 si
1643 461 1844 531 placet,
1875 459 2049 514 bene-

465 557 705 613 licentia.
736 556 901 622 Poena
929 558 1079 630 digni
1106 567 1235 614 sunt
1269 557 1478 611 inimici
1502 572 1518 621 ;
1547 554 1824 624 vituperio
1847 594 1866 618 ,
1898 553 2050 607 cives

463 648 555 718 qui
587 648 896 704 exorbitant
947 648 1003 702 in
1035 647 1398 718 quibusdam;
1446 645 1700 702 laudandi
1751 650 1807 698 et
1839 642 2050 699 beneﬁ-

463 740 563 794 ciis
604 740 956 805 cumulandi,
1001 741 1094 810 qui
1139 742 1302 796 rebus
1339 740 1481 795 bene
1523 739 1689 811 gestis
1719 737 2046 792 inclaruere.

463 831 620 897 Quod
655 835 698 887 si
737 832 858 902 quis
891 849 957 889 eo
1019 834 1398 905 progreditur,
1441 842 1501 887 ut
1527 848 1648 903 quae
1679 833 1866 887 hostes
1900 830 2050 886 face-

463 933 607 982 rent.
646 933 702 978 et
735 925 852 994 ipse
888 925 1120 989 audeat,
1147 941 1350 994 eosque
1378 923 1642 987 imitetur,
1677 923 1916 994 hostium
1958 921 2049 975 ille

461 1032 684 1086 ptenam
730 1017 785 1070 in
835 1031 894 1071 sc
939 1017 1218 1070 transfert.
1266 1015 1422 1081 Quod
1475 1017 1518 1069 si
1570 1016 1695 1084 quis
1753 1013 2049 1068 mutaverit

462 1108 712 1163 ordinem
747 1124 906 1161 suum
947 1118 1001 1162 et
1036 1108 1216 1162 locum
1252 1109 1308 1160 in
1343 1121 1452 1176 quo
1487 1106 1877 1171 constituitur,
1903 1105 2045 1160 ultra

461 1201 622 1255 etiam
660 1202 842 1256 hostes
874 1201 1131 1255 inimicus
1168 1202 1454 1255 habendus
1487 1200 1822 1269 reipublicm.
1855 1198 2046 1254 Prodi-

461 1303 545 1347 tor
568 1305 673 1358 est,
702 1293 793 1363 qui
821 1293 1104 1347 beneficiis
1135 1292 1350 1347 hostem
1382 1291 1568 1348 allicit.
1594 1291 1882 1347 Civitatem
1917 1306 2044 1362 per-

458 1386 558 1449 dit,
619 1385 709 1454 qui
750 1386 1008 1440 laudibus
1052 1385 1331 1455 improbos
1360 1383 1591 1446 attollit;
1631 1398 1758 1438 nam
1795 1383 1942 1439 cives
1973 1385 2043 1439 ad

457 1479 598 1532 male
637 1479 912 1548 agendum
961 1477 1227 1532 stimulat.
1275 1475 1332 1530 In
1372 1491 1535 1544 quam
1576 1475 1750 1544 ipsam
1786 1474 2044 1529 deformi-

458 1577 626 1623 tatem
669 1569 948 1622 civitatem
985 1578 1042 1623 et
1074 1567 1123 1622 is
1155 1567 1378 1623 adducit
1414 1567 1508 1636 qui
1542 1575 1691 1620 recte
1723 1565 2041 1620 incedentes

455 1660 772 1715 inhonorat.

527 1751 617 1806 69.
674 1750 902 1806 Dillicile
957 1749 1179 1820 quidem
1223 1759 1430 1806 metum
1473 1749 1645 1806 amori
1702 1747 2033 1804 immiscere.

456 1846 722 1898 Amantes
754 1843 902 1898 enim
943 1844 1170 1898 omnino
1205 1853 1334 1898 sunt
1362 1844 1569 1914 absque
1605 1851 1793 1897 metu:
1821 1841 1914 1911 qui
1966 1841 2034 1896 ti-

454 1949 607 1988 more
657 1935 1065 2004 percelluntur,
1121 1950 1306 1988 amare
1357 1935 1572 1989 nolunt.
1626 1934 1693 1987 At
1739 1942 1798 1986 tu
1856 1942 2040 1986 tamen

454 2028 668 2082 divide:
700 2037 859 2098 teque
888 2027 964 2082 ita
986 2043 1239 2096 compara
1274 2035 1332 2082 ut
1359 2043 1514 2082 ames
1542 2026 1817 2096 optimos;
1859 2040 2040 2095 neque

453 2120 600 2173 enim
635 2119 725 2172 hic
759 2133 898 2188 opus
927 2128 1013 2173 est
1041 2119 1150 2173 ullo
1189 2128 1358 2172 metu.
1393 2118 1656 2188 Reliquos
1685 2131 1916 2171 necesse
1954 2125 2041 2171 est

452 2221 603 2266 metu
659 2222 901 2275 terreas,
957 2221 1016 2266 ut
1071 2228 1103 2266 a
1154 2213 1295 2267 male
1344 2214 1554 2285 agendo
1611 2229 1671 2268 se
1705 2213 2037 2268 abstineant.

451 2303 698 2358 Metuent
757 2319 956 2374 porro,
1008 2305 1052 2359 si
1102 2313 1155 2360 te
1206 2306 1427 2360 videant
1461 2304 1698 2361 'semota
1758 2305 2038 2359 iracundia

451 2395 791 2465 punientem,
817 2404 873 2450 et
905 2404 1167 2467 tanquam
1205 2407 1490 2467 parentem
1525 2396 1947 2461 informantem;
1990 2395 2038 2450 si

453 2497 504 2542 te
528 2487 973 2543 animadvertant
1002 2489 1228 2544 minime
1255 2488 1447 2544 libenti
1473 2489 1658 2543 animo
1686 2487 2032 2558 punientem,

452 2581 615 2636 rebus
643 2589 828 2635 autem
857 2581 1102 2637 adversis
1127 2590 1182 2636 et
1209 2582 1528 2637 infortuniis
1549 2582 1669 2636 sine
1698 2581 1881 2650 aliquo
1907 2594 2041 2650 pra:-

452 2683 604 2730 textu
627 2718 642 2743 ,
678 2676 926 2739 sincere.
958 2691 1118 2746 opem
1146 2675 1434 2732 ferentem.

529 2765 615 2821 70.
639 2763 742 2831 Qui
771 2776 983 2820 natura:
1004 2767 1151 2821 dona
1181 2767 1238 2819 in
1258 2765 1659 2836 improbitatem
1688 2772 2036 2831 convertunt,

451 2867 507 2911 et
538 2874 649 2912 non
682 2859 750 2913 ad
776 2859 1037 2913 auxilium
1070 2859 1378 2913 vicinorum
1400 2899 1415 2921 ,
1445 2874 1569 2913 cum
1603 2867 1855 2912 naturam
1885 2872 2039 2928 sper-

451 2959 622 3012 nunt,
667 2959 782 3006 tum
827 2949 1088 3005 creatoris
1129 2966 1258 3021 erga
1305 2951 1452 3021 ipsos
1499 2949 1934 3005 muniﬁcentiam
1981 2949 2037 3004 in

451 3043 842 3097 contumeliam
865 3042 1065 3114 ingrati
1099 3051 1443 3113 pervertunt.

523 3241 613 3296 71.
641 3239 1116 3308 Quemadmodum
1146 3246 1304 3308 turpe
1333 3246 1419 3292 est
1452 3245 1508 3292 et
1540 3237 1847 3302 sordidum,
1875 3239 2037 3309 plane

452 3332 756 3404 plebeculis
812 3332 880 3387 ad
937 3331 1277 3386 voluntatem
1329 3331 1726 3398 obsecundari,
1779 3339 1835 3386 et
1873 3333 2038 3387 nimis

452 3424 793 3496 familiariter
818 3440 876 3478 se
900 3439 1124 3496 gerere:
1162 3426 1239 3480 ita
1269 3424 1541 3480 lubricum
1571 3433 1655 3479 est
1683 3433 1738 3479 et
1767 3424 2038 3495 periculo-

453 3534 604 3579 sum.
641 3517 1061 3589 superciliosum
1093 3533 1311 3588 semper
1337 3526 1394 3572 et
1434 3517 1703 3572 tumidum
1742 3533 2035 3588 apparere.

454 3609 869 3665 Extremitatem
927 3624 1056 3680 ergo
1104 3619 1393 3680 utramque
1451 3608 1639 3682 fugere
1689 3617 1933 3679 oportet,
1982 3615 2038 3662 et

454 3701 693 3754 medium
726 3709 986 3771 tanquam
1016 3700 1276 3756 virtutem
1315 3701 1654 3767 consectari,
1691 3716 1819 3756 suas
1855 3709 2037 3771 partes

451 3795 652 3864 cuique
682 3795 912 3865 tempori
948 3810 1218 3866 congruas
1249 3795 1556 3850 tribuendo.

527 3886 614 3940 72.
650 3887 1031 3942 Juramentum
1061 3887 1326 3958 proclive,
1358 3887 1659 3958 perjurium
1699 3895 1786 3941 est
1813 3895 1962 3941 stans
1979 3886 2035 3941 in

459 3979 767 4047 procinctu.
807 3979 971 4035 Certe
1011 3994 1116 4034 nec
1157 3994 1340 4034 mores
1382 3979 1522 4034 bene
1561 3979 1890 4034 constitutos
1932 3993 2036 4032 nec

450 4070 696 4124 animum
730 4071 889 4125 decet
913 4086 1239 4142 generosum
1266 4111 1280 4135 ,
1309 4071 1514 4140 jurare.
1554 4070 1647 4125 Vir
1673 4071 1874 4125 etenim
1908 4086 2034 4140 gra-

451 4162 535 4215 vis
583 4172 638 4216 et
687 4163 1066 4234 magnanimus
1119 4162 1396 4232 pudefiet,
1443 4163 1488 4217 si
1519 4162 1688 4217 verba
1734 4178 1829 4217 sua
1869 4162 2031 4216 fidem

451 4270 560 4308 non
592 4264 908 4308 mereantur
941 4255 1149 4324 absque
1173 4254 1508 4324 iuramento,
1545 4264 1601 4309 et
1629 4254 2031 4310 conversationi

449 4361 567 4400 suae
612 4347 871 4416 iniuriam
923 4346 1098 4400 inuri:
1143 4347 1216 4400 ita
1275 4356 1339 4400 ut
1385 4346 1738 4415 conjunctum
1787 4346 1860 4400 sit
1904 4361 2027 4401 cum

453 4439 689 4493 utilitate
713 4447 770 4492 et
793 4448 976 4493 nostra
1006 4453 1136 4493 cura
1157 4479 1172 4505 ,
1195 4438 1338 4509 quod
1374 4439 1492 4510 lege
1518 4439 1700 4495 divina
1740 4438 2026 4508 prohibea-

453 4549 572 4587 mur
601 4532 825 4586 omnino
842 4532 1049 4602 jurare.

520 4625 605 4680 75.
627 4624 1020 4679 Beneficiorum
1049 4639 1266 4693 semper
1296 4637 1510 4676 memor
1527 4631 1676 4687 esto;
1708 4639 1830 4694 qua:
1857 4625 2028 4681 bene-

451 4717 645 4772 feceris
663 4718 849 4772 statim
867 4717 1126 4771 oblivioni
1144 4715 1314 4770 trade.
1332 4715 1468 4770 Illud
1487 4716 1631 4770 enim
1649 4716 1951 4772 bonitatem
1973 4727 2031 4773 et

447 4810 779 4879 probitatem
806 4809 972 4864 animi
1004 4808 1230 4873 indicat,
1256 4809 1362 4862 hoc
1387 4818 1572 4862 autem
1595 4811 2029 4879 magnitudinem

445 4909 508 4954 et
531 4903 852 4970 puritatem;
879 4901 1011 4955 dum
1034 4916 1232 4970 purum
1254 4900 1418 4954 etiam
1448 4911 1666 4970 praestat
1683 4901 2026 4957 beneﬁcium.

525 4991 611 5046 74.
658 4992 928 5047 Beneficia
971 4992 1290 5063 exprobrari
1340 4992 1426 5047 vel
1464 4991 1824 5048 infortunium
1841 4995 2025 5062 alicui,

447 5093 507 5140 et
535 5084 812 5139 levitatem
829 5085 1035 5140 indicat
1056 5095 1114 5140 et
1141 5085 1621 5141 inhumanitatem.

525 5175 612 5230 75.
635 5175 810 5230 Fraus
848 5191 1064 5246 semper
1104 5177 1393 5247 profitetur
1426 5175 1897 5232 imbecillitatem:
1933 5178 2028 5233 sed

451 5267 644 5322 eadem
703 5281 830 5336 erga
895 5268 1102 5322 amicos
1163 5267 1406 5321 adhibita
1463 5273 1765 5322 extremam
1824 5268 2031 5326 indicat

453 5358 756 5428 nequitiam
799 5367 853 5413 et
904 5373 1170 5412 summam
1222 5359 1623 5428 improbitatem
1666 5361 1947 5416 :adhibita
1973 5363 2027 5416 in

455 5451 643 5505 hostes
684 5459 742 5506 et
783 5449 1059 5514 inimicos,
1118 5450 1282 5504 etiam
1341 5450 1695 5520 improvidos,
1718 5468 1827 5507 non
1871 5454 2030 5526 longe

452 5545 570 5598 abit
621 5559 655 5598 a
703 5550 1110 5613 stratagemate.
1169 5541 1425 5597 Tractatu
1488 5552 1670 5598 autem
1729 5545 1916 5602 habito
1961 5549 2030 5605 de

1609 341 1875 404 ΡΙΙΟἸῚΙ
1907 339 2416 404 ΡΛΤΒΙΑΒΟΗἉΕ
2452 346 2560 406 CP.

2078 461 2125 520 Δ
2159 458 2403 527 ἔπαινος,
2435 465 2483 516 εί
2514 462 2690 533 βούλει
2719 464 2798 530 δέ,
2835 465 2932 520 καὶ
2959 465 3252 537 εὐεργεσία
3276 482 3291 498 ·
3323 465 3462 521 ἀλλά
3495 468 3600 538 τῆς
3640 470 3738 538 μὲν

3631 350 3740 417 680

2135 555 2202 606 ὀί
2237 553 2484 625 πολέμιοι
2515 557 2690 623 ἄξιοι·
2727 557 2898 627 ψόγου
2927 557 3007 622 δέ,
3041 559 3090 610 οἱ
3138 558 3334 629 μέτρια
3361 559 3473 612 τῶν
3499 557 3738 613 πολιτῶν

2152 646 2563 719 ἁμαρτάνοντες
2587 667 2603 682 ο
2640 651 2865 704 ἐπαίνου
2897 651 2953 704 δέ
3004 651 3100 704 καὶ
3132 650 3454 720 εὐεργεσίας
3475 693 3491 716 ,
3520 651 3571 704 οἱ
3622 652 3739 704 δια-

2153 739 2409 812 φέροντες
2436 742 2850 814 κατορθώμασι.
2889 745 2950 798 El
2978 744 3036 797 δέ
3077 761 3162 808 τις
3193 747 3273 807 εἰς
3311 744 3410 815 τὴν
3437 744 3547 799 τῶν
3577 743 3741 797 πολε-

2156 835 2294 904 μίων
2326 836 2534 907 τόλμαν
2575 837 2666 890 καὶ
2698 837 2932 908 μίμησιν
2976 835 3256 906 ἐξαχθείη,
3298 837 3461 899 αὐτὸς
3509 836 3608 891 καὶ
3636 835 3740 905 τὴν

2151 928 2384 980 ἐκείνων
2405 928 2600 998 ποινὴν
2626 927 2707 989 είς
2735 926 2925 980 ἑαυτὸν
2956 925 3300 995 ἐπιστρέφει.
3348 925 3407 978 ’θ
3427 925 3484 978 δέ
3513 943 3568 978 τι
3606 924 3736 978 τού-

2149 1037 2258 1073 των
2307 1019 2570 1089 ἀμείϐων,
2619 1021 2713 1072 καὶ
2742 1019 2841 1089 τὴν
2880 1018 3123 1082 διάταξιν
3165 1017 3547 1081 ὲπαλλάσσων,
3576 1008 3738 1080 οὗτος

2149 1109 2344 1182 ἐχθρὸς
2371 1110 2472 1180 τῆς
2497 1109 2774 1173 πολιτείας
2803 1109 2965 1161 πλέον
2988 1109 3021 1178 ἢ
3043 1111 3094 1162 οἱ
3137 1107 3408 1177 πολέμιοι.
3439 1108 3510 1160 ’Ὀ
3537 1123 3600 1158 τε
3623 1105 3740 1176 γὰρ

2146 1206 2275 1266 τοὺς
2357 1203 2653 1272 πολεμίους
2705 1201 3033 1272 εὐεργετῶν,
3068 1201 3337 1272 προδότης
3364 1215 3377 1228 ·
3424 1199 3453 1253 ὃ
3499 1215 3562 1252 τε
3604 1197 3740 1262 τοὺς

2147 1297 2390 1368 φαύλους
2424 1295 2689 1358 ἐπαινῶν,
2717 1294 2819 1366 τὴν
2854 1295 3008 1347 πόλιν
3043 1293 3370 1362 ἀνατρέπει·
3402 1293 3496 1346 ἐπὶ
3528 1293 3738 1346 κακίαν

2145 1392 2256 1460 γὰρ
2283 1388 2594 1461 παρακαλεῖ
2623 1388 2751 1450 τούς
2779 1387 3003 1450 πολίτας
3022 1401 3040 1417 ⁸
3065 1388 3160 1440 καὶ
3191 1387 3220 1439 ό
3244 1385 3373 1449 τούς
3398 1382 3738 1456 κατορθοῦν-

2144 1498 2243 1544 τας
2286 1482 2361 1552 μὴ
2401 1480 2580 1552 τιμῶν
2603 1521 2618 1544 ,
2655 1481 2738 1545 είς
2775 1479 2873 1551 τὴν
2906 1478 3078 1550 αὐτὴν
3115 1479 3391 1548 ἀκοσμίαν
3425 1477 3526 1548 τὴν
3571 1477 3736 1530 πολι-

2142 1577 2296 1631 τείαν
2327 1575 2718 1648 καταστρέφει.

2216 1753 2313 1820 ξθ’.
2344 1753 2595 1807 Χαλεπὸν
2637 1752 2735 1824 μὲν
2781 1752 2946 1822 φόϐον
2984 1751 3178 1824 ἀγάπῃ
3219 1750 3472 1822 κεράσαι.
3517 1750 3586 1804 Ol
3617 1751 3734 1819 γὰρ

2145 1847 2428 1917 φιλοῦντες
2475 1846 2552 1909 ὡς
2577 1845 2783 1898 ἐπίπαν
2822 1844 2882 1897 τὸ
2915 1843 3033 1907 δέος
3061 1844 3162 1896 οὐκ
3198 1842 3403 1912 έχουσι,
3434 1842 3530 1896 καὶ⁵
3553 1843 3605 1896 οἱ
3640 1842 3734 1894 δε-

2141 1940 2316 2003 διότες
2350 1940 2527 2008 φιλεῖν
2567 1939 2668 1990 οὐκ
2719 1937 2987 1991 ἐθέλουσι.
3022 1937 3095 1990 Σὺ
3143 1935 3200 2013 δὲ
3237 1934 3415 1988 δίελε·
3457 1933 3554 1987 καὶ
3597 1933 3731 1995 τοὺς

2143 2034 2244 2104 μὲν
2293 2032 2553 2104 ἀρίστους
2585 2030 2762 2102 φιλεῖν
2811 2028 3232 2100 παρασκεύασον
3255 2043 3269 2057 ⁸
3313 2027 3466 2080 οὐδὲν
3502 2025 3614 2095 γὰρ
3645 2025 3736 2078 δεῖ

2137 2126 2290 2189 δέους
2319 2126 2411 2177 ἐπὶ
2439 2127 2551 2188 τοῖς
2585 2123 2870 2186 τοιούτοις.
2900 2121 3040 2186 Τοὺς
3069 2122 3116 2175 δ’
3153 2121 3350 2184 ἄλλους
3376 2120 3594 2191 ἀνάγκη
3621 2135 3728 2188 φο-

2143 2218 2280 2282 ϐεῖν,
2325 2219 2410 2272 ἴνα
2461 2218 2570 2271 τῶν
2619 2215 2842 2286 φαύλων
2873 2215 3169 2286 ἀπέχονται
3192 2214 3242 2269 ιι.
3290 2214 3626 2286 Φοϐήσονται
3665 2212 3732 2266 δὲ

2138 2314 2312 2383 χωρὶς
2343 2311 2554 2382 μίσους,
2607 2310 2674 2364 ἂν
2707 2310 2783 2379 μὴ
2821 2309 2938 2380 μετ’
2982 2307 3149 2379 ὀργῆς
3177 2305 3348 2377 ὁρῶσι
3394 2306 3729 2370 κολάζοντα,

2138 2405 2256 2460 ἀλλ’
2291 2405 2366 2468 ὡς
2399 2405 2613 2475 πατέρα
2661 2401 3009 2463 παιδεύοντα,
3038 2401 3134 2455 καί¹
3163 2403 3220 2455 ἐν
3252 2401 3350 2471 μέν
3396 2400 3508 2463 τοῖς
3534 2399 3733 2470 ἀμαρ-

2137 2498 2380 2567 τήμασιν
2419 2495 2516 2566 οὐχ
2547 2494 2720 2564 ἡδέως
2765 2491 3200 2570 τιμωρούμενον,
3239 2492 3298 2544 ἐν
3325 2491 3382 2544 δέ
3413 2492 3534 2554 ταῖς
3578 2507 3729 2560 συμ-

2140 2591 2336 2659 φοραῖς
2382 2588 2478 2642 κάὶ
2519 2589 2634 2650 τοῖς
2663 2585 3074 2657 δυστυχήμασιν
3120 2584 3551 2656 ἀπροφασίστως
3595 2583 3729 2634 ἐπι-

2138 2698 2234 2734 κου
2243 2682 2359 2751 ρεῖν
2384 2677 2861 2751 προθυμούμενον.

2211 2779 2274 2826 o'.
2327 2773 2391 2826 Οί
2442 2770 2716 2842 χρώμενοι
2757 2771 2872 2832 τοῖς
2903 2769 2969 2823 ἐκ
3000 2769 3216 2837 φύσεως
3246 2768 3725 2839 πλεονεκτήμασιν

2139 2865 2222 2929 εἰς
2248 2863 2520 2934 πονηρίας
2549 2860 2878 2934 ὑπηρεσίαν,
2905 2861 3043 2916 ἀλλά
3073 2860 3150 2932 μὴ
3177 2860 3314 2932 πρὸς
3339 2861 3438 2930 τὴν
3451 2860 3562 2912 τῶν
3581 2859 3725 2928 πλη-

2141 2959 2256 3011 σίον
2277 2956 2620 3029 εὐεργεσίαν,
2651 2948 2800 3010 οὗτοι
2824 2953 2919 3007 καὶ
2942 2954 3039 3024 τὴν
3066 2953 3232 3021 φύσιν
3257 2949 3600 3021 φαυλίζουσι,
3626 2949 3728 3002 καὶ

2137 3049 2217 3120 τῷ
2239 3049 2574 3120 Δημιουργῷ
2619 3048 2717 3118 τὴν
2743 3049 2872 3116 περὶ
2894 3047 3093 3108 αὐτοὺς
3119 3043 3434 3114 φιλοτιμίαν
3457 3044 3538 3107 είς
3561 3040 3728 3112 ὓϐριν

2061 3169 2109 3232 c
2141 3145 2238 3198 καὶ
2269 3143 2598 3215 ἀχαριστίαν
2625 3141 3068 3212 περιτρέπουσιν.

2211 3263 2310 3322 oat',
2361 3257 2572 3328 Ὠσπερ
2619 3255 2844 3326 αἰσχρὸν
2883 3253 2980 3308 καὶ
3011 3251 3305 3314 ταπεινὸν,
3353 3249 3492 3321 πρὸς
3527 3248 3728 3321 ἡδονὴν

2137 3349 2348 3419 ὁμιλεῖν
2371 3348 2451 3419 τῷ
2480 3346 2699 3417 πλήθει,
2739 3344 2912 3409 οὓτως
2937 3344 3278 3398 ἐπικίνδυνον
3303 3342 3397 3396 καὶ
3425 3341 3725 3412 σφαλερὸν,

2138 3444 2228 3498 ἀεὶ
2270 3442 2667 3514 σοϐαρεύεσθαι
2718 3441 2813 3495 καὶ
2855 3439 3163 3512 ὑπέρογκον
3191 3439 3442 3509 ὁρᾶσθαι.
3477 3439 3571 3491 Δεί
3610 3455 3726 3491 τοι·-

2139 3535 2345 3606 γαροῦν
2399 3535 2662 3604 ἑκάτερον
2708 3533 2878 3605 ἀκρον
2930 3532 3203 3603 φυγόντα,
3243 3531 3320 3595 ὡς
3365 3532 3594 3600 ἀρετὴν,
3625 3530 3727 3600 τὴν

2141 3626 2416 3696 μεσότητα
2447 3623 2667 3678 διώκειν
2688 3665 2703 3693 ,
2735 3624 2829 3677 καὶ
2857 3625 3071 3696 καιροῖς
3119 3621 3270 3685 ἰδίοις
3312 3621 3374 3674 τὸ
3406 3617 3724 3694 πρόσφορον

2135 3716 2452 3788 ἀπονέμειν.

2205 3898 2305 3969 οβ’.
2337 3895 2626 3967 Προπετὴς
2651 3895 2835 3968 ὅρκος,
2862 3894 3154 3966 πρόχειρος
3186 3893 3458 3964 ἐπιορκία.
3508 3893 3722 3957 ’Ἄλλως

2134 4005 2193 4041 τε
2226 3988 2284 4041 δὲ
2321 3987 2417 4040 καὶ
2447 3987 2509 4040 τὸ
2536 3985 2760 4056 ὀμνύειν
2793 3986 2954 4050 ὅλως,
2981 3986 3147 4056 ἤθους
3173 3987 3274 4039 οὐκ
3302 3980 3359 4038 εὖ
3383 3983 3684 4056 βεϐηκότος
3702 4022 3720 4048 ,

2133 4078 2253 4132 οὐδὲ
2279 4078 2628 4150 φρονήματος
2655 4076 2915 4146 εὐγενοῦς
2935 4092 2947 4106 ’
2979 4079 3008 4131 ὁ
3033 4076 3090 4129 δέ
3121 4076 3388 4147 εὐσταθὴς
3416 4076 3511 4128 καὶ
3542 4092 3719 4144 μεγα-

2133 4172 2368 4242 λόψυχος
2403 4173 2547 4244 ἀνὴρ
2592 4172 3016 4245 αἰσχυνθήσεται
3047 4172 3174 4235 τοὺς
3209 4171 3403 4240 λόγους
3437 4172 3588 4243 ὅρκῳ
3624 4190 3720 4225 πι-

2134 4265 2295 4327 στοὺς
2339 4263 2663 4332 ἀποφαίνειν
2684 4303 2699 4328 ,
2732 4264 2827 4316 καὶ
2853 4261 2950 4332 τὴν
2978 4261 3067 4316 διὰ
3094 4262 3204 4315 τῶν
3232 4262 3449 4316 οἰκείων
3496 4261 3720 4334 τρόπων

2134 4355 2317 4410 πίστιν
2359 4354 2666 4426 ἀτιμάζειν.
2703 4354 2836 4408 Λίαν
2882 4355 2992 4424 ἄρα
3041 4356 3428 4427 συμφερόντως
3468 4355 3566 4408 καὶ
3609 4370 3717 4424 κη-

2131 4449 2432 4521 δεμονικῶς
2473 4447 2616 4521 [καὶ]
2657 4450 2684 4502 ό
2712 4447 3044 4511 Δεσποτικὺς
3076 4448 3240 4517 νόμος
3277 4447 3368 4500 τὸν
3406 4447 3571 4519 ὅρκον
3602 4465 3718 4500 κω-

2056 4528 2101 4585 ι)
2128 4539 2268 4595 λύει.

2201 4639 2302 4700 ογ¹.
2337 4635 2404 4685 Ἃ
2445 4631 2545 4702 μὲν
2577 4627 2638 4685 εὖ
2679 4631 2906 4698 πάθοις,
2936 4631 3024 4685 ἀεὶ
3059 4631 3338 4702 μέμνησο·
3365 4624 3440 4685 ὧν
3475 4631 3521 4686 δ’
3551 4630 3620 4685 ἂν
3649 4628 3714 4686 εὖ

2136 4728 2413 4795 ποιήσαις,
2445 4724 2640 4777 θᾶττον
2687 4723 3064 4777 ἐπιλανθάνου.
3098 4723 3172 4776 Τὸ
3215 4724 3312 4794 μὲν
3339 4725 3447 4797 γάρ
3479 4729 3718 4795 χρηστό-

2134 4835 2299 4888 τητος
2331 4817 2427 4871 καὶ
2460 4815 2904 4886 εὐγνωμοσύνης,
2935 4815 2995 4868 τὸ
3029 4815 3087 4870 δέ
3118 4815 3365 4886 καθαρᾶς
3400 4817 3716 4886 μεγαλοψυ-

2135 4909 2282 4979 χίας,
2311 4908 2408 4960 καὶ
2437 4906 2686 4975 καθαρὰν
2717 4907 2974 4976 φυλάττει
3004 4907 3105 4977 τὴν
3134 4908 3477 4977 εὐεργεσίαν.

2205 4998 2298 5053 οδ’.
2347 4998 2681 5068 Εὐεργεσίας
2707 5000 2803 5050 καὶ
2827 4999 3113 5070 συμφορὰς
3147 4998 3450 5065 ὀνειδίζειν,
3480 5000 3584 5071 τῆς
3617 5004 3718 5056 αὐ-

2134 5091 2234 5160 τῆς
2265 5086 2403 5145 εἶναι
2429 5090 2616 5158 νόμιζε
2644 5091 2974 5159 κουφότητος
3003 5092 3097 5144 καὶ
3126 5092 3544 5163 ἀπανθρωπίας.

2205 5184 2298 5237 σε’.
2369 5183 2577 5253 Ἀπάτη
2637 5183 2738 5252 μὲν
2779 5181 3058 5254 πανταχοῦ
3100 5182 3384 5247 ἀσθενείας
3427 5184 3714 5253 ὁμολογία.

2149 5279 2290 5332 Ἀλλ’
2323 5281 2373 5331 sl
2409 5278 2507 5348 μὲν
2533 5279 2591 5331 ἐν
2623 5277 2820 5347 φίλοις,
2849 5279 3018 5332 κακόν
3055 5296 3116 5332 τε
3139 5278 3386 5349 ἔσχατον,
3420 5280 3516 5334 καὶ
3545 5281 3717 5352 ὑπερ-

2139 5369 2445 5440 ϐαλλούσης
2485 5368 2788 5439 μοχθηρίας
2811 5384 2826 5399 ·
2867 5371 2916 5422 εί
2959 5370 3016 5423 δὲ
3055 5370 3193 5442 πρὸς
3223 5371 3449 5442 ἐχθροὺς
3483 5374 3578 5425 καὶ
3617 5390 3715 5425 πο-

2135 5459 2382 5529 λεμίους,
2435 5459 2601 5530 μηδὲν
2639 5459 2737 5528 μὲν
2785 5459 3122 5530 προειδότας,
3174 5462 3236 5518 οὐ
3278 5463 3471 5534 πόρρω
3513 5480 3712 5536 στρατ-

2143 5551 2330 5622 ηγίας.
2361 5550 2712 5620 Κοινολογίας
2745 5550 2805 5604 δέ
2859 5552 3158 5623 γενομένης
3180 5593 3196 5622 ,
3241 5553 3333 5607 καὶ
3359 5555 3569 5627 ταύτην
3615 5557 3712 5610 οὐκ

1690 5682 1924 5739 νΑιιιᾹς
1987 5686 2394 5753 LECTIONES,

529 5795 556 5834 ⁸
588 5795 714 5868 Leg.
760 5795 1075 5864 ἀπέχωνται
1117 5795 1156 5850 f.
1182 5794 1572 5865 ὴπείγρωνται.
