3964 6432
274 404 380 471 681

1442 399 1983 465 EPISTOLARUM
2021 399 2253 459 LIBER
2303 399 2355 460 Ι.

3408 397 3517 459 652

269 516 624 582 ἀθετοῦντας,
669 517 857 590 πόρρω
886 516 1166 589 ἀριστείας
1206 516 1303 571 καὶ
1343 517 1743 587 ἀνδραγαθίας·
1783 515 1833 568 δι

1954 511 2329 579 fcederatione,
2361 512 2405 566 si
2436 510 2505 566 ab
2554 510 2642 566 illa
2669 526 2775 565 non
2816 509 3147 564 abhorreant
3184 509 3519 575 adversarii,

264 614 299 667 ὃ
335 613 475 685 μηδὲ
502 614 629 676 τοὺς
656 613 1010 675 πιστεύοντας
1051 630 1134 666 σοι
1166 613 1461 684 πολεμίους
1494 613 1677 685 ἀπάτῃ
1715 629 1843 682 μετ-

264 708 455 778 έρχου.
481 708 544 760 ΕΞ
573 706 682 777 γὰρ
705 707 799 760 καὶ⁸
823 706 1093 777 πολέμιοι,
1128 706 1242 761 ἀλλ’
1265 708 1415 777 ὅμως
1451 707 1605 760 οὐδὲν
1622 706 1842 759 ἔλαττον

264 797 529 851 ἀπατεὼν
561 798 656 851 καὶ
680 797 912 863 πλάνος,
953 799 983 850 ό
1011 800 1137 863 τοὺς
1168 799 1602 863 πεπιστευκότας
1631 799 1839 863 ἐξαπα-

261 890 463 960 τήσας.

232 1080 235 1087 -
336 1064 445 1129 ος⁹,
481 1066 758 1136 Προδότην
787 1064 864 1127 ὡς
882 1067 951 1119 τὰ
976 1066 1147 1120 πολλά
1183 1068 1235 1120 ot
1260 1066 1537 1140 ἂνθρωποι
1567 1070 1842 1140 προδιδόν-

260 1174 334 1211 τα
363 1157 463 1227 μέν
495 1157 730 1227 φιλοῦσι,
758 1157 1133 1228 προδεδωκότα
1155 1158 1211 1212 δέ
1251 1160 1487 1229 μισοῦσι.
1521 1162 1593 1214 Σὺ
1630 1162 1687 1215 δὲ
1718 1164 1839 1214 ἑπι-

262 1250 484 1313 σκόπει,
511 1250 613 1303 κᾶν
651 1249 750 1319 μὲν
769 1250 1175 1314 ἐπιϐουλευθεὶς
1206 1252 1309 1305 ὑπὸ
1351 1251 1462 1305 τῶν
1502 1253 1718 1306 οἰκείων
1744 1252 1839 1308 καὶ

260 1339 522 1408 χαλεπῶν
544 1339 732 1392 παθῶν
762 1340 875 1411 (51)
903 1339 1237 1410 προῦδωκεν,
1262 1342 1361 1394 οὐκ
1382 1341 1699 1395 ἀνέλπιστόν
1722 1343 1838 1395 ἐστι

260 1430 420 1500 φίλον
454 1432 546 1483 καὶ
577 1432 740 1485 καλὸν
770 1432 1021 1501 γενέσθαι
1043 1447 1059 1461 ⁶
1090 1433 1155 1487 ἂν
1188 1434 1246 1487 δὲ
1282 1435 1467 1505 μηδὲν,
1514 1434 1608 1488 καὶ
1638 1435 1835 1489 σαυτοῦ

262 1524 433 1594 μηδὲν
455 1524 675 1578 ἔλαττον
697 1525 884 1596 νόμιζε
916 1526 1197 1597 προδότην.
1230 1526 1302 1579 Τὸ
1330 1528 1431 1597 μὲν
1460 1526 1570 1598 γὰρ
1599 1527 1837 1598 ἀμείψα-

260 1613 385 1667 σθαι
420 1619 611 1678 κακοῖς
657 1618 784 1680 τοὺς
815 1616 1208 1687 λελυπηκότας,
1245 1619 1583 1691 ἀνθρώπινον
1628 1620 1834 1685 πάθος·

260 1707 321 1760 τὸ
346 1707 407 1761 δὲ
438 1707 770 1780 τηλικαύτης
796 1709 959 1782 ἄρξαι
988 1710 1350 1783 κακουργίας,
1371 1712 1594 1767 ἀνιάτου
1629 1712 1834 1784 μοχθη-

261 1797 406 1869 ρίας.

328 2060 427 2127 οξ.
460 2060 676 2132 Χρυσὺς
709 2061 925 2115 ἅπαντα
954 2060 1024 2114 τὰ
1074 2061 1391 2133 ἀνθρώπινα
1443 2062 1685 2133 στρέφει.
1735 2064 1841 2117 Φύ-

256 2166 422 2208 Ααττε
445 2153 738 2223 τοιγαροῦν
784 2153 846 2205 τὸ
888 2153 989 2223 τῆς
1020 2153 1280 2223 πατρίδος
1335 2154 1654 2223 ἀνύϐριστον
1681 2154 1800 2219 ἔθος
1821 2170 1836 2184 ·

254 2246 536 2316 ἄχρηστον
565 2246 662 2297 καὶ
682 2245 920 2315 νομίζων
942 2247 1037 2298 καὶ
1066 2246 1234 2299 πᾶσιν
1260 2245 1587 2313 ἐπιδεικνὺς,
1613 2245 1707 2302 τὸν
1727 2249 1841 2311 τοῖς

256 2338 507 2408 φιλοῦσιν
540 2337 761 2408 ίσχυρὺν
789 2336 1095 2402 ἐπίϐουλον,
1127 2337 1348 2408 χρυσόν.

327 2523 437 2588 οη’.
470 2518 564 2569 Δεῖ
588 2515 659 2570 τὰ
690 2516 790 2587 μὲν
817 2516 929 2570 εδια
954 2515 1337 2586 συμπίπτοντα
1377 2515 1713 2588 εὐχαρίστως
1747 2518 1842 2571 καὶ

258 2608 530 2677 γενναίως
549 2608 736 2677 φέρειν
759 2624 776 2641 ο
804 2608 874 2662 τὰ
900 2607 960 2662 δὲ
983 2608 1092 2662 τῶν
1121 2608 1400 2677 ὑπηκόων,
1433 2608 1733 2678 συμπαθῶς
1750 2610 1845 2665 καὶ

257 2702 363 2755 οὐκ
416 2700 755 2770 ἀναλγήτως.
792 2698 866 2752 Τὸ
923 2699 1023 2769 μὲν
1054 2699 1162 2770 γὰρ
1197 2699 1495 2771 καρτερίας
1523 2701 1617 2754 καὶ
1646 2702 1846 2772 φρονή-

263 2810 439 2861 ματος
465 2791 710 2862 ἀνδρείου
734 2806 749 2821 ·
805 2791 867 2844 τὸ
906 2791 964 2844 δὲ
1020 2791 1311 2862 ὀλιγωρίας
1346 2791 1456 2863 (32)
1491 2792 1585 2845 καὶ
1626 2792 1845 2858 ἀνάξιον

258 2884 502 2956 ἀρχικῆς
524 2883 782 2954 προνοίας
811 2883 905 2937 καὶ
932 2882 1272 2946 ἐπιστασίας.

329 3062 441 3118 σθ’.
484 3061 745 3132 Ἐχθροὺς
771 3060 1082 3131 ὁμοφύλους
1115 3060 1231 3130 (55)
1265 3060 1342 3133 μὴ
1369 3061 1702 3131 ἀμύνασθαι,
1729 3063 1845 3118 ἐστι

1863 1849 1911 1910 Β

1946 622 1979 661 a
2030 605 2348 661 fortitudine
2408 613 2465 659 et
2521 604 2789 673 probitate
2841 601 3078 655 alienum
3122 611 3226 665 est,
3275 602 3523 658 fraudem

1948 701 2233 755 adhibere.
2263 697 2527 764 Quocirca
2570 697 2664 766 qui
2701 697 2861 750 [idem
2896 695 2993 749 tibi
3030 694 3347 759 adhibeant,
3383 711 3453 749 ne
3478 698 3527 751 si

1944 793 2057 848 sint
2116 795 2322 858 hostes,
2372 792 2482 846 noli
2537 789 2935 845 circumvenire
2982 805 2996 842 :
3049 798 3330 857 utcunque
3376 787 3525 843 enim

1946 885 2134 939 hostes
2183 890 2345 946 sunt,
2381 883 2429 937 is
2460 892 2655 937 tamen
2705 880 2797 950 qui
2838 880 2999 935 ﬁdem
3036 880 3141 935 sibi
3174 881 3527 936 adhibentem

1943 976 2120 1043 fallit,
2158 977 2419 1046 deceptor
2444 984 2527 1029 est
2555 982 2609 1029 et
2644 973 2837 1044 planus
2865 972 3044 1041 plane.

2014 1068 2102 1123 76.
2144 1068 2484 1125 Proditorem
2544 1067 2672 1121 dum
2724 1064 2903 1136 prodit
2960 1064 3279 1135 plerumque
3338 1075 3523 1121 amant

1941 1162 2243 1227 mortales;
2283 1161 2375 1215 ubi
2414 1168 2595 1215 autem
2634 1157 2953 1228 prodiderit,
2998 1157 3125 1211 odio
3174 1157 3395 1212 habent.
3442 1157 3522 1211 Tu

1946 1263 2129 1307 autem
2161 1251 2395 1322 inquire,
2428 1267 2497 1305 an
2525 1250 2738 1304 insidiis
2767 1249 2813 1302 is
2857 1249 3063 1318 petitus
3092 1256 3147 1302 ct
3184 1248 3517 1303 circumven-

1940 1351 2028 1400 tus
2065 1361 2096 1399 a
2121 1345 2234 1400 suis
2256 1342 2563 1399 intrinsecis
2587 1351 2641 1397 et
2665 1341 2981 1412 urgentibus
3009 1340 3372 1410 passionibus,
3398 1355 3530 1409 pro—

1940 1436 2085 1490 ditor
2110 1435 2401 1491 exstiterit.
2452 1433 2507 1489 Si
2532 1433 2679 1489 enim
2722 1432 2795 1486 ita
2811 1432 2902 1495 sit,
2947 1446 3056 1485 non
3112 1438 3197 1486 est
3229 1432 3529 1500 desperan-

1943 1528 2073 1583 dum
2115 1528 2249 1598 quin
2281 1529 2362 1582 vir
2380 1528 2583 1597 probus
2629 1536 2685 1583 et
2722 1526 2984 1581 honestus
3014 1525 3277 1580 exsistere
3310 1525 3525 1594 possit:

1936 1620 2082 1689 quod
2121 1619 2165 1673 si
2193 1619 2326 1675 nihil
2349 1620 2451 1674 tale
2464 1619 2554 1683 sit,
2578 1632 2703 1673 eum
2723 1625 2778 1673 et
2814 1612 2892 1671 t‘ui
2916 1616 3249 1686 proditorem
3280 1614 3527 1670 futurum

1937 1712 2222 1766 arbitrare.
2255 1710 2351 1765 Est
2379 1710 2528 1765 enim
2558 1709 2880 1775 humanum,
2913 1722 3008 1763 eos
3035 1707 3128 1777 qui
3178 1707 3336 1761 nobis
3378 1708 3529 1778 inju-

1940 1804 2069 1859 riosi
2114 1802 2423 1859 exstiterint
2449 1801 2587 1856 velle
2621 1800 2858 1855 ulcicisci
2887 1817 2902 1867 ;
2941 1801 3036 1855 sed
3065 1799 3185 1855 sine
3216 1815 3380 1854 causa
3411 1816 3527 1854 rem

1939 1906 2046 1952 tam
2071 1896 2294 1966 impiam
2323 1893 2581 1959 exordiri,
2647 1892 2963 1949 insanabilis
2997 1892 3281 1963 cujusdam
3311 1901 3396 1948 est
3425 1892 3529 1946 im-

1938 1988 2247 2059 probitatis.

2013 2081 2102 2134 77.
2134 2079 2343 2135 Aurum
2391 2093 2605 2149 quaqua
2650 2092 2871 2133 versum
2919 2092 3008 2133 res
3041 2077 3311 2131 humanas
3351 2076 3522 2133 ducit.

1939 2173 2203 2239 Quocirca
2230 2186 2411 2226 mores
2425 2171 2633 2241 patrios
2656 2170 2959 2241 inculpatos
2984 2170 3215 2225 observa
3246 2185 3387 2225 :nec
3415 2185 3528 2224 non

1940 2266 1998 2323 id
2026 2282 2145 2338 age,
2186 2275 2247 2320 ut
2261 2279 2451 2320 omnes
2483 2264 2705 2319 videant
2729 2272 2783 2319 et
2810 2263 3113 2337 intelligant
3135 2278 3351 2328 aurum,
3382 2278 3528 2333 prae-

1939 2366 2223 2430 potentem
2256 2356 2409 2411 illum
2452 2354 2849 2422 insidiatorem,
2897 2355 3036 2410 nihil
3068 2354 3213 2425 apud
3242 2364 3297 2409 te
3340 2369 3524 2425 posse,

1943 2458 2135 2505 contra
2160 2441 2386 2504 amic'os.

2014 2541 2103 2595 78.
2144 2540 2278 2608 Quae
2336 2541 2435 2597 tibi
2466 2540 2569 2611 ipsi
2597 2538 2917 2600 acciderint,
2956 2538 3080 2594 forti
3107 2547 3162 2594 et
3208 2546 3360 2609 grato
3396 2552 3525 2607 erga

1943 2631 2117 2686 Deum
2147 2632 2330 2686 animo
2361 2631 2595 2686 tolerare
2621 2630 2779 2684 decet
2814 2646 2829 2683 :
2859 2629 3104 2685 subditos
3122 2636 3303 2683 autem
3328 2626 3527 2697 siquid

1944 2723 2087 2777 male
2120 2722 2391 2785 habuerit,
2416 2722 2525 2776 noli
2565 2736 2686 2775 esse
2715 2721 2831 2775 sine
2862 2735 3051 2783 sensu,
3100 2719 3195 2773 sed
3228 2734 3353 2774 cum
3376 2733 3528 2772 com-

1944 2814 2202 2885 passione
2240 2830 2348 2867 una
2378 2828 2503 2867 cum
2547 2812 2655 2866 illis
2683 2812 2933 2865 tolerato.
2989 2810 3126 2864 lllud
3181 2810 3326 2864 enim
3390 2809 3530 2863 tole-

1945 2906 2137 2961 rantize
2188 2913 2244 2960 et
2293 2904 2461 2960 animi
2516 2903 2676 2959 fortis
2715 2912 2799 2958 est
2828 2921 2843 2957 :
2871 2903 2976 2958 hoc
3012 2902 3283 2957 incuriam
3325 2900 3524 2972 arguit,

1947 3016 2051 3055 nec
2077 3000 2300 3069 dignum
2331 3007 2416 3053 est
2441 2997 2790 3068 imperatoria
2824 3010 2957 3050 cura
2994 3004 3051 3050 et
3084 2994 3451 3065 providentia.

2017 3092 2107 3146 79.
2158 3090 2268 3144 Lex
2292 3090 2477 3144 divina
2526 3098 2582 3143 et
2611 3104 2735 3158 erga
2769 3086 3020 3141 homines
3075 3085 3316 3141 Charitas
3346 3084 3527 3153 jubet,

261 3156 367 3227 μὲν
388 3154 530 3217 θεῖος
561 3154 657 3207 καὶ
682 3152 1062 3223 φιλάνθρωπος
1107 3152 1293 3222 νόμος,
1339 3152 1454 3207 ἔστι
1485 3154 1543 3207 δὲ
1575 3156 1669 3208 καὶ
1698 3155 1834 3208 πολὺ

1954 3192 2348 3251 ltcongeneres
2380 3178 2538 3232 nobis
2564 3189 2823 3246 tanquam
2844 3176 3031 3230 hostes
3060 3188 3131 3227 ne
3158 3172 3524 3228 ulciscamur:

256 3246 320 3301 τὸ
357 3246 631 3317 χρήσιμον
667 3246 728 3298 ἐν
767 3244 950 3307 αὐτοῖς
993 3246 1107 3307 τοῖς
1153 3243 1444 3315 πράγμασι
1490 3246 1776 3317 παρέχων·
1808 3248 1837 3299 ὁ

260 3336 365 3405 μὲν
398 3336 507 3405 γὰρ
531 3334 875 3405 ἀμυνόμενος
898 3333 1012 3405 ἔχει
1042 3334 1207 3387 πάλιν
1221 3334 1603 3407 χαλεπώτερον
1623 3337 1837 3408 ἐχθρὸν,

252 3427 286 3478 ὀ
317 3427 381 3479 δέ
409 3423 716 3494 εὐεργετῶν
738 3425 770 3495 ἢ
798 3424 951 3493 φίλον
983 3424 1396 3495 παρεσκεύασεν
1416 3426 1538 3480 ἀντὶ
1559 3427 1776 3498 ἐχθροῦ,
1803 3429 1837 3498 ἢ

252 3520 483 3583 πάντως
509 3518 812 3588 πραότερον
843 3517 1055 3588 ἐχθρόν.

326 3701 406 3748 π’.
440 3694 627 3764 Μηδὲν
657 3688 732 3749 ὧν
783 3693 965 3756 ἄλλοις
997 3692 1170 3762 ἔγνως
1221 3695 1601 3763 ἐπαγγέλλειν,
1646 3698 1837 3766 φαίνου

250 3788 637 3860 παραϐαίνων.
672 3788 737 3840 Ἢ
762 3787 872 3858 γὰρ
902 3787 959 3841 ἐν
982 3806 1091 3841 τισι
1111 3788 1430 3858 ψευδολογία
1451 3790 1544 3845 τὸν
1578 3790 1696 3844 ὅλον
1718 3792 1842 3863 τρό-

258 3899 362 3935 πον
406 3879 638 3933 ἄπιστον
694 3878 951 3933 δεικνύει.
984 3880 1096 3934 Καὶ
1130 3884 1244 3944 τοῖς
1292 3881 1696 3951 διαψευσθεῖσιν
1738 3884 1838 3938 οὐκ

259 3974 408 4026 ἐστιν
472 3970 705 4040 αἰσχύνη
746 3971 821 4041 μὴ
878 3970 1203 4041 ἀμείϐεσθαι
1243 3975 1359 4035 τοῖς
1401 3974 1626 4042 ὁμοίοις.
1664 3976 1836 4029 Παντὶ

257 4063 360 4132 μὲν
388 4061 483 4115 οὖν
504 4060 777 4131 ἀνθρώπῳ
809 4060 897 4113 διὰ
929 4061 1088 4114 τοῦτο
1110 4062 1371 4131 φευκτέον
1402 4064 1465 4117 τὸ
1483 4064 1695 4134 ψεῦδος,
1728 4066 1836 4136 μά-

253 4155 419 4207 λιστα
448 4153 506 4206 δὲ
556 4156 667 4216 τοῖς
724 4154 783 4205 ἐν
825 4152 1137 4223 δυναστείᾳ.
1171 4154 1295 4216 Τοῖς
1348 4155 1449 4225 μὲν
1500 4154 1609 4226 γὰρ
1655 4156 1835 4221 ἄλλοις

251 4244 371 4298 ἐσθ’
396 4246 487 4298 ὅτε
522 4245 732 4313 γίνεται
779 4243 1065 4312 ἀπολογία,
1097 4246 1130 4311 ἠ
1160 4228 1429 4315 ἀδυναμία
1448 4262 1463 4278 ο
1511 4250 1625 4310 τοῖς
1651 4247 1709 4300 δὲ
1736 4250 1836 4303 οὑκ

252 4341 375 4393 ἔστι
412 4339 705 4408 καταφυγὴ
742 4338 818 4410 μὴ
843 4338 967 4408 οὐχ).
999 4338 1164 4392 παντὶ
1187 4339 1376 4411 τρόπῳ
1401 4339 1711 4412 μοχθηροὺς
1737 4341 1837 4407 τὰς

251 4432 488 4504 γνώμας
513 4431 857 4502 ἐλεγχθῆναι.

327 4628 444 4684 πα’.
478 4629 591 4693 Τὰς
630 4629 771 4700 μετά
826 4628 1187 4700 σφοδρότητος
1212 4628 1536 4700 ὑποσχέσεις
1582 4631 1834 4689 εὐλαϐεῖ-

255 4722 382 4775 σθαι
411 4722 541 4793 χρή.
570 4723 698 4775 Εἴτε
728 4722 836 4793 γὰρ
873 4722 1199 4793 παράσχοις,
1244 4722 1343 4791 τὴν
1385 4723 1649 4795 πλείστην
1703 4746 1837 4798 προ-

251 4814 476 4884 ἀφεῖλες
500 4814 659 4885 χάριν
687 4817 753 4885 τῇ
786 4813 1111 4886 σφοδρότητι
1140 4814 1242 4885 τῆς
1261 4815 1613 4884 ἐπαγγελίας,
1631 4819 1836 4891 ταύτην

1943 3272 2038 3327 sed
2068 3278 2123 3324 et
2147 3284 2342 3340 magna
2370 3267 2569 3322 exinde
2599 3267 2765 3321 rebus
2806 3265 3010 3321 nostris
3040 3263 3247 3318 utilitas
3273 3276 3528 3317 accessu-

1942 3381 2002 3419 ra
2052 3372 2156 3417 est.
2210 3360 2415 3415 Namsi
2464 3359 2762 3414 vindictam
2822 3356 3148 3426 sumpseris,
3221 3355 3346 3425 plus
3376 3355 3433 3407 in
3470 3363 3525 3407 te

1942 3456 2155 3510 hostem
2182 3450 2520 3515 irritaveris;
2552 3465 2677 3504 cum
2709 3448 2801 3517 qui
2835 3446 3105 3502 beneﬁcio
3159 3444 3377 3512 abiciet,
3435 3444 3525 3499 vel

1942 3562 2042 3617 pro
2072 3545 2230 3598 hoste
2254 3543 2495 3597 amicum
2534 3541 2852 3606 reddiderit,
2888 3549 2981 3594 aut
3010 3540 3202 3594 saltem
3221 3539 3520 3594 modestio-

1941 3649 2055 3688 rem
2089 3634 2319 3687 hostem.

2012 3726 2101 3781 80.
2143 3723 2200 3779 Si
2227 3723 2356 3793 quid
2387 3723 2510 3777 aliis
2536 3722 2871 3792 promiseris,
2898 3737 2969 3777 ne
2990 3721 3224 3777 videaris
3250 3722 3390 3777 velle
3410 3737 3523 3777 non

1942 3818 2192 3887 implere.
2230 3816 2388 3883 Quod
2419 3816 2465 3869 si
2512 3815 2660 3869 enim
2712 3813 2911 3868 inﬁdus
2947 3814 3035 3868 vel
3105 3815 3162 3867 in
3192 3813 3521 3883 quibusdam

1942 3909 2255 3979 reperiaris,
2288 3909 2345 3962 in
2384 3908 2704 3962 universum
2735 3905 2844 3960 tuis
2892 3905 3138 3960 moribus
3181 3904 3523 3960 dilliderel‘a-

1942 4001 2056 4056 cies
2085 4001 2223 4055 alios
2256 4016 2270 4053 ι
2304 4009 2360 4055 et
2403 4016 2542 4071 quos
2573 4000 2652 4055 sic
2695 3998 2820 4055 i‘uco
2850 3998 2988 4053 facto
3037 3999 3293 4064 illuseris,
3325 3998 3391 4053 ad
3424 4014 3523 4068 par

1941 4095 2059 4164 pari
2104 4093 2451 4149 referendum
2486 4093 2743 4148 armabis.
2803 4091 3070 4160 Quocirca
3131 4092 3288 4148 decet
3330 4107 3523 4147 omnes

1942 4187 2287 4241 mendacium
2321 4186 2515 4251 vitare,
2574 4186 2878 4256 praesertim
2933 4201 3063 4241 vero
3115 4185 3207 4255 qui
3249 4200 3373 4240 cum
3418 4202 3522 4256 po-

1945 4286 2148 4331 testate
2180 4287 2327 4331 sunt.
2370 4277 2473 4330 Alii
2499 4277 2648 4330 enim
2692 4292 2751 4331 se
2781 4277 2849 4331 ab
2882 4277 3225 4346 impossibili,
3280 4276 3365 4330 vel
3415 4278 3521 4331 alio

1945 4369 2141 4437 quovis
2160 4369 2342 4433 modo,
2375 4369 2758 4423 excusabunt:
2796 4368 3069 4438 principes
3108 4378 3288 4423 autem
3324 4378 3520 4422 natura

1943 4460 2086 4514 mala
2142 4460 2353 4530 praediti
2408 4475 2531 4515 esse
2569 4460 3047 4525 existimabuntur,
3077 4475 3181 4515 nec
3218 4460 3522 4515 remanebit

1869 4524 1915 4582 Β
1943 4552 2045 4605 alia
2074 4524 2205 4620 ipsis
2236 4551 2530 4606 excusatio.

2015 4642 2104 4697 8i.
2147 4641 2554 4697 Vehementiori
2599 4658 2720 4697 cum
2748 4643 3148 4699 asseveratione
3176 4641 3286 4696 noli
3316 4641 3517 4710 aliquid

1944 4734 2211 4805 polliceri.
2265 4735 2325 4789 Si
2382 4735 2528 4789 cnim
2581 4736 2796 4789 steteris
2841 4734 3143 4803 promissis,
3219 4733 3517 4802 plurimum

1944 4826 2179 4882 decessit
2207 4827 2276 4881 de
2318 4826 2643 4898 gratitudine
2676 4843 2771 4897 per
2808 4826 2955 4881 illam
2986 4826 3367 4880 vehementem
3398 4824 3516 4893 pol-

1767 4955 2008 5017 NOTAE.

327 5069 446 5141 (51)
504 5065 796 5141 szsrrriw
845 5063 1071 5141 παθῶν.
1120 5064 1181 5119 ln
1226 5064 1472 5141 margine
1515 5075 1837 5141 annotatum

248 5135 397 5204 erat,
427 5135 644 5192 'nescio
682 5152 748 5189 an
800 5150 831 5189 e
886 5135 1040 5206 libris
1086 5142 1180 5206 aut
1229 5137 1566 5204 conjectura,
1600 5137 1832 5206 χαλεπά,

160 5212 179 5227 '
250 5212 365 5266 hoc
393 5209 558 5263 modo
576 5248 592 5271 ,
624 5205 1032 5264 ἐπιϐουλευθεὶς
1074 5205 1179 5257 ὑπὸ
1212 5206 1318 5276 τῶν
1345 5206 1584 5270 οίκείων,
1602 5205 1709 5276 καὶ
1731 5225 1833 5276 χα-

248 5281 399 5334 λεπὰ
428 5276 618 5332 παθὼν
655 5276 989 5345 προῦδωκεν,
1042 5276 1136 5330 sed
1166 5275 1409 5347 omnino
1429 5277 1593 5347 male.
1625 5275 1833 5347 Legen-

251 5353 388 5406 dum
419 5358 507 5404 est
546 5357 606 5402 ut
634 5347 905 5416 edidimus
946 5354 1018 5416 et,
1043 5345 1325 5416 vertimus.
1372 5345 1513 5399 Ibid.
1570 5345 1835 5416 Πατρίδος

249 5422 395 5484 ἕδος.
445 5419 582 5473 Nam
622 5415 867 5487 Bulgari,
900 5424 960 5469 ut
1004 5415 1219 5469 barbari
1250 5415 1497 5487 plerique
1533 5433 1742 5478 omnes,
1777 5426 1835 5471 et

248 5491 466 5547 nostris
492 5486 827 5558 temporibus
853 5500 1029 5558 nuper
1051 5487 1261 5558 inventi
1276 5486 1663 5558 occidentales
1686 5487 1827 5550 Indi,

248 5576 453 5618 aurum
474 5575 583 5613 non
606 5555 890 5626 curabant,
912 5557 974 5608 τὸ
992 5558 1216 5625 ἀρχαῖον
1239 5555 1358 5619 ἔθος
1385 5572 1565 5610 aureae
1587 5557 1753 5618 illius,
1777 5566 1833 5610 et

250 5633 519 5701 antiquae,
551 5644 616 5701 ac
644 5628 904 5701 fabulosae
932 5628 1130 5701 atatis,
1177 5633 1236 5678 ut
1264 5627 1319 5679 in
1343 5626 1622 5701 plerisque
1658 5627 1830 5680 illiba-

249 5696 798 5756 tum'custodientes.
833 5697 1019 5765 Itaque
1049 5698 1101 5749 in
1140 5711 1271 5765 pace
1306 5696 1827 5765 plerumqueerant.

250 5770 649 5843 Χρυσδςεηίηι
669 5770 893 5843 -διπαντα
912 5764 979 5818 τὰ
1007 5764 1324 5836 ἀνθρώπινα
1356 5766 1598 5836 στρέφει.
1628 5764 1829 5821 Tibull.

252 5837 378 5899 Lib.
410 5858 451 5898 1.
480 5839 628 5907 Eleg.
663 5837 749 5894 ιο.

573 5940 842 6002 ΡΑΤιιοι..
878 5939 990 6001 Gn.
1018 5939 1138 6001 CII.

2017 5071 2207 5144 Divitis
2230 5076 2323 5128 hoc
2361 5075 2541 5127 silium
2576 5082 2650 5127 est
2683 5072 2832 5137 auri;
2866 5088 2957 5144 uec
2981 5072 3118 5126 bella
3143 5074 3357 5144 fuerunt

2087 5143 2325 5215 Faginus
2348 5144 2566 5215 astabat
2585 5161 2701 5197 cum
2731 5143 2953 5211 scyphus
2975 5153 3100 5197 aute
3127 5143 3290 5213 dapes
3318 5160 3338 5198 :

2014 5212 2135 5267 Non
2167 5212 2327 5278 acies,
2359 5231 2461 5267 non
2482 5214 2651 5267 vallus
2680 5224 2816 5274 erat,
2846 5230 3189 5283 somnumgue
3220 5214 3427 5282 petebat

2087 5283 2312 5339 Securus
2332 5287 2511 5338 varias
2536 5285 2642 5338 dum
2669 5284 2836 5355 gregis
2867 5284 3004 5336 inter
3025 5300 3162 5337 oves.

2016 5422 2130 5493 (52)
2166 5422 2237 5477 Τὸ
2271 5422 2339 5475 δὲ
2390 5421 3032 5493 ὀλιγωρίαςηῐιῃονιιοιι
3072 5429 3158 5475 est
3209 5420 3515 5493 συμπαθῶς

1932 5491 2142 5562 φέρειν,
2169 5494 2264 5547 sed
2301 5493 2640 5562 ἀναλγήτως.
2678 5492 2759 5547 Ad
2788 5491 2920 5545 illud
2950 5506 3101 5562 ergo,
3132 5505 3243 5543 non
3265 5491 3331 5545 ad
3355 5492 3509 5560 prius

1932 5564 2220 5618 referenda
2250 5563 2526 5623 ἀπόδοσις.

2005 5634 2117 5702 (55)
2173 5632 2457 5701 Ἑχθροὺς
2474 5632 2842 5701 ὁμοφύλους.
2871 5632 2988 5687 Hoc
3015 5645 3203 5702 verum
3238 5638 3341 5684 est.
3371 5630 3509 5685 Nam

1931 5700 2282 5775 extlpolsunt
2312 5700 2595 5775 homines;
2644 5718 2774 5775 ergo
2808 5703 3089 5775 ὁμόφυλοι.
3123 5700 3383 5770 Legerem
3428 5712 3510 5775 ta-

1932 5771 2058 5826 men
2092 5773 2350 5836 libenter,
2380 5773 2455 5834 ὡς
2486 5771 2811 5841 ὁμοφύλους.
2848 5773 2953 5826 hoc
2982 5781 3088 5836 est,
3119 5780 3375 5836 tanquam
3410 5771 3508 5824 do-

1935 5844 2191 5908 mesticos,
2222 5858 2347 5897 nam
2373 5842 2425 5897 id
2460 5842 2640 5897 divina
2671 5843 2754 5897 lex
2780 5842 3042 5913 praacipit.

3188 5933 3268 5993 22
