3964 6444
492 399 603 459 ὓ83

1625 387 1889 449 ΡΗΟΤΙΙ
1927 383 2432 447 PATRIARCHAE
2469 389 2578 448 CP.

3640 389 3750 453 68L

492 504 846 561 licitationem
882 509 1026 556 tuam
1053 517 1069 565 ;
1099 514 1224 554 nam
1251 499 1592 568 dispertitam
1626 499 1696 553 ab
1727 497 1884 553 initio
1905 505 2068 566 atque

2183 497 2657 567 προκαταμερίσας
2684 497 2781 550 καὶ
2807 498 2887 561 είς
2914 497 3007 551 δύο
3038 497 3136 568 τὴν
3162 497 3290 567 μίαν
3320 499 3535 569 δωρεὰν
3573 516 3748 554 κατα-

490 601 567 654 ita
626 596 960 654 deminutam
1011 593 1154 646 illam
1219 592 1446 662 gratiam
1487 589 1808 645 reddidisti:
1839 588 1987 659 quod
2019 586 2065 641 si

490 705 604 743 non
638 687 871 752 steteris,
902 682 1190 753 dupliciter
1219 680 1345 735 inde
1374 679 1830 735 verecundaheris
1859 693 1957 732 :eo
1980 677 2067 731 ni-

489 781 690 836 mirum
715 775 934 833 nomine
956 773 1103 844 quod
1145 781 1254 828 tam
1284 780 1606 827 attestanter
1639 769 1988 841 'promiseris,
2013 777 2069 824 et

490 888 560 927 eo
575 870 720 941 quod
747 867 884 922 nihil
930 864 1247 937 praestiteris
1301 879 1489 918 eorum
1539 877 1660 933 quae.
1693 861 2062 932 pollicebare:

492 973 655 1032 atque
691 960 764 1014 ita
797 972 898 1029 pro
944 958 1120 1011 amico
1169 956 1442 1011 videberis
1501 953 1780 1018 inimicus,
1819 967 1886 1008 eo
1920 952 2068 1022 quod

488 1055 559 1110 de
584 1069 680 1126 spe
706 1052 947 1122 deiectos
966 1049 1213 1106 cluseris.
1246 1049 1460 1118 Alioqui
1487 1056 1698 1103 certum
1726 1055 1811 1102 est
1834 1045 2068 1116 promis-

489 1162 550 1202 sa
580 1156 689 1201 tam
721 1143 960 1198 violenta
1006 1150 1066 1196 et
1092 1139 1460 1195 asseverantia
1492 1138 1612 1194 illos
1645 1139 1839 1194 decere
1868 1137 2068 1208 quibus

492 1237 628 1292 ﬁdes
650 1233 794 1290 haud
831 1234 973 1288 bene
1005 1231 1331 1296 adhibetur;
1375 1239 1432 1284 et
1459 1236 1608 1284 certe
1636 1243 1746 1283 non
1787 1236 1897 1283 tam
1919 1227 2066 1282 indi-

485 1329 729 1401 gentiam
763 1342 925 1397 quam
949 1339 1136 1382 curam
1164 1331 1219 1378 et
1266 1321 1628 1393 patrocinium
1643 1326 1957 1390 susceptum
1981 1333 2068 1372 re-

489 1423 784 1492 darguunt.
851 1426 906 1474 et
934 1433 1000 1473 eo
1022 1417 1244 1472 nomine
1276 1414 1588 1470 referendas
1617 1413 1837 1484 gratias.

560 1512 651 1567 82.
679 1509 866 1572 Gratia
889 1509 1086 1579 dignus
1114 1515 1201 1561 est
1233 1505 1324 1576 qui
1363 1515 1616 1559 naturam
1650 1502 1837 1574 gratiae
1879 1510 1934 1556 et
1961 1517 2062 1555 no-

489 1617 618 1658 men
647 1609 966 1665 veneratur,
1025 1597 1226 1669 quique
1249 1611 1468 1652 omnem
1488 1595 1868 1664 cogitationem
1911 1608 2063 1648 suam

487 1694 768 1750 contendit
797 1691 1045 1747 conferre
1081 1698 1143 1744 ut
1173 1697 1486 1744 remuneret
1520 1705 1534 1742 :
1583 1687 1852 1744 beneﬁcio
1880 1695 2065 1741 autem

489 1787 662 1844 veluti
709 1787 961 1858 indignus
988 1793 1090 1845 est,
1127 1783 1220 1853 qui
1290 1782 1433 1836 bene
1483 1788 1785 1836 merentem
1818 1778 2064 1849 ingratiis

2176 589 2516 661 σμικρύναςο
2553 590 2661 642 εἴτε
2692 589 2768 660 μὴ
2813 592 3138 661 παράσχοις,
3189 590 3379 661 διπλῆν
3428 592 3752 661 ἀπήνεγκας

2172 679 2271 750 τὴν
2295 679 2580 751 αἰσχύνην,
2601 680 2682 734 ὅτι
2708 697 2768 734 τε
2808 681 3052 752 σφοδρῶς
3087 681 3348 752 ὑπέσχου,
3377 682 3472 736 καὶ
3524 684 3612 736 ὅτι
3645 700 3752 754 μη-

2172 771 2261 826 δὲν
2287 764 2362 824 ὧν
2390 771 2627 843 ὑπέσχου
2670 773 2976 844 παρέσχεςο
3006 775 3102 827 καὶ
3116 774 3388 845 δυσμενὴς
3416 775 3608 846 ὤφθης
3629 776 3754 830 ἀντὶ

2174 863 2351 933 φίλου·
2392 864 2614 934 ἀφεῖλες
2646 864 2757 936 γὰρ
2797 865 2827 918 ὃ
2859 866 3136 937 παρέσχον
3165 867 3221 919 αί
3269 865 3506 931 ἐλπίδες.
3540 868 3754 932 ’Δλλως

2171 973 2232 1010 τε
2283 956 2340 1010 δὲ
2364 944 2467 1012 ’καὶ
2497 957 2555 1010 al
2588 957 2819 1029 σφοδραὶ
2872 959 3192 1029 ὑποσχέσεις
3214 960 3516 1030 ἀρμόζουσι
3546 963 3662 1025 τοῖς
3690 962 3750 1014 οὐ

2171 1049 2293 1102 λίαν
2322 1049 2735 1120 πιστευομένοις
2753 1065 2768 1080 ⁸
2800 1049 3082 1121 ἐλέγχουσι
3117 1051 3174 1106 δὲ
3202 1053 3298 1106 καὶ
3322 1053 3399 1118 ὡς
3423 1053 3483 1107 οὐ
3516 1053 3754 1124 κηδεμο-

2171 1141 2290 1204 νίας
2323 1138 2523 1209 μᾶλλον
2552 1139 2586 1211 ἢ
2617 1140 2806 1211 χρείας
2837 1141 3252 1214 ὑποτεινόμεναι
3279 1142 3462 1215 χάριν.

2197 1478 2203 1484 ³
2242 1497 2354 1570 πβ’.
2391 1499 2578 1567 ’Ἄξιος
2604 1499 2844 1574 χαρίτων
2869 1501 2897 1552 ό
2922 1498 3315 1571 εὐλαϐούμενος
3333 1501 3507 1572 αὐτῆς
3530 1501 3629 1556 καὶ
3651 1501 3748 1572 τὴν

2172 1595 2334 1663 φύσιν
2371 1594 2466 1648 καὶ
2493 1594 2890 1666 προσηγορίαν,
2917 1594 3013 1648 καὶ
3044 1595 3119 1667 μὴ
3161 1596 3468 1666 παυόμενος
3516 1597 3749 1668 μελετᾷν

2171 1687 2276 1751 ἕως
2303 1687 2368 1742 ἂν
2396 1687 2606 1760 [αὐτὴν]
2643 1689 3022 1762 ἀνταποδώσῃ.
3054 1690 3265 1761 Ὠσπερ
3309 1690 3368 1744 δὲ
3409 1689 3630 1755 ἀνάξιος
3649 1708 3750 1760 χα-

2173 1781 2359 1852 ρίτων,
2395 1783 2424 1834 ό
2448 1781 2744 1854 ἀχαριστίᾳ
2775 1782 3000 1856 γνώμης
3030 1783 3277 1854 ἀμείϐων
3303 1784 3398 1838 τὸν
3427 1783 3750 1855 εὐεργέτην,

492 1887 835 1944 remunerat;
864 1878 936 1932 ita
971 1886 1026 1932 et
1053 1876 1249 1947 dignus
1287 1884 1370 1930 est
1401 1873 1490 1928 cui
1539 1871 1868 1927 excellenter
1896 1871 2066 1925 bene-

2183 1874 2343 1939 )i'rrw;
2367 1875 2514 1941 ἄξιος
2535 1874 2630 1929 τοῦ
2654 1876 2753 1946 τῆς
2777 1875 3095 1946 εὐεργεσίας
3119 1876 3446 1948 ἀξιώματος,
3469 1878 3499 1931 ό
3525 1875 3756 1949 χαριζό-

495 1972 659 2038 ﬁciat,
683 1971 777 2042 qui
807 1971 946 2024 bene
974 1968 1080 2024 illis
1111 1967 1305 2023 fecerit
1359 1981 1390 2020 a
1419 1963 1622 2036 quibus
1647 1962 2069 2019 retributionem

489 2079 600 2120 non
645 2059 1061 2131 exspectaverit.

561 2156 651 2210 83.
701 2154 780 2208 Ne
831 2151 1052 2223 quidem
1110 2149 1300 2205 amicis
1352 2155 1542 2204 contra
1592 2162 1808 2218 aaquum
1866 2145 2071 2216 aliquid

488 2247 767 2319 elargitor.
819 2245 957 2300 Nam
987 2243 1032 2298 si
1059 2242 1310 2298 homines
1358 2241 1500 2296 bene
1549 2239 1742 2294 morati
1771 2240 1903 2305 sint,
1943 2238 2071 2293 odio

481 2349 547 2394 te
585 2338 865 2394 habebunt
907 2334 1087 2406 potius
1133 2333 1278 2404 quod
1303 2333 1450 2404 leges
1479 2328 1788 2395 violaver'is,
1827 2330 2073 2400 quamob

492 2429 818 2484 beneﬁcium
848 2427 1104 2482 collatum
1135 2425 1601 2480 exosculabuntur
1635 2440 1649 2477 :
1686 2425 1732 2478 si
1777 2437 1907 2478 vero
1943 2421 2074 2476 mali

491 2520 621 2584 sint,
647 2517 852 2589 duplici
885 2516 1172 2586 dispendio
1203 2514 1456 2570 aﬂicieris
1490 2531 1504 2569 :
1551 2528 1676 2568 nam
1705 2523 1760 2568 et
1811 2511 2074 2582 improbis

491 2608 834 2673 benefecisti,
867 2617 922 2662 et
949 2607 1134 2662 odium
1180 2606 1323 2677 apud
1376 2605 1578 2676 probos
1617 2604 1912 2660 incurristi.
1968 2601 2075 2658 Sed

491 2712 772 2771 utcunque
816 2699 905 2754 his
938 2698 1203 2762 carueris,
1229 2697 1424 2768 gaudio
1463 2696 1680 2766 privato
1711 2703 1768 2750 et
1794 2693 2075 2763 temporali

489 2802 756 2849 aeternum
777 2791 1126 2862 Opprobrium
1159 2788 1504 2860 permutasti,
1527 2787 1674 2858 quod
1711 2787 1935 2843 stultum
1957 2785 2076 2856 pla-

493 2900 566 2942 ne
601 2893 768 2942 esset.

571 2978 675 3048 ‘84.
724 2977 922 3033 Gratiae
993 2991 1091 3046 per
1164 2973 1710 3046 procrastinationes,
1771 2981 2074 3042 temporum

489 3070 872 3134 extensiones,
907 3069 1056 3124 velut
1103 3067 1169 3122 ad
1199 3076 1533 3125 senectutem
1563 3065 1852 3138 quamdam
1883 3065 2077 3122 deﬁr-

496 3169 706 3233 gentcs,
746 3159 962 3233 propria
979 3159 1339 3218 deﬂorescunt
1368 3159 1772 3231 pulchritudine
1802 3175 1817 3212 :
1848 3173 2076 3214 excusso

2173 1984 2334 2038 μενος
2364 1969 2450 2037 ἐφ’
2477 1959 2521 2035 ᾦ
2557 1967 2632 2039 μὴ
2653 1967 3050 2022 ἀνταπολαϐεῖν
3080 1967 3179 2040 τὴν
3206 1968 3386 2040 χάριν.

2242 2154 2353 2215 πγ’.
2395 2147 2581 2218 Μηδὲν
2612 2149 2930 2220 παράνομον
2984 2149 3121 2220 μηδὲ
3153 2149 3327 2216 φίλοις
3368 2149 3616 2221 χαρίζου.
3655 2150 3756 2203 “Av

2175 2239 2272 2309 μὲν
2304 2239 2414 2310 γὰρ
2444 2241 2707 2305 ἐπιεικεῖς
2752 2235 2874 2308 ὦσι,
2934 2243 3229 2314 μισήσουσι
3269 2244 3470 2313 μᾶλλον
3502 2260 3753 2314 παρανο-

2175 2327 2400 2401 μοῦντα,
2436 2331 2468 2400 ῆ
2507 2331 2793 2402 φιλήσουσι
2819 2333 3180 2405 χαριζόμενον
3203 2353 3216 2366 ·
3250 2334 3317 2389 ἂν
3343 2335 3402 2388 δὲ
3421 2334 3645 2405 φαῦλοι,
3674 2334 3755 2388 δι-

2172 2421 2312 2492 πλῆν
2334 2421 2537 2492 ζημίαν
2566 2424 2880 2495 ὑπέμεινες,
2911 2429 3114 2491 κακοὺς
3134 2427 3458 2499 εὐεργετῶν,
3489 2428 3586 2480 καί⁷
3610 2429 3756 2495 ἀγα-

2174 2512 2288 2576 θοῖς
2319 2513 2784 2584 ἀπεχθανόμενος.
2836 2517 2946 2570 Καὶ
2978 2518 3147 2590 χωρὶς
3175 2517 3232 2571 δὲ
3278 2518 3518 2581 τούτων,
3556 2518 3755 2589 τέρψει

2174 2606 2497 2678 προσκαίρῳ
2527 2607 2624 2660 καὶ
2683 2607 2926 2679 ἰδιωτικῇ
2971 2609 3142 2664 ἀΐδιον
3166 2610 3367 2674 ὄνειδος
3412 2607 3755 2674 ἀλλάξασθαι

2174 2699 2270 2753 καὶ
2309 2699 2506 2766 κοινὸν,
2535 2701 2780 2772 μεγάλης
2810 2701 3016 2767 ἀνοίας.

2246 2961 2350 3017 πδ’.
2378 2963 2446 3016 Αἱ
2465 2972 2688 3036 χάριτες
2712 2969 2830 3031 ταῖς
2854 2969 3146 3036 ἀναϐολαῖς
3169 2974 3262 3027 καὶ
3291 2973 3637 3046 παρατάσεσι
3659 2976 3758 3031 τοῦ

2173 3054 2390 3126 χρόνου,
2413 3054 2708 3131 ῶσπερῖίς
2732 3060 2909 3133 γῆρας
2937 3063 3211 3132 ἐλθοῦσαι,
3228 3066 3290 3119 τὸ
3317 3070 3516 3122 οίκεῖον
3548 3071 3757 3140 μαραί-

2177 3164 2358 3202 νονται
2386 3151 2613 3215 κάλλος*
2646 3153 2707 3206 τὸ
2736 3154 2844 3226 γὰρ
2868 3155 3028 3220 ἄνθος
3066 3158 3438 3214 ἀποϐαλοῦσαι
3473 3161 3576 3232 τῆς
3612 3179 3758 3231 προ-

494 3214 697 3308 ἓιεηίω
729 3214 1173 3324 prromptitudinis
1207 3253 1358 3320 ﬂore,
1391 3251 1620 3323 quicum
1653 3250 1868 3306 adesset
1893 3251 2071 3320 splen-

2183 3241 2399 3311 θυμίας,
2425 3242 2545 3314 μεθ’
2562 3238 2631 3316 ἦς
2651 3214 2934 3316 ἀμὴχάνόν
2952 3214 3075 3302 τινα
3090 3249 3181 3302 καὶ
3203 3249 3462 3321 λαμπρὰν
3477 3214 3762 3306 ἐποιοῦντο

495 3342 682 3400 didam
707 3343 995 3413 quamdam
1018 3352 1074 3398 et
1113 3343 1436 3398 immensam
1462 3341 1926 3414 pulchritudinem
1983 3357 2074 3396 re-

494 3435 882 3506 praesentabat,
914 3435 1063 3490 nullo
1089 3435 1249 3491 modo
1273 3451 1345 3490 ne
1360 3435 1428 3490 ad
1455 3435 1644 3489 horam
1672 3441 1904 3505 possunt
1924 3432 2074 3488 oblc-

497 3535 671 3583 ctare.

567 3617 659 3672 85.
709 3615 908 3672 Gratiae
935 3617 1230 3672 dimidiatae
1260 3631 1604 3686 nequaquam
1657 3617 1842 3688 gratiae
1895 3625 2025 3671 sunt
2057 3634 2071 3670 :

497 3717 664 3764 erunt
708 3717 914 3772 autem,
976 3717 1370 3763 consummata:
1421 3709 1513 3762 ubi
1561 3709 1784 3763 fuerint.
1840 3707 1942 3774 Qui
1979 3723 2076 3777 per

497 3811 683 3873 partes
708 3802 1082 3856 tantummodo
1106 3801 1328 3871 gratiam
1353 3801 1499 3868 facit,
1529 3800 1894 3872 ipsummetse
1923 3802 2075 3855 dam-

498 3908 572 3946 no
593 3893 777 3958 allicit,
823 3906 926 3946 nec
969 3892 1257 3961 accipienti
1307 3892 1532 3963 gratiam
1571 3892 1742 3946 facit:
1772 3907 1897 3945 nam
1955 3893 2076 3961 plus

496 3983 588 4038 ille
613 3983 682 4038 de
707 3999 773 4038 eo
807 3983 952 4052 quod
979 3983 1321 4037 desideratur
1352 3982 1573 4049 dolebit,
1594 3999 1758 4051 quam
1801 3984 2076 4040 laetabitur

498 4074 566 4130 de
592 4083 812 4143 accepta
834 4074 1113 4128 dimidiata
1139 4075 1391 4143 portione
1412 4117 1427 4131 .

569 4166 658 4221 86.
694 4165 796 4232 Qui
823 4166 1050 4238 gratiam
1083 4167 1243 4222 alicui
1297 4167 1494 4222 factam
1541 4170 1849 4239 exprobrat,
1883 4171 2074 4225 similis

499 4267 586 4312 est
605 4257 800 4312 colono
827 4258 920 4328 qui
972 4257 1206 4312 libenter
1249 4261 1501 4323 seminat,
1549 4261 1643 4314 sed
1680 4268 1884 4331 porcos
1913 4270 1970 4314 et
1994 4259 2074 4314 fe-

503 4365 590 4403 ras
625 4349 680 4402 in
709 4358 1009 4404 sementem
1069 4349 1335 4405 immittit.
1399 4351 1582 4407 Perdit
1628 4352 1718 4408 ille
1777 4369 1984 4419 semen,
2019 4362 2072 4408 et

499 4441 736 4495 fructum
767 4456 798 4495 e
864 4443 1109 4510 semine;
1155 4445 1333 4513 perdit
1355 4443 1456 4497 iste
1483 4459 1546 4497 ea
1576 4460 1697 4514 qua:
1734 4445 1984 4508 contulit,
2020 4455 2075 4500 et

501 4532 893 4603 gratitudinem
921 4534 1024 4588 sibi
1065 4551 1128 4588 ex
1156 4536 1221 4589 iis
1250 4534 1698 4590 elﬁorescentem.

569 4711 660 4765 87.
719 4711 774 4765 Si
806 4711 874 4766 ab
924 4711 1077 4766 initio
1106 4713 1373 4768 beneﬁcio
1401 4713 1686 4780 all‘eceris,
1740 4729 1879 4785 quos
1919 4716 2076 4769 dein-

499 4819 629 4873 ceps
656 4804 905 4875 neglectu
939 4805 1128 4870 habes,
1178 4809 1288 4860 noli
1336 4817 1526 4877 putare
1565 4824 1660 4861 eos
1692 4809 1772 4862 sic
1811 4809 2076 4864 beneﬁcio

500 4894 731 4950 affectos
790 4897 930 4951 velle
970 4899 1403 4954 benevolentiam
1438 4900 1672 4969 priorem
1728 4917 2074 4956 conservare.

501 4984 700 5040 Multos
733 4997 947 5056 egomet
973 5000 1229 5060 expertus
1273 4991 1521 5060 cognovi,
1549 4992 1640 5060 qui
1675 4992 1860 5046 multis
1892 5001 1948 5046 et
1968 5008 2076 5045 ma-

503 5077 624 5146 gnis
667 5079 782 5132 suis
826 5081 1034 5134 collatis
1057 5081 1337 5136 beneﬁciis
1380 5083 1591 5148 conﬁsi,
1616 5083 1817 5136 nullam
1851 5099 2073 5152 prorsus

501 5184 687 5223 curam
721 5171 906 5224 eadem
930 5172 1186 5243 deinceps
1220 5174 1539 5228 continuare
1573 5175 1916 5229 habuerunt:
1950 5193 2073 5245 per-

503 5269 792 5314 suaserant
823 5261 970 5313 enim
1022 5263 1122 5316 sibi
1163 5264 1461 5318 cxhihitam
1495 5265 1562 5318 ab
1595 5265 1749 5320 initio
1779 5266 2072 5322 liberaliter

503 5350 939 5405 benevolentiam
985 5353 1229 5409 sullicere
1268 5357 1466 5410 debere
1494 5357 1560 5411 ad
1624 5357 2070 5428 obstringendum

503 5453 771 5515 perpetuo
799 5443 1079 5499 beneﬁciis
1127 5447 1367 5513 allectos,
1428 5465 1529 5506 nec
1561 5451 1822 5520 temporis
1859 5453 2071 5506 diutur-

2173 3333 2274 3402 τὴν
2308 3333 2521 3405 τέρψιν,
2551 3337 2612 3388 οὐ
2644 3336 2903 3409 καθωράν
2941 3336 2960 3376 ι
2988 3340 3215 3410 φέρουσι
3259 3343 3360 3412 τὴν
3385 3343 3758 3415 εὐφροσύνην.

2247 3607 2352 3660 πε’.
2393 3607 2460 3659 At
2493 3609 2714 3679 χάριτες
2747 3609 3024 3680 ἡμιτελεῖς
3045 3609 3222 3677 οὖσαι,
3247 3612 3348 3667 οὐκ
3378 3612 3628 3668 ἐθέλουσι
3664 3617 3761 3686 χά·

2178 3717 2325 3772 ριτες
2351 3695 2492 3754 εἶναι
2509 3718 2522 3731 ·
2559 3703 2774 3756 ἔσονται
2801 3705 2879 3769 δὲ,
2907 3705 3127 3758 ἐπειδὰν
3157 3707 3577 3780 τετελειωμέναι
3595 3705 3752 3766 ὦσιν·

2172 3793 2200 3844 ὁ
2246 3791 2302 3844 δὲ
2335 3791 2535 3856 ταύτας
2563 3793 2623 3858 ἐξ
2653 3795 2911 3864 ἡμισείας
2935 3798 3270 3865 κατατιθεὶς,
3298 3802 3489 3855 ἑαυτὸν
3513 3804 3756 3874 ἐζημίω-

2175 3899 2258 3949 σε,
2279 3883 2374 3936 καὶ
2401 3884 2493 3937 τὸν
2535 3884 2766 3938 λαϐόντα
2801 3887 2901 3940 οὐκ
2935 3887 3222 3958 εὔφρανεν.
3267 3893 3326 3945 '0
3349 3893 3457 3964 γὰρ
3481 3895 3758 3966 ἡμίτομον

2171 3973 2269 4045 τὴν
2305 3976 2464 4048 χάριν
2494 3977 2832 4050 ἀπειληφὼς,
2868 3982 2966 4054 οὐχ
2998 3983 3140 4037 οὕτω
3168 3985 3245 4054 τῷ
3278 3988 3468 4056 ἡμίσει
3511 3989 3756 4060 εὐφραν-

2173 4067 2419 4138 θήσεται,
2450 4071 2526 4134 ὡς
2563 4072 2703 4144 ὑπὲρ
2723 4073 2817 4127 τοῦ
2851 4075 3229 4147 ἀφαιρέματος
3253 4077 3553 4133 ἀνιάσεται.

2245 4164 2362 4228 πς’.
2415 4165 2474 4216 Ὀ
2524 4167 2624 4228 τὰς
2653 4169 2884 4238 χάριτας
2923 4171 3218 4238 ὀνειδίζων,
3272 4173 3459 4243 ὅμοιός
3504 4174 3627 4226 ἐστι
3682 4173 3758 4243 τῷ

2173 4254 2424 4324 γεωργῷ,
2459 4256 2734 4327 σπείροντι
2758 4261 2862 4329 μὲν
2896 4262 3211 4332 προθύμως,
3253 4267 3518 4335 ὲπαφέντι
3549 4268 3606 4323 δὲ
3643 4272 3756 4341 χοί-

2178 4359 2304 4412 ρους
2333 4345 2431 4398 καὶ
2480 4346 2642 4416 θηρία
2694 4349 2771 4418 τῷ
2806 4351 3009 4421 σπόρῳ.
3055 4354 3144 4416 Ὠς
3171 4357 3281 4426 γὰρ
3331 4359 3540 4422 ἐκεῖνος
3566 4361 3665 4412 καὶ
3697 4363 3757 4413 τὸ

2175 4430 2398 4500 σπέρμα
2421 4433 2515 4486 καὶ
2541 4435 2632 4488 τὸν
2663 4435 2722 4501 ὲξ
2751 4439 2916 4492 αὐτοῦ
2963 4439 3282 4510 λυμαίνεται
3334 4446 3570 4516 καρπὸν,
3611 4449 3758 4503 οὕτω

2098 4563 2150 4623 D
2176 4524 2272 4575 καὶ
2305 4518 2461 4586 οὗτος
2491 4528 2583 4580 καὶ
2606 4529 2672 4584 τὰ
2693 4532 3107 4600 καταϐληθέντα
3134 4536 3229 4588 καὶ
3278 4537 3376 4608 τὴν
3419 4538 3755 4607 βλαστάνου-

2178 4633 2276 4669 σαν
2301 4619 2449 4689 αὐτῷ
2480 4623 2916 4689 προσαπόλλυσιν
2953 4627 3323 4696 εὐχαριστίαν.

2245 4710 2353 4771 υπς’.
2385 4711 2534 4780 Μηδὲ
2558 4714 2699 4765 κατὰ
2726 4716 2948 4783 πρώτας
2967 4718 3291 4788 εὐεργετῶν,
3321 4721 3508 4775 ἔπειτα
3537 4723 3595 4775 δὲ
3618 4725 3756 4795 ἀμε-

2173 4798 2302 4869 λῶν,
2333 4805 2520 4872 νόμιζε
2542 4808 2642 4876 τὴν
2666 4807 2724 4872 ἐξ
2753 4809 2928 4879 ἀρχῆς
2947 4827 3028 4864 σοι
3060 4812 3277 4882 εὔνοιαν
3298 4817 3422 4878 τοὺς
3450 4818 3754 4888 εὐεργετη-

2174 4893 2370 4958 θέντας
2398 4897 2794 4965 διαφυλάττειν.
2832 4901 3067 4966 Πολλοὺς
3093 4907 3203 4974 γὰρ
3232 4907 3393 4970 αὐτὸς
3433 4909 3545 4976 ἐγὼ
3584 4912 3753 4980 πείρᾳ.

2170 4984 2421 5052 διέγνων,
2443 4987 2526 5038 ὅτι
2563 4987 2936 5059 θαρρήσαντες
2961 4993 3040 5063 τῷ
3072 4995 3264 5065 πλήθει
3288 4999 3381 5049 καὶ
3404 4999 3626 5067 μεγέθει
3655 5003 3753 5069 τῆς

2174 5081 2456 5149 καταρχὰς
2483 5082 2823 5151 εὐεργεσίας,
2860 5085 3009 5138 οὐδὲν
3031 5088 3089 5139 ὲν
3111 5091 3221 5150 τοῖς
3264 5089 3461 5159 ἐφεξῆς
3501 5093 3752 5162 ἐφρόντι-

2177 5185 2276 5222 σαν
2308 5173 2678 5236 ἐπιδείξασθαι
2717 5175 2955 5228 τοιοῦτον
2978 5193 2990 5206 ’
3023 5179 3276 5248 ἀρκέσειν
3317 5182 3423 5251 γὰρ
3455 5185 3569 5245 τοῖς
3596 5184 3753 5254 εὐερο

2174 5263 2452 5333 γετηθεῖσι
2480 5266 2615 5335 πρὸς
2647 5267 2745 5336 τὴν
2767 5269 2855 5320 διὰ
2887 5269 3002 5338 βίου
3030 5271 3380 5340 εὐχαριστίαν
3402 5273 3502 5341 τὴν
3539 5291 3752 5343 καταρ-

2174 5354 2276 5423 χὰς
2306 5356 2541 5424 ἤλπισαν
2573 5357 2904 5428 φιλοτιμίαν,
2939 5361 3032 5412 καὶ
3065 5363 3253 5432 χρόνον
3272 5361 3463 5414 οὐδένα
3494 5364 3561 5417 ἂν
3584 5367 3748 5432 ἐγγε-

2175 5449 2365 5501 νέσθαι
2395 5449 2565 5521 λήθης
2585 5448 2786 5515 τοῖςέὗ
2816 5453 3106 5507 πεπονθόσι
3138 5454 3234 5524 τῆς
3256 5455 3658 5526 ἀγαθουργίας·
3691 5459 3748 5510 τὸ

1788 5649 2024 5710 νΑιιιιιΕ
2063 5652 2470 5712 LECTIONES.

583 5815 604 5858 ι
640 5820 726 5873 ίσ.
750 5822 1014 5895 καθαράν,
1076 5829 1181 5892 vel,
1206 5829 1307 5882 καθ
1342 5803 1509 5900 ’ὤραν
