3964 6432
180 748 185 775 l

219 380 327 442 655

1404 362 1952 432 EPISTOLABUM
1988 362 2226 422 LIBER
2253 364 2311 422 ἱ.
2356 416 2359 419 ,

3392 356 3498 421 ῦὲὓ

217 492 276 544 δὲ
315 490 376 542 οὐ
420 487 580 559 μόνον
606 486 669 539 οὐ
699 482 841 539 κατὰ
868 482 967 547 τὰς
995 480 1177 536 αὐτῶν
1208 478 1430 542 ἐλπίδας
1454 476 1656 546 ἀπέϐη,
1677 473 1813 528 άλλά

1948 470 2147 524 vitalem
2206 469 2407 525 debere
2440 467 2773 524 oblivionem
2819 468 3139 524 collatorum
3200 471 3500 528 beneﬁcio-

174 566 185 614 9
219 583 319 635 καὶ
346 583 426 644 εἰς
452 580 762 633 τούναντίον
784 576 1020 647 ἐτράπη.
1066 573 1229 627 Ἀλλὰ
1246 571 1379 643 περὶ⁵
1407 570 1507 641 μὲν
1530 569 1639 623 τῶν
1671 566 1812 651 φαύέ

218 673 331 726 λων
358 671 457 741 τὴν
484 669 809 740 προαίρεσιν
837 666 989 718 οὐδὲν
1017 663 1333 735 θαυμαστόν
1354 679 1369 694 ο
1401 663 1452 715 οί
1490 661 1601 731 γὰρ
1638 657 1815 713 τοιοῦ-

218 781 328 826 τοι,
352 761 473 816 οὐδὲ
500 760 729 831 ῥεούσης
758 760 943 822 αὐτοῖς
965 759 1040 822 είς
1077 760 1265 828 χεῖρας
1285 756 1417 819 ἴσως
1456 756 1557 826 τῆς
1587 754 1814 825 εὐεργε-

178 852 182 889 τ
222 857 370 919 σίας,
410 855 531 907 οὐδὲ
558 853 681 905 τότε
706 851 982 920 γλώσσαις
1033 848 1346 911 ἀνοθεύτοις
1393 846 1688 916 ἠμείϐοντο
1715 844 1816 908 τὰς

220 946 569 1016 εὐεργεσίας,
603 944 743 1015 πλὴν
766 944 860 997 καὶ
885 943 979 995 ἐπὶ
1002 942 1113 996 τῶν
1136 941 1333 1005 ἄλλων,
1357 938 1485 1002 τοὺς
1521 938 1621 1009 μὲν
1654 937 1817 991 καλο-

220 1040 499 1107 καγαθίας
552 1028 1021 1108 ἐπιμελουμένους
1068 1031 1139 1107 ἦν
1199 1035 1353 1099 ίδεῖν,
1411 1033 1489 1096 ὡς
1519 1028 1667 1103 εἶχον
1716 1032 1818 1103 μὲν

224 1134 454 1202 μνήμην
480 1123 554 1184 ὧν
577 1130 768 1200 ἔτυχον
804 1128 1262 1195 ἀπολελαυκότες,
1296 1128 1391 1182 καὶ
1437 1125 1682 1194 εὐλογεῖν
1716 1126 1818 1178 οὐκ

222 1222 511 1285 ἐξίσταντο
559 1222 653 1275 τὸν
694 1222 1027 1291 εὐεργέτηνο
1075 1222 1227 1292 ὅμως
1250 1220 1310 1274 δὲ
1343 1218 1420 1291 μὴ
1470 1218 1579 1272 τῶν
1612 1217 1819 1289 ὁμοίων

223 1315 611 1383 τυγχάνοντες,
636 1312 744 1366 οὐδ’
766 1314 922 1366 αὐτοὶ
951 1312 1202 1384 καθαρὰν
1254 1313 1352 1368 καὶ
1380 1311 1666 1383 ἀκήρατον
1717 1311 1820 1381 τὴν

225 1408 470 1477 ἀρχαίαν
507 1406 763 1471 διέσωζον
821 1406 1271 1477 εὐγνωμοσύνην,
1334 1404 1471 1459 ἀλλὰ
1527 1403 1608 1475 τῷ
1640 1404 1821 1475 χρόνῳ

227 1506 332 1568 τὴν
364 1501 523 1572 χάριν
560 1501 641 1571 (οὐ
668 1499 776 1571 γὰρ
807 1498 955 1572 εἶχον
983 1500 1273 1572 ἐπιρροὴν)
1293 1499 1818 1572 ύπομαραινόμενοι,

228 1596 292 1648 τὸ
330 1595 560 1663 σφοδρὸν
590 1596 681 1647 καὶ
710 1594 912 1664 ὡραῖον
939 1594 1306 1665 άπηνθίςοντο
1344 1591 1436 1646 τοῦ
1475 1592 1699 1663 φίλτρου
1721 1608 1735 1622 °
1772 1594 1821 1646 οἰ

228 1689 289 1742 δέ
343 1689 516 1758 μέσης
571 1687 921 1757 νομιζόμενοι
973 1688 1314 1754 διαθέσεως,
1368 1685 1821 1757 εὐεργετούμενοι

236 1782 336 1850 μὲν
362 1781 698 1850 εὐχαρίστως
728 1782 994 1834 διέκειντο
1016 1796 1029 1809 ·
1068 1779 1441 1850 ἀμεληθέντες
1470 1778 1552 1843 δὲ,
1587 1777 1695 1830 οὐδ’
1726 1778 1820 1830 αὐσ
1854 1821 1895 1876 Β

232 1872 316 1922 τοὶ
344 1871 442 1940 τὴν
469 1871 744 1940 προτέραν
768 1870 1010 1924 διάθεσιν
1040 1871 1120 1934 είς
1149 1868 1456 1923 τούναντίον
1492 1867 1819 1939 μεταϐαλεῖν

234 1962 680 2033 ἐνῃσχύνθησαψ
709 1963 964 2033 μάλιστα,
1003 1962 1295 2032 βλέποντες
1338 1961 1563 2032 ἐτέρους
1611 1960 1819 2030 φιλοτι-

239 2055 378 2123 μιῶν
411 2053 806 2118 ἀπολαύοντας.
849 2054 923 2107 Οὐ
970 2056 1079 2124 γάρ
1106 2053 1142 2107 ἃ
1170 2051 1615 2124 προπεπόνθασιν
1644 2052 1824 2117 αὐτοὶ,

238 2147 417 2199 καίτοι
445 2147 585 2207 δέον,
620 2145 963 2215 ἐλογίσαντο·
994 2140 1074 2208 οἷς
1104 2143 1147 2197 δ’
1177 2141 1236 2199 εὖ
1258 2144 1481 2199 πάθοιεν
1500 2145 1548 2197 οί
1576 2142 1826 2213 πλησίον,

238 2237 558 2306 ἐπητένιζον
580 2252 593 2265 ·
626 2237 721 2289 καὶ
770 2235 981 2299 τούτοις
1014 2234 1488 2305 παρακνιςόμενοι
1518 2232 1619 2305 τὴν
1653 2234 1827 2302 εὐφη-

1919 577 2038 614 rmn
2077 577 2108 615 a
2148 561 2318 615 semel
2368 561 2507 615 bene
2556 560 2624 615 de
2662 575 2721 615 se
2768 561 2979 617 meritis
3009 577 3335 632 procurare.
3383 565 3501 632 Qua

1918 650 1973 704 in
2026 665 2085 705 re
2145 665 2241 720 spe
2298 650 2473 705 delusi
2524 651 2888 720 exciderunt,
2942 669 3003 708 re
3062 654 3119 708 in
3174 658 3502 712 contrariam

1919 753 2127 814 partem
2148 744 2502 813 procedente.
2548 742 2735 815 Neque
2766 747 2962 801 mirum
3016 734 3150 803 sane
3212 749 3385 806 malos
3425 752 3505 806 sic

1920 836 2146 891 affectos
2176 851 2299 891 esse
2337 838 2523 893 animo
2557 856 2570 892 :
2604 838 2737 893 tales
2765 839 2934 904 enim,
2985 856 3055 895 ne
3096 842 3317 911 quidem
3372 843 3502 898 dum

1918 927 1974 981 in
2042 944 2239 984 manus
2298 929 2541 1000 ipsorum
2594 931 2857 987 beneficia
2919 916 3263 1002 depluereut,
3306 936 3507 1008 linguis

1920 1020 2313 1076 sincerioribus
2341 1022 2483 1077 bene
2514 1031 2791 1081 merentes
2836 1026 2903 1080 de
2932 1041 2991 1082 se
3038 1031 3377 1086 remunerari
3411 1048 3508 1087 vo-

1921 1113 2125 1169 lebant.
2162 1112 2269 1180 Sed
2292 1124 2349 1169 et
2385 1115 2626 1185 alioquin
2654 1116 2798 1187 apud
2823 1132 2918 1172 eos
2948 1118 3150 1188 quibus
3191 1122 3354 1177 etiam
3381 1139 3508 1194 pro-

1920 1207 2063 1263 bitas
2102 1198 2249 1264 curze
2276 1218 2381 1272 est.
2432 1210 2619 1265 videre
2644 1226 2938 1281 possumus
2966 1215 3286 1279 memoriam
3315 1234 3503 1273 eorum

1924 1302 2125 1372 quibus
2186 1303 2532 1369 fruebantur,
2573 1305 2720 1360 haud
2786 1307 3061 1363 retinere:
3116 1317 3173 1364 et
3228 1319 3507 1383 utcunque

1922 1396 2283 1453 benemeritis
2297 1399 2427 1454 dum
2446 1399 2774 1465 afficiuntur.
2798 1402 3241 1461 benefactoribus
3256 1406 3392 1477 grati
3409 1422 3507 1463 ex-

1924 1491 2146 1557 sistant,
2200 1502 2579 1549 verumtamen
2624 1495 2669 1549 si
2715 1495 2977 1567 deinceps
3021 1514 3133 1553 non
3167 1500 3283 1569 pari
3344 1502 3509 1557 modo

1924 1581 2250 1649 afficiantur,
2283 1585 2521 1654 priorem
2552 1586 2695 1640 illam
2731 1603 2884 1641 suam
2910 1588 3079 1644 animi
3120 1592 3509 1661 promptitudi-

1925 1690 2052 1729 nem
2106 1690 2450 1754 nequaquam
2502 1678 2745 1734 retinent
2797 1681 3066 1737 sinceram
3096 1694 3152 1737 et
3203 1684 3509 1753 illibatam;

1926 1783 2117 1821 verum
2160 1770 2425 1839 temporis
2447 1770 2679 1827 decursu
2711 1772 2855 1844 (cum
2890 1773 3094 1829 influxu
3125 1776 3193 1830 de
3208 1791 3350 1832 novo
3399 1794 3511 1833 non

1927 1862 2333 1935 supplerentur)
2378 1866 2604 1936 gratiam
2663 1868 2990 1922 emareidam
3054 1869 3339 1937 habentes,
3366 1873 3513 1943 quod

1930 1953 1986 2007 in
2042 1969 2229 2009 amore
2282 1955 2668 2014 vehementius
2715 1968 2770 2014 et
2819 1960 3158 2030 splendidius
3184 1959 3510 2024 habebatur.

1930 2047 2181 2100 avulsum
2226 2054 2283 2101 et
2335 2047 2704 2105 deflorescens
2730 2051 3047 2108 admittunt.
3090 2054 3161 2108 At
3206 2054 3300 2124 qui
3333 2055 3515 2111 medio

1927 2140 2165 2208 quodam
2204 2156 2359 2195 more
2386 2142 2735 2209 tenebantur,
2778 2144 3063 2200 beneﬁciis
3090 2146 3267 2202 allecti
3299 2148 3366 2203 ad
3393 2164 3520 2219 gra-

1927 2233 2218 2287 titudinem
2256 2234 2723 2304 disponebantur;
2754 2236 2988 2307 neglecti
3041 2248 3251 2306 autem,
3281 2255 3354 2295 ne
3392 2240 3519 2311 qui—

244 2328 370 2398 μίαν
405 2331 486 2390 είς
531 2328 857 2400 ἀχαριστίαν
905 2328 1158 2398 ἔτρεπον.
1192 2325 1380 2397 Πολλῷ
1407 2326 1517 2396 ἄρα
1550 2324 1830 2379 λυσιτελέ-

1948 2324 2053 2378 lem
2081 2326 2185 2395 ipsi
2213 2326 2447 2395 'pudore
2492 2327 2840 2383 deterrentur
2888 2345 2998 2399 quo
3040 2329 3222 2386 minus
3280 2332 3518 2403 priorem

242 2438 331 2472 στε
344 2438 435 2491 ρον
454 2420 695 2491 ἄρχοντι,
725 2422 819 2473 καὶ
842 2421 899 2472 ἐν
929 2418 1199 2489 πολιτεία,
1224 2417 1368 2471 κατά
1392 2418 1579 2489 μέρος,
1613 2417 1707 2470 καὶ
1741 2414 1831 2470 διά

1948 2416 2097 2470 mimi
2144 2416 2402 2473 affectum
2456 2429 2779 2475 convertant
2833 2421 2887 2475 in
2938 2422 3303 2490 contrarium;
3343 2439 3521 2494 eoque

245 2511 382 2581 βίου,
414 2514 533 2574 ταῖς
563 2511 794 2581 δωρεαῖς
824 2510 857 2580 ἢ
887 2510 1085 2580 ἁθρόον
1116 2510 1212 2562 καὶ
1249 2509 1469 2577 ἐφάπαξ
1492 2506 1828 2561 οἰκειοῦσθαι

1948 2511 2108 2581 magis
2128 2511 2172 2565 si
2194 2510 2331 2566 alios
2361 2510 2596 2567 viderint
2625 2513 2725 2569 sibi
2757 2513 3021 2584 dignitate
3049 2515 3325 2585 praelatos.
3380 2515 3517 2571 Nam

244 2605 303 2658 τὸ
337 2604 599 2673 ὑπήκοον.
629 2603 703 2656 Τὸ
750 2602 810 2656 δὲ
872 2602 1079 2671 πλῆθος
1122 2602 1216 2655 καὶ
1247 2601 1414 2673 βάρος
1454 2601 1564 2654 τῶν
1589 2601 1830 2672 χαρίτων

1948 2619 2279 2675 nequaquam
2338 2608 2519 2663 solent
2589 2609 2867 2664 recordari
2916 2625 3107 2665 eorum
3164 2611 3366 2681 quibus
3415 2612 3520 2684 ipsi

244 2695 476 2766 ἁρμόζει
509 2697 709 2767 μᾶλλον
761 2696 875 2758 τοῖς
923 2695 1233 2763 ὑπέρογκόν
1280 2712 1334 2748 τι
1388 2694 1486 2748 καὶ
1520 2694 1830 2765 παράδοξον

1948 2698 2088 2766 prius
2136 2698 2275 2752 bene
2303 2709 2461 2754 erant
2482 2698 2665 2754 affecti
2720 2699 3024 2767 beneficiis,
3078 2717 3391 2772 quanquam
3434 2719 3524 2759 re-

247 2791 341 2842 ὲπὶ
369 2792 521 2860 κοινῇ
550 2788 797 2860 σωτηρία
832 2788 1275 2857 κατωρθωκόσιν,
1310 2787 1342 2856 ἢ
1365 2790 1477 2850 τοῖς
1502 2789 1583 2851 είς
1608 2788 1668 2840 τὸ
1694 2806 1835 2842 σπα-

1948 2789 2160 2845 iamare
2191 2806 2287 2845 eos
2319 2806 2418 2861 par
2461 2791 2641 2846 fuerat
2671 2808 2686 2858 ;
2732 2793 2827 2849 sed
2853 2794 3053 2863 quibus
3108 2795 3367 2851 fruuntur
3385 2795 3524 2852 vici-

246 2882 507 2935 νιώτατον
537 2885 637 2954 τῆς
664 2882 819 2952 ὴμῶν
844 2881 1169 2952 ἐπικουρίας
1194 2881 1404 2933 δεῖσθαι
1435 2881 1759 2949 νομισθεῖσι.

1948 2886 2017 2949 ni,
2070 2886 2250 2940 solent
2285 2900 2350 2940 ea
2395 2885 2666 2950 contueri,
2714 2887 2915 2956 quibus
2965 2887 3165 2943 irritati
3213 2889 3417 2960 gratias
3466 2889 3527 2956 in

250 2977 509 3047 iugratias
537 2974 715 3029 solent
743 2982 1103 3027 commutare.
1129 2971 1546 3025 Conducibilius
1572 2975 1830 3041 quocirca
1871 2977 2182 3046 cuicunque
2209 2974 2445 3045 principi
2503 2984 2607 3039 est,
2656 2989 2783 3029 cum
2833 2976 2890 3030 in
2940 2978 3223 3047 republica
3284 2980 3526 3035 admini-

250 3069 472 3124 stranda
527 3076 641 3122 tum
688 3067 743 3120 iu
788 3068 998 3136 privata
1057 3065 1187 3127 vita,
1245 3064 1495 3142 subditos
1544 3065 1646 3120 sibi
1698 3083 1826 3125 suos
1863 3070 2133 3125 demereri
2190 3068 2350 3122 donis
2392 3067 2603 3122 collatis
2663 3068 3070 3137 particulatim,
3122 3071 3219 3125 sed
3281 3072 3526 3142 quandiu

250 3165 362 3218 sint
403 3164 456 3215 iu
486 3160 646 3222 vivis,
671 3158 853 3228 potius
879 3172 1043 3226 quam
1073 3141 1483 3226 semel,nequel
1509 3155 1564 3211 id
1594 3158 1885 3227 profusiori
1918 3160 2100 3214 modo.
2137 3158 2246 3212 Sed
2312 3173 2410 3229 par
2446 3166 2530 3212 est
2564 3167 2625 3214 ut
2691 3160 2989 3231 gratiarum
3040 3141 3334 3217 multitudo
3404 3178 3526 3220 ma-

248 3255 586 3327 gnitudoque
615 3252 683 3307 iis
714 3250 894 3321 potius
920 3249 1210 3319 irrogetur,
1242 3249 1336 3317 qui
1396 3265 1497 3319 pro
1550 3251 1725 3305 salute
1758 3236 2067 3308 .comntuni
2103 3252 2298 3321 ingens
2328 3250 2550 3320 aliquod
2603 3258 2659 3305 et
2680 3253 2951 3307 excellens
2990 3252 3206 3309 facinus
3244 3266 3530 3326 perpetra-

251 3350 453 3413 veriut,
510 3362 674 3417 quam
734 3355 796 3399 ut
856 3345 912 3398 in
950 3358 1045 3398 eos
1098 3344 1447 3414 impendatur
1480 3344 1571 3413 qui
1609 3344 1886 3402 rarissime
1925 3356 2115 3402 nostra
2142 3360 2245 3416 ope
2285 3353 2340 3399 et
2372 3344 2573 3399 auxilio
2611 3344 2856 3417 indigere
2881 3346 3157 3401 videntur.

326 3472 439 3536 σπη’.
466 3463 651 3533 θυμός
680 3464 829 3515 ἐστιν
855 3461 1114 3525 ἔκστασις
1139 3458 1411 3522 ἑκούσιος,
1444 3459 1540 3513 καὶ
1558 3458 1666 3513 τῶν
1690 3459 1839 3513 ἰδίων

249 3560 470 3631 φρενῶν
517 3557 901 3627 ἁλλοτρίωσιςο
959 3553 996 3608 ἃ.
1018 3553 1128 3624 γάρ
1157 3554 1207 3605 οί
1244 3552 1542 3615 διαπαντὸς
1573 3551 1843 3621 μελαγχο-

248 3653 455 3713 λῶντες
479 3648 949 3720 κατεργάζονται,
1005 3645 1370 3717 παραπλήσια
1408 3643 1621 3706 τούτοις
1670 3644 1765 3697 καὶ
1794 3642 1844 3696 οί

246 3743 332 3814 τῷ
364 3741 523 3814 θυμῷ
555 3741 854 3810 πληγέντες
882 3738 1003 3792 κατ’
1035 3739 1218 3792 ἐκεῖνο
1247 3734 1444 3808 καιροῦ
1490 3735 1848 3807 διαπράττονο

248 3853 365 3889 ται.

326 3948 439 4003 πθθ.
477 3949 689 4017 ’Ὠσπερ
714 3947 774 4000 τὸ
802 3945 915 4015 πῦρ
940 3944 1041 4014 τὴν
1069 3943 1379 4014 τρέφουσαν
1402 3941 1536 4011 ὓλην
1565 3937 1841 4009 ἀφανίζει,

255 4044 403 4096 οὕτω
434 4043 525 4096 καί
544 4045 571 4095 ό
599 4040 771 4110 θυμὸς
800 4039 897 4110 τὴν
920 4038 1153 4108 ἔχουσαν
1175 4034 1355 4107 ψυχὴν
1386 4034 1684 4097 κατεσθίει,
1714 4032 1846 4085 πολ-

252 4137 417 4199 λάκις
450 4134 507 4188 δὲ
536 4136 628 4187 καὶ
651 4131 857 4204 φθοράν
889 4131 1186 4201 ὀλόκληρον
1227 4130 1525 4199 εἰργάσατο
1552 4126 1645 4180 τοῦ
1677 4125 1842 4190 ζὼου.

329 4368 402 4429 μ’.
435 4357 717 4428 Μηδαμῶς
750 4354 957 4424 μηδένα
986 4352 1123 4424 μηδέ
1148 4352 1374 4415 δικαίως
1400 4350 1557 4422 θυμῷ
1588 4349 1844 4421 κολάσῃς.

266 4454 357 4517 Ὠς
393 4454 502 4521 γὰρ
524 4451 588 4503 ἂν
610 4453 638 4502 ὁ
664 4448 887 4518 πάσχων
922 4448 1021 4517 τὴν
1066 4446 1222 4514 δίκην
1280 4444 1475 4516 ὐφέξῃ,
1507 4443 1671 4505 αὐτὸς
1700 4444 1849 4512 ὅμως

255 4548 414 4600 οὐδὲν
441 4545 660 4598 ἔλαττον
684 4541 1080 4611 ἐξελεγχθήσῃ,
1113 4538 1398 4609 σφαλερῶς
1432 4540 1498 4606 τῇ
1522 4536 1719 4607 πράξει
1759 4553 1851 4588 κε-

253 4657 368 4712 χρη
376 4640 557 4710 μένος.
589 4638 679 4689 Διὸ
702 4636 796 4689 καὶ
824 4635 1089 4688 κάλλιστά
1116 4648 1201 4694 τις
1239 4630 1349 4681 τῶν
1371 4628 1614 4701 ἀρχαίων
1644 4626 1848 4680 ἀπεθέ-

255 4750 427 4785 σπισε
468 4731 604 4802 πρὸς
650 4726 1037 4800 ἡμαρτηκότα,
1091 4724 1394 4777 Ἑκόλασια
1449 4720 1527 4773 ἂν
1557 4735 1651 4784 σε,
1681 4720 1732 4771 εὶ
1763 4716 1847 4787 μὴ

252 4825 624 4894 ἐθυμούμηγ.

330 4965 445 5027 μα’.
484 4957 694 5026 Τυφλόν
725 4959 842 5008 ἐστι
880 4954 1052 5013 πάθος
1080 4956 1108 5006 ὁ
1138 4951 1331 5021 θυμὸς,
1366 4948 1463 5003 καί¹
1491 4946 1697 5017 κρίνειν
1748 4945 1850 4997 οὐκ

252 5053 405 5123 ἔχων
428 5050 538 5103 ἀπὸ
568 5049 661 5102 τοῦ
695 5048 937 5118 χείρονος
964 5047 1024 5097 τὸ
1050 5046 1322 5112 κρεῖττον.
1355 5042 1444 5093 Διὸ
1471 5038 1697 5108 οὐδεμία
1727 5038 1853 5104 ὄνη-

256 5164 372 5208 σις,
406 5143 730 5212 παραίνεσις
764 5138 1128 5210 ὀργιζομένῳ.
1158 5135 1504 5204 Πεπαυμένῳ
1533 5133 1610 5197 δὲ,
1635 5132 1734 5199 τὴν
1764 5129 1851 5181 διά

254 5237 376 5289 τῶν
425 5234 664 5303 ἐλέγχων
738 5232 1040 5301 θεραπείαν
1100 5226 1494 5298 προσενεκτέον
1558 5224 1853 5293 κεράσαντι

258 5325 561 5395 ἐπιεικείᾳ.
606 5324 744 5377 Οὐτε
794 5322 902 5393 γάρ
933 5321 1001 5373 τὰ
1048 5318 1352 5390 δριμύτερα
1400 5316 1511 5368 τῶν
1545 5314 1853 5384 φαρμάκων

258 5421 399 5474 ἄνευ
443 5417 658 5487 μέλιτος
704 5417 818 5478 τοῖς
860 5414 1133 5483 κάμνουσι
1182 5410 1481 5480 προσάγειν
1551 5408 1854 5476 ἐγνώκασιν

260 5514 313 5564 οἱ
352 5510 530 5580 ίατροὶ
552 5549 566 5573 ,
599 5507 722 5560 οὔτε
753 5507 879 5568 τοὺς
899 5504 1174 5576 ἀκράτους
1199 5503 1455 5571 ἐλέγχους
1478 5502 1512 5571 ἠ
1546 5498 1654 5552 τῶν
1685 5499 1855 5551 άπαι-

263 5603 475 5657 δεύτων
503 5601 716 5671 δέχεται
742 5598 912 5669 ψυχή.

341 5740 451 5811 ιβ’.
485 5738 692 5809 Ὥσπερ
729 5735 898 5805 ταχὺν
920 5736 977 5789 ἐν
1006 5736 1126 5797 ταῖς
1154 5732 1319 5796 ἀξίων
1350 5728 1695 5802 εὐεργεσίαις
1718 5722 1858 5780 εἶναι

267 5833 574 5905 προσῆκεν,
638 5830 780 5886 οὓτω
821 5828 1023 5901 βραδὺν
1058 5829 1115 5883 ἐν
1143 5828 1265 5891 ταῖς
1293 5824 1401 5880 τῶν
1451 5823 1639 5880 αἰτίων
1687 5838 1860 5892 τιμω-

2010 3461 2098 3517 88.
2137 3461 2220 3517 lra
2262 3470 2347 3519 est
2372 3462 2679 3519 voluntaria
2726 3462 2975 3533 quaedam
3019 3462 3268 3528 ecstasis,
3297 3473 3354 3519 et
3371 3480 3532 3520 men-

1942 3556 2013 3611 tis
2074 3572 2105 3611 a
2146 3563 2291 3611 statu
2354 3572 2457 3612 suo
2514 3556 2899 3611 abalienatio:
2962 3571 3092 3625 quae
3127 3555 3275 3611 enim
3340 3556 3531 3613 furiosi

1942 3646 2189 3717 quotidie
2243 3655 2534 3719 peragunt,
2585 3647 2786 3703 similia
2842 3647 3005 3717 plan‘e
3053 3656 3373 3717 perpetrant
3435 3663 3535 3719 per

1946 3741 2081 3800 illud
2120 3750 2337 3815 tempus
2356 3742 2430 3797 illi
2456 3742 2548 3813 qui
2574 3741 2945 3814 pereelluntur
2972 3741 3272 3798 iracundia.

2024 3942 2113 3998 89.
2166 3942 2313 4014 Ignis
2343 3944 2510 3997 veluti
2539 3942 2874 3998 nutrientem
2909 3959 2969 3998 se
2993 3944 3278 3999 materiam
3313 3944 3539 4000 annibi-

1953 4034 2049 4100 lat,
2092 4034 2162 4087 ita
2197 4044 2253 4089 et
2294 4033 2577 4089 iracundia
2601 4036 2837 4089 animam
2864 4036 3045 4091 exedit
3092 4052 3253 4106 quam
3300 4037 3536 4102 obsedit,

1954 4125 2085 4195 quin
2109 4133 2164 4179 et
2186 4140 2295 4179 non
2320 4140 2445 4179 raro
2477 4136 2915 4181 consummatam
2941 4126 3109 4182 totius
3137 4127 3389 4185 animalis
3410 4146 3539 4201 per-

1879 4190 1924 4245 υ
1951 4220 2217 4275 ditionem
2246 4228 2525 4289 operatur.

2022 4359 2110 4415 90.
2142 4358 2316 4413 Iratus
2346 4359 2645 4423 neminem,
2682 4373 2753 4413 ne
2802 4360 3023 4429 quidem
3063 4361 3207 4430 justo
3235 4360 3382 4425 licet,
3410 4376 3541 4430 sup-

1952 4452 2128 4521 pliciis
2164 4451 2380 4506 allicito.
2406 4452 2697 4521 Uteunque
2734 4454 2879 4506 enim
2920 4453 3103 4508 tulerit
3130 4454 3218 4508 ille
3243 4454 3334 4524 qui
3374 4455 3541 4524 puni-

1955 4551 2064 4607 tur,
2118 4552 2175 4597 tu
2218 4542 2572 4597 nihilominus
2637 4543 2968 4613 vituperium
3046 4544 3315 4605 ineurres,
3394 4544 3541 4613 quod

1956 4635 2260 4705 improvide
2282 4636 2561 4705 negotium
2605 4635 2736 4688 illud
2789 4634 3047 4690 obivcris.
3086 4634 3354 4701 Quocirca
3410 4651 3540 4705 per-

1956 4727 2099 4781 belle
2122 4727 2329 4781 dictum
2361 4728 2429 4781 ab
2456 4730 2806 4797 antiquorum
2838 4730 3023 4797 aliquo
3048 4728 3153 4782 fuit
3210 4744 3335 4799 erga
3359 4729 3540 4784 delin-

1954 4829 2215 4889 quentem
2269 4836 2283 4873 :
2344 4817 2497 4872 Cerle
2521 4828 2570 4871 te
2614 4821 2879 4886 punirem,
2911 4820 2956 4872 si
3011 4836 3115 4872 non
3171 4820 3446 4875 irascerer.

2029 4954 2116 5008 9|.
2169 4952 2325 5005 Caeca
2346 4951 2591 5020 quaedam
2624 4949 2806 5019 passio
2836 4950 2989 5004 furor
3028 4961 3132 5012 est.
3179 4967 3283 5005 nec.
3327 4951 3544 5007 discer-

1958 5053 2090 5091 nere
2152 5045 2332 5105 potest
2362 5036 2493 5089 utile
2520 5037 2587 5090 ab
2617 5035 2813 5088 inutili.
2847 5034 2989 5087 irato
3016 5036 3152 5088 nihil
3182 5036 3428 5104 proderit
3449 5038 3548 5093 ad—

1959 5130 2189 5184 monitio
2230 5147 2241 5181 :
2274 5139 2560 5197 postquam
2634 5142 2766 5181 vero
2842 5127 3119 5181 deferbuit
3150 5128 3250 5189 ira,
3282 5130 3550 5185 adhibea-

1962 5232 2048 5275 tur
2068 5220 2331 5274 medicina
2360 5235 2457 5289 per
2482 5220 2903 5283 correctionem,
2928 5220 3001 5273 ita
3027 5228 3085 5273 ut
3118 5221 3378 5275 comitate
3409 5238 3545 5277 cond-

1962 5316 2161 5370 diatur.
2226 5311 2360 5366 Nam
2416 5313 2519 5366 nisi
2574 5313 2734 5367 mch
2783 5315 2916 5368 illita
2964 5313 3157 5383 pocula
3213 5314 3542 5369 medicantia

1962 5407 2121 5479 aegris
2146 5405 2407 5461 exhibere
2434 5406 2600 5475 paulo
2629 5406 2898 5460 amariora
2948 5422 3060 5460 non
3092 5406 3268 5461 solent
3297 5406 3494 5461 medici
3526 5422 3543 5467 ;

1960 5502 2036 5556 ita
2102 5516 2204 5554 nec
2235 5500 2612 5569 insipientium
2639 5502 2835 5555 animae
2883 5500 3296 5572 redargutiones
3343 5500 3548 5555 admit-

1962 5601 2083 5647 tunt
2104 5590 2451 5647 meraciores.

2034 5728 2122 5781 99..
2179 5724 2654 5790 Quemadmodum
2676 5722 3013 5778 celeritatem
3047 5721 3307 5777 adhibere
3340 5735 3439 5790 par
3465 5727 3551 5773 est

1964 5820 2021 5874 in
2065 5818 2481 5875 remunerandis
2511 5818 2577 5874 iis
2604 5816 2861 5888 quidigni
2887 5825 3035 5883 sunt,
3080 5816 3153 5871 ita
3176 5813 3392 5870 tardum
3427 5827 3551 5868 esse
