3964 6450
449 413 562 475 687

1595 383 1864 468 PHOTII
1900 402 2412 466 PATRIAHCH/E
2442 407 2560 468 cr.

3618 406 3733 470 688

453 526 613 580 decet
655 521 710 575 in
751 517 1075 577 delictorum
1127 533 1309 592 ptents
1334 515 1663 593 infligendis.
1701 509 2040 574 Gaudentem

2158 517 2312 586 βίαις,
2346 517 2440 570 καὶ
2465 517 2679 591 χαίρειν
2702 517 2799 590 μὲν
2823 505 3093 591 τιμῶνται
3121 527 3158 549 ’⁸
3192 517 3320 582 τοὺς
3364 519 3729 588 σπουδαίους,

449 623 670 687 oportet
697 615 876 670 bonos
907 614 1204 679 honorare,
1237 613 1626 669 condolentem
1653 627 1788 667 vero
1838 610 2044 681 suppli-

452 710 544 763 cio
573 707 790 762 allicere
821 707 1110 761 obnoxios.
1388 776 1391 777 ν

523 799 615 854 95.
666 797 745 852 Illi
801 798 894 868 qui
955 797 1054 852 tibi
1103 795 1265 852 ﬁdem
1323 789 1546 853 adhibet
1608 796 1852 853 difﬁdere
1909 798 2043 854 noli.

453 890 512 943 Si
546 890 692 944 enim
735 889 1086 944 credentibus
1140 889 1293 944 infidi
1317 891 1542 956 erimus,
1577 889 1894 958 qualesnam
1927 888 2048 943 aliis

458 983 770 1038 videbimur
797 999 942 1048 esse,
998 993 1244 1039 autcum
1304 984 1634 1054 quibusnam
1693 982 1936 1038 suaviter
1990 990 2048 1037 et

451 1079 571 1134 sine
627 1088 776 1132 metu
811 1076 1197 1133 versabimur?

523 1171 613 1226 94.
661 1171 794 1226 Esse
863 1179 919 1224 et
947 1169 1204 1240 Opinione
1257 1168 1506 1240 usurpari
1554 1183 1666 1223 non
1705 1167 2043 1224 coincidunt.

458 1263 727 1330 Quocirca
770 1262 913 1332 apud
938 1278 1074 1331 quos
1107 1261 1420 1331 Opinionem
1451 1260 1534 1315 sui
1592 1260 1843 1314 obtinere
1896 1258 2047 1314 vide-

452 1354 556 1419 ris,
611 1353 865 1406 exsulare
915 1352 1117 1406 ibidem
1143 1352 1418 1406 actionem
1446 1359 1640 1423 reputa
1668 1360 1724 1406 et
1752 1349 2045 1406 essentiam

452 1445 657 1498 realem
711 1444 941 1509 abesse,

524 1537 616 1592 95.
647 1537 830 1606 Turpe
853 1547 938 1591 est
974 1536 1127 1591 illum
1173 1536 1269 1608 qui
1307 1536 1439 1592 viris
1502 1527 1756 1608 imperat
1789 1537 2046 1590 succum-

451 1627 584 1681 bere
645 1627 1008 1693 mulieribus,
1075 1636 1131 1682 et
1197 1626 1569 1698 voluptatibus
1625 1623 1906 1682 subditum
1960 1625 2045 1679 in-

451 1716 652 1771 veniri.
685 1715 744 1770 ln
779 1701 870 1771 illa
915 1715 1119 1771 femina
1193 1700 1570 1771 tantummodo
1630 1731 1740 1771 non
1781 1715 2046 1785 delinquit

452 1802 671 1878 aliquis,
693 1805 858 1880 quam
915 1808 1060 1873 vitae,
1135 1809 1438 1864 secundum
1491 1808 1663 1879 leges,
1719 1804 2043 1878 adiutricem

454 1900 702 1954 sortitur.
741 1899 1034 1956 Caelibatus
1056 1901 1276 1971 quidem
1303 1901 1486 1956 divina
1519 1899 1768 1971 quaedam
1804 1915 1894 1955 res
1938 1908 2044 1967 est,
2075 1882 2125 1944 Β

453 1999 707 2046 naturam
749 2007 1037 2062 superans,
1071 1995 1250 2064 majus
1282 1993 1541 2064 quiddam
1587 1994 1791 2050 virtute
1827 1993 2044 2064 politica

451 2091 508 2135 et
536 2089 684 2136 recta
712 2082 892 2154 legum
909 2084 1276 2140 observantia.
1325 2082 1638 2139 Univiratus
1665 2084 1921 2138 humanm
1943 2099 2045 2138 na-

450 2182 592 2228 turae
627 2189 766 2244 opus
794 2183 900 2241 est,
941 2191 1088 2247 cum,
1113 2177 1179 2232 ad
1212 2177 1615 2232 successionem
1673 2176 1888 2248 generis
1916 2191 2047 2252 con-_-

449 2265 790 2331 tinuandam,
832 2274 947 2322 tum
989 2257 1058 2324 ad
1100 2268 1417 2324 societatem
1463 2267 1637 2322 civilis
1692 2275 1748 2322 et
1793 2268 2047 2322 humanae

453 2359 604 2424 vitae,
646 2368 703 2415 et
758 2360 1196 2417 conversationis
1235 2369 1385 2418 recte
1419 2359 1704 2416 institutae.
1737 2360 2047 2432 Polygamia

450 2466 540 2506 res
560 2451 875 2522 turpissima
902 2466 958 2508 et
976 2439 1340 2519 detestabilis,
1363 2470 1486 2524 quae
1507 2439 1814 2510 belluarum
1844 2469 2047 2511 conve-

449 2543 534 2598 nit
563 2552 618 2598 et
650 2534 956 2614 impuritati
982 2554 1038 2600 et
1068 2545 1327 2601 lasciviae.

519 2621 611 2690 96.
653 2635 967 2690 Alexander
993 2635 1216 2691 Macedo
1245 2636 1584 2692 dominatum
1612 2633 1756 2693 Asiae
1780 2637 1927 2692 bello
1955 2653 2050 2693 ac-

446 2726 697 2797 quirens,
729 2725 981 2782 Persicas
1034 2727 1296 2783 mulieres
1326 2729 1610 2784 oculorum
1638 2729 1815 2800 jacula
1838 2729 2051 2784 dicebat

452 2832 582 2872 esse
608 2836 623 2872 :
661 2817 747 2872 vir
775 2827 958 2873 autem
990 2834 1120 2875 vere
1153 2815 1464 2891 temperans
1485 2833 1541 2876 et
1563 2822 1873 2877 divinorum
1893 2837 2051 2876 man-

444 2908 702 2964 datorum
740 2910 964 2965 sedulus
989 2911 1311 2967 observator
1335 2928 1447 2967 non
1485 2915 1650 2970 modo
1681 2913 2043 2982 Persicarum,

450 2999 550 3054 sed
593 3011 650 3054 et
698 3001 943 3055 omnium
978 3001 1203 3057 omnino
1235 3002 1562 3058 feminarum
1604 3005 1885 3073 intuitum,
1926 3017 2050 3063 tan-

448 3107 612 3162 quam
656 3092 934 3148 letiferum
977 3095 1174 3151 animae
1209 3096 1375 3151 telum
1414 3107 1470 3152 et
1491 3097 1653 3154 nimis
1675 3100 1850 3169 velox,
1881 3100 2053 3173 fugiet

2157 609 2412 665 ἀνιᾶσθαι
2442 612 2500 664 δὲ
2533 611 2833 677 κολάζοντα
2859 613 2990 676 τοὺς
3018 609 3376 676 ὑπευθύνους.

2219 798 2326 862 ι,γῆ
2353 774 2562 863 Μηδενί
2623 793 2896 864 μηδέποτε
2951 793 3304 848 πιστεύσαντί
3362 812 3446 848 σοι
3504 795 3736 858 ἄπιστος

2145 888 2392 960 ὸφθείης.
2436 889 2534 940 Ἂν
2562 889 2671 958 γάρ
2699 888 2920 942 ἄπιστοι
2948 886 3239 956 γενώμεθα
3269 888 3385 951 τοῖς
3428 904 3735 940 πεπιστευ-

2148 983 2290 1045 κόσι,
2327 982 2472 1046 τίνες
2498 985 2612 1044 τοῖς
2641 979 2821 1044 ἄλλοις
2851 979 3112 1052 δόξομεν;
3173 981 3268 1033 καὶ
3321 980 3461 1052 μετὰ
3487 979 3651 1033 τίνων
3681 982 3738 1034 δὲ

2147 1075 2337 1131 λοιπὸν
2364 1076 2533 1140 ἀδεῶς
2558 1075 2654 1128 καὶ
2680 1075 2853 1146 ἡδέως
2886 1073 3158 1145 βιώσομεν
3179 1091 3194 1142 ;

2218 1171 2322 1238 ἥδ’.
2357 1169 2471 1224 Οὐκ
2501 1168 2678 1223 ἐθέλει
2705 1169 2766 1222 τὸ
2792 1164 2932 1222 εἶναι
2988 1166 3127 1243 μετά
3163 1164 3256 1221 τοῦ
3308 1165 3521 1220 οἴεσθαι
3557 1168 3736 1219 συνεί-

2149 1281 2258 1321 ναι.
2288 1264 2367 1318 Δι’
2397 1263 2426 1317 ὂ
2448 1263 2505 1317 έν
2532 1258 2616 1326 οἷς
2634 1261 2701 1316 ἄν
2722 1260 2822 1332 τὴν
2849 1260 3027 1330 οἴησιν
3043 1261 3198 1332 όρᾷς,
3216 1259 3319 1331 τὴν
3343 1259 3547 1330 πρᾶξιν
3571 1257 3738 1329 ὑπερ-

2147 1357 2299 1429 όριον
2325 1355 2538 1428 νόμιζε,
2571 1352 2669 1409 καὶ
2701 1351 3131 1424 διαπεφευγέναι
3156 1351 3219 1406 τδ
3246 1349 3412 1406 εἶναι.

2217 1535 2318 1607 ιιέ.
2352 1525 2591 1610 Ᾱίσχρόν
2610 1539 2759 1591 ἐστιν
2775 1535 2984 1607 ἀνδρῶν
3005 1535 3244 1606 ἄρχοντα
3268 1533 3363 1588 καὶ
3382 1533 3735 1600 δεσπόζοντα,

2146 1631 2425 1700 γυναικῶν
2457 1628 2782 1702 ἡττηθῆναι,
2845 1630 2940 1682 καὶ
2991 1625 3179 1680 δοῦλον
3226 1626 3434 1697 ἡδονῶν
3477 1625 3736 1697 ὀφθῆναι.

2147 1715 2252 1770 Ἦν
2281 1715 2340 1771 δέ
2359 1734 2445 1780 τις
2472 1718 2622 1788 νόμῳ
2647 1715 2843 1788 βοηθὸν
2875 1717 3147 1788 ἐκτήσατο
3175 1713 3316 1786 βίου,
3343 1714 3519 1786 ταύτῃ
3561 1731 3742 1768 συνοι-

2147 1810 2261 1864 κῶν
2314 1810 2413 1882 οὐχ
2467 1811 2798 1883 ἁμαρτάνει.
2867 1810 3109 1881 Ἀγαμία
3141 1813 3242 1882 μὲν
3287 1810 3429 1865 θεῖον
3480 1811 3742 1880 πρᾶγμα,

2151 1906 2246 1960 καὶ
2281 1905 2582 1976 ὑπερφυὲς,
2615 1903 2711 1958 καὶ
2742 1903 2930 1975 μεῖζον
2965 1901 3253 1973 πολιτικῆς
3287 1901 3491 1973 ἀρετῆς
3521 1902 3622 1956 καὶ
3655 1902 3745 1954 εὑ-

2147 2001 2364 2073 νομίας.
2405 1983 2733 2070 Μονογαμία
2763 1998 2844 2065 δὲ,
2900 1998 3120 2068 φύσεως
3146 1997 3497 2070 ἀνθρωπίνης
3552 1997 3744 2068 ἔργον,

2146 2091 2228 2155 εἷς
2275 2108 2336 2144 τε
2395 2090 2590 2160 γένους
2637 2082 2924 2162 διαδοχὴν,
2962 2091 3059 2144 καὶ
3100 2092 3180 2154 είς
3210 2091 3500 2144 κοινωνίαν
3521 2088 3745 2160 ἡμέρου

2146 2183 2244 2236 καὶ
2269 2181 2656 2254 φιλανθρώπου
2692 2182 2832 2253 βίου,
2875 2183 2968 2236 καὶ
3005 2183 3281 2247 πολιτείας
3306 2181 3746 2253 εὐνομουμένης.

2147 2275 2473 2348 Πολυγαμία
2505 2274 2617 2348 (54)
2643 2275 2718 2342 δὲ,
2746 2275 3116 2348 ὑπέραισχρον
3144 2276 3237 2329 καὶ
3266 2273 3484 2346 μιαρδν,
3509 2273 3610 2327 καὶ
3644 2273 3745 2344 τῆς

2147 2370 2258 2424 τῶν
2285 2369 2495 2440 ἀλόγων
2523 2365 2822 2433 ἀκολασίας
2849 2371 2943 2446 καὶ
2971 2353 3336 2442 ἀκαθαρσίας.

2220 2638 2338 2703 [ις’.
2376 2623 2728 2704 Ἀλέξανδρος
2753 2633 2781 2687 ὁ
2802 2629 3091 2700 Μακεδὼν,
3123 2631 3307 2696 Ἀσίας
3335 2629 3527 2703 κύριος
3553 2629 3744 2704 δόρατι

2150 2727 2410 2798 γεγονὼς,
2441 2727 2541 2791 τὰς
2566 2726 2839 2799 Περσίδας
2867 2725 3056 2795 ἔλεγεν
3090 2721 3305 2797 βολίδας
3348 2725 3620 2796 ὀμμάτων
3660 2719 3740 2778 εἷς

2149 2836 2272 2877 ναι·
2301 2823 2330 2875 ὁ
2351 2821 2409 2874 δὲ
2439 2819 2672 2892 σώφρων
2694 2819 2771 2884 ὡς
2803 2818 3022 2890 ἀληθῶς
3047 2815 3189 2888 ἀνὴρ
3211 2860 3226 2883 ,
3256 2816 3350 2871 καὶ
3385 2817 3745 2870 Δεσποτικῶν

2151 2913 2330 2984 φύλαξ
2350 2911 2580 2967 ἐντολῶν
2610 2911 2747 2983 (55),
2795 2911 2856 2964 οὐ
2913 2908 3015 2974 τὰς
3046 2909 3322 2982 Περσίδας
3363 2909 3552 2979 μόνον,
3602 2907 3746 2963 ἀλλὰ

2151 3006 2250 3061 καὶ
2280 3007 2462 3077 πάσης
2500 3004 2763 3073 γυναικὸς
2796 3003 2943 3074 δψιν,
2991 3003 3067 3068 ὡς
3103 3003 3198 3068 ὀξὺ
3242 3003 3425 3074 ψυχῆς
3456 3002 3614 3073 βέλος
3647 3003 3745 3055 καὶ

2151 3097 2561 3168 θανατηφόρον,
2617 3093 2878 3165 φεύξεται
2914 3093 3010 3148 καὶ
3048 3095 3506 3163 ἁποστραφεῖται.
3563 3087 3747 3161 *Ηχος

447 3197 508 3243 et
535 3189 900 3245 aversabitur.
937 3184 1101 3248 Vocis
1130 3193 1351 3263 quidem
1381 3210 1550 3251 sonus
1579 3211 1743 3252 aures
1775 3195 1943 3261 feriit,
1990 3207 2043 3254 et

2158 3191 2256 3261 μὲν
2285 3188 2471 3262 φωνῆς
2508 3186 2742 3260 ἔπληξεν
2771 3187 2967 3258 ἀκοὴν,
2999 3185 3095 3240 καὶ
3126 3185 3195 3239 δι’
3217 3187 3390 3258 αὐτῆς
3419 3183 3746 3252 ἐνετυπώθη

442 3295 551 3352 per
567 3297 730 3338 aures
756 3284 942 3355 passio
962 3285 1158 3341 animae
1188 3285 1551 3358 insculpitur:
1584 3291 2043 3347 attrahitoculum

2158 3284 2208 3338 ιδ
2235 3282 2408 3347 πάθος
2462 3284 2529 3355 τῇ
2581 3282 2763 3353 ψυχῇ·
2809 3279 3007 3344 κάλλος
3057 3279 3115 3333 δὲ
3171 3278 3443 3348 σωμάτων
3485 3277 3749 3331 εἵλκυσεν

448 3373 699 3442 corporis
733 3372 1109 3445 pulchritudo,
1141 3387 1195 3432 et
1221 3393 1320 3447 per
1351 3393 1475 3433 eum
1520 3381 1743 3435 modum
1772 3382 2045 3451 captivum

445 3463 686 3520 vinculis
708 3469 1073 3524 constrictum
1103 3478 1300 3525 tenens
1321 3472 1613 3536 rationem,
1636 3474 1719 3528 sui
1745 3473 1895 3544 prius
1907 3475 2046 3548 juris

444 3562 506 3608 et
534 3553 778 3625 imperii,
813 3558 872 3614 in
906 3559 1229 3616 servitutem
1263 3563 1428 3618 simul
1458 3566 1688 3637 redegit.

517 3645 610 3702 97.
654 3647 1126 3714 Quemadmodum
1146 3653 1482 3725 impossibile
1499 3668 1583 3715 est
1611 3668 1671 3714 ut
1697 3660 1744 3716 is
1771 3661 1865 3732 qui
1895 3678 2046 3719 mare

442 3737 670 3808 navigat
701 3740 774 3794 sit
799 3741 921 3796 sine
956 3752 1286 3812 tempestate
1323 3755 1380 3800 et
1409 3749 1629 3804 turbato
1657 3751 1794 3815 salo,
1831 3752 1905 3807 ita
1929 3752 2042 3808 fieri

445 3828 645 3897 nequit
685 3839 746 3884 ut
775 3830 823 3886 is
852 3842 1006 3888 extra
1043 3836 1285 3904 pericula
1327 3833 1614 3896 et'lluctus
1647 3844 1910 3900 consistat
1949 3845 2044 3916 qui

441 3921 790 3990 corporalem
808 3934 1052 3980 sectatur
1075 3929 1240 3998 paulo
1262 3931 1534 3987 curiosius
1553 3935 2040 4002 pulchritudinem.

445 4010 675 4081 Oportet
717 4015 881 4086 igitur
910 4017 1062 4074 initia
1094 4023 1406 4090 passionum
1435 4035 1490 4080 et
1515 4041 1707 4082 causas
1735 4028 2039 4086 declinare:

444 4106 592 4176 quod
637 4116 693 4162 et
722 4109 1010 4165 utilitatem
1063 4113 1256 4170 all'eret
1287 4159 1302 4183 ,
1343 4132 1521 4187 neque
1569 4134 1703 4174 sane
1754 4121 2041 4179 difﬁculter

445 4200 811 4267 praestabitur.
845 4203 983 4258 Cum
1010 4222 1140 4262 vero
1161 4210 1330 4264 semel
1355 4211 1672 4268 rationalem
1704 4225 1912 4284 partem
1936 4217 2040 4271 hoc

444 4291 649 4345 nialum
705 4293 988 4362 invaserit,
1039 4299 1110 4354 ita
1145 4309 1204 4355 ut
1251 4302 1542 4375 imaginem
1592 4305 1910 4363 desiderata:
1959 4308 2040 4364 rei

438 4384 624 4439 eidem
653 4386 1014 4466 impresserit,
1048 4387 1338 4449 difficulter
1388 4384 1506 4451 haec
1543 4397 1727 4468 passio
1761 4399 2036 4470 abjicitur,

441 4485 496 4532 ct
531 4478 622 4534 vix
655 4489 740 4534 est
771 4491 832 4535 ut
861 4482 928 4535 ab
959 4483 1051 4537 illa
1079 4499 1138 4539 se
1172 4486 1424 4554 expediat
1456 4488 1676 4558 aliquis.

2146 3376 2446 3448 ὀφθαλμὸν,
2473 3375 2567 3430 καὶ
2586 3375 2654 3430 δι’
2683 3373 2852 3430 αὑτοῦ
2883 3373 3105 3455 δέσμιον
3129 3371 3312 3426 λαϐὼν
3333 3414 3350 3440 ,
3397 3370 3749 3426 κατεδουλώ-

2147 3487 2280 3524 σατο
2304 3470 2396 3524 τὸν
2417 3467 2811 3524 αὐτοδέσποτον
2836 3465 3121 3537 λογισμόν.

2216 3648 2324 3719 ιις.
2358 3651 2572 3721 Ὠσπερ
2599 3648 2861 3703 ἀδύνατον
2892 3648 2953 3702 ὲν
2987 3645 3231 3717 θαλάσσῃ
3265 3644 3524 3711 πλέοντα,
3565 3663 3743 3718 ταρα-

2145 3745 2248 3815 χῆς
2281 3745 2376 3798 καὶ
2404 3741 2576 3812 ζάλης
2597 3742 2900 3815 ἀπείρατον
2920 3740 3220 3810 διαμεῖναι,
3252 3738 3424 3803 οὕτως
3450 3740 3735 3810 ἀμήχανον

2143 3839 2237 3893 τὸν
2269 3836 2441 3908 κάλλη
2472 3835 2745 3907 σωμάτων
2781 3831 3190 3887 ἐπισκοποῦντα
3231 3833 3328 3886 καὶ
3369 3831 3739 3904 περιεργαζό-

2148 3948 2334 4002 μενον,
2383 3929 2492 3984 τῶν
2531 3927 2745 3982 ἐκεῖθεν
2797 3926 3058 3997 κυμάτων
3117 3926 3214 3979 καὶ
3257 3923 3524 3978 κινδύνων
3580 3926 3744 3989 ἐκτὸς

2147 4021 2506 4078 καθεστάναι.
2535 4021 2616 4074 Δι’
2641 4019 2670 4074 δ
2706 4019 2808 4083 τάς
2837 4017 3013 4089 ἀρχὰς
3046 4016 3144 4071 καὶ
3171 4017 3272 4081 τὰς
3319 4019 3503 4081 αἰτίας
3550 4019 3744 4091 ὲκτρέο

2144 4117 2346 4169 πεσθαι
2384 4113 2493 4186 χρὴ
2518 4112 2628 4166 τῶν
2652 4109 3016 4182 παθημάτων.
3050 4107 3222 4161 Τοῦτο
3256 4106 3366 4179 γὰρ
3397 4108 3496 4160 καὶ⁵
3520 4109 3744 4179 συμφέο

2151 4225 2263 4279 ρον,
2287 4207 2384 4261 καὶ
2404 4206 2465 4260 οὐ
2501 4204 2756 4277 χαλεπόν.
2802 4201 3058 4257 Ἐπειδὰν
3097 4201 3158 4255 δὲ
3203 4202 3317 4264 τοῖς
3348 4199 3641 4271 λογισμοῖς
3682 4202 3746 4256 τὸ

2143 4299 2315 4353 κακὸν
2348 4296 2620 4369 ὲνσκήψῃ,
2641 4297 2736 4350 καλ⁵
2761 4294 2823 4349 τὸ
2847 4293 3068 4349 εἴδωλον
3090 4293 3276 4358 αὐτοῖς
3304 4291 3406 4361 τῆς
3432 4293 3745 4364 ἐπιθυμίας

2143 4390 2456 4462 ὲντυπώσῃ,
2487 4387 2899 4459 δυσαπόϐλητον
2919 4386 3132 4458 γίνεται
3155 4381 3220 4440 τὸ
3247 4383 3441 4453 πάθος,
3457 4384 3555 4438 καὶ
3576 4387 3746 4456 χαλε-

2143 4487 2244 4541 πὸν
2272 4483 2673 4555 ἀπαλλαγῆναι.

513 4568 607 4625 98.
649 4569 790 4626 Sunt
840 4571 935 4658 qui
980 4584 1255 4630 amatores
1305 4579 1668 4647 pronuntiant
1724 4578 1780 4632 in
1838 4579 2036 4638 alienis

2213 4583 2322 4649 ιιηό
2362 4577 2521 4641 Τινὲς
2542 4577 2668 4640 τοὺς
2702 4574 2946 4648 ἐρῶντας
2971 4573 3183 4644 ἔφησαν
3217 4574 3276 4627 ἐν
3301 4571 3609 4646 ἀλλοτρίοις
3635 4576 3745 4626 σώ-

441 4663 766 4732 corporibus
793 4680 922 4721 suas
950 4665 1161 4721 animas
1191 4667 1393 4723 habere
1419 4686 1432 4724 :
1464 4669 1814 4740 conjunctius
1836 4673 2035 4742 opinor

439 4769 567 4810 cum
618 4757 834 4814 ratione
870 4759 1091 4824 dicitur,
1130 4775 1229 4816 eos
1280 4760 1337 4814 in
1371 4755 1694 4834 corporibus
1733 4753 1925 4820 alienis
1975 4776 2031 4820 et

441 4856 680 4902 mentem
713 4857 766 4903 et
791 4849 1027 4904 animam
1062 4851 1388 4923 perdidisse.

2145 4671 2397 4744 μασιτὴν
2425 4669 2604 4740 ψυχὴν
2628 4668 2728 4738 τὴν
2755 4666 2890 4721 ἰδίαν
2916 4667 3079 4737 ἔχειν·
3099 4664 3468 4736 εὐλογώτερον
3497 4665 3544 4718 δ’
3575 4662 3740 4736 οἶμαι

2141 4764 2345 4833 λέγειν,
2406 4757 2605 4823 αὐτοὺς
2651 4761 2710 4813 έν
2745 4759 3048 4830 ἀλλοτρίοις
3087 4757 3304 4829 σώμασι
3352 4755 3445 4810 τὸν
3497 4754 3632 4809 νοῦν
3670 4757 3739 4828 τῇ

2137 4855 2285 4926 ψυχῇ
2313 4850 2773 4907 συναπολωλεναι.

1735 4969 1972 5044 vacui:
2013 4979 2425 5048 LECTIONES.

512 5112 554 5140 ω
585 5101 712 5172 Leg.
748 5102 1015 5172 τιμῶντα.

1966 5229 2200 5353 ΝΟΜ),

513 5388 624 5461 (54)
660 5389 1031 5461 ligaturarum.
1085 5388 1310 5445 Reti'nui
1349 5405 1564 5455 vocem,
1591 5391 1718 5461 quia
1741 5401 1828 5446 est
1855 5395 2031 5450 ambi-

477 5477 560 5516 ua.
600 5459 838 5534 _Sed_hoc
885 5459 941 5534 in
975 5460 1093 5514 loco
1124 5471 1335 5534 putent,
1367 5477 1478 5534 non
1519 5459 1829 5534 significare
1857 5465 2029 5534 pluri-

481 5548 542 5585 us
572 5530 735 5584 simul
767 5529 1031 5584 uxoribus
1075 5531 1172 5593 uti,
1207 5530 1480 5594 utJacob,
1524 5529 1718 5598 David,
1750 5529 1994 5590 Herodes
2015 5578 2027 5600 ,

439 5602 527 5655 alii
561 5602 692 5675 olim
717 5600 1036 5675 utebantur,
1063 5602 1250 5675 setlad
1283 5603 1472 5655 tertias
1495 5613 1784 5675 quartasve
1806 5609 2029 5675 nuptias

439 5671 717 5742 progredi.
747 5670 882 5724 Rem
911 5672 1038 5725 mali
1070 5670 1270 5742 ominis
1300 5681 1357 5725 et
1381 5674 1620 5726 nominis
1664 5675 1715 5726 in
1744 5670 2024 5740 Ecclesia;

437 5741 565 5818 sed,
587 5742 736 5818 proh_
761 5742 956 5818 pudor,
980 5745 1048 5797 ab
1082 5741 1148 5796 iis
1189 5751 1528 5811 usurpatam,
1556 5744 1648 5813 qui
1676 5746 2026 5818 καθαρότητα

438 5815 697 5866 all'ectant
724 5810 904 5867 hodie.

510 5881 625 5946 (35)
663 5882 1046 5938 Δεσποτικῶι·
1082 5880 1371 5938 ἐντολῶν.
1421 5881 1682 5954 lntelligit
1727 5885 1860 5940 illud
1914 5887 2022 5942 Do-

2137 5399 2282 5479 mini
2321 5398 2622 5479 de_intuitu
2647 5399 2892 5479 mulieris
2929 5402 3180 5479 ad_illam_
3191 5409 3735 5479 concupiscendam,

2137 5471 2284 5551 quod
2323 5470 2450 5551 alibi
2477 5471 3262 5551 _in_epi§_t0li.s__explicat.__fEx
3295 5470 3403 5550 γὰρ
3436 5480 3534 5532 τοῦ
3571 5470 3736 5551 ὁρᾷν,

2136 5541 2346 5615 γίνεται
2379 5541 2439 5593 τὸ
2473 5541 2629 5615 ἐρᾷ-ν.
2666 5543 2729 5598 Ut
2755 5544 2884 5610 vidi,
2930 5541 2986 5597 ιιι
3014 5547 3184 5615 perii!
3216 5557 3272 5600 ut
3306 5541 3389 5602 ιιίὲ
3427 5541 3738 5606 malus-(ib;

2136 5611 2310 5692 διιιίξι.
2336 5613 2521 5692 error!
2552 5611 2659 5692 hic
2700 5615 2857 5692 ocu_l_i_
2891 5611 3161 5692 dicuntur;
3172 5618 3445 5692 δᾳδοῦχοι
3497 5622 3734 5692 ἔρωτος,

2135 5683 2335 5763 amoris
2387 5683 2750 5763 lampadifefi.
2793 5684 2932 5763 [lino
2964 5685 3098 5742 illud
3126 5683 3484 5763 Philemonis,
3524 5683 3738 5763 δορῶἐι

2134 5753 2339 5838 πάντες
2379 5751 2749 5838 πρῶτον,“εῐτ’
2791 5755 3154 5838 ξθαύμασαν,-
3172 5756 3271 5812 εἶτ’
3298 5763 3378 5826 εἰς
3404 5751 3602 5816 έλπίδὲ
3634 5766 3733 5819 ἐν-

2133 5824 2360 5891 έπεσαν,
2391 5824 2536 5879 οὓτω
2564 5825 2773 5893 γίνεται
2801 5830 2866 5881 ἐκ
2893 5824 3098 5882 τούτων
3130 5829 3292 5900 ἔρως.
