3964 6450
228 401 334 463 689

1443 413 1979 476 EPISTULARUM
2003 417 2237 478 LIBER
2267 420 2315 480 Ι.

3377 425 3492 484 (00·

289 513 394 577 ιιθν.
421 511 609 585 Μέθην
643 516 738 568 καὶ
776 518 988 589 τρυφὴν
1042 520 1150 573 τῶν
1180 523 1479 594 ἀρχόντων,
1532 526 1793 590 ναυάγιον

1965 527 2054 581 99.
2094 526 2428 582 Ebrietatem
2474 528 2785 599 principum
2842 536 3006 599 atque
3035 530 3219 584 luxum
3268 534 3484 586 naufra-

215 602 404 671 νόμιζε
429 604 539 658 τῶν
568 606 909 677 ἀρχομένων.
947 610 1078 664 Ὅτε
1107 611 1219 683 γὰρ
1246 615 1275 666 ὁ
1321 615 1659 686 κυϐερνήτης
1690 632 1789 668 κα-

210 696 593 789 ταποντίζεται
638 703 705 769 τῇ
737 700 1024 775 πλησμονῇ
1072 706 1168 758 καὶ
1197 704 1277 789 τῷ
1331 706 1480 778 οϊνῳ,
1510 708 1631 772 πῶς
1665 708 1785 780 οὐχὶ

214 787 431 857 μυρίοις
456 789 663 859 κύμασι
692 794 788 847 καὶ
809 794 1071 850 κλυδῶσιν
1098 787 1349 868 ἐσχάτοις
1377 800 1412 870 ἡ
1432 801 1787 873 κυϐερνωμέ-

210 894 281 949 νη
318 882 690 953 προσαῤῥάξει
745 884 1012 951 πολιτεία,
1067 888 1159 943 καὶ
1195 892 1269 963 τῇ
1312 890 1407 944 τοῦ
1452 892 1788 964 κυϐερνήτου

210 974 763 1047 συγκαταποθήσεται
786 978 1070 1051 ἀπωλείῃ

281 1169 351 1243 ρ’.
376 1173 598 1245 Μηδένα
623 1176 890 1247 μηδέποτε
928 1177 1253 1249 ἀνθρώπων,
1288 1180 1421 1252 μηδὲ
1447 1181 1558 1235 τῶν
1601 1182 1789 1253 τυχόν-

205 1279 339 1328 των,
402 1265 484 1328 είς
537 1266 853 1336 ἀπόγνωσιν
893 1270 1217 1344 συνελάσῃς.
1250 1272 1493 1345 ’ἰσχυρὸν
1532 1275 1641 1345 γὰρ
1693 1274 1790 1329 καὶ

207 1355 426 1426 ἄμαχον
482 1357 797 1426 ἀπόγνωσις
841 1361 1028 1427 ὅπλον,
1090 1365 1185 1418 καὶ
1247 1364 1510 1429 πολλάκις
1575 1365 1791 1435 ἀνάγκη

216 1448 653 1519 στρατηγήσασα
705 1452 956 1518 πράξεων
1009 1454 1376 1526 παραϐόλων,
1431 1455 1791 1522 ἀνελπίστους

213 1539 521 1608 μεταϐολὰς
542 1543 917 1615 ἐξειργάσατο,
945 1547 1039 1600 καὶ
1068 1548 1200 1619 πρὶν
1228 1549 1261 1618 ἢ
1288 1548 1567 1618 γενέσθαι,
1588 1548 1793 1617 μύθους

208 1629 591 1699 νομιζομένας.

283 1803 387 1877 ρα’.
418 1808 675 1878 Ἀριστον
707 1809 804 1879 μὲν
829 1810 1105 1883 ἀνθρώπῳ
1148 1812 1224 1885 μὴ
1266 1813 1609 1885 διαμαρτεῖν,
1656 1818 1793 1889 μηδὲ

1894 617 2041 686 gium
2072 633 2193 672 esse
2221 617 2470 675 existima
2502 620 2867 673 subditorum.
2916 620 3146 686 Quando
3180 622 3326 675 enim
3356 622 3499 677 vinol

1896 718 2059 779 atque
2096 713 2313 782 crapula
2336 713 2685 783 gubernator,
2734 723 2989 783 tanquam
3022 713 3181 777 mari,
3218 714 3489 783 demergi-

1897 812 2004 868 tur,
2034 817 2261 857 necesse
2283 814 2368 857 est
2398 812 2456 858 ut
2482 805 2785 874 respublica
2805 805 2923 873 eius
2953 805 3338 874 gubernationi
3365 821 3488 858 cre-

1895 894 2027 959 dita,
2059 897 2332 950 sexcentis
2366 896 2622 951 ﬂuctibus
2652 906 2707 952 et
2733 898 3099 952 alluvionibus
3125 898 3276 951 allisa
3314 897 3489 968 agite-

1896 992 2005 1052 tur,
2059 985 2171 1041 imo
2203 996 2258 1042 et
2295 1004 2402 1042 una
2439 1004 2564 1042 cum
2608 988 2971 1063 gubernatore
3011 989 3263 1045 demerso
3291 1031 3307 1055 ,
3369 988 3490 1058 pari

1895 1093 2111 1148 quoque
2140 1078 2366 1143 interitu
2401 1081 2543 1135 male
2574 1088 2791 1150 pereat.

1967 1170 2090 1225 100.
2127 1169 2413 1226 Neminem
2463 1173 2801 1238 mortalium,
2838 1189 2909 1228 ne
2947 1174 3167 1244 quidem
3215 1174 3492 1229 obscuris-

1895 1262 2183 1330 simorum,
2220 1265 2287 1319 ad
2336 1265 2775 1334 desperationem
2803 1267 3010 1338 adigas.
3057 1268 3154 1322 Est
3201 1268 3347 1322 enim
3397 1268 3492 1321 de-

1901 1356 2138 1424 speratio
2191 1356 2474 1411 robustum
2506 1358 2775 1429 quoddam
2823 1366 2879 1412 et
2932 1357 3243 1413 inevitabile
3292 1358 3495 1413 telum.

1897 1444 2043 1511 Quin
2068 1461 2211 1517 saepe
2240 1448 2455 1514 accidit,
2500 1456 2559 1503 ut
2587 1463 2872 1520 progressa
2896 1448 2950 1502 in
2979 1448 3150 1503 aciem
3168 1449 3498 1514 necessitas,

1898 1553 2082 1593 rerum
2109 1550 2307 1609 prater
2335 1543 2800 1611 exspectationem
2821 1543 3151 1595 mutationes
3181 1556 3288 1595 una
3328 1541 3490 1594 indu-

1900 1630 2040 1683 xerit
2066 1630 2486 1701 inexspectatas,
2514 1648 2650 1702 quas
2670 1634 2791 1687 loco
2824 1632 3131 1687 fabularum
3165 1632 3365 1687 habere
3390 1646 3489 1686 vo-

1899 1720 2085 1789 lueris,
2120 1732 2409 1793 antequam
2440 1734 2563 1778 actu
2597 1725 2992 1794 compleantur.

1975 1812 2096 1866 101.
2138 1812 2415 1883 Optimum
2461 1825 2544 1870 est
2585 1824 2647 1869 ut
2684 1815 2851 1870 homo
2878 1830 2981 1869 nec
3010 1813 3235 1869 omnino
3264 1814 3497 1868 aberra-

211 1896 309 1964 τῆς
347 1898 514 1969 ὀρθῆς
567 1901 803 1973 κρίσεως
834 1903 1248 1976 ἀποσφαλῆναι⁸
1308 1907 1530 1961 συνετοῦ
1565 1887 1667 1973 δὲ,
1695 1887 1791 1963 καὶ

1914 1910 1998 1969 'et,
2031 1918 2134 1959 nec
2180 1920 2211 1958 a
2240 1908 2357 1959 sani
2392 1906 2586 1976 judieii
2618 1922 2810 1961 norma
2851 1907 3174 1969 excederet;
3226 1906 3321 1960 sed
3354 1922 3488 1975 pru-

212 1987 447 2041 πεσόντα
463 1989 655 2045 θᾶττον
675 1993 994 2063 ἀναστῆναι,
1014 1997 1108 2049 καὶ
1129 1997 1232 2068 χρῆ
1241 1996 1365 2052 σθαι
1408 1998 1486 2069 τῷ
1512 1999 1790 2071 πταίσμα-

208 2096 283 2145 τι,
310 2081 451 2152 πρὸς
476 2081 539 2135 τὺ
567 2083 645 2156 μὴ
674 2085 839 2139 πάλιν
862 2090 1050 2142 πεσεῖν
1074 2091 1519 2162 παραγγέλματι.

280 2174 383 2247 ρβ’.
423 2178 495 2231 Τὸ
519 2182 647 2249 περὶ
678 2182 802 2246 τοὺς
840 2182 1036 2247 πόνους
1074 2184 1343 2252 ἑκούσιον,
1376 2188 1485 2241 τῶν
1517 2189 1790 2244 ἀκουσίων

210 2267 525 2337 ἀφαιρεῖται
546 2270 607 2323 τὸ
636 2272 913 2342 ἀφόρητον
942 2275 1295 2345 καὶ-χαλεπόν
1317 2294 1332 2309 σ
1357 2278 1427 2332 δι’
1460 2279 1488 2332 ὃ
1520 2281 1789 2353 χρήσιμος

210 2356 245 2424 ἡ
278 2356 338 2407 ὲν
362 2357 475 2420 τοῖς
500 2359 779 2424 ἀκουσίοις
804 2361 968 2433 τριϐὴ
994 2366 1089 2416 καὶ
1122 2364 1347 2435 μελέτη.

283 2556 388 2620 ργ’.
441 2551 706 2622 ’Δρχικῆς
750 2553 953 2625 ἀρετῆς
1000 2555 1099 2608 καὶ
1121 2555 1359 2621 τελείας,
1403 2561 1476 2629 μὴ
1543 2561 1706 2631 μόνον
1730 2564 1793 2616 τὸ

212 2641 417 2711 πλῆθος
445 2644 796 2714 αἰσχύνεσθαι
852 2647 992 2718 πρὸς
1018 2648 1080 2701 τὸ
1133 2648 1209 2722 μὴ
1248 2650 1622 2722 ἁμαρτάνειν,
1657 2657 1794 2711 ἀλλὰ

209 2736 303 2789 καὶ
333 2737 531 2792 ἑαυτὸν
558 2740 666 2810 πρὸ
695 2738 791 2793 τοῦ
822 2738 1085 2812 πλήθους.

283 2827 383 2900 ρδ’.
429 2829 495 2883 Ἠ
530 2831 623 2884 διὰ
654 2831 829 2901 λόγων
860 2831 1019 2903 ὕϐρις
1065 2837 1179 2898 τοῖς
1210 2836 1516 2908 ἐλευθέροις
1546 2841 1607 2894 οὐ
1657 2842 1792 2896 πολὺ

208 2922 589 2994 παραλλάσσει
614 2924 712 2995 τῆς
740 2924 829 2980 διὰ
852 2926 1078 2998 πληγῶν
1107 2930 1203 2981 καὶ
1226 2931 1526 3001 μαστίγων.
1557 2934 1679 3007 Χρὴ
1702 2931 1794 2990 οὖν

208 3016 731 3085 παραφυλάττεσθαι
749 3017 812 3070 τὸ
834 3020 1105 3091 προπετὲς
1122 3021 1184 3075 τὸ
1207 3023 1265 3075 ὲν
1289 3024 1519 3089 τούτοις.
1543 3027 1617 3079 Οὐ
1650 3028 1794 3100 μέγα

209 3110 321 3181 γὰρ
352 3108 563 3177 δοκοῦν,
606 3111 849 3181 μεγάλας
882 3111 1037 3184 φέρει
1068 3113 1293 3185 ζημίας.

284 3290 385 3357 ρε’.
422 3284 660 3351 Πολλοὺς
712 3286 945 3358 ἔϐλαψεν
972 3289 1327 3360 εὐτραπελία·
1380 3294 1490 3349 ἀπὸ
1520 3296 1629 3369 γὰρ
1651 3297 1796 3365 γνώ-

219 3396 331 3449 μης
370 3379 737 3433 διεκπεσοῦσα
786 3382 1115 3453 παιζούσης,
1162 3386 1354 3455 καιρία
1385 3387 1570 3459 πληγὴ
1604 3374 1796 3458 γέγονε

208 3472 327 3535 τοῖς
346 3472 736 3542 διαπαιχθεῖσιο
760 3476 855 3527 καὶ
886 3475 1118 3545 βραχείᾳ
1145 3477 1338 3548 τέρψει
1365 3479 1473 3532 τῶν
1506 3480 1795 3551 ἐπιτυχόν-

207 3580 345 3627 των,
406 3564 647 3633 μεγάλας
702 3564 890 3619 έτεκεν
944 3566 1144 3639 ἔχθρας
1181 3570 1289 3622 τῶν
1320 3571 1648 3628 σπουδαίων.
1694 3575 1796 3627 Ἢν

209 3655 382 3707 παντὶ
416 3655 514 3725 μὲν
534 3656 766 3726 ἔμφρονι
793 3659 1277 3728 παραφυλακτέον,
1302 3660 1523 3732 ἄρχοντι
1549 3663 1606 3715 δὲ
1636 3664 1798 3733 μάλι-

210 3766 317 3801 στα
343 3748 451 3801 τῶν
486 3748 661 3801 ἄλλων
686 3764 701 3778 ⁶
741 3749 823 3803 ὅτι
858 3753 951 3803 καὶ
981 3753 1222 3820 χυδαῖον,
1282 3753 1376 3805 καὶ
1436 3759 1799 3827 καταφρονεί-

210 3844 340 3895 σθαι
372 3842 651 3914 μᾶλλον,ἢ
682 3846 1140 3915 χαριεντίζεσθαι,
1170 3849 1600 3919 παρασκευάζει.

284 4019 401 4092 ρς’.
434 4021 754 4091 Εὐεργετῶν
786 4022 848 4079 τὸ
887 4024 1127 4096 ὑπήκοον
1166 4028 1551 4099 περιφρούρει,
1590 4030 1667 4095 ὡς
1699 4032 1801 4103 τῆς

210 4116 399 4189 ἀρχῆς
418 4115 587 4187 νεῦρα
620 4116 715 4170 καὶ
734 4118 909 4171 οἰκεῖα
937 4119 1095 4189 μέλη.
1143 4121 1401 4175 Ἐκείνων
1429 4122 1541 4194 γάρ
1567 4124 1800 4180 διασπα-

211 4209 479 4275 σθέντων,
535 4208 786 4274 κίνδυνος
838 4210 935 4265 καὶ
993 4211 1095 4283 τὴν
1148 4213 1248 4285 σὴν
1320 4216 1797 4284 συγκαταλύεσθαι

208 4301 493 4368 ἐξουσίαν.

290 4394 395 4465 ρξ’.
428 4394 540 4458 Τάς
580 4394 961 4467 μελετωμένας
996 4407 1026 4435 ιι
1065 4398 1305 4464 στάσεις,
1344 4400 1467 4455 ὅσαι
1500 4402 1581 4473 μὴ
1608 4403 1797 4457 σϐέσαι

1891 1992 2071 2050 dentis
2111 2003 2236 2060 est,
2277 1998 2602 2066 quantocius
2655 2004 2716 2052 ut
2773 1998 3042 2067 collapsus
3076 2006 3326 2068 resurgat
3354 2037 3369 2062 ,
3432 2006 3489 2052 et

1892 2080 2100 2155 lapsum
2134 2088 2213 2143 sic
2232 2104 2391 2144 suum
2430 2090 2679 2146 instituat
2699 2106 2769 2147 ne
2801 2092 3057 2161 deinceps
3083 2092 3315 2147 labatur.

1964 2177 2088 2234 102.
2131 2179 2396 2236 Voluntas
2436 2182 2492 2235 in
2513 2182 2790 2239 laboribus
2814 2183 3179 2253 suscipiendis
3205 2189 3482 2252 prompta,

1894 2271 2389 2329 involuntariorum
2412 2276 2545 2331 illud
2578 2276 2776 2330 durum
2810 2276 2975 2330 telum
2999 2284 3053 2329 et
3084 2274 3491 2331 intolerandum

1894 2362 2110 2435 frangit.
2145 2364 2424 2435 Optimum
2453 2376 2536 2423 est
2564 2367 2728 2439 igitur
2759 2367 2827 2422 de
2852 2366 3172 2423 voluntariis
3206 2370 3482 2426 meditario

1890 2461 1947 2509 et
1976 2455 2029 2508 in
2054 2456 2248 2511 iisdem
2285 2457 2573 2514 inhaerere.

1965 2545 2088 2601 105.
2128 2548 2208 2602 Ad
2239 2549 2496 2605 virtutem
2528 2559 2584 2605 et
2614 2552 3007 2622 perfectionem
3045 2554 3303 2623 principis
3361 2568 3487 2623 spe-

1894 2645 2026 2703 ctat,
2055 2649 2171 2693 tum
2212 2641 2428 2694 turbam
2482 2644 2870 2712 promiscuam,
2925 2655 3039 2700 tum
3075 2646 3346 2716 imprimis
3396 2663 3487 2700 se-

1894 2730 2072 2800 ipsum
2098 2731 2305 2802 pudore
2333 2748 2365 2787 a
2392 2736 2628 2804 peccatis
2660 2736 2951 2791 abstinere.

1968 2822 2094 2877 104.
2131 2823 2474 2880 Contumelia
2527 2827 2709 2885 verbis
2760 2828 2971 2899 ingesta
3036 2829 3179 2899 apud
3233 2830 3489 2885 homines

1894 2913 2101 2969 liberos
2143 2932 2338 2985 parum
2381 2916 2562 2973 differt
2598 2935 2628 2973 a
2660 2920 2832 2990 plagis
2879 2922 3119 2991 acceptis
3157 2930 3212 2975 et
3243 2922 3489 2976 verberi-

1895 3005 2018 3061 bus.
2057 3007 2374 3065 Cavendum
2407 3018 2492 3065 est
2513 3025 2640 3082 ergo
2668 3026 2738 3065 ne
2769 3011 3025 3081 proclivis
3052 3012 3243 3067 feraris
3263 3014 3330 3067 ad
3352 3028 3488 3068 eon-

1895 3098 2229 3166 viciandum,
2284 3103 2554 3172 siquidem
2604 3104 2657 3158 id
2691 3105 2835 3173 quod
2880 3105 3027 3159 haud
3073 3106 3317 3161 creditur
3366 3122 3490 3160 ma-

1822 3230 1865 3288 C
1898 3209 2086 3273 gnqm,
2116 3210 2311 3265 magna
2352 3196 2550 3251 damna
2577 3205 2858 3267 procurat.

1977 3286 2092 3339 105.
2130 3286 2327 3343 Multos
2380 3288 2661 3343 urbanitas
2688 3289 2866 3343 laesit:
2898 3289 2966 3342 ab
2994 3288 3180 3343 animo
3221 3288 3506 3357 siquidem-

1898 3377 2107 3432 ludenti
2133 3378 2398 3448 profecta,
2422 3380 2713 3449 aliquando
2741 3379 2940 3433 vulnus
2968 3380 3167 3434 letbale
3198 3379 3371 3433 illusis
3400 3378 3491 3432 in-

1897 3468 2033 3538 fligit
2066 3487 2079 3524 :
2115 3485 2235 3539 quae
2254 3486 2351 3539 per
2375 3471 2668 3525 admodum
2686 3471 2907 3525 brevem
2931 3470 3354 3524 oblectationem
3375 3470 3493 3524 cui-

1898 3577 2114 3632 cunque
2138 3562 2299 3618 obvio
2327 3567 2647 3633 impensam,
2672 3564 2981 3618 inimicitias
3010 3562 3170 3617 etiam
3196 3577 3387 3633 graves
3406 3562 3492 3615 in-

1902 3663 1984 3708 ter
2010 3654 2303 3723 prudentes
2333 3654 2611 3708 excitavit.
2642 3652 2794 3708 Hanc
2832 3654 2958 3708 ideo
2981 3653 3210 3722 quisque
3249 3655 3493 3721 prudens

1900 3748 2144 3811 evitabit,
2168 3748 2418 3817 princeps
2436 3748 2729 3817 imprimis;
2753 3763 2876 3801 cum
2901 3762 2986 3801 res
3006 3746 3093 3811 sit,
3112 3762 3230 3815 quae
3242 3754 3490 3799 eontem-

1900 3848 2052 3911 ptum
2084 3839 2271 3910 potius
2296 3839 2458 3911 parit,
2485 3855 2646 3909 quam
2676 3841 2904 3909 gratiam
2935 3840 3019 3893 vel
3058 3838 3505 3907 acceptationem-

1902 3932 2161 4002 aliquam.

1976 4024 2096 4077 106.
2138 4021 2424 4078 Beneficiis
2461 4022 2709 4079 subditos
2771 4023 3200 4085 circumvallato,
3234 4029 3505 4089 tanquam.

1901 4132 2099 4171 nervos
2145 4115 2384 4186 imperii,
2417 4125 2475 4170 et
2511 4126 2601 4170 tua
2633 4117 2805 4187 ipsius
2848 4118 3112 4172 membra.
3139 4114 3273 4169 Nam
3306 4115 3349 4169 si
3399 4114 3491 4167 illa

1903 4210 2304 4279 discerpantur,
2341 4209 2643 4279 periculum
2685 4210 2781 4265 tibi
2816 4210 3401 4273 interitus-incumbet,
3436 4219 3495 4265 et

1904 4303 2119 4373 imperii
2153 4302 2349 4356 ruinae.

1976 4397 2099 4449 107.
2168 4396 2479 4450 Seditiones
2548 4396 3092 4466 conspirationesque
3146 4412 3282 4466 quas
3333 4396 3491 4450 facile

209 4486 372 4557 ῥᾷον,
413 4486 635 4556 ἄμεινον
673 4488 898 4555 ἀγνοίας
955 4490 1243 4562 ὑποκρίσει
1293 4491 1497 4556 δοῦναι,
1528 4496 1624 4548 καὶ
1658 4495 1793 4568 λήθῃ

1914 4505 2013 4543 non
2047 4489 2171 4544 licet
2206 4489 2576 4560 exstinguere,
2611 4490 2941 4544 conduceret
2969 4504 3068 4558 per
3105 4488 3490 4543 dissimulatio-

208 4578 480 4647 καλύψαι,
613 4579 1059 4651 θριαμϐεύσαντα
1114 4584 1411 4649 ἐπεξιέναι.
1459 4586 1533 4638 Τὸ
1561 4588 1660 4655 μὲν
1690 4591 1793 4661 γὰρ

1914 4596 2031 4635 nem
2072 4591 2129 4636 et
2174 4591 2501 4651 prmtensam
2541 4582 2906 4653 ignorantiam
2951 4582 3207 4636 oblivioni
3248 4583 3503 4645 tradere,

208 4671 331 4725 ἔσθ’
361 4672 452 4726 ὅτε
484 4675 578 4727 καὶ
623 4674 785 4726 πλέον
836 4674 1008 4744 ἀνῆψε
1049 4676 1147 4748 τὴν
1183 4677 1376 4746 φλόγα,
1408 4680 1503 4732 καὶ
1528 4681 1793 4750 χαλεποὺς

1914 4689 2069 4743 quam
2127 4674 2344 4743 publico
2372 4673 2526 4743 quasi
2557 4674 2836 4744 triumpho
2866 4675 3168 4744 propalare.
3217 4672 3290 4726 Ita
3337 4674 3487 4728 enim

209 4767 419 4834 ἤνεγκε
472 4766 771 4830 κινδύνους,
819 4767 914 4820 καὶ
946 4767 1113 4839 πολλῇ
1168 4769 1261 4822 καὶ
1307 4769 1398 4822 τὸν
1459 4770 1793 4827 διασωθέντα

1914 4766 2021 4819 lieri
2064 4764 2200 4819 solet
2233 4773 2293 4818 ut
2327 4762 2542 4817 flamma
2574 4762 2746 4834 magis
2765 4779 2923 4819 exeo
2960 4763 3289 4817 accendatur
3314 4768 3371 4815 et
3397 4777 3490 4830 pe-

208 4856 510 4926 περιέϐαλε
547 4856 741 4929 ζημία*
770 4857 830 4910 τὸ
851 4858 930 4918 δὲ,
966 4859 1185 4929 πραέως
1210 4860 1497 4931 κοιμίζειν,
1522 4863 1619 4915 καὶ
1653 4864 1793 4933 μετά

1914 4856 2085 4910 ricula.
2124 4870 2236 4910 non
2281 4855 2421 4909 levia
2448 4864 2750 4921 creentur;
2782 4855 2915 4924 quin
2964 4863 3019 4909 et
3078 4852 3296 4907 nonnisi
3349 4853 3493 4907 male

207 4949 309 5001 τοῦ
334 4949 643 5015 ἀκινδύνου,
666 4950 729 5003 τὸ
760 4949 1145 5022 φιλάνθρωπον
1166 4954 1258 5007 καὶ
1286 4954 1505 5010 συνετὸν
1537 4957 1632 5010 καὶ
1646 4957 1791 5025 ἀζή-

210 5060 341 5111 μιον
366 5041 634 5113 περιέχει.

286 5322 398 5386 ρην.
438 5310 551 5368 Δεῖ⁴
571 5314 663 5368 τὸν
694 5316 959 5388 ἄρχοντα,
987 5320 1305 5389 φερομένων
1337 5321 1438 5391 μὲν
1474 5319 1625 5390 αὐτῷ
1650 5316 1792 5371 κατά

204 5408 347 5481 ῥοῦν
372 5407 485 5461 τῶν
513 5410 853 5479 πραγμάτων
880 5412 972 5464 καὶ
992 5407 1053 5465 εὖ
1076 5412 1442 5479 συνεστώτων,
1476 5412 1553 5479 ὡς
1575 5412 1796 5467 σαλευο-

204 5501 402 5572 μένων
429 5499 825 5569 ἀσφαλίζεσθαι
854 5503 947 5556 καὶ
986 5503 1383 5575 ἐπιμελεῖσθαι.
1460 5506 1791 5576 Ἀνατρεπο-

1902 4949 2161 5004 inuitatus
2225 4948 2454 5002 salutem
2495 4947 2598 5002 sibi
2643 4948 2766 5016 quis
2816 4946 3230 5016 comparaverit.
3273 4944 3315 4996 Ε
3367 4961 3494 4999 eon-

1900 5043 2066 5100 trario
2092 5056 2240 5107 vero,
2274 5040 2650 5095 moderatione
2680 5039 2893 5109 sopitur
2921 5038 3146 5104 malum,
3180 5047 3235 5092 et
3262 5048 3494 5107 praeter-

1897 5152 2059 5206 quam
2084 5134 2228 5205 quod
2261 5134 2380 5188 sine
2411 5134 2653 5204 periculo
2682 5132 2772 5194 sit.
2806 5131 3213 5197 misericordia},
3248 5133 3493 5202 pruden—

1897 5219 2006 5293 tite,
2030 5228 2391 5303 utilitatisque
2422 5227 2691 5282 rationem
2719 5225 2886 5280 subit.

1969 5321 2092 5376 108.
2134 5319 2448 5391 Principem
2495 5327 2733 5388 oportet,
2762 5334 2887 5373 eum
2921 5326 3063 5373 statu
3109 5320 3351 5374 secundo
3402 5334 3509 5373 res

1898 5414 2002 5484 ipsi
2033 5414 2336 5468 succedant
2381 5420 2437 5467 et
2466 5411 2524 5467 in
2555 5420 2673 5466 tuto
2708 5410 2824 5468 sitae
2852 5426 2972 5468 esse
3014 5412 3328 5477 videantur,
3376 5428 3511 5465 non-~

1899 5522 2057 5563 secus
2082 5516 2265 5562 tamen
2288 5522 2453 5578 quam
2483 5506 2538 5562 in
2565 5515 2890 5578 tempestate
2912 5522 3251 5579 procurare,
3266 5513 3323 5561 et
3346 5505 3496 5560 salu.

1538 5755 1769 5813 VARle
1804 5755 2221 5816 LECTLUNES..

288 5851 318 5881 ⁵
350 5844 485 5918 Leg.
518 5863 587 5917 με
596 5845 984 5919 μελετημένας.
