3964 6436
261 395 370 458 (393

1458 403 1994 468 EPISTOLARUM
2032 404 2267 465 LIBER
2294 402 2348 465 Ι.

3391 398 3494 462 694

263 503 503 566 σθεῖσαι,
534 502 729 557 θᾶττον
757 504 1146 578 ἀνετράπησαν
1172 507 1278 560 ὑπὸ
1310 507 1418 560 τῶν
1440 509 1822 578 ἐπιτυχόντων.

1937 508 2184 564 eumdem
2209 507 2427 561 modum
2452 503 2756 559 subinl'erre
2775 515 2834 558 se
2855 504 3258 566 attentaverint,
3278 520 3378 560 nec
3399 520 3497 574 per

258 595 356 664 Τῷ
383 597 495 665 γὰρ
535 595 658 648 καθ’
688 598 886 660 ἑαυτάς
915 598 1313 672 εύλαϐεστέρῳ,
1343 601 1422 663 είς
1447 600 1646 671 θράσος
1667 600 1831 670 ἄσχε-

256 697 353 732 τον
388 683 484 734 καὶ
535 683 846 753 παράϐολον
897 685 1104 755 τόλμαν
1151 687 1534 753 ἐξοπλίσασαι,
1573 689 1667 742 καὶ
1703 691 1830 752 τοὺς

255 772 372 841 πρὸ
398 775 589 828 τούτου
615 774 871 840 δόξαντας
902 778 1366 844 ἐπιεικεστάτους,
1405 779 1543 850 αὐτῇ
1573 780 1834 848 συνεφθά-

257 881 439 936 ρησαν
464 870 528 937 τῇ
556 868 922 938 ἐπιχειρήσει.
953 869 1077 934 Πῶς
1111 865 1205 924 οὖν
1229 872 1344 925 ἔστι
1367 874 1549 942 τυχεῖν
1577 871 1672 925 τοῦ
1703 888 1832 925 σκο-

253 955 368 1007 ποῦ
389 975 404 1021 ;
428 957 688 1010 τάναντία
715 959 824 1029 γάρ
846 959 930 1013 διὰ
958 961 1067 1013 τῶν
1089 962 1269 1015 αὐτῶν
1286 963 1484 1031 ὁρᾶται
1514 961 1830 1015 συντετελε-

255 1047 460 1116 σμένα.
487 1050 746 1119 Ἀμεινον
771 1052 868 1117 μὲν
895 1053 1018 1122 μηδ’
1040 1053 1383 1124 ἀπάρχεσθαι
1404 1055 1512 1107 τῶν
1534 1054 1792 1108 τοιούτων
1809 1071 1824 1084 ο

250 1139 432 1193 δειναὶ
460 1142 570 1214 γὰρ
590 1145 646 1195 αἱ
667 1146 1005 1214 καινότητες,
1034 1145 1127 1198 καὶ
1152 1147 1320 1218 χωρὶς
1345 1147 1533 1217 ἐτέρου
1559 1145 1827 1216 λυπηροῦ,

253 1232 513 1302 θορυϐεῖν
539 1235 634 1288 καὶ
663 1236 920 1307 πλήττειν
947 1238 1208 1304 διανοίας,
1237 1240 1332 1292 καὶ
1360 1241 1438 1303 είς
1463 1239 1714 1311 διαϐολὴν
1734 1240 1828 1293 καὶ

251 1323 418 1395 ὓϐριν
448 1327 796 1381 ἐκκαλεῖσθαι
828 1329 887 1382 τὸ
919 1330 1142 1402 πλῆθος.

1933 597 2266 669 tyrannicam
2294 594 2583 664 quamdam
2617 593 2702 646 vel
2743 602 3041 663 arrogatam
3071 601 3412 662 potestatem,
3444 603 3500 646 et

1931 690 2041 743 vim
2068 685 2515 750 manifestariam,
2545 684 2960 753 impressionem
3008 683 3252 738 fulminis
3293 685 3349 738 in
3386 699 3500 737 mu-

1932 781 2063 836 dum
2098 778 2296 844 facere,
2327 785 2508 831 tamen
2553 776 2655 830 sub
2687 784 2950 844 praetextu
2997 775 3302 830 timiditatis
3344 770 3499 828 facil-

1931 873 2082 937 lime,
2107 870 2270 925 etiam
2299 869 2368 923 ab
2402 867 2600 930 obviis,
2626 867 3038 921 subvertuntur.
3073 867 3206 920 Dum
3229 865 3375 920 enim
3403 880 3500 918 na.

1932 962 2182 1018 turaliter
2220 961 2322 1016 sibi
2378 958 2598 1014 insitam
2629 957 2972 1013 timiditatem
3003 958 3070 1012 ad
3103 957 3385 1012 audaciam
3414 957 3500 1009 in-

1933 1053 2296 1118 tolerabilem,
2318 1060 2372 1104 et
2396 1061 2592 1120 praeter
2621 1064 2838 1103 omnem
2867 1050 3326 1120 exspectationem
3349 1065 3500 1105 exar-

1933 1161 2054 1200 man
2065 1154 2101 1206 t,
2117 1143 2280 1198 etiam
2297 1156 2390 1195 eos
2405 1142 2494 1209 qui
2515 1141 2685 1194 multo
2700 1141 2965 1196 moderati
2981 1141 3498 1210 prius-habebantur,

1933 1238 1999 1292 ad
2022 1236 2256 1306 primum
2282 1235 2556 1304 inceptum
2587 1233 2958 1304 perdiderunt.
2974 1235 3124 1289 Adeo
3144 1235 3310 1305 quaari
3327 1242 3506 1304 potest

1933 1345 2036 1399 qua
2066 1328 2275 1382 ratione
2309 1326 2470 1380 ﬁnem
2500 1326 2624 1396 quis
2651 1326 2983 1395 propositam
3005 1336 3346 1397 assequatur,
3377 1340 3504 1379 cum

249 1435 356 1490 per
385 1422 602 1476 easdem
629 1439 820 1478 causas
848 1425 1076 1480 ellectus
1110 1427 1503 1498 progignuntur
1537 1424 1818 1480 contrarii.
1893 1422 2240 1478 Praestitisset
2290 1428 2458 1485 certe,
2500 1435 2569 1474 ne
2639 1419 2859 1489 quidem
2902 1420 2971 1473 ab
3019 1420 3136 1474 istis
3184 1419 3501 1488 incepisse:

249 1523 386 1568 sunt
403 1513 548 1568 enim
578 1516 863 1583 novitates,
888 1537 996 1573 non
1021 1523 1312 1576 accedente
1334 1519 1551 1572 aliunde
1578 1517 1826 1571 molestia
1863 1515 2064 1583 aliqua,
2105 1516 2181 1569 ita
2210 1511 2610 1583 quodammodo
2642 1526 2672 1565 a
2745 1527 2803 1566 se
2830 1513 3178 1580 compositae,
3239 1512 3306 1565 ad
3346 1529 3503 1567 men—

253 1610 366 1658 tem
391 1605 714 1660 turbandam
735 1617 790 1662 et
816 1609 883 1663 de
905 1619 1046 1666 statu
1072 1627 1172 1666 suo
1193 1608 1618 1671 movendam,ad
1639 1608 1832 1675 vulgus
1869 1605 2153 1660 hominum
2217 1602 2581 1658 inducendum
2619 1601 2685 1656 ad
2716 1601 3016 1656 calumnias
3044 1610 3099 1655 et
3129 1603 3370 1658 convicia
3417 1603 3506 1656 in-

249 1699 489 1766 gerenda
500 1740 512 1752 .

325 1789 452 1859 ριβν.
494 1791 645 1844 Ἐπεὶ
666 1792 710 1845 δ’
731 1793 844 1846 ἔσθ’
873 1795 962 1848 ὅτε
990 1794 1150 1866 χρεία
1173 1797 1508 1866 κατεπείγει,
1533 1797 1630 1850 καὶ¹
1651 1795 1843 1859 δεῖται,

2004 1787 2119 1844 112.
2151 1787 2288 1843 Cum
2324 1786 2600 1842 interdum
2642 1799 2868 1841 necesse
2905 1784 2979 1839 sit
3037 1793 3097 1838 ut
3127 1785 3193 1850 is,
3221 1785 3310 1854 qui
3341 1787 3505 1842 rebus

249 1883 507 1952 πράξεως
558 1885 587 1937 ὁ
625 1888 980 1956 προεστηκὼς
1035 1892 1374 1962 καινοτέρας,
1420 1890 1485 1944 ἂν
1537 1891 1638 1962 μέν
1677 1891 1822 1958 μέγα

1937 1878 2368 1934 administrandis
2421 1887 2652 1948 praaest.
2699 1876 2903 1946 aliquid
2948 1876 3210 1942 innovet,
3261 1893 3369 1931 non
3425 1889 3510 1934 est

246 1971 444 2040 ὄφελος
479 1975 575 2027 καὶ
609 1976 951 2047 εὐφροσύνην
981 1979 1041 2044 ἐξ
1074 1982 1245 2050 αὐτῆς
1271 1981 1332 2034 τὸ
1362 1982 1541 2035 κοινὸν
1569 1981 1822 2052 εὑρίσκῃ,

245 2063 402 2118 οὐδὲν
439 2066 520 2122 δεῖ
553 2068 799 2136 σκέψεως
835 2071 928 2124 καὶ
983 2072 1246 2142 μελέτηςο
1300 2074 1366 2127 ἂν
1404 2075 1451 2128 δ’
1491 2074 1694 2137 ἄλλως,
1730 2075 1824 2126 καὶ

244 2156 467 2229 λυπηρά
500 2161 608 2231 εἴη,
639 2161 782 2232 λόγῳ
815 2164 912 2234 μὲν
947 2165 1197 2229 διελθεῖν,
1240 2167 1387 2230 ὅπως
1423 2167 1488 2221 ἂν
1521 2168 1597 2231 ὼς
1624 2167 1824 2236 ἄριστα

243 2249 582 2323 διανυσθείη,
632 2255 694 2307 ού
749 2256 932 2326 ῥᾴδιον
987 2253 1162 2326 οἴμαι.
1204 2258 1284 2310 Τά
1338 2259 1448 2328 γὰρ
1485 2259 1628 2312 κατά
1671 2277 1823 2322 τινας

247 2341 570 2407 ίδικωτάτας
599 2345 1070 2401 ἐπακολουθοῦντα
1096 2349 1470 2420 περιστάσεις,
1492 2351 1592 2402 οὐκ
1614 2349 1822 2403 ἔνεστιν

242 2433 489 2506 ἀκριϐῶς
520 2437 814 2508 κοινοτέρῳ
843 2437 1008 2508 λόγῳ,
1039 2439 1134 2492 καὶ
1163 2441 1274 2492 τῶν
1302 2440 1482 2508 ἔργων
1516 2441 1820 2512 πόρρωθεν,

244 2524 506 2596 θηρᾶσαι.
540 2528 686 2596 Πλὴν
720 2530 748 2582 ὅ
784 2545 846 2597 γε
890 2530 1094 2594 καλῶς,
1135 2533 1195 2584 ἐν
1244 2534 1356 2593 τοῖς
1399 2533 1823 2604 προειρημένοις

211 2627 216 2632 ·
243 2618 795 2689 ἐγγεγυμνασμένος,
826 2624 919 2675 καὶ
948 2622 1082 2694 πρὸς
1114 2623 1183 2676 τά
1221 2623 1448 2678 τοιαῦτα
1487 2625 1584 2695 τὴν
1617 2625 1824 2680 ἀνωθεν

245 2709 423 2778 ῥοπὴν
474 2711 768 2784 ἐπίκουρον
815 2713 988 2784 ἔχων,
1054 2715 1298 2785 μεγάλην
1339 2716 1544 2770 εἵσεται
1589 2717 1819 2788 δύναμιν

245 2801 678 2874 συνειλεγμένος.

316 2983 444 3048 ριγν.
478 2979 702 3034 Ὅπλων
745 2984 842 3037 καὶ
887 2983 1143 3056 ἀνδρείας
1179 2985 1275 3039 καὶ
1309 2987 1642 3057 στρατηγίας
1687 3006 1824 3060 κρα-

239 3070 524 3142 ταιότερον
557 3073 650 3126 καὶ
676 3074 1084 3147 ἀσφαλέστερον
1110 3079 1298 3149 νόμιζε
1327 3079 1426 3149 τὴν
1462 3077 1676 3132 εὔνοιαν
1712 3079 1825 3132 τῶν

237 3161 596 3266 ἀρχομένων..
617 3163 834 3236 Ταύτης
886 3165 986 3236 μὲν
1018 3166 1130 3238 γὰρ
1178 3168 1466 3241 παρούσης
1499 3173 1593 3223 καὶ
1629 3187 1821 3240 στρατ-
1850 3209 1893 3266 c

237 3253 504 3324 ηγούσης,
537 3255 768 3309 κάκεῖνα
795 3258 1068 3328 χρήσιμα,
1104 3261 1196 3312 καὶ
1227 3262 1470 3333 μεγάλην
1489 3261 1661 3332 ῥοπὴν
1687 3263 1822 3333 πρὸς

237 3345 420 3400 πάντα
440 3349 692 3420 παρέχει.
735 3351 1116 3424 Ἀνῃρημένης
1139 3353 1194 3407 δὲ
1215 3355 1315 3424 τῆς
1339 3355 1575 3419 εὐνοίας,
1602 3355 1823 3426 ἄμεινον

237 3439 647 3512 συνανῃρῆσθαι
659 3441 908 3500 κάκεῖνα.
922 3443 1128 3499 Θᾶττον
1143 3445 1251 3516 γὰρ
1263 3446 1357 3500 ἐπὶ
1372 3445 1471 3517 τὴν
1486 3464 1643 3517 μισου
1651 3447 1822 3518 μένην

198 3544 206 3550 ’
233 3529 436 3602 ἀρχὴν,
459 3530 492 3601 ἢ
521 3532 662 3586 κατά
691 3534 800 3586 τῶν
823 3535 1100 3606 πολεμίων
1127 3536 1300 3590 ἐθέλει
1329 3537 1500 3590 ταῦτα
1522 3537 1818 3590 κινεῖσθαι.

307 3622 432 3694 ριδθ.
477 3625 684 3694 Λόγους
719 3626 822 3697 μὲν
858 3626 1094 3698 ἤλεγξαν
1127 3629 1329 3698 δόρατα
1360 3629 1640 3691 πολλάκις.
1673 3631 1822 3699 Ἥμ-

231 3713 401 3768 6λυνε
428 3715 485 3770 δὲ
512 3717 783 3789 πολλαχοῦ
819 3721 917 3773 καὶ
944 3720 1119 3789 λόγων
1171 3722 1348 3792 ἰσχὺς,
1383 3721 1618 3788 ὀξύτατα
1659 3723 1820 3776 πολέ-

236 3821 370 3872 μου,
421 3806 515 3858 καὶ
567 3808 823 3878 μεγάλων
870 3810 1054 3882 ὁρμὴν
1097 3811 1309 3865 διέλυσε
1365 3814 1816 3883 στρατευμάτων.

229 3896 438 3963 Χεῖρες
475 3897 581 3966 ἄρα
616 3900 755 3968 μετά
798 3900 982 3969 λόγου,
1025 3903 1248 3957 διπλοῦν
1279 3905 1564 3975 τρόπαιον.
1613 3906 1818 3969 Πόνους

234 3981 455 4046 ἐλπίδες
483 3985 758 4054 νευροῦσι,
795 3990 894 4043 κατ⁹
945 3990 1097 4044 πόνοι
1147 3993 1422 4050 τίκτουσιν
1463 3995 1710 4059 ἐλπίδας.
1745 3997 1817 4048 Σὺ

227 4075 292 4128 δὲ
330 4073 711 4148 ἐξιλεούμενος
747 4082 809 4134 τὸ
836 4082 1012 4148 Θείον,
1045 4085 1272 4155 μηδενὸς
1303 4088 1498 4157 ἀμέλει
1527 4089 1637 4141 τῶν
1673 4106 1820 4160 πραο

228 4168 436 4235 κτέων,
472 4173 565 4225 καὶ
595 4171 767 4237 καλὰς
799 4174 896 4228 καὶ
929 4175 1172 4246 μεγάλας
1201 4178 1425 4242 ἐλπίδας
1451 4179 1713 4251 θερίσεις.

307 4357 430 4423 ριε⁹.
501 4353 848 4426 Ἐπικουρεῖν
901 4357 960 4410 ἐν
1004 4353 1084 4422 οἷς
1146 4358 1380 4424 ἕκαστος
1426 4361 1546 4432 ἔχει
1590 4363 1814 4434 χρείαν,

226 4445 473 4515 ἀρχικῆς
501 4447 596 4500 καὶ
637 4447 931 4518 ἐχέφρονος
958 4448 1196 4514 διανοίας
1216 4467 1230 4482 °
1259 4451 1494 4522 μάλιστα
1523 4452 1579 4506 δὲ
1604 4457 1720 4519 τοῖς
1757 4458 1815 4508 ἐν

1926 1971 2212 2026 sollicitius
2242 1970 2664 2040 exquirendum,
2692 1977 2875 2024 utrum
2907 1969 3034 2024 inde
3062 1968 3266 2038 aliquid
3291 1971 3506 2024 voluti-

1926 2061 2116 2126 litatis,
2160 2060 2245 2115 vel
2284 2060 2645 2129 jucunditatis
2693 2058 3072 2115 communitati
3100 2058 3386 2113 hominum
3419 2075 3509 2114 ae—

1925 2152 2191 2222 quiretur.
2225 2151 2381 2216 Quod
2434 2151 2477 2206 si
2512 2167 2614 2221 per
2629 2151 2913 2205 molestum
2959 2151 3013 2205 id
3043 2151 3228 2213 fuerit,
3257 2161 3508 2216 nonest,

1925 2243 2412 2313 Opinor,proclive
2459 2244 2722 2298 rationem
2775 2243 3069 2312 explicare,
3119 2251 3180 2296 ut
3218 2257 3384 2311 quam
3414 2256 3512 2311 0p-

1925 2333 2057 2387 time
2095 2333 2448 2403 transigatur.
2474 2331 2606 2398 Quae
2643 2333 2788 2387 enim
2810 2332 3160 2402 specialiores
3185 2345 3512 2388 consectan-

1927 2431 2015 2476 tur
2059 2437 2240 2477 rerum
2288 2421 2595 2484 instantias,
2639 2437 2753 2474 non
2801 2429 3044 2490 possunt.
3065 2429 3318 2476 accurate
3355 2437 3508 2477 com-

1925 2513 2076 2567 muni
2123 2512 2357 2582 quodam
2405 2527 2660 2566 sermone
2701 2511 2985 2580 explicari,
3029 2525 3133 2565 nec
3170 2509 3411 2582 indagari
3442 2524 3510 2565 eo

1924 2605 2018 2673 qui
2064 2605 2349 2660 recesserit
2409 2603 2624 2673 longius
2669 2603 2737 2657 ab
2787 2603 3066 2672 operibus.
3115 2601 3508 2658 Verumtamen

1925 2695 2017 2765 qui
2072 2712 2197 2750 cum
2246 2695 2405 2750 laude
2444 2704 2693 2750 versatus
2737 2695 2899 2748 estin
2936 2694 3334 2758 antedictis,.et
3365 2693 3506 2749 divi-

1925 2800 2058 2839 num
2104 2784 2156 2839 in
2215 2801 2330 2839 rem
2389 2794 2713 2854 praesentem
2765 2783 3033 2838 auxilium
3081 2793 3282 2853 praesto
3321 2784 3508 2841 habet.

1928 2892 2175 2947 magnam
2201 2875 2512 2932 facultatem
2545 2876 2740 2930 all‘eret
2766 2876 2832 2930 ad
2866 2875 2998 2931 illud
3021 2876 3414 2948 peragendum.

1996 2968 2126 3022 115.
2184 2967 2388 3029 Armis,
2438 2966 2780 3031 fortitudine,
2829 2965 3082 3022 exercitu.
3124 2967 3317 3035 quovis
3365 2981 3504 3035 pra:-

1922 3059 2280 3115 valentiorem
2325 3069 2381 3114 et
2411 3058 2666 3114 tutiorem
2689 3059 3032 3113 subditorum
3067 3059 3508 3114 benevolentiam

1924 3149 2210 3203 arbitrare.
2261 3148 2389 3204 Haec
2430 3148 2474 3202 si
2515 3148 2769 3212 adiuerit,
2805 3158 2862 3202 et
2901 3164 3093 3219 agmen
3136 3149 3372 3210 duxerit,
3418 3150 3534 3204 illa.

1931 3248 2092 3295 erunt
2138 3241 2289 3296 utilia
2338 3262 2350 3296 :
2398 3241 2499 3296 ista
2540 3250 2724 3295 autem
2751 3240 2982 3304 sublata,
3017 3250 3302 3309 praestaret
3333 3249 3389 3296 et
3421 3241 3520 3295 illo

1932 3345 2149 3398 quoque
2192 3347 2299 3384 una
2344 3331 2478 3384 tolli.
2511 3329 2644 3386 Nam
2681 3330 2854 3384 multo
2888 3331 3050 3386 citius
3082 3340 3275 3386 contra
3301 3332 3513 3401 princi-

1932 3438 2054 3492 pem
2086 3423 2342 3484 inrisum,
2372 3438 2535 3492 quam
2579 3432 2769 3476 contra
2807 3422 2999 3479 hostes
3038 3423 3426 3477 movebuntur.

2005 3637 2125 3690 111.
2182 3635 2523 3690 Plurifariam
2574 3635 2863 3690 consilium
2921 3635 3093 3691 hastis
3141 3637 3304 3696 cedit.
3335 3621 3543 3708 saepe;

1931 3743 2159 3783 numero
2184 3728 2346 3782 etiam
2372 3737 2430 3782 et
2454 3728 2682 3782 rationis
2710 3729 2792 3782 vis
2825 3729 2952 3783 belli
2983 3729 3299 3799 procinctus
3346 3745 3508 3784 exer-

1929 3823 2180 3892 citusque
2219 3821 2447 3877 hostiles
2489 3836 2716 3892 magnos
2753 3821 2918 3875 elusit
2949 3839 2964 3875 :
3011 3822 3122 3875 sint
3158 3838 3286 3893 ergo
3314 3837 3532 3876 manus.

1927 3927 2051 3966 cum
2113 3914 2344 3967 consilio
2403 3913 2651 3983 junctat,
2737 3912 2940 3981 duplex
3002 3920 3288 3982 tr0pzeum.
3332 3912 3511 3967 Labo-

1927 4019 2043 4058 rem
2078 4019 2205 4074 Spes
2240 4005 2483 4068 roborat,
2526 4014 2581 4059 et
2605 4019 2756 4073 spem
2794 4005 3010 4058 labores
3052 4003 3398 4074 progignunt.
3425 4001 3510 4056 Tu

1927 4105 2110 4151 autem
2160 4099 2264 4152 rite
2307 4097 2477 4151 Deum
2515 4106 2832 4160 veneratus,
2868 4096 2976 4149 noli
3009 4095 3213 4163 aliquid
3258 4095 3512 4149 omittere
3546 4143 3554 4156 ,

1927 4187 2070 4256 quod
2107 4187 2378 4257 agendum
2406 4196 2520 4253 est;
2553 4187 2628 4240 ita
2664 4201 2821 4254 spem
2849 4185 2956 4240 tibi.
2976 4193 3150 4238 metes
3181 4192 3512 4255 etimaguam

1925 4289 1981 4334 et
2013 4279 2272 4349 amplam.

1996 4373 2118 4429 115.
2163 4371 2465 4427 Subvenire
2481 4370 2780 4440 cujuslibet
2799 4368 3239 4431 necessitatibus,
3270 4367 3510 4422 animum

1923 4465 2133 4535 regium
2173 4464 2332 4519 decet
2373 4473 2430 4517 et
2476 4463 2824 4532 prudentem,
2872 4471 2998 4518 ante
3035 4462 3172 4516 alios
3219 4462 3286 4515 iis
3317 4461 3409 4531 qui
3451 4460 3505 4514 in

229 4535 544 4605 συμφοραῖς
589 4535 948 4606 περιπεσοῦσι
1006 4538 1161 4592 Μετὰ
1189 4539 1298 4610 γὰρ
1342 4541 1449 4596 τῶν
1478 4541 1677 4606 ἄλλων,
1713 4545 1810 4598 καὶ

1937 4559 2266 4613 :alamitates
2306 4556 2638 4612 inciderunt.
2670 4556 2869 4610 Solent
2892 4555 3039 4609 enim
3068 4555 3167 4616 illi,
3194 4554 3262 4610 ad
3289 4563 3508 4618 castera,

226 4627 565 4696 ἀείμνηστον
596 4632 882 4699 συντηρεῖν
913 4630 1138 4685 εἰώθασι
1166 4633 1276 4702 τὴν.
1297 4635 1643 4706 εὐεργεσίαν.

309 4721 441 4784 ρις’.
497 4714 561 4768 Ἠ
589 4717 906 4787 εὐδαιμονία
933 4718 1041 4773 τῶν
1073 4721 1437 4786 ὑπεξουσίων,
1479 4727 1656 4795 ἄκραν
1683 4729 1818 4781 ἀνα-

226 4803 498 4874 κηρύττει
531 4805 747 4860 σύνεσιν
781 4809 872 4860 καὶ
896 4809 1247 4883 δικαιοσύνην
1275 4812 1378 4883 τῆς
1405 4812 1675 4878 ἐξουσίας.

307 4897 434 4966 ριζ’.
469 4897 607 4965 Περὶ
627 4891 701 4951 ὧν
725 4896 791 4951 ἂν
814 4897 872 4951 εὖ
892 4900 1134 4972 πράξῃς,
1151 4903 1260 4956 εἴτε
1281 4905 1340 4956 ἐν
1368 4904 1447 4974 τῷ
1476 4906 1661 4978 οἰκείῳ
1695 4907 1816 4978 βίῳ,

224 4992 346 5045 εἴτε
375 4992 436 5044 ὲν
465 4991 541 5062 τῷ
574 4994 738 5064 κοινῷ
774 4995 874 5064 τῆς
908 4995 1205 5060 πολιτείας,
1233 4997 1312 5068 τῷ
1350 4998 1470 5070 Θεῷ
1499 5001 1820 5056 ἀνατιθέναι

223 5085 444 5140 δικαίου
487 5087 586 5158 τὴν
613 5088 812 5143 αἰτίαν.
851 5087 1010 5142 Οὖτω
1034 5089 1368 5161 γὰρ,,μᾶλλόν
1403 5110 1463 5146 τε
1492 5095 1655 5150 αὐτὸν
1693 5096 1818 5148 ἐπί-

225 5195 434 5252 κουρον
458 5180 623 5247 ἕξεις,
670 5182 767 5235 καὶ
801 5182 1055 5254 θεοφιλὴς
1090 5179 1231 5237 εἶναι
1260 5185 1452 5252 δόξεις,
1483 5189 1580 5240 καὶ
1616 5187 1820 5258 κοῦφον

229 5272 467 5328 σεαυτὸν
493 5275 588 5328 καὶ
613 5273 931 5339 ἀλαζονικὸν
953 5276 1053 5328 οὐκ
1078 5276 1344 5345 ἐλέγξεις,
1374 5281 1470 5333 καὶ⁴
1500 5280 1595 5333 τοῦ
1619 5280 1816 5349 φθόνου

225 5364 433 5430 δείξεις
463 5367 1128 5438 περιτεθραυσμέναςτὰς
1153 5371 1366 5434 ἀκίδας.

305 5563 437 5636 ριη’.
479 5563 672 5617 Ταῦτά
713 5581 795 5618 σοι
839 5566 904 5618 ὲκ
934 5565 1146 5619 πολλῶν
1185 5567 1344 5634 ὀλίγα
1399 5561 1478 5638 (ὦ
1510 5567 1620 5620 τῶν
1667 5569 1818 5638 ἐμῶν

223 5656 624 5727 πνευματικῶν
658 5656 866 5710 ὠδίνων
901 5658 1119 5726 εὐγενὲς
1153 5659 1249 5710 καὶ
1277 5661 1501 5728 γνήσιον
1532 5661 1832 5734 γέννημα).

224 5750 335 5820 τῆς
381 5748 511 5819 περὶ
541 5747 600 5799 σὲ
630 5748 814 5816 φιλίας
849 5748 946 5800 καὶ
988 5749 1284 5816 υἱοθεσίας,
1321 5751 1484 5804 οἱονεί
1531 5770 1654 5805 τινα
1701 5753 1821 5808 θεῖα

221 5839 542 5904 συμϐόλαια
589 5838 684 5893 καὶ
747 5840 952 5911 ἀρετῆς
991 5841 1336 5912 ἀρχετύπους
1381 5844 1680 5915 ἀνατίθημι
1725 5845 1817 5897 πί-

1921 4661 2180 4706 aaternam
2213 4649 2464 4704 beneﬁcii
2495 4648 2675 4703 collati
2706 4647 3024 4703 memoriam
3055 4661 3403 4701 conservare.

1993 4743 2121 4797 116.
2161 4741 2516 4796 Subditorum
2550 4741 2785 4795 felicitas
2817 4753 3090 4794 summam
3125 4738 3391 4807 principis
3411 4736 3513 4792 de-

1921 4836 2182 4906 praedicat
2215 4851 2338 4888 cum
2374 4832 2747 4905 prudentiam,
2774 4841 2886 4887 tum
2927 4830 3216 4902 iustitiam.

1991 4927 2115 4980 117.
2172 4925 2283 4979 Deo
2331 4940 2551 4980 causam
2601 4923 2882 4978 ascribere
2925 4936 3144 4990 mquum
3191 4929 3279 4975 est
3319 4935 3512 4974 eorum

1920 5034 2042 5088 quae
2089 5033 2354 5088 prospere
2391 5016 2660 5087 gesseris,
2691 5030 2786 5067 seu
2819 5013 2874 5066 in
2907 5013 3138 5082 privata,
3169 5011 3286 5066 sive
3325 5010 3379 5064 in
3408 5027 3514 5080 pu-

1921 5111 2064 5166 blica
2108 5111 2238 5163 vita.
2291 5107 2407 5163 Fiet
2455 5109 2603 5163 enim
2636 5108 2709 5160 ita
2743 5117 2801 5160 ut
2831 5107 2992 5160 illum
3019 5105 3222 5161 habeas
3255 5104 3514 5158 lihentio-

1922 5219 2038 5257 rem
2069 5203 2474 5263 auxiliatorem,
2508 5210 2566 5256 et
2601 5209 2662 5254 ut
2694 5200 2802 5254 Deo
2835 5200 3068 5254 dilectus
3105 5197 3379 5253 videaris:
3411 5213 3518 5252 nec

1921 5294 2246 5364 redarguere
2287 5302 2339 5347 te
2377 5293 2668 5362 quisquam
2699 5291 2892 5361 possit,
2921 5291 3006 5345 vel
3037 5292 3276 5346 levitatis
3304 5291 3387 5345 vel
3417 5306 3512 5344 su-

1924 5384 2160 5452 perhiae;
2193 5384 2287 5437 sed
2322 5391 2375 5436 et
2409 5382 2627 5438 invidia:
2653 5382 2886 5451 quasvis.
2914 5382 3063 5436 acies
3099 5392 3311 5436 retusas
3334 5389 3388 5434 et
3409 5397 3512 5435 an-

1923 5478 2123 5530 fractas
2157 5476 2366 5530 reddes.

1994 5569 2116 5623 118.
2162 5568 2286 5623 [hec
2316 5584 2347 5623 e
2390 5569 2577 5623 multis
2617 5585 2813 5639 pauca,
2869 5569 3012 5639 apud
3050 5577 3102 5621 te
3133 5568 3203 5635 (ο
3233 5577 3288 5621 tu
3324 5574 3516 5635 partus

1924 5661 2029 5714 mei
2050 5661 2350 5730 spiritualis
2378 5677 2564 5714 verum
2587 5671 2641 5715 et
2670 5661 2967 5731 genuinum
2997 5661 3286 5728 genncma)
3319 5658 3511 5711 amici-

1927 5753 2016 5807 tize
2055 5762 2112 5807 et
2160 5753 2436 5808 liliationis
2477 5763 2739 5824 tauquam
2771 5769 2801 5806 a
2835 5752 2947 5806 lleo
2977 5751 3225 5820 qua-dam
3267 5751 3511 5821 symbola

1924 5854 1977 5900 et
2032 5848 2247 5904 virtutis
2292 5848 2504 5904 tabulas
2544 5849 2888 5915 archetrpas,
2921 5845 3154 5914 depono,
3193 5855 3250 5900 ιιι
3278 5845 3412 5901 dum
3441 5844 3526 5901 ad.
