3964 6440
337 328 439 391 697
1540 325 1902 388 EPISTOLA

2025 327 2080 386 M
2112 328 2345 389 LIBER
2375 317 2417 388 Ῑ.
3487 330 3589 394 698

1431 523 1769 585 ANGELO
1829 522 1942 585 MA
1957 523 1994 582 Ι
2052 520 2458 585 MONITUM

332 663 414 720 De
450 667 652 720 duabus
703 668 934 736 epistolis
981 669 1309 739 sequentibus
1349 670 1524 725 Photn'
1563 673 1882 742 patriarcha:
1911 673 1983 725 ad
2023 671 2345 726 Zachariam
2375 671 2742 728 Armeniorum
2771 668 3141 738 patriarcltam
3169 680 3216 720 et
3247 667 3317 720 ad
3346 667 3590 719 Asutium

445 755 677 825 ejusdem
710 757 876 828 gentis
900 759 1210 826 principem,
1243 769 1292 812 et
1322 760 1385 812 de
1413 761 1576 813 variis
1599 761 1737 813 inter
1763 759 1973 814 Graecos
2004 768 2052 813 et
2083 759 2360 812 Armenios
2383 775 2478 827 pro
2506 757 2748 826 religiosa
2791 754 3073 808 concordia
3103 753 3438 806 tractatibus.

405 888 461 942 1.
506 886 580 943 Ut
617 887 798 944 Photii
841 890 976 945 duas
1012 893 1079 947 ad
1125 893 1447 949 Zachariam
1491 895 1878 950 Armeniorum
1923 892 2310 964 patriarcham,
2338 901 2499 962 atque
2525 893 2592 950 ad
2618 892 2868 948 Asntium
2903 889 3149 958 ejusdem
3184 887 3360 957 gentis
3389 901 3589 955 supre-

326 991 485 1030 mum
524 978 826 1046 principem
865 980 1126 1049 epistolas
1166 981 1222 1034 in
1257 982 1366 1038 hoc
1395 983 1672 1038 volumine
1711 982 2066 1054 divulgarem,
2111 997 2276 1036 causa
2316 982 2448 1035 mihi
2494 981 2699 1040 Nicolai
2735 979 2946 1050 mystici
2973 977 3200 1046 epistola
3236 974 3336 1029 159
3367 975 3490 1040 fuit,
3531 974 3587 1027 in

327 1079 440 1132 qua
501 1065 557 1118 hi
600 1064 780 1122 Photii
824 1083 948 1121 cum
999 1067 1275 1123 Armeniis
1321 1076 1605 1134 tractatus,
1667 1077 1730 1124 ut
1772 1071 2032 1132 vidimus,
2061 1080 2576 1124 commemorantur.
2619 1067 2875 1136 Epistolm
2913 1064 3133 1134 quidem
3165 1063 3229 1116 ad
3265 1062 3586 1117 Zachariam

327 1151 489 1204 testis
537 1162 624 1234 est
662 1153 827 1208 etiam
877 1154 1094 1210 Samuel
1126 1156 1406 1220 Aniensis,
1461 1173 1490 1210 a
1536 1172 1624 1211 me
1675 1157 1806 1212 olim
1849 1167 1904 1212 et
1948 1174 1978 1212 a
2024 1160 2096 1214 cl.
2143 1161 2394 1214 Zohrabo
2440 1158 2726 1214 Mediolani
2773 1157 2976 1215 editus,
3010 1155 3062 1208 in
3096 1169 3195 1207 suo
3221 1152 3481 1207 Chronico
3518 1155 3587 1208 ad

325 1237 534 1293 Christi
563 1256 768 1296 annum
797 1243 906 1297 878
942 1243 1025 1297 his
1056 1245 1237 1299 verbis
1265 1263 1278 1298 :
1312 1243 1765 1314 Constantinopoli
1802 1247 2112 1315 patriarcha
2143 1258 2256 1301 erat
2290 1248 2530 1313 Photius,
2566 1249 2654 1315 qui
2681 1261 2846 1315 nuper
2875 1245 2946 1298 ad
2984 1243 3310 1296 Zachariam
3343 1243 3586 1310 patriar-

323 1324 483 1378 chans
528 1337 760 1381 nostrum
789 1332 1036 1384 consortii
1062 1332 1278 1386 ineundi
1302 1350 1462 1387 causa
1483 1333 1760 1404 epistolam
1789 1336 2091 1404 scripserat.
2127 1336 2248 1401 Quo
2273 1338 2393 1392 loco
2417 1352 2516 1390 nos
2550 1335 2789 1388 editores
2820 1332 3199 1390 adnotavimus
3234 1347 3246 1382 :
3281 1335 3389 1384 lucc
3412 1330 3586 1384 Photii

321 1416 536 1484 prolixa
557 1419 778 1486 epistola
801 1431 970 1475 autat
995 1423 1050 1475 in
1081 1423 1340 1478 codicibus
1355 1423 1680 1479 Armeniaris
1704 1425 1907 1495 collegii
1933 1425 2105 1479 Veneti
2132 1425 2313 1480 Sancti
2337 1425 2532 1478 Lazari
2552 1425 2648 1490 (l).
2671 1423 2748 1477 De
2774 1423 2943 1476 allera
2970 1435 3100 1474 vero
3125 1429 3585 1489 contemporanea

321 1503 508 1559 Photii
559 1507 796 1576 epistola
837 1510 907 1564 ad
947 1511 1198 1564 Asutium
1239 1512 1570 1581 principem,
1622 1513 1788 1567 verba
1819 1512 1952 1567 facit
1997 1515 2286 1586 Serposius
2321 1513 2504 1584 Camp.
2542 1515 2664 1568 hist.
2713 1522 2752 1569 t.
2800 1511 2864 1577 ll,
2895 1529 2948 1582 p.
2981 1511 3070 1566 44.
3107 1510 3220 1564 Hoc
3254 1526 3353 1577 ego
3385 1510 3581 1580 triplici

322 1596 646 1652 testimonio
688 1601 1010 1656 admonitus
1066 1600 1294 1667 Nicolai,
1340 1603 1630 1669 Samuelis,
1669 1611 1834 1674 atque
1863 1602 2128 1672 Serposii,
2161 1603 2228 1658 de
2263 1602 2518 1658 Photiani
2553 1603 2837 1670 utriusque
2867 1600 3056 1669 scripti
3107 1615 3216 1653 non
3261 1598 3582 1652 exsistcntia

323 1687 526 1750 solum,
562 1703 753 1741 verum
780 1689 968 1753 etiam,
995 1691 1057 1743 in
1084 1691 1260 1744 aliena
1295 1691 1485 1745 saltem
1514 1693 1718 1764 lingua,
1749 1692 2166 1747 conservatione
2197 1690 2420 1761 (etenim
2454 1689 2641 1744 Graece
2676 1705 2852 1758 neque
2882 1689 2935 1741 in
2963 1685 3280 1741 Montacutii
3308 1685 3576 1754 epistola-

321 1786 449 1824 rum
495 1771 678 1826 Photii
727 1773 966 1828 editione
1002 1775 1093 1830 ita:
1123 1774 1247 1829 dua:
1295 1777 1570 1848 leguntur,
1601 1794 1778 1848 neque
1804 1796 1833 1833 a
1861 1797 1948 1835 me
1981 1781 2036 1834 in
2072 1779 2366 1834 Hellenicis
2397 1793 2637 1847 unquam
2675 1776 2955 1831 codicibus
2984 1775 3286 1829 observate.
3323 1773 3568 1843 fuerunt)

317 1860 511 1929 rogavi
545 1859 662 1913 RR.
711 1860 900 1915 Patres
930 1861 1350 1929 Mechitaristas,
1387 1876 1456 1919 .ut
1479 1865 1526 1919 si
1558 1865 1801 1936 ipsorum
1825 1868 2113 1926 commodo
2137 1882 2202 1922 ac
2231 1867 2387 1921 lihito
2418 1865 2535 1919 ﬁeri
2563 1874 2769 1934 posset,
2805 1863 3101 1922 Photianas
3130 1876 3342 1915 mecum
3373 1860 3580 1930 episto-

317 1947 403 2000 las
451 1949 930 2004 communicarent
969 1968 983 2003 :
1029 1951 1192 2020 hique
1241 1960 1444 2006 tantam
1487 1970 1600 2022 prm
1630 1970 1688 2010 se
1728 1955 1972 2010 tulerunt
2004 1956 2418 2026 benignitatem,
2457 1961 2515 2006 ut
2549 1952 2765 2006 illarum
2797 1951 2984 2004 statim
3026 1949 3422 2019 apographum,
3453 1963 3578 2001 cum

315 2031 510 2090 Italica
547 2035 606 2088 P.
647 2034 885 2091 Edua-rdi
933 2037 1226 2103 Hormutii,
1271 2041 1514 2110 perdocti
1562 2042 1666 2096 viri
1705 2044 1948 2114 mihique
1993 2041 2331 2104 amicissimi,
2377 2039 2834 2109 interpretatione
2876 2038 3139 2092 utendum
3180 2034 3576 2090 concesserint.

313 2119 439 2187 Quo
486 2133 710 2192 accepto
763 2140 1012 2192 munere,
1040 2127 1193 2180 nolui
1227 2127 1482 2196 equidem
1510 2130 1857 2185 occasionem
1879 2130 2143 2188 omittere
2177 2129 2421 2184 sociandi
2457 2129 2714 2182 Photium
2738 2143 2866 2181 cum
2897 2125 3141 2190 Nicolao,
3171 2125 3263 2193 qui
3292 2121 3580 2176 familiaris

311 2210 441 2279 ejus
469 2219 524 2264 et
559 2211 839 2267 cathedrae
867 2229 1151 2269 successor
1173 2215 1280 2269 fuit
1315 2217 1607 2287 :quodque
1641 2221 1812 2289 magis
1845 2219 2098 2283 interest,
2132 2218 2327 2288 gestivi
2360 2217 2632 2287 protinus,
2671 2232 2869 2270 novum
2912 2215 3017 2268 hoc
3047 2211 3448 2266 Ecclesiasticze
3496 2210 3581 2262 hi-

313 2298 510 2354 storia:
538 2299 969 2358 additamentum
998 2304 1066 2359 ad
1101 2303 1374 2373 publicam
1395 2307 1646 2360 notitiam
1682 2308 1944 2376 perferre.
1975 2307 2068 2362 Est
2105 2309 2252 2361 enim
2283 2305 2375 2359 hic
2408 2322 2548 2360 unus
2578 2321 2644 2360 ex
2675 2313 2752 2358 tot
2792 2302 3134 2367 tractatibus,
3166 2301 3367 2370 quibus
3392 2297 3582 2353 Graeca

310 2387 560 2442 Ecclesia
591 2403 715 2444 cum
747 2391 1022 2446 Armeniis
1053 2391 1357 2447 instaurare
1391 2394 1738 2449 concordiam
1769 2395 2008 2465 fideique
2039 2396 2306 2466 religiosa:
2336 2395 2595 2448 unitatem
2629 2400 2819 2446 conata
2845 2400 2948 2446 est.

384 2501 442 2554 2.
495 2501 746 2556 Profecto
797 2501 1233 2570 disputationum
1277 2504 1544 2567 omnium,
1567 2520 1699 2572 qua:
1725 2504 1869 2559 inter
1894 2505 2029 2560 duas
2058 2504 2326 2559 Ecclesias
2367 2502 2566 2558 habitae
2595 2510 2744 2564 sunt,
2780 2499 2980 2554 seriem
3009 2513 3118 2552 non
3145 2505 3434 2551 contexam
3469 2511 3481 2546 :
3523 2495 3575 2548 id

306 2589 465 2644 enim
513 2589 582 2644 ad
626 2591 936 2660 generalem
972 2591 1156 2661 potius
1189 2590 1470 2661 religionis
1509 2591 1794 2646 historiam
1847 2592 2104 2662 pertinet.
2145 2591 2316 2648 Video
2353 2599 2536 2644 tamen
2577 2589 2880 2658 principem
2916 2585 3031 2640 fere
3057 2583 3304 2638 omnium
3343 2583 3398 2636 in
3431 2582 3580 2636 hanc

307 2677 490 2731 aleam
524 2677 886 2732 descendisse
916 2686 1164 2731 sanctum
1196 2677 1473 2743 Proolum,
1497 2678 1596 2746 qui
1625 2679 1825 2733 saeculo
1859 2679 2072 2746 quinto,
2107 2689 2162 2733 et
2191 2679 2410 2748 quidem
2453 2687 2580 2731 ante
2606 2675 3054 2732 Chalcedonense
3088 2670 3389 2725 concilium
3421 2670 3578 2731 vixit,

309 2766 522 2836 scripta
559 2766 638 2820 vad
686 2766 974 2820 Armenios
1019 2766 1324 2836 dogmatica
1370 2767 1623 2835 epistola,
1669 2784 1774 2836 qua
1824 2769 1944 2822 illos
1977 2777 2170 2823 contra
2211 2765 2373 2819 falsas
2398 2765 2676 2820 doctrinas
2702 2761 3081 2818 communivit.
3109 2760 3373 2828 Superest
3401 2757 3582 2810 adhuc

307 2856 434 2926 ipsa
481 2855 712 2922 epistola
759 2855 902 2910 inter
939 2855 1119 2910 Procli
1150 2871 1340 2925 opera,
1373 2857 1449 2909 rei
1479 2872 1609 2910 vero
1633 2858 1866 2916 historia
1899 2855 2194 2925 exponitur
2239 2853 2383 2923 apud
2413 2852 2679 2908 Galanum
2723 2860 2762 2904 t.
2811 2849 2850 2916 Ι,
2886 2866 2942 2919 p.
2974 2849 3042 2903 69
3071 2857 3126 2901 et
3167 2861 3284 2915 seq.
3330 2844 3581 2897 Trullani

303 2957 559 2997 “nones
599 2943 1064 3012 δίθηυιο-εθριίηιο
1101 2943 1256 3009 editi.
1306 2944 1376 2998 οἱ)
1419 2946 1820 3002 emendanda!!!
1854 2949 2157 3016 prtesertim
2187 2946 2571 3002 Armeniorum
2604 2942 2876 3014 lilurgiam
2904 2956 2967 2995 ac
2995 2938 3363 3008 disciplinam,
3404 2933 3579 2987 notis-

303 3031 434 3085 simi
487 3045 636 3085 sunt.
684 3032 762 3086 En
811 3042 992 3086 autem
1033 3042 1226 3088 octavo
1275 3033 1470 3087 saeculo
1498 3043 1719 3088 sanctus
1745 3035 2052 3091 Germanus
2088 3037 2126 3100 Ι,
2168 3032 2471 3103 patriarcha
2503 3032 2833 3102 Byzantinus
2861 3029 3038 3082 zelum
3064 3041 3224 3079 suum
3258 3040 3356 3094 pro
3387 3024 3583 3075 Arme—

295 3116 532 3171 niorum
563 3117 888 3174 orthodoxia
921 3120 1278 3190 exprompsit,
1299 3121 1453 3175 .datis
1487 3122 1554 3176 ad
1595 3139 1688 3176 eos
1714 3123 1934 3188 litteris,
1974 3133 2033 3178 ut
2054 3122 2286 3192 duplicis
2316 3123 2370 3174 in
2397 3120 2618 3174 Christo
2648 3129 2856 3173 naturae
2881 3115 3306 3176 confessionem,
3340 3118 3394 3165 et
3415 3109 3597 3162 Chal‘

291 3207 845 3278 .cedonensissynodi
877 3209 1262 3266 admissionem
1291 3212 1546 3266 suaderet
1580 3230 1592 3265 :
1621 3229 1742 3282 qua:
1766 3215 1956 3273 littera:
1983 3229 2094 3268 non
2123 3219 2342 3266 exstant
2365 3209 2604 3279 quidem,
2634 3208 2728 3261 sed
2757 3222 2944 3260 earum
2977 3213 3124 3258 certa
3155 3202 3344 3255 notitia
3384 3199 3582 3270 legitur

304 3301 368 3354 in
426 3301 808 3355 Armeniorum
863 3301 1104 3370 ipsorum
1154 3303 1457 3372 menologio
1499 3305 1641 3374 apud
1677 3305 1941 3361 Galanum
1985 3318 2042 3372 p.
2088 3301 2176 3366 '78,
2217 3315 2320 3352 nec
2366 3313 2477 3352 non
2515 3297 2566 3350 in
2603 3295 2858 3349 Tarsensi
2901 3293 3132 3348 concilio
3157 3289 3299 3359 apud
3325 3288 3580 3341 cmndem

293 3405 368 3460 -p.
399 3389 497 3444 34.!
538 3389 637 3458 (‘2).
669 3389 942 3444 Germano
964 3399 1094 3443 tunc
1125 3393 1350 3445 omnino
1381 3373 1726 3448 consensisse.
1755 3395 2016 3447 dicuntur
2041 3387 2280 3442 Armenii
2315 3401 2406 3455 op.
2444 3385 2537 3438 cit.
2565 3400 2620 3453 p.
2648 3383 2739 3444 77,
2774 3380 3079 3451 praesertim
3105 3379 3231 3446 quia
3263 3377 3411 3428 hunc
3435 3373 3582 3427 inter

306 3479 469 3534 divos
506 3486 822 3532 numerant.
872 3476 1029 3532 Nunc
1056 3477 1282 3535 Photius
1309 3491 1572 3550 sequente
1600 3483 1800 3536 sarculo
1827 3481 2043 3535 curiose
2081 3483 2267 3530 narrat
2287 3473 2503 3543 quoties
2523 3471 2769 3524 Armenii
2797 3467 3041 3538 episcOpi
3075 3463 3579 3550 Chalcedonensem

305 3566 474 3621 fidem
498 3565 872 3634 susceperint,
898 3573 1060 3635 atque
1109 3567 1228 3620 aliis
1254 3546 1609 3622 oecuinenicis
1640 3569 1860 3639 synodis
1899 3564 2248 3622 intcrl‘uerint
2288 3578 2352 3617 ac
2379 3560 2828 3630 subscripserint.
2859 3557 3136 3625 Pauloque
3163 3561 3287 3623 post
3321 3546 3582 3639 Nicolaus

289 3653 572 3724 .mysticus
613 3652 898 3722 epistolam
943 3669 1095 3707 suam
1127 3654 1193 3707 ad
1223 3655 1512 3710 Armenios
1539 3636 1709 3721 misit,
1733 3658 1891 3727 cujus
1926 3669 2026 3709 nos
2053 3653 2302 3706 Latinum
2330 3665 2548 3720 quoque
2575 3648 2930 3702 summarium
2955 3648 3008 3700 in
3041 3642 3358 3714 praefatione
3402 3653 3462 3693 n.
3500 3636 3576 3693 14

304 3739 654 3810 scripsimus.
713 3738 1010 3809 Utriusque
1066 3743 1376 3798 tentaminis
1414 3743 1594 3797 exitus
1630 3744 1813 3798 nullus
1865 3743 1990 3805 fuit,
2029 3752 2089 3797 ut
2131 3741 2199 3795 de
2241 3737 2465 3794 Nicolao
2505 3753 2606 3792 nos
2636 3737 2894 3801 diximus,
2925 3735 2993 3788 de
3020 3734 3140 3802 ipso
3167 3743 3350 3785 autem
3384 3727 3577 3783 Photio
3646 3761 3656 3771 .

301 3828 565 3882 Nicolaus
595 3841 684 3896 ep.
719 3826 839 3891 cit.,
878 3842 999 3896 qua:
1025 3828 1183 3882 valde
1207 3830 1592 3885 contradicunt
1630 3831 1868 3885 narratis
1899 3847 1930 3884 a
1965 3829 2224 3899 Serposio
2245 3837 2285 3883 t.
2314 3827 2379 3893 ll,
2414 3843 2468 3897 p.
2499 3827 2590 3880 46.
2619 3825 2832 3880 Secutae
2857 3831 2984 3877 sunt
3005 3819 3330 3875 duodecimo
3350 3816 3574 3876 saeculo,

289 3925 434 3988 .post
471 3931 676 3970 annum
728 3914 885 3980 M70,
937 3926 1199 3986 regnante
1228 3919 1392 3987 {apud
1433 3919 1650 3974 Grrecos
1702 3919 1949 3975 Manuele
1998 3917 2301 3983 Comneno,
2327 3915 2571 3971 celebres
2607 3914 2729 3969 duae
2748 3913 2813 3966 ad
2849 3910 3137 3964 Armenios
3163 3909 3233 3961 ob
3263 3905 3572 3976 religiosam

301 4002 654 4058 concordiam
701 4001 1000 4071 legationes
1055 4017 1120 4057 ac
1158 4003 1559 4074 disputationes
1607 4006 1900 4062 Theoriani
1947 4009 2259 4078 philosophi
2301 4022 2424 4062 cum
2455 4004 2681 4062 Nersete
2705 4003 2944 4060 Claiensi
2977 3997 3305 4072 patriarcha,
3339 4011 3572 4065 quarum

289 4090 545 4160 .priorem
590 4089 975 4152 Leunclavius,
1023 4093 1383 4160 posteriorem
1425 4109 1526 4148 nos
1575 4095 1629 4148 in
1679 4096 1960 4154 codicibus
2005 4098 2194 4153 saltem
2236 4096 2478 4166 quinque
2521 4095 2798 4148 inventam
2830 4091 3120 4146 edidimus.
3164 4087 3361 4140 Harum
3387 4095 3571 4138 tamen

298 4179 438 4234 felix
471 4179 648 4234 exitus
679 4179 999 4249 patriarchae
1029 4191 1204 4235 morte
1235 4192 1527 4252 corruptus
1567 4183 1784 4239 videtur
1812 4203 1824 4238 :
1857 4185 2032 4240 donec
2059 4185 2434 4256 quinquennio
2462 4192 2585 4254 post
2607 4197 2695 4236 res
2727 4181 2926 4235 iterum
2968 4181 3023 4233 in
3050 4176 3284 4232 concilio
3307 4173 3570 4228 Tarsensi

297 4268 509 4322 acriter
544 4268 804 4322 ventilata
839 4282 923 4322 ac
977 4283 1149 4337 prope
1192 4268 1478 4335 confecta,
1527 4271 1794 4327 Manuelis
1827 4273 2172 4344 imperatoris
2217 4276 2467 4331 similiter
2509 4273 2684 4338 obitu,
2717 4274 2830 4328 Deo
2865 4273 2944 4328 sic
2973 4270 3345 4341 permittente,
3375 4281 3572 4321 rursus

297 4356 533 4411 corruit.

377 4470 430 4524 5.
464 4469 576 4524 Sed
609 4468 1275 4536 enimpratterhactenus
1299 4471 1463 4536 dicta,
1490 4488 1634 4528 nova
1665 4475 1796 4530 mihi
1833 4477 2080 4547 qut-edam
2112 4478 2168 4533 in
2197 4494 2334 4533 mss.
2365 4485 2646 4547 comperta
2680 4485 2830 4540 sunt,
2865 4491 2984 4545 quae
3014 4473 3225 4543 integre
3252 4471 3475 4542 quidem
3513 4469 3567 4522 in

296 4558 409 4613 alia
450 4566 929 4614 monumentorum
971 4565 1214 4612 veterum
1243 4559 1467 4630 sylloge.
1510 4571 1569 4614 ut
1602 4577 1784 4631 spero,
1819 4565 2045 4619 daturus
2074 4581 2194 4619 sum
2221 4583 2236 4631 ;
2269 4581 2417 4619 nunc
2453 4575 2633 4619 tamen
2664 4563 3011 4618 summarium
3042 4562 3284 4630 ipsorum
3316 4557 3564 4614 notitiam

293 4648 578 4704 delibabo.
612 4647 830 4700 Etenim
865 4649 1011 4702 circa
1051 4647 1250 4702 Christi
1283 4664 1414 4704 ann.
1445 4649 1604 4715 1240,
1633 4662 1893 4721 regnante
1923 4651 2401 4722 Constantinopoli
2449 4661 2732 4722 postremo
2766 4650 3082 4704 Latinorum
3113 4649 3248 4717 imp.
3277 4645 3565 4708 Baldnino,

292 4735 498 4792 Nicaeae
534 4738 863 4794 imperatore
886 4740 1074 4795 Graeco
1103 4738 1312 4792 Joanne
1350 4737 1497 4793 Duco
1530 4739 1776 4805 Vatatze,
1813 4752 2132 4794 renovatum
2168 4756 2196 4793 a
2220 4741 2421 4795 Graecis
2454 4749 2731 4794 tentamen
2766 4748 2851 4792 est
2880 4737 3240 4807 dogmaticam
3270 4733 3560 4802 copulandi

291 4841 428 4879 cum
473 4825 747 4880 Armeniis
777 4843 986 4897 pacem.
1039 4827 1266 4896 Scripsit
1311 4841 1440 4896 ergo
1488 4825 1794 4881 Germanus
1823 4827 1887 4890 ll,
1920 4837 2049 4883 tunc
2077 4829 2384 4897 patriarcha
2422 4827 2665 4891 Graecus,
2708 4825 2989 4895 epistolam
3032 4825 3100 4878 ad
3141 4822 3562 4878 Constantinum

291 4914 494 4968 eodem
534 4915 769 4984 tempori
829 4915 1212 4969 Armeniorum
1261 4915 1662 4984 patriarcham,
1704 4932 1864 4985 quam
1910 4931 2010 4987 ego
2061 4915 2114 4968 in
2153 4915 2436 4969 codicibus
2473 4913 2738 4968 vaticanis
2786 4912 2890 4981 legi
2937 4913 3042 4967 hoc
3077 4911 3233 4965 titulo
3261 4919 3318 4964 et
3370 4908 3560 4962 initio:

291 4998 395 5068 Τῷ
441 5000 762 5072 ὑψηλοτάτῳ
814 5001 1088 5071 καθολικῷ
1130 5003 1310 5072 πάσης
1367 5004 1464 5072 τῆς
1527 5003 1892 5073 Ἀρμενιακῆς
1955 5003 2318 5070 Ἐκκλησίας,
2369 5003 2468 5072 τῆς
2515 5003 2655 5054 κατὰ
2711 5001 2890 5052 πᾶσαν
2937 4998 3037 5067 τὴν
3065 4998 3414 5066 οἰκουμένην,
3470 4995 3565 5050 καὶ

294 5086 468 5158 σοφίᾳ
509 5091 601 5141 καὶ
629 5091 841 5142 συνέσει
881 5091 1284 5162 κεκοσμημένῳ
1321 5091 1473 5161 κυρῷ
1526 5092 1939 5158 Κωνσταντίνῳ,
1975 5093 2252 5163 Γερμανὸς
2284 5092 2420 5162 ἐλέῳ
2453 5091 2588 5144 Θεοῦ
2635 5090 3067 5160 ἀρχιεπίσκοπος
3118 5089 3567 5142 Κωνσταντινου-

288 5174 530 5240 πόλεως,
575 5177 701 5241 νέας
749 5177 989 5248 Ῥώμης,
1026 5179 1120 5231 καὶ
1162 5181 1539 5248 οἱκουμενικδς
1581 5180 1947 5250 πατριάρχης.
1980 5180 2176 5250 Incipit
2208 5179 2614 5248 εἈγαλλιάσθω
2652 5180 2680 5230 ὁ
2707 5178 2954 5248 οὐρανὸς,
2997 5178 3092 5229 καὶ
3122 5175 3499 5248 εὐφραινέσθω
3532 5177 3565 5246 ἡ

291 5261 376 5332 γῆ
430 5264 689 5336 σήμερον,
741 5283 796 5320 κ.
829 5284 880 5321 τ.
925 5265 978 5320 λ.
1015 5267 1072 5320 1η
1101 5282 1164 5320 ca
1203 5267 1511 5322 Germanus
1539 5283 1856 5326 commemm

2000 5270 2139 5327 rimo
2169 5268 2427 5324 Tiridatis
2456 5276 2512 5323 et
2538 5265 2885 5322 Constantini
2917 5266 3357 5334 contemporales
3388 5263 3565 5318 domi-

327 5555 338 5567 .
374 5485 1729 5567 (1)Ah‘bacrlthlii-dpgfllalicaepistolaprorsus
1765 5492 1879 5567 dis-
1991 5563 2016 5567 ᾳ
2053 5492 2130 5564 (2)
2185 5493 2328 5567 Ergo
2403 5492 2708 5567 Germanus
2759 5491 2802 5567 Ι⁸
2839 5489 3138 5567 permutari
3199 5491 3392 5558 nequit
3432 5503 3556 5567 cum

299 5557 598 5639 ἐπεμειξάει
631 5566 715 5613 θει
735 5557 1234 5639 ειεξῆξιηηίϐνίἳὶοκῃὶ
1256 5557 1595 5639 ςὶξίεοορὶῗβά
1622 5564 1876 5639 eumdem
1977 5557 2350 5639 Germano“,
2379 5567 2469 5633 qui
2503 5565 2711 5639 pariter
2735 5564 2805 5618 ad
2830 5557 3122 5639 Armenios
3149 5576 3246 5630 pro
3265 5557 3556 5639 concordia

298 5626 620 5703 Zachariam
661 5629 912 5703 epistola,
936 5646 986 5703 _a
1045 5626 1373 5686 Combeftsio
1405 5626 1464 5686 in
1505 5635 1762 5689 Auctario
1805 5633 1863 5687 Β.
1978 5635 2216 5703 scripsit.
2250 5643 2310 5688 ut
2338 5626 2459 5689 mox
2488 5626 2812 5699 videbimus,
2835 5633 3050 5703 Etenim
3077 5626 3347 5684 Ta'rsense
3373 5630 3562 5703 co_nci‘

298 5695 494 5779 P|:._t.
526 5697 602 5779 All,
655 5695 713 5768 pl
750 5700 1195 5779 297.edita,quaa
1229 5703 1462 5762 nonnisi
1509 5704 1577 5760 de
1610 5704 1877 5762 festorum
1977 5695 2131 5770 lium,
2179 5705 2231 5757 in
2279 5721 2388 5773 quo
2415 5695 2893 5779 _vcrl.ta_tiunt'de
2923 5702 3216 5769 Germano,
3262 5707 3389 5754 ante
3418 5699 3556 5755 Ger-

299 5766 672 5824 celebratione
694 5769 822 5842 agit.
873 5766 883 5772 ’
1037 5766 1048 5771 ’
1089 5766 1108 5774 ”
1978 5766 2200 5830 manum
2225 5766 2524 5840 secundum
2548 5775 2671 5831 fuit.
