3964 6454
513 370 620 435 699
1669 375 1936 440 ΡΗΟΤῙΙ
1973 379 2078 439 PA'

2227 383 2482 444 lRCH/E
2516 384 2626 445 CP.
3673 379 3792 445 7J0

512 486 767 540 nationes
807 502 823 540 :
855 495 1020 558 atque
1046 487 1197 546 hunc
1223 491 1490 548 miraculo
1528 491 1657 548 visa:
1685 494 1868 549 crucis
1893 509 2242 561 conversum,
2275 504 2331 552 et
2355 513 2385 551 a
2422 497 2592 553 beato
2630 493 2890 553 Silvestro
2926 511 3027 568 per
3058 496 3405 568 baptismatis
3427 510 3597 568 aquas
3627 494 3783 565 lepra

512 574 860 640 mundatum,
898 576 1049 630 illum
1097 592 1230 632 vero
1262 579 1650 649 przedicatione
1695 581 1752 635 S.
1801 580 2048 651 Gregorii
2089 599 2120 637 e
2147 584 2401 640 vitiorum
2428 602 2588 642 coeno
2619 587 2838 657 vitaque
2867 587 3111 643 belluina
3143 596 3396 659 ereptum
3430 606 3444 642 :
3479 598 3647 657 atque
3679 585 3784 640 hos

513 662 706 715 ambos
737 676 891 732 reges
911 664 1189 735 religionis
1233 668 1619 722 communione
1656 667 1977 732 concordes,
2006 668 2119 724 suis
2143 686 2584 753 unumquemque
2613 675 2828 745 populis
2852 674 3211 731 orthodoxam
3233 675 3444 731 Christi
3467 675 3783 729 doctrinam

514 748 831 803 tradendam
869 766 1113 807 curasse.
1145 754 1211 808 Et
1235 754 1523 809 Armenios
1552 755 1769 825 quidem
1800 755 2075 824 prioribus
2095 758 2268 814 tribus
2296 748 2650 816 meumenicze
2669 761 3011 817 auctoritatis
3032 762 3282 817 conciliis
3297 777 3591 817 assensum
3613 774 3785 815 suum

511 836 812 904 praebuisse
875 856 886 890 :
940 839 1138 895 deinde
1182 849 1365 896 tamen
1412 843 1612 898 diaboli
1660 842 1852 897 fraude
1890 842 2150 913 deceptos
2197 847 2255 901 in
2293 848 2609 916 pestiferam
2659 849 2912 905 haeresim
2959 849 3237 912 incidisse.
3285 865 3394 919 qua
3433 849 3655 903 unicam
3722 847 3785 901 in

466 946 477 955 -
511 922 732 978 Christo
771 933 1027 980 naturam
1075 943 1141 982 ex
1179 929 1382 985 deitate
1426 940 1483 984 et
1525 930 1866 985 humanitate
1895 938 2207 986 concrctam
2242 932 2596 1003 afﬁrmantes,
2626 934 2942 991 universam
2972 935 3373 990 incarnationis
3403 933 3784 989 oeconomiam

511 1011 1029 1078 pessumdederunt.
1088 1015 1179 1071 Sic
1219 1017 1365 1070 enim
1395 1015 1647 1072 Christus
1690 1033 1869 1087 neque
1906 1027 2112 1074 aeterno
2136 1018 2281 1072 Patri
2314 1034 2415 1074 suo
2447 1020 2539 1089 qui
2578 1021 2717 1075 nihil
2749 1021 3103 1076 humanitatis
3134 1021 3317 1085 habet,
3350 1034 3531 1090 neque
3564 1016 3785 1089 Virginj

513 1095 672 1153 Matri
713 1115 835 1169 qum
865 1102 1108 1157 vicissim
1143 1104 1361 1159 deitatis
1390 1113 1475 1159 est
1512 1121 1726 1176 expers,
1760 1105 1903 1161 foret
1938 1106 2438 1163 consubstantialis.
2478 1105 2701 1163 Frustra
2739 1117 2925 1165 autem
2962 1109 3252 1164 Armenios
3280 1106 3551 1178 obiecisse
3580 1107 3789 1162 ortbo~

509 1185 665 1241 doxis
713 1187 919 1244 Christi
969 1190 1026 1244 in
1075 1192 1213 1246 duos
1252 1191 1575 1247 divisionem
1608 1211 1621 1247 :
1665 1192 1808 1248 hanc
1833 1194 1978 1249 enim
2018 1192 2252 1249 Nestorii
2278 1211 2399 1252 esse
2418 1196 2837 1267 blasphemiam,
2870 1212 3033 1267 quem
3064 1197 3350 1251 hominem
3384 1194 3564 1250 Judaei
3601 1195 3788 1248 instar

507 1276 860 1330 abominatur
906 1276 1169 1334 Ecclesia.
1218 1278 1310 1334 Sic
1339 1288 1522 1334 autem
1556 1282 1825 1351 separatis
1848 1298 1878 1336 a
1907 1282 2174 1339 catholico
2199 1299 2430 1354 corpore
2459 1284 2754 1351 Armeniis,
2786 1284 2919 1340 alias
2946 1285 3179 1339 subinde
3206 1299 3404 1354 pravas
3422 1282 3787 1338 consuetudi-

508 1377 629 1428 nes,
672 1364 1058 1420 ccelesiasticze
1107 1366 1382 1420 traditioni
1415 1368 1742 1433 contrarias,
1784 1368 1930 1423 inter
1969 1385 2086 1435 eos,
2119 1380 2178 1426 ut
2230 1372 2307 1437 fit,
2357 1373 2685 1444 obrepsisse.
2718 1373 2846 1429 Haec.
2872 1388 2973 1428 nos
3003 1373 3243 1428 breviter
3269 1372 3531 1435 diximus,
3563 1384 3688 1441 quae
3720 1371 3784 1424 in

508 1450 697 1507 Graeco
732 1461 883 1507 textu
920 1454 1083 1523 paulo
1114 1455 1389 1524 copiosius
1422 1455 1740 1510 scribuntur
1772 1456 1853 1511 sic
1880 1475 1893 1511 :
1917 1459 2073 1510 Διέστ

2245 1461 2306 1532 (ὁ
2336 1459 2617 1533 διάϐολος)
2648 1461 2756 1514 ἀπὸ
2784 1461 2893 1514 τῶν
2939 1460 3229 1531 Ῥωμαίων
3275 1460 3401 1522 τοὺς
3446 1457 3784 1529 Ἀρμενίους

505 1539 714 1608 ἀδελφὰ
743 1540 1074 1611 φρονοῦντας
1102 1541 1161 1594 τὸ
1191 1542 1479 1612 πρότερον,
1513 1542 1574 1595 οὐ
1605 1543 1884 1596 διάστασιν
1903 1548 2221 1618 σωματικὴν
2246 1547 2467 1618 (μικρὸν
2493 1548 2601 1618 γὰρ
2627 1550 2780 1601 τουτὶ
2808 1548 2869 1600 τὸ
2889 1548 3174 1619 ἀδίκημα),
3203 1546 3341 1601 ἀλλὰ
3368 1546 3630 1617 ψυχικήν·
3647 1562 3783 1598 συν-

506 1626 755 1698 διέστησε
795 1628 854 1681 δὲ
895 1629 989 1682 καὶ
1040 1629 1149 1682 ἀπὸ
1195 1629 1470 1699 Χριστοῦ,
1507 1630 1605 1700 οὐχ
1634 1631 1718 1683 ὅτι
1761 1631 2038 1685 διιστῶσιν
2072 1635 2226 1689 αὐτοὶ
2268 1639 2346 1700 εἰς
2380 1637 2650 1706 Χριστοῦς
2678 1635 2771 1691 δύο
2802 1637 2894 1689 τὸν
2936 1636 3033 1690 ἕνα
3063 1636 3301 1707 Χριστὸν
3349 1634 3529 1705 (τοῦτο
3570 1633 3684 1703 γὰρ
3716 1630 3785 1686 τὸ

502 1714 686 1785 δόγμα
712 1715 806 1771 τοῦ
836 1718 1225 1787 ἀντικειμένως
1254 1718 1476 1788 ἔχοντος
1508 1721 1647 1790 πρὸς
1673 1718 1872 1783 αὐτοὺς
1899 1720 2218 1792 Νεστορίου,
2253 1723 2313 1777 ὃν
2338 1724 2435 1777 καὶ
2459 1725 2623 1794 ἡμεῖς
2652 1724 2940 1795 ὁλοψύχως
2969 1725 3272 1795 ἀναθέματι
3294 1724 3499 1795 αἰωνίῳ
3533 1722 3784 1775 καθυπο-

507 1804 800 1874 6άλλομεν,
829 1804 905 1867 ὡς
931 1804 1028 1857 ἕνα
1056 1806 1155 1875 τῆς
1183 1806 1292 1858 τῶν
1324 1805 1595 1872 Ἰουδαίων
1620 1806 2008 1879 Συναγωγῆς),
2039 1809 2154 1862 ἀλλ’
2178 1812 2262 1865 ὅτι
2284 1810 2383 1875 τὰς
2412 1811 2503 1865 δύο
2531 1812 2726 1883 φύσεις
2755 1813 2835 1877 είς
2864 1811 2994 1881 μίαν
3030 1811 3323 1882 συγχέουσι
3348 1809 3645 1880 τολμηρῶς
3664 1825 3680 1839 ’
3702 1810 3783 1873 ὡς

508 1892 651 1963 μήτε
679 1893 760 1965 τῷ
787 1892 1102 1964 προαιωνίῳ
1139 1893 1338 1965 Πατρὶ,
1380 1895 1519 1965 μήτε
1561 1896 1626 1963 τῇ
1661 1894 1968 1965 ὑποχρονίῳ
1993 1897 2178 1969 M'qrpl.
2212 1900 2495 1970 ὁμοούσιον
2520 1899 2762 1954 νοεῖσθαι
2799 1900 2896 1953 καὶ
2923 1900 3150 1971 συμφυῆ
3184 1898 3275 1952 τὸν
3303 1898 3435 1952 Υίόν
3457 1916 3469 1929 ·
3503 1896 3635 1951 οὔτε
3669 1895 3781 1966 γὰρ

503 1982 571 2035 ἐκ
600 1981 852 2052 θεότητος
877 1984 972 2035 καὶ
997 1981 1418 2054 ἀνθρωπότητος
1446 1985 1474 2036 ὁ
1500 1982 1713 2054 Πατὴρ,
1744 1982 1857 2059 OQB’
1884 1985 1917 2056 ἡ
1949 1986 2149 2058 Μήτηρ
2177 1987 2422 2057 τοιαύτη·
2471 1988 2553 2041 δεῖ
2578 1988 2637 2041 δὲ
2669 1990 2783 2052 τοῖς
2808 1988 2986 2060 ὀρθῶς
3016 1986 3307 2060 φρονοῦσιν
3336 1986 3554 2057 δμοφυῆ
3582 1984 3781 2039 τοῦτον

500 2070 799 2140 κηρύττειν
827 2069 905 2138 τῷ
936 2072 1111 2140 Πατρὶ
1160 2070 1256 2124 καὶ
1309 2072 1471 2140 ἡμῖν’
1506 2071 1566 2122 ού
1599 2071 2006 2143 κηρυχθήσεται
2054 2073 2113 2127 δὲ
2156 2074 2350 2139 οὕτως,
2402 2074 2563 2146 εἴπερ
2589 2076 2645 2130 al
2674 2075 2769 2129 δύο
2796 2075 2989 2144 φύσεις
3017 2077 3098 2139 είς
3144 2075 3274 2146 μίαν
3326 2074 3621 2145 κραθεῖσαι
3659 2089 3739 2125 συ·
3772 2104 3783 2113 -

501 2159 829 2230 ηνέχθησαν,
861 2158 977 2213 ἀλλ’
1009 2160 1058 2212 εἰ
1087 2159 1342 2224 σώζοιντο
1367 2158 1667 2230 ἀσύγχυτοι
1697 2161 1756 2214 ἐν
1789 2163 1866 2232 τῷ
1894 2162 2044 2234 αύτῷ
2070 2163 2167 2217 καὶ
2192 2163 2273 2217 ἐνὶ
2298 2163 2523 2235 Χριστῷ
2542 2179 2557 2195 ·
2587 2163 2729 2230 αὕτη
2760 2166 2858 2235 μὲν
2888 2164 3079 2236 πρώτη
3108 2163 3258 2218 αίτία
3274 2164 3377 2233 τῆς
3395 2161 3774 2226 διαστάσεων

499 2245 597 2299 καὶ
641 2244 745 2315 τῆς
774 2247 960 2317 κοινῆς
1005 2247 1287 2317 ὁλομελίας
1346 2246 1408 2299 τὸ
1457 2246 1620 2300 καλὸν
1647 2247 1806 2300 τοῦτο
1836 2249 1996 2319 μέλος
2019 2249 2129 2302 τῶν
2171 2249 2470 2322 Ἀρμενίων
2494 2252 2768 2306 ἀποκοπὲν
2800 2252 3017 2326 μακρὰν
3044 2252 3354 2325 ἀπερρίφηο
3387 2251 3552 2323 μέλος
3577 2251 3642 2305 δὲ
3675 2253 3770 2305 πᾶν

494 2333 601 2404 τῆς
628 2332 881 2405 ὁλότητος
908 2334 1206 2405 ἐκτμηοὲν,
1248 2334 1466 2400 πολλοῖς
1497 2337 1962 2408 περιστοιχίζεται
1999 2338 2139 2409 μετὰ
2166 2339 2266 2411 τὴν
2293 2340 2531 2411 ἐκτομὴν
2557 2343 2671 2404 τοῖς
2695 2343 2906 2404 κακοῖς,
2942 2340 3290 2410 μελαίνεται,
3339 2341 3601 2410 σήπεται,
3649 2339 3774 2393 δυσ-

490 2419 662 2485 ωδίας
689 2421 990 2492 ἐκπέμπει,
1028 2422 1321 2490 σκώληκας
1348 2424 1711 2494 ἀναδράττειο
1748 2426 1808 2478 οὐ
1855 2426 1965 2496 γὰρ
1999 2428 2094 2480 ἐπὶ
2126 2428 2265 2499 μόνῃ
2311 2430 2379 2500 τῇ
2422 2426 2617 2501 πρώτῃ
2657 2428 2869 2499 αἱρέσει
2902 2429 2937 2499 ἡ
2969 2427 3079 2482 τῶν
3123 2427 3428 2498 Ἀρμενίων
3469 2428 3775 2499 Ἐκκλησία

495 2508 989 2579 παραμεμένηκεν,
1021 2509 1158 2564 ἀλλὰ
1191 2512 1288 2563 καὶ¹
1319 2510 1488 2582 ἕτερα
1517 2512 1964 2586 προσεξεύρηκεν
1993 2514 2124 2586 ἔθνη
2160 2518 2281 2580 ταῖς
2308 2516 2797 2587 ἐκκλησιαστικαῖς
2822 2515 3216 2588 ἐναντιούμενα
3244 2516 3609 2587 παραδόσεσι.

562 2621 620 2676 4.
669 2620 890 2678 Transit
935 2640 1065 2679 mox
1091 2623 1400 2680 Germanus
1429 2625 1496 2681 ad
1533 2626 1786 2683 Haitonis
1809 2629 2198 2686 Armeniorum
2234 2631 2400 2703 regis,
2425 2646 2532 2686 nec
2567 2647 2679 2686 non
2712 2630 3041 2702 patriarchae
3068 2630 3389 2686 eorumdem
3414 2629 3779 2686 Constantini

489 2708 705 2775 laudes,
752 2712 845 2781 qui
874 2712 943 2767 de
981 2712 1333 2769 instauranda
1369 2713 1494 2770 fidei
1538 2716 1831 2772 concordia
1868 2717 2103 2783 sincero,
2128 2728 2188 2773 ut
2209 2729 2411 2789 sperat,
2447 2719 2646 2774 all'ectu
2675 2719 3020 2784 laborabant,
3051 2718 3234 2774 missis
3264 2719 3333 2773 ad
3365 2718 3591 2773 Graecos
3626 2718 3775 2790 lega-

491 2800 565 2855 tis
610 2800 958 2858 Theodoreto
1006 2802 1341 2874 hegumeno,
1385 2813 1441 2860 et
1489 2805 1689 2862 Basilio
1734 2807 2050 2863 monacho:
2098 2822 2207 2878 qua
2247 2822 2311 2862 ex
2358 2822 2419 2861 re
2457 2822 2665 2877 speque
2688 2807 2999 2862 Germanus
3030 2806 3183 2877 (sede
3210 2822 3311 2862 sua
3336 2815 3464 2862 tunc
3497 2808 3699 2877 pulsus
3720 2817 3779 2865 et

485 2888 704 2959 errans)
735 2889 859 2959 plus
885 2891 1067 2962 gaudii
1098 2907 1159 2947 se
1188 2895 1502 2964 percepisse
1526 2894 1778 2959 afﬁrmat,
1810 2912 1972 2966 quam
2000 2898 2046 2952 si
2064 2895 2570 2966 Constantinopolis
2599 2894 3041 2964 Latinorumper
3066 2894 3123 2949 id
3145 2904 3362 2966 tempus
3377 2895 3778 2966 tyrannidc,ut

487 2975 589 3043 ait,
636 2992 918 3047 oppressa,
956 2980 1026 3034 ad
1059 2979 1233 3037 Graeci
1261 2982 1493 3038 Caesaris
1509 2985 1601 3054 jus
1631 3000 1851 3040 reversa
1878 2985 2094 3042 fuisset.
2120 2984 2293 3040 Porro
2325 2992 2532 3038 tantam
2565 2998 2625 3038 se
2653 2982 2973 3053 suscepisse
3008 2983 3076 3038 de
3110 2982 3499 3038 Armeniorum
3534 2998 3778 3039 conver-

484 3064 643 3123 sione
687 3065 942 3122 fiduciam
966 3068 1119 3134 dicit,
1169 3078 1245 3135 ut,
1291 3071 1393 3125 etsi
1423 3073 1602 3127 nullas
1635 3090 1667 3127 a
1690 3073 1976 3129 Catholico
2013 3081 2298 3144 receperat
2329 3073 2558 3137 litteras,
2595 3071 2713 3142 ipse
2744 3080 2927 3126 tamen
2954 3071 3133 3127 fretus
3162 3071 3499 3126 Antiocheni
3533 3072 3777 3141 patriar-

484 3155 608 3210 chae
643 3155 975 3224 testimonio,
1026 3158 1119 3227 qui
1159 3158 1279 3227 ejus
1311 3160 1391 3214 rei
1415 3160 1578 3215 obses
1605 3169 1748 3225 erat,
1782 3177 1885 3217 nec
1919 3178 2031 3217 non
2058 3161 2389 3217 Theodoreti
2417 3159 2671 3216 monachi
2702 3158 3085 3221 afﬁrmatione,
3115 3160 3400 3232 negotium
3429 3159 3770 3230 occepisset,

485 3244 654 3298 misso
703 3244 771 3299 ad
818 3245 1109 3301 Armenios
1135 3246 1422 3303 Melitenes
1465 3251 1851 3319 metropolita;
1888 3266 2051 3321 quem
2096 3265 2246 3305 nunc
2284 3250 2352 3304 ad
2386 3264 2446 3303 se
2472 3264 2597 3303 cum
2647 3248 2855 3318 aliquot
2892 3249 3013 3320 ejus
3042 3248 3222 3320 gentis
3252 3247 3535 3319 episcopis
3559 3249 3773 3305 remitti

481 3331 744 3402 postulat,
780 3340 843 3387 ut
868 3332 939 3389 de
975 3332 1243 3392 Catholici
1274 3337 1525 3408 regisque
1548 3339 1691 3394 circa
1733 3354 1850 3395 rem
1886 3348 2092 3394 tantam
2129 3339 2411 3408 voluptate
2440 3337 2644 3392 certior
2678 3336 2795 3392 fiat.

554 3438 608 3492 5.
639 3437 895 3508 Acceptis
925 3438 1185 3496 Germani
1208 3442 1413 3500 litteris
1445 3446 1727 3516 respondit
1755 3445 2151 3503 Constantinus
2178 3444 2491 3511 Armenius,
2532 3446 2833 3516 perscripta
2882 3445 3008 3502 ﬁdei
3041 3461 3152 3502 sum
3180 3445 3412 3503 formula
3441 3463 3541 3504 seu
3565 3448 3771 3517 libello,

478 3525 573 3595 qui
601 3526 703 3581 etsi
753 3527 809 3581 in
865 3529 1085 3585 diverso
1123 3529 1247 3587 Vat.
1279 3532 1544 3604 longeque
1572 3534 1767 3590 dissito
1798 3534 2094 3605 exemplari
2134 3534 2334 3604 legitur
2370 3533 2694 3589 Armeniace
2715 3543 2879 3603 atque
2907 3533 3121 3599 Latine,
3154 3550 3281 3589 eum
3309 3535 3685 3592 nihilominus
3712 3538 3770 3594 ad

479 3613 627 3669 lianc
662 3617 1041 3672 tractationem
1080 3620 1379 3688 pertinere,
1413 3623 1761 3678 manifestum
1785 3638 1851 3678 ex
1880 3625 2038 3679 titulo
2070 3623 2152 3688 fit,
2174 3623 2268 3692 qui
2296 3622 2370 3677 ita
2394 3637 2454 3677 se
2481 3621 2647 3676 habet
2673 3641 2688 3677 :
2712 3622 2984 3693 Confessio
3009 3623 3177 3677 brevis
3208 3622 3587 3679 Armeniorum
3621 3627 3761 3695 ﬁdei,

479 3702 682 3756 tradita
732 3720 766 3756 a
813 3705 1012 3759 sanctis
1057 3706 1313 3762 Patribus
1359 3719 1407 3763 et
1460 3720 1708 3781 recepta;
1755 3712 1954 3782 scripta
1995 3728 2118 3766 vero
2156 3713 2229 3765 ad
2262 3713 2684 3781 sanctogenitum
2709 3713 3073 3782 patriarcham
3094 3712 3754 3785 Constantinopolitanul,

476 3800 740 3859 praecepto
762 3790 1094 3847 Constantini
1123 3795 1368 3849 catholici
1394 3799 1765 3851 Armenorum.
1791 3798 2051 3853 Versatur
2081 3799 2198 3855 haec
2218 3799 2489 3855 confessio
2514 3800 2571 3853 in
2592 3799 2935 3870 expositione
2969 3802 3351 3872 mysteriorum
3395 3803 3757 3859 sanctissima

477 3877 786 3945 Trinitatis,
837 3890 895 3935 et
921 3881 1124 3938 Christi
1151 3882 1287 3940 Jesu
1315 3886 1737 3950 incarnationis,
1776 3888 1924 3953 vitae,
1958 3888 2171 3951 mortis,
2208 3888 2647 3953 resurrectionis,
2685 3898 2850 3957 atque
2890 3888 2944 3942 in
2977 3889 3180 3944 ccelum
3202 3890 3434 3946 reditus.
3462 3890 3561 3947 Est
3587 3902 3766 3947 autem

478 3967 735 4023 universa
763 3969 972 4025 locutio
1001 3972 1344 4041 huiusmodi,
1369 3983 1432 4029 ut
1460 3974 1735 4030 catholico
1761 3969 1972 4047 passim
1995 3992 2161 4031 sensu
2190 3977 2415 4048 intelligi
2447 3991 2609 4047 posse
2632 3976 2887 4031 videatur
2913 3994 2927 4031 :
2957 3992 3270 4047 quanquam
3300 3978 3533 4033 duarum
3561 3979 3767 4035 diserte

475 4062 818 4119 naturarum,
869 4058 1072 4113 nedum
1116 4060 1453 4117 definitionis
1486 4056 1980 4129 Chalcedonensis,
2016 4063 2356 4120 mentionem
2392 4066 2623 4125 omnino
2648 4064 2807 4131 vitat,
2838 4071 2895 4119 et
2928 4065 3254 4135 quibusdam
3290 4075 3558 4137 praeterea
3598 4069 3754 4138 parti-

474 4141 615 4196 culis
660 4145 944 4213 cequivoca
989 4147 1224 4204 fortasse
1269 4153 1539 4205 sententia
1585 4152 1793 4207 subest.
1825 4152 2128 4223 Caeteroqui
2158 4154 2553 4209 Constantinus
2597 4168 2810 4222 passam
2843 4161 2899 4208 et
2926 4162 3200 4209 mortuam
3220 4154 3424 4211 Christi
3449 4156 3765 4213 humanita-

474 4237 586 4283 tem
615 4230 766 4298 dicit,
803 4233 1166 4291 immortalem
1208 4238 1552 4295 divinitatem
1580 4259 1594 4296 :
1626 4241 1892 4311 Spiritum
1933 4252 2184 4298 sanctum
2215 4260 2246 4298 a
2272 4241 2433 4299 Patre
2464 4243 2853 4312 procedentem
2888 4261 2901 4297 :
2934 4258 3132 4313 corpus
3158 4243 3361 4299 Christi
3387 4245 3578 4299 datum
3602 4247 3766 4301 nobis

474 4316 532 4370 in
578 4319 783 4386 cibum,
831 4332 888 4377 et
919 4323 1040 4393 ejus
1068 4327 1388 4397 sanguinem
1420 4329 1652 4384 hostiam
1684 4346 1783 4401 pro
1806 4331 2042 4401 peccatis
2080 4350 2094 4387 :
2125 4330 2405 4385 Athanasii
2434 4331 2616 4402 magni
2654 4331 3040 4385 auctoritatem
3095 4330 3182 4385 bis
3213 4331 3422 4396 laudat,
3446 4332 3515 4386 ad
3538 4335 3765 4403 symbo-

471 4407 587 4462 lum
612 4408 754 4479 ejus,
775 4418 835 4465 ut
868 4412 1027 4481 plane
1064 4424 1312 4485 apparet,
1339 4418 1660 4487 respiciens.
1699 4420 1861 4475 Certe
1898 4420 1989 4475 hic
2028 4418 2421 4475 Constantinus
2451 4418 2601 4489 apud
2626 4416 2935 4472 Romanum
2972 4418 3293 4489 pontiﬁcem
3343 4418 3667 4491 Gregorium
3693 4420 3762 4475 IX

471 4492 692 4580 habitus
722 4505 808 4550 est
835 4497 1197 4564 orthodoxus,
1221 4501 1315 4570 qui
1344 4502 1567 4571 pallium
1599 4504 1773 4558 etalia
1811 4516 2137 4563 ornamenta
2165 4507 2231 4567 ad
2259 4522 2385 4562 eum
2424 4506 2574 4562 misit
2594 4522 2718 4561 cum
2745 4506 2988 4577 pacificis
3020 4505 3238 4573 litteris,
3279 4523 3404 4579 quae
3435 4517 3567 4565 sunt
3616 4511 3764 4580 apud

468 4576 795 4636 Rainaldum
831 4582 897 4637 ad
928 4582 1134 4639 Christi
1165 4601 1374 4641 annum
1411 4588 1574 4655 1259,
1604 4605 1664 4643 n.
1687 4589 1783 4645 82.

539 4690 929 4784 6._An_tequam
998 4695 1092 4753 hic
1147 4697 1495 4756 Constantini
1548 4702 1768 4761 libellus
1792 4706 1918 4763 ﬁdei
1957 4710 2026 4764 ad
2057 4710 2279 4766 Graecos
2317 4713 2654 4784 perveniret,
2706 4723 2945 4770 mortem
2984 4728 3111 4770 cum
3164 4714 3277 4771 vita
3338 4714 3656 4771 Germanus
3716 4714 3763 4770 ll

465 4779 1180 4880 pat‘riarcha‘commutavitl
1202 4802 1221 4841 :
1256 4787 1443 4880 itaque
1485 4793 1705 4880 nonnisi
1732 4809 1764 4848 a
1795 4796 2146 4880 patriarchali
2178 4779 2335 4856 clero
2356 4811 2413 4857 et
2446 4779 2833 4873 episcoporum
2889 4813 3035 4861 coetu
3071 4806 3279 4877 suscipi
3323 4810 3525 4877 potuit,
3557 4809 3654 4880 qui
3685 4824 3762 4866 eo

465 4862 628 4961 lecto,
659 4865 952 4969 epistolam
978 4873 1370 4969 vacante‘sede
1393 4862 1819 4969 rescripserunt,
1845 4878 1902 4933 in
1940 4883 2128 4940 codice
2155 4888 2421 4946 Vaticano
2452 4862 2827 4961 superstitem,
2860 4894 2967 4948 hoc
2996 4893 3155 4949 titulo
3185 4862 3241 4950 ei
3273 4862 3430 4950 initio
3455 4913 3471 4952 :
3507 4862 3759 4969 i‘gdppa

462 4950 826 5054 ἀῖτοστοξιξκδῖς
856 4957 996 5054 πεζὸς
1025 4959 1118 5013 τὸν
1143 4958 1389 5054 λίὸελλον
1422 4962 1523 5032 τῆς
1545 4964 1671 5054 ’τῶν
1724 4966 2027 5038 Ἀρμενίων
2075 4973 2425 5046 Ἐκκλησίας,
2455 4950 2547 5031 τὸν
2581 4981 2646 5032 ἐκ
2670 4950 2989 5051 προσταγῆς
3031 4980 3128 5035 τοῦ
3160 4950 3467 5037 καθολικοῦ
3630 4950 3761 5040 '53:.

668 5039 1004 5141 :Eitxchla;
1033 5047 1649 5141 xppo?_l{wvo:ravrlvou
1673 5036 1954 5124 γραφέντα
1984 5060 2124 5130 πρὸς
2148 5061 2238 5116 τὸν
2265 5036 2577 5128 θιγιώτατον
2602 5036 2958 5139 πατριάρχην
2970 5036 3155 5139 -κῦριν
3189 5070 3495 5141 Γερμανὸν,
3517 5036 3759 5128 ⁷ἐκιτεθέν

464 5122 607 5228 μξτὰ
628 5122 726 5193 τὴν
751 5127 964 5228 tratum:
1146 5135 1367 5228 $1590?
1392 5137 1666 5208 ἐκδημίαν
1695 5122 1850 5212 παρὰ
1874 5145 1984 5199 τῶν
2014 5122 2391 5216 ύποκειμένων
2426 5147 2505 5218 τῷ
2539 5122 3759 5228 θρόνῳ.τῆςῧιξωνσίαντινοῦπόλεωῖς·-ίίιρῖιεζ

462 5209 624 5309 ρέων.
646 5240 721 5251 —
748 5213 818 5309 ’ΣΟ
971 5221 1207 5309 ρηγικὴν
1235 5225 1617 5297 ἀνεζωσμένος
1639 5209 1814 5301 ἀρχήν
1844 5231 1943 5301 τῆς
1973 5233 2027 5285 τὲ

2191 5209 2422 5303 ρμενίων
2444 5209 2660 5304 γένεδὶς,
2860 5236 2912 5292 λ.
2948 5237 3235 5309 Responsio
3268 5244 3340 5295 ad
3380 5209 3616 5297 libellum

460 5300 713 5398 meniacaz
736 5300 990 5398 [Ecclesiw
1012 5307 1173 5398 juss_u
1200 5314 1446 5368 catholici
1461 5300 1697 5386 ejusdem
1726 5300 1979 5377 Ecclesia:
1994 5300 2195 5377 domini
2216 5300 2552 5379 Constantini
2580 5326 2832 5393 scriptum
2862 5328 2936 5381 ad
2949 5300 3346 5383 sanctissimum
3373 5334 3754 5398 patriarcha»:

457 5384 730 5490 dominum
743 5386 1093 5490 Germanum:
1111 5395 1273 5490 Facta
1292 5409 1365 5452 est
1386 5384 1562 5455 autem
1578 5403 1690 5457 lucc
1706 5408 1971 5472 responsio
1981 5418 2097 5477 post
2114 5409 2260 5463 illius
2273 5412 2343 5464 ad
2356 5411 2642 5466 Dominum
2655 5384 2963 5479 transitum,
2978 5432 3010 5468 a
3026 5415 3276 5486 subjectis
3298 5384 3752 5490 Constantinopo-

458 5471 641 5581 l‘itana:
663 5475 775 5575 sedi
790 5477 1061 5581 episcopis.
1080 5481 1305 5581 l‘ncipit:
1449 5489 1678 5559 regalem
1694 5471 2008 5562 dignitatem
2027 5500 2169 5565 apud
2187 5501 2556 5557 Armeniorum
2577 5512 2784 5573 gentem
2812 5471 3027 5573 obtinet,
3044 5471 3154 5562 θιέ.
3178 5507 3244 5562 Et
3261 5471 3509 5564 libellum
3525 5471 3748 5581 quidem

459 5561 703 5616 Armenii
719 5564 1041 5633 patriarcha:
1056 5568 1282 5664 allatum
1299 5575 1400 5629 sibi
1414 5577 1759 5634 aiunt-Graeci
1777 5597 1808 5635 a
1826 5582 2087 5654 Gregorio
2104 5591 2453 5658 metropolita
2468 5561 2706 5654 lsauvriae,
2725 5592 3091 5663 eamdemque
3110 5595 3273 5664 paulo
3291 5561 3749 5656 fortassebbscu-

460 5662 579 5752 rum
595 5657 650 5703 et
671 5664 931 5750 sensuum
952 5655 1325 5752 profunditate
1340 5662 1678 5733 abstrusum,
1698 5681 2075 5727 verumtamen
2092 5655 2345 5731 charitati
2364 5678 2630 5732 scrutanti
2647 5680 2918 5749 pervium,
2942 5655 3218 5751 appellare
3241 5684 3520 5740 videntur.
3538 5688 3745 5752 Quant-

459 5735 649 5834 obrem
677 5735 779 5844 ipjsi
808 5739 1045 5796 vicissim
1080 5744 1307 5802 recitata
1335 5764 1461 5804 mox
1488 5767 1586 5807 sua
1610 5755 1892 5813 luculenta
1913 5758 2037 5814 fidei
2056 5763 2424 5832 professione,
2466 5767 2534 5821 ad
2568 5767 2815 5821 eamdem
2834 5735 3125 5825 Armenios
3168 5770 3426 5838 invitant,
3466 5782 3631 5844 atque
3672 5775 3741 5827 ad

457 5825 838 5883 oximimodam
856 5835 1208 5891 concordiam
1229 5836 1547 5910 dogmatum
1562 5844 1965 5903 stabiliendum.
1990 5825 2133 5920 Ergo
2149 5860 2364 5921 septem
2387 5854 2720 5923 synodorum
2744 5853 2910 5924 (inter
2932 5873 3068 5927 quas
3085 5825 3571 5933 Chalcedonensis?)
3591 5878 3740 5917 sum-
