3964 6436
348 414 454 481 701
1562 420 1913 510 EPISTQLA

2065 420 2104 478 tl
2140 418 2372 478 LIBER
2412 417 2465 480 Ι.
3524 419 3630 482 702

347 543 500 582 mam
522 541 828 599 exponunt,
850 547 880 586 a
896 533 1097 602 quibus
1116 541 1376 602 tanquam
1403 533 1631 588 totidem
1655 534 1803 588 tubis
1827 531 2260 587 sacerdotalibus
2278 531 2521 600 profana:
2541 530 2938 597 llicrichuntis,
2957 531 3008 585 id
3028 542 3111 587 est
3129 533 3453 600 haereseum,
3491 551 3630 589 mu:-

347 620 443 670 nia
478 629 750 686 prostrata
791 621 958 677 fuisse
991 623 1166 677 aiunt.
1189 624 1398 678 Deinde
1439 620 2135 695 gratulanturquodjamin
2156 620 2338 674 libello
2357 621 2435 673 sic
2459 620 2751 689 loquantur
2771 621 3044 686 Armenii,
3079 630 3140 676 ut
3165 632 3428 691 appareat
3445 639 3540 677 eos
3595 639 3628 676 a

347 703 789 763 Chalcedonensi
814 711 1020 781 synodo
1047 727 1160 765 non
1184 712 1450 767 dissidere
1477 730 1489 766 :
1523 713 1713 766 Οἴδατε
1743 712 1851 782 γὰρ
1869 729 1912 764 κε

2058 707 2296 776 ολογεῐτε
2330 709 2543 778 τρανῶς
2563 708 2682 777 μεθ’
2711 708 2870 778 ἡμῶν
2901 709 2999 776 τὴν
3033 709 3208 762 ἐκδύο
3239 709 3477 774 φύσεων,
3502 711 3623 763 θεό-

345 795 517 862 τητός
545 811 604 846 τε
634 797 730 849 καὶ
747 798 1187 867 ἁνθρωπότητος,
1223 800 1574 853 συντεθεῖσαν
1617 800 1746 868 μίαν
1768 800 2069 851 ὑπόστασιν
2103 796 2344 867 Χριστοῦ
2368 795 2462 847 τοῦ
2477 795 2611 848 Υίοῦ
2643 796 2738 848 τοῦ
2761 796 2922 864 Θεοῦ,
2954 797 3051 849 xui
3081 796 3337 862 δοξάζετε
3376 798 3475 851 ἓνα
3497 799 3630 852 Υἱὸν

344 880 446 933 xui
463 882 618 948 Θεὸν,
652 884 920 938 ὲνωθέντα
957 887 1121 956 σαρκὶ
1152 887 1406 958 ἐμψύχῳ,
1436 889 1600 958 νοερᾷ
1624 905 1684 940 τε
1719 887 1813 940 xui
1828 887 2023 954 λογικῇ
2044 886 2186 938 κατὰ
2213 883 2312 954 τὴν
2335 883 2457 937 καθ’
2489 883 2790 936 ὑπόστασιν
2806 883 3022 948 ἕνωσιν,
3051 887 3145 938 xui
3165 887 3506 956 ἀσυγχύτους
3531 888 3630 951 τὰς
3698 921 3712 935 .

345 967 568 1036 φύσεις,
605 971 699 1024 xui
725 972 804 1025 ἔτι
845 974 1030 1042 μένειν
1057 974 1156 1037 τὰς
1181 975 1547 1040 συνελθούσας
1572 976 1669 1028 xui
1689 973 2096 1037 ἀποτελεσάσας
2113 973 2211 1043 τὴν
2251 973 2378 1043 μίαν
2412 974 2713 1026 ὑπόστασιν
2772 972 2866 1025 τοῦ
2898 973 3136 1042 Χριστοῦ
3162 991 3175 1003 ·
3207 976 3365 1044 ἡμεῖς
3390 977 3499 1046 γὰρ
3535 978 3628 1028 τὸν

340 1059 697 1128 φρενοδλαϐἦ
727 1062 1020 1135 Νεστόριον
1052 1063 1220 1118 δυάδα
1249 1065 1382 1118 υἱῶν
1411 1066 1860 1136 φληναφήσαντα,
1901 1062 1996 1116 xui
2029 1062 2126 1130 τὴν
2167 1060 2556 1126 Ἀειπαρθένον
2587 1059 2868 1123 Θεοτόκον,
2904 1061 3266 1130 Χριστοτόκον
3296 1061 3627 1126 καλέσαντα,

344 1139 842 1218 καθυποΰάλλομεν
893 1150 1198 1221 ἀναθέματι
1221 1169 1235 1182 ·
1285 1153 1399 1208 ἀλλ’
1456 1152 1516 1205 εὑ
1550 1169 1615 1220 γε
1656 1150 2064 1221 ὑμῖν,ἁδελφο“ι,
2102 1151 2184 1202 ὅτι
2214 1149 2307 1202 xui
2337 1149 2462 1210 τοὺς
2481 1147 2859 1218 τῆςτετάρτης
2880 1148 3096 1200 συνόδου
3131 1151 3400 1218 καρποὺς,
3449 1150 3542 1210 οὓς
3567 1151 3628 1202 τὸ

341 1236 486 1304 πρὶν
515 1236 588 1297 ῶς
633 1237 894 1306 ὄμφακας
949 1240 1284 1305 ἀπεπτύετε,
1329 1242 1424 1295 νῦν
1460 1242 1536 1304 ὠς
1562 1240 1805 1312 ῶρίμους
1832 1239 1928 1292 xui.
1953 1236 2256 1308 ἡδυτάτους
2295 1234 2588 1306 προσίεσθε
2610 1250 2626 1266 ο
2661 1236 2772 1287 εἴθε
2807 1234 2863 1287 δὲ
2895 1235 2988 1288 καὶ
3024 1235 3129 1288 ὑπὸ
3161 1237 3259 1306 τὴν
3287 1237 3382 1289 τοῦ
3409 1237 3628 1308 δένδρου

353 1325 524 1404 σκιὰσν
557 1322 652 1377 τοῦ
694 1325 1170 1396 ὲκϐλαοτήσαντος
1192 1329 1318 1392 τοὺς
1356 1331 1636 1392 τοιούτους
1663 1328 1911 1399 καρποὺς
1927 1327 2131 1396 ἴδοιμεν
2167 1323 2516 1394 καθημένους
2574 1323 2722 1393 ὑμᾶς
2751 1324 2848 1376 σὺν
2883 1326 3016 1392 ἡμῖν
3042 1340 3056 1354 ·
3091 1323 3152 1378 τὸ
3182 1324 3289 1395 γὰρ
3319 1324 3628 1395 ἁσύγχυτον

339 1409 459 1463 τῶν
483 1401 577 1464 ἐπὶ
593 1413 816 1484 Χριστῷ
829 1413 924 1467 δύο
947 1416 1161 1481 φύσεων
1180 1417 1578 1481 συνελθουσῶν,
1611 1417 1789 1470 καὶτὸ
1812 1417 2011 1468 ὲνιαῖον
2029 1414 2128 1483 τῆς
2149 1413 2521 1474 ὑποστάσεως,
2539 1411 2632 1464 xui
2665 1414 2722 1464 ὲν
2741 1411 2820 1481 τῷ
2844 1412 3075 1482 nemo
3093 1412 3247 1479 ὑμῶν
3265 1413 3618 1482 γραφόμενον

341 1496 606 1569 εὕρομεν,
625 1501 1046 1573 καὶθαρῤοῦμεν
1057 1505 1140 1556 ὅτι
1155 1506 1250 1556 xui
1272 1505 1369 1574 τὴν
1393 1507 1612 1574 κρᾶσιν,
1632 1505 1726 1558 καὶ
1742 1504 1840 1574 τὴν
1858 1503 2076 1574 φύρσιν,
2097 1501 2298 1572 καὶτὴν
2313 1501 2576 1569 σύγχυσιν
2594 1501 2694 1570 τὴν
2710 1500 2808 1562 τὰς
2829 1500 2922 1553 δύο
2943 1499 3134 1569 φύσεις
3155 1502 3234 1562 εἰς
3255 1501 3384 1570 μίαν
3400 1491 3654 1568 συγκιρ-’

338 1585 530 1639 νῶσαν
553 1588 736 1656 φύσιν,
773 1590 894 1660 μεθ’
925 1591 1084 1661 ήμῶν
1115 1594 1293 1655 καλῶς
1325 1592 1699 1646 ἁποὸἀλλεσθε
1724 1609 1737 1623 ⁸
1771 1593 1864 1644 xui.
1890 1593 2085 1652 αὑτοὺς
2117 1591 2242 1647 τοὺς
2273 1587 2481 1657 ταύτην
2521 1588 3023 1658 παραδιδὰξαντας,
3060 1589 3154 1640 τόν
3185 1606 3243 1640 τε
3273 1590 3434 1642 ἄνουν
3471 1589 3628 1642 Διόσ-

345 1691 515 1743 κορον
551 1676 644 1728 xui
682 1677 773 1730 τὸν
822 1679 1068 1748 Εὑτυχέα
1120 1680 1210 1733 τὸν
1259 1681 1532 1749 δυστυχῆ,
1582 1679 1677 1741 οὒς
1706 1681 1740 1749 ἡ
1771 1683 1828 1732 ἐν
1856 1678 2157 1744 Χαλκηδόνι
2199 1677 2239 1728 δ’
2271 1677 2486 1738 σύνοδος
2521 1675 2628 1728 τῶν
2668 1676 2968 1740 ἑξακοσίων
3013 1677 3308 1746 τριάκοντα
3337 1677 3625 1746 Πατέρων,

340 1763 448 1816 σὺν
472 1762 549 1834 τῷ
578 1764 719 1835 ἁγίῳ
745 1766 904 1837 πάπᾳ
935 1767 1036 1836 τῆς
1068 1767 1305 1831 παλαιᾶς
1351 1767 1574 1836 Ῥώμης
1608 1767 1798 1820 Λέοντι
1825 1765 1902 1836 τῷ
1944 1766 2194 1836 θεόφρονι
2218 1807 2231 1830 ,
2263 1764 2340 1834 τῷ
2387 1763 2692 1834 ἁναθέματι
2721 1765 3096 1834 παραδέδωκε.
3144 1766 3374 1820 Constat
3417 1778 3625 1829 autem,

335 1852 730 1909 Armeniorum
761 1871 982 1910 errores
1023 1857 1077 1910 iu
1107 1868 1298 1926 quarta
1328 1857 1657 1930 praesertim,
1689 1857 1899 1926 quinta,
1933 1863 2197 1921 sextaque
2228 1853 2436 1924 synodo
2483 1854 2651 1907 fuisse
2681 1854 2990 1916 damnatos,
3029 1870 3150 1922 qum
3176 1863 3372 1907 contra
3429 1853 3623 1906 Mono-

335 1941 611 2012 physitas,
635 1943 1006 2012 Synusiastas,
1037 1943 1398 2015 Synchyticos
1429 1954 1490 1998 et.
1542 1943 1926 1998 Monothelitas
1951 1941 2242 1995 celebrata-3
2276 1942 2522 1994 fuerunt.
2551 1942 2620 1995 Et
2646 1941 2872 2010 quidem
2903 1941 3077 1996 Graeci
3113 1942 3319 1996 diserte
3351 1943 3620 1995 adnotaut

339 2044 374 2082 a
404 2039 556 2084 sexta
590 2030 797 2102 synodo
829 2040 1080 2100 quartam
1115 2031 1288 2106 fuisse
1316 2032 1606 2086 ﬁrmatam.
1631 2032 1772 2102 Ergo
1789 2031 1916 2100 quia
1947 2031 2061 2100 jam
2090 2029 2333 2083 Armenii
2366 2038 2573 2098 quarta:
2608 2030 2801 2100 synodi
2835 2029 3047 2083 fructus
3077 2045 3135 2084 se
3168 2039 3438 2100 gustasse,
3471 2045 3612 2099 quos

333 2126 508 2172 antea
560 2119 915 2188 respuebant,
973 2119 1319 2174 confessione
1351 2135 1448 2173 sua
1471 2120 1943 2181 demonstrarunt,
1980 2118 2271 2171 hortantur
2291 2133 2387 2170 eos
2413 2116 2584 2171 Graeci
2625 2126 2684 2170 ut
2707 2119 2809 2171 sub
2857 2117 3030 2187 ipsius
3059 2117 3272 2171 arboris
3312 2120 3526 2180 umbra,
3565 2117 3617 2170 id

337 2216 432 2261 est
466 2206 568 2262 sub
599 2208 720 2276 ejus
745 2208 936 2278 synodi
968 2208 1314 2273 auctoritate,
1345 2209 1695 2277 requiescere
1725 2207 1950 2262 demum
1983 2206 2157 2260 velint
2183 2223 2198 2258 :
2229 2222 2338 2274 quo
2368 2205 2515 2260 dicto
2540 2205 2803 2268 innuunt,
2836 2206 3083 2260 nondum
3112 2206 3406 2258 Armenios
3437 2205 3616 2274 publi-

330 2311 466 2350 cmn
497 2305 554 2350 et
603 2298 952 2352 manifestum
991 2297 1428 2353 Chalcedonensi
1490 2299 1698 2369 synodo
1731 2313 2019 2352 assensum
2068 2293 2404 2363 prrebuisse;
2447 2309 2569 2362 qua:
2629 2302 2714 2348 est
2756 2308 2927 2363 prope
3001 2302 3205 2347 aeterna
3259 2293 3379 2362 ejus
3434 2293 3618 2364 gentis

330 2383 621 2438 calamitas
644 2392 702 2438 et
731 2385 982 2446 miseria:
1009 2387 1187 2456 gentis
1231 2386 1356 2439 dico
1396 2395 1670 2454 quatenus
1709 2395 1793 2440 est
1825 2385 2202 2448 schismatica,
2261 2393 2317 2438 et
2364 2384 2818 2454 monophysismo
2872 2384 3170 2448 laborans;
3217 2395 3430 2452 partem
3472 2383 3622 2436 enim

335 2469 519 2541 ipsius
552 2473 902 2535 catholicam,
938 2483 995 2528 et
1023 2489 1148 2527 cum
1198 2472 1444 2526 Romano
1474 2473 1734 2542 pontiﬁce
1765 2473 2232 2535 consentientem,
2265 2486 2484 2541 semper
2512 2471 2744 2540 excipio.
2793 2471 3005 2525 Deinde
3055 2471 3288 2540 epistola
3337 2485 3449 2523 non
3505 2470 3625 2524 sine

333 2574 508 2613 causa
554 2560 775 2630 attingit
822 2561 1112 2630 septimam
1145 2576 1363 2630 quoque
1413 2569 1605 2614 contra
1662 2561 2059 2616 leonomachos
2087 2561 2399 2631 synodum;
2431 2575 2669 2628 namque
2716 2560 3004 2614 Armenios
3049 2559 3152 2613 hac
3206 2560 3370 2614 etiam
3428 2559 3625 2613 haeresi

331 2645 509 2702 fuisse
535 2648 828 2717 aliquando
855 2647 1542 2712 alilatos,narratNicetas
1576 2647 1849 2702 Chouiata
1905 2649 1962 2702 in
2000 2647 2246 2701 Historia
2271 2649 2365 2702 lib.
2427 2665 2487 2709 ιι,
2547 2649 2600 2702 5.
2651 2647 2929 2702 Renovata
2983 2656 3262 2717 postremo
3295 2647 3361 2701 ad
3407 2647 3626 2716 plenam

331 2735 490 2790 nullo
535 2735 766 2790 articulo
809 2746 1040 2806 excepto
1085 2736 1464 2791 orthodoxiam
1522 2735 1896 2789 adhortationt

2079 2735 2174 2788 οὖν
2219 2736 2424 2803 ἀδελφὰ
2478 2737 2576 2788 xui
2630 2735 2788 2804 ὑμεῖς
2844 2738 3090 2804 φρονεῖτε
3121 2737 3274 2804 ἡμῖν,
3327 2735 3428 2798 τὴν
3483 2737 3627 2787 κατὰ

331 2824 573 2894 Χριστὸν
602 2825 879 2895 ἡμετέραν
904 2826 1159 2895 ὁμοίωσίν
1184 2843 1242 2878 τε
1267 2825 1360 2878 xui
1387 2825 1690 2895 μόρφωσιν,
1725 2827 1782 2879 ἐν
1808 2826 1941 2878 πᾶσι
1963 2825 2076 2887 τοῖς
2105 2823 2394 2894 ἡμετέροις
2419 2822 2842 2893 θεοπαραδότοις
2909 2821 3246 2888 θεσπίσμασι
3305 2823 3399 2873 xui
3462 2823 3626 2892 ἱεροῖς

330 2909 548 2964 ἔθνεσιν
577 2912 808 2974 ἑαυτοὺς
852 2911 1294 2984 ἀναμορφώσατε
1319 2952 1334 2975 ,
1372 2912 1469 2964 xui
1504 2913 1613 2964 πᾶν
1641 2910 1702 2964 τὸ
1731 2911 1976 2964 ἐλλεῖπον
2010 2911 2466 2982 ἀναπληρώσατε,
2493 2911 2588 2964 xui
2619 2910 2677 2964 τὸ
2711 2911 3033 2982 περιττεῦον
3063 2909 3245 2972 καλῶς
3273 2910 3556 2980 περιέλετε
3579 2912 3622 2978 ),

331 2997 495 3054 aiunt
525 2998 698 3054 Graeci
724 2999 865 3053 mitti
891 3000 960 3054 ab
991 3016 1050 3055 se
1075 3000 1144 3054 ad
1172 2999 1463 3054 Armenios
1491 2997 1759 3053 Joannem
1791 3000 2075 3054 Melitenes
2117 3002 2458 3072 episcopum,
2489 3015 2617 3055 cum
2653 2999 2868 3054 Joanne
2919 3000 3092 3054 altero
3118 2998 3627 3068 Constantinopoli—

331 3093 480 3141 tanae
509 3078 769 3142 Ecclesiae
796 3087 1096 3158 logotheta,
1125 3088 1218 3158 qui
1243 3087 1426 3143 verbis
1449 3086 1652 3142 Grazcte
1677 3088 1871 3159 synodi
1894 3102 2079 3143 coram
2106 3097 2271 3158 agant
2313 3102 2413 3156 pro
2459 3086 2750 3142 demortuo
2772 3103 2950 3157 nuper
3003 3087 3295 3152 Germano,
3358 3088 3513 3156 cujus
3569 3087 3625 3140 in

330 3179 524 3235 sedem
550 3196 716 3236 nemo
745 3182 926 3238 adhuc
954 3195 1314 3238 successerat.

405 3286 460 3339 7.
502 3285 686 3340 Tertia
714 3287 934 3341 demum
964 3288 1193 3357 epistola
1231 3290 1398 3344 missa
1422 3300 1504 3345 est
1532 3306 1676 3345 anno
1706 3290 1841 3346 1248
1871 3290 1938 3346 ad
1964 3290 2254 3344 Haitonem
2291 3290 2564 3343 Armeniae
2598 3305 2778 3359 regem
2809 3305 2840 3342 a
2880 3288 3128 3342 Manuele
3175 3286 3218 3340 ll
3273 3289 3583 3359 patriarcha
3605 3335 3619 3356 ,

327 3371 429 3441 qui
461 3381 584 3442 post
614 3373 887 3429 trimestre
914 3375 1171 3430 Methodii
1220 3375 1261 3430 ll
1301 3379 1566 3450 regimen,
1602 3378 1952 3450 Byzantinam
1984 3380 2301 3434 cathedram
2333 3380 2628 3433 insederat.
2662 3379 2744 3433 En
2771 3379 3013 3448 epistolae
3037 3378 3252 3432 titulum
3277 3390 3332 3432 et
3358 3379 3574 3434 initium
3604 3402 3616 3437 :

340 3463 638 3534 Ἐπιστολὴ
672 3465 1000 3532 πεμφθεῖσα
1026 3467 1179 3536 παρὰ
1223 3469 1318 3520 τοῦ
1362 3469 1703 3540 πατριάρχου
1755 3466 2379 3529 Κωνσταντινουπόλεως
2429 3465 2598 3536 κυροῦ
2624 3466 2886 3537 Μανουὴλ
2921 3467 3057 3535 πρὸς
3099 3467 3189 3518 τὸν
3226 3468 3374 3536 ρἧα
3415 3469 3622 3536 ’Λρμε-

325 3551 465 3606 νίων
499 3552 659 3622 κῦριν
695 3553 1049 3624 Χεττούμιον,
1086 3557 1183 3608 xui
1211 3557 1352 3627 πρὸς
1377 3557 1468 3609 τὸν
1503 3558 1652 3625 σφῶν
1684 3557 1972 3611 καθολικὴν
2002 3553 2162 3624 κῦριν
2210 3556 2642 3618 Κωνσταντῖνον,
2687 3555 2782 3606 xui
2810 3555 2947 3626 πρὸς
2991 3554 3212 3607 ἃπασαν
3242 3554 3340 3625 τὴν
3387 3556 3617 3627 Ἐκκλη-

327 3640 461 3694 σίαν
483 3641 685 3706 αὐτῶν,
722 3643 886 3695 πάλιν
913 3642 975 3696 ἐκ
1001 3644 1212 3714 τρίτου,
1248 3645 1380 3714 περὶ
1410 3646 1511 3715 τῆς
1545 3647 1662 3716 μεθ’
1685 3645 1843 3714 ἡμῶν
1875 3643 2122 3706 ὲνώσεως
2156 3642 2265 3695 τῶν
2303 3641 2617 3712 Ῥωμαίων,
2651 3641 2806 3703 ἔτους
2834 3641 3046 3710 ,ςψνς’.
3073 3642 3136 3697 ν’.
3164 3649 3239 3707 ς’,
3271 3643 3324 3696 id
3358 3652 3442 3697 est
3467 3643 3622 3699 Cra:-

325 3745 527 3785 corum
567 3745 710 3785 anno
743 3731 904 3795 6756,
953 3731 1268 3786 Latinorum
1321 3733 1480 3798 1248,
1524 3734 1819 3789 indictione
1849 3750 1890 3786 St

2071 3731 2265 3800 Incipit
2305 3740 2485 3784 autem
2516 3749 2530 3786 :
2565 3731 3068 3800 Πανευτυχέστατε,
3115 3732 3615 3800 πανευγενὲστατε,

332 3817 786 3884 πανενδοξότατε,
823 3820 1267 3890 πανυψηλότατε,
1328 3822 1647 3892 περιώνυμε
1687 3823 1786 3892 ρὴξ
1829 3821 1922 3874 τοῦ
1959 3819 2366 3890 ἁνδρικωτάτου
2404 3821 2497 3871 xui
2555 3819 3001 3889 μεγαλοδυνάμου
3038 3819 3228 3886 γένους
3261 3820 3370 3870 τῶν
3411 3819 3619 3891 Ἀρμε-

326 3906 489 3971 νίων,
515 3907 699 3978 τρίτον
729 3907 829 3978 ἤδη
859 3909 1096 3980 γράμμα
1126 3913 1190 3981 τῇ
1249 3895 1736 3983 μεγαλουργοτὰτῃ
1769 3912 1971 3982 ῥηγικῇ
2011 3927 2106 3962 σου
2131 3911 2522 3979 ὲπιστὲλλομεν
2553 3909 2796 3978 ἐξουσίᾳ,
2831 3911 2926 3963 xui
2969 3911 3105 3962 πᾶσι
3146 3912 3262 3972 τοῖς
3292 3910 3621 3975 εὐγενεστά-

320 4009 468 4057 τοις,
499 4011 552 4046 κ.
587 4010 638 4047 τ.
673 3993 748 4059 λ.,
779 3994 856 4063 τῷ
887 4013 948 4047 τε
979 3997 1162 4066 σοφίᾳ,
1200 4015 1255 4049 κ.
1287 4015 1340 4051 τ.
1369 3997 1442 4062 λ.,
1473 3998 1806 4069 ὑπερυψήλῳ
1830 3997 2099 4065 καθολικῷ
2131 3999 2230 4068 τῆς
2247 3999 2356 4052 τῶν
2395 3999 2697 4069 Ἀρμενίων
2743 3996 3090 4066 Ἐκκλησίας,
3125 4015 3181 4051 κ.
3208 4015 3260 4049 τ.
3283 3997 3333 4050 λ.
3366 3997 3486 4066 ipse
3517 4014 3615 4052 att-

327 4092 445 4137 tem
474 4083 782 4152 patriarcha
820 4081 1033 4136 Manuel
1070 4086 1152 4153 (ut
1194 4100 1357 4153 supra
1385 4084 1712 4156 Germanus)
1746 4085 1821 4140 ita
1867 4101 1892 4141 e

2052 4087 2109 4140 lae
2153 4087 2448 4142 subscribit
2483 4105 2494 4140 :
2531 4087 2790 4156 Μανουὴλ
2817 4087 2950 4158 ἐλέῳ
2998 4087 3137 4141 Θεοῦ
3183 4086 3617 4158 ἁρχιεπίσκοπος

326 4171 966 4236 Κωνσταντινουπόλεως
987 4215 1000 4237 ,
1027 4173 1155 4235 νέας
1182 4171 1423 4243 Ῥώμης,
1459 4173 1556 4226 xui
1582 4175 1891 4243 οἱκουμενικ

2052 4177 2367 4247 ιτριὰρχης.
2397 4174 2612 4228 Manuel
2638 4176 2976 4228 miseratione
2998 4176 3176 4229 divina
3199 4175 3617 4243 archiepiscopus

322 4256 874 4329 Constantinopoleos,
901 4276 1045 4314 nova:
1079 4259 1280 4323 Romw,
1304 4269 1353 4313 et
1384 4263 1731 4315 mcumcnicus
1763 4263 2096 4330 patriarcha.
2127 4262 2344 4317 Prolixa
2381 4273 2465 4318 est
2493 4264 2610 4318 hrec
2647 4279 2863 4332 quoque
2896 4264 3155 4334 epistola,
3199 4264 3254 4317 in
3290 4280 3398 4332 qua
3441 4264 3617 4332 primo

325 4363 524 4416 preces
555 4343 632 4404 Μ’
649 4349 820 4403 Deum
854 4349 994 4403 ﬁunt
1021 4358 1079 4402 ut
1107 4349 1494 4404 Armeniorum
1525 4366 1710 4421 regem
1739 4366 1834 4404 sua
1866 4351 2036 4422 gratia
2071 4351 2366 4413 iilumiuet,
2391 4368 2500 4421 quo
2529 4352 2575 4405 is
2601 4352 2807 4421 pariter
2837 4354 2984 4422 genti
3011 4368 3124 4406 suae
3162 4352 3334 4406 facem
3362 4352 3617 4421 praeferat

327 4435 400 4490 ad
437 4435 862 4506 dignoscendam
901 4437 1027 4492 ﬁdei
1061 4436 1478 4502 orthodoxiam;
1530 4455 1650 4507 quae
1693 4439 1896 4504 verba,
1936 4450 1997 4495 ut
2041 4457 2183 4508 reor,
2228 4442 2493 4496 denotant
2535 4441 2782 4496 nomium
2819 4458 2998 4512 regem
3031 4442 3261 4512 ejusque
3302 4449 3516 4512 gentem
3547 4441 3616 4494 ad

325 4523 550 4594 plenam
589 4526 836 4580 veritatis
867 4526 1044 4580 lucem
1075 4526 1318 4580 venisse.
1371 4527 1800 4598 Monophysismi
1835 4545 2051 4598 quoque
2075 4539 2130 4584 et
2158 4531 2566 4584 monothelismi
2593 4531 2772 4584 denuo
2813 4531 2875 4583 ﬁt
2912 4531 3233 4595 confutatio,
3262 4546 3386 4584 cum
3437 4528 3612 4582 lucida

326 4629 397 4669 ac
428 4614 730 4686 theologica
771 4615 1164 4669 incarnationis
1196 4615 1487 4670 Dominica:
1515 4626 1570 4670 et
1607 4617 1731 4671 vitae
1761 4619 2119 4687 expositione.
2149 4617 2522 4674 Memorantur
2556 4619 2883 4688 patriarcha:
2910 4618 3236 4672 Antiocheni
3266 4616 3439 4672 Cra-ci
3475 4615 3614 4682 (erat

326 4701 476 4756 enim
510 4702 892 4756 Armeniorum
929 4703 1168 4758 Ecclesia
1202 4703 1258 4756 in
1286 4703 1684 4773 patriarchatus
1713 4705 2037 4758 Antiocheni
2066 4706 2230 4776 jure),
2264 4706 2458 4760 littera:
2487 4706 2552 4760 ad
2597 4706 2845 4760 Graecum
2871 4707 3255 4776 imperatorem
3285 4713 3341 4758 et
3383 4703 3452 4756 ad
3481 4703 3616 4758 Ger-

326 4805 552 4844 manum
603 4790 646 4843 ll
678 4790 806 4844 olim
848 4791 1238 4860 patriareham,
1270 4807 1392 4860 qua:
1419 4793 1697 4862 negotium
1736 4809 1891 4847 coner

2068 4794 2334 4864 urgebant
2373 4793 2722 4864 ἀπεριέργως
2746 4796 2922 4864 πάντη
2958 4793 3050 4846 xui
3083 4793 3315 4855 ἀδόλως.
3357 4793 3470 4845 sine
3501 4789 3611 4844 ulla

325 4878 757 4948 tergiversatione
785 4890 880 4931 aut
907 4879 1026 4932 dolo
1054 4879 1316 4934 facienda:
1373 4897 1386 4933 :
1429 4896 1565 4945 quas
1597 4881 1924 4935 Antiocheni
1953 4881 2161 4936 litteras
2199 4881 2494 4936 attulerant
2536 4881 2789 4936 monachi
2829 4880 3210 4934 Theodoretus
3268 4889 3323 4931 et
3383 4878 3609 4933 Blasius.

323 4964 469 5020 Exin
501 4969 900 5035 praeteritorum
924 4975 1248 5021 tractatuum
1287 4967 1510 5021 historia
1543 4969 1883 5031 contexitur;
1916 4984 2113 5036 nempe
2144 4970 2285 5037 quod
2310 4968 2636 5031 Germanus,
2663 4968 2900 5037 acceptis
2929 4968 2993 5021 iis
3025 4966 3244 5028 litteris,
3283 4966 3609 5020 Melitenen-

324 5067 446 5108 sem
478 5055 877 5124 metropolitam
922 5055 978 5109 in
1027 5055 1338 5110 Armeniam
1389 5057 1624 5127 legatum
1684 5057 1762 5112 ire
1801 5057 2084 5124 jussisset;
2134 5058 2387 5126 quodque
2452 5057 2694 5110 Armenii
2749 5055 2987 5108 vicissim
3037 5071 3149 5108 sua:
3189 5053 3313 5106 ﬁdei
3370 5053 3608 5107 libellum

327 5140 632 5205 misissent,
674 5153 890 5197 mortuo
920 5144 1138 5197 interim
1174 5145 1483 5213 patriarcha
1514 5145 1806 5200 Germano.
1838 5145 1978 5199 Tum
2027 5145 2272 5200 vacantis
2316 5145 2562 5200 ecclesia:
2610 5145 2818 5196 clerum
2861 5154 2917 5198 et
2963 5144 3386 5212 imperalorcm.
3428 5142 3610 5196 libello

322 5229 493 5294 lecto,
540 5231 757 5286 misisse
787 5231 841 5284 in
881 5231 1196 5286 Armeniam
1235 5231 1432 5286 iterum
1468 5234 1880 5288 Meliteneusem
1909 5235 2246 5303 episc0pum,
2279 5247 2402 5286 cum
2436 5231 2662 5301 praelato
2692 5231 2820 5293 alio,
2855 5239 2910 5285 et
2944 5247 3067 5285 cum
3111 5230 3216 5284 illis
3246 5229 3443 5283 litteris
3473 5246 3611 5299 quas

321 5331 433 5372 nos
462 5319 730 5373 secundas
757 5319 1016 5384 diximus,
1038 5327 1094 5372 et
1125 5320 1286 5388 paulo
1312 5329 1439 5374 ante
1469 5322 1781 5376 summatim
1809 5322 2115 5376 retulimus.
2140 5321 2280 5385 Quid
2316 5320 2441 5374 inde
2463 5335 2625 5388 porro
2646 5328 2892 5374 secutum
2920 5319 3012 5383 sit,
3039 5319 3172 5372 dicit
3200 5334 3348 5373 nunc
3391 5316 3605 5372 lllauuei

322 5405 667 5475 patriarcha,
699 5421 897 5476 nempe
937 5407 1226 5460 Armenios
1271 5424 1408 5460 vana
1448 5409 1614 5464 verba
1663 5410 1853 5480 legatis
1899 5409 2132 5469 dedisse,
2179 5407 2390 5461 scilicet
2427 5407 2565 5460 nihil
2613 5407 2839 5461 conﬁeri
2885 5422 3068 5476 posse,
3120 5405 3249 5476 quia
3299 5404 3605 5474 patriarcha

325 5507 521 5548 eorum
551 5495 737 5563 procul
771 5495 962 5548 aberat
997 5493 1051 5546 in
1078 5509 1203 5548 arce
1224 5495 1450 5549 liomela
1476 5496 1544 5549 ad
1573 5495 1932 5566 Euphratem,
1962 5496 2080 5550 sine
2111 5496 2267 5566 cujus
2289 5495 2560 5564 simulque
2586 5495 2805 5565 gentilis
2835 5495 3026 5564 synodi
3057 5492 3384 5548 auctoritate
3415 5492 3604 5560 perﬁci

325 5582 463 5636 unio
500 5598 610 5637 non
645 5591 877 5653 poterat.
919 5582 1088 5651 Igitur
1117 5591 1239 5652 post
1269 5583 1408 5637 hanc
1437 5583 1664 5637 alteram
1696 5583 2023 5654 legationem
2045 5621 2060 5646 ,
2101 5598 2167 5637 ac
2195 5582 2352 5636 futile
2376 5581 2765 5636 Armeniorum
2798 5596 3158 5650 responsum,
3193 5582 3400 5650 aliquot
3426 5593 3602 5631 annos

325 5669 635 5725 deeurrisse
663 5669 941 5740 (nimirum
978 5671 1045 5726 ab
1078 5686 1224 5724 anno
1255 5670 1476 5724 circiter
1501 5671 1633 5724 1241
1682 5687 1852 5740 usque
1882 5673 1950 5727 ad
1992 5673 2175 5741 1248);
2224 5671 2401 5726 donec
2444 5673 2644 5726 iterum
2688 5673 2932 5726 Armenii
2974 5673 3039 5726 ad
3073 5671 3322 5726 Grarcum
3363 5670 3599 5739 impera-

336 5767 511 5811 torem
543 5757 827 5827 scripsisse
856 5757 1116 5812 videntur
1142 5757 1209 5812 de
1235 5758 1455 5828 negotio
1486 5758 1791 5812 concordia:
1837 5777 1848 5812 :
1881 5775 2042 5828 quam
2069 5760 2240 5815 Grieci
2291 5769 2350 5814 ut
2393 5761 2600 5829 absque
2633 5760 2975 5814 diuturniore
3026 5775 3176 5812 mora
3227 5759 3560 5812 conﬁcerent
3582 5797 3597 5816 .

324 5846 541 5906 κεύθω
563 5864 708 5906 nunc
726 5847 1048 5919 legationem
1072 5849 1319 5918 mittunt,
1343 5865 1541 5921 nempe
1569 5848 1984 5906 Mclitcncnsem
2005 5850 2350 5921 praedictum,
2376 5859 2432 5906 et
2454 5847 2843 5918 Philadelphia:
2887 5848 3286 5919 metmpolitam
3329 5845 3591 5911 Phocatn,
