  <div class='ocr_page' id='page_1' title='image "/cluster/home/n/w/nwhite01/storage/ocr_20150623/102:no.2/coo.31924054870062/365.png"; bbox 0 0 3964 6450; ppageno 0'>
   <div class='ocr_carea' id='block_1_1' title="bbox 505 339 3693 430">
    <p class='ocr_par' dir='ltr' id='par_1_1' title="bbox 505 339 3693 430">
     <span class='ocr_line' id='line_1_1' title="bbox 505 339 3693 430; baseline -0.005 -20"><span class='ocrx_word' id='word_1_1' title='bbox 505 345 612 412; x_wconf 81' lang='lat'><strong>703</strong></span> <span class='ocrx_word' id='word_1_2' title='bbox 1659 341 1929 402; x_wconf 86' lang='lat' dir='ltr'><strong>PHUTII</strong></span> <span class='ocrx_word' id='word_1_3' title='bbox 1966 339 2476 430; x_wconf 60' lang='lat' dir='ltr'><strong>PATRIARCHAE</strong></span> <span class='ocrx_word' id='word_1_4' title='bbox 2517 339 2629 402; x_wconf 81' lang='lat' dir='ltr'><strong>ep.</strong></span> <span class='ocrx_word' id='word_1_5' title='bbox 3608 355 3693 420; x_wconf 57' lang='grc' dir='ltr'>πθ(</span> 
     </span>
    </p>
   </div>
   <div class='ocr_carea' id='block_1_2' title="bbox 501 449 3699 528">
    <p class='ocr_par' dir='ltr' id='par_1_2' title="bbox 501 449 3699 528">
     <span class='ocr_line' id='line_1_2' title="bbox 501 449 3699 528; baseline -0.003 -9"><span class='ocrx_word' id='word_1_6' title='bbox 501 464 573 518; x_wconf 89' lang='lat' dir='ltr'><strong>ad</strong></span> <span class='ocrx_word' id='word_1_7' title='bbox 604 462 930 516; x_wconf 83' lang='lat' dir='ltr'><strong>firmannnm</strong></span> <span class='ocrx_word' id='word_1_8' title='bbox 959 457 1215 528; x_wconf 84' lang='lat' dir='ltr'><strong>denique,</strong></span> <span class='ocrx_word' id='word_1_9' title='bbox 1262 455 1306 511; x_wconf 90' lang='lat' dir='ltr'><strong>si</strong></span> <span class='ocrx_word' id='word_1_10' title='bbox 1339 455 1458 512; x_wconf 86' lang='lat' dir='ltr'><strong>fieri</strong></span> <span class='ocrx_word' id='word_1_11' title='bbox 1497 464 1706 526; x_wconf 90' lang='lat' dir='ltr'><strong>posset,</strong></span> <span class='ocrx_word' id='word_1_12' title='bbox 1737 454 2054 526; x_wconf 87' lang='lat' dir='ltr'><strong>religiosum</strong></span> <span class='ocrx_word' id='word_1_13' title='bbox 2087 454 2285 521; x_wconf 70' lang='lat' dir='ltr'><strong>foedus,</strong></span> <span class='ocrx_word' id='word_1_14' title='bbox 2318 452 2395 509; x_wconf 91' lang='lat' dir='ltr'><strong>ita</strong></span> <span class='ocrx_word' id='word_1_15' title='bbox 2424 463 2609 509; x_wconf 90' lang='lat' dir='ltr'><strong>tamen</strong></span> <span class='ocrx_word' id='word_1_16' title='bbox 2653 461 2714 508; x_wconf 90' lang='lat' dir='ltr'><strong>ut</strong></span> <span class='ocrx_word' id='word_1_17' title='bbox 2746 451 2816 508; x_wconf 92' lang='lat' dir='ltr'><strong>de</strong></span> <span class='ocrx_word' id='word_1_18' title='bbox 2841 449 3168 522; x_wconf 85' lang='lat' dir='ltr'><strong>quibusdam</strong></span> <span class='ocrx_word' id='word_1_19' title='bbox 3200 451 3436 522; x_wconf 89' lang='lat' dir='ltr'><strong>capitulis</strong></span> <span class='ocrx_word' id='word_1_20' title='bbox 3463 457 3699 528; x_wconf 70' lang='lat' dir='ltr'><strong>Armenios</strong></span> 
     </span>
    </p>
   </div>
   <div class='ocr_carea' id='block_1_3' title="bbox 505 537 3702 618">
    <p class='ocr_par' dir='ltr' id='par_1_3' title="bbox 505 537 3702 618">
     <span class='ocr_line' id='line_1_3' title="bbox 505 537 3702 618; baseline -0.004 -12"><span class='ocrx_word' id='word_1_21' title='bbox 505 561 668 606; x_wconf 85' lang='lat' dir='ltr'><strong>antea</strong></span> <span class='ocrx_word' id='word_1_22' title='bbox 689 551 1114 618; x_wconf 88' lang='lat' dir='ltr'><strong>interrogarent,</strong></span> <span class='ocrx_word' id='word_1_23' title='bbox 1133 560 1255 616; x_wconf 86' lang='lat' dir='ltr'><strong>quae</strong></span> <span class='ocrx_word' id='word_1_24' title='bbox 1272 545 1430 600; x_wconf 84' lang='lat' dir='ltr'><strong>valde</strong></span> <span class='ocrx_word' id='word_1_25' title='bbox 1449 544 1713 599; x_wconf 80' lang='lat' dir='ltr'><strong>intererat</strong></span> <span class='ocrx_word' id='word_1_26' title='bbox 1733 552 1917 597; x_wconf 91' lang='lat' dir='ltr'><strong>utrum</strong></span> <span class='ocrx_word' id='word_1_27' title='bbox 1951 542 2055 614; x_wconf 89' lang='lat' dir='ltr'><strong>ipsi</strong></span> <span class='ocrx_word' id='word_1_28' title='bbox 2081 541 2436 597; x_wconf 84' lang='lat' dir='ltr'><strong>admitterent</strong></span> <span class='ocrx_word' id='word_1_29' title='bbox 2457 555 2562 596; x_wconf 92' lang='lat' dir='ltr'><strong>nec</strong></span> <span class='ocrx_word' id='word_1_30' title='bbox 2579 555 2674 595; x_wconf 90' lang='lat' dir='ltr'><strong>ne.</strong></span> <span class='ocrx_word' id='word_1_31' title='bbox 2697 538 2957 594; x_wconf 80' lang='lat' dir='ltr'><strong>Hortatur</strong></span> <span class='ocrx_word' id='word_1_32' title='bbox 2973 537 3212 608; x_wconf 91' lang='lat' dir='ltr'><strong>denique</strong></span> <span class='ocrx_word' id='word_1_33' title='bbox 3225 539 3430 596; x_wconf 81' lang='lat' dir='ltr'><strong>Manuel</strong></span> <span class='ocrx_word' id='word_1_34' title='bbox 3448 551 3702 614; x_wconf 61' lang='lat' dir='ltr'><strong>patriarcha</strong></span> 
     </span>
    </p>
   </div>
   <div class='ocr_carea' id='block_1_4' title="bbox 499 627 3703 713">
    <p class='ocr_par' dir='ltr' id='par_1_4' title="bbox 499 627 3703 713">
     <span class='ocr_line' id='line_1_4' title="bbox 499 627 3703 713; baseline -0.002 -20"><span class='ocrx_word' id='word_1_35' title='bbox 499 639 789 698; x_wconf 82' lang='lat' dir='ltr'><strong>Haitonem</strong></span> <span class='ocrx_word' id='word_1_36' title='bbox 820 651 1000 706; x_wconf 81' lang='lat' dir='ltr'><strong>regem</strong></span> <span class='ocrx_word' id='word_1_37' title='bbox 1032 635 1260 704; x_wconf 88' lang='lat' dir='ltr'><strong>ejusque</strong></span> <span class='ocrx_word' id='word_1_38' title='bbox 1292 643 1547 704; x_wconf 81' lang='lat' dir='ltr'><strong>gentem,</strong></span> <span class='ocrx_word' id='word_1_39' title='bbox 1577 639 1636 686; x_wconf 90' lang='lat' dir='ltr'><strong>ut</strong></span> <span class='ocrx_word' id='word_1_40' title='bbox 1668 645 1936 685; x_wconf 89' lang='lat' dir='ltr'><strong>memores</strong></span> <span class='ocrx_word' id='word_1_41' title='bbox 1975 631 2261 686; x_wconf 80' lang='lat' dir='ltr'><strong>orthodoxi</strong></span> <span class='ocrx_word' id='word_1_42' title='bbox 2305 627 2563 685; x_wconf 88' lang='lat' dir='ltr'><strong>Tiridatis</strong></span> <span class='ocrx_word' id='word_1_43' title='bbox 2591 641 2646 684; x_wconf 91' lang='lat' dir='ltr'><strong>et</strong></span> <span class='ocrx_word' id='word_1_44' title='bbox 2674 637 2922 684; x_wconf 84' lang='lat' dir='ltr'><strong>veterum</strong></span> <span class='ocrx_word' id='word_1_45' title='bbox 2948 628 3228 683; x_wconf 67' lang='lat' dir='ltr'><strong>Armeniae</strong></span> <span class='ocrx_word' id='word_1_46' title='bbox 3257 629 3604 702; x_wconf 85' lang='lat' dir='ltr'><strong>episcoporum</strong></span> <span class='ocrx_word' id='word_1_47' title='bbox 3629 647 3703 713; x_wconf 72' lang='lat' dir='ltr'><strong>qui</strong></span> 
     </span>
    </p>
   </div>
   <div class='ocr_carea' id='block_1_5' title="bbox 501 716 3418 796">
    <p class='ocr_par' dir='ltr' id='par_1_5' title="bbox 501 716 3418 796">
     <span class='ocr_line' id='line_1_5' title="bbox 501 716 3418 796; baseline -0.003 -14"><span class='ocrx_word' id='word_1_48' title='bbox 501 728 682 786; x_wconf 79' lang='lat' dir='ltr'><strong>tribus</strong></span> <span class='ocrx_word' id='word_1_49' title='bbox 711 725 987 796; x_wconf 88' lang='lat' dir='ltr'><strong>prioribus</strong></span> <span class='ocrx_word' id='word_1_50' title='bbox 1017 723 1269 778; x_wconf 89' lang='lat' dir='ltr'><strong>conciliis</strong></span> <span class='ocrx_word' id='word_1_51' title='bbox 1297 722 1684 784; x_wconf 82' lang='lat' dir='ltr'><strong>interfuerant,</strong></span> <span class='ocrx_word' id='word_1_52' title='bbox 1727 720 1783 774; x_wconf 90' lang='lat' dir='ltr'><strong>in</strong></span> <span class='ocrx_word' id='word_1_53' title='bbox 1818 719 1943 774; x_wconf 79' lang='lat' dir='ltr'><strong>fidei</strong></span> <span class='ocrx_word' id='word_1_54' title='bbox 1970 720 2239 774; x_wconf 89' lang='lat' dir='ltr'><strong>unitatem</strong></span> <span class='ocrx_word' id='word_1_55' title='bbox 2269 733 2396 775; x_wconf 90' lang='lat' dir='ltr'><strong>cum</strong></span> <span class='ocrx_word' id='word_1_56' title='bbox 2428 717 2701 774; x_wconf 89' lang='lat' dir='ltr'><strong>catholica</strong></span> <span class='ocrx_word' id='word_1_57' title='bbox 2734 716 3061 786; x_wconf 86' lang='lat' dir='ltr'><strong>antiquitate</strong></span> <span class='ocrx_word' id='word_1_58' title='bbox 3090 717 3418 787; x_wconf 90' lang='lat' dir='ltr'><strong>conspirent.</strong></span> 
     </span>
    </p>
   </div>
   <div class='ocr_carea' id='block_1_6' title="bbox 570 804 3709 882">
    <p class='ocr_par' dir='ltr' id='par_1_6' title="bbox 570 804 3709 882">
     <span class='ocr_line' id='line_1_6' title="bbox 570 804 3709 882; baseline 0 -14"><span class='ocrx_word' id='word_1_59' title='bbox 570 815 624 869; x_wconf 94' lang='lat'><strong>8.</strong></span> <span class='ocrx_word' id='word_1_60' title='bbox 667 815 745 870; x_wconf 82' lang='lat' dir='ltr'><strong>Ex</strong></span> <span class='ocrx_word' id='word_1_61' title='bbox 777 814 883 878; x_wconf 90' lang='lat' dir='ltr'><strong>his,</strong></span> <span class='ocrx_word' id='word_1_62' title='bbox 913 827 1034 882; x_wconf 64' lang='lat' dir='ltr'><strong>qua:</strong></span> <span class='ocrx_word' id='word_1_63' title='bbox 1067 812 1336 866; x_wconf 89' lang='lat' dir='ltr'><strong>hactenus</strong></span> <span class='ocrx_word' id='word_1_64' title='bbox 1381 810 1802 879; x_wconf 85' lang='lat' dir='ltr'><strong>disputavimus,</strong></span> <span class='ocrx_word' id='word_1_65' title='bbox 1844 808 2136 878; x_wconf 88' lang='lat' dir='ltr'><strong>perspicue</strong></span> <span class='ocrx_word' id='word_1_66' title='bbox 2185 817 2402 863; x_wconf 84' lang='lat' dir='ltr'><strong>constat</strong></span> <span class='ocrx_word' id='word_1_67' title='bbox 2432 806 2767 877; x_wconf 65' lang='lat' dir='ltr'><strong>praecipuam</strong></span> <span class='ocrx_word' id='word_1_68' title='bbox 2812 804 3204 862; x_wconf 81' lang='lat' dir='ltr'><strong>Armeniorum</strong></span> <span class='ocrx_word' id='word_1_69' title='bbox 3275 805 3508 864; x_wconf 65' lang='lat' dir='ltr'><strong>haeresim</strong></span> <span class='ocrx_word' id='word_1_70' title='bbox 3548 811 3595 866; x_wconf 91' lang='lat' dir='ltr'><strong>in</strong></span> <span class='ocrx_word' id='word_1_71' title='bbox 3627 814 3709 875; x_wconf 84' lang='lat' dir='ltr'><strong>hoc</strong></span> 
     </span>
    </p>
   </div>
   <div class='ocr_carea' id='block_1_7' title="bbox 495 889 3706 972">
    <p class='ocr_par' dir='ltr' id='par_1_7' title="bbox 495 889 3706 972">
     <span class='ocr_line' id='line_1_7' title="bbox 495 889 3706 972; baseline -0.002 -16"><span class='ocrx_word' id='word_1_72' title='bbox 495 903 657 965; x_wconf 82' lang='lat' dir='ltr'><strong>verti,</strong></span> <span class='ocrx_word' id='word_1_73' title='bbox 699 901 842 970; x_wconf 86' lang='lat' dir='ltr'><strong>quod</strong></span> <span class='ocrx_word' id='word_1_74' title='bbox 878 917 1042 969; x_wconf 79' lang='lat' dir='ltr'><strong>neque</strong></span> <span class='ocrx_word' id='word_1_75' title='bbox 1071 901 1205 953; x_wconf 87' lang='lat' dir='ltr'><strong>duas</strong></span> <span class='ocrx_word' id='word_1_76' title='bbox 1234 899 1290 952; x_wconf 90' lang='lat' dir='ltr'><strong>in</strong></span> <span class='ocrx_word' id='word_1_77' title='bbox 1317 897 1523 953; x_wconf 78' lang='lat' dir='ltr'><strong>Christo</strong></span> <span class='ocrx_word' id='word_1_78' title='bbox 1551 910 1777 952; x_wconf 81' lang='lat' dir='ltr'><strong>naturas</strong></span> <span class='ocrx_word' id='word_1_79' title='bbox 1817 897 2054 966; x_wconf 81' lang='lat' dir='ltr'><strong>proﬁteri</strong></span> <span class='ocrx_word' id='word_1_80' title='bbox 2088 894 2288 959; x_wconf 84' lang='lat' dir='ltr'><strong>uolunt,</strong></span> <span class='ocrx_word' id='word_1_81' title='bbox 2331 909 2496 964; x_wconf 84' lang='lat' dir='ltr'><strong>neque</strong></span> <span class='ocrx_word' id='word_1_82' title='bbox 2545 893 2804 962; x_wconf 80' lang='lat' dir='ltr'><strong>synodum</strong></span> <span class='ocrx_word' id='word_1_83' title='bbox 2848 889 3316 946; x_wconf 87' lang='lat' dir='ltr'><strong>Chalcedonensem</strong></span> <span class='ocrx_word' id='word_1_84' title='bbox 3338 931 3354 958; x_wconf 92' lang='lat'><strong>,</strong></span> <span class='ocrx_word' id='word_1_85' title='bbox 3387 895 3706 972; x_wconf 72' lang='lat' dir='ltr'><strong>epistolarith</strong></span> 
     </span>
    </p>
   </div>
   <div class='ocr_carea' id='block_1_8' title="bbox 501 979 3713 1056">
    <p class='ocr_par' dir='ltr' id='par_1_8' title="bbox 501 979 3713 1056">
     <span class='ocr_line' id='line_1_8' title="bbox 501 979 3713 1056; baseline 0 -14"><span class='ocrx_word' id='word_1_86' title='bbox 501 990 675 1042; x_wconf 83' lang='lat' dir='ltr'><strong>sancti</strong></span> <span class='ocrx_word' id='word_1_87' title='bbox 702 989 888 1043; x_wconf 83' lang='lat' dir='ltr'><strong>Leonis</strong></span> <span class='ocrx_word' id='word_1_88' title='bbox 918 987 1052 1050; x_wconf 84' lang='lat' dir='ltr'><strong>PP.,</strong></span> <span class='ocrx_word' id='word_1_89' title='bbox 1081 1001 1200 1055; x_wconf 75' lang='lat' dir='ltr'><strong>qua:</strong></span> <span class='ocrx_word' id='word_1_90' title='bbox 1233 986 1288 1039; x_wconf 87' lang='lat' dir='ltr'><strong>id</strong></span> <span class='ocrx_word' id='word_1_91' title='bbox 1309 987 1498 1056; x_wconf 83' lang='lat' dir='ltr'><strong>dogma</strong></span> <span class='ocrx_word' id='word_1_92' title='bbox 1532 986 1754 1055; x_wconf 77' lang='lat' dir='ltr'><strong>deﬁniit,</strong></span> <span class='ocrx_word' id='word_1_93' title='bbox 1784 986 2084 1040; x_wconf 81' lang='lat' dir='ltr'><strong>admittere.</strong></span> <span class='ocrx_word' id='word_1_94' title='bbox 2122 981 2549 1049; x_wconf 84' lang='lat' dir='ltr'><strong>Quatuordecim</strong></span> <span class='ocrx_word' id='word_1_95' title='bbox 2587 979 2751 1049; x_wconf 76' lang='lat' dir='ltr'><strong>igitur</strong></span> <span class='ocrx_word' id='word_1_96' title='bbox 2772 980 2884 1050; x_wconf 84' lang='lat' dir='ltr'><strong>jam</strong></span> <span class='ocrx_word' id='word_1_97' title='bbox 2913 994 3082 1049; x_wconf 85' lang='lat' dir='ltr'><strong>prope</strong></span> <span class='ocrx_word' id='word_1_98' title='bbox 3113 979 3307 1034; x_wconf 69' lang='lat' dir='ltr'><strong>saecula</strong></span> <span class='ocrx_word' id='word_1_99' title='bbox 3335 980 3642 1052; x_wconf 84' lang='lat' dir='ltr'><strong>emuxerunt,</strong></span> <span class='ocrx_word' id='word_1_100' title='bbox 3663 1005 3713 1047; x_wconf 75' lang='lat' dir='ltr'><strong>ex</strong></span> 
     </span>
    </p>
   </div>
   <div class='ocr_carea' id='block_1_9' title="bbox 493 1067 3715 1147">
    <p class='ocr_par' dir='ltr' id='par_1_9' title="bbox 493 1067 3715 1147">
     <span class='ocr_line' id='line_1_9' title="bbox 493 1067 3715 1147; baseline -0.002 -16"><span class='ocrx_word' id='word_1_101' title='bbox 493 1093 605 1147; x_wconf 84' lang='lat' dir='ltr'><strong>quo</strong></span> <span class='ocrx_word' id='word_1_102' title='bbox 634 1091 760 1147; x_wconf 89' lang='lat' dir='ltr'><strong>pars</strong></span> <span class='ocrx_word' id='word_1_103' title='bbox 788 1073 1179 1129; x_wconf 86' lang='lat' dir='ltr'><strong>Armeniorum</strong></span> <span class='ocrx_word' id='word_1_104' title='bbox 1206 1073 1443 1128; x_wconf 82' lang='lat' dir='ltr'><strong>maxima</strong></span> <span class='ocrx_word' id='word_1_105' title='bbox 1481 1074 1538 1128; x_wconf 90' lang='lat' dir='ltr'><strong>in</strong></span> <span class='ocrx_word' id='word_1_106' title='bbox 1568 1073 1826 1144; x_wconf 71' lang='lat' dir='ltr'><strong>praedicta</strong></span> <span class='ocrx_word' id='word_1_107' title='bbox 1856 1081 2005 1129; x_wconf 92' lang='lat' dir='ltr'><strong>secta</strong></span> <span class='ocrx_word' id='word_1_108' title='bbox 2029 1071 2409 1140; x_wconf 63' lang='lat' dir='ltr'><strong>doctrinaque</strong></span> <span class='ocrx_word' id='word_1_109' title='bbox 2431 1069 2798 1139; x_wconf 83' lang='lat' dir='ltr'><strong>perversitate</strong></span> <span class='ocrx_word' id='word_1_110' title='bbox 2833 1075 3088 1125; x_wconf 86' lang='lat' dir='ltr'><strong>versatur</strong></span> <span class='ocrx_word' id='word_1_111' title='bbox 3119 1084 3134 1134; x_wconf 91' lang='lat'><strong>;</strong></span> <span class='ocrx_word' id='word_1_112' title='bbox 3158 1067 3460 1124; x_wconf 63' lang='lat' dir='ltr'><strong>Graecorum</strong></span> <span class='ocrx_word' id='word_1_113' title='bbox 3487 1083 3642 1132; x_wconf 83' lang='lat' dir='ltr'><strong>autem</strong></span> <span class='ocrx_word' id='word_1_114' title='bbox 3663 1082 3715 1137; x_wconf 71' lang='lat' dir='ltr'><strong>ad</strong></span> 
     </span>
    </p>
   </div>
   <div class='ocr_carea' id='block_1_10' title="bbox 496 1155 3710 1231">
    <p class='ocr_par' dir='ltr' id='par_1_10' title="bbox 496 1155 3710 1231">
     <span class='ocr_line' id='line_1_10' title="bbox 496 1155 3710 1231; baseline 0.001 -14"><span class='ocrx_word' id='word_1_115' title='bbox 496 1162 885 1223; x_wconf 85' lang='lat' dir='ltr'><strong>insinuandam</strong></span> <span class='ocrx_word' id='word_1_116' title='bbox 917 1159 1298 1216; x_wconf 78' lang='lat' dir='ltr'><strong>orthodoxiam</strong></span> <span class='ocrx_word' id='word_1_117' title='bbox 1322 1203 1338 1226; x_wconf 94' lang='lat'><strong>,</strong></span> <span class='ocrx_word' id='word_1_118' title='bbox 1387 1161 1863 1231; x_wconf 87' lang='lat' dir='ltr'><strong>revocandamque</strong></span> <span class='ocrx_word' id='word_1_119' title='bbox 1907 1159 2261 1216; x_wconf 88' lang='lat' dir='ltr'><strong>concordiam</strong></span> <span class='ocrx_word' id='word_1_120' title='bbox 2309 1164 2542 1212; x_wconf 87' lang='lat' dir='ltr'><strong>conatus</strong></span> <span class='ocrx_word' id='word_1_121' title='bbox 2578 1156 2906 1226; x_wconf 85' lang='lat' dir='ltr'><strong>plerumque</strong></span> <span class='ocrx_word' id='word_1_122' title='bbox 2937 1155 3126 1212; x_wconf 91' lang='lat' dir='ltr'><strong>irritos</strong></span> <span class='ocrx_word' id='word_1_123' title='bbox 3168 1155 3419 1211; x_wconf 84' lang='lat' dir='ltr'><strong>vidimus.</strong></span> <span class='ocrx_word' id='word_1_124' title='bbox 3448 1157 3710 1221; x_wconf 86' lang='lat' dir='ltr'><strong>Latinorum</strong></span> 
     </span>
    </p>
   </div>
   <div class='ocr_carea' id='block_1_11' title="bbox 497 1243 3715 1319">
    <p class='ocr_par' dir='ltr' id='par_1_11' title="bbox 497 1243 3715 1319">
     <span class='ocr_line' id='line_1_11' title="bbox 497 1243 3715 1319; baseline 0.001 -15"><span class='ocrx_word' id='word_1_125' title='bbox 497 1260 681 1304; x_wconf 88' lang='lat' dir='ltr'><strong>tamen</strong></span> <span class='ocrx_word' id='word_1_126' title='bbox 716 1251 880 1319; x_wconf 88' lang='lat' dir='ltr'><strong>paulo</strong></span> <span class='ocrx_word' id='word_1_127' title='bbox 907 1249 1177 1304; x_wconf 84' lang='lat' dir='ltr'><strong>feliciores</strong></span> <span class='ocrx_word' id='word_1_128' title='bbox 1207 1258 1473 1303; x_wconf 90' lang='lat' dir='ltr'><strong>tractatus</strong></span> <span class='ocrx_word' id='word_1_129' title='bbox 1506 1263 1632 1303; x_wconf 93' lang='lat' dir='ltr'><strong>cum</strong></span> <span class='ocrx_word' id='word_1_130' title='bbox 1660 1248 1937 1303; x_wconf 84' lang='lat' dir='ltr'><strong>Armeniis</strong></span> <span class='ocrx_word' id='word_1_131' title='bbox 1967 1247 2137 1303; x_wconf 89' lang='lat' dir='ltr'><strong>fuisse</strong></span> <span class='ocrx_word' id='word_1_132' title='bbox 2166 1245 2370 1301; x_wconf 91' lang='lat' dir='ltr'><strong>scimus</strong></span> <span class='ocrx_word' id='word_1_133' title='bbox 2401 1262 2418 1300; x_wconf 91' lang='lat'><strong>:</strong></span> <span class='ocrx_word' id='word_1_134' title='bbox 2446 1259 2578 1299; x_wconf 91' lang='lat' dir='ltr'><strong>ecce</strong></span> <span class='ocrx_word' id='word_1_135' title='bbox 2605 1244 2750 1299; x_wconf 89' lang='lat' dir='ltr'><strong>enim</strong></span> <span class='ocrx_word' id='word_1_136' title='bbox 2787 1243 2968 1316; x_wconf 90' lang='lat' dir='ltr'><strong>gentis</strong></span> <span class='ocrx_word' id='word_1_137' title='bbox 3009 1243 3137 1314; x_wconf 81' lang='lat' dir='ltr'><strong>ejus</strong></span> <span class='ocrx_word' id='word_1_138' title='bbox 3171 1243 3454 1300; x_wconf 88' lang='lat' dir='ltr'><strong>mediocris</strong></span> <span class='ocrx_word' id='word_1_139' title='bbox 3480 1262 3715 1318; x_wconf 82' lang='lat' dir='ltr'><strong>numerus,</strong></span> 
     </span>
    </p>
   </div>
   <div class='ocr_carea' id='block_1_12' title="bbox 498 1331 3717 1407">
    <p class='ocr_par' dir='ltr' id='par_1_12' title="bbox 498 1331 3717 1407">
     <span class='ocr_line' id='line_1_12' title="bbox 498 1331 3717 1407; baseline 0.002 -18"><span class='ocrx_word' id='word_1_140' title='bbox 498 1337 596 1391; x_wconf 91' lang='lat' dir='ltr'><strong>Dei</strong></span> <span class='ocrx_word' id='word_1_141' title='bbox 635 1337 803 1406; x_wconf 88' lang='lat' dir='ltr'><strong>gratia</strong></span> <span class='ocrx_word' id='word_1_142' title='bbox 835 1337 1064 1400; x_wconf 89' lang='lat' dir='ltr'><strong>electus,</strong></span> <span class='ocrx_word' id='word_1_143' title='bbox 1092 1335 1302 1406; x_wconf 86' lang='lat' dir='ltr'><strong>abjecta</strong></span> <span class='ocrx_word' id='word_1_144' title='bbox 1335 1335 1426 1390; x_wconf 90' lang='lat' dir='ltr'><strong>illa</strong></span> <span class='ocrx_word' id='word_1_145' title='bbox 1454 1351 1617 1406; x_wconf 92' lang='lat' dir='ltr'><strong>quam</strong></span> <span class='ocrx_word' id='word_1_146' title='bbox 1647 1335 2054 1407; x_wconf 84' lang='lat' dir='ltr'><strong>designavimus</strong></span> <span class='ocrx_word' id='word_1_147' title='bbox 2081 1335 2357 1390; x_wconf 73' lang='lat' dir='ltr'><strong>haereseos</strong></span> <span class='ocrx_word' id='word_1_148' title='bbox 2387 1341 2628 1398; x_wconf 88' lang='lat' dir='ltr'><strong>tessera,</strong></span> <span class='ocrx_word' id='word_1_149' title='bbox 2662 1349 2790 1388; x_wconf 92' lang='lat' dir='ltr'><strong>cum</strong></span> <span class='ocrx_word' id='word_1_150' title='bbox 2827 1332 3080 1388; x_wconf 82' lang='lat' dir='ltr'><strong>Romano</strong></span> <span class='ocrx_word' id='word_1_151' title='bbox 3126 1331 3402 1403; x_wconf 83' lang='lat' dir='ltr'><strong>pontiﬁce,</strong></span> <span class='ocrx_word' id='word_1_152' title='bbox 3441 1332 3494 1388; x_wconf 91' lang='lat' dir='ltr'><strong>id</strong></span> <span class='ocrx_word' id='word_1_153' title='bbox 3519 1345 3593 1390; x_wconf 89' lang='lat' dir='ltr'><strong>est</strong></span> <span class='ocrx_word' id='word_1_154' title='bbox 3623 1355 3717 1396; x_wconf 89' lang='lat' dir='ltr'><strong>cum</strong></span> 
     </span>
    </p>
   </div>
   <div class='ocr_carea' id='block_1_13' title="bbox 500 1419 3717 1499">
    <p class='ocr_par' dir='ltr' id='par_1_13' title="bbox 500 1419 3717 1499">
     <span class='ocr_line' id='line_1_13' title="bbox 500 1419 3717 1499; baseline 0.002 -21"><span class='ocrx_word' id='word_1_155' title='bbox 500 1423 773 1478; x_wconf 83' lang='lat' dir='ltr'><strong>catholica</strong></span> <span class='ocrx_word' id='word_1_156' title='bbox 800 1423 1064 1490; x_wconf 89' lang='lat' dir='ltr'><strong>Ecclesia,</strong></span> <span class='ocrx_word' id='word_1_157' title='bbox 1098 1423 1365 1478; x_wconf 88' lang='lat' dir='ltr'><strong>unitatem</strong></span> <span class='ocrx_word' id='word_1_158' title='bbox 1397 1423 1566 1478; x_wconf 85' lang='lat' dir='ltr'><strong>fovet.</strong></span> <span class='ocrx_word' id='word_1_159' title='bbox 1597 1422 1701 1489; x_wconf 87' lang='lat' dir='ltr'><strong>Qui</strong></span> <span class='ocrx_word' id='word_1_160' title='bbox 1728 1424 1938 1477; x_wconf 89' lang='lat' dir='ltr'><strong>utinam</strong></span> <span class='ocrx_word' id='word_1_161' title='bbox 1967 1422 2368 1478; x_wconf 84' lang='lat' dir='ltr'><strong>fortunatarum</strong></span> <span class='ocrx_word' id='word_1_162' title='bbox 2390 1419 2609 1491; x_wconf 91' lang='lat' dir='ltr'><strong>Deoque</strong></span> <span class='ocrx_word' id='word_1_163' title='bbox 2626 1421 2950 1476; x_wconf 89' lang='lat' dir='ltr'><strong>dilectarum</strong></span> <span class='ocrx_word' id='word_1_164' title='bbox 2973 1420 3284 1479; x_wconf 87' lang='lat' dir='ltr'><strong>animarum</strong></span> <span class='ocrx_word' id='word_1_165' title='bbox 3310 1435 3558 1478; x_wconf 90' lang='lat' dir='ltr'><strong>numerus</strong></span> <span class='ocrx_word' id='word_1_166' title='bbox 3582 1429 3717 1499; x_wconf 77' lang='lat' dir='ltr'><strong>magis</strong></span> 
     </span>
    </p>
   </div>
   <div class='ocr_carea' id='block_1_14' title="bbox 500 1508 3435 1584">
    <p class='ocr_par' dir='ltr' id='par_1_14' title="bbox 500 1508 3435 1584">
     <span class='ocr_line' id='line_1_14' title="bbox 500 1508 3435 1584; baseline 0.002 -22"><span class='ocrx_word' id='word_1_167' title='bbox 500 1509 782 1582; x_wconf 80' lang='lat' dir='ltr'><strong>magisque</strong></span> <span class='ocrx_word' id='word_1_168' title='bbox 816 1512 874 1566; x_wconf 89' lang='lat' dir='ltr'><strong>in</strong></span> <span class='ocrx_word' id='word_1_169' title='bbox 898 1511 1017 1568; x_wconf 92' lang='lat' dir='ltr'><strong>dies</strong></span> <span class='ocrx_word' id='word_1_170' title='bbox 1053 1513 1345 1584; x_wconf 82' lang='lat' dir='ltr'><strong>augeatur!</strong></span> <span class='ocrx_word' id='word_1_171' title='bbox 1385 1527 1550 1584; x_wconf 92' lang='lat' dir='ltr'><strong>quam</strong></span> <span class='ocrx_word' id='word_1_172' title='bbox 1579 1526 1697 1566; x_wconf 90' lang='lat' dir='ltr'><strong>rem</strong></span> <span class='ocrx_word' id='word_1_173' title='bbox 1725 1511 1873 1567; x_wconf 88' lang='lat' dir='ltr'><strong>haud</strong></span> <span class='ocrx_word' id='word_1_174' title='bbox 1912 1510 2063 1566; x_wconf 90' lang='lat' dir='ltr'><strong>inani</strong></span> <span class='ocrx_word' id='word_1_175' title='bbox 2094 1511 2328 1566; x_wconf 77' lang='lat' dir='ltr'><strong>fortasse</strong></span> <span class='ocrx_word' id='word_1_176' title='bbox 2355 1524 2538 1581; x_wconf 91' lang='lat' dir='ltr'><strong>neque</strong></span> <span class='ocrx_word' id='word_1_177' title='bbox 2567 1508 2786 1564; x_wconf 84' lang='lat' dir='ltr'><strong>infirma</strong></span> <span class='ocrx_word' id='word_1_178' title='bbox 2825 1524 2926 1580; x_wconf 89' lang='lat' dir='ltr'><strong>spe</strong></span> <span class='ocrx_word' id='word_1_179' title='bbox 2951 1524 3054 1566; x_wconf 89' lang='lat' dir='ltr'><strong>nos</strong></span> <span class='ocrx_word' id='word_1_180' title='bbox 3080 1523 3435 1582; x_wconf 76' lang='lat' dir='ltr'><strong>auguramur.</strong></span> 
     </span>
    </p>
   </div>
   <div class='ocr_carea' id='block_1_15' title="bbox 1917 1731 2385 1789">
    <p class='ocr_par' dir='ltr' id='par_1_15' title="bbox 1917 1731 2385 1789">
     <span class='ocr_line' id='line_1_15' title="bbox 1917 1731 2385 1789; baseline 0.002 -2"><span class='ocrx_word' id='word_1_181' title='bbox 1917 1731 2257 1789; x_wconf 83' lang='lat' dir='ltr'><strong>EPISTOLA</strong></span> <span class='ocrx_word' id='word_1_182' title='bbox 2291 1731 2385 1788; x_wconf 80' lang='lat' dir='ltr'><strong>IX.</strong></span> 
     </span>
    </p>
   </div>
   <div class='ocr_carea' id='block_1_16' title="bbox 1521 1891 2761 1962">
    <p class='ocr_par' dir='ltr' id='par_1_16' title="bbox 1521 1891 2761 1962">
     <span class='ocr_line' id='line_1_16' title="bbox 1521 1891 2761 1962; baseline -0.001 -15"><span class='ocrx_word' id='word_1_183' title='bbox 1521 1893 1602 1947; x_wconf 79' lang='lat' dir='ltr'><strong>Ad</strong></span> <span class='ocrx_word' id='word_1_184' title='bbox 1627 1891 1953 1947; x_wconf 86' lang='lat' dir='ltr'><strong>Zachariam</strong></span> <span class='ocrx_word' id='word_1_185' title='bbox 1973 1892 2339 1962; x_wconf 87' lang='lat' dir='ltr'><strong>patriarcham</strong></span> <span class='ocrx_word' id='word_1_186' title='bbox 2368 1891 2761 1946; x_wconf 79' lang='lat' dir='ltr'><strong>Armeniorum.</strong></span> 
     </span>
    </p>
   </div>
   <div class='ocr_carea' id='block_1_17' title="bbox 1379 2068 2887 2134">
    <p class='ocr_par' dir='ltr' id='par_1_17' title="bbox 1379 2068 2887 2134">
     <span class='ocr_line' id='line_1_17' title="bbox 1379 2068 2887 2134; baseline -0.003 -10"><span class='ocrx_word' id='word_1_187' title='bbox 1379 2071 1521 2124; x_wconf 84' lang='lat' dir='ltr'><strong>Edita</strong></span> <span class='ocrx_word' id='word_1_188' title='bbox 1545 2070 1605 2120; x_wconf 89' lang='lat' dir='ltr'><strong>ab</strong></span> <span class='ocrx_word' id='word_1_189' title='bbox 1629 2073 1760 2133; x_wconf 79' lang='lat' dir='ltr'><strong>Ang.</strong></span> <span class='ocrx_word' id='word_1_190' title='bbox 1787 2070 1914 2119; x_wconf 83' lang='lat' dir='ltr'><strong>Maio</strong></span> <span class='ocrx_word' id='word_1_191' title='bbox 1939 2069 2216 2134; x_wconf 85' lang='lat' dir='ltr'><strong>(Specileg.</strong></span> <span class='ocrx_word' id='word_1_192' title='bbox 2237 2069 2381 2119; x_wconf 85' lang='lat' dir='ltr'><strong>Rom.</strong></span> <span class='ocrx_word' id='word_1_193' title='bbox 2405 2073 2444 2120; x_wconf 86' lang='lat' dir='ltr'><strong>t.</strong></span> <span class='ocrx_word' id='word_1_194' title='bbox 2469 2069 2530 2130; x_wconf 83' lang='lat' dir='ltr'><strong>X,</strong></span> <span class='ocrx_word' id='word_1_195' title='bbox 2555 2083 2603 2133; x_wconf 92' lang='lat' dir='ltr'><strong>p.</strong></span> <span class='ocrx_word' id='word_1_196' title='bbox 2632 2068 2887 2134; x_wconf 64' lang='grc'><strong>449459).</strong></span> 
     </span>
    </p>
   </div>
   <div class='ocr_carea' id='block_1_18' title="bbox 574 2199 3724 2280">
    <p class='ocr_par' dir='ltr' id='par_1_18' title="bbox 574 2199 3724 2280">
     <span class='ocr_line' id='line_1_18' title="bbox 574 2199 3724 2280; baseline 0.002 -25"><span class='ocrx_word' id='word_1_197' title='bbox 574 2201 784 2255; x_wconf 87' lang='lat' dir='ltr'><strong>lllustri</strong></span> <span class='ocrx_word' id='word_1_198' title='bbox 807 2210 966 2271; x_wconf 86' lang='lat' dir='ltr'><strong>atque</strong></span> <span class='ocrx_word' id='word_1_199' title='bbox 996 2201 1139 2255; x_wconf 90' lang='lat' dir='ltr'><strong>omni</strong></span> <span class='ocrx_word' id='word_1_200' title='bbox 1162 2216 1349 2271; x_wconf 79' lang='lat' dir='ltr'><strong>genere</strong></span> <span class='ocrx_word' id='word_1_201' title='bbox 1380 2201 1636 2254; x_wconf 81' lang='lat' dir='ltr'><strong>virtutum</strong></span> <span class='ocrx_word' id='word_1_202' title='bbox 1666 2200 1906 2271; x_wconf 75' lang='lat' dir='ltr'><strong>fulgenti,</strong></span> <span class='ocrx_word' id='word_1_203' title='bbox 1932 2199 2271 2257; x_wconf 79' lang='lat' dir='ltr'><strong>dilectissimo</strong></span> <span class='ocrx_word' id='word_1_204' title='bbox 2296 2200 2508 2255; x_wconf 89' lang='lat' dir='ltr'><strong>domino</strong></span> <span class='ocrx_word' id='word_1_205' title='bbox 2531 2209 2708 2258; x_wconf 86' lang='lat' dir='ltr'><strong>nostra</strong></span> <span class='ocrx_word' id='word_1_206' title='bbox 2733 2199 3036 2270; x_wconf 71' lang='lat' dir='ltr'><strong>Zacharia&#39;,</strong></span> <span class='ocrx_word' id='word_1_207' title='bbox 3065 2199 3179 2255; x_wconf 86' lang='lat' dir='ltr'><strong>uiro</strong></span> <span class='ocrx_word' id='word_1_208' title='bbox 3204 2201 3511 2272; x_wconf 82' lang='lat' dir='ltr'><strong>apostolico,</strong></span> <span class='ocrx_word' id='word_1_209' title='bbox 3532 2212 3576 2259; x_wconf 83' lang='lat' dir='ltr'><strong>et</strong></span> <span class='ocrx_word' id='word_1_210' title='bbox 3595 2213 3724 2280; x_wconf 71' lang='lat' dir='ltr'><strong>magri</strong></span> 
     </span>
    </p>
   </div>
   <div class='ocr_carea' id='block_1_19' title="bbox 501 2287 3725 2361">
    <p class='ocr_par' dir='ltr' id='par_1_19' title="bbox 501 2287 3725 2361">
     <span class='ocr_line' id='line_1_19' title="bbox 501 2287 3725 2361; baseline 0.002 -17"><span class='ocrx_word' id='word_1_211' title='bbox 501 2288 753 2344; x_wconf 74' lang='lat' dir='ltr'><strong>Thaddazi</strong></span> <span class='ocrx_word' id='word_1_212' title='bbox 781 2288 1007 2356; x_wconf 84' lang='lat' dir='ltr'><strong>apostoli</strong></span> <span class='ocrx_word' id='word_1_213' title='bbox 1047 2305 1112 2342; x_wconf 91' lang='lat' dir='ltr'><strong>ac</strong></span> <span class='ocrx_word' id='word_1_214' title='bbox 1151 2289 1446 2348; x_wconf 78' lang='lat' dir='ltr'><strong>beatissimi</strong></span> <span class='ocrx_word' id='word_1_215' title='bbox 1492 2289 1671 2342; x_wconf 85' lang='lat' dir='ltr'><strong>sancti</strong></span> <span class='ocrx_word' id='word_1_216' title='bbox 1722 2287 1967 2359; x_wconf 80' lang='lat' dir='ltr'><strong>Gregorii</strong></span> <span class='ocrx_word' id='word_1_217' title='bbox 1999 2289 2173 2342; x_wconf 85' lang='lat' dir='ltr'><strong>sedem</strong></span> <span class='ocrx_word' id='word_1_218' title='bbox 2213 2289 2428 2356; x_wconf 85' lang='lat' dir='ltr'><strong>tenenti,</strong></span> <span class='ocrx_word' id='word_1_219' title='bbox 2458 2290 2715 2360; x_wconf 86' lang='lat' dir='ltr'><strong>magistro</strong></span> <span class='ocrx_word' id='word_1_220' title='bbox 2756 2298 2914 2359; x_wconf 87' lang='lat' dir='ltr'><strong>atque</strong></span> <span class='ocrx_word' id='word_1_221' title='bbox 2954 2290 3238 2359; x_wconf 86' lang='lat' dir='ltr'><strong>inspectori</strong></span> <span class='ocrx_word' id='word_1_222' title='bbox 3286 2291 3508 2361; x_wconf 86' lang='lat' dir='ltr'><strong>regionis</strong></span> <span class='ocrx_word' id='word_1_223' title='bbox 3536 2293 3725 2361; x_wconf 79' lang='lat' dir='ltr'><strong>Aram,</strong></span> 
     </span>
    </p>
   </div>
   <div class='ocr_carea' id='block_1_20' title="bbox 500 2375 3728 2453">
    <p class='ocr_par' dir='ltr' id='par_1_20' title="bbox 500 2375 3728 2453">
     <span class='ocr_line' id='line_1_20' title="bbox 500 2375 3728 2453; baseline 0.002 -23"><span class='ocrx_word' id='word_1_224' title='bbox 500 2378 682 2446; x_wconf 85' lang='lat' dir='ltr'><strong>populi</strong></span> <span class='ocrx_word' id='word_1_225' title='bbox 710 2377 933 2431; x_wconf 86' lang='lat' dir='ltr'><strong>borealis</strong></span> <span class='ocrx_word' id='word_1_226' title='bbox 965 2377 1202 2443; x_wconf 88' lang='lat' dir='ltr'><strong>primati,</strong></span> <span class='ocrx_word' id='word_1_227' title='bbox 1233 2394 1426 2448; x_wconf 88' lang='lat' dir='ltr'><strong>magno</strong></span> <span class='ocrx_word' id='word_1_228' title='bbox 1455 2377 1659 2446; x_wconf 89' lang='lat' dir='ltr'><strong>pastori</strong></span> <span class='ocrx_word' id='word_1_229' title='bbox 1685 2377 2014 2432; x_wconf 72' lang='lat' dir='ltr'><strong>exercituum</strong></span> <span class='ocrx_word' id='word_1_230' title='bbox 2055 2377 2290 2432; x_wconf 79' lang='lat' dir='ltr'><strong>Ascenez</strong></span> <span class='ocrx_word' id='word_1_231' title='bbox 2321 2375 2422 2447; x_wconf 75' lang='grc' dir='ltr'>(ὅ),</span> <span class='ocrx_word' id='word_1_232' title='bbox 2457 2377 2512 2440; x_wconf 82' lang='lat' dir='ltr'><strong>in</strong></span> <span class='ocrx_word' id='word_1_233' title='bbox 2543 2376 2836 2446; x_wconf 80' lang='lat' dir='ltr'><strong>pontiﬁcali</strong></span> <span class='ocrx_word' id='word_1_234' title='bbox 2868 2377 3153 2431; x_wconf 89' lang='lat' dir='ltr'><strong>eminentia</strong></span> <span class='ocrx_word' id='word_1_235' title='bbox 3185 2378 3492 2444; x_wconf 75' lang='lat' dir='ltr'><strong>constituto,</strong></span> <span class='ocrx_word' id='word_1_236' title='bbox 3521 2389 3565 2434; x_wconf 84' lang='lat' dir='ltr'><strong>et</strong></span> <span class='ocrx_word' id='word_1_237' title='bbox 3593 2382 3728 2453; x_wconf 71' lang='lat' dir='ltr'><strong>pignus</strong></span> 
     </span>
    </p>
   </div>
   <div class='ocr_carea' id='block_1_21' title="bbox 502 2464 3727 2537">
    <p class='ocr_par' dir='ltr' id='par_1_21' title="bbox 502 2464 3727 2537">
     <span class='ocr_line' id='line_1_21' title="bbox 502 2464 3727 2537; baseline 0.003 -20"><span class='ocrx_word' id='word_1_238' title='bbox 502 2467 698 2536; x_wconf 74' lang='lat' dir='ltr'><strong>futura:</strong></span> <span class='ocrx_word' id='word_1_239' title='bbox 729 2467 868 2519; x_wconf 85' lang='lat' dir='ltr'><strong>inter</strong></span> <span class='ocrx_word' id='word_1_240' title='bbox 896 2465 1116 2536; x_wconf 86' lang='lat' dir='ltr'><strong>angelos</strong></span> <span class='ocrx_word' id='word_1_241' title='bbox 1147 2465 1588 2520; x_wconf 81' lang='lat' dir='ltr'><strong>remunerationis</strong></span> <span class='ocrx_word' id='word_1_242' title='bbox 1613 2465 1851 2531; x_wconf 82' lang='lat' dir='ltr'><strong>habenti,</strong></span> <span class='ocrx_word' id='word_1_243' title='bbox 1883 2464 2102 2520; x_wconf 85' lang='lat' dir='ltr'><strong>Photius</strong></span> <span class='ocrx_word' id='word_1_244' title='bbox 2132 2465 2556 2535; x_wconf 78' lang='lat' dir='ltr'><strong>archiepiscopus</strong></span> <span class='ocrx_word' id='word_1_245' title='bbox 2591 2464 3141 2537; x_wconf 83' lang='lat' dir='ltr'><strong>Constantinopoleos,</strong></span> <span class='ocrx_word' id='word_1_246' title='bbox 3162 2483 3312 2522; x_wconf 73' lang='lat' dir='ltr'><strong>nova:</strong></span> <span class='ocrx_word' id='word_1_247' title='bbox 3336 2466 3531 2536; x_wconf 64' lang='lat' dir='ltr'><strong>Rome,</strong></span> <span class='ocrx_word' id='word_1_248' title='bbox 3558 2470 3727 2526; x_wconf 73' lang='lat' dir='ltr'><strong>salutem</strong></span> 
     </span>
    </p>
   </div>
   <div class='ocr_carea' id='block_1_22' title="bbox 500 2554 1184 2608">
    <p class='ocr_par' dir='ltr' id='par_1_22' title="bbox 500 2554 1184 2608">
     <span class='ocr_line' id='line_1_22' title="bbox 500 2554 1184 2608; baseline 0.003 -2"><span class='ocrx_word' id='word_1_249' title='bbox 500 2554 784 2606; x_wconf 87' lang='lat' dir='ltr'><strong>sanctitati</strong></span> <span class='ocrx_word' id='word_1_250' title='bbox 812 2563 1000 2608; x_wconf 69' lang='lat' dir='ltr'><strong>vestras</strong></span> <span class='ocrx_word' id='word_1_251' title='bbox 1033 2554 1184 2608; x_wconf 88' lang='lat' dir='ltr'><strong>dicit.</strong></span> 
     </span>
    </p>
   </div>
   <div class='ocr_carea' id='block_1_23' title="bbox 584 2661 3732 2738">
    <p class='ocr_par' dir='ltr' id='par_1_23' title="bbox 584 2661 3732 2738">
     <span class='ocr_line' id='line_1_23' title="bbox 584 2661 3732 2738; baseline 0.002 -21"><span class='ocrx_word' id='word_1_252' title='bbox 584 2664 638 2718; x_wconf 75' lang='grc'><strong>1.</strong></span> <span class='ocrx_word' id='word_1_253' title='bbox 679 2661 953 2720; x_wconf 89' lang='lat' dir='ltr'><strong>Plurimas</strong></span> <span class='ocrx_word' id='word_1_254' title='bbox 996 2664 1108 2720; x_wconf 90' lang='lat' dir='ltr'><strong>Deo</strong></span> <span class='ocrx_word' id='word_1_255' title='bbox 1142 2664 1342 2736; x_wconf 77' lang='lat' dir='ltr'><strong>gratias</strong></span> <span class='ocrx_word' id='word_1_256' title='bbox 1372 2664 1604 2736; x_wconf 81' lang='lat' dir='ltr'><strong>egimus,</strong></span> <span class='ocrx_word' id='word_1_257' title='bbox 1633 2663 1790 2732; x_wconf 74' lang='lat' dir='ltr'><strong>cuius</strong></span> <span class='ocrx_word' id='word_1_258' title='bbox 1833 2663 2104 2721; x_wconf 86' lang='lat' dir='ltr'><strong>beneﬁcio</strong></span> <span class='ocrx_word' id='word_1_259' title='bbox 2143 2665 2306 2722; x_wconf 88' lang='lat' dir='ltr'><strong>nobis</strong></span> <span class='ocrx_word' id='word_1_260' title='bbox 2345 2663 2594 2736; x_wconf 76' lang='lat' dir='ltr'><strong>contigit,</strong></span> <span class='ocrx_word' id='word_1_261' title='bbox 2633 2672 2694 2719; x_wconf 91' lang='lat' dir='ltr'><strong>ut</strong></span> <span class='ocrx_word' id='word_1_262' title='bbox 2731 2663 3043 2720; x_wconf 90' lang='lat' dir='ltr'><strong>sanctitatis</strong></span> <span class='ocrx_word' id='word_1_263' title='bbox 3076 2672 3278 2720; x_wconf 70' lang='lat' dir='ltr'><strong>vestrae</strong></span> <span class='ocrx_word' id='word_1_264' title='bbox 3315 2663 3614 2736; x_wconf 83' lang='lat' dir='ltr'><strong>epistolam,</strong></span> <span class='ocrx_word' id='word_1_265' title='bbox 3648 2683 3732 2738; x_wconf 72' lang='lat' dir='ltr'><strong>qua</strong></span> 
     </span>
    </p>
   </div>
   <div class='ocr_carea' id='block_1_24' title="bbox 503 2751 3728 2825">
    <p class='ocr_par' dir='ltr' id='par_1_24' title="bbox 503 2751 3728 2825">
     <span class='ocr_line' id='line_1_24' title="bbox 503 2751 3728 2825; baseline 0.001 -19"><span class='ocrx_word' id='word_1_266' title='bbox 503 2751 795 2806; x_wconf 63' lang='lat' dir='ltr'><strong>catholicae</strong></span> <span class='ocrx_word' id='word_1_267' title='bbox 827 2762 1026 2808; x_wconf 65' lang='lat' dir='ltr'><strong>vestra:</strong></span> <span class='ocrx_word' id='word_1_268' title='bbox 1053 2753 1176 2807; x_wconf 84' lang='lat' dir='ltr'><strong>fidei</strong></span> <span class='ocrx_word' id='word_1_269' title='bbox 1215 2751 1410 2806; x_wconf 90' lang='lat' dir='ltr'><strong>nuntia</strong></span> <span class='ocrx_word' id='word_1_270' title='bbox 1439 2760 1543 2816; x_wconf 88' lang='lat' dir='ltr'><strong>est,</strong></span> <span class='ocrx_word' id='word_1_271' title='bbox 1575 2752 1967 2821; x_wconf 89' lang='lat' dir='ltr'><strong>reciperemus;</strong></span> <span class='ocrx_word' id='word_1_272' title='bbox 1996 2763 2158 2823; x_wconf 89' lang='lat' dir='ltr'><strong>atque</strong></span> <span class='ocrx_word' id='word_1_273' title='bbox 2187 2763 2247 2808; x_wconf 91' lang='lat' dir='ltr'><strong>ut</strong></span> <span class='ocrx_word' id='word_1_274' title='bbox 2279 2755 2334 2808; x_wconf 93' lang='lat' dir='ltr'><strong>in</strong></span> <span class='ocrx_word' id='word_1_275' title='bbox 2360 2769 2444 2818; x_wconf 91' lang='lat' dir='ltr'><strong>ea,</strong></span> <span class='ocrx_word' id='word_1_276' title='bbox 2476 2763 2736 2823; x_wconf 88' lang='lat' dir='ltr'><strong>tanquam</strong></span> <span class='ocrx_word' id='word_1_277' title='bbox 2769 2752 2829 2807; x_wconf 90' lang='lat' dir='ltr'><strong>in</strong></span> <span class='ocrx_word' id='word_1_278' title='bbox 2860 2753 3150 2824; x_wconf 65' lang='lat' dir='ltr'><strong>theologia</strong></span> <span class='ocrx_word' id='word_1_279' title='bbox 3200 2753 3339 2820; x_wconf 88' lang='lat' dir='ltr'><strong>sole,</strong></span> <span class='ocrx_word' id='word_1_280' title='bbox 3371 2753 3542 2810; x_wconf 90' lang='lat' dir='ltr'><strong>verbis</strong></span> <span class='ocrx_word' id='word_1_281' title='bbox 3565 2755 3728 2825; x_wconf 85' lang='lat' dir='ltr'><strong>quidem</strong></span> 
     </span>
    </p>
   </div>
   <div class='ocr_carea' id='block_1_25' title="bbox 502 2839 3732 2912">
    <p class='ocr_par' dir='ltr' id='par_1_25' title="bbox 502 2839 3732 2912">
     <span class='ocr_line' id='line_1_25' title="bbox 502 2839 3732 2912; baseline 0.002 -19"><span class='ocrx_word' id='word_1_282' title='bbox 502 2855 691 2910; x_wconf 90' lang='lat' dir='ltr'><strong>parca,</strong></span> <span class='ocrx_word' id='word_1_283' title='bbox 731 2841 828 2895; x_wconf 89' lang='lat' dir='ltr'><strong>sed</strong></span> <span class='ocrx_word' id='word_1_284' title='bbox 855 2841 1122 2896; x_wconf 91' lang='lat' dir='ltr'><strong>doctrinis</strong></span> <span class='ocrx_word' id='word_1_285' title='bbox 1150 2841 1342 2904; x_wconf 92' lang='lat' dir='ltr'><strong>ubere,</strong></span> <span class='ocrx_word' id='word_1_286' title='bbox 1372 2839 1637 2912; x_wconf 81' lang='lat' dir='ltr'><strong>spiritalis</strong></span> <span class='ocrx_word' id='word_1_287' title='bbox 1672 2841 1984 2896; x_wconf 68' lang='lat' dir='ltr'><strong>concordia:</strong></span> <span class='ocrx_word' id='word_1_288' title='bbox 2021 2843 2265 2898; x_wconf 90' lang='lat' dir='ltr'><strong>studium</strong></span> <span class='ocrx_word' id='word_1_289' title='bbox 2303 2858 2681 2898; x_wconf 83' lang='lat' dir='ltr'><strong>cerneremus.</strong></span> <span class='ocrx_word' id='word_1_290' title='bbox 2711 2841 2871 2908; x_wconf 86' lang='lat' dir='ltr'><strong>Quod</strong></span> <span class='ocrx_word' id='word_1_291' title='bbox 2897 2851 3084 2898; x_wconf 87' lang='lat' dir='ltr'><strong>autem</strong></span> <span class='ocrx_word' id='word_1_292' title='bbox 3111 2843 3180 2899; x_wconf 88' lang='lat' dir='ltr'><strong>de</strong></span> <span class='ocrx_word' id='word_1_293' title='bbox 3224 2844 3464 2900; x_wconf 90' lang='lat' dir='ltr'><strong>concilio</strong></span> <span class='ocrx_word' id='word_1_294' title='bbox 3493 2845 3732 2901; x_wconf 79' lang='lat' dir='ltr'><strong>Chalcedo-</strong></span> 
     </span>
    </p>
   </div>
   <div class='ocr_carea' id='block_1_26' title="bbox 503 2928 3734 3002">
    <p class='ocr_par' dir='ltr' id='par_1_26' title="bbox 503 2928 3734 3002">
     <span class='ocr_line' id='line_1_26' title="bbox 503 2928 3734 3002; baseline 0.002 -20"><span class='ocrx_word' id='word_1_295' title='bbox 503 2928 668 2982; x_wconf 89' lang='lat' dir='ltr'><strong>nensi</strong></span> <span class='ocrx_word' id='word_1_296' title='bbox 703 2929 942 2983; x_wconf 90' lang='lat' dir='ltr'><strong>scribitis</strong></span> <span class='ocrx_word' id='word_1_297' title='bbox 972 2943 1070 2983; x_wconf 89' lang='lat' dir='ltr'><strong>vos</strong></span> <span class='ocrx_word' id='word_1_298' title='bbox 1103 2928 1388 2992; x_wconf 87' lang='lat' dir='ltr'><strong>dubitare,</strong></span> <span class='ocrx_word' id='word_1_299' title='bbox 1433 2928 1720 2998; x_wconf 91' lang='lat' dir='ltr'><strong>ipsumque</strong></span> <span class='ocrx_word' id='word_1_300' title='bbox 1761 2939 2077 3000; x_wconf 87' lang='lat' dir='ltr'><strong>suspectum</strong></span> <span class='ocrx_word' id='word_1_301' title='bbox 2122 2931 2346 2995; x_wconf 90' lang='lat' dir='ltr'><strong>habere,</strong></span> <span class='ocrx_word' id='word_1_302' title='bbox 2394 2938 2683 3000; x_wconf 88' lang='lat' dir='ltr'><strong>propterea</strong></span> <span class='ocrx_word' id='word_1_303' title='bbox 2730 2931 2879 3002; x_wconf 89' lang='lat' dir='ltr'><strong>quod</strong></span> <span class='ocrx_word' id='word_1_304' title='bbox 2939 2929 3083 2988; x_wconf 85' lang='lat' dir='ltr'><strong>fama</strong></span> <span class='ocrx_word' id='word_1_305' title='bbox 3111 2930 3284 2986; x_wconf 90' lang='lat' dir='ltr'><strong>didita</strong></span> <span class='ocrx_word' id='word_1_306' title='bbox 3327 2931 3430 2998; x_wconf 92' lang='lat' dir='ltr'><strong>sit,</strong></span> <span class='ocrx_word' id='word_1_307' title='bbox 3478 2932 3529 2986; x_wconf 95' lang='lat' dir='ltr'><strong>id</strong></span> <span class='ocrx_word' id='word_1_308' title='bbox 3578 2933 3734 2990; x_wconf 69' lang='lat' dir='ltr'><strong>caeteris</strong></span> 
     </span>
    </p>
   </div>
   <div class='ocr_carea' id='block_1_27' title="bbox 504 3015 3733 3090">
    <p class='ocr_par' dir='ltr' id='par_1_27' title="bbox 504 3015 3733 3090">
     <span class='ocr_line' id='line_1_27' title="bbox 504 3015 3733 3090; baseline 0.002 -21"><span class='ocrx_word' id='word_1_309' title='bbox 504 3015 825 3070; x_wconf 74' lang='lat' dir='ltr'><strong>orthodoxis</strong></span> <span class='ocrx_word' id='word_1_310' title='bbox 846 3016 1092 3070; x_wconf 90' lang='lat' dir='ltr'><strong>conciliis</strong></span> <span class='ocrx_word' id='word_1_311' title='bbox 1115 3016 1417 3080; x_wconf 87' lang='lat' dir='ltr'><strong>adversari;</strong></span> <span class='ocrx_word' id='word_1_312' title='bbox 1448 3017 1523 3070; x_wconf 88' lang='lat' dir='ltr'><strong>ita</strong></span> <span class='ocrx_word' id='word_1_313' title='bbox 1555 3025 1740 3071; x_wconf 88' lang='lat' dir='ltr'><strong>tamen</strong></span> <span class='ocrx_word' id='word_1_314' title='bbox 1772 3025 1833 3071; x_wconf 87' lang='lat' dir='ltr'><strong>ut</strong></span> <span class='ocrx_word' id='word_1_315' title='bbox 1871 3017 2240 3089; x_wconf 87' lang='lat' dir='ltr'><strong>subjungatis,</strong></span> <span class='ocrx_word' id='word_1_316' title='bbox 2268 3032 2366 3074; x_wconf 92' lang='lat' dir='ltr'><strong>vos</strong></span> <span class='ocrx_word' id='word_1_317' title='bbox 2384 3018 2612 3073; x_wconf 90' lang='lat' dir='ltr'><strong>omnino</strong></span> <span class='ocrx_word' id='word_1_318' title='bbox 2636 3033 2817 3088; x_wconf 87' lang='lat' dir='ltr'><strong>neque</strong></span> <span class='ocrx_word' id='word_1_319' title='bbox 2841 3017 3031 3073; x_wconf 81' lang='lat' dir='ltr'><strong>Jacobi</strong></span> <span class='ocrx_word' id='word_1_320' title='bbox 3057 3018 3301 3084; x_wconf 81' lang='lat' dir='ltr'><strong>Zanzali,</strong></span> <span class='ocrx_word' id='word_1_321' title='bbox 3324 3035 3354 3074; x_wconf 91' lang='lat' dir='ltr'><strong>a</strong></span> <span class='ocrx_word' id='word_1_322' title='bbox 3376 3035 3484 3090; x_wconf 84' lang='lat' dir='ltr'><strong>quo</strong></span> <span class='ocrx_word' id='word_1_323' title='bbox 3513 3019 3733 3085; x_wconf 71' lang='lat' dir='ltr'><strong>Jaeohita,</strong></span> 
     </span>
    </p>
   </div>
   <div class='ocr_carea' id='block_1_28' title="bbox 502 3105 3733 3178">
    <p class='ocr_par' dir='ltr' id='par_1_28' title="bbox 502 3105 3733 3178">
     <span class='ocr_line' id='line_1_28' title="bbox 502 3105 3733 3178; baseline 0.001 -18"><span class='ocrx_word' id='word_1_324' title='bbox 502 3121 686 3176; x_wconf 89' lang='lat' dir='ltr'><strong>neque</strong></span> <span class='ocrx_word' id='word_1_325' title='bbox 717 3105 916 3161; x_wconf 86' lang='lat' dir='ltr'><strong>Juliani</strong></span> <span class='ocrx_word' id='word_1_326' title='bbox 953 3105 1470 3170; x_wconf 86' lang='lat' dir='ltr'><strong>Halicarnassensis,</strong></span> <span class='ocrx_word' id='word_1_327' title='bbox 1514 3121 1694 3175; x_wconf 87' lang='lat' dir='ltr'><strong>neque</strong></span> <span class='ocrx_word' id='word_1_328' title='bbox 1730 3106 1877 3162; x_wconf 87' lang='lat' dir='ltr'><strong>Petri</strong></span> <span class='ocrx_word' id='word_1_329' title='bbox 1904 3106 2255 3171; x_wconf 88' lang='lat' dir='ltr'><strong>Antiocheni,</strong></span> <span class='ocrx_word' id='word_1_330' title='bbox 2291 3120 2470 3175; x_wconf 88' lang='lat' dir='ltr'><strong>neque</strong></span> <span class='ocrx_word' id='word_1_331' title='bbox 2503 3105 2765 3176; x_wconf 86' lang='lat' dir='ltr'><strong>Eutychis</strong></span> <span class='ocrx_word' id='word_1_332' title='bbox 2807 3105 3108 3178; x_wconf 88' lang='lat' dir='ltr'><strong>discipulos</strong></span> <span class='ocrx_word' id='word_1_333' title='bbox 3141 3123 3288 3172; x_wconf 90' lang='lat' dir='ltr'><strong>esse,</strong></span> <span class='ocrx_word' id='word_1_334' title='bbox 3322 3108 3420 3164; x_wconf 87' lang='lat' dir='ltr'><strong>sed</strong></span> <span class='ocrx_word' id='word_1_335' title='bbox 3452 3109 3614 3164; x_wconf 85' lang='lat' dir='ltr'><strong>sancti</strong></span> <span class='ocrx_word' id='word_1_336' title='bbox 3635 3109 3733 3164; x_wconf 84' lang='lat' dir='ltr'><strong>Gre-</strong></span> 
     </span>
    </p>
   </div>
   <div class='ocr_carea' id='block_1_29' title="bbox 504 3193 3736 3270">
    <p class='ocr_par' dir='ltr' id='par_1_29' title="bbox 504 3193 3736 3270">
     <span class='ocr_line' id='line_1_29' title="bbox 504 3193 3736 3270; baseline 0 -20"><span class='ocrx_word' id='word_1_337' title='bbox 504 3197 642 3266; x_wconf 86' lang='lat' dir='ltr'><strong>gorii</strong></span> <span class='ocrx_word' id='word_1_338' title='bbox 674 3196 928 3267; x_wconf 88' lang='lat' dir='ltr'><strong>martyris</strong></span> <span class='ocrx_word' id='word_1_339' title='bbox 965 3206 1022 3250; x_wconf 90' lang='lat' dir='ltr'><strong>et</strong></span> <span class='ocrx_word' id='word_1_340' title='bbox 1077 3196 1413 3251; x_wconf 85' lang='lat' dir='ltr'><strong>confessoris</strong></span> <span class='ocrx_word' id='word_1_341' title='bbox 1463 3211 1527 3250; x_wconf 90' lang='lat' dir='ltr'><strong>ac</strong></span> <span class='ocrx_word' id='word_1_342' title='bbox 1577 3196 1878 3250; x_wconf 90' lang='lat' dir='ltr'><strong>borcalium</strong></span> <span class='ocrx_word' id='word_1_343' title='bbox 1916 3197 2163 3252; x_wconf 91' lang='lat' dir='ltr'><strong>omnium</strong></span> <span class='ocrx_word' id='word_1_344' title='bbox 2209 3193 2537 3264; x_wconf 90' lang='lat' dir='ltr'><strong>populorum</strong></span> <span class='ocrx_word' id='word_1_345' title='bbox 2570 3193 2980 3260; x_wconf 86' lang='lat' dir='ltr'><strong>illuminatoris.</strong></span> <span class='ocrx_word' id='word_1_346' title='bbox 3034 3196 3109 3262; x_wconf 90' lang='lat' dir='ltr'><strong>id,</strong></span> <span class='ocrx_word' id='word_1_347' title='bbox 3153 3197 3424 3266; x_wconf 87' lang='lat' dir='ltr'><strong>inquam,</strong></span> <span class='ocrx_word' id='word_1_348' title='bbox 3472 3213 3645 3270; x_wconf 81' lang='lat' dir='ltr'><strong>magna</strong></span> <span class='ocrx_word' id='word_1_349' title='bbox 3667 3213 3736 3252; x_wconf 84' lang='lat' dir='ltr'><strong>nos</strong></span> 
     </span>
    </p>
   </div>
   <div class='ocr_carea' id='block_1_30' title="bbox 504 3282 3736 3356">
    <p class='ocr_par' dir='ltr' id='par_1_30' title="bbox 504 3282 3736 3356">
     <span class='ocr_line' id='line_1_30' title="bbox 504 3282 3736 3356; baseline 0 -17"><span class='ocrx_word' id='word_1_350' title='bbox 504 3285 695 3339; x_wconf 69' lang='lat' dir='ltr'><strong>laetitia</strong></span> <span class='ocrx_word' id='word_1_351' title='bbox 733 3285 1053 3339; x_wconf 89' lang='lat' dir='ltr'><strong>cumulavit.</strong></span> <span class='ocrx_word' id='word_1_352' title='bbox 1093 3283 1234 3337; x_wconf 90' lang='lat' dir='ltr'><strong>Cum</strong></span> <span class='ocrx_word' id='word_1_353' title='bbox 1282 3284 1430 3339; x_wconf 90' lang='lat' dir='ltr'><strong>enim</strong></span> <span class='ocrx_word' id='word_1_354' title='bbox 1474 3284 1611 3338; x_wconf 87' lang='lat' dir='ltr'><strong>tanti</strong></span> <span class='ocrx_word' id='word_1_355' title='bbox 1647 3282 1890 3338; x_wconf 89' lang='lat' dir='ltr'><strong>doctoris</strong></span> <span class='ocrx_word' id='word_1_356' title='bbox 1917 3282 2124 3338; x_wconf 91' lang='lat' dir='ltr'><strong>alumni</strong></span> <span class='ocrx_word' id='word_1_357' title='bbox 2169 3283 2306 3346; x_wconf 89' lang='lat' dir='ltr'><strong>sitis,</strong></span> <span class='ocrx_word' id='word_1_358' title='bbox 2338 3296 2564 3351; x_wconf 88' lang='lat' dir='ltr'><strong>prorsus</strong></span> <span class='ocrx_word' id='word_1_359' title='bbox 2604 3297 2718 3335; x_wconf 90' lang='lat' dir='ltr'><strong>non</strong></span> <span class='ocrx_word' id='word_1_360' title='bbox 2751 3282 2928 3347; x_wconf 90' lang='lat' dir='ltr'><strong>decet,</strong></span> <span class='ocrx_word' id='word_1_361' title='bbox 2957 3298 3055 3338; x_wconf 90' lang='lat' dir='ltr'><strong>vos</strong></span> <span class='ocrx_word' id='word_1_362' title='bbox 3101 3285 3308 3339; x_wconf 88' lang='lat' dir='ltr'><strong>mentis</strong></span> <span class='ocrx_word' id='word_1_363' title='bbox 3335 3293 3529 3341; x_wconf 66' lang='lat' dir='ltr'><strong>vestra:</strong></span> <span class='ocrx_word' id='word_1_364' title='bbox 3568 3286 3736 3356; x_wconf 82' lang='lat' dir='ltr'><strong>consilia</strong></span> 
     </span>
    </p>
   </div>
   <div class='ocr_carea' id='block_1_31' title="bbox 505 3370 3738 3448">
    <p class='ocr_par' dir='ltr' id='par_1_31' title="bbox 505 3370 3738 3448">
     <span class='ocr_line' id='line_1_31' title="bbox 505 3370 3738 3448; baseline -0.001 -19"><span class='ocrx_word' id='word_1_365' title='bbox 505 3374 684 3444; x_wconf 84' lang='lat' dir='ltr'><strong>sequi,</strong></span> <span class='ocrx_word' id='word_1_366' title='bbox 716 3373 810 3448; x_wconf 88' lang='lat' dir='ltr'><strong>sed</strong></span> <span class='ocrx_word' id='word_1_367' title='bbox 844 3373 989 3427; x_wconf 91' lang='lat' dir='ltr'><strong>illam</strong></span> <span class='ocrx_word' id='word_1_368' title='bbox 1024 3375 1206 3444; x_wconf 89' lang='lat' dir='ltr'><strong>potius</strong></span> <span class='ocrx_word' id='word_1_369' title='bbox 1226 3375 1476 3444; x_wconf 85' lang='lat' dir='ltr'><strong>amplecti</strong></span> <span class='ocrx_word' id='word_1_370' title='bbox 1507 3373 1859 3439; x_wconf 84' lang='lat' dir='ltr'><strong>sententiam,</strong></span> <span class='ocrx_word' id='word_1_371' title='bbox 1875 3389 2037 3443; x_wconf 85' lang='lat' dir='ltr'><strong>quam</strong></span> <span class='ocrx_word' id='word_1_372' title='bbox 2060 3387 2229 3430; x_wconf 73' lang='lat' dir='ltr'><strong>sacra:</strong></span> <span class='ocrx_word' id='word_1_373' title='bbox 2256 3370 2471 3428; x_wconf 71' lang='lat' dir='ltr'><strong>Littera:</strong></span> <span class='ocrx_word' id='word_1_374' title='bbox 2491 3371 2742 3439; x_wconf 73' lang='lat' dir='ltr'><strong>suadent;</strong></span> <span class='ocrx_word' id='word_1_375' title='bbox 2757 3387 2935 3440; x_wconf 84' lang='lat' dir='ltr'><strong>neque</strong></span> <span class='ocrx_word' id='word_1_376' title='bbox 2953 3372 3166 3427; x_wconf 91' lang='lat' dir='ltr'><strong>illorum</strong></span> <span class='ocrx_word' id='word_1_377' title='bbox 3185 3373 3389 3430; x_wconf 77' lang='lat' dir='ltr'><strong>falsam</strong></span> <span class='ocrx_word' id='word_1_378' title='bbox 3408 3374 3738 3444; x_wconf 80' lang='lat' dir='ltr'><strong>cavillationem</strong></span> 
     </span>
    </p>
   </div>
   <div class='ocr_carea' id='block_1_32' title="bbox 505 3459 3739 3534">
    <p class='ocr_par' dir='ltr' id='par_1_32' title="bbox 505 3459 3739 3534">
     <span class='ocr_line' id='line_1_32' title="bbox 505 3459 3739 3534; baseline 0 -19"><span class='ocrx_word' id='word_1_379' title='bbox 505 3463 664 3532; x_wconf 89' lang='lat' dir='ltr'><strong>pensi</strong></span> <span class='ocrx_word' id='word_1_380' title='bbox 695 3463 918 3524; x_wconf 87' lang='lat' dir='ltr'><strong>habere,</strong></span> <span class='ocrx_word' id='word_1_381' title='bbox 953 3463 1048 3532; x_wconf 90' lang='lat' dir='ltr'><strong>qui</strong></span> <span class='ocrx_word' id='word_1_382' title='bbox 1074 3461 1421 3532; x_wconf 87' lang='lat' dir='ltr'><strong>Scripturam</strong></span> <span class='ocrx_word' id='word_1_383' title='bbox 1451 3478 1664 3518; x_wconf 86' lang='lat' dir='ltr'><strong>sacram</strong></span> <span class='ocrx_word' id='word_1_384' title='bbox 1699 3476 1798 3532; x_wconf 83' lang='lat' dir='ltr'><strong>pro</strong></span> <span class='ocrx_word' id='word_1_385' title='bbox 1830 3478 1930 3517; x_wconf 91' lang='lat' dir='ltr'><strong>sua</strong></span> <span class='ocrx_word' id='word_1_386' title='bbox 1958 3461 2220 3532; x_wconf 87' lang='lat' dir='ltr'><strong>opinione</strong></span> <span class='ocrx_word' id='word_1_387' title='bbox 2243 3460 2568 3530; x_wconf 90' lang='lat' dir='ltr'><strong>depravant,</strong></span> <span class='ocrx_word' id='word_1_388' title='bbox 2598 3459 3048 3516; x_wconf 89' lang='lat' dir='ltr'><strong>inconstantibus</strong></span> <span class='ocrx_word' id='word_1_389' title='bbox 3078 3461 3369 3516; x_wconf 86' lang='lat' dir='ltr'><strong>hominum</strong></span> <span class='ocrx_word' id='word_1_390' title='bbox 3397 3461 3739 3534; x_wconf 71' lang='lat' dir='ltr'><strong>animis-fucum</strong></span> 
     </span>
    </p>
   </div>
   <div class='ocr_carea' id='block_1_33' title="bbox 507 3549 3738 3624">
    <p class='ocr_par' dir='ltr' id='par_1_33' title="bbox 507 3549 3738 3624">
     <span class='ocr_line' id='line_1_33' title="bbox 507 3549 3738 3624; baseline -0.001 -18"><span class='ocrx_word' id='word_1_391' title='bbox 507 3551 803 3616; x_wconf 85' lang='lat' dir='ltr'><strong>facientes;</strong></span> <span class='ocrx_word' id='word_1_392' title='bbox 842 3550 1010 3605; x_wconf 88' lang='lat' dir='ltr'><strong>veluti</strong></span> <span class='ocrx_word' id='word_1_393' title='bbox 1047 3551 1176 3605; x_wconf 90' lang='lat' dir='ltr'><strong>olim</strong></span> <span class='ocrx_word' id='word_1_394' title='bbox 1199 3551 1730 3620; x_wconf 66' lang='lat' dir='ltr'><strong>,pseudopmphetae,</strong></span> <span class='ocrx_word' id='word_1_395' title='bbox 1769 3549 1864 3618; x_wconf 89' lang='lat' dir='ltr'><strong>qui</strong></span> <span class='ocrx_word' id='word_1_396' title='bbox 1898 3565 1966 3605; x_wconf 77' lang='lat' dir='ltr'><strong>ex</strong></span> <span class='ocrx_word' id='word_1_397' title='bbox 2002 3563 2118 3606; x_wconf 61' lang='lat' dir='ltr'><strong>suae</strong></span> <span class='ocrx_word' id='word_1_398' title='bbox 2145 3551 2347 3606; x_wconf 87' lang='lat' dir='ltr'><strong>mentis</strong></span> <span class='ocrx_word' id='word_1_399' title='bbox 2376 3551 2630 3614; x_wconf 83' lang='lat' dir='ltr'><strong>arbitrio,</strong></span> <span class='ocrx_word' id='word_1_400' title='bbox 2658 3565 2769 3605; x_wconf 90' lang='lat' dir='ltr'><strong>non</strong></span> <span class='ocrx_word' id='word_1_401' title='bbox 2799 3566 2865 3604; x_wconf 84' lang='lat' dir='ltr'><strong>ex</strong></span> <span class='ocrx_word' id='word_1_402' title='bbox 2895 3550 2991 3606; x_wconf 90' lang='lat' dir='ltr'><strong>Dei</strong></span> <span class='ocrx_word' id='word_1_403' title='bbox 3020 3552 3304 3620; x_wconf 85' lang='lat' dir='ltr'><strong>voluntate</strong></span> <span class='ocrx_word' id='word_1_404' title='bbox 3344 3553 3487 3624; x_wconf 87' lang='lat' dir='ltr'><strong>loqui</strong></span> <span class='ocrx_word' id='word_1_405' title='bbox 3529 3553 3738 3608; x_wconf 85' lang='lat' dir='ltr'><strong>solebant.</strong></span> 
     </span>
    </p>
   </div>
   <div class='ocr_carea' id='block_1_34' title="bbox 578 3629 3738 3712">
    <p class='ocr_par' dir='ltr' id='par_1_34' title="bbox 578 3629 3738 3712">
     <span class='ocr_line' id='line_1_34' title="bbox 578 3629 3738 3712; baseline 0 -19"><span class='ocrx_word' id='word_1_406' title='bbox 578 3641 634 3693; x_wconf 73' lang='lat'><strong>2.</strong></span> <span class='ocrx_word' id='word_1_407' title='bbox 675 3640 788 3708; x_wconf 87' lang='lat' dir='ltr'><strong>Age</strong></span> <span class='ocrx_word' id='word_1_408' title='bbox 825 3653 956 3693; x_wconf 87' lang='lat' dir='ltr'><strong>vero</strong></span> <span class='ocrx_word' id='word_1_409' title='bbox 987 3653 1089 3693; x_wconf 92' lang='lat' dir='ltr'><strong>nos</strong></span> <span class='ocrx_word' id='word_1_410' title='bbox 1123 3637 1372 3709; x_wconf 88' lang='lat' dir='ltr'><strong>diligenti</strong></span> <span class='ocrx_word' id='word_1_411' title='bbox 1408 3637 1779 3709; x_wconf 86' lang='lat' dir='ltr'><strong>vestigatione</strong></span> <span class='ocrx_word' id='word_1_412' title='bbox 1812 3637 2202 3708; x_wconf 87' lang='lat' dir='ltr'><strong>comperimus,</strong></span> <span class='ocrx_word' id='word_1_413' title='bbox 2235 3655 2382 3695; x_wconf 88' lang='lat' dir='ltr'><strong>anno</strong></span> <span class='ocrx_word' id='word_1_414' title='bbox 2419 3639 2753 3706; x_wconf 85' lang='lat' dir='ltr'><strong>adamussim</strong></span> <span class='ocrx_word' id='word_1_415' title='bbox 2783 3639 2976 3709; x_wconf 93' lang='lat' dir='ltr'><strong>quinto</strong></span> <span class='ocrx_word' id='word_1_416' title='bbox 3003 3640 3216 3710; x_wconf 83' lang='lat' dir='ltr'><strong>decimo</strong></span> <span class='ocrx_word' id='word_1_417' title='bbox 3245 3651 3372 3712; x_wconf 92' lang='lat' dir='ltr'><strong>post</strong></span> <span class='ocrx_word' id='word_1_418' title='bbox 3429 3643 3591 3698; x_wconf 86' lang='lat' dir='ltr'><strong>sancti</strong></span> <span class='ocrx_word' id='word_1_419' title='bbox 3622 3629 3738 3695; x_wconf 71' lang='lat' dir='ltr'><strong>istmi</strong></span> 
     </span>
    </p>
   </div>
   <div class='ocr_carea' id='block_1_35' title="bbox 510 3729 3737 3804">
    <p class='ocr_par' dir='ltr' id='par_1_35' title="bbox 510 3729 3737 3804">
     <span class='ocr_line' id='line_1_35' title="bbox 510 3729 3737 3804; baseline -0 -16"><span class='ocrx_word' id='word_1_420' title='bbox 510 3733 722 3788; x_wconf 78' lang='lat' dir='ltr'><strong>cxhac</strong></span> <span class='ocrx_word' id='word_1_421' title='bbox 761 3733 872 3786; x_wconf 88' lang='lat' dir='ltr'><strong>vita</strong></span> <span class='ocrx_word' id='word_1_422' title='bbox 922 3731 990 3787; x_wconf 87' lang='lat' dir='ltr'><strong>ad</strong></span> <span class='ocrx_word' id='word_1_423' title='bbox 1022 3730 1306 3788; x_wconf 86' lang='lat' dir='ltr'><strong>Christum</strong></span> <span class='ocrx_word' id='word_1_424' title='bbox 1345 3731 1531 3787; x_wconf 86' lang='lat' dir='ltr'><strong>Jesum</strong></span> <span class='ocrx_word' id='word_1_425' title='bbox 1571 3731 1816 3786; x_wconf 91' lang='lat' dir='ltr'><strong>discessu</strong></span> <span class='ocrx_word' id='word_1_426' title='bbox 1841 3772 1856 3796; x_wconf 98' lang='lat'><strong>,</strong></span> <span class='ocrx_word' id='word_1_427' title='bbox 1892 3740 2142 3786; x_wconf 90' lang='lat' dir='ltr'><strong>coactum</strong></span> <span class='ocrx_word' id='word_1_428' title='bbox 2178 3729 2347 3787; x_wconf 83' lang='lat' dir='ltr'><strong>fuisse</strong></span> <span class='ocrx_word' id='word_1_429' title='bbox 2383 3731 2835 3794; x_wconf 81' lang='lat' dir='ltr'><strong>Chalcedonense</strong></span> <span class='ocrx_word' id='word_1_430' title='bbox 2877 3732 3204 3798; x_wconf 89' lang='lat' dir='ltr'><strong>concilium;</strong></span> <span class='ocrx_word' id='word_1_431' title='bbox 3249 3750 3362 3804; x_wconf 91' lang='lat' dir='ltr'><strong>quo</strong></span> <span class='ocrx_word' id='word_1_432' title='bbox 3406 3750 3548 3790; x_wconf 92' lang='lat' dir='ltr'><strong>anno</strong></span> <span class='ocrx_word' id='word_1_433' title='bbox 3577 3745 3737 3790; x_wconf 79' lang='lat' dir='ltr'><strong>sanctus</strong></span> 
     </span>
    </p>
   </div>
   <div class='ocr_carea' id='block_1_36' title="bbox 510 3817 3742 3893">
    <p class='ocr_par' dir='ltr' id='par_1_36' title="bbox 510 3817 3742 3893">
     <span class='ocr_line' id='line_1_36' title="bbox 510 3817 3742 3893; baseline 0.001 -21"><span class='ocrx_word' id='word_1_434' title='bbox 510 3818 798 3874; x_wconf 84' lang='lat' dir='ltr'><strong>Vardanus</strong></span> <span class='ocrx_word' id='word_1_435' title='bbox 829 3835 954 3873; x_wconf 91' lang='lat' dir='ltr'><strong>cum</strong></span> <span class='ocrx_word' id='word_1_436' title='bbox 980 3819 1225 3874; x_wconf 80' lang='lat' dir='ltr'><strong>exercitu</strong></span> <span class='ocrx_word' id='word_1_437' title='bbox 1269 3835 1370 3874; x_wconf 91' lang='lat' dir='ltr'><strong>suo</strong></span> <span class='ocrx_word' id='word_1_438' title='bbox 1411 3819 1468 3874; x_wconf 89' lang='lat' dir='ltr'><strong>in</strong></span> <span class='ocrx_word' id='word_1_439' title='bbox 1496 3818 1796 3874; x_wconf 76' lang='lat' dir='ltr'><strong>Artlacensi</strong></span> <span class='ocrx_word' id='word_1_440' title='bbox 1826 3817 2108 3888; x_wconf 88' lang='lat' dir='ltr'><strong>provincia</strong></span> <span class='ocrx_word' id='word_1_441' title='bbox 2137 3819 2458 3891; x_wconf 82' lang='lat' dir='ltr'><strong>martyrium</strong></span> <span class='ocrx_word' id='word_1_442' title='bbox 2487 3819 2620 3875; x_wconf 89' lang='lat' dir='ltr'><strong>fecit</strong></span> <span class='ocrx_word' id='word_1_443' title='bbox 2642 3861 2657 3887; x_wconf 97' lang='lat'><strong>,</strong></span> <span class='ocrx_word' id='word_1_444' title='bbox 2683 3820 2872 3876; x_wconf 89' lang='lat' dir='ltr'><strong>sedem</strong></span> <span class='ocrx_word' id='word_1_445' title='bbox 2901 3820 3271 3890; x_wconf 85' lang='lat' dir='ltr'><strong>episcopalem</strong></span> <span class='ocrx_word' id='word_1_446' title='bbox 3303 3830 3522 3878; x_wconf 89' lang='lat' dir='ltr'><strong>tenente</strong></span> <span class='ocrx_word' id='word_1_447' title='bbox 3557 3822 3742 3893; x_wconf 85' lang='lat' dir='ltr'><strong>Josepho</strong></span> 
     </span>
    </p>
   </div>
   <div class='ocr_carea' id='block_1_37' title="bbox 515 3906 3744 3977">
    <p class='ocr_par' dir='ltr' id='par_1_37' title="bbox 515 3906 3744 3977">
     <span class='ocr_line' id='line_1_37' title="bbox 515 3906 3744 3977; baseline 0.001 -15"><span class='ocrx_word' id='word_1_448' title='bbox 515 3925 582 3962; x_wconf 83' lang='lat' dir='ltr'><strong>cx</strong></span> <span class='ocrx_word' id='word_1_449' title='bbox 612 3907 827 3962; x_wconf 86' lang='lat' dir='ltr'><strong>Leontii</strong></span> <span class='ocrx_word' id='word_1_450' title='bbox 860 3906 935 3977; x_wconf 75' lang='grc'>(4)</span> <span class='ocrx_word' id='word_1_451' title='bbox 976 3907 1260 3962; x_wconf 91' lang='lat' dir='ltr'><strong>sodalibus</strong></span> <span class='ocrx_word' id='word_1_452' title='bbox 1284 3923 1414 3962; x_wconf 94' lang='lat' dir='ltr'><strong>uno.</strong></span> <span class='ocrx_word' id='word_1_453' title='bbox 1449 3907 1622 3974; x_wconf 92' lang='lat' dir='ltr'><strong>Quam</strong></span> <span class='ocrx_word' id='word_1_454' title='bbox 1647 3907 1717 3961; x_wconf 92' lang='lat' dir='ltr'><strong>ob</strong></span> <span class='ocrx_word' id='word_1_455' title='bbox 1747 3921 1861 3961; x_wconf 92' lang='lat' dir='ltr'><strong>rem</strong></span> <span class='ocrx_word' id='word_1_456' title='bbox 1884 3906 2129 3961; x_wconf 86' lang='lat' dir='ltr'><strong>Armenii</strong></span> <span class='ocrx_word' id='word_1_457' title='bbox 2147 3908 2448 3963; x_wconf 85' lang='lat' dir='ltr'><strong>Persarum</strong></span> <span class='ocrx_word' id='word_1_458' title='bbox 2475 3907 2792 3963; x_wconf 87' lang='lat' dir='ltr'><strong>incursione</strong></span> <span class='ocrx_word' id='word_1_459' title='bbox 2819 3908 3023 3974; x_wconf 76' lang='lat' dir='ltr'><strong>vexati,</strong></span> <span class='ocrx_word' id='word_1_460' title='bbox 3045 3908 3095 3962; x_wconf 91' lang='lat' dir='ltr'><strong>ei</strong></span> <span class='ocrx_word' id='word_1_461' title='bbox 3125 3910 3368 3964; x_wconf 90' lang='lat' dir='ltr'><strong>concilio</strong></span> <span class='ocrx_word' id='word_1_462' title='bbox 3391 3911 3644 3966; x_wconf 84' lang='lat' dir='ltr'><strong>interesse</strong></span> <span class='ocrx_word' id='word_1_463' title='bbox 3668 3927 3744 3965; x_wconf 89' lang='lat' dir='ltr'><strong>non</strong></span> 
     </span>
    </p>
   </div>
   <div class='ocr_carea' id='block_1_38' title="bbox 511 3995 3746 4066">
    <p class='ocr_par' dir='ltr' id='par_1_38' title="bbox 511 3995 3746 4066">
     <span class='ocr_line' id='line_1_38' title="bbox 511 3995 3746 4066; baseline 0.001 -16"><span class='ocrx_word' id='word_1_464' title='bbox 511 4004 830 4066; x_wconf 85' lang='lat' dir='ltr'><strong>potuerunt;</strong></span> <span class='ocrx_word' id='word_1_465' title='bbox 858 4007 1021 4066; x_wconf 88' lang='lat' dir='ltr'><strong>atque</strong></span> <span class='ocrx_word' id='word_1_466' title='bbox 1049 3996 1178 4050; x_wconf 92' lang='lat' dir='ltr'><strong>hinc</strong></span> <span class='ocrx_word' id='word_1_467' title='bbox 1210 3996 1437 4062; x_wconf 90' lang='lat' dir='ltr'><strong>accidit,</strong></span> <span class='ocrx_word' id='word_1_468' title='bbox 1476 4004 1538 4049; x_wconf 94' lang='lat' dir='ltr'><strong>ut</strong></span> <span class='ocrx_word' id='word_1_469' title='bbox 1573 4010 1742 4050; x_wconf 77' lang='lat' dir='ltr'><strong>verax</strong></span> <span class='ocrx_word' id='word_1_470' title='bbox 1789 3995 2008 4062; x_wconf 83' lang='lat' dir='ltr'><strong>concilii</strong></span> <span class='ocrx_word' id='word_1_471' title='bbox 2044 3996 2165 4065; x_wconf 90' lang='lat' dir='ltr'><strong>ejus</strong></span> <span class='ocrx_word' id='word_1_472' title='bbox 2205 3997 2400 4052; x_wconf 86' lang='lat' dir='ltr'><strong>relatio</strong></span> <span class='ocrx_word' id='word_1_473' title='bbox 2439 3997 2506 4051; x_wconf 89' lang='lat' dir='ltr'><strong>ad</strong></span> <span class='ocrx_word' id='word_1_474' title='bbox 2537 4012 2634 4052; x_wconf 91' lang='lat' dir='ltr'><strong>eos</strong></span> <span class='ocrx_word' id='word_1_475' title='bbox 2675 4012 2789 4054; x_wconf 91' lang='lat' dir='ltr'><strong>non</strong></span> <span class='ocrx_word' id='word_1_476' title='bbox 2828 3997 3132 4052; x_wconf 86' lang='lat' dir='ltr'><strong>devenerit.</strong></span> <span class='ocrx_word' id='word_1_477' title='bbox 3173 3997 3574 4063; x_wconf 79' lang='lat' dir='ltr'><strong>Nihilotamen</strong></span> <span class='ocrx_word' id='word_1_478' title='bbox 3611 4015 3746 4055; x_wconf 81' lang='lat' dir='ltr'><strong>minus</strong></span> 
     </span>
    </p>
   </div>
   <div class='ocr_carea' id='block_1_39' title="bbox 512 4083 3746 4156">
    <p class='ocr_par' dir='ltr' id='par_1_39' title="bbox 512 4083 3746 4156">
     <span class='ocr_line' id='line_1_39' title="bbox 512 4083 3746 4156; baseline 0 -16"><span class='ocrx_word' id='word_1_479' title='bbox 512 4084 756 4140; x_wconf 81' lang='lat' dir='ltr'><strong>Armenii</strong></span> <span class='ocrx_word' id='word_1_480' title='bbox 785 4084 1018 4138; x_wconf 83' lang='lat' dir='ltr'><strong>concilio</strong></span> <span class='ocrx_word' id='word_1_481' title='bbox 1052 4084 1129 4138; x_wconf 87' lang='lat' dir='ltr'><strong>illi</strong></span> <span class='ocrx_word' id='word_1_482' title='bbox 1167 4100 1280 4138; x_wconf 90' lang='lat' dir='ltr'><strong>non</strong></span> <span class='ocrx_word' id='word_1_483' title='bbox 1319 4093 1447 4139; x_wconf 91' lang='lat' dir='ltr'><strong>sunt</strong></span> <span class='ocrx_word' id='word_1_484' title='bbox 1495 4083 1804 4150; x_wconf 90' lang='lat' dir='ltr'><strong>adversati,</strong></span> <span class='ocrx_word' id='word_1_485' title='bbox 1852 4083 1961 4138; x_wconf 90' lang='lat' dir='ltr'><strong>imo</strong></span> <span class='ocrx_word' id='word_1_486' title='bbox 2021 4085 2402 4140; x_wconf 86' lang='lat' dir='ltr'><strong>auctoritatem</strong></span> <span class='ocrx_word' id='word_1_487' title='bbox 2463 4085 2584 4156; x_wconf 81' lang='lat' dir='ltr'><strong>ejus</strong></span> <span class='ocrx_word' id='word_1_488' title='bbox 2637 4094 2981 4156; x_wconf 86' lang='lat' dir='ltr'><strong>agnoverunt</strong></span> <span class='ocrx_word' id='word_1_489' title='bbox 3027 4102 3199 4156; x_wconf 85' lang='lat' dir='ltr'><strong>usque</strong></span> <span class='ocrx_word' id='word_1_490' title='bbox 3242 4088 3627 4146; x_wconf 88' lang='lat' dir='ltr'><strong>ad-Devinense</strong></span> <span class='ocrx_word' id='word_1_491' title='bbox 3650 4103 3746 4142; x_wconf 88' lang='lat' dir='ltr'><strong>con-</strong></span> 
     </span>
    </p>
   </div>
   <div class='ocr_carea' id='block_1_40' title="bbox 523 4171 3747 4244">
    <p class='ocr_par' dir='ltr' id='par_1_40' title="bbox 523 4171 3747 4244">
     <span class='ocr_line' id='line_1_40' title="bbox 523 4171 3747 4244; baseline -0.001 -17"><span class='ocrx_word' id='word_1_492' title='bbox 523 4172 864 4238; x_wconf 87' lang='lat' dir='ltr'><strong>ciliabulum,</strong></span> <span class='ocrx_word' id='word_1_493' title='bbox 897 4187 995 4242; x_wconf 90' lang='lat' dir='ltr'><strong>per</strong></span> <span class='ocrx_word' id='word_1_494' title='bbox 1029 4187 1206 4227; x_wconf 90' lang='lat' dir='ltr'><strong>annos</strong></span> <span class='ocrx_word' id='word_1_495' title='bbox 1243 4172 1348 4227; x_wconf 75' lang='lat'><strong>106</strong></span> <span class='ocrx_word' id='word_1_496' title='bbox 1375 4171 1474 4242; x_wconf 78' lang='lat'><strong>(5),</strong></span> <span class='ocrx_word' id='word_1_497' title='bbox 1503 4187 1703 4242; x_wconf 89' lang='lat' dir='ltr'><strong>nempe</strong></span> <span class='ocrx_word' id='word_1_498' title='bbox 1723 4188 1756 4227; x_wconf 88' lang='lat' dir='ltr'><strong>a</strong></span> <span class='ocrx_word' id='word_1_499' title='bbox 1785 4172 2030 4228; x_wconf 92' lang='lat' dir='ltr'><strong>secundo</strong></span> <span class='ocrx_word' id='word_1_500' title='bbox 2059 4173 2316 4230; x_wconf 83' lang='lat' dir='ltr'><strong>Marciani</strong></span> <span class='ocrx_word' id='word_1_501' title='bbox 2346 4188 2492 4229; x_wconf 87' lang='lat' dir='ltr'><strong>anno</strong></span> <span class='ocrx_word' id='word_1_502' title='bbox 2521 4188 2696 4243; x_wconf 90' lang='lat' dir='ltr'><strong>usque</strong></span> <span class='ocrx_word' id='word_1_503' title='bbox 2724 4173 2792 4228; x_wconf 86' lang='lat' dir='ltr'><strong>ad</strong></span> <span class='ocrx_word' id='word_1_504' title='bbox 2814 4172 3114 4244; x_wconf 76' lang='lat' dir='ltr'><strong>Iustiniani</strong></span> <span class='ocrx_word' id='word_1_505' title='bbox 3142 4174 3443 4241; x_wconf 84' lang='lat' dir='ltr'><strong>decimum,</strong></span> <span class='ocrx_word' id='word_1_506' title='bbox 3472 4185 3527 4231; x_wconf 91' lang='lat' dir='ltr'><strong>et</strong></span> <span class='ocrx_word' id='word_1_507' title='bbox 3550 4173 3747 4230; x_wconf 83' lang='lat' dir='ltr'><strong>Nersetis</strong></span> 
     </span>
    </p>
   </div>
   <div class='ocr_carea' id='block_1_41' title="bbox 516 4261 3749 4335">
    <p class='ocr_par' dir='ltr' id='par_1_41' title="bbox 516 4261 3749 4335">
     <span class='ocr_line' id='line_1_41' title="bbox 516 4261 3749 4335; baseline -0.001 -17"><span class='ocrx_word' id='word_1_508' title='bbox 516 4261 772 4318; x_wconf 86' lang='lat' dir='ltr'><strong>catholici</strong></span> <span class='ocrx_word' id='word_1_509' title='bbox 797 4261 1223 4318; x_wconf 85' lang='lat' dir='ltr'><strong>Ascitaracensis</strong></span> <span class='ocrx_word' id='word_1_510' title='bbox 1254 4270 1506 4329; x_wconf 82' lang='lat' dir='ltr'><strong>sextum,</strong></span> <span class='ocrx_word' id='word_1_511' title='bbox 1547 4263 1639 4333; x_wconf 92' lang='lat' dir='ltr'><strong>qui</strong></span> <span class='ocrx_word' id='word_1_512' title='bbox 1666 4263 1974 4318; x_wconf 89' lang='lat' dir='ltr'><strong>Devinense</strong></span> <span class='ocrx_word' id='word_1_513' title='bbox 2003 4263 2320 4334; x_wconf 70' lang='lat' dir='ltr'><strong>praedictum</strong></span> <span class='ocrx_word' id='word_1_514' title='bbox 2353 4263 2648 4321; x_wconf 87' lang='lat' dir='ltr'><strong>concilium</strong></span> <span class='ocrx_word' id='word_1_515' title='bbox 2679 4263 3028 4335; x_wconf 82' lang='lat' dir='ltr'><strong>congregavit</strong></span> <span class='ocrx_word' id='word_1_516' title='bbox 3064 4263 3162 4335; x_wconf 80' lang='grc' dir='ltr'>(ϐ),</span> <span class='ocrx_word' id='word_1_517' title='bbox 3211 4264 3398 4322; x_wconf 87' lang='lat' dir='ltr'><strong>Persis</strong></span> <span class='ocrx_word' id='word_1_518' title='bbox 3447 4265 3502 4319; x_wconf 91' lang='lat' dir='ltr'><strong>in</strong></span> <span class='ocrx_word' id='word_1_519' title='bbox 3537 4261 3749 4332; x_wconf 79' lang='lat' dir='ltr'><strong>Armenia</strong></span> 
     </span>
    </p>
   </div>
   <div class='ocr_carea' id='block_1_42' title="bbox 590 4463 2109 4536">
    <p class='ocr_par' dir='ltr' id='par_1_42' title="bbox 590 4463 2109 4536">
     <span class='ocr_line' id='line_1_42' title="bbox 590 4463 2109 4536; baseline 0.002 -18"><span class='ocrx_word' id='word_1_520' title='bbox 590 4463 666 4536; x_wconf 83' lang='lat'><strong>(‘5)</strong></span> <span class='ocrx_word' id='word_1_521' title='bbox 707 4463 763 4518; x_wconf 91' lang='lat' dir='ltr'><strong>Si</strong></span> <span class='ocrx_word' id='word_1_522' title='bbox 794 4464 1036 4519; x_wconf 86' lang='lat' dir='ltr'><strong>Ascenez</strong></span> <span class='ocrx_word' id='word_1_523' title='bbox 1081 4471 1210 4519; x_wconf 91' lang='lat' dir='ltr'><strong>sunt</strong></span> <span class='ocrx_word' id='word_1_524' title='bbox 1247 4464 1525 4526; x_wconf 91' lang='lat' dir='ltr'><strong>Armenii,</strong></span> <span class='ocrx_word' id='word_1_525' title='bbox 1570 4474 1894 4536; x_wconf 28' lang='lat' dir='ltr'><strong>utlapparet</strong></span> <span class='ocrx_word' id='word_1_526' title='bbox 1941 4465 2109 4521; x_wconf 90' lang='lat' dir='ltr'><strong>etiam</strong></span> 
     </span>
    </p>
   </div>
   <div class='ocr_carea' id='block_1_43' title="bbox 518 4535 2114 4605">
    <p class='ocr_par' dir='ltr' id='par_1_43' title="bbox 518 4535 2114 4605">
     <span class='ocr_line' id='line_1_43' title="bbox 518 4535 2114 4605; baseline 0 -13"><span class='ocrx_word' id='word_1_527' title='bbox 518 4535 898 4592; x_wconf 44' lang='lat' dir='ltr'><strong>cx&#39;llieremia</strong></span> <span class='ocrx_word' id='word_1_528' title='bbox 945 4551 1016 4601; x_wconf 82' lang='lat' dir='ltr'><strong>LI,</strong></span> <span class='ocrx_word' id='word_1_529' title='bbox 1068 4536 1170 4601; x_wconf 75' lang='grc'><strong>27,</strong></span> <span class='ocrx_word' id='word_1_530' title='bbox 1222 4551 1362 4590; x_wconf 86' lang='lat' dir='ltr'><strong>vana</strong></span> <span class='ocrx_word' id='word_1_531' title='bbox 1413 4543 1498 4590; x_wconf 92' lang='lat' dir='ltr'><strong>est</strong></span> <span class='ocrx_word' id='word_1_532' title='bbox 1544 4535 1827 4591; x_wconf 90' lang='lat' dir='ltr'><strong>conclusio</strong></span> <span class='ocrx_word' id='word_1_533' title='bbox 1862 4537 2114 4605; x_wconf 57' lang='lat' dir='ltr'><strong>disputa.</strong></span> 
     </span>
    </p>
   </div>
   <div class='ocr_carea' id='block_1_44' title="bbox 519 4606 2113 4676">
    <p class='ocr_par' dir='ltr' id='par_1_44' title="bbox 519 4606 2113 4676">
     <span class='ocr_line' id='line_1_44' title="bbox 519 4606 2113 4676; baseline 0.001 -15"><span class='ocrx_word' id='word_1_534' title='bbox 519 4609 684 4662; x_wconf 88' lang='lat' dir='ltr'><strong>tionis</strong></span> <span class='ocrx_word' id='word_1_535' title='bbox 717 4607 942 4660; x_wconf 76' lang='lat' dir='ltr'><strong>Calmeti</strong></span> <span class='ocrx_word' id='word_1_536' title='bbox 974 4607 1042 4661; x_wconf 90' lang='lat' dir='ltr'><strong>ad</strong></span> <span class='ocrx_word' id='word_1_537' title='bbox 1079 4606 1280 4661; x_wconf 88' lang='lat' dir='ltr'><strong>Genes.</strong></span> <span class='ocrx_word' id='word_1_538' title='bbox 1322 4624 1374 4671; x_wconf 82' lang='lat' dir='ltr'><strong>x,</strong></span> <span class='ocrx_word' id='word_1_539' title='bbox 1416 4607 1470 4667; x_wconf 80' lang='lat'><strong>‘5,</strong></span> <span class='ocrx_word' id='word_1_540' title='bbox 1499 4607 1594 4676; x_wconf 92' lang='lat' dir='ltr'><strong>qui</strong></span> <span class='ocrx_word' id='word_1_541' title='bbox 1633 4608 1880 4676; x_wconf 84' lang='lat' dir='ltr'><strong>Ascenez</strong></span> <span class='ocrx_word' id='word_1_542' title='bbox 1916 4608 2113 4662; x_wconf 80' lang='lat' dir='ltr'><strong>definit</strong></span> 
     </span>
    </p>
   </div>
   <div class='ocr_carea' id='block_1_45' title="bbox 519 4675 2120 4746">
    <p class='ocr_par' dir='ltr' id='par_1_45' title="bbox 519 4675 2120 4746">
     <span class='ocr_line' id='line_1_45' title="bbox 519 4675 2120 4746; baseline -0.001 -13"><span class='ocrx_word' id='word_1_543' title='bbox 519 4694 642 4733; x_wconf 84' lang='lat' dir='ltr'><strong>esse</strong></span> <span class='ocrx_word' id='word_1_544' title='bbox 663 4677 894 4746; x_wconf 85' lang='lat' dir='ltr'><strong>populos</strong></span> <span class='ocrx_word' id='word_1_545' title='bbox 917 4677 1238 4732; x_wconf 86' lang='lat' dir='ltr'><strong>Ascanticos</strong></span> <span class='ocrx_word' id='word_1_546' title='bbox 1255 4679 1399 4732; x_wconf 88' lang='lat' dir='ltr'><strong>circa</strong></span> <span class='ocrx_word' id='word_1_547' title='bbox 1425 4675 1672 4732; x_wconf 86' lang='lat' dir='ltr'><strong>Tanaim.</strong></span> <span class='ocrx_word' id='word_1_548' title='bbox 1693 4675 1922 4740; x_wconf 84' lang='lat' dir='ltr'><strong>Gravius</strong></span> <span class='ocrx_word' id='word_1_549' title='bbox 1938 4677 2120 4738; x_wconf 78' lang='lat' dir='ltr'><strong>adhuc</strong></span> 
     </span>
    </p>
   </div>
   <div class='ocr_carea' id='block_1_46' title="bbox 520 4747 2118 4804">
    <p class='ocr_par' dir='ltr' id='par_1_46' title="bbox 520 4747 2118 4804">
     <span class='ocr_line' id='line_1_46' title="bbox 520 4747 2118 4804; baseline -0.001 -2"><span class='ocrx_word' id='word_1_550' title='bbox 520 4749 844 4804; x_wconf 84' lang='lat' dir='ltr'><strong>allucinatnr</strong></span> <span class='ocrx_word' id='word_1_551' title='bbox 864 4747 1226 4804; x_wconf 85' lang='lat' dir='ltr'><strong>Combclisius</strong></span> <span class='ocrx_word' id='word_1_552' title='bbox 1249 4748 1303 4802; x_wconf 92' lang='lat' dir='ltr'><strong>in</strong></span> <span class='ocrx_word' id='word_1_553' title='bbox 1335 4747 1776 4802; x_wconf 86' lang='lat' dir='ltr'><strong>adnotationibus</strong></span> <span class='ocrx_word' id='word_1_554' title='bbox 1803 4749 1869 4801; x_wconf 89' lang='lat' dir='ltr'><strong>ad</strong></span> <span class='ocrx_word' id='word_1_555' title='bbox 1895 4747 2118 4803; x_wconf 79' lang='lat' dir='ltr'><strong>Joannis</strong></span> 
     </span>
    </p>
   </div>
   <div class='ocr_carea' id='block_1_47' title="bbox 2218 4462 3750 4535">
    <p class='ocr_par' dir='ltr' id='par_1_47' title="bbox 2218 4462 3750 4535">
     <span class='ocr_line' id='line_1_47' title="bbox 2218 4462 3750 4535; baseline -0.005 -15"><span class='ocrx_word' id='word_1_556' title='bbox 2218 4465 2364 4520; x_wconf 88' lang='lat' dir='ltr'><strong>illam</strong></span> <span class='ocrx_word' id='word_1_557' title='bbox 2403 4464 2459 4518; x_wconf 91' lang='lat' dir='ltr'><strong>in</strong></span> <span class='ocrx_word' id='word_1_558' title='bbox 2487 4462 2780 4518; x_wconf 88' lang='lat' dir='ltr'><strong>Abrahami</strong></span> <span class='ocrx_word' id='word_1_559' title='bbox 2810 4462 2830 4516; x_wconf 91' lang='lat' dir='ltr'><strong>l</strong></span> <span class='ocrx_word' id='word_1_560' title='bbox 2889 4463 3263 4535; x_wconf 86' lang='lat' dir='ltr'><strong>patriarchatu</strong></span> <span class='ocrx_word' id='word_1_561' title='bbox 3290 4473 3561 4535; x_wconf 86' lang='lat' dir='ltr'><strong>peractam</strong></span> <span class='ocrx_word' id='word_1_562' title='bbox 3582 4463 3750 4523; x_wconf 91' lang='lat' dir='ltr'><strong>dicunt,</strong></span> 
     </span>
    </p>
   </div>
   <div class='ocr_carea' id='block_1_48' title="bbox 2221 4534 3750 4611">
    <p class='ocr_par' dir='ltr' id='par_1_48' title="bbox 2221 4534 3750 4611">
     <span class='ocr_line' id='line_1_48' title="bbox 2221 4534 3750 4611; baseline -0.001 -22"><span class='ocrx_word' id='word_1_563' title='bbox 2221 4537 2315 4611; x_wconf 87' lang='lat' dir='ltr'><strong>qui</strong></span> <span class='ocrx_word' id='word_1_564' title='bbox 2346 4549 2492 4611; x_wconf 87' lang='lat' dir='ltr'><strong>anno</strong></span> <span class='ocrx_word' id='word_1_565' title='bbox 2524 4535 2631 4611; x_wconf 52' lang='lat' dir='ltr'><strong>55d</strong></span> <span class='ocrx_word' id='word_1_566' title='bbox 2660 4535 2871 4611; x_wconf 77' lang='lat' dir='ltr'><strong>electus</strong></span> <span class='ocrx_word' id='word_1_567' title='bbox 2907 4534 3029 4611; x_wconf 75' lang='lat' dir='ltr'><strong>fuit,</strong></span> <span class='ocrx_word' id='word_1_568' title='bbox 3057 4534 3364 4611; x_wconf 73' lang='lat' dir='ltr'><strong>et_Cyrioni</strong></span> <span class='ocrx_word' id='word_1_569' title='bbox 3394 4536 3655 4611; x_wconf 68' lang='lat' dir='ltr'><strong>lberorum</strong></span> <span class='ocrx_word' id='word_1_570' title='bbox 3679 4548 3750 4611; x_wconf 57' lang='lat' dir='ltr'><strong>pa:</strong></span> 
     </span>
    </p>
   </div>
   <div class='ocr_carea' id='block_1_49' title="bbox 2225 4602 3752 4674">
    <p class='ocr_par' dir='ltr' id='par_1_49' title="bbox 2225 4602 3752 4674">
     <span class='ocr_line' id='line_1_49' title="bbox 2225 4602 3752 4674; baseline -0.007 -12"><span class='ocrx_word' id='word_1_571' title='bbox 2225 4602 2478 4662; x_wconf 74' lang='lat' dir='ltr'><strong>triarcha:</strong></span> <span class='ocrx_word' id='word_1_572' title='bbox 2537 4606 2814 4660; x_wconf 84' lang='lat' dir='ltr'><strong>adversari</strong></span> <span class='ocrx_word' id='word_1_573' title='bbox 2857 4605 3026 4674; x_wconf 65' lang='lat' dir='ltr'><strong>erepit</strong></span> <span class='ocrx_word' id='word_1_574' title='bbox 3072 4602 3532 4661; x_wconf 84' lang='lat' dir='ltr'><strong>Chalcedonensis</strong></span> <span class='ocrx_word' id='word_1_575' title='bbox 3579 4602 3752 4674; x_wconf 86' lang='lat' dir='ltr'><strong>concilii</strong></span> 
     </span>
    </p>
   </div>
   <div class='ocr_carea' id='block_1_50' title="bbox 2222 4673 3752 4745">
    <p class='ocr_par' dir='ltr' id='par_1_50' title="bbox 2222 4673 3752 4745">
     <span class='ocr_line' id='line_1_50' title="bbox 2222 4673 3752 4745; baseline -0.005 -13"><span class='ocrx_word' id='word_1_576' title='bbox 2222 4676 2532 4737; x_wconf 87' lang='lat' dir='ltr'><strong>defensori;</strong></span> <span class='ocrx_word' id='word_1_577' title='bbox 2580 4675 2810 4744; x_wconf 88' lang='lat' dir='ltr'><strong>ideoque</strong></span> <span class='ocrx_word' id='word_1_578' title='bbox 2841 4673 3163 4745; x_wconf 73' lang='lat' dir='ltr'><strong>praedictum</strong></span> <span class='ocrx_word' id='word_1_579' title='bbox 3199 4677 3608 4731; x_wconf 87' lang='lat' dir='ltr'><strong>conciliabulum</strong></span> <span class='ocrx_word' id='word_1_580' title='bbox 3641 4673 3752 4726; x_wconf 85' lang='lat' dir='ltr'><strong>cele-</strong></span> 
     </span>
    </p>
   </div>
   <div class='ocr_carea' id='block_1_51' title="bbox 2221 4745 3754 4817">
    <p class='ocr_par' dir='ltr' id='par_1_51' title="bbox 2221 4745 3754 4817">
     <span class='ocr_line' id='line_1_51' title="bbox 2221 4745 3754 4817; baseline -0.007 -13"><span class='ocrx_word' id='word_1_581' title='bbox 2221 4747 2420 4811; x_wconf 85' lang='lat' dir='ltr'><strong>bravit,</strong></span> <span class='ocrx_word' id='word_1_582' title='bbox 2457 4755 2517 4800; x_wconf 93' lang='lat' dir='ltr'><strong>ut</strong></span> <span class='ocrx_word' id='word_1_583' title='bbox 2541 4745 2832 4817; x_wconf 83' lang='lat' dir='ltr'><strong>Cyrionem</strong></span> <span class='ocrx_word' id='word_1_584' title='bbox 2860 4749 3396 4817; x_wconf 80' lang='lat' dir='ltr'><strong>excommunicaret,</strong></span> <span class='ocrx_word' id='word_1_585' title='bbox 3429 4757 3584 4817; x_wconf 89' lang='lat' dir='ltr'><strong>atque</strong></span> <span class='ocrx_word' id='word_1_586' title='bbox 3624 4756 3754 4817; x_wconf 84' lang='lat' dir='ltr'><strong>unam</strong></span> 
     </span>
    </p>
   </div>
   <div class='ocr_carea' id='block_1_52' title="bbox 521 4817 2116 4888">
    <p class='ocr_par' dir='ltr' id='par_1_52' title="bbox 521 4817 2116 4888">
     <span class='ocr_line' id='line_1_52' title="bbox 521 4817 2116 4888; baseline 0.003 -18"><span class='ocrx_word' id='word_1_587' title='bbox 521 4819 730 4874; x_wconf 67' lang='lat' dir='ltr'><strong>Niczeni</strong></span> <span class='ocrx_word' id='word_1_588' title='bbox 762 4817 1044 4887; x_wconf 88' lang='lat' dir='ltr'><strong>epistolam</strong></span> <span class='ocrx_word' id='word_1_589' title='bbox 1079 4819 1168 4886; x_wconf 89' lang='lat' dir='ltr'><strong>(de</strong></span> <span class='ocrx_word' id='word_1_590' title='bbox 1199 4835 1302 4887; x_wconf 87' lang='lat' dir='ltr'><strong>qua</strong></span> <span class='ocrx_word' id='word_1_591' title='bbox 1327 4834 1427 4872; x_wconf 85' lang='lat' dir='ltr'><strong>nos</strong></span> <span class='ocrx_word' id='word_1_592' title='bbox 1457 4828 1605 4872; x_wconf 92' lang='lat' dir='ltr'><strong>retro</strong></span> <span class='ocrx_word' id='word_1_593' title='bbox 1641 4834 1694 4887; x_wconf 92' lang='lat' dir='ltr'><strong>p.</strong></span> <span class='ocrx_word' id='word_1_594' title='bbox 1719 4818 1852 4888; x_wconf 62' lang='lat' dir='ltr'><strong>hil)</strong></span> <span class='ocrx_word' id='word_1_595' title='bbox 1888 4819 1980 4888; x_wconf 87' lang='lat' dir='ltr'><strong>qui</strong></span> <span class='ocrx_word' id='word_1_596' title='bbox 2014 4835 2116 4873; x_wconf 83' lang='lat' dir='ltr'><strong>vo-</strong></span> 
     </span>
    </p>
   </div>
   <div class='ocr_carea' id='block_1_53' title="bbox 523 4887 2116 4950">
    <p class='ocr_par' dir='ltr' id='par_1_53' title="bbox 523 4887 2116 4950">
     <span class='ocr_line' id='line_1_53' title="bbox 523 4887 2116 4950; baseline 0 -7"><span class='ocrx_word' id='word_1_597' title='bbox 523 4889 778 4943; x_wconf 90' lang='lat' dir='ltr'><strong>cabulum</strong></span> <span class='ocrx_word' id='word_1_598' title='bbox 811 4888 944 4942; x_wconf 80' lang='lat' dir='ltr'><strong>Azat</strong></span> <span class='ocrx_word' id='word_1_599' title='bbox 984 4890 1051 4944; x_wconf 90' lang='lat' dir='ltr'><strong>de</strong></span> <span class='ocrx_word' id='word_1_600' title='bbox 1080 4889 1356 4944; x_wconf 87' lang='lat' dir='ltr'><strong>Armeniis</strong></span> <span class='ocrx_word' id='word_1_601' title='bbox 1386 4889 1614 4950; x_wconf 90' lang='lat' dir='ltr'><strong>dictum,</strong></span> <span class='ocrx_word' id='word_1_602' title='bbox 1642 4887 1922 4944; x_wconf 79' lang='lat' dir='ltr'><strong>existimat</strong></span> <span class='ocrx_word' id='word_1_603' title='bbox 1944 4891 2116 4945; x_wconf 89' lang='lat' dir='ltr'><strong>inter-</strong></span> 
     </span>
    </p>
   </div>
   <div class='ocr_carea' id='block_1_54' title="bbox 523 4959 2115 5030">
    <p class='ocr_par' dir='ltr' id='par_1_54' title="bbox 523 4959 2115 5030">
     <span class='ocr_line' id='line_1_54' title="bbox 523 4959 2115 5030; baseline 0.004 -20"><span class='ocrx_word' id='word_1_604' title='bbox 523 4959 852 5027; x_wconf 88' lang='lat' dir='ltr'><strong>pretandum</strong></span> <span class='ocrx_word' id='word_1_605' title='bbox 880 4975 1002 5014; x_wconf 92' lang='lat' dir='ltr'><strong>esse</strong></span> <span class='ocrx_word' id='word_1_606' title='bbox 1041 4961 1309 5030; x_wconf 82' lang='grc' dir='ltr'><strong>ἀσκητάς,</strong></span> <span class='ocrx_word' id='word_1_607' title='bbox 1375 4959 1637 5030; x_wconf 60' lang='lat' dir='ltr'><strong>religiosa;</strong></span> <span class='ocrx_word' id='word_1_608' title='bbox 1685 4960 1807 5030; x_wconf 75' lang='lat' dir='ltr'><strong>vita:</strong></span> <span class='ocrx_word' id='word_1_609' title='bbox 1853 4962 2115 5024; x_wconf 86' lang='lat' dir='ltr'><strong>homines;</strong></span> 
     </span>
    </p>
   </div>
   <div class='ocr_carea' id='block_1_55' title="bbox 523 5029 2120 5101">
    <p class='ocr_par' dir='ltr' id='par_1_55' title="bbox 523 5029 2120 5101">
     <span class='ocr_line' id='line_1_55' title="bbox 523 5029 2120 5101; baseline 0.004 -21"><span class='ocrx_word' id='word_1_610' title='bbox 523 5043 650 5101; x_wconf 78' lang='lat' dir='ltr'><strong>cum</strong></span> <span class='ocrx_word' id='word_1_611' title='bbox 699 5031 1062 5101; x_wconf 9' lang='lat' dir='ltr'><strong>contragAzat</strong></span> <span class='ocrx_word' id='word_1_612' title='bbox 1101 5029 1428 5086; x_wconf 71' lang='lat' dir='ltr'><strong>Artneniace</strong></span> <span class='ocrx_word' id='word_1_613' title='bbox 1466 5029 1737 5101; x_wconf 81' lang='lat' dir='ltr'><strong>Signiﬁcet</strong></span> <span class='ocrx_word' id='word_1_614' title='bbox 1777 5029 1954 5085; x_wconf 67' lang='lat' dir='ltr'><strong>liberte</strong></span> <span class='ocrx_word' id='word_1_615' title='bbox 1993 5049 2120 5086; x_wconf 89' lang='lat' dir='ltr'><strong>con-</strong></span> 
     </span>
    </p>
   </div>
   <div class='ocr_carea' id='block_1_56' title="bbox 529 5098 1476 5167">
    <p class='ocr_par' dir='ltr' id='par_1_56' title="bbox 529 5098 1476 5167">
     <span class='ocr_line' id='line_1_56' title="bbox 529 5098 1476 5167; baseline 0.003 -17"><span class='ocrx_word' id='word_1_616' title='bbox 529 5098 743 5151; x_wconf 86' lang='lat' dir='ltr'><strong>ditionis</strong></span> <span class='ocrx_word' id='word_1_617' title='bbox 771 5099 1002 5154; x_wconf 84' lang='lat' dir='ltr'><strong>homines</strong></span> <span class='ocrx_word' id='word_1_618' title='bbox 1036 5116 1134 5155; x_wconf 90' lang='lat' dir='ltr'><strong>seu</strong></span> <span class='ocrx_word' id='word_1_619' title='bbox 1173 5102 1476 5167; x_wconf 85' lang='lat' dir='ltr'><strong>optimates.</strong></span> 
     </span>
    </p>
   </div>
   <div class='ocr_carea' id='block_1_57' title="bbox 605 5167 2106 5242">
    <p class='ocr_par' dir='ltr' id='par_1_57' title="bbox 605 5167 2106 5242">
     <span class='ocr_line' id='line_1_57' title="bbox 605 5167 2106 5242; baseline 0.005 -23"><span class='ocrx_word' id='word_1_620' title='bbox 605 5167 680 5242; x_wconf 60' lang='grc'>(4)</span> <span class='ocrx_word' id='word_1_621' title='bbox 721 5168 982 5242; x_wconf 79' lang='lat' dir='ltr'><strong>Leontius</strong></span> <span class='ocrx_word' id='word_1_622' title='bbox 1009 5171 1234 5242; x_wconf 83' lang='lat' dir='ltr'><strong>insignis</strong></span> <span class='ocrx_word' id='word_1_623' title='bbox 1276 5173 1418 5241; x_wconf 84' lang='lat' dir='ltr'><strong>apud</strong></span> <span class='ocrx_word' id='word_1_624' title='bbox 1453 5172 1745 5228; x_wconf 88' lang='lat' dir='ltr'><strong>Armenios</strong></span> <span class='ocrx_word' id='word_1_625' title='bbox 1779 5171 1926 5225; x_wconf 91' lang='lat' dir='ltr'><strong>illius</strong></span> <span class='ocrx_word' id='word_1_626' title='bbox 1962 5181 2106 5227; x_wconf 90' lang='lat' dir='ltr'><strong>tem-</strong></span> 
     </span>
    </p>
   </div>
   <div class='ocr_carea' id='block_1_58' title="bbox 528 5239 2121 5313">
    <p class='ocr_par' dir='ltr' id='par_1_58' title="bbox 528 5239 2121 5313">
     <span class='ocr_line' id='line_1_58' title="bbox 528 5239 2121 5313; baseline 0.006 -25"><span class='ocrx_word' id='word_1_627' title='bbox 528 5239 679 5306; x_wconf 89' lang='lat' dir='ltr'><strong>poris</strong></span> <span class='ocrx_word' id='word_1_628' title='bbox 705 5239 976 5313; x_wconf 61' lang='lat' dir='ltr'><strong>sacerdos,</strong></span> <span class='ocrx_word' id='word_1_629' title='bbox 1009 5241 1100 5309; x_wconf 92' lang='lat' dir='ltr'><strong>qui</strong></span> <span class='ocrx_word' id='word_1_630' title='bbox 1122 5239 1253 5295; x_wconf 70' lang='lat' dir='ltr'><strong>cum</strong></span> <span class='ocrx_word' id='word_1_631' title='bbox 1284 5239 1500 5313; x_wconf 67' lang='lat' dir='ltr'><strong>caeteris</strong></span> <span class='ocrx_word' id='word_1_632' title='bbox 1529 5259 1722 5297; x_wconf 89' lang='lat' dir='ltr'><strong>necem</strong></span> <span class='ocrx_word' id='word_1_633' title='bbox 1754 5242 1901 5296; x_wconf 89' lang='lat' dir='ltr'><strong>illam</strong></span> <span class='ocrx_word' id='word_1_634' title='bbox 1924 5243 2121 5313; x_wconf 89' lang='lat' dir='ltr'><strong>glorio-</strong></span> 
     </span>
    </p>
   </div>
   <div class='ocr_carea' id='block_1_59' title="bbox 534 5301 2110 5382">
    <p class='ocr_par' dir='ltr' id='par_1_59' title="bbox 534 5301 2110 5382">
     <span class='ocr_line' id='line_1_59' title="bbox 534 5301 2110 5382; baseline 0.006 -23"><span class='ocrx_word' id='word_1_635' title='bbox 534 5301 652 5360; x_wconf 76' lang='lat' dir='ltr'><strong>sam</strong></span> <span class='ocrx_word' id='word_1_636' title='bbox 690 5306 938 5382; x_wconf 88' lang='lat' dir='ltr'><strong>a_Pe_rsis</strong></span> <span class='ocrx_word' id='word_1_637' title='bbox 965 5301 1158 5382; x_wconf 81' lang='lat' dir='ltr'><strong>passus</strong></span> <span class='ocrx_word' id='word_1_638' title='bbox 1189 5321 1302 5377; x_wconf 90' lang='lat' dir='ltr'><strong>est,</strong></span> <span class='ocrx_word' id='word_1_639' title='bbox 1342 5301 1509 5382; x_wconf 74' lang='lat' dir='ltr'><strong>qua&#39;m</strong></span> <span class='ocrx_word' id='word_1_640' title='bbox 1552 5314 1831 5370; x_wconf 87' lang='lat' dir='ltr'><strong>luculenta</strong></span> <span class='ocrx_word' id='word_1_641' title='bbox 1881 5301 2110 5369; x_wconf 48' lang='lat' dir='ltr'><strong>historia</strong></span> 
     </span>
    </p>
   </div>
   <div class='ocr_carea' id='block_1_60' title="bbox 529 5379 1378 5437">
    <p class='ocr_par' dir='ltr' id='par_1_60' title="bbox 529 5379 1378 5437">
     <span class='ocr_line' id='line_1_60' title="bbox 529 5379 1378 5437; baseline 0.007 -6"><span class='ocrx_word' id='word_1_642' title='bbox 529 5379 772 5431; x_wconf 84' lang='lat' dir='ltr'><strong>narravit</strong></span> <span class='ocrx_word' id='word_1_643' title='bbox 803 5379 1094 5434; x_wconf 88' lang='lat' dir='ltr'><strong>Armenius</strong></span> <span class='ocrx_word' id='word_1_644' title='bbox 1137 5379 1378 5437; x_wconf 66' lang='lat' dir='ltr'><strong>Elis-.cus.</strong></span> 
     </span>
    </p>
   </div>
   <div class='ocr_carea' id='block_1_61' title="bbox 603 5447 1261 5518">
    <p class='ocr_par' dir='ltr' id='par_1_61' title="bbox 603 5447 1261 5518">
     <span class='ocr_line' id='line_1_61' title="bbox 603 5447 1261 5518; baseline 0.005 -17"><span class='ocrx_word' id='word_1_645' title='bbox 603 5447 680 5518; x_wconf 79' lang='grc'><strong>(5)</strong></span> <span class='ocrx_word' id='word_1_646' title='bbox 719 5447 855 5506; x_wconf 88' lang='lat' dir='ltr'><strong>Cod.</strong></span> <span class='ocrx_word' id='word_1_647' title='bbox 886 5454 1146 5506; x_wconf 89' lang='lat' dir='ltr'><strong>mendose</strong></span> <span class='ocrx_word' id='word_1_648' title='bbox 1175 5451 1261 5505; x_wconf 73' lang='grc'><strong>74.</strong></span> 
     </span>
    </p>
   </div>
   <div class='ocr_carea' id='block_1_62' title="bbox 605 5519 2118 5595">
    <p class='ocr_par' dir='ltr' id='par_1_62' title="bbox 605 5519 2118 5595">
     <span class='ocr_line' id='line_1_62' title="bbox 605 5519 2118 5595; baseline 0.007 -25"><span class='ocrx_word' id='word_1_649' title='bbox 605 5519 680 5588; x_wconf 85' lang='grc'>(6)</span> <span class='ocrx_word' id='word_1_650' title='bbox 718 5519 960 5595; x_wconf 54' lang='lat' dir='ltr'><strong>pelanus</strong></span> <span class='ocrx_word' id='word_1_651' title='bbox 986 5519 1520 5595; x_wconf 80' lang='lat' dir='ltr'><strong>quidem_,_Villottus,</strong></span> <span class='ocrx_word' id='word_1_652' title='bbox 1551 5527 1612 5595; x_wconf 60' lang='lat' dir='ltr'><strong>ist</strong></span> <span class='ocrx_word' id='word_1_653' title='bbox 1644 5523 1963 5595; x_wconf 89' lang='lat' dir='ltr'><strong>Lequinius,</strong></span> <span class='ocrx_word' id='word_1_654' title='bbox 1993 5526 2118 5580; x_wconf 83' lang='lat' dir='ltr'><strong>freti</strong></span> 
     </span>
    </p>
   </div>
   <div class='ocr_carea' id='block_1_63' title="bbox 536 5586 2118 5670">
    <p class='ocr_par' dir='ltr' id='par_1_63' title="bbox 536 5586 2118 5670">
     <span class='ocr_line' id='line_1_63' title="bbox 536 5586 2118 5670; baseline 0.006 -30"><span class='ocrx_word' id='word_1_655' title='bbox 536 5586 1137 5670; x_wconf 39' lang='lat' dir='ltr'><strong>histericisnArrneniis</strong></span> <span class='ocrx_word' id='word_1_656' title='bbox 1168 5586 1657 5670; x_wconf 62' lang='lat' dir='ltr'><strong>aliquo_t,_quort}tn</strong></span> <span class='ocrx_word' id='word_1_657' title='bbox 1692 5586 1989 5670; x_wconf 70' lang='lat' dir='ltr'><strong>notitiaad</strong></span> <span class='ocrx_word' id='word_1_658' title='bbox 2022 5612 2118 5670; x_wconf 84' lang='lat' dir='ltr'><strong>eos</strong></span> 
     </span>
    </p>
   </div>
   <div class='ocr_carea' id='block_1_64' title="bbox 535 5660 2116 5728">
    <p class='ocr_par' dir='ltr' id='par_1_64' title="bbox 535 5660 2116 5728">
     <span class='ocr_line' id='line_1_64' title="bbox 535 5660 2116 5728; baseline 0.007 -19"><span class='ocrx_word' id='word_1_659' title='bbox 535 5660 802 5728; x_wconf 84' lang='lat' dir='ltr'><strong>pervenit,</strong></span> <span class='ocrx_word' id='word_1_660' title='bbox 832 5660 1136 5716; x_wconf 81' lang='lat' dir='ltr'><strong>Devinense</strong></span> <span class='ocrx_word' id='word_1_661' title='bbox 1163 5660 1580 5720; x_wconf 80' lang='lat' dir='ltr'><strong>conciliabulum</strong></span> <span class='ocrx_word' id='word_1_662' title='bbox 1613 5660 1675 5728; x_wconf 76' lang='lat' dir='ltr'><strong>in</strong></span> <span class='ocrx_word' id='word_1_663' title='bbox 1701 5665 1939 5721; x_wconf 83' lang='lat' dir='ltr'><strong>Nersctis</strong></span> <span class='ocrx_word' id='word_1_664' title='bbox 1963 5667 2116 5722; x_wconf 89' lang='lat' dir='ltr'><strong>Asci-</strong></span> 
     </span>
    </p>
   </div>
   <div class='ocr_carea' id='block_1_65' title="bbox 546 5727 2115 5807">
    <p class='ocr_par' dir='ltr' id='par_1_65' title="bbox 546 5727 2115 5807">
     <span class='ocr_line' id='line_1_65' title="bbox 546 5727 2115 5807; baseline 0.006 -27"><span class='ocrx_word' id='word_1_665' title='bbox 546 5731 842 5807; x_wconf 73' lang='lat' dir='ltr'><strong>taracensis</strong></span> <span class='ocrx_word' id='word_1_666' title='bbox 870 5732 1236 5807; x_wconf 68' lang='lat' dir='ltr'><strong>patt&#39;iarchatu</strong></span> <span class='ocrx_word' id='word_1_667' title='bbox 1269 5734 1554 5807; x_wconf 89' lang='lat' dir='ltr'><strong>collocant.</strong></span> <span class='ocrx_word' id='word_1_668' title='bbox 1587 5727 1697 5792; x_wconf 70' lang='lat' dir='ltr'><strong>Sed</strong></span> <span class='ocrx_word' id='word_1_669' title='bbox 1739 5745 1923 5807; x_wconf 68' lang='lat' dir='ltr'><strong>mmen</strong></span> <span class='ocrx_word' id='word_1_670' title='bbox 1953 5752 2115 5790; x_wconf 87' lang='lat' dir='ltr'><strong>vera—</strong></span> 
     </span>
    </p>
   </div>
   <div class='ocr_carea' id='block_1_66' title="bbox 541 5803 2114 5878">
    <p class='ocr_par' dir='ltr' id='par_1_66' title="bbox 541 5803 2114 5878">
     <span class='ocr_line' id='line_1_66' title="bbox 541 5803 2114 5878; baseline 0.01 -27"><span class='ocrx_word' id='word_1_671' title='bbox 541 5803 717 5854; x_wconf 82' lang='lat' dir='ltr'><strong>(iores</strong></span> <span class='ocrx_word' id='word_1_672' title='bbox 750 5811 805 5856; x_wconf 89' lang='lat' dir='ltr'><strong>et</strong></span> <span class='ocrx_word' id='word_1_673' title='bbox 829 5803 1103 5874; x_wconf 77' lang='lat' dir='ltr'><strong>graviores</strong></span> <span class='ocrx_word' id='word_1_674' title='bbox 1141 5804 1383 5862; x_wconf 71' lang='lat' dir='ltr'><strong>historiae</strong></span> <span class='ocrx_word' id='word_1_675' title='bbox 1410 5816 1610 5864; x_wconf 81' lang='lat' dir='ltr'><strong>nostrae</strong></span> <span class='ocrx_word' id='word_1_676' title='bbox 1639 5806 1964 5878; x_wconf 56' lang='lat' dir='ltr'><strong>scriptores,</strong></span> <span class='ocrx_word' id='word_1_677' title='bbox 1997 5822 2114 5862; x_wconf 83' lang='lat' dir='ltr'><strong>rem</strong></span> 
     </span>
    </p>
   </div>
   <div class='ocr_carea' id='block_1_67' title="bbox 2221 4814 3756 4882">
    <p class='ocr_par' dir='ltr' id='par_1_67' title="bbox 2221 4814 3756 4882">
     <span class='ocr_line' id='line_1_67' title="bbox 2221 4814 3756 4882; baseline -0.006 -9"><span class='ocrx_word' id='word_1_678' title='bbox 2221 4833 2343 4873; x_wconf 91' lang='lat' dir='ltr'><strong>esse</strong></span> <span class='ocrx_word' id='word_1_679' title='bbox 2381 4814 2702 4872; x_wconf 82' lang='lat' dir='ltr'><strong>decerneret</strong></span> <span class='ocrx_word' id='word_1_680' title='bbox 2735 4817 2942 4870; x_wconf 85' lang='lat' dir='ltr'><strong>Christi</strong></span> <span class='ocrx_word' id='word_1_681' title='bbox 2987 4816 3121 4871; x_wconf 79' lang='lat' dir='ltr'><strong>Jesu</strong></span> <span class='ocrx_word' id='word_1_682' title='bbox 3159 4827 3431 4880; x_wconf 89' lang='lat' dir='ltr'><strong>naturam,</strong></span> <span class='ocrx_word' id='word_1_683' title='bbox 3472 4814 3524 4872; x_wconf 77' lang='lat' dir='ltr'><strong>et</strong></span> <span class='ocrx_word' id='word_1_684' title='bbox 3560 4814 3756 4882; x_wconf 84' lang='lat' dir='ltr'><strong>denique</strong></span> 
     </span>
    </p>
   </div>
   <div class='ocr_carea' id='block_1_68' title="bbox 2221 4886 3754 4958">
    <p class='ocr_par' dir='ltr' id='par_1_68' title="bbox 2221 4886 3754 4958">
     <span class='ocr_line' id='line_1_68' title="bbox 2221 4886 3754 4958; baseline -0.006 -15"><span class='ocrx_word' id='word_1_685' title='bbox 2221 4889 2425 4958; x_wconf 82' lang='lat' dir='ltr'><strong>trisagii</strong></span> <span class='ocrx_word' id='word_1_686' title='bbox 2449 4887 2794 4941; x_wconf 90' lang='lat' dir='ltr'><strong>notissimum</strong></span> <span class='ocrx_word' id='word_1_687' title='bbox 2819 4887 2949 4942; x_wconf 82' lang='lat' dir='ltr'><strong>illud</strong></span> <span class='ocrx_word' id='word_1_688' title='bbox 2969 4887 3398 4943; x_wconf 90' lang='lat' dir='ltr'><strong>additamentum</strong></span> <span class='ocrx_word' id='word_1_689' title='bbox 3422 4888 3538 4943; x_wconf 90' lang='lat' dir='ltr'><strong>cani</strong></span> <span class='ocrx_word' id='word_1_690' title='bbox 3556 4886 3754 4954; x_wconf 78' lang='lat' dir='ltr'><strong>iuberet.</strong></span> 
     </span>
    </p>
   </div>
   <div class='ocr_carea' id='block_1_69' title="bbox 2220 4958 3756 5039">
    <p class='ocr_par' dir='ltr' id='par_1_69' title="bbox 2220 4958 3756 5039">
     <span class='ocr_line' id='line_1_69' title="bbox 2220 4958 3756 5039; baseline -0.006 -24"><span class='ocrx_word' id='word_1_691' title='bbox 2220 4958 2994 5039; x_wconf 28' lang='lat' dir='ltr'><strong>constatinsuper‘lihrorum</strong></span> <span class='ocrx_word' id='word_1_692' title='bbox 3025 4959 3410 5039; x_wconf 63' lang='lat' dir='ltr'><strong>haereticorum</strong></span> <span class='ocrx_word' id='word_1_693' title='bbox 3435 4959 3570 5039; x_wconf 83' lang='lat' dir='ltr'><strong>apud</strong></span> <span class='ocrx_word' id='word_1_694' title='bbox 3597 4958 3756 5039; x_wconf 49' lang='lat' dir='ltr'><strong>Anne:</strong></span> 
     </span>
    </p>
   </div>
   <div class='ocr_carea' id='block_1_70' title="bbox 2221 5023 3756 5098">
    <p class='ocr_par' dir='ltr' id='par_1_70' title="bbox 2221 5023 3756 5098">
     <span class='ocr_line' id='line_1_70' title="bbox 2221 5023 3756 5098; baseline -0.007 -14"><span class='ocrx_word' id='word_1_695' title='bbox 2221 5031 2343 5085; x_wconf 91' lang='lat' dir='ltr'><strong>nios</strong></span> <span class='ocrx_word' id='word_1_696' title='bbox 2395 5023 2928 5098; x_wconf 76' lang='lat' dir='ltr'><strong>interpretationem,</strong></span> <span class='ocrx_word' id='word_1_697' title='bbox 2978 5044 3140 5098; x_wconf 89' lang='lat' dir='ltr'><strong>quam</strong></span> <span class='ocrx_word' id='word_1_698' title='bbox 3183 5025 3411 5084; x_wconf 79' lang='lat' dir='ltr'><strong>Pliotius</strong></span> <span class='ocrx_word' id='word_1_699' title='bbox 3463 5023 3514 5081; x_wconf 87' lang='lat' dir='ltr'><strong>in</strong></span> <span class='ocrx_word' id='word_1_700' title='bbox 3568 5023 3756 5096; x_wconf 85' lang='lat' dir='ltr'><strong>epistola</strong></span> 
     </span>
    </p>
   </div>
   <div class='ocr_carea' id='block_1_71' title="bbox 2221 5099 3745 5169">
    <p class='ocr_par' dir='ltr' id='par_1_71' title="bbox 2221 5099 3745 5169">
     <span class='ocr_line' id='line_1_71' title="bbox 2221 5099 3745 5169; baseline 0 -14"><span class='ocrx_word' id='word_1_701' title='bbox 2221 5109 2508 5164; x_wconf 87' lang='lat' dir='ltr'><strong>memorat,</strong></span> <span class='ocrx_word' id='word_1_702' title='bbox 2534 5100 2638 5153; x_wconf 89' lang='lat' dir='ltr'><strong>sub</strong></span> <span class='ocrx_word' id='word_1_703' title='bbox 2663 5099 2975 5153; x_wconf 86' lang='lat' dir='ltr'><strong>Abrahamo</strong></span> <span class='ocrx_word' id='word_1_704' title='bbox 3007 5101 3313 5169; x_wconf 85' lang='lat' dir='ltr'><strong>patriarcha</strong></span> <span class='ocrx_word' id='word_1_705' title='bbox 3337 5101 3498 5154; x_wconf 86' lang='lat' dir='ltr'><strong>fuisse</strong></span> <span class='ocrx_word' id='word_1_706' title='bbox 3518 5106 3745 5169; x_wconf 70' lang='lat' dir='ltr'><strong>curatam.</strong></span> 
     </span>
    </p>
   </div>
   <div class='ocr_carea' id='block_1_72' title="bbox 2224 5165 3756 5241">
    <p class='ocr_par' dir='ltr' id='par_1_72' title="bbox 2224 5165 3756 5241">
     <span class='ocr_line' id='line_1_72' title="bbox 2224 5165 3756 5241; baseline -0.006 -17"><span class='ocrx_word' id='word_1_707' title='bbox 2224 5170 2419 5241; x_wconf 74' lang='lat' dir='ltr'><strong>Syrum</strong></span> <span class='ocrx_word' id='word_1_708' title='bbox 2453 5185 2584 5224; x_wconf 84' lang='lat' dir='ltr'><strong>vero</strong></span> <span class='ocrx_word' id='word_1_709' title='bbox 2623 5170 2938 5241; x_wconf 88' lang='lat' dir='ltr'><strong>Abdiscium</strong></span> <span class='ocrx_word' id='word_1_710' title='bbox 2964 5165 3246 5224; x_wconf 53' lang='lat' dir='ltr'><strong>a&#39;Nersete</strong></span> <span class='ocrx_word' id='word_1_711' title='bbox 3280 5171 3421 5225; x_wconf 88' lang='lat' dir='ltr'><strong>haud</strong></span> <span class='ocrx_word' id='word_1_712' title='bbox 3453 5170 3654 5240; x_wconf 88' lang='lat' dir='ltr'><strong>quidem</strong></span> <span class='ocrx_word' id='word_1_713' title='bbox 3676 5165 3756 5240; x_wconf 45' lang='lat' dir='ltr'><strong>As:</strong></span> 
     </span>
    </p>
   </div>
   <div class='ocr_carea' id='block_1_73' title="bbox 2221 5240 3757 5310">
    <p class='ocr_par' dir='ltr' id='par_1_73' title="bbox 2221 5240 3757 5310">
     <span class='ocr_line' id='line_1_73' title="bbox 2221 5240 3757 5310; baseline -0.007 -13"><span class='ocrx_word' id='word_1_714' title='bbox 2221 5240 2541 5297; x_wconf 87' lang='lat' dir='ltr'><strong>citaracensi</strong></span> <span class='ocrx_word' id='word_1_715' title='bbox 2585 5242 2677 5294; x_wconf 88' lang='lat' dir='ltr'><strong>sed</strong></span> <span class='ocrx_word' id='word_1_716' title='bbox 2723 5240 2996 5310; x_wconf 86' lang='lat' dir='ltr'><strong>Scinogho</strong></span> <span class='ocrx_word' id='word_1_717' title='bbox 3041 5241 3212 5295; x_wconf 91' lang='lat' dir='ltr'><strong>fuisse</strong></span> <span class='ocrx_word' id='word_1_718' title='bbox 3257 5249 3638 5300; x_wconf 88' lang='lat' dir='ltr'><strong>consecratum,</strong></span> <span class='ocrx_word' id='word_1_719' title='bbox 3668 5248 3757 5310; x_wconf 87' lang='lat' dir='ltr'><strong>_qut</strong></span> 
     </span>
    </p>
   </div>
   <div class='ocr_carea' id='block_1_74' title="bbox 2221 5307 3756 5382">
    <p class='ocr_par' dir='ltr' id='par_1_74' title="bbox 2221 5307 3756 5382">
     <span class='ocr_line' id='line_1_74' title="bbox 2221 5307 3756 5382; baseline -0.008 -14"><span class='ocrx_word' id='word_1_720' title='bbox 2221 5312 2441 5368; x_wconf 86' lang='lat' dir='ltr'><strong>nonnisi</strong></span> <span class='ocrx_word' id='word_1_721' title='bbox 2471 5326 2616 5364; x_wconf 89' lang='lat' dir='ltr'><strong>anno</strong></span> <span class='ocrx_word' id='word_1_722' title='bbox 2629 5311 2732 5366; x_wconf 68' lang='grc'><strong>640</strong></span> <span class='ocrx_word' id='word_1_723' title='bbox 2761 5307 3048 5382; x_wconf 78' lang='lat' dir='ltr'><strong>ordinatus</strong></span> <span class='ocrx_word' id='word_1_724' title='bbox 3075 5311 3199 5372; x_wconf 88' lang='lat' dir='ltr'><strong>fuit,</strong></span> <span class='ocrx_word' id='word_1_725' title='bbox 3241 5322 3295 5366; x_wconf 91' lang='lat' dir='ltr'><strong>et</strong></span> <span class='ocrx_word' id='word_1_726' title='bbox 3327 5307 3756 5382; x_wconf 79' lang='lat' dir='ltr'><strong>pseudosynodum</strong></span> 
     </span>
    </p>
   </div>
   <div class='ocr_carea' id='block_1_75' title="bbox 2221 5380 3756 5452">
    <p class='ocr_par' dir='ltr' id='par_1_75' title="bbox 2221 5380 3756 5452">
     <span class='ocr_line' id='line_1_75' title="bbox 2221 5380 3756 5452; baseline -0.004 -16"><span class='ocrx_word' id='word_1_727' title='bbox 2221 5382 2413 5437; x_wconf 88' lang='lat' dir='ltr'><strong>Dcvini</strong></span> <span class='ocrx_word' id='word_1_728' title='bbox 2443 5382 2783 5452; x_wconf 83' lang='lat' dir='ltr'><strong>convocavit.</strong></span> <span class='ocrx_word' id='word_1_729' title='bbox 2812 5380 2949 5446; x_wconf 86' lang='lat' dir='ltr'><strong>Quia</strong></span> <span class='ocrx_word' id='word_1_730' title='bbox 3001 5398 3151 5452; x_wconf 80' lang='lat' dir='ltr'><strong>ergo,</strong></span> <span class='ocrx_word' id='word_1_731' title='bbox 3183 5380 3344 5452; x_wconf 76' lang='lat' dir='ltr'><strong>prout</strong></span> <span class='ocrx_word' id='word_1_732' title='bbox 3386 5397 3512 5436; x_wconf 90' lang='lat' dir='ltr'><strong>sana</strong></span> <span class='ocrx_word' id='word_1_733' title='bbox 3556 5380 3756 5452; x_wconf 66' lang='lat' dir='ltr'><strong>chrono-</strong></span> 
     </span>
    </p>
   </div>
   <div class='ocr_carea' id='block_1_76' title="bbox 2221 5444 3758 5523">
    <p class='ocr_par' dir='ltr' id='par_1_76' title="bbox 2221 5444 3758 5523">
     <span class='ocr_line' id='line_1_76' title="bbox 2221 5444 3758 5523; baseline -0.003 -17"><span class='ocrx_word' id='word_1_734' title='bbox 2221 5453 2361 5523; x_wconf 87' lang='lat' dir='ltr'><strong>logia</strong></span> <span class='ocrx_word' id='word_1_735' title='bbox 2395 5452 2576 5515; x_wconf 89' lang='lat' dir='ltr'><strong>tradit,</strong></span> <span class='ocrx_word' id='word_1_736' title='bbox 2608 5444 3052 5507; x_wconf 77' lang='lat' dir='ltr'><strong>Chalcetlonense</strong></span> <span class='ocrx_word' id='word_1_737' title='bbox 3065 5444 3371 5508; x_wconf 55' lang='lat' dir='ltr'><strong>&#39;con&#39;cilium</strong></span> <span class='ocrx_word' id='word_1_738' title='bbox 3403 5466 3540 5510; x_wconf 82' lang='lat' dir='ltr'><strong>anno</strong></span> <span class='ocrx_word' id='word_1_739' title='bbox 3567 5447 3654 5523; x_wconf 65' lang='grc'><strong>451</strong></span> <span class='ocrx_word' id='word_1_740' title='bbox 3681 5444 3758 5498; x_wconf 52' lang='lat' dir='ltr'><strong>had</strong></span> 
     </span>
    </p>
   </div>
   <div class='ocr_carea' id='block_1_77' title="bbox 2220 5521 3756 5592">
    <p class='ocr_par' dir='ltr' id='par_1_77' title="bbox 2220 5521 3756 5592">
     <span class='ocr_line' id='line_1_77' title="bbox 2220 5521 3756 5592; baseline -0.006 -14"><span class='ocrx_word' id='word_1_741' title='bbox 2220 5521 2392 5578; x_wconf 79' lang='lat' dir='ltr'><strong>bitum</strong></span> <span class='ocrx_word' id='word_1_742' title='bbox 2428 5530 2534 5588; x_wconf 89' lang='lat' dir='ltr'><strong>est,</strong></span> <span class='ocrx_word' id='word_1_743' title='bbox 2567 5539 2674 5592; x_wconf 90' lang='lat' dir='ltr'><strong>quo</strong></span> <span class='ocrx_word' id='word_1_744' title='bbox 2701 5523 3031 5576; x_wconf 86' lang='lat' dir='ltr'><strong>adamussim</strong></span> <span class='ocrx_word' id='word_1_745' title='bbox 3061 5524 3206 5576; x_wconf 80' lang='lat' dir='ltr'><strong>anno</strong></span> <span class='ocrx_word' id='word_1_746' title='bbox 3237 5524 3465 5578; x_wconf 86' lang='lat' dir='ltr'><strong>Vardani</strong></span> <span class='ocrx_word' id='word_1_747' title='bbox 3497 5521 3756 5592; x_wconf 79' lang='lat' dir='ltr'><strong>sociorum-</strong></span> 
     </span>
    </p>
   </div>
   <div class='ocr_carea' id='block_1_78' title="bbox 2220 5591 3758 5665">
    <p class='ocr_par' dir='ltr' id='par_1_78' title="bbox 2220 5591 3758 5665">
     <span class='ocr_line' id='line_1_78' title="bbox 2220 5591 3758 5665; baseline 0.001 -21"><span class='ocrx_word' id='word_1_748' title='bbox 2220 5610 2329 5664; x_wconf 88' lang='lat' dir='ltr'><strong>que</strong></span> <span class='ocrx_word' id='word_1_749' title='bbox 2357 5593 2478 5659; x_wconf 85' lang='lat' dir='ltr'><strong>ejus</strong></span> <span class='ocrx_word' id='word_1_750' title='bbox 2507 5591 2826 5665; x_wconf 80' lang='lat' dir='ltr'><strong>martyrium</strong></span> <span class='ocrx_word' id='word_1_751' title='bbox 2856 5595 3104 5665; x_wconf 90' lang='lat' dir='ltr'><strong>contigit,</strong></span> <span class='ocrx_word' id='word_1_752' title='bbox 3131 5597 3378 5664; x_wconf 88' lang='lat' dir='ltr'><strong>sequitur</strong></span> <span class='ocrx_word' id='word_1_753' title='bbox 3411 5603 3468 5648; x_wconf 86' lang='lat' dir='ltr'><strong>ut</strong></span> <span class='ocrx_word' id='word_1_754' title='bbox 3495 5591 3758 5665; x_wconf 51' lang='lat' dir='ltr'><strong>Desine???</strong></span> 
     </span>
    </p>
   </div>
   <div class='ocr_carea' id='block_1_79' title="bbox 2221 5653 3757 5734">
    <p class='ocr_par' dir='ltr' id='par_1_79' title="bbox 2221 5653 3757 5734">
     <span class='ocr_line' id='line_1_79' title="bbox 2221 5653 3757 5734; baseline -0.007 -14"><span class='ocrx_word' id='word_1_755' title='bbox 2221 5653 2754 5728; x_wconf 55' lang='lat' dir='ltr'><strong>conciliabulum&#39;ad</strong></span> <span class='ocrx_word' id='word_1_756' title='bbox 2795 5653 3173 5734; x_wconf 16' lang='lat' dir='ltr'><strong>angnumvpost</strong></span> <span class='ocrx_word' id='word_1_757' title='bbox 3209 5653 3639 5725; x_wconf 62' lang='lat' dir='ltr'><strong>Chalcedonensé</strong></span> <span class='ocrx_word' id='word_1_758' title='bbox 3676 5653 3757 5711; x_wconf 67' lang='lat' dir='ltr'><strong>Hi</strong></span> 
     </span>
    </p>
   </div>
   <div class='ocr_carea' id='block_1_80' title="bbox 2221 5732 3266 5792">
    <p class='ocr_par' dir='ltr' id='par_1_80' title="bbox 2221 5732 3266 5792">
     <span class='ocr_line' id='line_1_80' title="bbox 2221 5732 3266 5792; baseline 0.002 -2"><span class='ocrx_word' id='word_1_759' title='bbox 2221 5735 2572 5792; x_wconf 86' lang='lat' dir='ltr'><strong>referendum</strong></span> <span class='ocrx_word' id='word_1_760' title='bbox 2607 5735 2699 5790; x_wconf 90' lang='lat' dir='ltr'><strong>sit.</strong></span> <span class='ocrx_word' id='word_1_761' title='bbox 2731 5734 2794 5790; x_wconf 88' lang='lat' dir='ltr'><strong>E.</strong></span> <span class='ocrx_word' id='word_1_762' title='bbox 2831 5732 3166 5792; x_wconf 49' lang='lat' dir='ltr'><strong>ilonnur&#39;ws.</strong></span> <span class='ocrx_word' id='word_1_763' title='bbox 3261 5737 3266 5740; x_wconf 83' lang='grc'><em>’</em></span> 
     </span>
    </p>
   </div>
  </div>
