3964 6438
222 406 343 469 705
1382 372 1921 455 EPISTOLARUM
1963 384 2282 446 LIBERI.
3371 374 3478 436 706

225 512 605 585 regnantibus,
648 510 861 565 decimo
891 520 1083 580 quarto
1111 508 1369 566 Chosrois
1394 509 1709 578 imperantis
1739 519 1918 569 anno;
1954 517 2088 557 usus
2120 500 2343 589 adeam
2382 512 2495 589 rem
2527 495 2779 589 ministro
2807 491 3062 589 Abdisei-o
3091 490 3244 589 Syro,
3273 491 3381 589 qui.
3412 490 3481 543 de

226 578 467 656 Sassane
494 578 931 668 monasterioque
961 598 1203 667 Sareptae
1232 614 1355 653 cum
1382 598 1542 653 sociis
1603 596 1896 649 advenerat
1932 609 1947 646 :
1980 590 2149 659 hique
2188 586 2421 643 ordinati
2466 592 2593 639 sunt
2694 579 2920 675 Nersete
2949 579 3214 675 episcopi,
3240 578 3480 631 admisc-

223 699 468 758 runtque
504 665 929 749 Dioscorum,—et
957 665 1273 739 Flavi—anum
1306 684 1539 740 civitatis
1586 681 1831 738 Nabuchi
1859 680 1937 750 (7)
1969 678 2285 748 episcopum
2304 713 2319 735 ,
2348 688 2413 727 ac
2442 671 2791 766 :l‘imotheum
2819 665 3246 766 Alexandrinum
3280 679 3484 766 cogno-

224 752 421 830 mento
446 774 695 830 Elurum
726 793 739 828 :
767 774 1035 842 iidemque
1062 773 1229 827 libros
1256 774 1434 826 varios
1462 772 1516 825 in
1550 770 1926 823 Armeniacam
1958 766 2195 835 linguam
2232 760 2642 819 transtulerunt,
2668 756 2884 810 insertis
2907 754 3092 808 multis
3116 761 3303 807 contra
3324 752 3485 806 Chal-

225 862 544 918 cedonense
574 861 859 916 concilium
912 861 1197 915 calumniis
1231 859 1328 930 (8).
1363 860 1427 913 Hi
1459 858 1660 913 idcirco
1688 864 2090 926 postremornm
2122 852 2481 919 interpretum
2512 847 2670 901 titulo
2692 844 3065 913 indigitantur.

305 953 361 1005 5.
404 951 544 1020 Ergo
588 948 833 1003 Armenii
866 949 1097 1003 istorum
1138 949 1388 1002 doctrina
1440 945 1633 1001 imbuti
1662 959 1825 998 unam
1860 940 1988 995 Jesu
2025 937 2227 994 Christi
2255 935 2495 990 hominis
2521 949 2585 987 ac
2621 932 2715 986 Dei
2742 940 2999 1020 naturam
3031 934 3397 1020 agnoverunt,
3428 936 3486 979 et

230 1038 461 1108 trisagio
482 1016 653 1091 verba
684 1038 771 1106 qui
797 1036 1076 1104 cruciﬁxus
1113 1053 1166 1090 es
1201 1034 1553 1098 addiderunt;
1589 1032 1735 1103 quod
1758 1031 2001 1085 studiose
2034 1027 2304 1090 fecerunt,
2332 1033 2393 1077 ut
2424 1019 2857 1108 Ch‘alcedo‘nensi
2889 1017 3120 1071 concilio
3154 1028 3208 1070 et
3245 1016 3489 1085 quinque

228 1106 563 1195 patriarchis
604 1124 1047 1178 contradicerent
1087 1141 1101 1177 :
1139 1133 1301 1193 atque
1340 1124 1413 1177 ita
1451 1138 1481 1176 a
1523 1122 1835 1177 Graecorum
1879 1113 2285 1175 communione,
2335 1112 2543 1202 indicto
2583 1108 2669 1162 liis
2715 1106 3079 1202 anathemate,
3122 1111 3487 1201 recesserunt.

234 1209 315 1264 Ea
358 1226 448 1265 res
496 1210 781 1266 Persarum
821 1225 1003 1280 regem
1039 1225 1235 1281 magno
1264 1208 1458 1281 gaudio
1488 1207 1688 1271 affecit,
1719 1205 1846 1275 quia
1876 1214 2074 1272 nempe
2104 1200 2387 1255 Armenios
2414 1213 2445 1252 a
2490 1195 2802 1251 Graecorum
2836 1195 3158 1281 auctoritate
3200 1195 3491 1281 recessisse

236 1299 505 1353 videbat:
537 1313 703 1367 quare
744 1278 1047 1353 collaudato
1080 1278 1325 1365 Nersete,
1365 1296 1531 1351 ﬁlium
1571 1311 1731 1352 suum
1754 1336 1769 1360 ,
1810 1291 1973 1363 prout
2006 1288 2348 1359 promiserat,
2382 1286 2437 1339 in
2471 1284 2815 1353 adeptionem
2854 1281 2904 1335 ei
2938 1280 3179 1343 tradidit,
3216 1286 3271 1333 et
3298 1278 3492 1367 Armes

192 1378 211 1381 7‘
238 1388 419 1441 niacze
446 1362 737 1455 provincia
778 1386 1058 1456 vectigalia
1083 1362 1543 1439 administrationi
1573 1384 1742 1453 ipsius
1774 1362 1829 1436 et
1864 1377 2164 1432 faventium
2191 1376 2243 1429 ei
2272 1375 2653 1444 episcoporum
2678 1369 2945 1440 permisit.
2977 1369 3231 1422 Attamen
3257 1381 3400 1419 anno
3428 1362 3493 1419 16

241 1491 369 1531 υξιιω
395 1476 728 1529 Armeniaca;
747 1476 822 1543 (9)
848 1474 1132 1529 Vardanus
1167 1474 1584 1529 Mam'iconensis
1604 1471 1869 1525 Surenam
1902 1464 2209 1527 interfecit,
2240 1462 2537 1530 provinciae
2558 1458 2897 1512 Armeniacae
2924 1468 3026 1525 pro
3056 1456 3342 1543 Persarum
3369 1470 3495 1522 rege

244 1558 583 1629 praefectum,
618 1542 831 1627 injuriae
857 1559 1160 1626 impatiens,
1195 1573 1355 1627 quam
1387 1559 1626 1611 Surenas
1663 1554 2019 1624 optimatibus
2069 1551 2347 1613 intulerat,
2378 1550 2584 1603 ablatas
2638 1547 2724 1601 his
2766 1546 3058 1615 dignitates
3101 1543 3169 1597 ad
3212 1542 3496 1612 episcopos

245 1645 628 1701 transferendo
664 1664 679 1699 :
715 1661 824 1715 quo
860 1654 1073 1717 patrato
1106 1646 1367 1708 facinore,
1394 1644 1511 1713 ipse
1540 1658 1663 1697 eum
1695 1643 1810 1696 suis
1841 1640 2083 1711 cognatis
2118 1639 2412 1707 multisque
2436 1638 2631 1707 opibus
2666 1636 2733 1689 ad
2767 1634 2985 1689 Graecos
3021 1631 3283 1702 profugit.

321 1738 379 1792 4.
403 1736 699 1791 Justiniani
741 1738 1058 1807 imperantis
1093 1753 1239 1791 anno
1277 1738 1340 1791 17
1376 1738 1514 1806 (10),
1548 1737 1678 1789 dum
1716 1734 1762 1787 is
1800 1742 2003 1787 sancta:
2038 1732 2254 1802 Sophim
2288 1732 2552 1800 templum
2604 1734 2933 1791 exstrueret,
2974 1726 3094 1795 ipso
3142 1723 3500 1779 sanctissimae

244 1823 443 1879 Crucis
469 1822 607 1877 festo
637 1823 747 1889 die,
779 1822 1064 1879 Vardanus
1081 1825 1488 1879 communicare
1524 1823 1838 1878 Graecorum
1870 1820 2038 1874 sacris
2068 1820 2365 1885 recusavit,
2399 1819 2590 1873 dicens
2619 1832 2740 1871 eam
2769 1815 2872 1870 sibi
2899 1829 3013 1868 rem
3039 1828 3137 1883 per
3162 1812 3502 1866 institutores

250 1926 387 1966 suos
418 1926 529 1965 non
559 1910 726 1965 licere
757 1911 891 1982 (11).
934 1910 1090 1966 Tunc
1126 1912 1426 1980 imperator
1464 1910 1759 1964 multorum
1791 1909 2174 1978 episcoporum
2207 1908 2705 1976 magistrorumque
2740 1902 3029 1957 convocari
3058 1900 3353 1954 concilium
3381 1901 3503 1969 jus-

250 1998 348 2063 sit,
383 2006 714 2066 centumque
742 2007 797 2053 et
827 1999 1049 2069 triginta
1110 1996 1362 2053 homines
1394 1997 1866 2066 Constantinopoli
1933 2005 2339 2051 convenerunt.
2393 1993 2507 2047 Hoc
2536 1993 2790 2062 quintum
2817 1990 3112 2045 concilium
3144 1987 3378 2054 dicitur;
3416 1986 3504 2041 cui

250 2086 503 2140 Armenii
527 2100 749 2155 quoque
801 2087 1194 2151 interfuerunt,
1236 2096 1291 2141 et
1318 2085 1774 2140 Chalcedonense
1816 2084 2112 2139 concilium
2141 2097 2199 2137 se
2253 2081 2545 2135 admittere
2576 2079 2783 2148 scripto
2828 2076 3011 2132 testati
3047 2083 3192 2130 sunt.
3236 2074 3505 2130 Praeterea

252 2187 386 2227 cum
419 2172 749 2244 Musceghus
784 2173 1210 2229 llamiconensis
1238 2172 1552 2249 Graecorum
1593 2172 2094 2242 Armeniorumque
2125 2170 2297 2238 copiis
2337 2168 2581 2232 sociatis,
2633 2165 2866 2222 Chorois
2896 2164 3189 2218 Persarum
3234 2164 3375 2233 regis
3405 2178 3507 2231 po-

252 2261 482 2314 tentiam
518 2259 697 2332 fregit,
738 2272 898 2331 atqne
927 2263 995 2317 ab
1021 2264 1147 2331 ipso
1178 2251 1302 2332 rege
1332 2277 1441 2316 non
1477 2261 1599 2315 sine
1637 2262 1846 2315 honore
1874 2261 2136 2317 dimissus
2180 2261 2247 2316 ad
2285 2258 2604 2313 Mauricium
2646 2257 3032 2325 imperatorem
3083 2253 3265 2318 rediit,
3314 2253 3508 2306 oberto

256 2347 403 2400 forte
420 2347 487 2400 de
510 2349 674 2402 rebus
705 2349 875 2404 sacris
907 2365 1164 2405 sermone
1194 2365 1377 2405 coram
1407 2351 1758 2419 imperatore,
1788 2347 1880 2402 hic
1910 2364 2112 2403 novum
2135 2347 2428 2403 concilium
2459 2344 2682 2406 indixit,
2717 2343 2785 2397 ad
2814 2342 2958 2412 quod
2983 2341 3224 2411 episc0pi
3262 2340 3506 2393 Armenii

250 2433 353 2498 21,
387 2433 561 2488 (ἔτωοί
591 2444 774 2489 autem
807 2436 906 2492 160
934 2438 1045 2507 (12)
1087 2446 1523 2500 concurrerunt;
1583 2437 1747 2505 idque
1803 2445 2013 2491 sextum
2061 2436 2350 2490 concilium
2385 2433 2729 2503 appellatur:
2758 2431 2815 2485 in
2861 2444 2968 2498 quo
3000 2444 3188 2483 rursus
3240 2428 3509 2491 Armenii,

255 2519 567 2587 quaestione
585 2520 859 2587 instituta,
890 2523 1335 2579 Chalcedonense
1358 2524 1652 2578 concilium
1683 2522 1887 2591 scripto
1916 2524 2174 2593 suﬂragio
2207 2521 2705 2590 comprobaverunt
2732 2519 2834 2573 sub
2850 2518 3000 2572 Mose
3014 2517 3191 2587 gentis
3220 2516 3509 2570 catholico.

334 2602 392 2658 5.
431 2604 719 2661 Postremo
753 2622 875 2661 cum
905 2608 1191 2665 Heraclius
1220 2611 1517 2681 inperator
1543 2611 1715 2665 relata
1743 2612 1810 2665 de
1836 2609 2021 2665 Persis
2050 2609 2281 2664 victoria
2316 2607 2570 2662 Carinam
2604 2606 2748 2676 (qua:
2778 2614 2863 2659 est
2896 2604 3183 2672 Erzerum)
3210 2604 3379 2666 venit,
3413 2603 3515 2655 Ar-

258 2692 575 2745 meniorum
602 2694 905 2749 catholicus
944 2696 1147 2754 Esdras
1170 2698 1372 2752 multos
1406 2697 1584 2769 gentis
1609 2711 1720 2752 sua:
1742 2697 2049 2767 episcopos,
2076 2712 2177 2751 nec
2194 2710 2304 2749 non
2332 2694 2497 2765 Syros
2523 2694 2833 2762 complures
2872 2691 3231 2755 convocavit;
3261 2706 3292 2744 a
3317 2691 3515 2759 quibus

260 2778 529 2834 ventilata
554 2791 810 2838 accurate
838 2786 1211 2840 controversia
1226 2787 1450 2857 triginta
1483 2786 1696 2851 diebus,
1726 2788 1906 2841 denuo
1935 2790 2332 2840 consenserunt
2366 2781 2611 2835 Armenii
2645 2790 2841 2849 sponte
2868 2794 2987 2843 sua,
3019 2788 3249 2849 cogente
3272 2779 3514 2841 nemine,

265 2876 336 2922 ut
359 2869 652 2923 concilium
685 2871 725 2925 C
760 2872 1160 2928 halcedonense
1189 2877 1393 2944 scripto
1420 2875 1699 2928 ﬁrmarent
1724 2874 1855 2941 (l3).
1880 2872 2032 2937 Quod
2072 2886 2201 2925 vero
2233 2871 2300 2924 ad
2327 2868 2631 2924 Johannem
2674 2869 3161 2923 liiairacomcnscm
3208 2866 3423 2931 attinet,
3470 2867 3519 2920 is

264 2954 489 3024 quidem
521 2957 742 3011 Sabellii
780 2958 1037 3029 Petrique
1083 2960 1408 3015 Antiocheni
1438 2962 1630 3015 morbo
1658 2970 1962 3030 correptus,
1994 2967 2207 3012 mentes
2256 2957 2503 3011 omnium
2548 2956 2737 3010 furore
2783 2954 3167 3010 conturbabat.
3219 2953 3392 3018 Quam
3447 2954 3519 3007 ob

267 3056 391 3097 rem
421 3055 683 3113 regnante
725 3046 1049 3102 Constantio
1089 3046 1325 3102 Heraclii
1373 3047 1506 3112 ﬁlio,
1546 3048 1853 3117 patriarcha
1886 3047 2117 3099 Nersete
2145 3045 2235 3113 qui
2261 3043 2464 3099 dicitur
2515 3043 2846 3113 Scinoghus,
2895 3042 3131 3097 Diodoro
3173 3052 3355 3096 autem
3382 3041 3522 3096 Res-

245 3124 434 3183 Vtunio
471 3132 837 3202 principatum
878 3134 1264 3189 Armeniorum
1298 3143 1543 3197 tenente,
1576 3135 1742 3203 hujus
1782 3132 2016 3201 improbi
2079 3131 2320 3185 hominis
2350 3131 2619 3184 candente
2658 3130 2803 3184 ferro
2833 3129 2987 3182 frons
3026 3130 3306 3198 signaculo
3341 3129 3522 3199 vulpis

270 3223 465 3270 notata
492 3217 616 3285 fuit,
645 3227 809 3290 atque
841 3221 913 3275 ita
948 3220 1242 3276 infamatus
1271 3222 1341 3276 ad
1367 3222 1596 3276 Caucasi
1630 3229 1820 3276 cautes
1851 3219 2122 3289 relegatus
2148 3225 2251 3271 est.
2283 3216 2485 3272 Verum
2535 3218 2581 3270 is
2611 3225 2732 3285 post
2760 3215 3003 3269 Nersetis
3030 3215 3239 3269 obitum
3270 3230 3524 3271 reversus

274 3302 333 3356 in
364 3304 702 3371 Armeniam,
738 3308 847 3361 voti
878 3309 960 3362 sui
990 3324 1213 3378 compos
1242 3317 1327 3364 est
1359 3309 1556 3373 factus,
1589 3308 1864 3378 praecipue
1894 3315 2017 3375 post
2043 3320 2370 3359 conversum
2397 3304 2453 3357 in
2480 3302 2859 3357 Armeniacam
2903 3302 3143 3372 linguam
3173 3302 3372 3357 Juliani
3412 3302 3527 3356 Ha-

272 3387 694 3448 licarnassensis
724 3393 921 3447 librum
953 3394 1064 3464 (14)
1091 3394 1265 3466 Sergii
1299 3411 1464 3465 opera
1491 3396 1546 3449 in
1581 3396 1791 3467 synodo
1811 3392 2223 3448 Manazacertae.
2248 3392 2429 3461 Atque
2464 3390 2594 3444 hinc
2633 3388 2882 3444 doctrina
2908 3403 3006 3443 sua
3029 3388 3371 3456 conﬁrmata,
3421 3390 3525 3444 ali-

273 3490 409 3545 gero
431 3492 601 3547 prope
630 3494 795 3534 cursu
823 3480 1134 3536 universam
1159 3484 1434 3553 regionem
1461 3492 1698 3538 vestram
1741 3479 2001 3551 pervasit.

348 3582 404 3636 6.
437 3582 555 3637 Jam
581 3601 712 3639 vero
745 3597 925 3642 vestra
958 3589 1248 3658 prudentia
1273 3592 1435 3660 plane
1466 3589 1739 3660 intelligit,
1769 3586 1915 3657 quod
1940 3586 1984 3640 si
2017 3595 2204 3640 tantus
2236 3584 2623 3654 episcoporum
2653 3596 2915 3639 nnmerus
2941 3584 3291 3639 Chalcedone
3319 3600 3523 3640 conve-

274 3668 362 3724 nit
390 3680 448 3724 ut
480 3686 698 3728 errores
724 3674 1134 3741 conﬁrmarent,
1160 3678 1307 3731 haud
1344 3679 1447 3747 ipsi
1482 3678 1856 3732 tantummodo
1894 3673 2078 3727 forent
2104 3673 2469 3741 vituperandi,
2498 3688 2687 3727 verum
2716 3682 2772 3726 et
2801 3673 2951 3727 orbis
2986 3681 3134 3726 totas
3164 3672 3253 3742 qui
3282 3671 3526 3741 ipsorum

273 3757 567 3810 sententiae
590 3771 850 3812 assensus
873 3768 977 3813 est.
1004 3758 1264 3815 Attamen
1288 3777 1384 3815 vos
1411 3775 1509 3830 pro
1538 3762 1741 3816 virtute
1771 3766 1953 3813 vestra
1975 3767 2164 3814 cavete
2193 3773 2263 3813 ne
2288 3759 2658 3827 decipiamini.
2684 3758 2927 3829 Namque
2960 3758 3159 3812 inﬁrmi
3184 3759 3401 3828 quidem
3431 3759 3530 3813 ho-

274 3841 459 3896 mines
496 3843 779 3898 instabiles
800 3853 965 3915 atque
1005 3848 1187 3912 rudes,
1241 3848 1567 3902 credulitate
1614 3848 1862 3902 laborare
1910 3845 2089 3901 solent
2129 3855 2184 3898 et
2215 3844 2497 3899 fraudibus
2534 3846 2755 3917 decipi;
2789 3847 3066 3916 sapientes
3108 3861 3240 3903 vero
3287 3845 3528 3902 fallacias

276 3926 598 3995 hujusmodi
621 3930 845 3985 auribus
869 3942 1212 3987 aversantur.

351 4036 546 4091 Postea
579 4038 798 4092 Photius
817 4040 1134 4094 Christiana:
1166 4040 1436 4112 religionis
1458 4042 1682 4112 origines
1712 4051 1760 4095 et
1789 4043 2111 4094 incrementa
2143 4039 2305 4109 paulo
2335 4041 2502 4111 fusius
2534 4049 2740 4106 narrat,
2767 4040 3007 4096 Graecam
3035 4050 3237 4111 gentem
3268 4046 3531 4114 praecipue

276 4124 568 4179 dilaudans
593 4127 653 4179 ob
686 4129 890 4181 variam
922 4128 1281 4182 humanarum
1339 4129 1640 4182 litterarum
1669 4131 1967 4191 scientiam,
2011 4144 2126 4196 qua:
2162 4143 2298 4181 verte
2350 4128 2661 4197 recipiendae
2692 4129 2929 4198 religioni
2958 4131 3099 4182 viam
3122 4132 3343 4196 stravit;
3373 4143 3532 4201 atque

280 4212 347 4266 ob
385 4222 455 4265 tot
481 4214 594 4281 ejus
632 4215 866 4268 doctores
895 4215 1200 4280 catholicos,
1234 4232 1360 4285 quos
1388 4217 1623 4285 appellat
1661 4234 1679 4271 :
1709 4218 2126 4285 nominatimque
2180 4216 2695 4285 ConstantinOpolim
2749 4217 2976 4269 celebrat
3024 4226 3288 4287 tanquam
3343 4235 3532 4271 noram

278 4300 604 4355 Jerusalem.
660 4302 955 4372 Cteteroqui
1002 4304 1065 4355 de
1110 4304 1573 4371 patriarchatuam
1624 4305 1826 4373 aliquot
1871 4306 2068 4374 origine
2108 4304 2373 4357 malitiose
2390 4312 2437 4356 et
2469 4304 2649 4369 procul
2674 4306 3056 4360 ontriiveritate
3084 4306 3336 4376 loquitur.
3382 4306 3533 4359 Hanc

284 4401 384 4438 nos
419 4386 655 4455 epistola:
681 4388 963 4443 Pltotiana:
995 4400 1224 4457 partem,
1256 4390 1407 4444 nulla
1442 4407 1620 4444 rerum
1672 4393 1900 4445 novitate
1943 4392 2143 4455 utilem,
2186 4393 2247 4444 ob
2291 4400 2557 4445 arctatum
2592 4392 2715 4447 libri
2767 4394 2931 4446 nostri
2961 4396 3194 4461 spatium
3240 4411 3343 4447 non
3384 4396 3534 4447 inviti

282 4474 611 4528 omittimus:
647 4485 804 4545 atque
838 4477 908 4529 ad
940 4479 1353 4531 controversiam
1382 4494 1500 4531 cum
1537 4479 1798 4533 Armeniis
1824 4497 2188 4549 properamus,
2223 4497 2339 4550 qua:
2369 4490 2417 4534 et
2440 4492 2561 4536 tunc
2602 4492 2651 4538 et
2705 4486 2847 4537 omni
2895 4495 3121 4552 tempore
3181 4484 3373 4552 duplex
3410 4484 3531 4552 fuit,

282 4561 353 4614 de
385 4563 713 4617 admittenda
746 4563 983 4618 videlicet
1010 4564 1448 4620 Chalcedonensis
1476 4566 1687 4619 concilii
1715 4570 2050 4634 auctoritate,
2096 4569 2230 4622 etde
2281 4571 2539 4623 credenda
2592 4572 2861 4642 verbisque
2910 4572 3201 4641 proﬁtenda
3237 4570 3433 4639 duplici
3479 4569 3537 4621 in

362 4751 438 4819 (7)
478 4768 559 4805 ΛΠ
590 4750 870 4807 Nabachi?
907 4753 1067 4810 Certe
1121 4757 1263 4825 apud
1323 4756 1678 4811 Assemannm
1719 4748 1856 4812 Bibl.

358 4822 487 4875 ient.
520 4829 559 4874 t.
594 4822 660 4875 ll.
727 4839 779 4875 1).
816 4826 941 4875 244.
996 4826 1246 4875 legimus-
1294 4827 1534 4875 Dioscuri
1584 4825 1856 4875 Nahachar

282 4837 487 4875 orn-nt.
520 4837 559 4874 ι.
594 4837 660 4881 ll.

281 4907 469 4967 opera
486 4892 813 4967 catholicum
846 4892 1288 4967 Libani'ducem,
1320 4906 1479 4967 gente
1509 4896 1830 4951 Maronitam
1852 4938 1868 4964 ,

278 4960 597 5015 Jacobiticis
623 4964 897 5017 erroribus
931 4965 1190 5019 infectum
1224 4960 1411 5020 fuisse.

365 5030 441 5100 (8)
480 5032 556 5107 fle
584 5032 830 5107 plurimis
875 5034 1018 5088 inter
1055 5035 1344 5107 Armenios
1372 5038 1684 5107 propagatis
1713 5052 1868 5091 erro-

285 5100 446 5174 ribus
482 5102 575 5155 diu
614 5103 950 5174 multumque
982 5106 1221 5172 loquitur
1249 5100 1743 5174 Isaacus-ip'sornm
1771 5123 1867 5161 ca-

283 5171 529 5294 ‘t‘ligiicus
577 5171 721 5241 apud
775 5171 1158 5229 Combeﬁsium
1199 5175 1354 5231 Auct.
1392 5175 1454 5233 Β.
1493 5171 1599 5232 PP.
1640 5192 1695 5248 p.
1732 5176 1867 5232 518-

368 5310 445 5385 (_9)
499 5307 908 5385 Ini‘lilimme}
959 5312 1316 5381 Armeniaca,
1365 5316 1509 5385 apud
1565 5314 1871 5371 Samuelem

285 5380 594 5435 Aniensem
637 5381 694 5434 in
721 5380 992 5440 Chronico.
1016 5386 1251 5439 Sumitur
1281 5380 1310 5439 a
1340 5380 1547 5440 Christi
1574 5403 1719 5439 anno
1742 5387 1867 5440 554.

370 5452 481 5519 (10)
525 5452 823 5520 Corruptas
867 5468 1011 5575 saec
1055 5454 1112 5507 in
1150 5454 1252 5509 hac
1280 5456 1510 5525 epistola
1560 5457 1869 5511 numerales

370 5529 457 5574 itas
494 5522 882 5575 comperimus.
989 5523 1034 5575 ir
1081 5525 1150 5575 cl.
1190 5526 1535 5575 llnvernitins
1573 5527 1628 5575 in
1684 5528 1864 5575 ηιαοηὶ

288 5529 457 5595 notas
486 5522 1034 5595 _comperimus.‘Yir
1081 5525 1150 5578 cl.
1190 5522 1535 5595 |lnvernitins
1573 5527 1629 5578 in
1684 5528 1864 5595 ηιαῃηὶ

286 5591 591 5664 Justiniani
620 5592 729 5645 vita
768 5608 823 5664 p.
845 5592 962 5664 4122
1002 5608 1116 5664 seq.
1171 5591 1359 5650 narrat
1392 5596 1459 5649 ab
1494 5594 1596 5650 hoc
1630 5591 1865 5664 impera-

291 5670 419 5735 tore
444 5660 746 5735 impensam
765 5660 959 5735 :fuissei
985 5660 1208 5733 operam
1263 5665 1467 5735 templo
1514 5660 1723 5719 sanctae'
1760 5666 1862 5735 SQ-

288 5729 443 5803 phiae
496 5729 963 5803 a’ediﬁcandoivel
1019 5729 1199 5803 potius
1262 5729 1663 5803 instaurando,
1700 5734 1862 5790 annis

288 5801 383 5855 sui
421 5801 633 5871 imperii
662 5802 901 5857 secundo
930 5811 984 5858 et
1005 5801 1213 5873 quinto,
1233 5817 1287 5861 et
1322 5803 1614 5862 undecimo
1640 5802 1859 5861 demum

1204 6028 1235 6039 ιο.

727 4839 779 4891 p.
816 4826 941 4895 2M,
996 4826 1246 4895 legimus,
1294 4827 1534 4889 Dioscuri
1583 4825 1871 4883 Nabaciiwi

1967 4758 2196 4812 solemni
2233 4760 2337 4812 ritu
2360 4759 2691 4813 dedicatum.

2049 4830 2158 4895 (11)
2208 4829 2490 4884 Contraria
2553 4830 2638 4883 his
2696 4828 3009 4883 referuntur
3052 4828 3107 4883 in
3153 4829 3536 4884 Armeniorum

1974 4896 2236 4969 historiis,
2265 4915 2462 4967 nempe
2495 4898 2805 4953 Vardanum
2834 4901 2934 4953 sub
2963 4898 3273 4953 Justiniano
3322 4899 3384 4963 ll,
3436 4914 3536 4969 seu

1972 4964 2345 5033 Rhinotmeto,
2391 4964 2609 5023 venisse
2653 4969 3202 5038 Constantinopolim,
3248 4968 3433 5038 ibique
3479 4964 3535 5024 in

1969 5047 2175 5108 sancta;
2217 5038 2434 5108 Sophim
2466 5039 2668 5108 templo
2696 5054 2820 5092 cum
2854 5040 3017 5094 sociis
3059 5040 3174 5094 suis
3224 5039 3536 5095 Graecorum

1972 5122 2131 5165 sacra
2158 5106 2550 5176 frequentasse.
2676 5109 3007 5163 ilonnn'rtns.

2043 5176 2152 5247 (l2)
2184 5177 2358 5231 Minor
2400 5179 2628 5234 veritate
2662 5194 2926 5234 numerus
2960 5180 3050 5233 hic
3088 5179 3323 5247 videtur,
3354 5178 3532 5248 culpa,

1971 5256 2032 5301 ut
2051 5263 2190 5310 reor,
2220 5249 2592 5303 amanuensis.

2042 5316 2155 5440 (15)
2182 5318 2549 5373 Confirmatur
2576 5320 2679 5374 hoc
2715 5334 2747 5373 a
2766 5316 3019 5375 Chronico
3048 5319 3365 5373 Armeniaca
3392 5319 3537 5388 apud

2042 5404 2232 5440 ianum
2268 5396 2307 5440 t.
2345 5389 2387 5440 1.
2423 5404 2475 5440 n.
2503 5388 2623 5440 186.

1969 5386 2232 5442 Galanum
2268 5396 2307 5442 t.
2345 5389 2387 5451 1,
2423 5404 2475 5457 p.
2503 5388 2623 5443 186.

2041 5457 2153 5530 (Η)
2188 5456 2439 5530 Ilitclligé
2498 5460 2771 5530 praecipue
2804 5476 2943 5530 opus
2977 5475 3077 5529 pro
3109 5458 3301 5530 haeresi
3354 5456 3537 5530 incor-

1970 5528 2385 5599 rupticolarum,
2412 5528 2558 5596 quad
2602 5529 2802 5584 Juliani
2842 5528 3103 5599 scriptum
3138 5529 3337 5582 refutat
3368 5528 3539 5599 seve-

1970 5612 2062 5669 rus
2102 5598 2478 5669 Antiochenus
2501 5601 2643 5669 apud
2678 5616 2779 5655 nos
2820 5601 2874 5654 in
2927 5597 3030 5654 iroc
3088 5600 3204 5668 ipso
3244 5597 3536 5669 volumine.

1969 5665 2144 5739 Sergii
2173 5678 2353 5739 autem
2380 5665 2693 5739 interpretis
2720 5671 2969 5725 meminit
3005 5669 3083 5723 ill.
3109 5665 3171 5722 'et
3209 5684 3325 5723 rev.
3355 5666 3539 5739 Sunia:

1965 5736 2666 5813 a‘rchiepiscOpusin'suo
2719 5741 2936 5813 egregio
2986 5738 3269 5813 Conspectu
3307 5738 3540 5793 historia:

1965 5806 2126 5861 litter.
2159 5806 2386 5879 Armfp.
2414 5810 2502 5865 40.
2756 5806 2780 5813 ⁷
2852 5806 2877 5812 ⁷
3122 5806 3127 5807 ί
3166 5812 3179 5835 ‘
