3964 6436
221 379 326 442 τος)
1379 361 1916 426 EPISTOLARUM
1944 361 2172 420 LIBER
2203 361 2248 422 1.
3367 358 3474 423 710

222 487 635 550 Armeniorum,
657 482 749 552 qui
775 481 936 536 simul
961 495 1084 536 cum
1119 476 1391 548 episcopis
1427 475 1524 530 1ὗο
1549 473 1979 529 exturbaverunt
2040 469 2282 524 Ecclesia
2317 483 2428 522 non
2462 467 2581 521 sine
2616 467 3057 522 anatliematibus
3097 469 3472 527 Macedonium

225 586 284 632 et
314 576 534 630 Sabellii
567 572 821 626 asseclas.
851 573 1028 638 Atque
1066 569 1184 622 haec
1211 566 1318 620 duo
1350 573 1538 618 sancta
1562 561 1791 616 concilia
1823 559 1958 613 duas
1996 557 2378 610 contriverunt
2439 555 2663 608 tartarei
2713 571 2912 610 currus
2954 565 3120 618 rotas,
3153 558 3288 612 duas
3317 561 3472 614 vide-

229 667 366 719 licet
401 663 596 732 impias
625 662 883 723 haereses,
929 671 1158 726 quarum
1203 655 1374 708 altera
1404 651 1824 706 sacratissimam
1883 644 2202 697 Trinitatem
2243 641 2478 712 pessime
2519 641 2818 703 dividebat,
2849 642 3016 695 altera
3042 657 3176 696 vero
3207 659 3312 696 non
3359 645 3479 698 sine

225 753 440 808 scelere
471 727 862 804 confundebat.
903 743 984 796 Ab
1017 742 1102 796 his
1131 741 1342 796 duabus
1373 738 1592 810 synodis
1624 739 1917 790 edocemur
1947 747 2196 802 personae
2235 746 2264 782 a
2285 737 2478 782 natura
2505 727 2948 783 distinctionem:
2975 730 3176 784 etenim
3211 737 3323 784 tres
3351 746 3482 800 per-

230 854 409 902 sonae,
444 845 560 890 tres
601 833 768 888 veluti
831 831 1000 885 facies
1047 837 1101 882 et
1148 837 1424 897 aspectus,
1457 835 1568 880 tres
1599 823 1976 894 proprietates,
2039 829 2148 873 tres
2183 819 2498 888 hypostases
2544 825 2905 870 sacrosanctae
2958 817 3208 871 'l'rinitati
3271 817 3479 882 insunt,

229 925 420 990 Pater,
450 923 640 986 Filius,
693 930 750 976 et
802 918 1039 988 Spiritus
1093 925 1346 970 sanctus:
1388 930 1496 966 una
1545 926 1675 966 vero
1704 919 1898 963 natura
1941 915 2046 970 est,
2080 921 2187 958 una
2219 903 2476 966 essentia,
2513 919 2619 956 una
2652 903 2979 968 substantia,
3014 921 3120 959 una
3159 905 3480 970 dominatio,

229 1027 350 1065 una
377 1008 755 1064 immensitas:
793 1003 1143 1073 distinguitur
1169 1004 1314 1054 enim
1351 1001 1587 1054 Trinitas
1611 996 1910 1052 secundum
1944 991 2410 1062 personalitatem,
2442 990 2628 1043 unitur
2657 1001 2842 1044 autem
2860 993 3158 1046 secundum
3189 1002 3441 1048 naturam
3465 1011 3481 1047 :

233 1100 446 1168 quippe
475 1111 599 1150 cum
633 1096 704 1148 sit
745 1109 852 1146 una
883 1093 936 1144 in
969 1091 1140 1144 tribus
1169 1089 1368 1152 Deitas,
1404 1087 1660 1142 distincta
1692 1093 1775 1138 est
1807 1093 1989 1138 tamen
2018 1079 2072 1132 in
2096 1077 2322 1148 singulis
2373 1076 2731 1146 personalitas
2759 1095 2772 1131 :
2803 1080 3178 1148 unusquisque
3206 1090 3388 1136 autem
3419 1097 3486 1136 ex

235 1203 342 1243 sua
375 1183 709 1255 proprietate
748 1177 1101 1250 dignoscitur.

315 1273 408 1326 10.
437 1271 580 1324 Ecce
609 1268 981 1322 intelleximus
1013 1265 1285 1320 diversam
1323 1276 1441 1315 esse
1470 1276 1500 1314 a
1521 1269 1716 1313 natura
1745 1273 2032 1328 personam
2056 1275 2071 1312 :
2099 1265 2182 1311 est
2205 1256 2351 1310 enim
2380 1255 2638 1310 distincta
2684 1269 2940 1324 persona,
2967 1261 3160 1308 natura
3188 1269 3320 1310 vero
3352 1256 3489 1310 adu—

237 1367 376 1414 nata
404 1367 457 1412 ct
483 1356 804 1426 singularis:
837 1370 964 1407 nam
994 1361 1048 1406 et
1077 1353 1314 1406 humana
1347 1359 1540 1402 natura
1591 1355 1775 1401 mente
1817 1346 2156 1416 intelligitur,
2196 1360 2432 1414 persona
2464 1358 2630 1396 sensu
2657 1341 2973 1411 percipitur.
3030 1341 3242 1416 Etenim
3293 1351 3490 1398 natura

239 1442 334 1495 liis
361 1438 775 1494 deﬁnitionibus
827 1445 1060 1495 constat,
1091 1449 1291 1502 nempe
1329 1431 1549 1495 animal,
1582 1431 1864 1494 rationale,
1915 1433 2177 1486 mortale:
2229 1447 2460 1500 persona
2505 1445 2633 1483 vero
2676 1445 2741 1482 ex
2775 1429 3148 1482 accidentibus
3190 1431 3489 1500 consurgit,

241 1529 503 1584 videlicet
533 1525 713 1580 colore
747 1525 924 1595 nigro,
970 1525 1115 1585 albo,
1199 1521 1354 1584 llavo,
1388 1520 1623 1580 ealvitie,
1664 1520 1836 1574 oculis
1868 1520 2114 1590 glaucis;
2147 1519 2221 1572 ita
2261 1527 2320 1571 ut
2356 1517 2660 1572 accidentia
2705 1517 2924 1586 quidem
2972 1515 3156 1586 augeri
3210 1518 3494 1588 minuique

242 1625 470 1686 queant,
514 1621 708 1666 natura
731 1627 843 1664 non
875 1611 1025 1664 item.
1067 1608 1266 1662 Natura
1286 1607 1498 1660 cunctis
1543 1606 1855 1660 hominibus
1880 1617 1964 1663 est
1992 1607 2322 1671 communis,
2347 1623 2580 1676 persona
2609 1615 2694 1660 est
2729 1605 3020 1674 peculiaris
3041 1615 3096 1660 et
3124 1606 3179 1658 in
3226 1606 3406 1676 aliqua
3436 1623 3494 1662 re

250 1704 590 1758 subsistens.
647 1700 860 1754 Etenim
895 1698 1226 1752 beatissima:
1273 1696 1558 1750 Trinitatis
1595 1695 1808 1748 inﬁnita
1840 1705 2034 1748 natura
2075 1711 2228 1763 mque
2285 1696 2521 1764 pertinet
2551 1695 2616 1748 ad
2649 1696 2888 1765 singulas
2919 1707 3032 1750 tres
3059 1710 3341 1764 personas,
3389 1694 3494 1748 Pa-

251 1803 416 1855 trem,
453 1791 669 1852 Filium,
707 1799 762 1843 et
790 1789 1058 1858 Spiritum
1094 1794 1340 1844 sanctum
1367 1805 1379 1840 :
1412 1795 1468 1838 at
1492 1801 1620 1838 vero
1657 1783 2020 1854 proprietates
2057 1783 2326 1836 distinctae
2351 1793 2480 1836 sunt
2511 1783 2563 1836 in
2593 1799 2920 1852 unaquaque
2945 1797 3179 1852 persona
3206 1792 3260 1836 et
3325 1783 3498 1853 hypo—

247 1881 408 1936 stasi.
437 1879 648 1948 Quippe
677 1894 706 1931 a
733 1887 928 1930 natura
957 1875 1318 1930 communiter
1347 1873 1550 1928 habent
1574 1881 1632 1926 ut
1657 1875 1767 1927 sint
1795 1873 2082 1938 Dominus,
2113 1873 2277 1934 Deus,
2310 1873 2677 1942 omnipotens,
2697 1874 3230 1942 providentissimus,
3263 1881 3496 1935 creator,

249 1967 554 2022 intellectui
585 1965 902 2034 impervius,
937 1961 1510 2032 incomprehensibilis
1547 1961 1665 2016 sine
1703 1962 1961 2030 qualitate
1988 1970 2082 2014 aut
2127 1961 2454 2030 quantitate,
2487 1978 2660 2028 neque
2687 1962 2827 2027 loco,
2854 1976 3032 2030 neque
3075 1969 3318 2029 tempore
3367 1961 3502 2014 deli—

247 2055 428 2118 nitus,
471 2053 586 2106 sine
615 2052 795 2115 initio,
835 2051 955 2104 sine
984 2049 1108 2103 ﬁne.
1139 2048 1292 2114 Quod
1317 2063 1446 2102 vero
1479 2049 1548 2102 ad
1577 2049 1940 2118 proprietates
1965 2049 2181 2112 attinet,
2216 2048 2393 2103 Patris
2424 2049 2644 2117 quidem
2679 2049 2984 2118 proprietas
3009 2058 3114 2112 est,
3149 2057 3209 2102 ut
3236 2049 3307 2102 sit
3349 2049 3505 2117 geni-

249 2151 368 2206 tor,
397 2147 454 2195 et
488 2155 672 2200 causa,
699 2147 866 2206 utque
900 2145 1086 2191 careat
1117 2135 1407 2205 principio,
1437 2136 1553 2206 ipse
1581 2146 1764 2190 autem
1789 2137 2003 2192 illorum
2027 2140 2118 2207 qui
2146 2139 2214 2192 ab
2245 2138 2480 2206 ipsemet
2505 2145 2633 2191 sunt
2671 2138 3003 2207 principium
3027 2137 3118 2202 sit,
3153 2137 3296 2192 idem
3322 2146 3506 2192 tamen

249 2244 540 2298 nunquam
592 2228 872 2294 inceptus:
910 2225 1052 2278 idem
1101 2224 1346 2288 mittens,
1405 2239 1515 2277 non.
1556 2239 1586 2277 a
1630 2241 1903 2294 quoquam
1947 2226 2186 2296 genitus,
2239 2242 2417 2293 neque
2466 2242 2496 2279 a
2535 2235 2708 2280 semet
2757 2225 2842 2280 vel
2888 2227 3082 2294 quovis
3129 2225 3324 2280 factus.
3379 2224 3502 2278 Filii

251 2328 444 2372 autem
477 2316 779 2384 proprietas
809 2324 893 2367 est
926 2323 986 2366 ut
1020 2312 1092 2365 sit
1120 2311 1315 2377 Filius,
1362 2311 1625 2378 Verbum,
1660 2313 1896 2382 genitus,
1929 2313 2044 2378 lux,
2079 2313 2276 2378 forma,
2323 2313 2610 2382 sapientia,
2652 2313 2856 2376 radius,
2883 2313 3080 2381 i-mago,
3129 2322 3286 2382 typus
3338 2321 3501 2383 atque

253 2405 569 2458 character.
605 2399 852 2468 Denique
885 2399 1127 2468 Spiritus
1155 2399 1332 2451 sancti
1359 2399 1662 2467 proprietas
1693 2409 1794 2463 est,
1827 2409 1888 2454 ut
1919 2402 2196 2469 procedat,
2243 2409 2302 2454 ut
2331 2402 2401 2454 sit
2442 2401 2689 2454 veritatis
2717 2401 2962 2469 spiritus,
2997 2401 3306 2454 consolator
3329 2441 3346 2464 ,
3423 2401 3508 2454 in-

266 2498 578 2551 Staurator,
617 2496 820 2551 rectus,
858 2485 1056 2539 bonus.
1091 2484 1136 2538 Α
1166 2483 1324 2538 Patre
1357 2495 1480 2538 sunt
1511 2483 1678 2539 Filius
1706 2495 1760 2539 et
1787 2485 2021 2556 Spiritus
2061 2499 2314 2556 sanctus,
2347 2505 2524 2558 neque
2571 2500 2751 2544 tamen
2784 2490 2838 2544 hi
2891 2491 3229 2558 appellantur
3277 2491 3509 2554 fratres;

255 2593 448 2649 neque
473 2577 634 2630 ambo
659 2575 754 2629 ﬁlii
787 2584 954 2630 sunt:
989 2574 1154 2628 veluti
1189 2575 1258 2629 ab
1288 2573 1494 2628 Adamo
1523 2583 1637 2628 tum
1687 2574 1821 2629 Seth
1853 2583 1966 2629 tum
1999 2575 2108 2629 Eva
2161 2585 2557 2646 provenerunt,
2591 2577 2722 2646 quin
2771 2587 2954 2630 tamen
3005 2579 3088 2634 vel
3139 2576 3334 2631 fratres
3381 2576 3512 2640 sint,

257 2667 352 2721 vel
378 2665 540 2720 ambo
563 2665 680 2718 lilii.
710 2662 990 2732 Siquidem
1023 2661 1185 2716 Pater
1211 2671 1295 2716 est
1321 2677 1613 2732 generatis,
1641 2661 1809 2716 Filius
1829 2663 2064 2732 genitus,
2099 2663 2339 2734 Spiritus
2361 2673 2586 2718 sanctus
2609 2665 2934 2734 procedens.
2961 2663 3099 2718 llinc
3129 2666 3298 2720 Filius
3325 2665 3516 2720 sedere

261 2757 335 2809 ad
372 2755 546 2808 Patris
567 2754 848 2808 dexteram
876 2750 1101 2816 dicitur,
1134 2747 1373 2818 Spiritus
1397 2765 1526 2803 vero
1559 2757 1778 2803 sanctus
1792 2750 1858 2804 ad
1891 2750 2171 2804 dexteram
2204 2749 2352 2803 Filii.
2383 2751 2598 2804 Etenim
2619 2751 2671 2803 in
2701 2753 2911 2820 psalmo
2939 2768 3022 2806 crx
3051 2751 3128 2805 ait
3159 2752 3316 2806 Pater
3351 2752 3514 2806 Filio:

261 2845 420 2898 Dixit
449 2843 705 2896 Dominus
740 2839 963 2892 Domino
991 2855 1100 2891 meo
1135 2855 1148 2890 :
1179 2835 1309 2890 Sede
1340 2855 1372 2890 α
1406 2837 1605 2890 dextris
1634 2839 1762 2890 meis
1793 2837 1835 2891 ⁷.
1865 2838 1934 2891 Et
1959 2853 2085 2892 mox
2111 2838 2253 2892 idem
2299 2836 2457 2890 Pater
2491 2837 2568 2891 ait
2599 2836 2733 2894 Filio
2762 2859 2776 2894 :
2810 2839 2883 2892 Tu
2913 2857 2963 2894 es
2992 2839 3235 2894 sacerdos
3261 2841 3317 2894 in
3369 2849 3523 2894 mter—

263 2948 396 2985 num
418 2930 699 2984 secundum
727 2927 966 2980 ordinem
990 2923 1389 2988 Melchisedech,
1427 2924 1681 2977 Dominus
1708 2941 1741 2977 a
1771 2926 1971 2980 dextris
2009 2927 2112 2978 tuis
2140 2926 2184 2978 ⁸.

344 3027 432 3080 il.
473 3023 778 3091 Caeteroqui
815 3034 990 3088 neque
1016 3020 1189 3088 majus
1217 3035 1393 3088 neque
1423 3018 1603 3071 minus
1641 3017 1696 3071 in
1723 3017 1987 3072 Trinitate
2011 3019 2350 3074 sanctissima
2396 3021 2768 3090 comperitur:
2797 3023 2999 3078 etenim
3035 3023 3208 3094 majus
3238 3035 3293 3079 et
3322 3025 3522 3090 minus,

269 3128 439 3184 grave
469 3121 524 3167 et
551 3112 697 3176 leve,
745 3111 973 3162 multum
1007 3107 1090 3160 vel
1123 3122 1332 3175 parum,
1366 3121 1393 3158 a
1435 3106 1774 3174 temporibus
1803 3106 2044 3173 pendent
2070 3113 2124 3158 et
2158 3106 2328 3159 horis.
2356 3107 2518 3177 Atqui
2563 3109 2654 3162 ubi
2689 3125 2866 3178 neque
2902 3120 3140 3177 tempora
3167 3125 3288 3164 esse
3321 3124 3530 3180 queunt

267 3217 380 3256 nec
413 3201 583 3263 bone,
621 3207 682 3251 ut
709 3197 765 3249 in
798 3195 975 3249 divina
1007 3203 1205 3247 natura
1235 3192 1506 3256 usnvenit,
1545 3192 1620 3246 ibi
1650 3191 1784 3246 nihil
1813 3200 1898 3246 est
1933 3191 2110 3260 majus
2171 3195 2258 3246 vel
2303 3195 2506 3249 minus.
2553 3195 2812 3263 Majorem
2855 3207 3038 3250 autem
3084 3198 3190 3251 dixi
3237 3199 3528 3268 aliquando

273 3289 495 3342 Patrem
533 3285 670 3355 (28),
712 3298 812 3336 ceu
862 3281 1164 3350 genitorem
1198 3280 1452 3334 videlicet
1486 3289 1650 3348 atque
1683 3293 1948 3334 causam:
1985 3295 2164 3348 neque
2212 3281 2264 3336 id
2317 3291 2500 3336 tamen
2545 3284 2750 3352 absque
2795 3294 2942 3338 metu
2991 3285 3127 3346 dixi,
3192 3286 3528 3342 debilitatem

279 3371 450 3427 veluti
488 3370 536 3425 ei
572 3367 898 3428 attribuens,
930 3375 1091 3435 atque
1123 3366 1241 3434 ipso
1267 3363 1526 3433 obsequio
1561 3380 1683 3418 meo
1709 3363 1932 3420 laedens.
1961 3367 2174 3436 Quippe
2207 3367 2353 3422 Patri
2387 3387 2498 3424 non
2520 3379 2604 3424 est
2624 3372 2940 3442 gloriosum,
2969 3373 3014 3426 si
3051 3373 3290 3428 minores
3324 3375 3360 3428 ii
3409 3375 3531 3431 sint

275 3461 372 3530 qui
396 3461 464 3513 ab
487 3459 602 3528 ipso
631 3455 959 3524 proveniunt
987 3469 1000 3504 :
1027 3461 1110 3507 est
1139 3453 1282 3506 enim
1311 3453 1598 3507 inﬁrmitas
1624 3453 1892 3522 quzedam,
1925 3456 1970 3509 si
1999 3455 2196 3510 Filium
2223 3457 2446 3528 gignere
2475 3469 2733 3528 nequeat,
2757 3476 2936 3529 neque
2961 3461 3224 3532 Spiritum
3252 3463 3529 3528 emittere,

279 3545 388 3600 sibi
420 3543 677 3613 aequales.
709 3540 840 3594 Nam
877 3539 1324 3610 gloriosissimam
1359 3539 1534 3594 Patris
1569 3541 1865 3609 potentiam
1893 3543 2069 3608 decet,
2101 3555 2161 3599 ut
2194 3561 2349 3616 :eque
2383 3547 2602 3616 gloriosi
2642 3549 2750 3601 sint
2789 3549 2882 3618 qui
2919 3550 2984 3604 de
3013 3551 3133 3618 ejus
3178 3561 3372 3605 natura
3393 3567 3532 3622 .pro-

279 3639 529 3686 manant.
563 3630 683 3684 Non
709 3638 794 3684 est
822 3643 956 3698 ergo
991 3628 1207 3697 genitus
1236 3642 1412 3696 neque
1447 3629 1750 3696 procedens
1791 3629 1979 3697 Pater;
2013 3647 2124 3685 non
2149 3641 2232 3686 est
2275 3635 2487 3703 genitor
2513 3650 2690 3704 neque
2734 3637 3035 3706 procedens
3065 3637 3269 3704 Filius;
3311 3655 3422 3694 non
3451 3650 3535 3694 est

279 3721 501 3790 genitor
528 3734 708 3788 neque
744 3719 956 3788 genitus
992 3717 1226 3786 Spiritus
1257 3727 1500 3781 sanctus,
1526 3718 1651 3786 quia
1689 3726 1950 3786 perpetuo
1975 3718 2237 3786 procedit.
2270 3719 2508 3774 Laetatur
2541 3721 2701 3776 Pater
2740 3722 2908 3792 gloria
2947 3723 3088 3784 Filii,
3120 3727 3320 3795 gaudet
3358 3727 3534 3782 Filius

279 3807 357 3862 ob
391 3807 650 3860 honorem
695 3807 902 3866 Patris;
942 3805 1177 3874 Spiritus
1205 3805 1426 3859 demum
1459 3813 1680 3858 sanctus
1723 3805 1934 3859 Patrem
1967 3805 2270 3876 Filiumqne
2321 3809 2625 3878 gloriﬁcat;
2667 3812 2867 3881 quippe
2901 3813 2996 3882 qui
3040 3813 3106 3868 de
3146 3815 3364 3868 illorum
3401 3816 3538 3870 sub-

283 3895 488 3948 stantia
519 3895 812 3962 accipiens,
846 3903 1126 3949 creaturas
1163 3902 1408 3957 renovat,
1448 3893 1515 3946 ab
1561 3892 1787 3961 ipsoque
1818 3893 1998 3946 omnia
2042 3893 2185 3948 facta
2225 3906 2352 3950 sunt
2391 3896 2446 3950 in
2482 3897 2635 3954 caelis
2664 3908 2719 3953 et
2764 3916 2929 3969 super
2971 3911 3149 3967 terra,
3202 3903 3434 3958 visibilia
3481 3913 3539 3960 et

284 3983 605 4046 invisibilia,
641 3981 860 4035 sensilia
887 3988 944 4034 et
973 3979 1278 4044 insensilia,
1311 3980 1618 4048 corporalia
1654 3987 1709 4033 et
1749 3980 2088 4049 incorporea.

363 4071 452 4124 12.
495 4070 646 4124 llanc
697 4069 820 4123 ﬁdei
869 4067 1267 4138 professionem
1319 4078 1648 4136 acceperunt
1694 4068 1936 4122 Armenii
1971 4083 1998 4120 a
2035 4083 2232 4137 magno
2275 4069 2553 4142 Gregorio,
2585 4083 2638 4128 et
2667 4091 2697 4128 a
2732 4085 2921 4129 sancto
2955 4077 3234 4142 Aristace,
3272 4079 3539 4148 beatoque

283 4159 540 4218 Nersete,
575 4156 667 4226 qui
697 4157 802 4210 illis
841 4171 958 4210 eam
993 4155 1292 4208 attulerunt
1321 4171 1349 4208 a
1381 4157 1594 4210 duobus
1626 4155 1826 4211 sanctis
1853 4155 2097 4210 conciliis
2128 4157 2348 4212 Nicseno
2377 4169 2432 4213 et
2461 4161 3064 4234 Constantinopolitano
3096 4185 3110 4220 :
3144 4167 3236 4235 qui
3267 4169 3375 4221 duo
3403 4184 3540 4223 con-

287 4261 479 4300 sessus
514 4245 651 4298 duas
688 4258 883 4297 currus
927 4241 1180 4306 tartarei,
1211 4251 1270 4295 ut
1296 4241 1550 4304 diximus,
1582 4253 1728 4297 rotas
1757 4243 2060 4314 fregerunt,
2088 4243 2383 4300 Sabellium
2415 4247 2666 4304 videlicet
2694 4265 2856 4320 atque
2889 4253 3098 4306 Arium.
3139 4255 3243 4309 Sed
3279 4255 3543 4312 Diodorus

285 4333 514 4403 quidam
545 4330 853 4392 Tarsensis,
874 4330 964 4399 qui
997 4329 1173 4400 primo
1201 4330 1456 4393 Arianus,
1487 4339 1672 4399 postea
1697 4331 1761 4384 ad
1789 4332 2142 4385 orthodoxam
2169 4332 2330 4386 ﬁdem
2353 4349 2672 4402 conversus,
2699 4337 2892 4392 Filium
2918 4337 3061 4393 Patri
3089 4341 3254 4410 gloria
3281 4343 3542 4412 aequalem

287 4422 579 4476 confessus
616 4420 828 4486 fuerat;
865 4434 990 4473 cum
1029 4419 1321 4472 indecorus
1351 4419 1398 4472 ei
1447 4421 1725 4475 videretur
1763 4420 1933 4474 divini
1973 4418 2134 4472 Verbi
2180 4420 2478 4477 descensus
2509 4423 2562 4476 in
2609 4435 2813 4480 sancta:
2845 4425 3085 4496 Virginis
3116 4437 3353 4496 uterum,
3388 4446 3544 4484 com-

286 4513 515 4559 mentus
544 4513 630 4560 est
654 4505 843 4558 Jesum
870 4504 1152 4558 Christum
1181 4505 1456 4558 hominem
1501 4507 1878 4560 tantummodo
1906 4505 2076 4560 fuisse
2107 4517 2349 4562 creatum
2381 4511 2436 4562 in
2487 4512 2728 4582 Virginis
2768 4513 2924 4578 sinu,
2955 4513 3338 4586 Virginemque
3372 4517 3542 4587 ipsam

287 4593 436 4647 dixit
459 4592 716 4661 templum
747 4590 919 4645 fuisse
941 4591 1108 4654 veluti
1136 4599 1191 4644 et
1223 4593 1412 4655 altare,
1445 4593 1518 4646 ita
1545 4603 1604 4647 ut
1631 4595 1684 4647 in
1715 4595 1854 4663 ipsa,
1878 4605 2132 4664 tanquam
2161 4597 2216 4650 in
2247 4613 2361 4662 ara,
2387 4600 2632 4654 divinum
2659 4599 2898 4656 Verbum
2921 4603 3252 4659 habitaverit
3274 4624 3287 4660 :
3313 4606 3542 4674 ideoque

289 4681 444 4736 haud
478 4679 761 4748 Deiparam
806 4677 1078 4732 fatebatur
1110 4678 1356 4744 Mariam,
1393 4681 1488 4734 sed
1527 4681 1766 4736 hominis
1809 4683 2156 4753 genitricem,
2216 4685 2353 4739 duos
2389 4673 2618 4740 censeris
2660 4703 2780 4744 esse
2835 4689 2992 4754 ﬁlios,
3039 4693 3268 4746 alterum
3325 4673 3540 4758 natura,

289 4771 532 4823 alterum
595 4766 894 4820 secundum
953 4767 1177 4836 gratiam
1231 4767 1360 4834 (‘29).
1413 4767 1587 4836 llujus
1638 4769 1893 4823 alumnus
1946 4769 2051 4824 fuit
2105 4770 2429 4826 Theodorus
2499 4775 2919 4845 Mepsuestenus
2954 4796 2966 4830 :
2999 4791 3160 4848 atque
3220 4781 3289 4834 ab
3349 4783 3543 4837 horum

293 4855 657 4911 exsecrandis
703 4853 918 4942 scriptis
951 4861 1182 4942 caecatos
1225 4853 1528 4916 Nestorius,
1583 4871 1706 4908 cum
1743 4857 1907 4924 hujus
1937 4869 2136 4913 nostra:
2171 4863 2534 4930 metropoleos
2569 4867 2878 4919 cathedram
2910 4867 3292 4933 inscendisset,
3321 4885 3546 4942 corrup-

295 4953 422 4999 tum
463 4957 622 4996 suum
659 4940 918 5011 patefecit
957 4939 1218 5002 animum,
1261 4955 1424 5009 quem
1456 4951 1683 4996 eatenus
1715 4955 1872 4999 caute
1915 4947 2223 5013 celaverat,
2265 4952 2538 5020 coepitque
2591 4954 2889 5010 Ecclesiam
2943 4955 3036 5010 Dei
3087 4959 3436 5027 conturbare,
3483 4939 3550 5015 iet

289 5032 636 5088 orthodoxos
675 5029 956 5098 episcopos
1002 5029 1055 5081 in
1103 5029 1348 5082 exsilium
1391 5029 1610 5098 pellere.

378 5121 466 5172 l3.
509 5118 676 5190 lgitur
704 5115 1152 5185 quinquagesimo
1176 5115 1286 5184 (50)
1320 5126 1439 5184 post
1471 5119 2134 5190 Constantinopolitannm
2182 5128 2470 5182 concilium
2505 5141 2670 5188 anno,
2721 5129 3012 5184 Theodosii
3049 5147 3182 5186 vero
3211 5134 3442 5203 junioris
3475 5138 3546 5190 9.5

294 5207 440 5278 (51),
475 5205 645 5260 sancti
695 5205 883 5258 Patres
921 5203 1118 5272 Ephesi
1169 5205 1460 5258 concilium
1512 5207 1881 5275 celebrarunt,
1937 5230 2075 5282 quos
2129 5215 2272 5270 inter
2319 5215 2580 5285 praacipui
2635 5217 2956 5285 patriarcha:
3013 5229 3170 5273 erant
3224 5223 3548 5279 leestinus

376 5339 398 5370 ⁷
433 5337 575 5393 Psal.
606 5355 715 5402 clx,
750 5341 804 5394 1.
878 5335 900 5366 ⁸
931 5337 1063 5394 ibid.
1097 5340 1150 5394 4.

379 5499 765 5584 (2.8)“Legatur
801 5498 999 5584 Graecae
1023 5497 1285 5584 Ecclesiae
1328 5501 1573 5584 synodus
1613 5503 1712 5556 sub
1761 5502 1876 5583 illa-

1985 5523 2040 5584 p.
2069 5524 2196 5584 xxv,
2217 5508 2601 5584 Blontacutium
2631 5511 2883 5584 Anglum,
2905 5517 2996 5582 qui
3026 5516 3180 5570 valde
3211 5517 3463 5584 ἀμούσως
3489 5534 3549 5574 se

295 5567 782 5654 nuelellonin‘euq
801 5571 870 5654 ob
895 5569 1182 5654 locutionis
1201 5567 1510 5654 Dominieie,
1530 5571 1876 5654 Pater-major
1983 5567 2355 5654 fecitDiqdori
2387 5581 2546 5647 hujus
2573 5597 2636 5636 ac
2665 5567 2936 5640 Theodori
2971 5567 3352 5654 protectorem,

297 5658 390 5696 me
417 5651 512 5702 est,
563 5639 932 5694 difﬁcultatem
988 5649 1044 5691 et
1091 5641 1516 5708 controversiam
1566 5639 1870 5708 celebrata,
2056 5649 2146 5716 (50
2207 5649 2342 5702 Cod.
2371 5639 2460 5704 45.

297 5712 582 5788 apujlmnos
610 5711 807 5788 script.
849 5718 956 5762 vel.
993 5707 1057 5760 Τ.
1087 5706 1173 5763 IV.
1274 5777 1284 5788 _
1401 5778 1432 5788 υ
1613 5780 1624 5788 _
1836 5783 1854 5788 Α
2056 5649 2169 5788 (511
2208 5717 2340 5773 God.
2373 5719 2460 5773 15.

297 5712 582 5788 apujlmnos
610 5711 807 5788 script.
849 5718 956 5762 vel.
993 5707 1057 5760 Τ.
1087 5706 1173 5763 IV.
1274 5777 1284 5788 _
1401 5778 1432 5788 υ
1513 5706 1516 5708 ’
1613 5780 1624 5788 _
1836 5706 1864 5788 ς
2056 5706 2169 5788 (51)
2208 5717 2340 5773 God.
2373 5719 2462 5773 15.

379 5781 492 5852 (29)
531 5777 721 5836 Merito
781 5795 908 5848 ergo
949 5794 1048 5834 nos
1111 5777 1558 5848 reprehendimus
1609 5780 1666 5834 in
1719 5783 1870 5852 przef.
1950 5817 1952 5819 ›
