3964 6470
538 398 641 467 ’111
1713 405 1981 469 ΡΗΟΤΠ
2018 407 2103 469 ΡΑ

2188 402 2525 468 ΠΑΒΠΗΛΕ
2561 404 2669 468 CP.
3663 399 3753 465 71?.

538 514 979 590 Romanusm),
1022 511 1255 593 Cyrinus
1272 516 1699 590 Atexandrinus,
1742 523 1975 580 Ioannes
2001 522 2404 590 Antiochenus,
2439 520 2719 578 Juvenalis
2760 514 3304 592 Hierosolymitanus,
3330 514 3423 588 qui
3460 513 3612 571 simul
3650 530 3756 573 cmn

538 606 793 662 ducentis
820 607 935 676 (55)
967 608 1239 679 episcopis
1270 608 1499 677 impium
1545 606 1859 667 NeStorium
1891 613 2240 668 anathemate
2287 613 2599 683 perculsum
2646 612 2714 666 ab
2768 610 3008 666 Ecclesia
3057 607 3509 665 exterminarunt.
3558 603 3757 674 Cyrillus

539 702 726 751 autem
753 694 1175 763 Alexandrinus,
1203 702 1259 752 et
1283 693 1513 752 Proclus
1545 696 1619 770 Cy
1631 699 1850 754 zicenus
1885 699 2081 754 litteris
2107 700 2175 755 ad
2204 709 2455 756 sanctum
2485 699 2732 755 Isaacum
2765 699 2821 754 in
2857 697 3171 754 Armeniam
3206 695 3388 751 missis
3415 692 3541 764 (54),
3568 707 3759 750 causam

539 782 801 838 celebrati
830 783 1044 837 concilii
1076 798 1201 838 eum
1237 783 1548 839 docuerunt
1579 802 1594 841 :
1627 796 1851 842 sanctus
1890 802 2023 842 vero
2056 786 2271 843 lsaacus
2298 787 2513 844 concilii
2558 786 2940 843 auctoritatem
2983 783 3222 851 admisit,
3272 790 3330 837 et
3378 778 3618 836 Nestorio
3641 780 3758 837 dixit

539 872 852 925 anathema.
888 871 1017 926 Bac
1050 871 1229 926 fuerat
1255 880 1372 926 rota
1410 873 1632 929 tartarei
1660 889 1856 931 currus
1885 874 2065 929 tertia.

610 958 698 1012 14.
741 954 1002 1013 Postliinc
1032 958 1283 1029 apparuit
1330 959 1596 1016 scelestus
1646 960 1939 1033 Eutyches,
1979 961 2301 1018 Sabeiiiana
2335 971 2500 1018 secta
2542 962 2814 1028 surculus,
2856 960 2951 1031 qui
2994 974 3158 1015 unam
3189 972 3313 1013 esse
3339 956 3479 1012 dixit
3500 955 3695 1013 deitatis
3716 968 3763 1014 et

539 1047 787 1116 corporis
816 1046 948 1101 Jesu
970 1046 1177 1101 Christi
1204 1055 1457 1101 naturam
1484 1065 1499 1104 :
1527 1047 1855 1118 opinabatur
1880 1049 2028 1103 enim
2059 1049 2255 1105 factam
2276 1049 2535 1106 unionem
2561 1056 2688 1104 ante
2714 1050 2933 1111 saecula,
2961 1058 3019 1103 et
3053 1061 3252 1117 corpus
3276 1044 3345 1100 de
3372 1044 3508 1099 calo
3534 1043 3760 1112 delatum,

536 1146 651 1186 non
682 1138 867 1188 autem
893 1148 961 1188 ex
997 1127 1221 1206 Virgine
1256 1143 1496 1205 captum.
1524 1133 1817 1193 Nestorius
1851 1135 2096 1192 divinum
2126 1132 2366 1194 Verbum
2394 1139 2617 1211 negavit
2646 1147 2836 1193 natum
2871 1152 2995 1194 esse
3026 1137 3096 1193 de
3118 1135 3363 1207 Virgine,
3387 1133 3599 1205 negavit
3625 1131 3764 1205 Euty-

539 1220 673 1275 ches
703 1218 945 1277 Verbum
982 1231 1234 1276 naturam
1265 1232 1509 1278 nostram
1541 1224 1844 1295 sumpsisse
1870 1225 1938 1280 de
1968 1235 2162 1293 matre,
2195 1244 2260 1284 ac
2286 1229 2496 1285 ratione
2524 1228 2786 1284 ineﬁabili
2816 1238 2873 1284 et
2909 1228 3047 1282 mira
3079 1241 3203 1283 cum
3248 1240 3348 1280 sua
3395 1222 3589 1278 deitate
3616 1237 3759 1292 copu-

541 1308 759 1364 iavisse.
795 1306 967 1365 Porro
1008 1309 1298 1364 Flavianus
1339 1319 1539 1365 nostra
1585 1312 1948 1382 metropoleos
2002 1316 2334 1385 patriarcha,
2382 1333 2443 1372 re
2492 1318 2710 1388 cognita
2760 1315 3059 1388 Eutychem
3100 1312 3260 1386 jussu
3316 1307 3517 1367 Leonis
3568 1308 3763 1368 Romani

540 1396 869 1466 patriarcha
915 1397 1221 1452 sacerdotio
1270 1398 1453 1452 statim
1508 1408 1673 1469 atque
1719 1396 1977 1456 Ecclesia
2022 1407 2406 1460 communione
2441 1405 2696 1476 privavit.
2738 1402 2837 1460 llic
2876 1414 3061 1460 tamen
3093 1401 3415 1473 primarium
3459 1394 3765 1465 eunuchum,

541 1494 705 1555 quem
737 1494 835 1540 sua
862 1485 1171 1556 pestilentia
1196 1485 1491 1553 alliaverat,
1522 1487 1922 1561 Chrysaphium
1946 1490 2059 1559 (55)
2084 1492 2309 1563 rogavit,
2335 1502 2395 1548 ut
2414 1509 2512 1563 pro
2534 1510 2593 1548 se
2611 1494 2676 1548 ad
2700 1492 3127 1549 Alexandrinum
3151 1489 3475 1544 Dioscorum
3505 1485 3761 1541 scriberet:

541 1571 689 1641 quod
724 1582 916 1644 reapse
945 1577 1232 1629 eunuchus
1262 1576 1546 1646 praestitit,
1578 1576 1721 1631 datis
1753 1576 1821 1630 ad
1859 1572 2183 1634 Dioscorum
2216 1581 2442 1647 litteris,
2477 1597 2508 1636 a
2537 1597 2647 1652 quo
2681 1581 2955 1653 Eutyches
3002 1580 3061 1634 in
3100 1577 3361 1634 Ecclesia
3406 1573 3659 1646 gremium
3689 1573 3767 1629 fuit

542 1670 822 1730 receptus.
863 1660 989 1716 Mox
1030 1669 1215 1718 tamen
1244 1663 1359 1733 ipse
1414 1660 1716 1719 Dioscorus
1760 1665 2115 1721 conscientiae
2139 1669 2412 1724 morsibus
2446 1669 2608 1735 ictus,
2642 1669 2841 1723 timens
2864 1666 3119 1726 Ecclesia
3144 1679 3388 1720 canones
3411 1659 3523 1732 (56)
3552 1669 3605 1716 et
3630 1660 3765 1733 legem

544 1751 1150 1813 excommunicationls.
1197 1763 1490 1824 propterea
1517 1753 1664 1824 quod
1712 1754 2022 1824 depositum
2070 1754 2263 1812 ordine
2319 1757 2602 1812 hominem
2641 1765 2697 1811 et
2743 1754 3079 1811 anathemati
3125 1753 3437 1821 subjectum
3481 1749 3762 1818 recepisset,

543 1840 750 1908 absque
774 1851 927 1894 mora
966 1840 1262 1910 postulavit
1287 1857 1318 1896 a
1343 1842 1623 1913 pracipuo
1669 1841 1763 1896 illo
1802 1840 1858 1895 in
1891 1842 2014 1897 aula
2055 1844 2337 1908 eunucho,
2396 1854 2457 1900 ut
2506 1844 2803 1901 concilium
2849 1840 3049 1913 Ephesi
3082 1840 3444 1901 indiceretur,
3488 1833 3627 1892 haud
3665 1852 3765 1894 sane

541 1924 749 1982 divinae
779 1924 1043 1982 voluntati
1075 1928 1376 1996 conforme,
1407 1944 1511 1984 nec
1555 1928 1813 1986 Ecclesia
1864 1930 2020 1996 utile,
2055 1930 2152 1987 sed
2194 1940 2256 1987 ut
2299 1942 2573 2004 patratum
2616 1948 2646 1987 a
2687 1948 2749 1988 se
2781 1931 2991 1987 crimen
3029 1930 3254 1984 velaret.
3302 1925 3492 1995 Neque
3529 1939 3649 1979 vero
3686 1923 3765 1981 illic

483 2033 487 2039 ·
542 2015 807 2088 synodico
846 2015 970 2085 jure
1020 2032 1078 2071 se
1121 2018 1289 2087 gessit
1325 2018 1638 2084 Dioscorus,
1663 2018 1759 2074 sed
1800 2019 2058 2075 eunucho
2089 2029 2147 2075 et
2196 2023 2531 2079 militaribus
2591 2023 2764 2094 copiis
2804 2006 2990 2087 fultus,
3020 2018 3211 2074 exsilio
3239 2026 3298 2072 et
3335 2030 3472 2071 nece
3501 2013 3763 2069 Flavianum

544 2106 820 2172 multavit,
852 2105 1056 2163 Leonis
1086 2110 1412 2179 patriarcha
1440 2110 1670 2166 Romani
1700 2112 1989 2183 epistolam
2028 2111 2256 2184 sprevit.
2289 2108 2561 2167 Domuum
2601 2110 2963 2181 patriarcbam
2991 2106 3400 2163 Antiochenam
3434 2102 3759 2160 excommuni-

544 2196 710 2260 cavit,
751 2196 844 2265 qui
897 2196 1078 2253 scelus
1122 2200 1245 2270 ejus
1285 2197 1691 2270 improbaverat
1728 2220 1741 2255 :
1775 2199 2098 2258 Iuvenalem
2147 2215 2303 2273 aque
2350 2198 2716 2270 patriarcham
2757 2194 3314 2266 Hierosolymitanum
3356 2198 3758 2261 aspernatusest.

543 2285 769 2354 pralato
798 2278 884 2341 his
912 2286 1176 2363 Eutyche,
1213 2304 1376 2359 quem
1408 2288 1489 2343 uti
1522 2289 1886 2345 ortbodoxum
1926 2291 1983 2346 in
2016 2290 2226 2345 honore
2254 2287 2468 2343 habuit.
2511 2284 2739 2357 Cognita
2785 2282 3027 2340 Dioscori
3066 2280 3282 2348 fraude,
3349 2277 3533 2336 moesti
3573 2277 3755 2349 episcopi

544 2370 892 2429 dicesserunt
930 2375 988 2429 in
1044 2385 1199 2432 suam
1231 2380 1464 2449 quisque
1502 2378 1784 2450 regionem
1814 2389 1980 2451 atque
2018 2379 2332 2443 stationem,
2374 2374 2682 2445 mansitque
2729 2381 2939 2428 tantum
2977 2371 3272 2426 Dioscorus
3301 2384 3432 2424 cum
3472 2365 3696 2438 Eutyche
3727 2372 3761 2420 et

544 2461 734 2531 paucis
759 2461 900 2528 aliis,
929 2478 1029 2518 ceu
1064 2478 1262 2520 corvus
1302 2466 1359 2520 in
1392 2466 1524 2522 nido
1556 2484 1676 2534 suo,
1720 2485 1822 2526 ceu
1859 2477 2012 2541 stryx
2044 2468 2101 2522 in
2143 2463 2422 2529 maceriis,
2456 2478 2560 2518 ceu
2582 2461 2821 2532 denique
2850 2459 2973 2516 titio
3011 2456 3213 2514 ardens
3238 2457 3299 2512 in
3329 2470 3574 2512 nemore.
3604 2453 3716 2525 Ergo
3739 2470 3760 2507 a

543 2549 727 2620 magni
756 2550 942 2622 Cyrilli
972 2560 1153 2619 atate,
1183 2562 1239 2609 et
1262 2570 1291 2609 a
1318 2556 1503 2627 priore
1532 2556 1735 2627 Ephesi
1780 2568 1973 2613 sancto
2000 2553 2234 2614 concilio
2263 2565 2440 2622 usque
2466 2549 2537 2605 ad
2574 2547 2820 2604 Dioscori
2854 2547 3283 2603 conciliabulum
3330 2545 3464 2600 anni
3493 2542 3762 2600 efliuxemnt

543 2632 614 2693 i8
643 2640 777 2709 (57);
818 2641 888 2696 ab
922 2641 1027 2696 hoc
1059 2649 1245 2697 autem
1280 2643 1350 2699 ad
1374 2643 1827 2704 Chaicedonense
1854 2645 1984 2701 anni
2009 2644 2118 2700 duo
2147 2640 2282 2713 (58).

614 2724 704 2784 15.
746 2729 961 2799 Quippe
998 2729 1187 2799 junior
1234 2728 1601 2799 Theodosius,
1644 2735 1885 2790 tumultu
1913 2731 2100 2788 audito
2138 2746 2303 2802 quem
2340 2728 2397 2784 in
2449 2725 2692 2783 Eccelsia
2734 2725 3024 2782 Dioscorus
3068 2723 3469 2788 concitaverat,
3511 2721 3653 2792 cujus
3685 2720 3762 2776 late

539 2815 886 2887 perturbatio
910 2817 1343 2888 propagabatur;
1380 2818 1510 2874 dum
1544 2836 1880 2893 magnopere
1923 2820 1995 2876 ob
2036 2834 2158 2874 eam
2197 2832 2313 2873 rem
2351 2824 2634 2881 aestuaret,
2668 2815 2880 2869 litteras
2918 2830 2951 2869 a
2990 2813 3174 2868 Leone
3216 2810 3535 2883 patriarcha
3563 2808 3754 2864 Romano

546 2905 878 2974 tempesﬁve
916 2905 1152 2975 accepit,
1186 2905 1277 2974 qui
1314 2906 1542 2976 rogabat
1589 2907 2015 2978 imperatorem,
2049 2916 2110 2961 ut
2152 2905 2552 2961 acumeuicum
2609 2902 2903 2958 concilium
2937 2901 3330 2967 contraheret,
3380 2900 3454 2954 oh
3500 2898 3760 2954 ﬁrmandam

544 2999 862 3045 sanctorum
901 2999 1151 3045 veterum
1187 2991 1409 3046 Patrum
1440 2994 1817 3049 traditionem.
1844 2994 2122 3049 Mandavit
2152 3008 2283 3064 ergo
2307 2992 2626 3063 imperator,
2656 3000 2718 3047 ut
2746 2991 3130 3062 episcoporum
3161 2999 3481 3046 conventus
3504 2984 3661 3041 ﬁeret.
3687 2982 3762 3039 Sed

543 3084 672 3133 cum
708 3078 825 3149 ipse
856 3078 1047 3133 eodem
1095 3092 1243 3133 anno
1281 3078 1531 3148 obiisset,
1574 3082 1751 3138 caruit
1799 3078 2000 3137 effectu
2047 3081 2350 3136 decretum.
2398 3080 2520 3136 Mox
2560 3089 2745 3136 tamen
2800 3094 3086 3135 successor
3122 3078 3247 3149 ejus
3297 3075 3598 3133 Marcianus
3633 3073 3762 3145 primo

544 3169 767 3239 quidem
798 3183 944 3223 anno
973 3169 1269 3241 imperium
1294 3170 1364 3227 ad
1406 3171 1776 3229 obedientiam
1815 3173 2163 3244 composuit,
2209 3171 2383 3227 altero
2416 3178 2603 3225 autem
2654 3167 2976 3240 pradictum
3021 3166 3372 3239 propositum
3415 3160 3762 3234 exsequendum

543 3257 780 3312 curavit.

618 3346 706 3401 16.
749 3345 1202 3403 Concludendum
1233 3358 1318 3405 est
1364 3349 1548 3423 igitur,
1593 3358 1757 3420 prout
1782 3349 1895 3421 jam
1932 3363 2095 3419 supra
2142 3345 2444 3418 arguimus,
2478 3360 2679 3416 nempe
2729 3342 2872 3415 quod
2919 3341 2966 3397 si
2994 3347 3204 3397 cuncta
3243 3336 3495 3394 ecclesia
3518 3334 3658 3391 annis
3689 3331 3759 3423 iSl

542 3442 674 3506 pust
699 3434 1036 3490 salutiferam
1079 3422 1519 3494 incarnationem
1549 3439 1664 3507 (59)
1703 3453 1879 3508 usque
1918 3437 1987 3491 ad
2021 3434 2468 3491 Chalcedonense
2507 3433 2802 3488 concilium
2836 3431 2893 3485 in
2937 3444 3065 3485 vera
3097 3427 3367 3498 religione
3398 3427 3603 3494 ﬁdeque
3627 3422 3762 3477 ortho-

545 3525 686 3579 doxa
715 3523 1098 3595 perStiterunt,
1131 3534 1187 3581 et
1216 3527 1449 3583 nutricis
1480 3528 1652 3582 instar
1679 3527 1763 3583 lac
1801 3527 1860 3581 in
1885 3522 2106 3582 Christo
2135 3538 2236 3578 ceu
2263 3522 2507 3594 parvulis
2540 3522 2897 3592 prabuerunt
2932 3517 3052 3573 orbi
3082 3525 3381 3579 terrarum,
3426 3530 3523 3585 per
3565 3513 3760 3568 doctores

542 3610 778 3683 inclytus
811 3612 879 3667 de
909 3612 1223 3685 evangelica
1252 3615 1405 3671 fonte
1434 3631 1682 3682 manans,
1708 3631 1831 3687 qua
1864 3631 1951 3671 res
1969 3614 2064 3669 toti
2096 3612 2300 3668 mundo
2335 3609 2625 3665 manifesta
2649 3618 2755 3676 est,
2793 3607 2885 3678 qui
2915 3605 3032 3662 ﬁeri
3052 3603 3228 3677 potuit
3248 3613 3312 3658 ut
3341 3618 3373 3657 a
3406 3610 3551 3658 recto
3581 3597 3758 3661 tramite,

484 3710 499 3723 ‘
545 3712 711 3771 quem
742 3708 963 3771 semper
992 3711 1305 3769 tenuerant,
1344 3704 1766 3765 aberraverint?
1789 3704 1923 3772 Quis
1954 3702 2162 3766 credat,
2192 3700 2432 3770 quinque
2471 3697 2819 3768 patriarchas
2847 3695 2917 3750 ad
2963 3693 3211 3781 eamdem
3242 3691 3462 3781 falsam
3491 3687 3753 3781 sententia!!!

544 3798 711 3860 atque
738 3789 1034 3845 concilium
1061 3792 1308 3864 potuisse
1334 3788 1637 3848 divertere?
1669 3790 1826 3860 Quod
1859 3793 1904 3848 si
1938 3792 1994 3847 bi
2024 3805 2216 3859 reapse
2244 3805 2278 3844 a
2306 3803 2436 3842 vera
2466 3786 2575 3841 ﬁde
2604 3785 2984 3847 descivissent,
3012 3782 3132 3837 sine
3160 3780 3333 3836 dubio
3366 3794 3398 3834 a
3430 3776 3542 3834 Deo
3571 3774 3753 3833 derelicti

544 3878 866 3949 sanctisque
905 3878 1040 3934 locis
1104 3878 1340 3935 fuissent
1386 3880 1633 3954 depulsi,
1673 3878 1820 3937 haud
1864 3894 2026 3936 secus
2067 3893 2231 3949 quam
2278 3874 2517 3949 populus
2560 3872 2892 3929 lsraeliticus
2934 3870 3049 3927 Deo
3093 3869 3318 3925 rebellis
3359 3869 3528 3941 gloria
3565 3878 3759 3933 suaspo-

544 3964 710 4021 liatus
731 3976 834 4021 est.

622 4055 715 4109 17.
756 4053 915 4110 Nunc
942 4056 1058 4126 jam
1087 4054 1450 4110 orthodoxam
1490 4054 1800 4110 doctrinam
1837 4069 1961 4109 cum
1992 4053 2082 4108 illa
2111 4052 2459 4110 conferamus
2488 4050 2854 4108 Jacobitarum
2901 4049 3292 4121 acephalorum
3313 4089 3329 4111 ,
3365 4045 3598 4103 Dioscori
3641 4044 3763 4111 Euty—

546 4144 777 4213 chisque
815 4144 1182 4211 alumnor‘um,
1220 4145 1313 4215 qui
1347 4142 1549 4199 Christi
1592 4141 1687 4199 Dei
1727 4153 1782 4199 et
1813 4144 2052 4199 hominis
2085 4159 2251 4197 unam
2289 4141 2693 4198 contenderunt
2736 4154 2860 4196 esse
2910 4148 3185 4201 naturam,
3220 4150 3497 4206 unamque
3520 4149 3623 4189 rem
3649 4139 3764 4202 puta'

546 4240 680 4287 runt
703 4248 995 4302 personam
1027 4250 1150 4290 esse
1178 4244 1343 4305 atque
1388 4244 1665 4288 naturam.
1711 4233 1870 4290 Certe
1900 4250 1965 4290 es
2002 4235 2219 4289 illorum
2245 4232 2519 4287 sententia
2559 4230 2936 4300 consequitur,
2972 4235 3036 4281 ut
3064 4226 3412 4282 sanctissima
3441 4222 3660 4279 Trinitas
3684 4231 3762 4272 non

546 4319 777 4375 eitsistat
811 4339 825 4374 :
860 4330 988 4376 nam
1021 4322 1067 4375 si
1101 4316 1394 4377 Trinitatis
1425 4331 1621 4376 natura
1656 4339 1763 4377 una
1797 4333 1899 4387 est,
1927 4323 2003 4377 uti
2045 4337 2234 4377 revera
2259 4330 2364 4383 est.
2402 4334 2568 4374 unam
2602 4333 2821 4388 quoque
2851 4326 3142 4387 personam
3170 4328 3296 4370 esse
3329 4327 3468 4384 opus
3494 4320 3577 4367 est
3602 4326 3616 4364 :
3644 4316 3765 4375 atque

546 4407 624 4461 ita
654 4418 777 4460 cum
810 4404 1050 4464 Sabellio
1079 4411 1419 4480 conspirant,
1454 4418 1509 4464 et
1539 4426 1661 4465 cum
1703 4411 1867 4465 Petro
1900 4410 2148 4477 Fullone,
2182 4424 2247 4465 ac
2269 4408 2486 4465 Joanne
2536 4406 2960 4463 Mairacomensi
2988 4405 3124 4476 (40).
3165 4403 3340 4460 Secus
3386 4418 3534 4465 vero,
3572 4400 3613 4456 si
3637 4409 3764 4451 unum

546 4494 679 4567 quid
710 4507 840 4551 sunt
867 4508 1104 4567 persona
1136 4509 1300 4568 atque
1329 4508 1547 4564 natura,
1590 4498 1839 4569 sequitur
1870 4508 1949 4564 ut,
1987 4498 2115 4569 quia
2157 4506 2269 4553 tres
2315 4508 2445 4554 sunt
2489 4497 2852 4554 sanctissima
2881 4494 3168 4551 Trinitatis
3200 4506 3469 4563 persona,
3511 4482 3766 4545 necessario

542 4595 661 4640 tres
688 4598 905 4657 quoque
936 4595 1148 4641 natura
1177 4588 1308 4651 siut,
1341 4595 1505 4657 prout
1541 4587 1866 4643 vestratium
1903 4586 2098 4642 insana
2129 4585 2411 4643 sententia
2438 4570 2699 4655 postulat,
2735 4584 2829 4655 qui
2860 4583 2967 4639 hoc
2997 4589 3158 4653 pacto
3183 4594 3312 4637 cum
3342 4578 3493 4646 Aria,
3531 4570 3763 4633 Eunomia.

546 4681 605 4729 et
632 4666 957 4730 Macedonio
990 4674 1367 4730 consentiunt.
3647 4749 3657 4757 _
3708 4746 3719 4757 ,

620 4757 710 4814 1³8.
749 4761 905 4817 Adde
927 4761 1078 4832 quod
1118 4763 1403 4829 contraria
1426 4763 1718 4819 contrariis
1758 4762 2145 4825 excluduntur,
2180 4764 2351 4820 veluti
2397 4764 2603 4820 bonum
2644 4762 2792 4817 maio
2824 4761 3068 4833 pellitur,
3094 4759 3273 4815 visum
3316 4754 3531 4813 cacitas
3555 4749 3764 4823 peril“;

548 4848 792 4904 tenebrae
819 4850 1001 4907 lucem
1029 4856 1138 4905 non
1164 4853 1472 4923 patiuntur.
1498 4851 1578 4907 ita
1604 4867 1833 4923 prorsus
1857 4852 1913 4906 in
1939 4866 1999 4906 re
2028 4860 2215 4907 nostra
2242 4852 2584 4925 arguentium
2609 4860 2712 4906 est.
2741 4849 2802 4905 Si
2832 4848 3296 4905 Chalcedonense
3323 4841 3605 4900 concilium

550 4937 656 4993 tria
690 4946 802 4993 non
832 4940 1094 5006 admittit,
1119 4920 1249 5014 ergo
1283 4940 1391 4997 illis
1419 4920 1706 5014 repugnat,
1746 4942 2048 5013 eademque
2092 4920 2515 4997 abolethecus
2542 4953 2678 4996 vero
2705 4937 2756 4995 si
2782 4946 2846 4992 ut
2874 4953 2905 4992 a
2930 4931 3536 5005 Constantinopolitano
3578 4920 3764 4983 concilio

627 5162 739 5237 (3i)
779 5162 895 5218 lmo
936 5166 1267 5223 Calestinus
1305 5181 1407 5236 per
1447 5165 1708 5237 Cyrillum
1760 5164 2013 5237 praefuit,
2059 5165 2138 5237 uti
2235 5235 2265 5237 μ
2310 5162 2426 5235 (56)
2448 5161 2671 5237 Confer
2687 5154 3443 5237 canonem.a_postoljcumﬁlﬁ§,
3461 5160 3515 5210 et
3534 5150 3766 5207 Nicanum

553 5226 896 5309 exploratum
927 5247 1034 5309 est,
1070 5246 1233 5309 atque
1266 5226 1471 5309 utﬁnos
1493 5226 1613 5309 'ipsi
1641 5226 2058 5291 erucitdavintus
2086 5236 2144 5291 in
2234 5235 2290 5305 3,
2318 5226 2461 5309 apud
2475 5250 2596 5309 _no_s
2631 5232 2819 5309 §picil.
2874 5242 2920 5288 t.
2954 5226 3065 5301 ΥΠ,
3088 5247 3146 5303 p.
3174 5230 3304 5299 205,
3327 5226 3453 5283 207.

555 5303 917 5378 S.'(_;ermano
953 5306 1049 5360 lib.
1072 5303 1167 5378 cit'.
1196 5324 1252 5378 p.
1285 5308 1374 5362 57.
1415 5377 1423 5378 7
1528 5303 1547 5309 ’
1601 5377 1631 5378 η
1887 5377 1893 5378 γ
1926 5375 2029 5378 μη

1160 5324 1252 5378 .p.
1285 5308 1374 5362 57.
1415 5377 1423 5378 7
1528 5303 1547 5309 ’
1601 5377 1631 5378 η
1887 5375 2029 5378 ΑΛ-
2276 5303 2423 5378 (57)
2464 5304 2602 5378 Cod.
2632 5304 2725 5378 28.

624 5375 740 5447 (55)
777 5374 838 5447 l_n
876 5374 1554 5447 fragmentis—Tusculanis
1583 5377 1843 5433 dicuntur
1867 5375 2070 5432 CCXL.
2313 5374 2424 5447 (58)
2465 5376 2605 5430 Cod.
2640 5375 2889 5445 quinque.

624 5439 1144 5519 (54)»Procli'antea
1172 5447 1329 5519 electi
1360 5447 1830 5519 Cyzicenipostea
1864 5448 2142 5519 Constan-
2312 5439 2425 5518 (59)
2469 5447 2608 5503 Cod.
2644 5439 2801 5499 annis
2863 5443 2971 5501 472
3028 5451 3143 5513 post
3196 5440 3523 5512 salutiferam
3576 5439 3769 5485 resurre—

552 5515 897 5585 tinOpolitani
943 5516 1192 5588 episcopi
1225 5515 1746 5602 exstat'dogmatica
1802 5518 2031 5588 epistola
2079 5519 2147 5572 ad
2241 5515 2491 5573 ctionem.
3143 5584 3157 5596 .

563 5586 874 5615 ..........:.....
919 5587 1105 5615 [νη-τηε
1155 5603 1265 5615 ..κη
1299 5587 1429 5615 ειη...
1487 5590 1591 5615 -..ηε
1638 5589 1776 5615 ι·,....,.
1814 5598 1895 5615 ...η
1942 5604 2045 5615 ......
2080 5605 2145 5615 ..υ
2320 5588 2429 5615 um
2478 5586 2695 5615 I-......:..
2747 5585 3187 5615 n-:.....mmm....
3233 5595 3440 5615 ama-nn
3486 5583 3677 5615 nrt-ans
3715 5563 3766 5615 ab

553 5580 875 5661 Armenios;
919 5580 1109 5661 Cirilli
1138 5580 1267 5644 'non
1299 5587 1455 5655 item,
1487 5580 1595 5645 nisi
1637 5589 1778 5645 forte
1814 5580 1901 5645 est
1942 5604 2049 5643 una
2080 5605 2149 5644 ex
2254 5649 2281 5661 ν,
2316 5588 2430 5659 (40)
2469 5586 2698 5661 annonis
2747 5584 3190 5661 Mairacomensis
3232 5595 3445 5661 crassos
3486 5580 3737 5661 βγῗοτῖξλ

553 5642 875 5739 εηςέξμὴξξεί
1158 5642 1241 5739 Vm
1358 5642 1363 5643 γ
1440 5642 1454 5655 ’
1483 5642 1595 5739 Hm
1952 5642 1959 5643 ί
2090 5642 2109 5739 ἡ.
2249 5642 2389 5739 ipsis
2411 5642 3288 5739 [Armeniisscriptoribusnfuisse
3316 5652 3583 5739 refutatos‘,

916 5726 1242 5800 Chrysaphii
1272 5729 1537 5800 eunuchi
1586 5728 1906 5785 cubicularii
1972 5728 2148 5800 gratia
2250 5708 3386 5800 iiii'ic"r'€v'fiiiéhiép'iéeopiissiunaqp.
3417 5722 3511 5800 cit.
3548 5708 3765 5800 [532:2

559 5776 2024 5928 aplfd"ThEoJo'éiéiﬁ'gdi.i6€é$'iég££idi"'éiiim°'
2038 5776 2148 5856 ῐέἐιῖ
2248 5776 2341 5864 is,
2364 5776 3475 5854 ἰῐρῖιὶὲηῖἠῑίῖίἐῖιὶῖιῖῐιῖιξίῗιῐξῖιιόιὶέωε
3499 5776 3703 5854 ίιίρι-εί.
3722 5778 3766 5826 οι

559 5877 779 5928 menta
812 5868 1125 5928 Tusculana
1197 5869 1344 5928 nicil.
1376 5877 1417 5926 t.
1444 5869 1511 5926 ll.
2246 5871 2377 5927 adn.
2413 5869 2484 5925 ad
2516 5876 2658 5924 orat.
2687 5869 2845 5925 .loan.
2884 5867 3021 5923 Οιιι.

553 5867 779 5959 emerita
812 5868 1125 5929 Tusculana
1155 5867 1344 5940 Spicil.
1376 5877 1417 5926 t.
1444 5869 1511 5926 ll.
1551 5867 1575 5874 '
2246 5871 2377 5927 adn.
2413 5869 2484 5925 ad
2516 5876 2658 5924 orat.
2687 5869 2845 5925 .loan.
2884 5867 3021 5923 Οιιι.
