3964 6432
243 367 304 427 Ἠ
318 365 358 422 3
1410 369 1808 429 EPISTULAP

1934 369 2213 428 [LIBER
2254 368 2303 428 ῐ.
3390 371 3499 435 794

245 488 534 549 receptum
572 476 679 531 fuit
704 475 1005 538 Nicrenum,
1040 475 1111 529 ita
1142 474 1591 530 Chalcedonense
1626 474 1725 527 tria
1757 473 1939 543 priora
1980 475 2276 530 reveritum
2308 482 2431 542 est;
2462 476 2751 545 perspicue
2797 487 3023 547 apparet
3068 479 3171 535 hoc
3209 496 3334 539 cum
3389 485 3503 542 illis

241 566 581 627 consentire,
620 580 684 617 ac
706 563 1018 617 nullatenus
1050 577 1171 616 esse
1194 562 1551 617 contrarium.
1584 562 1851 617 Praeterea
1880 563 2048 633 leges,
2079 563 2300 634 regulae,
2326 578 2586 628 canones,
2618 575 2674 618 et
2706 565 2950 620 instituta
2977 567 3060 621 vel
3090 571 3337 625 conciliis
3365 588 3503 627 con-

243 657 458 709 ﬁrmata
500 653 719 707 fuerunt
748 653 833 706 vel
864 652 1164 706 miraculis.
1200 651 1471 706 Miraculis
1501 652 1720 721 quidem
1770 670 1822 705 v.
1860 667 1940 723 gr.
1972 650 2168 721 Moysis
2194 650 2249 704 in
2281 651 2515 722 Egypto
2547 660 2712 721 atque
2739 654 2793 707 in
2827 655 3125 725 Erythram.
3159 658 3243 711 vel
3288 658 3503 717 Domini

241 744 422 796 nostri
456 741 585 795 Jesu
626 740 826 795 Christi
863 755 1035 810 aegros
1064 739 1331 805 sanantis,
1363 750 1607 794 mortuos
1638 740 1969 803 suscitantis,
1996 748 2103 794 etc.
2133 756 2147 805 ;
2181 740 2429 793 conciliis
2472 750 2676 807 autem,
2708 742 2871 796 veluti
2902 743 2994 797 illo
3022 745 3128 798 318
3156 747 3375 801 Patrum
3405 788 3419 811 ,
3452 760 3505 805 et

244 832 340 886 illo
372 830 495 892 150,
526 846 647 900 quae
678 846 840 884 unam
869 844 989 883 esse
1023 829 1078 881 in
1099 828 1366 883 Trinitate
1389 840 1658 892 naturam,
1693 842 1953 897 personas
1977 840 2107 889 tres,
2163 826 2547 891 deﬁniverunt,
2572 826 2916 898 Sabellioque
2958 840 3013 885 et
3037 833 3166 887 Ario
3210 836 3506 892 anathema

240 921 530 974 dixerunt.
560 919 761 989 Ephesi
798 927 978 971 autem
1004 915 1194 971 Patres
1228 917 1537 971 docuerunt
1593 915 1816 969 Mariam
1850 914 2125 985 Virginem
2158 930 2279 969 esse
2309 914 2621 985 Deiparam,
2651 914 3071 987 Nestoriumque
3112 925 3495 976 excommuni-

242 1018 466 1062 carunt.
501 1009 744 1077 Denique
775 1008 828 1060 in
858 1014 1053 1075 quarto
1091 1005 1326 1059 concilio
1350 1005 1594 1059 divmum
1631 1003 1869 1058 Verbum
1914 1002 1982 1056 de
2020 1002 2239 1071 Virgine
2267 1001 2434 1055 Maria
2471 1003 2812 1057 incarnatum
2865 1004 3224 1071 amrmarunt,
3263 1024 3327 1063 ac
3373 1011 3499 1065 Dio-

246 1111 472 1150 scorum
511 1111 635 1149 cum
674 1093 917 1164 Eutyche
953 1093 1343 1148 communione
1362 1092 1669 1147 Christiana
1706 1099 2074 1146 removerunt.
2105 1091 2216 1161 Age
2247 1105 2377 1145 vero
2401 1089 2689 1147 Dioscorus
2725 1102 2889 1159 atque
2918 1094 3210 1164 Eutyches,
3241 1112 3364 1151 cum
3392 1100 3505 1156 duo

242 1184 377 1246 sint,
409 1184 700 1239 concilium
734 1192 884 1237 certe
916 1198 1026 1235 non
1056 1181 1316 1245 conflant,
1347 1197 1527 1250 neque
1561 1180 1822 1234 miracula
1856 1178 2167 1241 ediderunt,
2198 1194 2378 1248 neque
2407 1194 2502 1233 eos
2535 1180 2823 1249 quisquam
2857 1182 3227 1252 prodigiorum
3258 1188 3503 1242 auctori-

245 1281 359 1328 tate
391 1273 556 1327 fultos
589 1272 721 1326 vidit
762 1281 822 1325 ut
850 1270 1017 1325 Eliatn
1053 1280 1215 1341 atque
1248 1270 1519 1327 Elisaaum.
1562 1269 1672 1325 Cur
1700 1286 1827 1341 ergo
1862 1269 2049 1330 liceat,
2090 1268 2311 1323 omissis
2334 1266 2440 1323 680
2484 1268 2758 1338 episcopis
2792 1268 3256 1328 Chalcedonensis
3285 1276 3503 1332 concilii

242 1361 585 1425 auctoribus,
620 1375 851 1429 quorum
882 1359 1038 1414 multi
1064 1359 1294 1413 concilio
1316 1374 1534 1429 quoque
1557 1357 1836 1427 Ephesino
1860 1356 2247 1420 interfuerant,
2281 1356 2495 1411 duobus
2530 1364 2741 1412 tantum
2771 1358 3087 1416 hominibus
3109 1360 3271 1416 ﬁdem
3303 1365 3503 1435 adjun-

242 1450 412 1523 gere?
448 1450 673 1503 Summa
700 1448 818 1502 hate
847 1458 997 1501 certe
1030 1448 1257 1502 stultitia
1284 1447 1446 1501 foret.

321 1538 407 1591 i9.
449 1536 867 1591 Calumniantur
902 1544 1165 1605 pneterea
1212 1535 1533 1604 praedictum
1573 1534 1893 1601 concilium,
1926 1534 2097 1604 'quasi
2143 1534 2197 1588 id
2254 1548 2419 1603 Opera
2455 1531 2780 1600 Pulcheriae,
2811 1534 3104 1592 Theodosii
3156 1538 3503 1609 imperatoris

243 1641 456 1691 sorore,
484 1626 781 1679 adunatum
812 1624 998 1687 fuerit,
1034 1625 1105 1679 ob
1142 1623 1507 1678 ulciscendam
1542 1622 1785 1677 Flaviani
1816 1638 2029 1678 necem.
2061 1622 2225 1692 Atqui
2257 1623 2373 1677 haec
2409 1638 2557 1677 mera
2593 1624 2804 1677 fallacia
2833 1632 2920 1678 est
2946 1642 2959 1680 :
2987 1626 3191 1680 etenim
3229 1628 3280 1681 id
3308 1629 3503 1683 conci-

244 1716 381 1769 lium
420 1715 510 1769 Dei
543 1715 842 1779 volnntate,
870 1715 1235 1783 mandatoque
1264 1713 1461 1767 Leonis
1488 1712 1716 1767 Romani
1736 1711 2028 1781 pontiﬁcis,
2049 1710 2281 1766 Anatolii
2314 1712 2638 1780 patriarchae
2682 1712 3296 1785 Constantinopolitani,
3329 1716 3500 1771 Maxi-

243 1804 416 1857 miani
454 1803 777 1872 patriarchae
815 1801 1163 1866 Antiocheni,
1197 1816 1261 1855 ac
1303 1800 1586 1855 Juvenalis
1632 1800 1958 1871 patriarcha:
1997 1798 2501 1869 llierosolymitani,
2536 1800 2798 1855 indictum
2826 1800 2947 1857 fuit.
2991 1802 3057 1856 Hi
3088 1804 3232 1858 enim
3265 1813 3501 1873 quatuor

249 1892 577 1961 patriarchae
617 1906 727 1945 una
761 1906 884 1944 cum
926 1890 1031 1944 650
1059 1890 1335 1959 episcopis
1374 1888 1493 1942 lidei
1530 1888 1925 1957 professionem
1958 1886 2015 1939 in
2049 1887 2425 1955 superioribus
2460 1887 2636 1943 tribus
2670 1889 2923 1944 conciliis
2960 1890 3161 1947 editam
3202 1892 3499 1947 conﬁrma-

246 1990 401 2042 runt,
430 1977 772 2048 profcssique
801 1986 931 2031 sunt
962 1992 1132 2031 unum
1166 1976 1454 2032 Dominum
1482 1974 1665 2029 Jesum
1692 1974 1966 2029 Christum
1996 1975 2049 2028 in
2094 1974 2256 2029 unica
2296 1989 2531 2045 persona
2561 1986 2619 2031 et
2652 1976 2952 2048 hypostasi,
2992 1994 3059 2033 ex
3084 1978 3298 2033 duabus
3330 1982 3501 2039 unitis

241 2068 481 2130 naturis,
517 2076 577 2120 ut
602 2082 664 2120 os
691 2067 1041 2121 obstruerent
1070 2063 1320 2120 Nestorio
1343 2081 1407 2119 ac
1435 2064 1722 2119 Theodoro
1762 2072 1818 2118 et
1857 2060 2119 2115 Dioscoro
2155 2061 2562 2129 :eumdcmque
2589 2078 2657 2117 ex
2704 2064 2917 2120 duabus
2960 2066 3175 2120 naturis
3210 2067 3491 2128 dixerunt.

240 2166 308 2210 ut
344 2156 409 2209 iis
438 2155 709 2209 silentium
751 2155 1075 2217 indicerent,
1123 2158 1217 2224 qui
1252 2155 1510 2209 deitatem
1541 2153 1703 2207 simul
1750 2161 1806 2205 et
1844 2148 2241 2205 humanitatem
2282 2150 2412 2205 Jesu
2467 2148 2670 2205 Christi
2717 2166 2830 2206 non
2874 2151 3191 2219 admittunt,
3227 2165 3283 2210 et
3320 2155 3499 2225 ipsum

243 2241 413 2294 unica
447 2249 642 2293 natura
672 2248 926 2293 constare
954 2239 1166 2294 dicunt.

318 2328 408 2381 9.0.
453 2327 661 2397 Reapse
695 2326 857 2380 Arius
886 2326 1073 2380 docuit
1107 2335 1349 2379 creatum
1384 2340 1505 2379 esse
1541 2322 1756 2387 Filium,
1787 2330 1950 2391 atque
1978 2337 2043 2375 ex
2076 2321 2297 2392 Virgine
2332 2322 2466 2377 nihil
2495 2333 2695 2393 prieter
2736 2340 2937 2396 corpus
2958 2327 3261 2398 sumpsisse
3294 2346 3311 2396 ;
3349 2329 3502 2385 ideo--

239 2432 355 2484 que
381 2432 544 2469 unam
563 2414 721 2469 Verbi
745 2414 910 2468 creati
937 2414 1173 2482 factique
1196 2423 1445 2466 naturam
1480 2412 1635 2465 dixit.
1669 2410 1936 2465 Sahellius
1964 2411 2142 2464 aiebat
2170 2411 2417 2469 divinum
2450 2411 2685 2468 Verbum
2733 2423 3065 2484 apparenter
3096 2420 3497 2484 tantummodo,

242 2520 359 2559 non
389 2519 449 2558 re
482 2518 605 2557 vera
645 2518 845 2572 corpus
881 2503 937 2556 in
984 2504 1188 2555 mundo
1219 2501 1321 2555 sibi
1353 2500 1856 2569 circumposuisse;
1903 2498 2133 2567 ideoque
2162 2508 2217 2553 et
2243 2499 2359 2569 ipse
2392 2516 2556 2555 unam
2584 2512 2835 2556 naturam
2867 2490 3258 2573 pronuntiavit.
3307 2506 3502 2564 Petrus

241 2592 490 2646 Verbum
529 2591 810 2645 redactmn
845 2605 968 2644 esse
1004 2590 1059 2643 in
1099 2603 1297 2659 corpus
1325 2586 1677 2648 existimavit,
1700 2595 1860 2655 atque
1883 2585 2084 2639 idcirco
2114 2602 2276 2641 unam
2310 2598 2559 2643 naturam
2583 2590 2759 2646 fassus
2781 2601 2885 2646 est.
2916 2590 3185 2648 Photinus
3204 2609 3271 2649 ac
3300 2593 3503 2651 Paulus

241 2679 655 2734 Samosatensis
682 2680 991 2733 docuerunt
1034 2676 1311 2733 Christum
1359 2675 1546 2730 Jesum
1595 2674 1811 2728 initium
1842 2689 1871 2726 a
1917 2672 2082 2725 Maria
2118 2674 2460 2742 sumpsisse;
2498 2686 2893 2747 proptereaque
2924 2690 2979 2734 et
3007 2681 3111 2749 ipsi
3162 2698 3326 2736 unam
3379 2698 3505 2739 esse

241 2768 355 2822 illis
400 2778 649 2821 naturam
675 2767 949 2821 dixerunt.
994 2765 1266 2836 Entyches
1296 2779 1358 2818 ac
1393 2764 1683 2817 Dioscorus
1713 2760 1916 2830 Opinati
1956 2769 2084 2813 sunt
2126 2760 2400 2815 Christum
2445 2761 2628 2817 Jesmn
2670 2765 2907 2820 hominis
2931 2768 3338 2823 similitudinem
3377 2780 3504 2825 tan-

242 2865 363 2909 tum
417 2857 671 2926 gessisse,
711 2863 766 2907 et
798 2871 891 2923 per
922 2852 1220 2923 Virginem,
1251 2851 1421 2906 instar
1447 2867 1598 2920 aqua:
1629 2866 1725 2918 per
1744 2850 1995 2913 ﬁstulam,
2033 2848 2337 2915 transisse;
2371 2850 2602 2921 ideoque
2636 2868 2798 2906 unam
2840 2852 2971 2907 Jesu
2997 2854 3199 2910 Christi
3250 2869 3503 2913 naturam

239 2941 679 2996 afﬁrmaverunt.
711 2940 963 2995 Julianus
1002 2938 1492 2993 llalicarnassensis
1516 2938 1719 2991 Christi
1745 2937 1871 2991 Jesu
1906 2952 2105 3007 corpus
2149 2937 2482 3007 impassibile
2522 2940 2656 2992 dixit
2679 2950 2967 3012 inepteque
2989 2960 3202 3010 carens,
3246 2954 3408 3016 atque
3434 2947 3507 3001 ob

240 3031 300 3085 id
342 3032 559 3086 unicam
606 3040 856 3085 naturam
900 3030 1174 3083 credebat.
1207 3028 1446 3083 Joannes
1483 3025 1924 3081 Mairacomensis
1962 3035 2016 3079 et
2057 3024 2253 3080 Petrus
2283 3026 2437 3079 Fullo
2476 3026 2681 3082 Christi
2722 3029 2851 3084 Jesu
2903 3032 3344 3100 conjunctionem
3379 3050 3506 3090 cum

235 3134 478 3189 corpore
505 3130 632 3173 ante
668 3118 864 3173 saecula
892 3117 1089 3170 factam
1123 3117 1449 3179 docuerunt,
1473 3124 1635 3184 atque
1661 3114 1790 3167 hinc
1816 3128 1978 3165 unam
2008 3128 2130 3166 esse
2166 3123 2438 3167 naturam.
2469 3115 2799 3183 Apollinaris
2830 3133 2957 3171 vero
2994 3119 3181 3173 docuit
3226 3120 3507 3176 Christum

236 3207 433 3261 Jesum
469 3206 760 3260 humanam
791 3205 1025 3258 animam
1043 3220 1153 3257 non
1172 3205 1555 3272 assumpsisse,
1584 3202 1679 3256 sed
1706 3202 1825 3271 ejus
1847 3200 2289 3256 locumadeitate
2321 3204 2493 3257 teneri
2523 3220 2536 3256 :
2565 3219 2732 3273 quare
2757 3214 2812 3258 et
2844 3205 2959 3276 ipse
2981 3208 3145 3261 unius
3169 3217 3378 3264 naturae
3405 3209 3508 3263 fal-

237 3310 370 3350 sum
425 3294 624 3365 dogma
673 3292 828 3347 l‘ovit.
864 3292 1212 3361 Sophronius
1249 3291 1360 3360 (41)
1396 3292 1602 3360 pariter
1641 3298 1807 3359 atque
1838 3289 2139 3344 Eunomius
2174 3287 2361 3343 Jesum
2414 3291 2693 3345 Christum
2728 3292 2968 3348 humana
3024 3304 3209 3351 mente
3260 3298 3508 3352 caruisse

236 3384 526 3447 dixerunt,
563 3389 1077 3450 consequenterque
1100 3379 1317 3432 unicam
1343 3388 1597 3432 naturam
1629 3378 1851 3431 habere.
1894 3376 2083 3431 Manes
2114 3376 2518 3445 phantasticum
2564 3377 2875 3434 Servatoris
2905 3396 3104 3452 corpus
3134 3382 3327 3448 fuisse,
3351 3384 3505 3438 idco-

234 3484 353 3540 que
388 3469 608 3523 unicam
642 3468 695 3521 in
723 3482 790 3521 eo
824 3477 1075 3520 naturam
1114 3465 1467 3535 praedicavit:
1508 3466 1617 3519 imo
1648 3465 1703 3517 in
1730 3463 1959 3534 epistola
1996 3464 2065 3517 ad
2109 3461 2466 3534 Scythianum
2507 3467 2772 3530 narravit,
2818 3466 2912 3521 Dei
2940 3469 3133 3523 Filium
3159 3472 3421 3541 apostolis
3452 3473 3506 3527 in

235 3568 435 3613 monte
463 3557 607 3611 lucis
638 3572 751 3610 suae
770 3563 1048 3626 perpetuae
1078 3565 1329 3608 naturam
1356 3552 1679 3619 ostendisse,
1712 3551 1837 3623 quia
1858 3565 1967 3606 non
1987 3551 2125 3607 duas
2146 3560 2375 3607 naturas
2409 3554 2505 3607 sed
2542 3570 2706 3609 unam
2735 3572 2804 3610 ex
2833 3557 3033 3613 visibili
3057 3568 3221 3629 atque
3250 3559 3507 3617 invisibili

234 3653 566 3701 concretam
594 3644 828 3698 habebat
856 3642 992 3711 (ΑΩ).

322 3779 426 3831 Hic
456 3787 623 3830 cessat
655 3778 706 3829 in
732 3777 1041 3831 Armeniaca
1071 3774 1359 3845 exemplari
1385 3752 1837 3843 epistola'Phatii.
1878 3772 2031 3841 cujus
2060 3784 2196 3827 certe
2216 3774 2516 3831 clausulam
2546 3777 2837 3832 desiderari
2868 3779 3199 3849 exploratum
3230 3792 3325 3835 est.

1578 3932 1913 3989 EPISTOLA
1953 3936 2024 3993 Χ.

1340 4094 1417 4147 Ad
1440 4092 1683 4147 Asutium
1705 4093 1996 4162 principem
2020 4092 2407 4147 Armeniorum.

1362 4235 1508 4287 Edita
1531 4235 1595 4285 ab
1616 4237 1747 4299 Aug.
1772 4234 1900 4286 Maio
1928 4235 1985 4298 (ι.
2002 4247 2047 4284 c.
2066 4248 2116 4297 p.
2143 4233 2395 4295 460-462).

238 4390 479 4458 Illustri,
506 4390 614 4459 pio,
641 4391 864 4459 potenti,
891 4390 1030 4445 celsa
1068 4391 1207 4445 inter
1242 4407 1363 4445 suos
1400 4392 1657 4461 dignitate
1683 4391 1924 4459 praedito,
1956 4390 2146 4443 Acutio
2171 4406 2380 4460 magna
2407 4390 2667 4445 Armenia!
2696 4393 2924 4461 principi
2954 4391 3173 4448 Photius
3200 4396 3506 4463 patriarcha

918 4481 1287 4545 meumenicus,
1323 4497 1416 4549 per
1440 4480 1539 4533 Dei
1576 4480 1811 4549 gratiam
1838 4479 2196 4547 episcoporum
2228 4492 2373 4531 novae
2400 4477 2579 4531 Roma:
2610 4479 2831 4547 primus.

320 4589 372 4644 l.
412 4588 606 4660 Magna
638 4590 794 4644 nobis
815 4605 945 4645 cura
967 4600 1072 4655 est,
1106 4600 1165 4644 ut
1195 4590 1444 4645 veritatis
1474 4590 1721 4644 notitiam
1753 4588 1907 4643 vobis
1934 4587 2333 4658 impertiamur,
2364 4590 2668 4658 praesertim
2690 4591 2817 4659 quia
2839 4592 3113 4661 regionem
3145 4603 3378 4647 vestram
3410 4609 3506 4647 su-

238 4697 443 4752 pernae
482 4682 669 4752 gratiae
723 4683 890 4737 tutela
918 4683 1110 4737 fretam
1166 4684 1392 4750 scimus,
1423 4692 1480 4737 et
1505 4698 1628 4737 cum
1662 4692 1848 4736 sancta
1903 4680 2165 4735 canonica
2196 4678 2439 4734 Ecclesia
2474 4681 2808 4750 copulatam,
2854 4697 2964 4736 uno
2992 4692 3223 4752 excepto
3270 4684 3506 4740 articulo

235 4770 391 4839 quod
420 4769 532 4823 Deo
569 4771 894 4839 veritatique
934 4771 1270 4825 contrarium
1301 4770 1470 4825 fuisse
1495 4771 1716 4826 creditis
1748 4768 2195 4824 Chalcedonense
2237 4766 2553 4830 concilium,
2588 4784 2711 4821 cum
2776 4769 2830 4823 id
2879 4768 3059 4839 potius
3104 4770 3505 4839 depositioncm

245 4857 619 4927 exsiliumque
649 4858 887 4912 Nestorii
922 4860 1351 4923 conﬁrmaverit,
1380 4860 1606 4929 ejusque
1651 4856 1992 4913 exsecrabile
2020 4854 2213 4925 dogma
2247 4855 2493 4909 funditus
2522 4855 2844 4910 aboleverit.
2880 4856 3091 4911 Etenim
3120 4858 3243 4926 quis
3293 4857 3510 4929 ignorat

244 4946 502 4999 laborare
523 4946 755 5000 stultitia
783 4961 896 5008 eos,
923 4947 1011 5015 qui
1043 4947 1489 5002 Chalcedonense
1512 4946 1803 5001 concilium
1832 4952 2121 5014 respuunt,
2167 4959 2501 5013 prorsusquc
2532 4945 2742 4999 similes
2766 4944 2873 4998 illis
2898 4944 3012 4998 ﬁeri
3052 4946 3145 5015 qui
3181 4946 3411 5001 Domino
3442 4965 3508 5002 ac

244 5033 609 5101 Redemptori
648 5044 839 5088 nostro
879 5034 1329 5088 conviciahantur
1374 5049 1498 5087 cum
1530 5034 1807 5087 damnones
1854 5030 2200 5100 expellebat?
2245 5029 2456 5099 lieapse
2492 5031 2802 5084 daemonum
2842 5032 3114 5101 principes
3147 5033 3283 5087 nihil
3332 5035 3402 5088 ab
3442 5037 3507 5091 iis

238 5120 529 5185 diﬂ'ernnt,
580 5123 672 5191 qui
707 5123 986 5177 daemones
1031 5123 1099 5175 ab
1128 5123 1443 5177 hominibus
1479 5122 1787 5191 ejicientem
1823 5122 2230 5192 vituperabant.
2264 5121 2381 5176 Jam
2412 5138 2543 5177 vero
2582 5138 2705 5178 cum
2740 5133 2988 5178 sanctum
3030 5125 3161 5181 illud
3210 5128 3503 5181 concilium

240 5211 502 5265 Nestorio
536 5214 762 5283 ejusque
794 5213 1017 5267 asseclis
1039 5214 1328 5267 anathema
1357 5213 1574 5276 dixerit,
1605 5212 1728 5281 quis
1753 5213 1863 5280 jam
1897 5211 2110 5266 dubitat
2139 5212 2450 5266 ministrmn
2477 5214 2695 5266 Satanae
2720 5227 2845 5266 esse
2874 5212 3211 5278 Nestorium,
3255 5217 3347 5285 qui
3379 5232 3505 5269 san-

241 5312 399 5356 ctum
438 5298 638 5370 Ephesi
687 5300 979 5355 concilium
1037 5301 1261 5369 sprevit,
1296 5317 1461 5370 seque
1488 5316 1643 5355 nova:
1677 5308 1841 5353 sectae
1874 5299 2006 5353 fecit
2056 5310 2335 5353 auctorem
2364 5299 2388 5350 ’ἒ
2424 5299 2479 5352 Si
2508 5310 2761 5367 quartum
2801 5299 2965 5371 igitur
2996 5302 3289 5355 concilium
3342 5306 3505 5357 tertio

237 5388 543 5450 consentit,
593 5404 691 5442 cur
715 5390 762 5443 ei
790 5404 885 5443 vos
910 5389 1252 5451 maledicitis,
1286 5399 1450 5456 atque
1482 5398 1541 5442 ut
1566 5389 1789 5457 impium
1822 5388 2153 5442 traducitis?
2188 5388 2322 5441 Cum
2368 5388 2568 5456 alioqui
2603 5398 2942 5456 compertum
2992 5390 3153 5444 nobis
3204 5392 3274 5444 sit
3312 5392 3506 5461 ampli-

240 5478 493 5532 tudinem
530 5486 679 5531 tuam
708 5478 921 5531 Domini
962 5478 1065 5531 frui
1095 5478 1421 5548 patrocinio,
1455 5493 1661 5547 vosque
1690 5477 1952 5546 populum
1988 5479 2082 5533 Dei
2105 5494 2245 5544 esse,
2272 5488 2328 5534 et
2352 5479 2643 5551 peregrino
2670 5481 2867 5550 quovis
2888 5480 3145 5552 dogmate
3166 5484 3427 5537 alienum.

316 5697 434 5777 (41.)⁹
455 5768 477 5777 Λ
498 5697 637 5777 Pium
689 5708 771 5751 est
805 5699 1141 5777 Sophronias
1191 5701 1298 5777 ille,
1329 5701 1395 5753 de
1435 5716 1543 5777 quo
1588 5698 1815 5777 Photius
1927 5775 1935 5777 ᾗ
1998 5704 2108 5772 (42)
2176 5702 2381 5777 Similis
2408 5704 2535 5777 huic.
2566 5707 2718 5761 locus
2742 5710 2909 5777 (quod
2932 5708 3084 5763 valde
3107 5710 3295 5775 miror)
3324 5717 3504 5764 exstat

232 5768 478 5893 mihrV?
517 5768 614 5849 llic
636 5780 814 5892 tamen
847 5782 1030 5823 contra
1061 5771 1385 5825 Euuumium
1420 5771 1599 5839 potius
1623 5788 1719 5841 pro
1753 5772 1812 5827 δ.
1924 5775 1977 5827 in
2006 5768 2274 5897 go7ratione
2312 5773 2541 5831 Joannis
2580 5768 2867 5833 Oznie‘u'sis
2906 5790 3093 5834 contra
3132 5768 3503 5849 phantasticos

285 5858 293 5868 ·
320 5855 363 5893 sn
390 5856 440 5893 ιο
472 5853 662 5908 scrip51
694 5877 710 5892 .
1920 5861 1972 5915 p.
2082 5881 2097 5896 .

608 5930 883 5992 Parnm”
930 5934 1044 5992 Gn.
1092 5931 1224 5995 Cll.
1956 5946 1959 5951 ’
3022 5942 3101 6003 23
