3930 6562
403 397 506 461 7ἱῇ
1558 391 1824 451 ΡΙΙΟΤΠ
1863 389 2017 450 ΡΛΤ]

2120 386 2367 450 lRClMi
2404 387 2514 448 ΟΡ.
3561 375 3674 439 ’ῖιδ

479 510 513 561 2
571 506 827 558 Attamen
864 502 1081 572 ineptos
1117 501 1384 571 quosdam
1413 499 1481 555 de
1513 500 1616 554 hac
1643 498 2014 554 controversia
2043 511 2324 551 sermones
2349 512 2379 549 a
2408 493 2567 548 vobis
2593 492 2826 562 scriptos
2860 490 3174 561 accepimus
3204 488 3320 560 (ιῦ)
3355 506 3371 553 ;
3401 488 3494 558 qui
3518 499 3674 544 certe

411 596 617 651 nullius
655 592 924 648 momenti
945 591 1204 655 evadent,
1231 591 1480 660 nihilque
1509 605 1692 660 prava:
1723 587 2012 644 sententia:
2051 588 2307 658 posthinc
2336 583 2628 654 supererit,
2662 598 2786 637 cum
2840 590 3094 652 quartum
3127 581 3347 633 demum
3371 577 3672 633 concilium

411 687 555 742 haud
607 700 766 740 secus
791 699 953 753 quam
986 682 1272 752 superiora
1321 682 1509 737 debito
1559 681 1829 750 obsequio
1871 673 2302 750 prosequemiui.
2340 671 2587 741 Namque
2613 679 2668 723 et
2716 669 3037 740 principalis
3066 666 3236 722 Roma
3275 682 3429 736 teque
3463 681 3530 721 ac
3569 681 3675 721 nos

413 786 608 848 quarto
633 775 890 836 concilio,
926 783 988 828 ut
1017 774 1314 844 prioribus.
1346 775 1611 828 honorem
1649 771 1867 827 defert:
1892 769 1971 824 sic
2000 767 2129 820 item
2155 777 2350 832 magna
2382 757 2724 813 Alexandria:
2752 757 2934 821 sedes,
2987 770 3202 848 necnon
3229 754 3319 807 illa
3359 754 3676 848 iiierosoly-

411 842 648 929 morum,
677 865 793 918 sine
814 863 920 917 ulla
943 842 1160 932 querela
1191 881 1204 917 :
1238 862 1475 931 denique
1504 871 1560 915 et
1579 869 1871 915 consecuta
1892 865 2077 926 postea
2107 849 2336 906 concilia
2360 849 2634 916 quintum,
2693 855 2906 932 sextum
2943 859 3008 896 ac
3039 843 3353 932 septimum.
3379 842 3514 909 Quis
3543 857 3677 932 ergo

415 953 538 1005 lidei
587 960 700 1005 toto
755 931 1023 1004 terrarum
1047 950 1178 1004 orbe
1202 949 1417 1004 diffusae
1441 949 1696 1004 resistere
1717 944 1960 1001 audeat?
1985 943 2062 996 De
2094 953 2198 1010 qua
2226 936 2330 991 ﬁde
2357 934 2621 988 Dominus
2658 933 2833 988 dixit:
2866 931 3045 986 Porus
3077 931 3236 998 inferi
3281 947 3383 983 non
3411 931 3677 1000 praevale-

414 1042 540 1093 bunt
575 1039 823 1091 adversus
849 1054 989 1090 eam.
1015 1037 1218 1092 Cavete
1248 1037 1415 1107 igitur
1446 1037 1514 1091 ab
1545 1037 1760 1090 illorum
1803 1032 2109 1091 fraudibus,
2135 1026 2229 1095 qui
2259 1023 2480 1079 nomine
2501 1032 2660 1076 tenus
2689 1020 3028 1074 Antichristo
3050 1019 3331 1080 diﬂerunt,
3363 1019 3458 1088 qui
3489 1018 3680 1072 morti-

412 1127 591 1180 ferum
627 1125 916 1179 animabus
943 1139 1217 1179 venenum
1249 1125 1566 1194 prapinant,
1591 1124 1721 1179 dum
1749 1138 1843 1177 eas
1867 1137 1898 1176 a
1941 1119 2115 1174 sancti
2151 1115 2391 1187 Spiritus
2431 1114 2677 1168 doctrina
2703 1111 2950 1182 datisque
2974 1110 3220 1181 ejusdem
3255 1110 3680 1164 demonstratio—

414 1214 576 1266 nibus
609 1220 886 1266 avertunt.

420 1375 425 1379 _
490 1321 543 1374 5.
586 1319 799 1388 Quippe
827 1317 910 1382 hi,
950 1326 1176 1389 propter
1205 1333 1318 1373 sua:
1344 1319 1546 1373 mentis
1576 1317 2025 1380 imbecillitatem,
2046 1312 2336 1368 Dominum
2378 1319 2627 1364 nostrum
2651 1306 2839 1362 Jesum
2861 1306 3160 1372 Christum,
3192 1305 3364 1361 Deum
3393 1315 3448 1360 et
3499 1306 3685 1360 homi-

417 1421 542 1460 nem
570 1420 691 1459 esse
720 1419 830 1458 non
854 1412 1183 1474 agnoscunt,
1218 1403 1269 1457 id
1302 1412 1388 1458 est
1414 1403 1595 1458 divina
1623 1404 1970 1472 humanaque
2020 1410 2214 1456 natura
2246 1398 2534 1469 praeditum
2567 1415 2581 1464 ;
2617 1407 2778 1466 atqne
2816 1397 2919 1451 hac
2939 1395 3160 1449 vesania
3197 1395 3433 1464 correpti
3465 1403 3682 1448 utram-

417 1509 524 1563 que
571 1501 825 1545 naturam
855 1500 1074 1560 negant.
1108 1490 1317 1560 Beapse
1339 1491 1382 1546 si
1425 1491 1513 1544 illa
1540 1490 1700 1546 unica
1721 1507 1884 1560 quam
1914 1492 2244 1546 confitentur
2265 1501 2460 1544 natura
2500 1488 2728 1558 simplex
2746 1497 2850 1551 est,
2889 1487 3006 1541 sine
3036 1486 3204 1542 dubio
3235 1486 3460 1540 alteram
3495 1483 3684 1539 exclu-

419 1587 559 1637 dunt
591 1580 714 1634 :siu
747 1593 812 1633 ex
839 1579 1053 1632 duabus
1082 1578 1428 1648 simplicibus
1447 1587 1532 1633 est
1560 1579 1885 1649 composita,
1935 1580 2124 1650 procul
2162 1580 2330 1634 dubio
2358 1579 2551 1632 harum
2592 1587 2788 1630 neutra
2823 1576 3099 1646 propriam
3150 1575 3508 1629 substantiam
3545 1573 3686 1627 reti-

422 1679 538 1734 net,
572 1684 694 1737 qua
741 1668 800 1722 in
825 1676 1058 1736 utraque
1089 1668 1270 1736 potius
1294 1675 1579 1737 perempta
1612 1678 1718 1722 est.
1757 1667 1869 1738 Age
1891 1683 2042 1733 vero,
2075 1683 2325 1738 quaenam
2359 1666 2587 1721 istorum
2641 1663 2916 1718 sententia
2946 1663 3076 1718 est?
3123 1662 3263 1717 Num
3318 1663 3688 1733 compositam

424 1755 568 1809 illam
627 1762 901 1817 naturam,
939 1769 970 1807 a
997 1752 1174 1808 Patris
1202 1762 1257 1808 et
1287 1753 1529 1824 Spiritus
1569 1755 1743 1809 sancti
1781 1766 1975 1809 natura
2019 1756 2334 1810 distinctam
2363 1752 2616 1816 credunt,
2647 1768 2715 1806 an
2763 1767 2923 1806 secus
2950 1752 2973 1804 ?
3002 1751 3058 1805 Si
3107 1751 3420 1806 distinctam
3453 1757 3686 1820 negant.

422 1841 762 1912 blasphemia
795 1857 892 1896 sua
921 1842 1250 1906 obruuntur,
1283 1841 1410 1911 quia
1441 1840 1619 1896 Patris
1642 1852 1839 1897 natura
1862 1844 2162 1913 composita
2189 1843 2467 1897 evaderet.
2502 1842 2598 1895 Sin
2631 1849 2820 1895 contra
2851 1839 3162 1894 distinctam
3187 1839 3359 1904 aiunt,
3382 1855 3449 1894 en
3509 1839 3690 1894 Filius

424 1938 650 2000 paterna
681 1937 880 1983 natura
911 1937 1064 1982 caret
1094 1946 1106 1981 :
1143 1929 1286 1997 quod
1316 1929 1409 1998 qui
1431 1928 1724 1994 aﬂirmant,
1749 1931 1860 2000 jam
1884 1939 2110 2002 apparet
2133 1945 2370 2000 quonam
2399 1945 2457 1984 se
2484 1929 2792 2000 praecipites
2809 1925 3257 1998 Iproruaut.Quis
3293 1941 3424 1981 vero
3448 1942 3516 1981 ex
3543 1927 3693 1980 divi-

424 2017 516 2072 nis
547 2017 700 2072 libris
722 2016 1224 2071 demonstrationes
1254 2016 1419 2086 hujus
1453 2016 1722 2088 dogmatis
1746 2033 1939 2073 omnes
1967 2034 2291 2074 coacervare
2319 2027 2508 2088 queat,
2540 2034 2680 2088 quas
2700 2017 2822 2087 jam
2861 2025 3084 2071 sanctus
3118 2015 3357 2086 Spiritus
3390 2031 3488 2086 per
3513 2030 3694 2086 quar-

432 2114 547 2159 tum
581 2104 878 2159 concilium
907 2119 1005 2158 ceu
1039 2103 1240 2158 invicta
1260 2115 1599 2175 argumenta,
1630 2105 1701 2160 ob
1723 2105 2044 2161 ﬁrmandam
2075 2105 2257 2170 ﬁdem,
2301 2105 2645 2159 adversarios
2676 2102 3062 2174 proﬂigandos,
3099 2111 3258 2172 atque
3292 2103 3486 2156 horum
3519 2101 3697 2156 dissi-

427 2191 604 2260 panda
633 2190 885 2250 consilia.
917 2191 1221 2259 exposuit?
1247 2190 1449 2245 Praeter
1494 2207 1658 2261 quam
1691 2193 1836 2262 quod
1867 2194 1912 2248 si
1945 2194 2010 2247 ad
2036 2193 2313 2264 vulgarem
2342 2192 2621 2247 hominem
2644 2191 2786 2246 hanc
2805 2191 3098 2259 epistolam
3129 2190 3445 2254 scriberem,
3493 2190 3695 2243 multis

424 2278 714 2332 veritatem
769 2277 953 2332 verbis
995 2293 1137 2347 opus
1169 2287 1316 2332 esset
1359 2278 1670 2348 explicare:
1698 2289 1895 2335 vestra:
1927 2290 2109 2336 tamen
2152 2279 2498 2350 amplitudini
2547 2294 2610 2334 ac
2640 2279 2947 2349 sapientiae,
2998 2287 3289 2346 vestroque
3323 2278 3580 2332 veritatis
3643 2287 3699 2332 et

423 2365 732 2421 concordia:
753 2366 958 2431 studio,
996 2382 1118 2435 quae
1150 2366 1418 2422 hactenus
1444 2367 1554 2422 dixi
1582 2367 1860 2423 sufﬁciunt
1892 2387 1906 2423 ε
1936 2371 2243 2440 praesertim
2273 2368 2402 2438 quia
2431 2369 2497 2422 ad
2523 2382 2842 2438 supremum
2867 2381 3085 2437 quoque
3105 2365 3406 2421 antistitem
3437 2375 3696 2421 vestrum

423 2454 518 2509 diu
552 2469 653 2508 nec
683 2453 853 2508 semel
875 2453 977 2508 hac
1005 2453 1072 2508 de
1104 2469 1162 2508 re
1195 2454 1388 2525 scripsi
1425 2455 1562 2526 (44).

493 2566 549 2619 4.
589 2563 841 2618 Vestram
883 2564 1050 2634 igitur
1078 2566 1497 2636 amplitudinem
1546 2567 1919 2631 obsecramus,
1957 2579 2016 2623 ut
2054 2570 2259 2626 sanetis
2289 2549 2535 2626 conciliis
2559 2569 2810 2634 ducibus,
2853 2583 2987 2638 pura
3015 2567 3068 2620 in
3109 2566 3214 2622 fide
3242 2566 3436 2637 pedem
3489 2565 3695 2636 ligatis.

430 2669 612 2724 neque
642 2669 672 2707 a
700 2654 1080 2708 communiore
1104 2654 1191 2708 via
1221 2654 1508 2720 deerretis,
1540 2657 1634 2711 sed
1662 2656 1718 2710 in
1749 2673 1810 2711 ea
1842 2668 1993 2712 recto
2027 2659 2244 2713 tramite
2270 2657 2582 2712 ambuletis.
2615 2656 2750 2711 Nam
2787 2657 2876 2726 qui
2906 2672 3072 2710 unam
3099 2655 3340 2726 profiteri
3373 2656 3428 2709 iu
3462 2656 3693 2711 Christo

424 2742 558 2798 Jesu
590 2750 840 2796 naturam
875 2740 1065 2804 audet,
1103 2741 1152 2796 is
1185 2742 1446 2813 Eutychis
1472 2743 1524 2796 in
1563 2759 1623 2798 se
1665 2745 2070 2800 damnationem
2103 2755 2386 2817 provocat,
2412 2754 2468 2799 et
2494 2743 2752 2814 opinione
2777 2744 3178 2798 Sassanitarum
3209 2744 3323 2814 (45)
3372 2751 3688 2814 corruptus,

427 2831 523 2884 uni
550 2830 714 2899 capiti
744 2829 970 2884 subesse
997 2843 1258 2889 renuens,
1297 2828 1353 2884 ﬁt
1393 2829 1803 2900 polycephalus.
1833 2843 1890 2888 et
1916 2835 2152 2891 Manetis
2178 2836 2341 2891 simul
2391 2835 2712 2906 discipulus.
2745 2835 3016 2890 Praeterea
3057 2833 3150 2903 qui
3190 2833 3327 2889 duas
3358 2833 3414 2887 in
3465 2832 3692 2889 Christo

427 2918 714 2972 distinctas
752 2925 975 2972 naturas
1026 2932 1139 2972 non
1171 2917 1391 2980 fatetur,
1448 2918 1544 2972 sed
1590 2919 1726 2973 duas
1759 2922 1941 2990 potius
1987 2939 2253 2993 personas
2281 2925 2496 2989 astruit,
2533 2925 2577 2978 is
2605 2923 2659 2977 in
2705 2921 2938 2976 Nestorii
2983 2937 3200 2992 poenam
3239 2922 3449 2976 incidit.
3513 2922 3692 2987 Quam

428 3006 618 3060 obrem
656 3004 749 3058 Dei
787 3002 1054 3067 Eaclesia,
1089 3012 1319 3074 utroque
1339 3020 1525 3060 errore
1551 3005 1806 3074 refutatu,
1834 3008 2082 3065 haeresim
2115 3027 2144 3064 a
2169 3011 2281 3064 suis
2302 3011 2470 3080 septis
2494 3011 2708 3080 repulit,
2739 3020 2900 3079 atque
2931 3025 3093 3063 unam
3123 3007 3337 3064 Domini
3355 3007 3527 3062 nostri
3559 3005 3696 3061 Jesu

429 3092 634 3147 Christi
663 3106 952 3162 personam
979 3091 1232 3146 confessa
1262 3101 1365 3158 est,
1402 3091 1650 3162 duasque
1677 3103 1902 3149 naturas
1921 3096 2204 3152 distinctas
2224 3109 2279 3153 et
2300 3099 2614 3154 inconfusus
2646 3098 2798 3168 (46);
2849 3108 3012 3168 atque
3041 3097 3148 3153 illis
3175 3098 3461 3152 adversata
3483 3103 3571 3150 est
3599 3095 3695 3165 qui

428 3183 618 3239 deitati
642 3183 928 3252 passiones
953 3183 1280 3238 attribuunt.

503 3294 555 3349 5.
603 3293 679 3347 Da
731 3307 859 3363 ergo
892 3308 1135 3362 operam,
1165 3309 1361 3365 magne
1385 3293 1665 3365 Princeps,
1703 3305 1760 3350 ut
1807 3296 1935 3352 Jesu
1967 3297 2170 3354 Christi
2197 3301 2456 3371 populum
2491 3301 2712 3366 doceas,
2741 3308 2906 3369 atque
2927 3297 2993 3354 ad
3022 3312 3169 3353 verae
3204 3295 3330 3352 fidei
3386 3295 3701 3368 professio-

430 3399 556 3438 nem
609 3383 846 3436 adducas
882 3378 993 3451 (47)
1029 3399 1042 3434 :
1074 3397 1251 3451 neque
1283 3384 1428 3438 enim
1453 3384 1748 3454 quidquam
1777 3385 1890 3440 Deo
1909 3385 2129 3440 charius
2151 3397 2252 3452 est,
2277 3403 2438 3457 quam
2469 3397 2532 3443 ut
2575 3388 2752 3458 ipsum
2783 3402 2906 3443 vera
2931 3401 3054 3440 cum
3092 3385 3288 3439 notitia
3309 3399 3702 3455 agnoscamus,

438 3470 779 3543 professione
816 3469 1120 3524 orthodoxa
1152 3469 1541 3541 gloriﬁcemus,
1569 3474 2023 3544 magnauirnoque
2054 3485 2110 3529 et
2137 3484 2424 3530 constante
2451 3490 2637 3530 amore
2679 3475 2734 3529 in
2775 3475 2861 3530 his
2899 3488 3338 3544 perseveremus.
3369 3471 3460 3528 Sic
3491 3472 3705 3542 quippe

433 3559 641 3628 majore
673 3572 892 3627 semper
919 3572 1213 3627 progressu
1245 3568 1458 3623 auctus,
1486 3569 1542 3614 et
1569 3560 1766 3616 divinae
1791 3563 1977 3631 gratiam
2010 3563 2176 3618 tutela
2219 3563 2483 3618 adversus
2529 3565 2716 3620 hostes
2740 3563 3006 3626 munitus,
3033 3570 3089 3616 et
3114 3576 3146 3615 a
3171 3561 3428 3631 periculis
3451 3560 3712 3616 insidiis-

433 3661 543 3715 que
576 3653 746 3710 tutus,
777 3644 1007 3698 aliorum
1032 3644 1212 3699 instar
1237 3655 1547 3701 sanctorum
1581 3663 1791 3720 regum,
1828 3660 2110 3719 utramque
2150 3649 2464 3704 felicitatem
2496 3651 2869 3720 consequeris,
2901 3658 3232 3720 prmsentem
3283 3649 3494 3704 scilicet
3524 3661 3589 3703 et
3619 3649 3709 3704 fu-

432 3745 632 3797 turam,
669 3732 916 3802 Deiparze
944 3732 1148 3802 reginae
1181 3732 1394 3804 inclytae
1430 3745 1857 3806 sanctorumque
1885 3740 2130 3794 omnium
2176 3739 2595 3796 intercessione.
2621 3741 2976 3796 Excellentiaa
3007 3752 3064 3798 et
3114 3741 3555 3813 magnanimitati
3600 3751 3705 3797 tua:

430 3820 693 3894 spiritalis
724 3819 1064 3874 monumenti
1101 3820 1295 3891 gratia,
1330 3822 1661 3877 venerabilis
1690 3839 1752 3878 ac
1777 3824 2030 3881 salutaris
2059 3828 2238 3884 crucis
2281 3828 2600 3900 particulam
2620 3830 2888 3887 mittimus
2916 3831 3050 3903 (48).

503 3999 615 4069 (45)
654 3999 920 4054 Acerbam
949 3997 1239 4067 quamdam
1292 3996 1672 4052 Armeniorum
1703 3999 1766 4054 ad
1797 4000 2015 4057 Graecos

429 4070 849 4138 responsionem
880 4069 982 4122 sub
1009 4069 1199 4122 Asutio
1231 4069 1475 4141 principe
1503 4070 1630 4137 (hac
1683 4080 1864 4141 tamen
1894 4072 2014 4141 epi-

431 4142 570 4194 stola
603 4141 987 4210 posteriorcm)
1021 4147 1290 4210 memorat
1323 4139 1634 4208 Serposius,
1670 4149 1710 4194 t.
1747 4140 1812 4203 ll,
1842 4156 1898 4210 p.
1920 4139 2012 4196 44.

509 4210 622 4278 (ii)
694 4209 830 4264 Hinc
866 4209 1248 4278 cognoscimus
1278 4224 1385 4261 non
1436 4210 1608 4264 semel
1649 4209 1903 4264 l’hotiu’m
1947 4213 2014 4268 ad

433 4280 820 4333 Armeniorum
870 4280 1231 4347 patriarcbam
1279 4278 1597 4348 scripsisse,
1642 4281 1788 4349 quod
1825 4297 2014 4337 revera

433 4351 567 4403 dicit
596 4350 758 4421 etiam
811 4349 1100 4421 Serposius
1126 4349 1431 4421 Compend.
1475 4351 1598 4404 hist.
1634 4359 1679 4406 t.
1728 4351 1792 4414 ll,
1832 4367 1887 4421 p.
1923 4353 2013 4407 44.

2117 4006 2255 4080 nari,
2282 4007 2597 4080 nobilissime
2619 4017 2668 4062 et
2693 4009 2994 4080 felicissime
3024 4027 3115 4064 rex
3133 4011 3579 4080 splendidissima:
3601 4012 3704 4064 Ar-

2116 4077 2413 4149 meniorumr
2430 4079 2638 4148 gentis;
2669 4077 2855 4134 deinde
2893 4091 2940 4134 et
2976 4077 3169 4134 omnes
3189 4081 3282 4134 tibi
3308 4081 3594 4149 subjectos.
3630 4082 3704 4136 Tu

2116 4161 2169 4198 es
2193 4148 2331 4200 enim
2354 4147 2565 4202 illorum
2591 4159 2792 4218 caput;
2817 4151 2979 4220 capiti
3009 4147 3463 4221 autemmembra
3493 4151 3701 4221 reliqua

2117 4226 2165 4268 et
2209 4233 2400 4286 corpus
2439 4221 2792 4273 obsecundare
2820 4219 3022 4275 necesse
3051 4229 3147 4275 est.
3186 4219 3315 4274 Jam
3351 4221 3473 4274 siin
3523 4219 3704 4287 capite

2115 4287 2192 4361 vis
2238 4287 2564 4359 intelligendi
2619 4290 2925 4361 videndique
2979 4292 3186 4355 residet,
3235 4307 3450 4360 prorsus
3499 4301 3706 4360 oportet

2117 4357 2212 4431 hoc
2233 4357 2464 4431 primum
2495 4371 2692 4431 rectam
2711 4357 3016 4431 religionem
3039 4357 3335 4430 agnoscere,
3358 4357 3707 4429 veritatisque

503 4421 619 4489 (45)
687 4419 869 4493 lnnuit
919 4419 1160 4493 Ahdiscii
1213 4420 1337 4493 Syri
1387 4419 1875 4493 monophysiticam
1931 4437 2018 4493 se-

435 4500 601 4556 ctam,
640 4506 804 4559 quem
839 4489 905 4544 de
951 4489 1185 4543 Sassane
1235 4490 1287 4543 in
1316 4489 1644 4545 Armeniam
1676 4493 1894 4546 venisse
1939 4492 2019 4548 ait

435 4561 668 4615 Photius
698 4560 753 4612 in
790 4560 1133 4629 praecedente
1165 4560 1393 4627 epistola
1422 4578 1480 4614 n.
1502 4561 1556 4614 2.

507 4633 620 4702 (46)
688 4629 1078 4702 Permancntes
1106 4630 1334 4702 scilicet,
1363 4641 1528 4702 atque
1554 4631 1627 4684 ita
1654 4631 2017 4702 nominandas

435 4700 600 4758 etiam
637 4704 688 4754 in
724 4701 1062 4770 hypostatica
1089 4701 1316 4771 unione.
1350 4700 1539 4769 Neque
1577 4702 1723 4754 enim
1775 4701 1906 4755 unio
1936 4703 2018 4771 ju-

437 4784 574 4828 stam
605 4785 828 4828 causam
855 4772 1062 4840 praebet
1091 4770 1456 4841 heterodoxis,
1479 4777 1538 4823 ut
1564 4787 1726 4825 unam
1751 4787 1850 4841 pro
1879 4770 2017 4826 daa-

438 4845 542 4898 bus
573 4843 757 4896 dicant
788 4839 1058 4895 naturam.
1093 4839 1193 4894 Hic
1222 4856 1404 4910 porro,
1434 4851 1492 4894 ut
1511 4839 1768 4906 arbitror,
1793 4852 2016 4896 contro-

438 4913 632 4968 versiae
661 4912 881 4966 demum
907 4910 1073 4965 cardo
1102 4913 1374 4975 vertitur;
1414 4910 1521 4965 huc
1545 4911 1724 4964 omnis
1759 4911 2015 4966 adversa-

441 4985 647 5036 riorum
681 4981 950 5036 subtilitas
985 4990 1042 5035 et
1085 4981 1460 5050 tergiversatio
1492 4980 1689 5050 quaerit
1719 4981 2016 5051 effugium;

439 5063 502 5106 ut
523 5053 610 5105 ubi
648 5067 748 5105 nos
773 5051 1002 5105 dicimus
1031 5065 1198 5104 unum
1232 5051 1534 5116 Christum,
1567 5051 1669 5120 ipsi
1691 5050 1852 5105 uuam
1875 5050 2020 5106 θωτ-

440 5129 593 5177 tncnt
613 5131 882 5174 naturam.

515 5189 628 5262 (47)
695 5190 1161 5262 Quemadu'mdum
1193 5189 1283 5245 hic
1302 5189 1528 5245 Photius
1556 5190 1622 5244 ad
1644 5191 2017 5246 orthodoxiam

442 5260 694 5318 hortatur
723 5261 972 5331 Asutium
1005 5260 1324 5331 principem,
1347 5263 1420 5315 ita
1437 5271 1558 5331 post
1582 5263 2014 5331 quadringentos

442 5335 614 5388 ferme
637 5345 813 5384 annos
833 5327 1221 5384 adhortabatur
1243 5327 1493 5386 similiter
1515 5327 1796 5386 liaitonem
1820 5327 2014 5385 Arme-

440 5405 660 5458 niorum
701 5415 881 5472 regem
936 5399 1149 5454 Manuel
1192 5401 1259 5464 ll,
1315 5401 1624 5472 patriarcha
1655 5400 1878 5456 Graecus
1904 5442 1919 5466 ,
1965 5402 2023 5455 in

444 5472 671 5543 epistola
706 5471 773 5525 de
811 5484 914 5543 qua
949 5483 1050 5543 nos
1086 5485 1270 5543 supra,
1295 5470 1339 5543 7p
1368 5542 1380 5543 γ
1409 5470 1540 5543 μγ,
1574 5473 1736 5543 verba
1774 5472 2022 5543 fecimus,

443 5538 600 5612 cujus
627 5541 948 5612 particulam
981 5538 1173 5612 Latine
1197 5538 1566 5612 recitabimus.
1591 5540 1704 5612 Ego
1724 5543 1886 5611 igitur
1911 5542 2024 5596 Μα-

445 5611 567 5667 ητιίισι
600 5611 945 5664 mcumenicus
974 5611 1303 5680 patriarcha,
1337 5621 1385 5664 et
1412 5613 1503 5680 qui
1533 5611 1734 5664 mecum
1754 5620 1874 5664 sunt
1905 5629 2022 5664 ma-

445 5699 563 5754 gme
586 5691 887 5754 sanctaque
917 5679 1102 5754 synodi
1120 5679 1771 5754 sacratissimiantistites,
1819 5681 2024 5754 dilecti-_

444 5751 543 5820 que
565 5752 772 5803 Christo
796 5752 1110 5811 sacerdotes,
1137 5751 1329 5818 fratres
1353 5751 1453 5802 mei
1471 5752 1524 5803 in
1554 5751 1773 5802 Domino
1793 5761 1840 5802 et
1863 5752 2025 5804 simul

449 5821 698 5886 ministri,
719 5820 884 5875 Deum
915 5829 1126 5875 orantes
1163 5830 1424 5887 optamus,
1448 5830 1496 5873 te
1529 5822 1581 5872 in
1613 5822 1795 5887 primis
1823 5820 2022 5874 illumi-

2119 4426 2574 4501 lumenrecipere.
2609 4426 2969 4484 Veritas'enim
2997 4426 3236 4487 Christus
3269 4442 3366 4496 est,
3386 4433 3534 4501 isque
3556 4426 3709 4486 vero:

2117 4497 2201 4549 sui
2243 4499 2573 4563 adoratores,
2607 4501 2698 4570 qui
2718 4502 2886 4569 ipsum
2924 4504 2981 4554 in
3029 4502 3234 4554 duabus
3274 4497 3483 4555 naturis
3531 4503 3710 4555 subsi-

2117 4576 2355 4640 stentem,
2379 4570 2691 4640 totidemque
2707 4571 3172 4640 operationibusfac
3189 4571 3546 4626 voluntatibus
3569 4589 3712 4640 pra:-

2119 4637 2307 4711 ditum,
2334 4640 2561 4711 inimica
2584 4637 2824 4708 persona,
2853 4637 3165 4710 prtedicant,
3188 4652 3370 4694 sancto
3404 4637 3610 4711 Spiritu
3639 4659 3709 4694 ac

2117 4709 2343 4781 ueritate,
2358 4709 2648 4781 illuminat,
2678 4709 2861 4780 suique
2885 4712 3102 4765 caelestis
3124 4713 3270 4780 regni
3292 4713 3418 4781 facit
3447 4709 3705 4765 heredes.

2119 4774 2347 4851 Quodsi
2379 4779 2496 4851 illa,
2515 4797 2632 4851 qua!
2649 4782 2707 4851 in
2735 4774 2905 4845 capite
2934 4793 3022 4836 tuo
3057 4792 3152 4844 est,
3182 4774 3440 4835 "cernendi
3469 4792 3519 4835 et
3567 4782 3710 4851 olfa-

2121 4847 2290 4900 ciendi
2319 4847 2567 4918 facultas,
2601 4849 2772 4904 altera
2802 4857 3011 4921 quidem
3026 4853 3301 4906 veritatem
3329 4847 3714 4921 dispiciat.al-

2122 4926 2234 4969 tera
2261 4929 2437 4972 autem
2475 4921 2699 4973 duarum.
2735 4921 2792 4972 in
2821 4920 3024 4976 Christo
3048 4934 3368 4974 naturarum
3397 4920 3563 4976 veluti
3586 4937 3710 4974 sen-

2119 5002 2238 5042 sum
2265 4989 2554 5058 percipiat;
2583 4991 2758 5062 ueteri
2776 5000 3193 5062 Aconsequenter,
3227 4993 3316 5061 qui
3345 4992 3440 5044 tibi
3490 4992 3712 5062 auscul-

2123 5064 2266 5132 tant_,_
2291 5067 2602 5132 tuorumque
2630 5059 2995 5132 beneﬁciorum
3023 5072 3180 5132 gustu
3215 5059 3490 5132 fruuntur,
3513 5061 3710 5129 hujus-

2125 5126 2266 5201 modi
2302 5126 2536 5183 sensibus
2557 5131 2723 5188 ducti.
2753 5126 2949 5201 rectum
2983 5126 3175 5201 dogma
3212 5126 3518 5193 admittent,
3546 5126 3712 5198 atque

2129 5197 2198 5266 ad
2241 5208 2476 5252 nostram
2527 5200 2943 5255 communionem
2975 5197 3241 5266 accedent,
3289 5208 3398 5256 etc.
3443 5197 3710 5254 Dominus

2126 5264 2493 5340 Deusinoster,
2529 5271 2620 5340 qui
2659 5271 2803 5324 adest
2849 5273 3046 5324 cunctis
3097 5264 3460 5324 invocantibus
3489 5287 3564 5332 se,
3611 5271 3708 5339 qui

2122 5336 2493 5408 misericordia:
2512 5336 2622 5393 sua:
2636 5340 2898 5394 miracula
2918 5342 3161 5406 ostendit,
3193 5349 3241 5394 et
3268 5341 3506 5408 dispersa
3526 5336 3710 5394 omnia

2122 5406 2192 5456 ad
2231 5410 2490 5462 unitatem
2537 5410 2784 5475 deducit;
2827 5412 2872 5464 is
2893 5412 3102 5464 utinam
3143 5422 3294 5464 tuam
3321 5406 3712 5464 nobilissimam

2121 5486 2481 5549 potentemque
2537 5481 2739 5548 regiant
2782 5496 3060 5549 personam
3109 5497 3227 5545 cum
3259 5481 3476 5534 ecclesia
3524 5488 3713 5533 nostra

2123 5547 2405 5622 {onjuitgat
2427 5549 2446 5601 !
2479 5547 2680 5622 eosque
2697 5547 2872 5603 omnes
2901 5553 2989 5622 qui
3035 5552 3090 5604 in
3125 5550 3245 5619 ﬁdei
3274 5553 3534 5604 unitatem
3580 5565 3710 5602 con-

2121 5613 2393 5689 ﬂumerint,
2433 5619 2524 5673 abs
2554 5613 2786 5689 qualibet
2816 5613 3134 5674 adv'ersitate'
3163 5630 3379 5673 tueatur
3399 5622 3418 5673 !
3458 5631 3564 5673 etc.

2121 5757 2154 5811 Γ
2194 5687 2306 5768 (ξὸ)
2371 5687 2884 5747 Animadvertamus
2909 5707 3112 5746 morem
3140 5691 3380 5746 donandi
3407 5705 3591 5744 sacras
3617 5703 3715 5741 re-

2143 5773 2335 5811 lamas.

2143 5773 2335 5826 tqmas.
