3930 6432
237 333 341 395 717

1409 322 1865 386 EPlSTOLARl

1987 319 2214 378 LIBER
2253 318 2302 378 Ι.
3408 307 3512 370 ἨΞ

310 441 597 510 Reliquum
639 451 735 499 est,
766 448 825 492 nt
850 455 950 508 pro
977 439 1072 491 hoc
1103 436 1304 506 duplici
1351 433 1525 488 Photii
1558 433 1755 502 scripto
1784 431 1973 502 gratia:
2009 438 2243 500 agantur
2274 425 2384 480 RR.
2419 423 2671 479 Patribus
2711 422 3020 477 monasterii
3050 421 3225 474 Veneti
3257 419 3513 476 Mechita-

234 531 414 595 ristis,
471 531 561 600 qui
583 529 861 599 splendida
893 544 1102 582 morum
1130 527 1423 589 honestate,
1455 525 1710 577 bonorum
1752 521 2040 590 ciliciorum
2091 520 2450 580 multitudine,
2480 516 2718 586 plurima
2751 515 3052 568 litterarum
3071 513 3325 572 scientia,
3363 511 3517 564 editis

233 628 310 671 tot
347 599 518 671 civilis
551 633 824 688 sacrazque
855 617 1108 669 doctrinm
1141 613 1312 676 libris,
1342 611 1651 681 quotidiana
1694 609 1915 680 denique
1953 607 2278 677 amplianda:
2319 604 2654 660 orthodoxiw
2691 603 2892 669 studio,
2931 601 3126 669 optime
3149 599 3212 652 de
3231 609 3382 668 gente
3417 614 3517 651 sua

233 717 280 758 et
315 713 381 760 de
406 706 668 759 catholica
705 703 938 758 Ecclesia
969 702 1143 756 meriti
1173 710 1312 754 sunt.

847 836 1072 890 ΕΠΙΣΤ.
1111 836 1210 888 ΙΛ’.

526 943 774 1014 Μιχαὴλ
815 941 898 1008 τῷ
920 941 1226 1008 θεοσέπτῳ
1267 937 1540 1005 βασιλεῖ.

2550 822 2772 880 EPIST.
2810 823 2901 877 XI.

2220 931 2463 987 Michaeli
2491 929 2803 998 imperatori
2829 944 2862 980 a
2889 926 2996 980 Deo
3013 933 3282 980 coronato.

1389 1051 1532 1100 Edita
1555 1065 1583 1100 a
1619 1047 1918 1100 Montacutio
1945 1048 2049 1113 (ep.
2077 1047 2158 1107 18,
2199 1061 2248 1109 p.
2275 1015 2376 1110 Ἷθ).

317 1169 431 1238 Τῆς
454 1164 726 1236 ὑμετέρας
762 1159 1090 1230 θεοστεφοῦς
1119 1159 1420 1238 βασιλείας,
1472 1158 1568 1211 καὶ
1588 1158 1664 1221 ὡς
1697 1156 1834 1226 ἁλη-
1864 1210 1865 1213 η

2011 1154 2176 1208 Lecta
2204 1166 2368 1222 quam
2388 1149 2703 1217 accepimus
2735 1147 2803 1202 ab
2840 1142 3192 1215 imperatoria
3216 1157 3343 1197 vere
3370 1152 3518 1211 pote-
3585 1164 3597 1178 -

241 1262 357 1326 θῶς
387 1259 814 1328 αὐτοκράτορος,
836 1255 1224 1324 ἀναλεγόμενοι
1245 1254 1345 1322 τὴν
1392 1251 1702 1320 ἐπιστολὴν,
1733 1268 1836 1320 χα-

245 1358 352 1428 ρᾶς
375 1354 492 1422 ἅμα
521 1353 615 1405 καὶ
649 1349 896 1420 θάμϐους
923 1345 1323 1416 ἐπληρώθημεν
1342 1360 1358 1375 °
1388 1343 1562 1413 χαρᾶς
1594 1342 1713 1412 μὲν,
1753 1342 1836 1394 ὅτι

243 1449 349 1516 τὴν
378 1443 652 1515 ὑμετέραν
713 1441 780 1494 δι’
810 1439 979 1509 αὐτῆς
1010 1434 1478 1506 εὐηγγελιζόμεθα
1537 1432 1836 1503 βασιλείαν,

247 1537 436 1606 πάσης
469 1533 568 1600 μὲν
591 1530 886 1598 ἐπιϐουλῆς
906 1527 1011 1579 ὑπὸ
1027 1523 1164 1578 Θεοῦ
1198 1521 1610 1593 φυλαττομένην
1637 1517 1838 1573 ἀνωτέ-

250 1647 378 1700 ραν,
418 1627 601 1694 πάσης
657 1623 714 1676 δὲ
751 1621 984 1692 κρείττω
1034 1615 1479 1677 ἐπαναστάσεως,
1530 1611 1740 1683 ἐχθρῶν
1777 1628 1837 1664 τε

248 1722 475 1775 πάντων
509 1714 758 1786 ὑψηλωτέ
770 1731 866 1784 ραν
903 1711 1310 1782 βουλευμάτων,
1328 1706 1421 1760 καὶ
1444 1705 1645 1768 παντὸς
1667 1703 1843 1774 ἀπηλ-

246 1810 531 1880 λαγμένην
561 1807 750 1876 ἐτέρου
787 1799 1193 1874 συμπτώματός
1242 1815 1304 1850 τε
1346 1797 1440 1850 καὶ
1465 1795 1841 1868 ἀρρωστήμα-

245 1922 369 1967 τος.
395 1901 582 1955 Ταῦτα
615 1899 790 1969 χαρᾶς
818 1897 968 1966 ἡμᾶς
1006 1892 1376 1963 ἁνεκλαλήτου
1434 1893 1528 1943 καὶ
1581 1887 1842 1958 ἀγαλλιά-

250 2014 395 2060 σεως
427 1994 739 2063 ἐπλήρωσε·
775 1987 974 2058 θάμϐει
1003 1987 1062 2038 δὲ
1106 1983 1539 2054 κατεσχέθημεν,
1585 1982 1680 2035 καὶ
1707 1981 1846 2052 πρὸς

247 2091 472 2160 δάκρυα
503 2083 937 2153 κατενέχθημεν,
972 2079 1071 2148 τὴν
1120 2075 1470 2148 ἀνθρωπίνην
1507 2072 1847 2144 ἀπολοφυρὸ-

255 2195 416 2252 μενοι
461 2177 802 2248 ματαιότητα
824 2189 838 2204 ο
892 2173 987 2225 καὶ
1014 2171 1164 2232 ὅπως
1197 2167 1340 2232 τινὲς
1384 2166 1492 2219 τῶν
1518 2163 1844 2236 ἀνθρώπων,

253 2274 476 2328 πολλῶν
534 2270 633 2342 μὲν
686 2267 946 2339 χαρίτων,
995 2261 1198 2332 πολλῆς
1229 2260 1286 2313 δέ
1319 2258 1477 2329 δόξης
1512 2256 1845 2326 ἀξιούμενοι,

1939 1252 2098 1307 state,
2140 1251 2194 1296 et
2236 1243 2345 1296 Deo
2377 1247 2636 1295 coronato
2667 1237 2996 1308 principatu,
3028 1233 3284 1304 epistola,
3323 1231 3522 1300 gaudio

1941 1335 2102 1389 simul
2125 1334 2318 1404 repleti
2338 1347 2528 1388 sumus
2551 1342 2604 1386 et
2627 1329 3008 1386 admiratione.
3033 1327 3244 1382 Gaudio
3265 1333 3435 1389 certe,
3459 1339 3525 1379 eo

1940 1429 2088 1497 quod
2123 1428 2306 1482 hetum
2349 1441 2448 1496 per
2482 1424 2733 1479 eamdem
2772 1421 3084 1490 accepimus
3112 1420 3390 1481 nuntium,
3421 1417 3526 1470 im-

1941 1521 2152 1590 perium
2187 1529 2428 1574 vestrum
2460 1525 2612 1571 extra
2645 1529 2865 1568 omnem
2898 1511 3321 1583 conSpirationis
3353 1510 3528 1564 aleam

1940 1631 1971 1668 a
2001 1615 2112 1668 Deo
2141 1614 2383 1683 positum
2411 1619 2465 1664 et
2494 1608 2851 1672 custoditum,
2891 1621 3055 1675 supra
3102 1619 3294 1660 omnes
3343 1604 3528 1658 insur-

1941 1709 2181 1783 gentium
2245 1706 2684 1762 machinationes
2734 1701 3122 1762 constitutum,
3182 1697 3415 1750 liberum
3477 1702 3533 1748 et

1941 1803 2187 1873 quietum
2226 1801 2295 1856 ab
2335 1799 2484 1856 omni
2523 1797 2630 1852 alio
2666 1809 2797 1850 casu
2826 1804 2879 1848 et
2917 1789 3254 1845 inﬁrmitate.
3302 1785 3370 1839 Et
3415 1785 3534 1839 haec

1943 1903 2118 1960 erant,
2169 1910 2292 1964 quae
2319 1908 2423 1948 nos
2458 1891 2658 1964 gaudio
2690 1885 3058 1957 inexplicabili
3090 1892 3146 1938 et
3170 1879 3534 1936 exsultatione

1945 1987 2329 2057 repleverunt:
2356 1981 2717 2038 admiratione
2747 1993 2911 2049 porro
2947 1975 3091 2046 capti
3125 1988 3338 2038 sumus,
3381 1981 3434 2026 et
3465 1970 3536 2025 ad

1945 2081 2212 2152 lacrymas
2245 2077 2423 2133 adacti
2452 2073 2833 2136 eﬂ‘undendas,
2865 2070 2994 2125 dum
3019 2069 3314 2122 humanam
3343 2066 3537 2134 deplo-

1946 2188 2132 2230 ramus
2163 2171 2458 2228 vanitatem
2485 2185 2500 2233 ;
2533 2167 2793 2224 nimirum
2825 2177 2949 2218 cum
2976 2176 3086 2215 non
3119 2159 3277 2229 pauci
3305 2158 3415 2211 sint
3439 2155 3536 2226 qui

1949 2282 2145 2339 magna
2185 2266 2380 2337 gratia,
2420 2262 2588 2336 gloria
2633 2257 2920 2329 multiplici
2962 2253 3215 2315 ﬂoreant,
3267 2250 3358 2322 qui
3409 2265 3535 2304 cum

253 2367 445 2436 κύριοι
475 2364 533 2416 δὲ
587 2359 788 2414 πολλοῦ
821 2356 1100 2427 γινόμενοι
1145 2351 1412 2405 πλούτου·
1464 2349 1560 2404 καὶ
1599 2349 1717 2402 δέον
1751 2347 1850 2417 μὲν

1968 2358 2265 2416 )ossideant
2307 2357 2556 2427 ingentes
2592 2367 2748 2423 opes,
2789 2351 2862 2404 ita
2899 2357 2958 2402 ut
2997 2344 3241 2401 contenti
3272 2343 3540 2397 deberent

252 2462 512 2522 τούτους,
535 2453 616 2518 οἷς
645 2452 1030 2512 ἀπολαύουσιν.
1057 2450 1303 2520 ἀγαπᾷν,
1331 2447 1425 2500 καὶ⁸
1449 2447 1518 2499 τὰ
1547 2447 1722 2498 οἰκεῖα
1756 2443 1852 2514 μέ-

1968 2467 2076 2507 esse
2105 2466 2232 2506 cum
2256 2447 2544 2520 possessis,
2583 2455 2640 2501 et
2672 2443 2952 2512 proprium
2984 2439 3224 2510 ipsorum
3253 2435 3536 2490 modulum

254 2571 374 2624 τρα
410 2547 855 2607 συνεπίστασθαι,
889 2543 985 2597 καὶ
1013 2542 1105 2595 τὸν
1133 2539 1431 2610 εὐεργέτην
1479 2537 1632 2605 ἄγειν
1663 2535 1730 2588 δι’
1765 2536 1853 2586 εὑ-

1968 2556 2252 2614 ιεηοεοετο
2280 2583 2296 2607 ,
2327 2538 2740 2594 benefactorum
2776 2549 2907 2589 vero
2935 2532 3082 2588 omni
3117 2529 3293 2585 laudis
3325 2542 3540 2599 pramo-

261 2644 482 2714 φημίας
511 2642 732 2708 ἁπάσης
765 2637 860 2692 καὶ
889 2633 1320 2705 σεϐασμιότητος
1337 2647 1353 2661 ’
1379 2630 1428 2684 οἱ
1454 2628 1512 2682 δὲ
1537 2628 1634 2700 τὴν
1657 2625 1852 2682 ἐπιθυ-

267 2739 404 2808 μίαν
447 2735 742 2804 ἀκόρεστον
779 2727 1200 2798 ἐνδεικνύμενοι,
1234 2726 1330 2779 καὶ
1371 2723 1510 2794 πρὸς
1537 2723 1715 2776 πάντα
1741 2721 1856 2773 δια-

263 2828 553 2898 πλωθῆναι
593 2823 1091 2894 φιλονεικήσαντες,
1150 2819 1253 2888 τῆς
1309 2835 1369 2871 τε
1429 2816 1567 2880 ἰδίας
1612 2813 1858 2884 κεφαλῆς

263 2923 366 2978 καὶ
402 2917 738 2991 εὐεργέτιδος
762 2914 1004 2985 τολμῶσι
1045 2908 1578 2982 καταφρυιὴτεσθαι,
1623 2909 1719 2960 καὶ
1767 2906 1860 2960 τὸν

264 3016 369 3070 τοῦ
407 3011 726 3083 Σαλμονέως
755 3008 922 3080 μύθον
949 3008 1029 3068 εἰς
1059 3005 1220 3076 ἔργον
1249 3004 1604 3073 προάγουσιν.
1653 2999 1745 3064 Ἐξ
1784 2992 1860 3052 ὧν

266 3109 333 3161 οὐ
371 3109 531 3176 μόνον
558 3102 666 3156 τῶν
694 3100 946 3165 ἐλπίδων,
971 3098 1038 3162 ἃς
1077 3094 1502 3167 ὀνειροπολοῦσι,
1528 3093 1623 3146 καὶ
1659 3092 1745 3161 ἐφ’
1773 3084 1861 3154 αῖς

269 3199 537 3268 ὠχοῦντο,
565 3193 946 3248 διαπίπτουσιν
965 3208 980 3223 ο
1011 3189 1148 3243 ἀλλὰ
1173 3189 1268 3241 καὶ
1305 3185 1484 3240 αὐτῶν
1510 3184 1738 3246 τούτων,
1786 3176 1863 3236 ὧν

270 3291 465 3363 δικαίᾳ
506 3288 726 3359 ἐξουσίᾳ
762 3285 858 3340 καὶ
884 3284 1145 3355 δεδομένῃ
1175 3280 1630 3348 καθειστήκεισαν
1661 3277 1861 3347 κύριοι,

272 3385 508 3446 ἑαυτοὺς
530 3381 778 3452 ἀφρόνως
808 3377 1206 3433 ἀπελαύνουσιν
1231 3390 1244 3403 ·
1291 3371 1402 3428 οἷον
1439 3373 1503 3442 δή
1552 3389 1606 3424 τι
1633 3369 1721 3425 διὰ
1757 3368 1866 3421 τῶν

273 3477 626 3550 γραμμάτων
652 3475 749 3543 (ὡς
779 3471 893 3525 εἴθε
930 3469 1004 3540 μὴ
1026 3466 1242 3538 ὄφελον)
1262 3505 1278 3530 ,
1311 3463 1731 3536 κατεμάθομεν,
1772 3462 1867 3514 καὶ

277 3571 414 3640 περί
446 3569 537 3622 τὸν
565 3564 821 3619 ταπεινὸν
858 3562 1147 3634 ἄνθρωπον
1174 3560 1386 3613 ἐκεῖνον
1443 3557 1566 3627 (οὐκ
1615 3551 1729 3608 οἶδα
1757 3553 1866 3624 γὰρ

278 3665 434 3725 ὅπως
463 3662 667 3733 ἑτέρως
705 3659 877 3718 εἴπω,
909 3657 1008 3725 τῆς
1038 3643 1396 3725 ἀνθρωπίνης
1426 3649 1870 3721 μιμνησκόμενος

277 3753 622 3820 ἀθλιότητος)
653 3750 768 3812 πῶς
791 3749 898 3802 ὑπὸ
927 3747 1026 3817 τῆς
1062 3746 1217 3815 ὑμῶν
1239 3743 1536 3815 φιλοδώρου
1569 3741 1666 3796 καὶ¹
1697 3756 1869 3811 μεγα-

1955 2637 2075 2699 nio,
2117 2643 2173 2689 et
2214 2631 2570 2688 veneratione
2600 2628 2858 2701 prosequi
2892 2635 3216 2691 teneantur;
3245 2623 3319 2677 illi
3355 2631 3541 2677 tamen

1958 2727 2342 2797 inexplebilem
2372 2740 2484 2794 prae
2511 2739 2572 2778 se
2595 2723 2780 2777 ferunt
2820 2719 3198 2790 cupiditatem,
3231 2714 3382 2770 omni
3420 2724 3542 2769 stu-

1959 2820 2052 2875 dio
2067 2829 2125 2874 et
2152 2807 2504 2874 contentione
2530 2829 2589 2870 se
2629 2813 2940 2867 immiscent
2976 2809 3253 2872 omnibus,
3292 2807 3348 2861 in
3398 2806 3546 2875 ipso—

1961 2928 2082 2966 rum
2110 2919 2277 2982 caput
2312 2909 2536 2980 quidem
2572 2905 2972 2962 benemeritum
3003 2901 3206 2956 audent
3236 2898 3542 2955 tumultuo-

1962 3005 2076 3060 sius
2108 3003 2458 3067 insolescere,
2493 3001 2566 3056 ita
2593 3009 2654 3054 ut
2686 3000 2755 3053 de
2787 2997 3079 3052 Salmonea
3111 2992 3346 3048 fabulam
3380 3004 3546 3058 Opere

1962 3097 2082 3167 ipso
2111 3096 2401 3150 exhibeant
2428 3093 2755 3163 completam
2796 3108 2809 3144 :
2839 3091 2986 3144 unde
3017 3085 3305 3158 contingit,
3338 3093 3399 3138 ut
3434 3099 3547 3139 non

1964 3188 2126 3242 modo
2151 3187 2219 3242 de
2246 3200 2365 3256 spe,
2397 3199 2559 3255 quam
2596 3184 2700 3238 sibi
2730 3198 2830 3252 per
2855 3194 3110 3235 somnum
3138 3177 3546 3240 conﬂuxerant,

1965 3290 2022 3335 et
2059 3295 2165 3349 qua
2195 3279 2528 3342 evehuntur,
2559 3275 2841 3337 excidant;
2877 3286 3070 3327 verum
3099 3268 3263 3324 etiam
3293 3283 3392 3337 per
3415 3267 3552 3320 insi-

1965 3375 2227 3445 pientiam
2265 3374 2335 3427 ab
2363 3372 2430 3426 iis
2462 3370 2594 3441 ipsis
2623 3384 2684 3425 se
2712 3366 3101 3430 exterminent,
3143 3377 3376 3433 quorum
3401 3361 3552 3430 justa

1974 3477 2272 3538 potestate,
2296 3464 2542 3519 dominio
2555 3461 2984 3517 etconcessione
3001 3457 3346 3512 fruebantur.
3377 3454 3552 3508 Illius-

1970 3562 2118 3617 modi
2170 3559 2316 3615 istud
2351 3567 2436 3613 est
2468 3556 2612 3626 quod
2644 3554 2886 3625 (utinam
2927 3565 3039 3605 non
3070 3549 3143 3603 ita
3163 3547 3552 3618 contigisset!)

1970 3671 2068 3728 per
2096 3655 2308 3709 litteras
2335 3651 2466 3705 facti
2497 3648 2759 3704 certiores
2784 3643 3176 3709 intelleximus,
3201 3641 3255 3695 in
3285 3640 3378 3694 illo
3404 3639 3556 3709 abje—

1971 3757 2060 3802 cto
2095 3754 2150 3800 et
2190 3742 2473 3800 humiliato
2513 3739 2732 3794 homine
2770 3745 3142 3806 perpetratum
3183 3735 3386 3802 (neque
3407 3731 3556 3786 enim

278 3847 522 3917 λοδώρου
552 3845 731 3910 δεξιᾶς
765 3843 846 3904 είς
873 3841 1014 3895 αὑτὰ
1043 3855 1147 3892 που
1181 3837 1249 3890 τὰ
1282 3837 1554 3908 ,σκῆπτρα
1585 3834 1684 3904 τῆς
1711 3834 1865 3903 βασι-

1973 3853 2082 3909 quo
2110 3837 2219 3890 alio
2256 3850 2380 3890 eum
2439 3831 2662 3886 nomine
2721 3837 2907 3882 notem
2958 3825 3094 3881 satis
3142 3824 3424 3894 intelligo,
3460 3823 3557 3891 qui

278 3939 435 4000 λείας
464 3935 788 4004 ἁνυψωθεὶς,
824 3932 921 3986 καὶ
947 3931 1046 4001 τὴν
1075 3929 1373 3999 βασίλειαν,
1419 3927 1467 3980 εί
1518 3929 1613 3980 καὶ
1645 3926 1720 3997 μὴ
1769 3924 1870 3995 τὴν

280 4031 502 4100 κλῆσιν,
560 4027 696 4082 ἀλλὰ
749 4025 849 4094 τὴν
899 4023 1150 4089 ἐξουσίαν
1208 4019 1718 4093 συμμερισάμενος,
1761 4017 1864 4070 οὐκ

280 4127 543 4195 ἤνεγκεν,
599 4119 674 4183 ὡς
702 4117 859 4189 φασὶ,
889 4117 992 4185 τῆς
1036 4113 1357 4185 εὐεργεσίας
1383 4111 1444 4166 τὸ
1483 4109 1732 4182 μέγεθος,
1763 4107 1871 4162 οὐδ’

280 4214 541 4288 ἔστερξεν
571 4208 651 4276 οἷς
679 4212 925 4283 ἠξίωται,
965 4208 1075 4260 οὐδ’
1097 4207 1493 4277 εὐχαρίστησεν
1515 4199 1595 4266 οἷς
1625 4203 1874 4275 ἀπήλαυ-

286 4326 418 4362 σεν·
453 4307 569 4362 ἀλλ’
632 4305 926 4375 ὑπερόριον
981 4302 1072 4355 τὸν
1125 4300 1263 4354 πόδα
1316 4297 1506 4363 κινῶν,
1566 4297 1660 4351 καὶ
1687 4298 1876 4368 χεῖρας

283 4403 503 4470 ὖῦρεως
525 4396 667 4452 κατὰ
687 4401 784 4468 τῆς
803 4394 1143 4467 εὐεργέτιδος
1165 4389 1584 4460 ἀνατεινάμενος
1610 4387 1875 4458 κεφαλῆς,

286 4493 427 4548 αὑτό
457 4509 518 4545 τε
548 4491 610 4543 τὸ
638 4491 759 4561 ζῇν,
791 4489 1011 4551 καὶτὰς
1057 4485 1449 4556 ὑπερηφάνους
1504 4482 1746 4546 ἐλπίδας,
1783 4481 1878 4536 καὶ

283 4588 366 4642 τὰ
414 4586 621 4656 μάταια
669 4583 984 4654 φυσήματα,
1024 4578 1257 4650 οἰκτρῶς
1293 4577 1440 4645 οἶμοι
1495 4576 1589 4630 καὶ
1632 4574 1880 4637 ἐλεεινῶς

286 4676 478 4748 ῷχητο
534 4673 774 4728 λειπὼν·
830 4671 1046 4742 ἤλγησα
1089 4670 1188 4740 μὲν
1235 4663 1301 4737 (ὦ
1330 4667 1714 4738 φιλάνθρωπον
1757 4666 1882 4730 ἐμοὶ

291 4769 396 4822 καὶ
423 4767 742 4837 πανήμερον
771 4763 996 4834 κράτος)
1038 4763 1204 4832 ἀώρῳ
1259 4760 1476 4829 θανάτῳ
1505 4757 1883 4828 παραδοθέντα

286 4859 392 4913 τὸν
415 4859 702 4928 ἄνθρωπον
755 4855 972 4926 μαθὼνο
1001 4854 1086 4923 ἐφ’
1133 4846 1179 4921 ᾧ
1200 4854 1258 4906 δὲ
1283 4852 1518 4923 μάλιστα
1543 4852 1626 4904 ὅτι
1664 4853 1759 4903 καὶ
1785 4867 1884 4902 τυ-

292 4949 547 5024 ραννίδος
599 4947 772 5010 διδοὺς
819 4945 1012 5015 δίκην,
1074 4941 1410 5014 εἰσεπράχθη
1471 4941 1564 4994 τὸν
1634 4939 1883 4994 θάνατον.

292 5042 638 5101 Πλάττεσθαι
667 5045 776 5111 γὰρ
804 5039 865 5091 τὸ
893 5039 1151 5109 γράμμα,
1197 5036 1294 5088 καὶ
1321 5033 1497 5096 ἄλλως
1547 5031 1685 5096 πῶς,
1739 5031 1773 5101 ἢ
1810 5030 1885 5094 ὡς

293 5137 520 5209 ἐδήλου,
547 5135 615 5188 τὰ
652 5133 783 5203 περὶ
813 5131 978 5186 αὐτὸν
1001 5127 1403 5197 συνενεχθῆναι,
1435 5125 1502 5178 δι’
1554 5118 1630 5177 ὧν
1679 5125 1888 5185 ἐκεῖνος

1975 3944 2188 3985 memor
2219 3928 2322 3983 sim
2355 3926 2606 3979 humanae
2646 3920 2912 3989 miseriae)
2953 3919 3044 3973 ille
3092 3924 3304 3970 tantum
3345 3931 3454 3969 non
3489 3915 3560 3968 ad
3643 3984 3646 3986 Π

1979 4022 2132 4093 regni
2154 4028 2370 4089 sceptra
2397 4032 2494 4088 per
2520 4017 2768 4070 dextram
2795 4020 3034 4067 vestram
3073 4008 3388 4064 munificam
3411 4007 3562 4061 exal-

1977 4125 2144 4181 tatus,
2181 4113 2257 4168 ita
2297 4120 2356 4166 ut
2395 4109 2524 4164 licet
2559 4106 2799 4162 nominis
2825 4101 3162 4173 imperatorii
3189 4110 3245 4156 et
3277 4099 3418 4154 tituli
3448 4114 3560 4153 non

1978 4216 2123 4263 esset
2145 4205 2418 4276 particeps
2438 4245 2452 4269 ,
2482 4209 2807 4273 potestatem
2835 4207 3014 4252 tamen
3047 4203 3227 4250 tecum
3263 4192 3561 4256 dividebat,

1978 4299 2408 4373 magnitudinem
2456 4294 2710 4353 beneﬁcii
2763 4291 2908 4347 ferre
2958 4287 3238 4357 nequivit;
3288 4300 3398 4339 non
3449 4294 3568 4338 erat.

1981 4401 2277 4448 contentus
2309 4391 2378 4445 iis
2420 4387 2620 4459 quibus
2655 4386 2757 4440 fuit
2785 4383 3060 4454 dignatus,
3097 4394 3199 4433 nec
3228 4376 3430 4449 gratias
3465 4377 3567 4430 ha-

1985 4486 2150 4542 bebat
2172 4499 2273 4556 pro
2302 4482 2564 4538 fruitione
2592 4477 2792 4534 habitis
2816 4515 2832 4538 ,
2863 4473 2960 4529 sed
2988 4481 3140 4527 extra
3174 4469 3346 4524 lineas
3373 4467 3565 4538 pedem

1982 4592 2336 4650 promovens,
2367 4583 2423 4630 et
2458 4587 2654 4628 manus
2699 4570 2753 4623 in
2806 4565 3158 4637 opprobrium
3205 4559 3570 4616 benefactoris

1984 4671 2316 4734 retendens,
2348 4666 2623 4737 capitique
2659 4663 2781 4732 ejus
2826 4657 3140 4720 insidiatus,
3178 4654 3347 4707 vitam
3397 4651 3572 4721 ipsam

1986 4767 2242 4832 tandem,
2275 4762 2663 4819 insolentiores
2695 4772 2822 4829 spes
2872 4769 3035 4818 suas,
3081 4752 3272 4806 inanes
3322 4748 3571 4820 spiritus,

1989 4860 2249 4914 miserum
2285 4858 2393 4912 heu
2421 4865 2479 4910 et
2503 4851 2874 4908 miserandum
2905 4849 2962 4901 in
2993 4844 3238 4910 modum,
3279 4843 3415 4898 abiit
3445 4843 3577 4896 hinc

1992 4953 2326 5022 relinquens.
2370 4946 2578 5004 lndolui
2617 4944 2838 5015 quidem
2875 4940 2930 5012 (ο
2969 4938 3281 4994 misericors
3307 4945 3364 4991 et
3400 4933 3578 4989 mitis-

1993 5049 2128 5100 sima
2154 5046 2426 5116 potestas)
2452 5055 2575 5096 cum
2595 5037 2789 5093 rescivi
2812 5036 3120 5090 immaturae
3144 5030 3266 5085 neci
3297 5029 3580 5084 hominem

1993 5140 2219 5204 datum;
2260 5137 2452 5208 magis,
2495 5131 2639 5203 quod
2684 5131 2951 5185 affectatae
2991 5123 3294 5198 tyrannidis
3336 5136 3576 5192 pmnam,

299 5233 407 5304 μὲν
437 5231 713 5296 στέφεται,
733 5227 883 5281 ἄλλοι
904 5223 962 5276 δὲ
1000 5223 1282 5292 κόψονται,
1321 5223 1354 5291 ἡ
1397 5218 1492 5272 τοῦ
1526 5234 1620 5272 σου
1649 5216 1865 5287 κρὰτου‹

1993 5231 2225 5301 oppetiit
2253 5237 2509 5283 mortem.
2540 5225 2722 5288 Certe,
2757 5239 2861 5276 non
2887 5221 3093 5292 patitur
3124 5218 3309 5275 subire
3336 5217 3582 5270 animum

294 5324 475 5396 ἁρετὴ
497 5323 591 5376 καὶ
613 5321 882 5374 ἐπιείκεια
902 5318 1150 5370 ὑπονοεῖν
1169 5317 1270 5368 οὐκ
1291 5313 1586 5368 ἐνδίδωσιν.
1613 5310 1712 5363 Διὰ
1730 5307 1889 5362 τοῦτο

300 5415 551 5485 μάλιστα
583 5413 809 5484 καιρίαν
839 5413 1048 5482 ἡνεγκα
1071 5409 1171 5479 τὴν
1194 5409 1302 5462 ἀπὸ
1320 5409 1418 5478 τῆς
1441 5406 1620 5475 λύπης
1651 5402 1888 5471 πληγήψ

297 5512 375 5564 τά
404 5525 464 5562 τε
491 5507 628 5562 ἄλλα
645 5506 741 5560 ἐπὶ
769 5505 893 5559 νοῦν
932 5502 1354 5574 ἀναλαμϐάνων,
1376 5502 1471 5555 καὶ
1503 5501 1586 5553 ὄτι
1606 5498 1892 5570 ἄνθρωπος

302 5606 366 5660 ἓν
395 5599 546 5670 αὐτῷ
569 5599 650 5670 τῷ
695 5599 1022 5670 κακουργεῖν
1079 5596 1429 5666 ἀνάρπαστος
1483 5594 1748 5663 γεγονὼς,
1797 5595 1893 5648 καὶ

310 5700 455 5766 μήτε
473 5697 541 5750 τὰ
569 5695 676 5749 ἀπὸ
697 5693 792 5748 τοῦ
825 5693 940 5764 βίου
976 5691 1299 5762 μολύσματά
1326 5708 1383 5743 τε
1411 5691 1502 5744 καὶ
1529 5692 1887 5761 ρυπάσματα,

303 5789 345 5846 ἃ
377 5792 444 5861 τῇ
466 5788 626 5859 ἀθλία
657 5785 828 5858 ταύτῃ
860 5785 1018 5855 φύσει
1047 5785 1190 5855 φιλεῖ
1216 5782 1616 5854 ἐπιτρίϐεσθαι,
1654 5785 1764 5846 τοῖς
1793 5783 1889 5836 δά-

1990 5338 2172 5377 meum
2202 5319 2573 5390 suspicionem
2611 5325 2808 5370 vestrae
2845 5313 3133 5384 potestatis
3171 5310 3344 5364 virtus
3375 5317 3430 5362 et
3467 5306 3588 5361 cie-5

1991 5410 2216 5474 mentia,
2271 5405 2675 5464 commentitias
2728 5404 2945 5460 venisse
2994 5401 3062 5456 ad
3102 5415 3192 5455 me
3222 5399 3450 5459 litteras,
3500 5396 3587 5448 vel

1992 5506 2098 5560 alio
2149 5501 2311 5558 modo
2357 5514 2522 5571 quam
2561 5513 2670 5568 quo
2697 5497 2754 5551 in
2805 5497 2912 5551 illis
2949 5504 3229 5555 narratur,
3269 5505 3392 5560 qua:
3431 5487 3586 5541 illum

1997 5595 2405 5652 concemebant
2434 5592 2751 5661 contigisse,
2783 5590 2929 5644 unde
2953 5587 3046 5642 ﬁet
3069 5593 3130 5640 ut
3154 5591 3448 5640 coronetur
3474 5580 3586 5643 ille,

2002 5688 2290 5758 ringantur
2326 5685 2442 5740 alii.
2483 5685 2664 5753 Atque
2702 5682 2830 5737 hinc
2876 5678 3130 5733 lethalem
3181 5691 3212 5730 a
3253 5674 3440 5730 dolore
3492 5686 3588 5724 ac-

1999 5780 2118 5851 cepi
2173 5779 2436 5842 intlictam
2488 5777 2742 5848 plagam,
2788 5773 2916 5827 dum
2980 5769 3243 5826 memoria
3293 5767 3433 5824 inter
3482 5764 3583 5819 alia
