3964 6446
502 321 607 383 719

1641 319 1906 379 ΡΠΟΤΙΙ
1950 322 2456 384 ΡΛΤΡιΙΑΙῖϐΠίΕ
2495 327 2601 388 CP.

3630 352 3717 416 720

500 429 855 499 rccolo,quod
889 429 942 482 in
969 427 1090 496 ipso
1128 427 1493 496 improbitatis
1517 437 1638 481 actu
1674 428 1803 481 hinc
1837 429 2058 499 abripie

2182 449 2375 526 κρυσιν
2400 437 2840 521 ἀπολουσάμενος
2855 456 2869 472 ⁸
2895 444 3034 514 μήτε
3056 435 3131 499 ὧν
3155 445 3374 518 ἐτέρους
3393 450 3580 520 ἀδίκως
3607 457 3718 526 ἴσως

498 526 697 588 batur,
748 523 819 577 ita
862 531 926 576 ut
967 537 1145 590 neque
1186 522 1437 592 lacrymis
1468 521 1701 576 abluerit
1740 524 1932 577 sordes
1958 524 2081 578 vita:

497 628 552 672 et
579 616 1010 686 inquinamenta,
1044 630 1164 684 quae
1185 614 1402 668 miserae
1435 623 1642 670 natura;
1687 624 1891 672 nostrae
1918 618 2080 672 astri-

497 721 583 766 cta
614 707 1078 764 solentinbaarere
1102 723 1114 770 ;
1140 722 1240 761 nec
1271 707 1342 759 ob
1371 706 1616 776 injurias,
1645 707 1846 776 quibus
1880 709 2076 764 fortas-

501 799 577 854 sis
608 799 743 853 alios
775 798 1050 860 aﬂ‘ecerat,
1099 797 1264 849 ullam
1311 795 1613 851 declararet
1660 799 2073 868 pcenitentiam;

500 909 604 947 nec
631 887 740 948 ullo
773 893 879 948 alio
911 894 1071 949 modo
1103 891 1352 946 Judicem
1393 893 1450 946 in
1481 893 1650 946 altera
1680 893 1792 946 vita
1831 892 2074 947 futurum

498 988 852 1042 conciliatum
888 989 1019 1042 dare
1049 988 1366 1051 studuerat;
1400 987 1581 1056 itaque
1609 986 1820 1042 delictis
1843 996 2074 1041 onustus

496 1080 562 1134 ad
600 1081 847 1151 ejusdem
899 1081 1134 1135 tribunal
1181 1081 1534 1134 transmissus
1571 1088 1657 1134 est
1698 1096 1710 1131 :
1763 1079 1858 1132 sed
1911 1087 2074 1148 prout

494 1181 705 1228 secreto
745 1173 842 1228 Dei
873 1174 1079 1240 judicio
1123 1173 1400 1227 decretum
1435 1171 1631 1237 fuerat,
1668 1171 1742 1226 ita
1779 1171 1873 1226 ille
1908 1172 2072 1225 ﬁnem

495 1263 620 1318 vita:
669 1263 1104 1334 consequebatur
1146 1280 1159 1316 :
1198 1261 1385 1315 multis
1427 1260 1646 1330 quidem
1689 1269 1899 1328 stupor,
1955 1274 2067 1312 non

495 1357 685 1427 paucis
723 1355 1041 1420 admonitio,
1089 1353 1412 1423 quibusdam
1461 1352 1888 1417 commiseratio,
1945 1352 2070 1421 plu-

497 1450 648 1504 ribus
687 1447 954 1504 haasitatio
986 1446 1168 1500 ﬁebat.
1201 1443 1283 1499 Tu
1323 1455 1526 1508 autem,
1556 1459 1810 1514 rogamus
1843 1444 2056 1515 (regum

493 1543 663 1596 decus
709 1548 766 1594 et
809 1545 1212 1599 ornamentum,
1267 1535 1458 1605 patriae
1506 1533 1785 1598 exaltatio,
1846 1533 2064 1605 imperii

491 1632 947 1695 stabilimentum,
985 1638 1040 1684 et
1069 1628 1505 1684 Christianorum
1544 1627 1814 1691 omnium,
1841 1628 1933 1697 qui
1966 1642 2066 1681 vo-

490 1735 687 1781 cantur
711 1738 883 1789 amor,
910 1722 1116 1778 delicia:
1145 1732 1200 1776 et
1214 1721 1506 1792 gloriatio),
1525 1707 1848 1790 quantocius
1875 1719 1945 1774 ad
1967 1734 2091 1774 nos.

489 1819 780 1884 festinato;
823 1816 990 1872 redde
1034 1815 1361 1869 desiderium
1393 1813 1860 1877 desiderantibus;
1893 1811 2066 1866 libera

490 1925 591 1964 nos
627 1909 862 1978 primum
893 1923 924 1961 a
964 1905 1302 1976 captivitate,
1335 1920 1468 1975 qua,
1517 1903 1650 1959 dum
1699 1912 1791 1958 tua
1820 1918 2069 1958 caremus

489 1999 805 2075 praesentia,
858 1997 1209 2063 detinemur;
1259 1997 1421 2052 retice
1471 2009 1574 2050 nos
1602 2003 1658 2049 et
1696 1993 1958 2067 refrigera
1999 1997 2068 2051 ab

489 2091 578 2146 illa
620 2090 862 2152 miseria,
894 2105 999 2159 qua
1037 2088 1368 2149 detinemur,
1409 2088 1539 2144 dum
1563 2097 1738 2143 vestra
1773 2103 1885 2143 non
1911 2088 2069 2142 adest

487 2198 728 2253 presens
750 2181 1101 2248 refocillatio;
1126 2181 1352 2253 gratiam
1377 2183 1518 2235 hanc
1535 2181 1765 2251 primam
1791 2188 1850 2235 et
1871 2179 2063 2250 prmi-

486 2292 651 2348 puam
704 2275 824 2329 urbi
877 2283 984 2329 tua:
1009 2283 1066 2328 et
1117 2274 1328 2328 civibus
1377 2273 1679 2342 impertita,
1735 2279 1798 2326 ut
1851 2271 2066 2343 possint

487 2368 736 2423 manibus
787 2376 843 2421 et
891 2365 1097 2437 linguis
1123 2380 1248 2419 cum
1295 2365 1546 2420 libertate
1599 2379 1813 2419 summa
1852 2365 2065 2420 debitas

488 2461 583 2516 tibi
616 2459 1058 2522 acclamationes,
1091 2466 1166 2521 et,
1199 2472 1234 2511 o
1267 2457 1583 2526 imperator,
1615 2470 1799 2510 coram
1828 2455 2063 2519 etl‘erre;

486 2562 671 2624 tangat
699 2562 751 2606 te
780 2551 1008 2606 canities
1057 2550 1196 2605 sacri
1227 2559 1282 2604 et
1312 2548 1610 2603 venerandi
1663 2557 1919 2613 senatus;
1970 2546 2068 2603 ﬂe-

485 2653 635 2698 ctere
667 2642 735 2697 ad
765 2656 957 2712 preces
987 2640 1363 2710 cujuscunque
1384 2637 1579 2700 aetatis,
1603 2635 1869 2702 virorum,
1905 2636 2064 2689 femi-

479 2750 701 2800 narum,
734 2733 1072 2805 puellorum:
1099 2739 1248 2786 certe
1277 2731 1424 2785 enim
1459 2743 1655 2784 omnes
1703 2744 1816 2783 uno
1857 2729 2060 2793 animo,

481 2844 618 2885 voce
647 2842 776 2888 una,
813 2823 1204 2882 dominationis
1227 2832 1422 2877 vestrae
1471 2821 1816 2892 praesentiam
1857 2820 2062 2892 emagi-

482 2930 619 2979 tant.
642 2919 800 2986 Quod
818 2919 863 2973 si
891 2917 1032 2987 apud
1057 2925 1110 2971 te
1131 2915 1308 2970 locum
1334 2915 1530 2968 habeat
1549 2929 1681 2968 cura
1705 2924 1760 2967 et
1783 2922 2065 2982 respectus

482 3009 651 3080 (quod
696 3010 810 3062 scio
851 3006 930 3060 sic
982 3005 1218 3074 habere)
1266 3003 1672 3072 archiprazsulis
1721 3002 1822 3070 tui,
1882 3003 2060 3072 ipsum

2094 1771 2142 1830 B

2183 525 2488 618 ἐκάκωσεν,
2546 529 2687 601 ὑπὲρ
2741 532 2946 586 τούτων
3013 537 3303 604 μετάνοιαν
3347 525 3718 618 ἐνδειξάμενοςλ

2181 616 2310 686 μηθ’
2339 619 2540 690 ἑτέρως
2564 638 2681 685 πως
2706 622 2796 676 τὸν
2819 625 3026 678 ἐκεῖθεν
3062 628 3266 700 Κριτὴν
3299 631 3505 699 φθάσας
3533 616 3723 705 ἐξιλεώ-

2182 705 2634 775 σασθαι·οὖτως,
2691 713 2875 778 αὐτοῖς
2922 718 3182 786 φορτίοις,
3244 722 3382 791 πρὸς
3436 724 3501 778 τὰ
3539 730 3722 787 ἐκεῖθεν

2179 800 2552 872 παρεπέμφθη
2580 803 2970 876 δικαιωτήρια·
3011 809 3129 863 ἀλλ’
3162 813 3370 878 ἐκεῖνος
3404 819 3498 885 μὲν
3538 820 3606 884 ὡς
3630 825 3723 878 τῶν

2176 890 2270 944 τοῦ
2291 892 2425 946 Θεοῦ
2455 897 2744 966 χριμάτων
2776 898 2994 953 ἐδίκασε
3017 903 3079 954 τὸ
3119 904 3448 976 ἀπόρρητον,
3485 909 3615 966 οὕτω
3643 917 3723 970 καὶ

2175 983 2267 1036 τὸν
2294 985 2408 1054 βίον
2450 989 2882 1060 κατεστρέψατο·
2911 993 3129 1056 πολλοῖς
3147 997 3268 1066 ,μὲν
3313 998 3586 1070 ἔκπληξις,
3614 1007 3724 1060 πολ-

2174 1074 2285 1139 λοῖς
2306 1077 2362 1130 δὲ
2387 1082 2786 1152 σωφρονισμὸς,
2816 1085 3030 1147 πολλοῖς
3056 1087 3100 1138 δ’
3130 1088 3298 1154 ἔλεος,
3323 1091 3529 1145 πλείοσι
3545 1094 3585 1146 δ’
3606 1097 3725 1151 ἀπο-

2179 1167 2268 1237 ρία
2297 1170 2557 1236 γεγονώς.
2592 1173 2765 1237 Αὐτὸς
2788 1175 2845 1228 δέ
2873 1169 2940 1246 (ὦ
2965 1177 3228 1248 βασιλέων
3257 1181 3723 1253 καλλώπισμα,καὶ

2174 1261 2275 1330 τῆς
2302 1262 2560 1331 πατρίδος
2580 1266 2880 1352 -ἀνύψωμα,
2921 1271 3015 1324 καὶ
3041 1272 3142 1342 τῆς
3169 1274 3444 1339 πολιτείας
3466 1279 3720 1352 ὀχύρωμα,

2173 1354 2270 1403 καὶ
2302 1353 2519 1407 πάντων
2547 1350 2630 1419 οἷς
2669 1357 2731 1409 τὸ
2775 1358 2871 1411 τοῦ
2905 1361 3145 1432 Χριστοῦ
3177 1365 3534 1435 ἐπικέκληται
3556 1350 3720 1440 ὄνομα,

2173 1445 2543 1516 πολυέραστον
2566 1451 2867 1524 σεμνολόγη
2876 1455 2974 1523 μα)
2997 1451 3103 1529 ἧκε
3127 1457 3264 1527 πρὸς
3285 1460 3436 1528 ἡμᾶς
3480 1459 3573 1531 τὴν
3596 1466 3724 1534 ταχί·

2173 1553 2326 1607 στην·
2377 1539 2575 1604 ἀπόδος
2622 1544 2734 1606 τοῖς
2768 1544 2993 1599 ποθοῦσι
3035 1547 3127 1600 τὸν
3192 1549 3560 1620 ποθούμενον·
3587 1555 3722 1624 ῥῦσαι

2171 1629 2388 1696 πρῶτον
2415 1631 2515 1701 τῆς
2567 1633 2947 1704 αἰχμαλωσίας
2979 1640 3148 1709 ἡμᾶς,
3202 1642 3270 1712 ἢν
3311 1643 3618 1716 ὑπέστημεν
3644 1649 3720 1702 σοῦ

2172 1721 2556 1809 στερηθέντεςο
2583 1723 2854 1795 ἀνάψυξον
2888 1729 3036 1798 ἡμᾶς
3078 1729 3176 1801 τῆς
3220 1731 3610 1804 ταλαιπωρίας,
3643 1740 3722 1809 ὑφ’

2169 1806 2238 1884 ἦς
2264 1814 2631 1885 κατεχόμεθα,
2661 1818 2760 1888 τῆς
2796 1820 3071 1892 ὑμετέρας
3094 1825 3433 1896 παραψυχῆς
3465 1829 3522 1880 οὗ
3546 1806 3721 1901 παρού-

2171 1921 2308 1978 σης’
2347 1907 2436 1970 δὸς
2463 1908 2624 1982 χάριν
2656 1912 2883 1985 ταύτην,
2908 1916 3001 1968 καὶ
3045 1917 3272 1990 πρώτην
3319 1920 3415 1972 καὶ
3466 1924 3717 1993 μεγίστην,

2167 2001 2234 2069 τῇ
2267 2001 2333 2070 σῇ
2367 2001 2540 2066 πόλει,
2569 2002 2665 2056 καὶ
2694 2007 2810 2067 τοῖς
2840 2009 2954 2070 σοῖς
2975 2009 3244 2077 πολίταις,
3275 2010 3340 2064 τὺ
3369 2015 3719 2085 πεπαῤῥησια-

2170 2089 2395 2158 σμέναις
2425 2091 2518 2144 καὶ
2548 2093 2707 2163 χερσὶ
2727 2093 2822 2148 καὶ
2847 2094 3142 2164 γλώσσαις,
3192 2099 3295 2170 τὴν
3321 2109 3715 2174 κεχρεωστημέ-

2167 2194 2266 2246 νην
2301 2179 2602 2250 εὐφημίαν,
2636 2182 2808 2236 καὶτὸ
2845 2185 3223 2260 αὐτοκράτορα
3255 2189 3345 2244 σοὶ
3373 2193 3720 2263 προσφθέγξα-

2169 2269 2327 2321 σθαιο
2383 2268 2738 2342 δυσωπήθητι
2788 2272 2890 2343 τὴν
2936 2274 3131 2328 πολιὰν
3154 2277 3254 2347 τῆς
3323 2278 3598 2349 αίδεσίμου
3642 2283 3718 2335 καὶ

2171 2361 2320 2431 ίερᾶς
2367 2362 2709 2432 συγκλήτουο
2764 2363 3119 2436 δυσωπήθητι
3175 2369 3362 2437 πάσης
3392 2370 3614 2439 ζήλικίας
3641 2373 3717 2443 τὴν

2166 2452 2461 2524 ἐξαίτησιν,
2502 2456 2714 2528 ἀνδρῶν
2738 2497 2753 2519 ,
2786 2459 3086 2526 γυναικῶν,
3123 2460 3368 2532 παίδωνρ
3410 2461 3604 2526 πάντες
3629 2467 3714 2536 γάρ

2169 2546 2268 2616 μιᾷ
2288 2543 2503 2616 γνώμη,
2531 2548 2624 2600 καὶ
2651 2550 2750 2619 μιᾷ
2777 2551 2952 2619 φωνῇ,
2979 2549 3077 2620 τὴν
3099 2550 3197 2604 τοῦ
3219 2551 3491 2623 ὑμετέρου
3517 2555 3714 2622 κράτους

2163 2635 2503 2704 ἐξαιτοῦνται
2524 2641 2852 2711 παρουσίαν.
2884 2642 2948 2694 El
2976 2642 3033 2695 δὲ
3066 2642 3150 2694 σοί
3184 2659 3322 2696 ποτε
3351 2644 3447 2697 καὶ
3497 2647 3525 2698 ό
3559 2647 3710 2717 ἀρχιε-

2168 2731 2294 2800 ρεὺς
2325 2731 2384 2783 ἐν
2413 2730 2557 2802 λόγῳ
2613 2732 2710 2784 καὶ
2739 2733 2981 2802 φροντίδι
3005 2734 3326 2805 νενόμισται
3371 2731 3510 2807 (οῖδα
3556 2736 3608 2789 δέ
3646 2738 3706 2790 ὅτι

2163 2820 2498 2893 νενόμισται)
2529 2822 2690 2876 αὐτὸν
2721 2824 2806 2877 σοι⁹
2839 2828 3097 2897 παρεῖναι
3120 2827 3336 2898 νόμιζε,
3369 2831 3462 2884 καὶ
3505 2834 3569 2903 τῇ
3595 2834 3707 2902 χειρί

2161 2914 2260 2984 τὴν
2290 2917 2453 2985 χεῖρα
2482 2915 2778 2987 λαϐόμενον
2801 2917 2982 2971 ἕλκειν
3003 2921 3142 2990 πρὸς
3163 2922 3266 2992 τὴν
3303 2922 3406 2992 σὴν
3443 2924 3610 2991 πόλιν,
3637 2927 3708 2979 καὶ

2161 3005 2254 3058 τὸν
2277 3005 2372 3060 τοῦ
2395 3006 2530 3060 Θεοῦ
2568 3008 2712 3074 ναὸν,
2771 3009 2858 3080 ἐφ’
2880 3005 2926 3080 ᾧ
2975 3012 3078 3076 τὰς
3131 3014 3360 3079 ἐλπίδας
3383 3017 3605 3088 ἀνέχεις,
3636 3020 3707 3074 καὶ

482 3102 579 3157 tibi
619 3100 764 3171 ﬁnge
791 3113 974 3154 coram
1015 3097 1227 3161 adesse,
1265 3103 1320 3150 et
1368 3110 1533 3149 manu
1594 3110 1816 3148 manum
1859 3109 2058 3165 appre-

2163 3097 2299 3168 πρὸς
2327 3102 2398 3153 τὰ
2423 3099 2521 3170 τῆς
2574 3100 2852 3170 βασιλείας
2890 3104 3188 3177 ἀνάκτορα.
3239 3107 3355 3162 Ναὶ¹
3417 3111 3607 3174 πάντες
3632 3112 3706 3164 σοῦ

479 3191 707 3246 liensam
747 3191 814 3244 ad
855 3188 1125 3258 propriam
1173 3187 1490 3256 pertrahere
1526 3186 1822 3251 civitatem,
1853 3185 1922 3240 ad
1964 3184 2058 3239 Dei

480 3285 766 3354 templum,
807 3281 953 3351 apud
993 3295 1157 3349 quem
1203 3294 1330 3349 spes
1355 3278 1624 3348 repositas
1655 3277 1844 3340 habes,
1872 3276 1942 3331 ad
1971 3277 2057 3346 ip-

477 3375 593 3430 sius
609 3373 820 3443 imperii
840 3371 1096 3426 sacraria.
1113 3369 1296 3433 Certe,
1319 3368 1415 3423 tibi
1435 3368 1806 3438 supplicamus
1830 3381 2050 3433 omnes;

475 3483 604 3538 spes
649 3474 867 3520 nostras
909 3462 1043 3527 noli,
1079 3476 1287 3532 quaso,
1341 3459 1688 3530 pudefacere,
1716 3468 1811 3514 aut
1863 3475 2055 3528 preces

476 3560 727 3630 rejiccre.
771 3559 1068 3627 Speramus
1098 3555 1246 3609 enim
1295 3555 1352 3609 in
1370 3554 1482 3609 Deo
1524 3569 1656 3608 vero
1706 3563 1894 3608 nostro
1925 3552 2055 3608 Jesu

473 3652 693 3707 Christo
719 3650 963 3704 futurum
1008 3663 1152 3713 esse,
1205 3657 1266 3701 ut
1295 3663 1418 3702 cum
1449 3647 1515 3700 ad
1547 3647 1748 3718 regiam
1785 3645 1928 3700 hanc
1967 3662 2057 3700 ur-

472 3744 595 3797 bem
632 3752 814 3797 vestra
847 3742 1088 3812 potentia
1133 3748 1458 3804 revertetur,
1503 3738 1756 3793 mmroris
1801 3738 2054 3793 tenebras

469 3852 500 3888 a
533 3833 811 3904 republica
852 3833 1114 3903 depelles,
1155 3832 1396 3886 hostium
1427 3839 1484 3884 et
1512 3829 1860 3884 inimicorum
1899 3829 2053 3886 inso-

468 3926 665 3981 lentias
703 3925 876 3997 magis
919 3925 1098 3981 adhuc
1127 3925 1406 3995 magisque
1433 3923 1764 3986 contundes,
1799 3922 2048 3985 consilio,

467 4018 784 4087 prudentia,
821 4016 1040 4072 militari
1089 4015 1398 4087 disciplina,
1446 4016 1699 4086 superior
1745 4015 2045 4081 deviceris;

467 4111 630 4180 idque
668 4126 763 4179 per
801 4109 1254 4164 intercessionem
1287 4109 1647 4164 sanctissimae
1689 4108 1780 4162 Dei
1818 4107 2048 4179 genitri-

462 4205 567 4267 cis,
598 4213 655 4257 et
676 4202 921 4257 omnium
948 4212 1282 4256 sanctorum.
1318 4202 1516 4256 Amen.

1070 4310 1293 4367 EPIST.
1325 4311 1442 4366 XII.

1155 4428 1362 4483 Eidem.

2075 4454 2122 4510 D

2159 3187 2414 3258 δεόμεθα,
2451 3190 2526 3262 μὴ
2559 3192 2927 3266 καταισχύνῃς
2960 3195 3117 3266 ἡμῶν
3144 3196 3246 3260 τὰς
3269 3199 3496 3263 ἐλπίδας
3522 3203 3605 3254 καὶ
3633 3202 3706 3272 τὴν

2161 3278 2397 3347 αἴτησιν.
2438 3279 2776 3351 Πιστεύομεν
2802 3283 2910 3354 γὰρ
2933 3287 2990 3338 ἐν
3019 3285 3242 3358 Χριστῷ
3286 3289 3489 3360 Ἰησοῦ,
3507 3292 3580 3362 τῷ
3599 3293 3708 3362 ἁλη-

2160 3367 2292 3439 θινῷ
2316 3368 2436 3440 Θεῷ
2465 3370 2646 3442 ἡμῶν,
2673 3372 2751 3435 ὡς
2801 3374 2941 3445 πρὸς
2986 3376 3085 3448 τὴν
3117 3376 3371 3448 βασιλίδα
3424 3381 3588 3445 πόλιν,
3633 3383 3707 3436 τοῦ

2159 3457 2429 3527 ὑμετέρου
2446 3459 2684 3529 κράτους
2713 3463 3190 3532 ἐπανατέλλοντος,
3214 3469 3430 3524 καὶτοῦ
3455 3470 3610 3541 ζόφου
3631 3475 3707 3543 τῆς

2157 3548 2398 3618 ἀθυμίας
2429 3551 2530 3621 τὴν
2559 3553 2836 3608 πολιτείαν
2866 3556 3049 3620 λύσεις
3071 3598 3085 3623 ,
3118 3562 3214 3612 καὶ
3255 3561 3369 3614 τῶν
3417 3564 3617 3634 ἐχθρῶν
3645 3563 3706 3619 ἔτι

2157 3639 2360 3710 μᾶλλον
2385 3642 2481 3694 καὶ
2508 3643 2780 3714 πολεμίων
2800 3646 2862 3698 τὺ
2890 3648 3147 3719 φρόνημα
3175 3653 3557 3721 ταπεινώσεις,
3572 3656 3706 3726 βουλῇ

2155 3733 2250 3784 καὶ
2279 3732 2494 3786 συνέσει
2527 3735 2623 3787 καὶ
2643 3738 2764 3800 ταῖς
2793 3744 3190 3810 στρατηγικαῖς
3223 3745 3504 3814 μελέταις,
3531 3747 3587 3801 τὸ
3605 3747 3705 3801 κατ’

2145 3824 2330 3878 αὐτῶν
2358 3827 2557 3896 κράτος
2611 3829 3025 3900 ἀναδεχόμενοςο
3058 3834 3378 3904 πρεσϐείαις
3417 3839 3514 3908 τῆς
3558 3839 3702 3909 ὑπερ-

2151 3918 2312 3986 αγίας
2346 3918 2632 3987 Θεοτόκου,
2664 3921 2759 3975 καὶ
2777 3922 2996 3978 πάντων
3029 3925 3137 3980 τῶν
3165 3929 3366 3996 ἁγίων.
3403 3931 3590 4003 Ἀμήν.

2762 4337 2981 4393 ΕΠΙΣΤ.
3014 4340 3116 4398 ΙΒ’.

2790 4449 2874 4514 Τῷ
2901 4452 3082 4518 αὐτῷ.

1612 4546 1756 4598 Edita
1780 4564 1808 4598 a
1833 4549 2134 4605 Montacutio
2152 4557 2255 4620 (ep.
2280 4556 2357 4618 19,
2384 4571 2438 4620 p.
2463 4557 2563 4621 80).

536 4639 826 4696 liecessisti
855 4653 887 4692 a
917 4637 1096 4700 nobis,
1120 4646 1177 4691 et
1201 4651 1301 4692 nos
1325 4653 1357 4690 a
1386 4637 1792 4710 nobismetipsis
1811 4657 1828 4706 ;
1847 4641 2037 4696 viven-

460 4743 545 4787 tes
597 4749 701 4788 non
751 4732 1007 4795 vivimus,
1035 4745 1137 4786 nec
1171 4745 1458 4786 movemur
1491 4732 1644 4787 moti.
1678 4732 1835 4799 Quod
1863 4733 1909 4789 si
1933 4736 2038 4790 Do-

459 4824 592 4876 mini
623 4824 951 4892 promissum
975 4821 1297 4893 dignaretur
1327 4831 1528 4878 nostrae
1558 4824 1884 4881 humilitatis
1905 4841 2034 4896 pre-

457 4913 616 4968 cibus
644 4929 891 4970 annuere
915 4956 932 4981 ,
977 4915 1062 4970 vel
1092 4914 1311 4970 Cretam
1351 4914 1672 4987 Byzantium
1711 4917 2040 4974 transferre-

456 5019 604 5070 mus,
624 5005 710 5060 vel
731 5006 1048 5076 Byzantium
1073 5023 1199 5063 cum
1221 5007 1518 5078 nobisipsis
1539 5008 1714 5065 Cretae
1749 5011 2038 5081 copulare-

457 5112 612 5151 mus:
639 5097 733 5150 sed
756 5100 995 5154 moriens
1023 5100 1169 5155 unde
1200 5101 1259 5156 lit
1279 5111 1340 5155 ut
1359 5102 1615 5168 scribam,
1641 5110 1736 5157 aut
1759 5112 1818 5157 ut
1847 5113 2036 5159 mutus

457 5187 676 5256 loquar?
706 5188 924 5244 unicum
957 5191 1003 5244 si
1033 5191 1241 5260 dixero,
1269 5194 1550 5250 silentium
1583 5202 1766 5249 teneo.
1791 5193 2034 5261 Festina,

454 5296 489 5330 o
521 5293 707 5348 regum
733 5288 788 5332 et
809 5279 1043 5334 ﬁliorum
1073 5281 1272 5338 decus!
1308 5294 1363 5338 et
1386 5284 1470 5338 vel
1496 5299 1599 5339 nos
1631 5285 1875 5355 captivos
1900 5286 2041 5341 Gre--

459 5379 568 5424 tam
614 5369 818 5434 ducito,
872 5372 957 5427 vel
996 5370 1328 5441 Byzantinos
1375 5377 1443 5430 de
1479 5377 1796 5446 captivitate
1839 5378 2030 5443 libera,

457 5461 550 5530 qui
586 5462 832 5530 captivos
874 5480 906 5520 a
955 5473 1251 5532 conspectu
1307 5477 1401 5522 tuo
1448 5469 1682 5525 detineri
1731 5478 1842 5524 tam
1895 5470 2036 5526 male

460 5555 654 5608 lerunt.

517 5796 546 5835 ιι
563 5786 664 5840 ια’.

2233 4646 2501 4716 Ἀπῆλθες
2545 4648 2638 4718 ἀφ’
2687 4650 2867 4719 ἡμῶν,
2897 4655 2994 4705 καὶ
3021 4654 3183 4724 ἡμεῖς
3223 4657 3320 4726 ἀφ’
3358 4660 3586 4716 ἑαυτῶν·
3616 4665 3697 4716 καὶ

2148 4737 2334 4808 ζῶμεν
2351 4739 2414 4792 ού
2449 4739 2670 4806 ζῶντες,
2694 4742 2790 4795 καὶ
2817 4745 3121 4813 κινούμεθα
3158 4746 3234 4819 μὴ
3277 4750 3597 4821 κινούμενοι.
3646 4754 3694 4805 El

2146 4830 2202 4884 δέ
2228 4831 2290 4883 τὸ
2312 4831 2588 4901 Κυριακδν
2621 4833 2948 4906 ἐπάγγελμα
2972 4842 3258 4908 προσεῖναι
3299 4843 3455 4912 ἠξίου
3486 4848 3545 4916 τῇ
3577 4847 3694 4915 ἡμε-

2145 4923 2282 4994 τέρᾳ
2313 4925 2766 4999 τεταπεινωμένῃ
2804 4927 2960 4998 εὐχῇ,
3014 4929 3052 5001 ἢ
3082 4930 3182 4999 τὴν
3211 4934 3439 5006 Κρήτην
3489 4936 3564 5007 τῷ
3603 4936 3692 4988 Βυ-

2146 5012 2350 5085 ζαντίῳ
2373 5017 2815 5088 μετεστήσαμεν,
2843 5019 2877 5090 ἢ
2913 5019 2976 5073 τὺ
3004 5020 3317 5088 Βυζάντιον,
3370 5025 3490 5096 μεθ’
3533 5025 3691 5096 ήμῶν,

2143 5109 2210 5177 τῇ
2241 5107 2440 5179 Κρήτῃ
2469 5108 2812 5180 συνήψαμεν.
2850 5110 3012 5164 Ἀλλὰ
3042 5114 3163 5177 πῶς
3185 5117 3379 5186 γράφω
3399 5117 3584 5180 θανὼν,
3611 5114 3693 5170 καὶ

2146 5198 2313 5266 σιγῶν
2342 5198 2501 5262 λάλος
2527 5201 2780 5270 γίνομαις
2812 5201 2870 5255 ἓν
2890 5202 3061 5257 είπὼν
3085 5209 3461 5278 σιωπήσομαιο
3491 5210 3692 5278 τάχυνον

2147 5282 2215 5360 (ὦ
2249 5289 2515 5360 βασιλέων
2571 5292 2695 5360 ἐμοὶ
2744 5294 2844 5347 καὶ
2888 5295 3096 5365 τέχνων
3125 5307 3153 5347 ει
3204 5297 3688 5369 ἐγκαλλώπισμα)ῆ

2144 5381 2244 5452 τὴν
2273 5383 2500 5454 Κρήτην
2520 5381 2898 5453 αίχμαλώτους
2942 5386 3111 5454 ἄγων,
3144 5387 3177 5457 ἢ
3229 5389 3355 5452 τοὺς
3395 5388 3687 5453 Βυζαντίους

2146 5474 2271 5545 (τῆς
2311 5479 2408 5545 σῆς
2441 5477 2551 5547 γὰρ
2579 5477 2932 5547 δυστυχοῦσιν
2960 5481 3136 5550 ὅψεως
3167 5481 3264 5553 τὴν
3320 5481 3683 5554 αἰχμαλωσίαν)

2148 5566 2244 5636 τῆς
2271 5567 2648 5638 αἰχμαλωσίας
2671 5568 2990 5642 ἐλευθερῶν.

1738 5675 1968 5732 VARI/Ii
2004 5677 2416 5740 LECTIONES.
