3964 6436
259 384 362 451 721

867 501 1092 554 ΕΠΙΣΤ.
1127 501 1226 553 II".

269 615 638 684 Ἔγκύκλιος
659 615 956 680 ἐπιστολὴ
980 614 1138 682 πρὸς·
1180 614 1324 680 τοὺς
1369 615 1482 681 τῆς
1515 615 1845 682 Ἀνατολῆς

332 687 792 754 ἀρχιερατικοὺς
842 689 1120 755 θρόνους,
1186 685 1638 752 Ἀλεξανδρείας
1669 687 1844 755 φημὶ,

333 756 436 829 ubi
491 755 609 809 τῶν
670 755 919 821 λοιπῶν,
945 757 1015 808 ἐν
1040 753 1081 829 ᾖ
1111 757 1243 824 περὶ
1275 759 1615 829 κεφαλαίων
1667 753 1848 829 τινῶν

335 823 624 879 διάλυσιν
659 823 1305 895 πραγματώεέαιοίκαὶ
1345 823 1426 891 ὡς
1465 830 1538 881 οὑ
1585 827 1702 897 χρὴ
1742 827 1846 882 λέ-

335 912 484 967 γειν,
524 897 593 949 ἐκ
626 897 733 951 τοῦ
799 897 1046 967 Ματρὸς,
1071 898 1168 952 καὶ
1195 897 1304 950 τοῦ
1334 897 1492 961 Υἱοῦ,
1513 897 1579 950 τὸ
1603 899 1848 967 Πνεῦμα

334 966 756 1036 προέρχεσθαι,
777 966 915 1020 ἀλλ’
945 968 1013 1020 ἐκ
1039 969 1147 1024 τοῦ
1175 967 1409 1036 Πατρός
1427 968 1642 1036 μόνον.

1418 389 1960 453 EPISTULARUM
1999 392 2229 452 LIBER
2272 393 2318 452 Ι.
3419 394 3526 456 729

2533 499 2750 554 EPIST.
2796 499 2939 554 Xlll.

1953 616 2231 684 Eurydica
2259 617 2476 684 epistola
2527 619 2599 670 ad
2649 615 3119 683 arc/ziepiscopaies
3175 615 3386 668 thronos
3437 632 3525 684 per

2025 685 2291 740 Orientem
2348 687 2658 750 obtinentes,
2709 685 3128 739 Alexandrinum
3183 685 3417 748 scilicet,
3481 696 3530 738 et

2023 768 2274 816 cteleros,
2320 758 2376 810 in
2422 775 2525 826 qua
2571 759 2634 810 de
2687 755 2947 825 capitibus
2997 755 3310 826 quibusdam
3361 757 3530 808 dubiis

2021 826 2303 881 solutiones
2355 824 2673 886 meditatur.
2734 824 2782 896 et
2836 827 2974 896 quod
3011 824 3130 878 'nou
3164 824 3312 896 ilicet
3362 827 3534 878 dicere

2021 897 2284 964 Spiritum
2336 898 2608 965 procedere
2656 913 2690 949 a
2745 895 2912 950 Patre
2961 904 3011 949 et
3065 913 3098 948 a
3153 895 3306 962 Filio,
3357 897 3447 948 sed
3497 912 3530 946 (ι

2025 967 2188 1022 Patre
2223 967 2356 1021 solo.

1435 1107 1578 1158 Edita
1609 1124 1636 1158 a
1668 1107 1970 1158 Montacutio
1997 1112 2100 1173 (ep.
2125 1109 2175 1169 2,
2198 1123 2246 1172 p.
2274 1109 2375 1168 47).

337 1230 407 1285 α’.
449 1231 563 1285 Ούκ
596 1227 664 1303 ἦν
697 1229 828 1304 ἄρα,
853 1232 929 1297 ὡς
955 1232 1152 1300 ἔοικεν,
1181 1235 1342 1306 κόρος
1373 1234 1456 1305 τῷ,
1476 1235 1699 1306 πονηρῷ
1732 1235 1843 1288 τῶν

256 1324 475 1390 κακῶν,
501 1325 622 1378 οὐδέ
644 1344 695 1379 τι
720 1326 831 1380 τῶν
861 1329 1262 1398 ὲφευρημάτων
1288 1328 1386 1382 καὶ
1435 1328 1847 1400 μηχανημάτων

258 1417 463 1487 πέρας,
491 1417 527 1471 ά
558 1418 700 1472 κατά
719 1418 814 1471 τοῦ
837 1419 1180 1488 ἀνθρωπίνου
1227 1421 1419 1488 γένους
1461 1419 1697 1491 ἐξαρχῆς
1721 1422 1852 1474 ἀνα-

260 1512 441 1561 κινεῖν
461 1509 811 1580 ἐμελέτησενο
838 1511 975 1565 ἀλλά
1011 1512 1236 1582 μυρίαις
1271 1511 1371 1582 μὲν
1395 1512 1548 1574 ὅσαις
1585 1512 1846 1576 ἀπάταις,

259 1602 376 1670 πρὸ
407 1602 506 1672 τῆς
528 1604 586 1655 ἐν
615 1603 782 1674 σαρκὶ
812 1604 907 1657 τοῦ
934 1605 1206 1658 Δεσπότου
1255 1605 1584 1676 παρουσίας,
1638 1606 1730 1659 τὺν
1761 1605 1850 1660 ἄν.

259 1693 489 1762 θρωπον
510 1695 829 1764 ὑπηγάγετο
884 1698 964 1760 εἰς
994 1697 1328 1766 ἀλλοφύλους
1375 1699 1467 1750 καὶ⁵
1493 1698 1846 1768 παρανόμους

255 1784 716 1856 ἀποϐουκολήσας
749 1788 1010 1859 πράξεις’
1067 1787 1125 1852 ἐξ
1151 1781 1226 1842 ὧν
1248 1789 1342 1842 καὶ
1372 1791 1471 1860 τὴν
1498 1790 1622 1842 κατ’
1677 1789 1846 1843 αὑτοῦ

2020 1235 2075 1288 4.
2122 1234 2376 1288 Nondum
2418 1234 2497 1288 illi
2544 1234 2708 1298 malo,
2754 1243 2814 1287 ut
2856 1233 3090 1296 videtur,
3136 1234 3352 1286 abunde
3413 1241 3532 1286 erat

1945 1325 2314 1395 improbitatis
2365 1327 2629 1394 satietas;
2679 1326 2927 1382 nondum
2978 1326 3432 1381 adinventionum
3473 1336 3531 1382 et

1945 1418 2414 1473 machinationum
2466 1419 2777 1481 terminus,
2847 1433 2980 1488 quas
3041 1421 3111 1472 al)
3167 1418 3287 1486 ipso
3343 1435 3526 1474 rerum

1945 1511 2172 1565 exordio
2207 1511 2264 1564 in
2305 1512 2605 1566 humanum
2638 1527 2810 1582 genus
2841 1510 3058 1565 censuit
3078 1511 3526 1566 commovendus.

1948 1603 2055 1657 Sed
2087 1611 2144 1656 et
2171 1612 2299 1659 ante
2327 1603 2547 1658 Domini
2585 1604 2758 1658 nostri
2789 1602 3224 1658 incarnationem
3252 1602 3531 1658 hominem

1953 1694 2240 1750 seductum
2295 1695 2353 1749 in
2401 1697 2752 1766 peregrinas,
2808 1695 3021 1766 legibus
3078 1695 3420 1758 contrarias,
3477 1703 3535 1749 et

1953 1787 2138 1858 generi
2165 1788 2494 1860 incongrnas
2521 1788 2774 1844 actiones
2814 1803 2914 1859 per
2945 1788 3126 1843 varias
3163 1787 3386 1843 fraudes
3427 1790 3536 1841 im-

257 1877 579 1946 τυραννίδα,
603 1878 749 1932 κατά
781 1881 981 1950 κράτος
1013 1881 1340 1953 ἀνεδήσατο·
1393 1882 1615 1953 μυρίαις
1651 1883 1706 1935 δὲ
1753 1881 1847 1935 καὶ

1964 1881 2170 1951 pulsum
2217 1881 2535 1947 seducebat,
2582 1882 2728 1938 unde
2773 1898 2929 1938 suam
2976 1883 3322 1955 tyrannidem
3361 1883 3535 1937 vehe-

261 1968 414 2035 μετὰ
438 1968 612 2022 ταῦτα
643 1971 898 2036 πλάναις,
931 1971 1026 2026 καὶ
1055 1972 1436 2043 δελεάσμασιν,
1469 1973 1848 2037 ὑποσκελίζειν

258 2060 364 2113 καὶ
395 2059 757 2131 παρασύρειν,
807 2063 935 2127 τοὺς
988 2064 1138 2135 αύτῷ
1187 2064 1566 2134 πειθομένους,
1603 2067 1663 2118 οὐ
1688 2065 1848 2118 διέλι-

257 2168 388 2206 πεν.
429 2152 710 2205 Ἐντεῦθεν
737 2154 1016 2223 Σίμωνες,
1054 2157 1149 2208 καὶ
1183 2155 1531 2226 Μαρκίωνες,
1579 2157 1847 2211 Μοντάνοι

254 2259 324 2294 τε
379 2243 474 2296 καὶ⁵
505 2245 778 2314 Μάνητες,
805 2247 899 2300 καὶ
927 2249 960 2316 ή
987 2247 1209 2319 ποικίλη
1239 2249 1332 2302 καὶ
1376 2251 1712 2322 πολύτροποι,
1739 2250 1848 2304 τῶν

255 2335 536 2404 αἱρέσεων
564 2336 854 2408 θεομαχία,
902 2339 1223 2410 ἐπλήθυνεν.
1272 2341 1552 2396 Ἐντεῦθεν
1607 2343 1847 2414 Ἄρειος,

257 2427 361 2480 καὶ
386 2428 745 2494 Μακεδόνιος,
767 2432 861 2484 καὶ
882 2433 1199 2503 Νεστόριος,
1222 2435 1472 2505 Εὑτυχής
1493 2452 1550 2487 τε
1573 2437 1667 2488 καὶ
1693 2435 1849 2488 Διόσ-

259 2537 448 2590 κορος,
480 2522 572 2575 καὶ
611 2523 674 2575 τὸ
719 2522 906 2577 λοιπὸν
950 2527 1050 2594 τῆς
1078 2526 1332 2589 ἀσεϐείας
1381 2528 1698 2598 σύνταγμα·
1729 2528 1848 2582 καθ’

257 2605 340 2664 ὧν
373 2612 429 2666 αἱ
459 2612 612 2681 ἀγίαι
647 2615 740 2668 καὶ
772 2618 1150 2685 οίκουμενικαὶ
1198 2617 1674 2690 συνεκροτήθησαν
1711 2621 1851 2674 ἐπτά

263 2703 500 2768 σύνοδοι,
533 2705 782 2772 καὶτῶν,
821 2709 963 2761 κατὰ
995 2708 1217 2773 τόπους,
1249 2709 1408 2779 ἱερῶν
1436 2708 1530 2761 καὶ
1575 2709 1851 2780 θεοφόρων

263 2797 482 2868 ἀνδρῶν
504 2799 765 2870 συνελέγη
792 2800 860 2854 τὰ
883 2805 1230 2871 συστήματα,
1271 2802 1370 2865 τὰς
1395 2803 1638 2872 πονηρὰς
1667 2820 1853 2872 παρα-

262 2892 476 2959 φυάδας
505 2895 568 2963 τῇ
591 2895 836 2964 μαχαίρᾳ
855 2894 948 2946 τοῦ
977 2894 1292 2964 Πνεύματος
1309 2896 1666 2966 αὐτορρίζους
1696 2896 1853 2950 ἐκθε-

260 2983 542 3055 ρίσαντες,
580 2985 675 3036 καὶ
702 2985 942 3056 καθαρὸν
967 2988 1496 3057 παρασκευάσαντες
1545 2989 1852 3059 ἀναφυῆναι

258 3078 364 3145 τῆς
404 3078 730 3150 Ἐκκλησίας
757 3078 820 3131 τὸ
848 3079 1018 3149 λήϊον.

337 3257 408 3328 β’.
452 3257 613 3312 Ἀλλά
648 3258 852 3312 τούτων
877 3261 941 3313 ἐκ
967 3259 1144 3312 ποδῶν
1163 3261 1567 3330 γεγενημένων,
1608 3261 1703 3313 καὶ
1726 3262 1851 3332 σιγῇ

261 3353 365 3405 καὶ
406 3351 547 3423 λήθῃ
607 3352 1085 3424 παραδεδομένων,
1140 3352 1296 3414 ἐλπὶς
1321 3351 1499 3424 ἀγαθὴ
1536 3353 1632 3406 καὶ
1665 3353 1856 3422 βαθεῖα

263 3445 382 3504 τοῖς
443 3442 728 3495 εὑσεϐέσιν
775 3445 1131 3513 ὑπετρέφετο,
1167 3443 1242 3513 μὴ
1283 3443 1347 3496 ἄν
1371 3460 1501 3496 ποτε
1523 3443 1855 3514 καινοτέρων

261 3533 700 3603 δυσσεϐημάτων
753 3535 1054 3604 ἐφευρετὰς
1106 3535 1384 3603 γενέσθαι,
1420 3537 1479 3588 ἐν
1531 3537 1718 3600 πᾶσιν,
1773 3532 1856 3600 οἷς

263 3625 568 3696 ἐπείρασεν
587 3626 616 3676 ὁ
645 3627 905 3696 πονηρὸς,
937 3628 1018 3689 είς
1047 3627 1360 3680 τούναντίον
1385 3627 1536 3698 αύτῷ
1577 3627 1688 3680 τῶν
1730 3627 1856 3698 βου-

263 3718 563 3788 λευμάτων
591 3737 658 3772 πε
669 3720 1063 3790 ριτραπέντωνο
1093 3721 1232 3792 μήτε
1260 3721 1366 3792 μὴν
1406 3721 1518 3774 τῶν
1549 3723 1649 3794 ήδη
1687 3723 1857 3776 κατά-

264 3828 458 3882 κρισιν
490 3811 784 3874 συνοδικῶς
804 3813 1164 3882 δεδεγμένων,
1213 3813 1631 3882 ὑπερασπιστάς
1679 3832 1854 3878 τινας,

263 3905 368 3958 καὶ
393 3903 712 3976 προμάχους
735 3905 1099 3974 ἀναφανῆναι,
1130 3907 1197 3976 τῇ
1233 3910 1588 3977 καταστροφῇ
1611 3946 1625 3970 ,
1654 3907 1752 3961 καὶ
1777 3907 1858 3978 τῷ

265 3995 438 4048 πάθει
484 3995 593 4046 τῶν
635 3993 938 4063 ἀρξάντων,
971 3995 1067 4048 καὶ
1115 3995 1224 4049 τῶν
1251 3997 1332 4059 είς
1363 3996 1596 4068 μίμησιν
1631 3999 1858 4052 ἐκείνων

266 4087 452 4141 ἐλθεῖν
501 4086 891 4157 μελετώντων,
952 4090 1448 4158 ἀνακοπτομένων·
1486 4092 1582 4145 καὶ
1633 4091 1858 4155 ταύταις

271 4182 380 4251 μὲν
409 4183 528 4244 ταῖς
579 4180 791 4233 ἐλπίσιν
823 4183 851 4233 ὁ
875 4181 1108 4251 εὐσεϐὴς
1150 4181 1409 4251 λογισμὸς
1438 4183 1820 4236 ἐπανεπαύετο
1842 4201 1854 4212 ο

271 4273 514 4343 μάλιστα
536 4271 594 4324 δέ
616 4270 760 4324 κατά
783 4271 880 4342 τὴν
904 4271 1294 4341 βασιλεύουσαν
1317 4273 1492 4338 πόλιν,
1517 4276 1575 4328 ἐν
1666 4275 1854 4340 πολλὰ,

268 4365 409 4417 Θεοῦ
442 4364 753 4434 συνεργείᾳ,
785 4364 892 4416 τῶν
915 4365 1256 4418 ἀνελπίστων
1301 4365 1680 4436 κατώρθωταιο
1726 4369 1856 4421 πολ-

268 4457 364 4510 λαὶ
389 4456 446 4509 δὲ
469 4457 734 4525 γλῶσσαι,
764 4455 863 4526 τὴν
883 4460 1161 4527 προτέραν
1202 4457 1640 4528 διαπτυσάμεναι
1681 4476 1860 4529 μυσα-

1951 1973 2191 2028 mentius
2233 1974 2526 2043 promovit,
2571 1984 2628 2030 et
2669 1975 2739 2030 ab
2793 1974 2886 2029 illo
2930 1983 3210 2045 tempore,
3261 1974 3536 2028 sexcentis

1948 2066 2234 2120 erroribus
2260 2074 2317 2120 et
2347 2065 2778 2120 inescationibus
2805 2065 3084 2129 delinitos,
3131 2065 3234 2120 sibi
3280 2065 3372 2134 qui
3409 2072 3536 2118 sunt

1949 2160 2415 2228 obtemperantes,
2443 2160 2791 2230 supplantare
2828 2168 2884 2214 et
2925 2159 3186 2215 aliorsum
3233 2158 3537 2212 transferre

1949 2249 2162 2320 sategit.
2216 2249 2356 2303 Hinc
2395 2249 2499 2303 orti
2548 2250 2835 2312 Simones,
2887 2249 3215 2314 hlarciones,
3271 2247 3534 2311 Montani,

1949 2341 2231 2406 llanetes;
2273 2343 2404 2396 hinc
2431 2342 2721 2397 lueresium
2760 2342 3038 2412 variegata
3080 2352 3135 2397 et
3182 2341 3538 2395 multiformis

1952 2433 2007 2486 in
2041 2432 2211 2487 Deum
2263 2436 2623 2505 pugnantium
2676 2434 2946 2488 ordinatio
3001 2434 3360 2504 multiplicata
3409 2433 3536 2488 fuit.

1954 2527 2093 2581 Hinc
2140 2527 2341 2589 Arius,
2398 2527 2775 2592 Macedonius,
2848 2527 3171 2590 Nestorius,
3242 2527 3536 2597 Eutyches,

1952 2619 2278 2683 Dioscorus,
2333 2629 2389 2673 et
2436 2620 2618 2674 caeteri
2671 2621 2739 2675 de
2794 2621 3162 2676 conventibus
3217 2619 3534 2689 impiorum,

1952 2719 2146 2767 contra
2174 2726 2313 2781 quos
2336 2721 2547 2781 septem
2593 2722 2780 2767 sancta
2823 2712 3098 2782 generalia
3143 2711 3236 2765 illa
3283 2712 3536 2768 concilia.

1953 2818 2061 2857 nec
2081 2819 2193 2857 non
2227 2811 2546 2858 sanctorum
2578 2813 2634 2859 et
2673 2805 2986 2858 divinorum
3022 2805 3273 2857 virorum
3297 2820 3394 2873 per
3419 2804 3538 2858 loca

1952 2891 2192 2959 diversa,
2215 2893 2496 2949 consessio
2526 2894 2948 2964 colligebantur,
2988 2903 3048 2946 nt
3070 2892 3370 2962 impietatis
3405 2894 3542 2948 istos

1955 2985 2199 3039 stolones
2225 2985 2404 3040 cultro
2435 2985 2710 3055 spirituali
2753 2985 3016 3039 radicitus
3069 2985 3455 3053 exstirparent,
3489 2996 3545 3039 et

1952 3092 2206 3146 campum
2241 3077 2496 3132 Ecclesiae
2531 3078 2768 3132 sativum
2817 3093 3018 3148 purum
3049 3086 3216 3148 atque
3259 3080 3546 3148 impermi-

1877 3205 1922 3267 Ο
1955 3177 2097 3223 stum
2121 3177 2388 3222 curarunt
2415 3167 2780 3224 eﬂlorescere.

2024 3258 2080 3312 2.
2123 3257 2244 3310 Istis
2263 3269 2448 3312 autem
2490 3259 2558 3312 de
2603 3260 2781 3313 medio
2814 3260 3066 3325 sublatis,
3104 3275 3169 3314 ac
3216 3260 3438 3314 silentio
3487 3271 3546 3315 et

1955 3349 2221 3404 oblivioni
2247 3350 2484 3412 traditis,
2520 3352 2780 3420 praeclara
2823 3363 2878 3406 et
2912 3354 3182 3422 profunda
3226 3368 3351 3422 spes
3385 3354 3546 3409 bonis

1957 3440 2330 3495 subinnutrita
2360 3440 2680 3512 aﬂ'ulgebat,
2710 3441 2956 3498 futurum
2992 3451 3050 3498 ut
3098 3443 3234 3497 nulli
3286 3444 3544 3513 deinceps

1956 3547 2224 3586 novarum
2251 3532 2602 3603 impietatum
2629 3534 2948 3590 exsisterint
2974 3536 3383 3597 adinventores,
3416 3551 3544 3590 cum

1957 3624 2014 3678 in
2065 3623 2362 3689 omnibus,
2419 3640 2653 3693 quorum
2729 3635 3040 3696 sumpserat
3102 3627 3544 3697 experimentum

1957 3719 2227 3782 diabolus,
2278 3718 2510 3773 concilia
2557 3718 2680 3788 ejus
2733 3719 3026 3774 cessissent
3074 3720 3128 3772 in
3177 3719 3541 3773 contrarium.

1958 3810 2069 3866 Nec
2096 3811 2314 3865 illorum
2349 3809 2661 3881 dogmatum
2692 3827 2817 3880 quae
2844 3810 2956 3880 jam
2988 3810 3244 3880 synodica
3284 3811 3546 3865 condem-

1961 3904 2186 3958 natione
2239 3919 2529 3958 censuram
2586 3913 2943 3967 meruerant,
3013 3904 3226 3973 aliquos
3287 3904 3547 3958 rebantur

1961 3994 2374 4066 hyperaspistas
2403 3995 2718 4064 prodituros
2759 4006 2855 4049 aut
2897 4004 3356 4066 propugnatores.
3405 4010 3546 4063 quos

1960 4088 2220 4142 nimirum
2252 4087 2451 4153 exitus,
2493 4097 2550 4143 et
2593 4102 2756 4158 pmna
2803 4096 3128 4147 auctorum.
3165 4096 3222 4140 et
3254 4087 3348 4155 qui
3391 4087 3550 4141 dein-

1960 4196 2090 4250 ceps
2113 4181 2166 4234 in
2197 4195 2389 4236 eorum
2435 4181 2833 4242 imitationem,
2871 4180 3020 4234 ducti
3065 4181 3338 4249 exemplo,
3389 4189 3550 4234 erant

1960 4275 2269 4331 successuri
2312 4274 2628 4329 excuderat.
2660 4272 2839 4343 Atque
2891 4271 3044 4326 hisce
3078 4271 3300 4338 quidem
3342 4271 3550 4340 cogita~

1962 4367 2204 4421 tionibus
2227 4366 2443 4436 piorum
2467 4364 2749 4418 ratiocinia
2787 4363 3212 4433 acquiescebant
3237 4381 3249 4415 :
3278 4363 3550 4431 imprimis

1961 4469 2145 4514 autem
2180 4459 2325 4529 apud
2351 4457 2554 4528 regiam
2586 4458 2799 4521 urbem,
2831 4456 2885 4509 in
2918 4472 3025 4525 qua
3071 4470 3168 4524 per
3209 4454 3305 4508 Dei
3341 4469 3543 4522 coepe-

271 4550 498 4620 ρότητα,
528 4549 619 4602 τὸν
642 4547 820 4603 κοινὸν
855 4550 1110 4602 ἁπάντων
1149 4549 1419 4620 Πλάστην,
1459 4551 1556 4604 καὶ
1583 4555 1853 4622 Δημιουρ-

1967 4553 2234 4606 rationem
2283 4551 2450 4604 multa
2506 4557 2703 4619 praeter
2750 4564 2902 4618 spem
2938 4548 3199 4618 praeclare
3240 4556 3545 4616 geruntur;

269 4641 394 4708 γὸν,
430 4639 551 4709 μεθ’
573 4640 734 4711 ἡμῶν
770 4640 962 4710 ὑμνεῖν
992 4641 1367 4711 ἐδιδάχθησαν·
1399 4641 1590 4713 ὥσπερ
1629 4644 1738 4697 ἀπό
1771 4661 1858 4696 τι-

270 4751 366 4796 νος
398 4733 626 4802 ὑψηλοῦ,
655 4733 751 4786 καὶ
776 4733 1052 4803 μετεώρου
1086 4732 1288 4803 χώρου,
1316 4732 1413 4797 τὰς
1433 4734 1531 4805 τῆς
1550 4733 1861 4805 ὀρθοδοξίας

270 4825 484 4894 πηγὰς,
519 4824 619 4894 τῆς
650 4823 920 4894 βασιλίδος
949 4826 1320 4894 ἀναδιδούσης,
1359 4827 1453 4880 καὶ
1487 4826 1707 4895 καθαρά
1759 4827 1862 4897 τῆς

269 4913 560 4976 εὐσεϐείας
616 4915 686 4968 τά
730 4914 969 4982 νάματα,
997 4917 1078 4978 εἰς
1107 4914 1175 4968 τὰ
1213 4917 1312 4986 τῆς
1339 4917 1670 4988 οἰκουμένης
1705 4917 1860 4988 διαρ-

271 5004 509 5076 ῥεούσης
536 5005 772 5075 πέρατα,
793 5007 886 5058 καὶ
924 5007 1186 5077 ποταμῶν
1216 5009 1373 5079 δίκην
1396 5010 1730 5082 ἀρδευούσης
1749 5015 1861 5072 τοῖς

265 5099 512 5166 δόγμασι
536 5097 635 5162 τὰς
663 5099 844 5151 ἐκεῖσε
875 5098 1072 5170 ψυχάς,
1100 5101 1304 5165 αἵτινες
1323 5141 1338 5165 ,
1382 5103 1571 5172 χρόνος
1606 5104 1774 5168 πολὺς
1802 5105 1860 5170 ἐξ

268 5185 362 5252 οὗ,
392 5189 890 5261 καταξηρανθεῖσαι
918 5197 1033 5257 τοῖς
1060 5193 1164 5264 τῆς
1185 5194 1459 5262 ἀσεϐείας,
1501 5196 1535 5267 ἢ
1574 5196 1863 5268 ἐθελοθρη-

271 5286 492 5348 σκείας,
525 5285 936 5356 ὑπεκκαύμασι,
963 5287 1057 5339 καὶ
1095 5289 1176 5349 εἰς
1213 5288 1457 5358 ἐρήμους
1500 5290 1596 5341 καὶ
1632 5286 1872 5357 ἀγόνους

269 5377 775 5447 ἀποχερσωθείσαι,
825 5379 975 5448 ὅμως
1009 5379 1100 5432 τὸν
1130 5380 1230 5448 τῆς
1271 5381 1624 5445 διδασκαλίας
1655 5381 1861 5453 ὄμϐρον

271 5469 700 5539 ὑποδεξάμεναι,
733 5471 794 5522 τὸ
820 5469 1063 5540 Χριστοῦ
1109 5473 1379 5541 γεώργιον
1423 5474 1862 5543 καρποφοροῦσιν

271 5561 758 5631 ἐνευθηνούμεναι.
813 5563 919 5616 Καὶ
949 5563 1057 5633 γάρ
1089 5565 1138 5616 οἱ
1174 5564 1276 5636 τὴν
1330 5564 1627 5634 Ἀρμενίαν
1652 5565 1863 5618 οἰκοῦν-

270 5671 391 5716 τες,
436 5653 514 5722 τῷ
550 5653 659 5708 τῶν
692 5653 1019 5708 Ἰακωϐιτῶν
1061 5658 1408 5728 ἐνισχημένοι
1461 5658 1860 5729 δυσσεϐήματι,

273 5745 379 5800 καὶ
399 5745 538 5816 πρὸς
563 5745 623 5798 τὸ
648 5747 808 5815 ὀροον
841 5746 942 5815 τῆς
996 5747 1277 5810 εὐσεϐείας
1326 5749 1863 5820 άπαυθαδιαζόμενοι

274 5839 570 5908 κήρυγμα,
597 5835 876 5909 άφόὖπερ
900 5840 933 5909 ή
955 5840 1374 5910 πολυάνθρωπος
1402 5843 1582 5912 ἐκείνη
1613 5844 1703 5895 καὶ
1734 5843 1862 5908 ἁγία

1965 4645 2149 4699 multa:
2183 4645 2385 4716 linguae
2430 4652 2701 4699 vetustam
2737 4649 3106 4710 conspuentes
3147 4639 3295 4693 illam
3354 4639 3548 4692 fedita-

1965 4744 2096 4800 tem,
2127 4749 2473 4790 communem
2505 4735 2750 4787 omnium
2793 4733 3196 4795 labricatorem,
3228 4738 3284 4784 et
3328 4739 3546 4783 creato-

1965 4844 2102 4892 rem,
2169 4828 2458 4882 nobiscum
2500 4825 2718 4897 hymnis
2763 4824 3150 4879 concelebrare
3180 4822 3361 4877 edocti
3391 4830 3540 4876 sunt.

1964 4922 2041 4975 Ita
2066 4922 2236 4976 veluti
2260 4923 2330 4978 ab
2361 4920 2581 4976 excelso
2617 4921 2851 4991 quodam
2895 4926 2950 4975 et
2999 4917 3356 4973 eminentiori
3400 4917 3544 4981 loco,

1966 5015 2090 5070 ﬁdei
2118 5015 2299 5069 fontes
2326 5013 2642 5069 orthodoxa:
2673 5013 2819 5083 regia
2867 5012 3000 5066 urbs
3035 5011 3257 5075 emittit,
3301 5026 3405 5064 nec
3435 5027 3542 5063 non

1963 5103 2283 5173 purissimos
2321 5102 2542 5172 pietatis
2590 5101 2779 5156 latices
2831 5102 2884 5154 in
2933 5111 3164 5155 cunctos
3207 5099 3397 5154 mundi
3434 5108 3546 5153 ter-

1966 5195 2146 5250 minos
2170 5196 2543 5258 decurrentes,
2571 5195 2664 5264 qui
2694 5210 2804 5248 non
2833 5195 2994 5247 aliter
3020 5209 3185 5262 quam
3213 5193 3315 5247 rivi
3343 5193 3544 5256 solent,

1965 5289 2208 5360 dogmasi
2243 5289 2473 5359 irrigant
2503 5287 2786 5342 hominum
2835 5287 2910 5341 ibi
2958 5286 3272 5357 degentium
3311 5286 3544 5347 animas,

1963 5397 2085 5450 qua:
2123 5397 2152 5435 a
2176 5382 2338 5450 longo
2359 5380 2622 5449 temporis
2644 5388 2821 5433 tractu
2853 5386 2990 5433 aestu
3038 5388 3094 5432 et
3118 5375 3547 5448 conﬂagratione

1963 5476 2048 5528 vel
2098 5474 2417 5545 impietatis,
2465 5473 2548 5527 vel
2593 5472 2880 5543 Spontanei
2940 5472 3142 5534 cultus,
3195 5477 3544 5532 exaruerunt,

1964 5580 2128 5637 atque
2192 5569 2264 5621 ita
2324 5567 2381 5619 in
2427 5567 2756 5622 solitudines
2811 5576 2867 5620 et
2916 5565 3318 5618 infructuosum
3369 5561 3544 5616 solum

1965 5659 2378 5725 stercliverant;
2414 5661 2508 5729 qui
2544 5669 2724 5714 tamen
2765 5657 3033 5712 imbribus
3087 5656 3353 5710 doctrinm
3401 5669 3548 5707 sana:

1965 5752 2256 5821 susceptis,
2310 5752 2515 5807 Christi
2560 5752 2868 5813 coloniam,
2923 5751 3134 5804 cultura
3192 5749 3545 5808 laetitia-alam,

1965 5846 2236 5901 fructibus
2272 5845 2562 5900 adornant.
2598 5843 2732 5899 Nam
2779 5843 2874 5911 qui
2911 5841 3154 5896 incolunt
3206 5838 3544 5898 Armeniam,
