3964 6436
519 382 626 445 723

1665 377 1928 439 PHOTII
1967 379 2469 442 PATRIARCH/E
2511 383 2623 448 UP.
3641 406 3726 473 τοι

517 487 888 545 Jacobitarum
910 485 1188 556 impietate
1206 484 1476 554 impediti,
1491 491 1681 538 contra
1704 492 1865 538 recta:
1882 483 2096 553 pietatis

2203 487 2310 590 τῶν
2342 491 2607 593 ματέρων
2656 491 2818 593 ήμῶν
2863 494 3004 548 κατά
3027 495 3363 593 ΔΧαλκηδόνα
3405 518 3724 593 συνεκροτήοη

519 579 964 652 praedicationem
1012 577 1278 632 audacius
1323 593 1382 632 se
1431 583 1704 648 gerentes,
1753 591 1822 631 ex
1844 592 1911 631 eo
1958 586 2100 632 tem-

521 688 674 743 pore,
705 687 814 742 quo
840 678 1027 725 sancta
1072 678 1128 723 et
1176 685 1469 724 numerosa
1520 666 1741 722 Patrum
1785 677 2100 724 nostrorum

520 764 762 835 synodus
813 762 956 832 apud
1010 760 1413 815 Clialcedonem
1471 770 1839 825 convenerat,
1903 760 2101 814 vestris

519 855 806 911 nobiscum
866 854 1122 924 precibus
1181 853 1236 907 in
1309 853 1572 906 auxilium
1634 853 2098 923 conspirantibus,

519 949 738 1019 longum
775 947 925 1000 illum
961 962 1202 1001 errorem
1242 961 1272 998 a
1311 961 1372 999 se
1418 946 1685 1014 repellere.
1721 946 1978 1012 valuere;
2027 945 2099 1000 ita

517 1053 581 1099 ut
605 1044 768 1099 hodie
801 1043 1187 1097 Armeniorum
1239 1041 1392 1095 natio
1441 1040 1659 1095 sincero
1696 1049 1751 1095 et
1794 1040 2100 1095 orthodoxo

518 1152 673 1191 more
705 1135 1080 1191 Christianum
1113 1133 1320 1188 cultum
1347 1132 1692 1203 proﬁteatur,
1717 1133 2096 1205 Eutychetem,

519 1227 808 1290 Severum,
836 1227 1180 1290 Dioscorum,
1211 1233 1268 1279 et
1295 1224 1486 1279 Petros
1529 1240 1722 1280 revera
1755 1224 1877 1279 illos
1912 1232 2099 1294 petro-

518 1322 674 1376 holos
721 1319 990 1390 jaciendis
1024 1320 1080 1373 in
1125 1318 1428 1373 Ecclesiam
1483 1317 1774 1386 lapidibus,
1823 1316 2099 1373 lulianum

518 1412 1075 1476 Halicarnassensem,
1097 1426 1314 1466 necnon
1339 1410 1651 1465 universam
1683 1412 1925 1480 ipsorum
1948 1410 2100 1465 varie

517 1507 770 1561 diﬂ‘usam
817 1506 1251 1576 dispersionem.
1302 1513 1362 1559 ut
1409 1512 1464 1558 et
1513 1503 1780 1558 catholica
1831 1499 2098 1564 Ec'clesia,

515 1607 854 1660 evsecretur,
871 1609 928 1652 et
944 1596 1415 1652 indissolubilibus
1433 1595 1845 1650 anathematum
1864 1593 2098 1649 nexibus

513 1690 870 1760 supposuerit
897 1690 1247 1745 constrictos.

586 1783 641 1836 5.
677 1779 784 1835 Sed
809 1788 864 1835 et
894 1780 1121 1851 insuper
1168 1781 1400 1836 barbara
1449 1779 1808 1851 Bulgarorum
1850 1793 2006 1848 gens,
2043 1786 2099 1833 et

2206 577 2446 644 σύνοδος,
2498 581 2610 634 τῶν
2654 583 2936 653 ὑμετέρων
2989 586 3167 656 εὐχῶν
3210 591 3342 660 ήμῖν
3367 577 3726 671 ἐπαμυνόντων;

2201 671 2300 741 τὴν
2336 673 2555 745 μακρὰν
2608 675 2825 746 ἐκείνην
2859 677 3068 748 πλάνην
3098 683 3394 738 ἀποθέσθαι
3442 690 3731 768 ἐνεδυναμώ-

2203 764 2374 834 θησαν
2397 781 2410 796 θ
2441 765 2536 819 καὶ
2568 766 2823 838 λατρεύει
2859 771 3132 842 σήμερον,
3165 775 3418 847 καθαρῶς
3441 784 3526 834 καὶ
3547 764 3729 854 ὀρθοδὸ-

2203 855 2330 921 ξως,
2365 858 2399 924 ή
2453 857 2563 911 τῶν
2617 859 2922 932 Ἀρμενίων
2967 863 3124 933 λῆξις
3157 866 3254 936 τὴν
3302 870 3620 939 Χριστιανῶν
3650 882 3730 936 λα.

2199 949 2410 1015 τρείαν,
2448 949 2669 1020 Εὐτυχῆ
2707 969 2766 1004 τε
2800 955 2894 1005 καὶ
2924 954 3182 1025 Σεϐῆρον,
3210 959 3306 1011 καὶ
3324 961 3612 1034 Διόσκορον,
3655 975 3733 1026 καὶ

2199 1037 2328 1102 τοὺς
2350 1037 2494 1091 κατά
2521 1039 2622 1108 τῆς
2650 1041 2936 1104 εὐσεϐείας
2973 1046 3335 1116 πετροϐόλους
3373 1051 3614 1123 Πέτρους,
3658 1065 3734 1114 καὶ

2199 1129 2291 1183 τὸν
2325 1131 2758 1202 Ἁλικαρνασσέα
2801 1135 3109 1203 Ἰουλιανὸν,
3143 1141 3239 1193 καὶ
3274 1143 3452 1196 πᾶσαν
3476 1146 3637 1202 αὐτῶν
3657 1151 3735 1222 τὴν

2201 1221 2548 1293 πολύσπορον
2598 1225 2922 1298 διασπορὰν,
2955 1229 3032 1293 ὡς
3079 1232 3110 1301 ή
3165 1231 3425 1306 καθολικὴ
3463 1221 3733 1310 Ἐκκλησία,

2202 1315 2611 1387 μυσαττομένη,
2644 1317 2740 1372 καὶ
2766 1319 2990 1390 δεσμοῖς
3037 1320 3258 1388 ἀλύτοις
3303 1325 3400 1380 τοῦ
3437 1328 3734 1400 ἀναθέματος

2201 1406 2506 1460 ὐποϐάλλου
2515 1426 2601 1463 σα.

2273 1756 2344 1826 γ’.
2395 1757 2559 1812 Ἀλλά
2590 1776 2653 1826 γε
2686 1760 2771 1830 δὴ,
2804 1762 2899 1815 καὶ
2929 1764 3259 1837 Βουλγάρων
3314 1767 3466 1834 ἔθνος
3515 1770 3735 1844 βαρϐαρι.

512 1871 737 1926 Christo
758 1873 932 1927 invisa
959 1843 1270 1938 et-infesta,
1303 1874 1360 1927 in
1390 1843 1592 1927 tantam
1613 1871 2093 1926 mansuetudinem

2199 1847 2315 1913 κὸν,
2349 1849 2445 1902 καὶ
2483 1850 2852 1922 μισόχριστον,
2882 1856 2964 1918 εἰς
2995 1857 3267 1927 τοσαύτην
3299 1859 3601 1928 μετέκλινεν

513 1973 572 2018 et
609 1963 701 2018 Dei
733 1964 1100 2034 cognitionem
1140 1966 1503 2028 convertitur,
1533 1973 1596 2018 ut
1628 1979 1658 2017 a
1689 1962 1880 2033 patriis
1907 1962 2097 2016 diabo-

511 2055 738 2126 licisque
759 2057 926 2128 orgiis
946 2057 1291 2122 recedentes,
1311 2066 1366 2112 et
1390 2057 1670 2128 paganicae
1689 2054 2096 2126 superstitionis

510 2163 753 2202 errorem
775 2149 1136 2215 excutientes,
1164 2160 1361 2221 praeter
1380 2165 1598 2204 omnem
1625 2147 2092 2219 exspectationem

511 2242 568 2296 in
609 2242 770 2298 ﬁdem
805 2243 1169 2298 Christianam
1207 2243 1355 2297 insiti
1394 2241 1752 2296 transierunt.

578 2420 634 2474 4.
677 2419 785 2476 Sed
832 2436 866 2474 0
935 2421 1282 2492 improbum,
1344 2419 1590 2476 invidum
1657 2419 1791 2484 Deo,
1854 2418 2093 2474 invisum

509 2513 800 2569 consilium
825 2523 880 2568 et
909 2515 1241 2584 inca-ptum!
1273 2513 1422 2568 Talis
1439 2514 1584 2568 enim
1616 2512 1880 2575 narratio,
1915 2513 2095 2567 Evan-

507 2607 631 2678 gelii
681 2605 770 2662 vel
833 2607 962 2662 honi
1023 2607 1198 2661 nuntii
1266 2615 1651 2677 argumentum
1721 2620 1845 2674 qua:
1911 2603 2094 2658 futura

509 2706 675 2761 esset,
710 2697 762 2751 in
793 2696 1155 2766 dejectionem
1181 2697 1364 2752 vultus
1391 2703 1783 2760 commutatur,
1806 2694 2096 2750 delectatio

509 2797 566 2842 et
590 2788 847 2856 gaudium
879 2789 932 2840 in
963 2787 1173 2842 luctum
1197 2798 1253 2842 et
1279 2789 1575 2843 lamentum
1603 2787 1808 2842 abiere.
1840 2786 2094 2840 Nondum

512 2877 660 2932 e'nim
689 2894 822 2948 gens
843 2879 932 2933 illa
963 2893 1062 2948 per
1088 2880 1372 2935 biennium
1415 2889 1621 2936 rectam
1653 2878 2094 2935 Christianorum

514 2968 844 3040 religionem
883 2970 1324 3040 amplexabatur,
1358 2986 1482 3026 cum
1529 2970 1681 3040 impii
1724 2969 1943 3039 quidam
1992 2969 2094 3022 Ito-

513 3061 695 3119 mines
725 3068 782 3116 et
811 3061 1164 3126 exsecrandi,
1194 3071 1445 3132 portenta
1474 3063 1580 3132 (vel
1626 3077 1736 3132 quo
1783 3061 1906 3116 illos
1936 3061 2096 3115 titulo

515 3153 866 3210 Christianus
897 3152 1177 3223 insigniat)
1209 3155 1461 3211 homines
1481 3172 1513 3212 e
1532 3154 1772 3211 tenebris
1792 3169 2093 3225 prorepen-

512 3254 598 3300 tes
647 3244 830 3315 (erant
873 3244 1020 3299 enim
1059 3247 1234 3300 exorti
1271 3249 1342 3303 ab
1380 3248 1627 3304 occiduis
1662 3246 1934 3318 partibus)
1985 3247 2091 3302 heu

513 3336 790 3406 quomodo
816 3335 1021 3405 reliqua
1055 3337 1306 3406 persequi
1343 3339 1566 3407 potero?
1601 3337 1714 3402 isti,
1749 3338 1995 3407 inquam,
2038 3338 2094 3391 in

515 3434 756 3495 gentem,
792 3426 1007 3480 novella
1036 3442 1267 3495 quorum
1295 3427 1469 3497 pietas
1494 3437 1741 3499 etnuper
1770 3430 2093 3492 constituta,

516 3523 776 3584 tanquam
801 3515 1000 3586 fulgur,
1032 3525 1191 3571 terra:
1235 3529 1434 3581 motus,
1453 3535 1549 3575 seu
1581 3522 1802 3591 copiosa
1841 3522 2048 3592 grando
2077 3538 2092 3586 ;

516 3616 613 3662 aut
661 3619 720 3663 ut
765 3609 1042 3679 proprius,
1094 3611 1242 3680 quod
1281 3612 1494 3666 accedit
1537 3613 1611 3674 ad
1685 3625 1738 3670 et
1784 3614 2092 3678 veritatem,

515 3701 716 3767 dicam,
771 3710 1029 3772 tanquam
1084 3719 1217 3774 aper
1258 3705 1483 3776 agrestis
1509 3706 1724 3762 vineam
1760 3709 1970 3763 Domini
2007 3708 2094 3764 di-

516 3794 738 3860 lectam,
799 3809 977 3864 nuper
1031 3797 1301 3851 consitam
1356 3796 1681 3858 insili'entes,
1741 3801 1973 3868 pedibus
2040 3810 2098 3856 et

515 3882 797 3949 dentibus,
823 3883 930 3938 hoc
957 3894 1040 3939 est
1071 3885 1280 3940 semitis
1310 3884 1631 3954 quibusdam
1671 3889 1872 3956 politim
1899 3891 2092 3961 turpis,

516 3985 575 4030 et
599 3975 915 4047 dogmatum
943 3977 1388 4046 depravatorum,
1442 3991 1564 4045 quae
1599 3976 1814 4033 illorum
1851 3991 1970 4036 erat
1993 3999 2096 4036 au-

515 4067 693 4132 dacia,
735 4069 1116 4139 depraedantes
1145 4069 1537 4134 devastabant;
1579 4073 1728 4126 omni
1771 4089 1897 4128 cum
1948 4076 2098 4129 frau-

515 4159 757 4214 dulentia
788 4176 818 4214 a
845 4160 996 4216 sanis
1023 4172 1078 4217 et
1113 4162 1266 4232 puris
1292 4161 1656 4233 dogmatibus,
1697 4175 1756 4220 et
1785 4167 1889 4221 [ide
1919 4167 2098 4228 incul-

514 4261 644 4321 pata
686 4252 1144 4319 Cbristianorum,
1197 4269 1291 4310 eos
1325 4255 1554 4310 subdole
1576 4257 1847 4315 deducere
1896 4269 1952 4316 et
1974 4275 2100 4317 core

513 4358 772 4413 rumpere
799 4345 1162 4400 conabantur.

584 4435 639 4490 5.
682 4436 956 4506 Imprimis
983 4447 1174 4492 contra
1209 4437 1468 4493 Ecclesia:
1508 4453 1751 4493 canones
1799 4439 1987 4496 illicite
2031 4440 2099 4496 ad

2198 1940 2404 2012 ρότητα
2455 1944 2549 1996 καὶ
2605 1943 2934 2012 θεογνωσίαν
2960 1988 2975 2010 ,
3033 1948 3174 2004 ὥστε
3225 1951 3340 2004 τῶν
3373 1953 3646 2024 δαιμονίων
3668 1960 3734 2013 καὶ

2197 2033 2468 2104 πατρῴων
2528 2037 2820 2102 ἐκστάντες
2857 2041 3085 2110 ὀργίων,
3145 2045 3242 2098 καὶ
3297 2045 3400 2114 τῆς
3463 2046 3733 2122 Ἑλληνικῆς

2195 2122 2624 2193 δεισιδαιμονίας
2652 2128 3166 2199 ἀποσκευασάμενος
3189 2131 3293 2203 τὴν
3317 2133 3544 2204 πλάνην,
3572 2137 3642 2198 είς
3662 2138 3733 2206 τὴν

2195 2215 2305 2270 τῶν
2332 2217 2676 2286 Χριστιανῶν
2705 2221 3029 2291 παραδόξως
3070 2227 3650 2298 μετενεκεντρίσθησαν
3673 2229 3732 2282 πί-

2197 2325 2332 2362 στιν.

2265 2398 2329 2454 δ’.
2376 2399 2516 2452 Ἀλλ’
2548 2394 2593 2454 ὧ
2619 2405 2862 2475 πονηρᾶς
2895 2405 2990 2459 καὶ
3025 2405 3301 2477 βασκάνου
3332 2409 3429 2462 καὶ
3465 2410 3616 2464 ἀθέου
3639 2412 3730 2482 βου-

2194 2491 2295 2563 λῆς
2316 2509 2376 2545 τε
2404 2494 2500 2547 καὶ
2529 2495 2781 2566 πράξεως
2808 2497 2821 2550 !
2851 2496 2916 2550 Ἡ
2939 2499 3046 2570 γὰρ
3063 2500 3290 2572 τοιαύτη
3314 2502 3580 2573 διήγησις,
3599 2505 3731 2575 Εὐαγ-

2196 2585 2393 2653 γελίων
2444 2581 2582 2640 οὖσα
2627 2587 2910 2656 ὑπόθεσις,
2939 2593 3020 2654 είς
3068 2594 3380 2664 κατήφειαν
3413 2599 3726 2666 μετατίθεται,

2195 2679 2296 2748 τῆς
2334 2678 2676 2749 εὐφροσύνης
2738 2681 2835 2734 καὶ
2863 2685 3041 2752 χαρᾶς
3093 2687 3174 2748 εἰς
3209 2686 3448 2752 πένθους
3480 2692 3727 2761 τραπείης

2196 2769 2290 2820 xui.
2317 2768 2552 2841 δάκρυα.
2584 2771 2752 2826 Ούπω
2774 2774 2885 2844 γάρ
2915 2777 3126 2830 ἐκείνου
3167 2777 3264 2832 τοῦ
3318 2779 3528 2847 ἔθνους,
3559 2784 3650 2836 οὐδ’
3671 2787 3727 2850 εἰς

2195 2861 2289 2914 δύο
2317 2863 2620 2929 ἐνιαυτοὺς,
2643 2867 2742 2936 τὴν
2780 2866 2946 2938 ὀρθὴν
2992 2867 3101 2920 τῶν
3130 2871 3483 2941 Χριστιανῶν
3513 2877 3726 2945 τιμῶντας

2197 2955 2494 3026 θρησκείαν
2515 2974 2528 2986 °
2551 2958 2747 3030 ἄνδρες
2769 2959 3048 3025 δυσσεϐεῖς
3078 2964 3173 3016 καὶ
3193 2966 3559 3036 ἁποτρόπαιοι
3583 2970 3676 3038 (καὶ
3691 2971 3728 3022 τί

2195 3049 2304 3118 γὰρ
2334 3049 2434 3103 οὐκ
2465 3049 2530 3104 ἄν
2557 3067 2642 3114 τις
2677 3052 2918 3105 εὐσεϐῶν
2949 3053 3173 3118 τούτους
3203 3057 3626 3129 ὲξονομάσειεν;)
3659 3061 3727 3114 ἄν·

2195 3140 2320 3209 δρες
2345 3141 2408 3193 ἐκ
2438 3142 2664 3206 σκότους
2692 3144 2988 3210 ἀναδύντες
3015 3147 3134 3218 (τῆς
3164 3149 3277 3221 γὰρ
3303 3151 3555 3221 ἑσπερίου
3581 3153 3729 3223 μοίρας

2199 3233 2446 3304 ὑπῆρχον
2476 3237 2816 3306 γεννήματα)
2844 3239 2991 3308 οἴμοι
3039 3242 3157 3304 πῶς
3210 3243 3275 3296 τὸ
3315 3244 3598 3298 ὑπόλοιπον
3625 3245 3730 3298 ἐκδι-

2197 3325 2512 3394 ηγήσομαι;
2547 3320 2717 3392 οὗτοι,
2764 3328 2903 3398 πρὸς
2945 3331 3006 3382 τὺ
3050 3333 3322 3400 νεοπαγὲς
3374 3337 3454 3396 είς
3497 3336 3730 3388 εὐσέϐειαν

2197 3417 2292 3469 καὶ
2323 3417 2684 3472 νεοσύστατον
2707 3418 2881 3482 ἔθνος,
2917 3420 3107 3493 ὥσπερ
3136 3427 3409 3493 κεραυνὸς
3434 3428 3466 3498 ἢ
3501 3427 3728 3496 σεισμδςῆ

2196 3508 2440 3582 χαλάζης
2463 3511 2688 3581 πλῆθος,
2724 3513 2926 3581 μᾶλλον
2944 3514 3000 3566 δὲ
3019 3515 3356 3588 οἰκειότερον
3374 3521 3565 3585 εἰπεῖν,
3585 3519 3729 3588 ὥσπερ

2196 3604 2388 3674 ἄγριος
2427 3605 2609 3674 μονιός
2638 3607 3061 3678 ἐμπηδήσαντες
3087 3610 3180 3663 τὸν
3205 3611 3510 3681 ἀμπελῶνα
3549 3613 3728 3682 Κυρίου,

2195 3696 2285 3748 τὸν
2315 3697 2672 3768 ἠγαπημένον
2694 3700 2789 3753 καὶ
2820 3701 3078 3768 νεόφυτον
3112 3704 3206 3757 καὶ
3230 3705 3394 3758 ποσὶν
3417 3705 3513 3758 καὶ
3548 3704 3725 3762 ὀδοῦσιν.

2196 3786 2314 3857 ¹ἦτοι
2340 3788 2550 3856 τρίϐοις
2575 3790 2809 3860 αἰσχρᾶς
2840 3791 3138 3858 πολιτείας,
3173 3793 3271 3847 καὶ
3296 3794 3564 3867 διαφθορᾷ
3583 3794 3731 3864 δογμὰ-

2195 3894 2327 3940 των,
2366 3878 2492 3946 τόγε
2522 3881 2601 3939 είς
2623 3879 2829 3950 τόλμαν
2855 3877 2990 3951 ἧκον
3013 3885 3112 3953 τὴν
3139 3885 3347 3951 αὐτῶν,
3396 3886 3731 3956 κατανεμησά·

2199 3988 2352 4040 μενοι
2381 3971 2754 4042 ὲλυμήναντο’
2796 3975 2905 4027 ἀπὸ
2928 3977 3037 4047 γὰρ
3057 3976 3167 4029 τῶν
3195 3978 3378 4046 ὀρθῶν
3409 3982 3502 4033 καὶ
3524 3979 3730 4050 καθαρῶν

2197 4063 2506 4134 δογμάτων,
2535 4067 2630 4119 καὶ
2654 4067 2753 4136 τῆς
2783 4067 2894 4120 τῶν
2938 4071 3285 4140 Χριστιανῶν
3332 4073 3624 4142 ἀμωμήτου
3669 4070 3733 4121 πί·

2202 4171 2395 4220 στεως,
2450 4157 2854 4230 παραφθείρειν
2903 4161 3152 4230 τούτους,
3205 4164 3305 4217 καὶ
3337 4166 3600 4236 ὑποσπᾷν,
3639 4179 3733 4218 κατα

2200 4262 2402 4298 επανου
2412 4247 2515 4317 ργή
2524 4263 2686 4300 σαντο
2700 4280 2714 4292 ι

2273 4443 2336 4488 ε’.
2364 4438 2472 4491 Καὶ
2492 4440 2712 4506 πρῶτον
2743 4444 2844 4512 μὲν
2867 4443 3070 4510 αὐτοὺς
3089 4447 3424 4520 ἐκθέσμους,
3451 4455 3528 4515 εἰς
3547 4453 3633 4522 τὴν
3653 4450 3733 4503 τῶν

514 4526 880 4584 Sabbatorum
909 4529 1118 4600 jejunia
1173 4531 1554 4587 traducebant.
1592 4531 1744 4585 Solet
1789 4543 1972 4587 autem
2013 4534 2096 4588 vel

2204 4527 2497 4582 Σαϐϐάτων
2517 4532 2771 4602 νηστείαν
2792 4535 3152 4608 μετέστησαν.
3194 4537 3317 4595 Οἷδε
3339 4543 3400 4596 δὲ
3435 4545 3573 4613 καὶὴ
3602 4542 3735 4611 μικρὰ

511 4619 788 4675 levissima
824 4621 1180 4676 traditionum
1221 4623 1490 4694 neglectio
1518 4624 1769 4680 homines
1818 4627 1886 4681 ad
1933 4627 2100 4682 totius

510 4711 773 4766 doctrinae
805 4721 1183 4784 contemptum
1208 4716 1516 4769 traducere.
1553 4716 1609 4768 In
1657 4718 1936 4782 secundis,
1988 4719 2101 4789 pri-

510 4819 653 4857 mam
731 4805 1063 4874 jejuniorum
1133 4807 1681 4878 quadragesimalium
1741 4810 1952 4866 scilicet
2011 4826 2103 4865 sc-

511 4894 811 4960 ptimanam
849 4911 880 4949 a
919 4906 1116 4952 czetero
1161 4898 1375 4967 jejunio
1404 4899 1807 4971 discerpentes,
1840 4903 1894 4956 in
1945 4901 2102 4958 lactis

509 4984 816 5052 potionem,
847 4991 991 5043 casei
1026 5007 1204 5057 csum,
1233 4999 1290 5044 et
1312 4992 1580 5046 similium
1621 4993 2099 5064 ingurgitationem

517 5085 825 5132 traxerunt.
848 5081 932 5135 Ab
957 5082 1042 5138 his
1075 5085 1312 5140 exordiis
1343 5086 1845 5156 transgressionum
1873 5087 1985 5140 vias
2015 5087 2102 5141 di-

513 5167 772 5232 latantes,
815 5172 884 5226 de
907 5185 1053 5228 recto
1087 5177 1304 5231 tramite
1331 5186 1388 5231 et
1410 5178 1560 5248 regia
1588 5179 1674 5232 via
1701 5178 2097 5244 deturbarunt;

512 5259 830 5316 sacerdotes
846 5261 1103 5333 deinceps
1121 5266 1364 5336 legitimo
1381 5270 1706 5338 conjunctos
1723 5269 2096 5336 matrimonio,

512 5352 604 5422 qui
637 5352 848 5423 puellas
870 5355 1070 5410 multas
1098 5356 1215 5412 sine
1239 5359 1358 5414 viro
1391 5361 1655 5417 mulieres
1692 5361 2018 5428 effecerunt,
2043 5373 2098 5418 et

512 5445 776 5500 mulieres
804 5461 1004 5515 pueros
1047 5448 1364 5514 educantcs,
1417 5469 1648 5523 quorum
1693 5471 1855 5509 nemo
1885 5465 2091 5525 patrem

513 5537 686 5603 novit,
715 5552 865 5605 vere,
901 5539 978 5591 nti
1008 5539 1273 5604 dixeram,
1313 5547 1624 5602 sacerdotes
1666 5547 1759 5601 Dei
1787 5547 2088 5602 abominari

2200 4619 2311 4672 τῶν
2341 4623 2758 4692 παραδοθέντων
2789 4626 3066 4698 ἀθέτησις,
3107 4633 3202 4685 καὶ
3225 4633 3365 4702 πρὸς
3391 4635 3518 4703 ὃλην
3535 4634 3618 4686 τοῦ
3641 4632 3735 4698 δόγ-

2205 4730 2375 4784 ματος
2395 4716 2680 4786 ἐπιτρίψαι
2700 4727 2721 4756 ι’
2748 4722 3179 4793 καταφρόνησιν.
3215 4726 3446 4779 Ἔπειτα
3473 4728 3526 4781 δὲ
3553 4725 3734 4798 τὴντῶν

2201 4809 2467 4876 νηστειῶν
2499 4809 2728 4882 πρώτην
2756 4813 3050 4884 ἑϐδομάδα,
3082 4817 3179 4888 τῆς
3211 4818 3383 4889 ἄλλης
3410 4820 3645 4884 νηστείας
3665 4834 3737 4868 πε-

2206 4898 2554 4968 ρικόψαντες,
2599 4903 2682 4965 είς
2717 4904 3182 4976 γαλακτοποσίας,
3229 4912 3324 4964 καὶ
3363 4911 3526 4983 τυροῦ
3549 4910 3734 4981 τροφὴν,

2202 4991 2294 5043 καὶ
2323 4993 2423 5060 τὴν
2452 4991 2559 5045 τῶν
2593 4994 2796 5063 ὁμοίων
2839 4995 3180 5068 ἀδδηφαγίαν
3225 5001 3602 5054 καθείλκυσαν.
3645 4999 3735 5050 Ἑν-

2201 5083 2392 5136 τεῦθεν
2416 5085 2600 5146 αὐτοῖς
2631 5087 2731 5154 τὴν
2753 5087 2870 5140 ὀδόν
2890 5090 3000 5143 τῶν
3021 5093 3389 5162 παραϐάσεων
3413 5091 3734 5164 ἐμπλατύνον-

2201 5191 2314 5239 τες,
2339 5175 2433 5228 καὶ
2456 5176 2552 5246 τῆς
2583 5177 2803 5242 εὐθείας
2833 5181 3024 5250 τρίϐου
3057 5185 3150 5238 καὶ
3205 5185 3492 5256 βασιλικῆς
3528 5183 3733 5253 διαστρέ-

2205 5282 2420 5333 φοντες,
2437 5269 2530 5320 καὶ
2551 5268 2608 5320 δὲ
2641 5269 2737 5322 καὶ
2767 5274 2895 5336 τοὺς
2916 5273 3166 5346 ὲνθέσμῳ
3187 5278 3352 5349 γάμῳ
3376 5275 3736 5349 πρεσϐυτέρους

2201 5361 2623 5432 διαπρέποντας,
2651 5367 2700 5417 oi
2732 5366 2937 5431 πολλὰς
2971 5369 3145 5441 κόρας
3179 5373 3347 5443 χωρὶς
3378 5372 3562 5441 ἀνδρὸς
3589 5369 3735 5436 γυναῖ-

2199 5473 2303 5519 κας
2330 5457 2672 5522 δεικνύντες,
2709 5461 2804 5513 καὶ
2838 5464 3105 5528 γυναῖκας
3137 5465 3330 5526 παῖδας
3381 5460 3732 5532 ἐκτρεφούσαις»

2200 5542 2277 5602 ὧν
2303 5550 2406 5603 οὐκ
2423 5548 2541 5604 ἔστι
2567 5552 2780 5622 πατέρα
2801 5553 3122 5622 θεάσασθαι,
3141 5550 3305 5622 οὗτοι,
3330 5558 3451 5622 τοὺς
3473 5556 3543 5620 ὼς
3557 5550 3733 5623 ἀληθῶς

1780 5710 2015 5766 VARIE
2050 5710 2457 5768 LECTIONES.

590 5841 613 5871 ι
648 5834 734 5886 ισ.
765 5835 1074 5908 ἐπιτρέψαι.
