3930 6424
223 319 344 380 725

1393 311 1929 374 EPISTOLARUM
1965 307 2197 370 LIBER
2235 306 2287 366 I.

3396 280 3504 342 726

219 428 365 482 Θεοῦ
399 428 589 498 ἱερεῖς,
635 425 1002 498 μυσάττεσθαί
1063 443 1146 491 τε,
1202 424 1298 477 καὶ
1345 423 1850 495 ἀποστρέφεσθαιη

1962 429 1972 474 L
2003 416 2278 473 adversari
2295 414 2632 474 docuerunt;
2661 405 2872 462 semina
2892 399 3149 454 nimirum
3177 391 3504 449 Manichac-

223 519 662 591 παρεσκεύασαν
685 536 700 551 ⁸
757 521 857 590 τῆς
884 517 1072 573 Μανοῦ
1101 517 1401 588 γεωργίας,
1425 517 1485 570 ἐν
1509 517 1715 581 αὑτοῖς,
1745 515 1818 570 τὰ

226 613 536 684 σπέρματα
566 613 1059 684 κατασπείροντες,
1084 612 1182 665 καὶ
1203 610 1384 681 ψυχὰς
1429 610 1556 682 ἄρτι
1582 609 1818 680 βλαστά-

222 723 345 760 νειν
380 706 690 780 ἀρξαμένας
708 706 802 760 τὸν
833 706 1032 778 σπόρον
1055 708 1156 777 τῆς
1189 704 1494 769 εὐσεϐείας,
1516 705 1584 774 τῇ
1604 703 1713 757 τῶν
1737 701 1819 766 ζι-

225 801 434 867 ζανίων
463 803 738 873 ἐπισπορᾷ
766 800 1175 870 λυμαινόμενοι.

308 900 385 958 ς’.
432 893 596 948 Ἀλλά
615 891 688 960 γε’
709 893 797 964 δὴ,
826 893 920 945 καὶ
945 893 1074 954 τοὺς
1107 891 1214 945 ὑπὸ
1240 889 1632 961 πρεσϐυτέρων
1661 888 1823 960 μύρῳ

231 986 587 1057 χρισθέντας,
613 985 972 1056 ἀναμυρίζειν
997 985 1151 1039 αὑτοὶ
1180 985 1243 1038 οὑ
1286 986 1624 1057 πεφρίκασιν
1643 999 1658 1013 ⁸
1704 982 1824 1035 ὲπι-

234 1075 480 1137 σκόπους
500 1075 725 1139 ἑαυτοὺς
759 1074 1204 1145 ἀναγορεύοντες,
1224 1076 1320 1128 καὶ
1345 1074 1408 1127 τὸ
1440 1074 1551 1127 τῶν
1582 1071 1824 1143 πρεσϐυ-

229 1164 413 1233 τέρων
443 1166 676 1236 χρίσμα,
708 1165 979 1235 ἄχρηστον
1008 1161 1171 1227 εἶναι,
1194 1167 1288 1219 καὶ
1315 1166 1398 1230 είς
1431 1165 1610 1236 μάτην
1642 1168 1825 1217 ὲπιτε-

233 1252 472 1318 λεῖσθαι,
513 1257 954 1325 τερατευόμενοι.

318 1345 382 1409 ζ’.
412 1342 732 1417 Ἀρ’έστιν,
783 1348 843 1411 ὃς
895 1348 1237 1420 τηλικαύτην
1286 1351 1425 1419 ἀκοῇ
1485 1346 1828 1418 παρείληφεν

237 1435 455 1500 ἄνοιαν,
484 1437 548 1508 ἢν
577 1437 925 1507 κατατολμᾷν
959 1440 1010 1490 oi
1044 1437 1399 1508 παράφρονες
1442 1434 1544 1487 οὑκ
1585 1433 1826 1502 ὲνάρκη-

239 1542 386 1592 σαν;
417 1527 556 1590 Τοὺς
583 1527 732 1592 ἅπαξ
759 1526 918 1598 μύρῳ
954 1527 1282 1598 χρισθέντας
1329 1525 1698 1594 ἀναχρίοντες,
1735 1523 1830 1576 καὶ

238 1618 318 1669 τὰ
343 1616 456 1669 τῶν
487 1617 831 1688 Χριστιανῶν
857 1619 1115 1689 ὑπερφυῆ
1141 1619 1237 1671 καὶ
1261 1616 1382 1669 θεῖα
1411 1614 1714 1686 μυστήρια,
1748 1616 1828 1678 είς

238 1711 412 1782 λῆρον
447 1710 678 1781 μακρὸν,
704 1711 800 1764 καὶ
827 1710 1038 1764 πλατὺν
1060 1707 1445 1780 ὲξορχούμενοι
1469 1708 1704 1776 γέλωτα.
1719 1706 1828 1761 Καὶ

238 1803 307 1854 τό
328 1819 390 1870 γε
417 1803 580 1871 σοφὸν
604 1803 712 1854 τῶν
734 1802 809 1866 ὡς
833 1801 1052 1872 ἀληθῶς
1073 1802 1357 1872 ἀμυήτων.
1393 1801 1466 1852 Οὐ
1498 1799 1606 1869 γὰρ
1632 1798 1831 1864 ἔξεστι.

241 1894 438 1961 φασὶν,
495 1892 734 1962 ἱερεῦσιν
787 1894 914 1954 τοὺς
942 1891 1302 1960 τελουμένους
1351 1889 1509 1961 μύρῳ
1543 1891 1831 1959 ἀγιάζειν·

241 1983 568 2054 ἀρχιερεῦσι
601 1983 708 2054 γὰρ
742 1984 924 2054 μόνοις
956 1984 1218 2054 ἐνομίσθη
1240 1999 1254 2012 ’
1279 1983 1443 2035 πόθεν
1471 1985 1498 2036 ὁ
1533 1981 1694 2052 νόμος
1717 1997 1731 2046 ;
1754 1979 1837 2043 τίς

243 2075 342 2128 δ’ὁ
368 2075 706 2146 νομοθέτης;
749 2078 904 2137 ποῖος
947 2075 1056 2128 τῶν
1112 2075 1465 2138 ἀποστόλων;
1501 2073 1610 2126 τῶν
1660 2072 1839 2127 Πατέ-

248 2187 366 2238 ρων
391 2168 481 2234 δέ;
515 2168 652 2222 ἀλλὰ
674 2169 785 2221 τῶν
807 2169 1042 2222 συνόδων
1064 2185 1080 2236 ;
1109 2168 1143 2240 ἢ
1171 2168 1274 2221 ποῦ
1291 2170 1386 2221 καὶ
1405 2167 1536 2221 πότε
1556 2169 1800 2221 συστᾶσα
1820 2184 1837 2234 ;

243 2261 416 2313 τίνων
445 2260 502 2312 δὲ
529 2261 856 2331 κρατήσασα
883 2261 1122 2332 ψήφοις
1148 2261 1249 2313 οὑκ
1267 2259 1478 2326 ἔξεστιν
1513 2261 1653 2330 ἱερεῖ
1683 2257 1842 2330 μύρῳ

245 2355 379 2416 τοὺς
401 2352 838 2424 βαπτιζομένους
872 2353 1229 2425 σφραγίζειν;
1261 2353 1456 2406 οὐκοῦν
1489 2353 1611 2406 οὐδὲ
1643 2351 1843 2423 βαπτί-

246 2450 374 2512 ζειν
404 2450 562 2512 ὅλως,
595 2448 718 2501 οὑδὲ
751 2447 1031 2518 ἱερᾶσθαι·
1069 2447 1180 2517 ἄρα
1216 2447 1305 2500 ἵνα
1333 2463 1416 2500 σοι
1466 2445 1604 2516 μηδὲ
1649 2445 1846 2516 ἡμίτο-

253 2559 360 2614 μος
399 2543 601 2612 ἱερεὺς,
629 2540 749 2594 ἀλλ’
774 2540 1092 2611 ὁλόκληρος,
1127 2541 1209 2602 είς
1259 2539 1476 2610 ἀνίερον
1506 2537 1595 2608 εἴη
1641 2537 1847 2608 κλῆρον

251 2632 696 2703 ἀπεληλαμένος.
761 2631 1060 2702 Ἰερουργεῖ
1106 2630 1169 2683 τὸ
1201 2628 1526 2684 δεσποτικὸν
1561 2629 1724 2700 σῶμα
1755 2630 1849 2682 καὶ

255 2721 404 2796 αἷμα
433 2725 699 2797 Χριστοῦ,
729 2725 976 2787 καὶτοὺς
1010 2723 1181 2776 πάλαι
1217 2721 1758 2793 μυσταγωγηθέντας
1782 2720 1849 2774 δι’

255 2818 442 2872 αὐτῶν
466 2817 817 2888 καθαγιὰζει,
838 2818 953 2880 πῶς
981 2817 1080 2888 οὑχ
1110 2815 1331 2885 ἁγιάσει
1356 2815 1514 2887 μύρῳ
1535 2815 1702 2886 χρίων
1724 2814 1852 2876 τοὺς

257 2912 359 2965 νῦν
392 2911 788 2981 τελουμένους;
826 2910 1077 2981 βαπτίζει
1105 2911 1133 2962 ό
1164 2911 1368 2980 ἱερεὺς,
1419 2908 1719 2978 καθάρσιον
1751 2906 1853 2958 δῶ-

263 3021 360 3076 ρον
388 3003 465 3073 τῷ
507 3002 892 3073 βαπτιζομένῳ
925 3000 1348 3074 τελεσιουργῶν,
1405 3000 1544 3064 πῶς,
1586 2993 1656 3071 ἧς
1701 2998 1853 3051 τελε-

1921 528 2043 567 rum
2079 505 2483 581 agricolationis
2537 501 2677 570 apud
2712 498 2833 552 illos
2865 500 3137 551 serentes,
3168 498 3225 542 et
3260 486 3499 542 animas.

1924 615 2032 660 tam
2062 599 2383 674 nuperrime
2415 609 2604 652 semen
2636 589 2855 662 pictatis
2879 584 3125 656 proferre
3155 577 3508 647 incipientes,

1921 697 2206 768 superiore
2235 689 2595 748 seminatione
2625 681 2960 738 zizaniorum
2985 675 3128 731 male
3152 672 3500 743 perdentes.:

1993 879 2048 934 6.
2089 876 2196 932 Sed
2247 882 2304 929 ct
2354 871 2653 927 chrismate
2697 865 2954 919 inunctos
3002 872 3101 928 per
3159 852 3508 910 sacerdotes.
3611 905 3613 910 ,

1923 974 2108 1030 denuo
2137 970 2434 1026 chrismate
2470 965 2736 1032 inungere
2765 973 2878 1012 non
2907 951 3266 1013 dubitabant;
3298 961 3423 1001 cum
3455 959 3515 996 se

1924 1063 2214 1134 episcopos
2249 1057 2631 1129 pradicarent,
2665 1059 2722 1104 et
2777 1045 3226 1118 presbyterorum
3273 1037 3516 1092 chrisma

1925 1155 2121 1210 inutile
2178 1150 2435 1222 quiddam
2489 1162 2552 1200 ac
2603 1144 2803 1198 frustra
2856 1138 3064 1193 factum
3133 1127 3519 1187 comminisce-

1928 1257 2139 1302 rentur.

2001 1339 2052 1392 7.
2093 1338 2177 1390 An
2205 1335 2366 1389 talem
2397 1331 2520 1402 quis
2551 1327 2822 1383 insaniam
2875 1317 3171 1391 aliquando
3219 1313 3383 1369 fando
3417 1326 3519 1364 au-

1927 1429 2085 1493 divit,
2121 1442 2283 1497 quam
2315 1440 2424 1478 non
2471 1421 2808 1476 cohorruere
2861 1411 3207 1468 insanientes
3239 1405 3324 1459 isti
3361 1401 3522 1456 facti-

1931 1521 2076 1578 tare?
2125 1528 2184 1575 ut
2210 1518 2377 1573 semel
2407 1515 2528 1569 oleo
2554 1512 2830 1568 delibutos
2861 1519 3052 1561 rursus
3086 1503 3441 1568 inungerent,
3469 1502 3526 1547 et

1931 1624 2162 1686 augusta
2199 1615 2289 1666 illa
2327 1609 2624 1676 divinaque
2669 1601 3110 1658 Christianorum
3157 1588 3414 1662 mysteria
3466 1585 3523 1638 in

1932 1708 2075 1762 bene
2104 1705 2294 1774 longas
2318 1715 2490 1772 nugas
2511 1707 2567 1752 et
2605 1697 2778 1750 risum
2816 1689 3231 1756 lubentiamque
3257 1690 3524 1738 conversa

1935 1769 2334 1870 proculcarent.
2368 1769 2476 1846 sed
2518 1789 2643 1844 vide
2691 1782 3215 1840 insanctilicatorum
3262 1769 3525 1826 fallacias.

1937 1861 2056 1948 i‘lon
2085 1892 2234 1952 licet.
2284 1887 2563 1945 dicebant.
2624 1876 3003 1936 sacerdotibus
3055 1869 3359 1941 baptizatos
3403 1861 3529 1916 oleo

1939 1983 2284 2040 sanctiﬁcare
2317 1998 2332 2034 :
2370 1980 2474 2034 hoc
2497 1976 2645 2042 enim
2675 1973 2806 2030 solis
2851 1971 2969 2040 lege
3019 1975 3345 2022 concessum
3409 1955 3529 2025 epi-

1941 2079 2142 2150 scopis.
2183 2075 2382 2131 Vernm
2418 2071 2564 2127 unde
2594 2070 2683 2124 illa
2726 2066 2857 2122 lex?
2899 2062 3032 2128 Quis
3064 2058 3340 2129 legislator
3370 2052 3392 2104 ?
3425 2051 3530 2104 Ec-

1942 2142 2066 2241 quis
2097 2166 2467 2238 apostolorum
2499 2178 2512 2216 :
2545 2160 2640 2216 sed
2663 2175 2730 2213 an
2749 2157 2834 2211 vel
2865 2153 3112 2213 Patrum,
3139 2157 3234 2203 aut
3253 2161 3283 2200 e
3310 2142 3534 2214 synodis

1943 2262 2161 2332 aliqua?
2194 2259 2286 2313 ubi
2321 2256 2564 2328 gentium
2599 2253 2709 2312 illa.
2760 2250 2845 2304 vel
2893 2244 3114 2317 quando
3159 2249 3368 2300 coacta,
3398 2253 3536 2305 quo-

1946 2368 2139 2409 rumve
2167 2350 2309 2405 votis
2335 2347 2543 2403 sancita
2575 2353 2630 2400 et
2653 2338 2964 2412 suffragiis?
3013 2334 3129 2390 Non
3175 2333 3305 2386 licet
3353 2343 3539 2384 sacer-

1948 2446 2082 2513 doti,
2114 2443 2418 2514 baptizatos
2448 2439 2571 2494 olco
2605 2434 2861 2508 signare?
2915 2431 3078 2486 Certe
3129 2436 3244 2482 tum
3291 2439 3394 2478 nec
3442 2423 3539 2476 ba-

1949 2539 2177 2610 ptizare,
2207 2551 2311 2590 nec
2352 2533 2685 2593 sacrificare,
2727 2536 2891 2597 atque
2924 2524 2992 2579 de
3025 2521 3200 2577 media
3243 2517 3327 2572 sui
3355 2524 3536 2586 parte,

1951 2629 2207 2685 sacerdos
2241 2642 2350 2682 non
2393 2623 2704 2695 perfectus,
2742 2620 2797 2674 in
2854 2624 3058 2674 sortem
3110 2613 3270 2667 abeat
3315 2609 3540 2662 abactus

1954 2721 2256 2795 profanam.
2311 2717 2414 2784 Qui
2476 2730 2676 2784 corpus
2730 2710 3078 2766 Dominicum
3129 2710 3434 2763 consecrat,
3484 2707 3544 2752 et

1952 2787 2158 2871 ilhristi
2186 2810 2534 2882 sanguinem,
2564 2816 2619 2860 et
2663 2819 2763 2876 per
2801 2802 2890 2854 illa
2934 2799 3058 2853 illos
3104 2792 3414 2851 sanctiﬁcat
3449 2787 3544 2858 qui

1955 2905 2126 2959 sacris
2155 2910 2313 2957 erant
2343 2900 2470 2954 olim
2508 2894 2740 2960 initiati;
2777 2891 2922 2945 unde
2970 2888 3078 2944 erit
3122 2894 3184 2939 ut
3232 2897 3342 2936 non
3397 2879 3545 2936 idem

1956 2995 2259 3052 sanctiﬁcet
2289 2993 2411 3048 oleo
2456 3003 2667 3060 ungens
2704 2979 3154 3040 consummatos?
3195 2976 3437 3046 baptizat
3460 2987 3550 3026 sa-

263 3073 520 3166 σιουργὸς
542 3095 702 3156 αὑτὸς
725 3096 961 3165 ὑπάρχει
980 3073 1324 3166 καθάρσεως,
1341 3093 1671 3162 ἀφαιρήσεις
1687 3088 1850 3142 αὑτοῦ

1962 3090 2173 3153 cerdos,
2196 3087 2400 3142 donum
2422 3080 2780 3153 expiatorium
2801 3077 2854 3131 in
2881 3074 3158 3145 baptizato
3182 3073 3552 3128 consummat;

260 3188 363 3258 τὴν
393 3186 645 3258 φυλακὴν
667 3187 762 3239 καὶ
790 3186 1092 3258 σφραγίδα;
1122 3186 1238 3239 ἀλλ’
1273 3187 1529 3256 ἀφαιρεῖς
1551 3183 1652 3253 τὴν
1684 3199 1858 3252 σφρα-

264 3280 415 3348 γίδα,
455 3278 580 3350 μηδ’
611 3280 910 3350 ὑπηρετεῖν
966 3279 1302 3350 ὲπιστρέψῃς
1336 3283 1358 3310 ³
1415 3276 1496 3347 τῷ
1527 3275 1705 3346 δώρῳ,
1735 3274 1860 3346 μηδ’

267 3377 326 3426 ἐν
358 3373 507 3443 αὑτῷ
538 3390 688 3436 τινας
734 3373 1135 3445 τελεσιουργεῖν
1155 3413 1170 3438 ,
1202 3371 1290 3424 ἵνα
1325 3387 1386 3424 σε
1417 3371 1669 3440 γυμνοῖς,
1701 3371 1730 3423 ὁ
1768 3367 1861 3431 σὸς

269 3467 476 3538 ἱερεὺς,
498 3465 877 3536 ἐνδιαπρέπων
897 3465 1180 3536 ὀνόμασιν,
1207 3464 1307 3534 τῆς
1327 3462 1502 3532 αὐτῆς
1530 3460 1681 3531 αὑτῷ
1701 3475 1862 3531 χορο-

270 3559 502 3620 στασίας
539 3561 835 3629 κορυφαῖον
863 3554 1035 3631 δείξῃ,
1065 3558 1162 3610 καὶ
1181 3555 1504 3611 ἐπίσκοπον.

349 3829 422 3896 η’.
466 3822 629 3877 Ἀλλά
668 3823 779 3893 γὰρ
823 3822 945 3907 οὑχ).
997 3822 1160 3891 μόνον
1190 3822 1272 3884 είς
1305 3820 1482 3874 ταῦτα
1529 3819 1868 3888 παρανομεῖν

273 3918 674 3988 ὲξηνέχθησαν,
707 3915 843 3968 ἀλλά
893 3915 990 3968 καὶ
1040 3914 1204 3976 εἴτις
1231 3912 1422 3967 κακῶν
1457 3914 1574 3964 ἐστι
1613 3910 1870 3981 κορωνὶς,

273 4011 488 4081 ταύτην
523 4009 851 4080 ἀνέδραμον.
912 4005 1058 4078 Πρὸς
1108 4006 1216 4076 γάρ
1269 4022 1355 4058 τοι
1387 4007 1500 4066 τοῖς
1554 4001 1870 4074 εἰρημένοις

276 4107 624 4174 ἀτοπήμασι,
657 4103 752 4156 καὶ
771 4102 833 4154 τὸ
867 4100 1014 4171 ἱερὸν
1045 4099 1138 4152 καὶ
1173 4098 1332 4166 ἆγιον
1356 4096 1650 4165 σύμϐολον,
1679 4094 1706 4147 ὂ
1736 4095 1872 4146 πᾶσι

276 4200 396 4260 τοῖς
426 4195 724 4258 συνοδικοῖς
758 4195 856 4247 καὶ
881 4192 1282 4262 οἰκούμενικοῖς
1324 4189 1694 4260 ψηφίσμασιν,
1725 4185 1875 4257 ἀμαυ

280 4307 382 4360 χον
412 4288 524 4359 ἔχει
558 4288 658 4357 τὴν
685 4287 862 4357 ἰσχὺν,
889 4285 1066 4347 νόθοις
1093 4284 1402 4351 λογισμοῖς,
1425 4281 1521 4334 καὶ
1554 4280 1874 4352 παρεγγρά-

282 4397 443 4440 πτοις
491 4379 694 4448 λόγοις,
744 4378 841 4430 καὶ
893 4376 1129 4447 Optio-ou;
1173 4373 1476 4444 ὑπερϐολῇ,
1533 4372 1876 4442 κιϐδηλεύειν

1960 3197 2068 3252 qua
2096 3178 2308 3233 ratione
2336 3174 2578 3246 privabis
2627 3171 2779 3225 illum
2815 3165 3064 3222 custodia
3101 3173 3157 3218 et
3199 3160 3375 3230 sigillo
3404 3157 3554 3210 illius

1963 3268 2386 3343 puriﬁcationis,
2419 3264 2580 3335 cujus
2633 3265 2749 3334 ipse
2797 3268 2916 3314 erat
2967 3250 3418 3311 consummator?
3457 3263 3554 3301 ve-

1964 3381 2085 3421 rum
2109 3363 2293 3418 aufers
2327 3359 2588 3431 sigillum,
2627 3371 2733 3411 nec
2778 3354 2924 3408 dono
2969 3346 3174 3420 pateris
3219 3341 3554 3402 subservire,

1964 3474 2069 3513 nec
2095 3456 2307 3525 aliquos
2343 3467 2439 3522 per
2461 3450 2594 3506 illud
2624 3458 3030 3506 consummare,
3066 3449 3127 3494 ut
3167 3437 3316 3492 nudo
3343 3441 3555 3489 tantum

1964 3547 2190 3604 nomine
2228 3556 2357 3600 tuus
2389 3543 2686 3612 insignitus
2741 3537 3021 3598 sacerdos,
3072 3541 3127 3586 te
3173 3528 3394 3600 quidem
3431 3540 3559 3580 cum

1968 3646 2086 3714 ipso
2115 3639 2395 3696 societatis
2433 3647 2489 3692 et
2519 3634 2875 3691 chorostasiae
2911 3628 3262 3700 coryphaeum
3293 3622 3558 3682 declaret,

1969 3747 2025 3792 et
2053 3737 2398 3806 episcopum.

2045 3831 2098 3883 8.
2139 3827 2431 3880 Enimvero
2470 3837 2580 3876 non
2632 3819 2688 3873 in
2738 3817 2857 3871 istis
2903 3822 3115 3869 tantum
3161 3823 3394 3880 peccare
3435 3815 3565 3884 sunt

1972 3919 2203 3982 inducti,
2235 3917 2330 3971 sed
2361 3916 2414 3970 in
2441 3913 2614 3983 ipsam
2649 3906 2947 3978 impietatis
2985 3901 3326 3962 coronidem,
3355 3899 3400 3952 si
3444 3912 3566 3966 qua:

1975 4013 2084 4068 ulla
2112 4019 2218 4072 est,
2249 4009 2613 4064 devenerunt.
2665 4001 2873 4055 Praeter
2907 3996 3054 4052 enim
3105 4001 3434 4047 memoratas
3467 3991 3566 4044 ab-

1976 4105 2270 4161 surditates
2301 4107 2551 4154 sanctum
2583 4103 2638 4150 et
2665 4107 2882 4148 sacrum
2931 4087 3262 4160 symbolum,
3315 4083 3460 4154 quod
3501 4083 3570 4136 ab

1977 4196 2235 4254 omnibus
2263 4190 2732 4248 meumenicorum
2769 4183 3131 4264 conciliorum
3162 4177 3390 4233 calculis
3437 4190 3572 4230 con-

1980 4291 2249 4350 ﬁrmatur,
2297 4293 2354 4338 et
2403 4282 2511 4334 vim
2567 4279 2781 4334 obtinet
2837 4271 3261 4333 irresistibilem,
3317 4267 3575 4322 sensibus

1980 4378 2206 4451 spuriis,
2235 4375 2419 4431 verbis
2447 4371 2726 4435 ascititiis,
2760 4383 2881 4437 quae
2925 4379 3139 4419 summa
3174 4361 3278 4415 fuit
3325 4361 3573 4429 ipsorum

283 4471 655 4542 ἐπεχείρησαν
675 4486 690 4500 ·
720 4463 765 4522 ὦ
792 4469 904 4521 τῶν
932 4467 1025 4520 τοῦ
1057 4464 1296 4535 πονηροῦ
1333 4463 1778 4535 μηχανημάτωνῑ
1817 4481 1850 4516 τι

1983 4467 2230 4532 audacia,
2286 4463 2633 4518 conabantur
2665 4458 3000 4513 adulterare.
3053 4451 3098 4507 Ο
3139 4447 3578 4506 machinationes

286 4563 518 4633 Πνεῦμα
547 4562 608 4616 τὸ
639 4561 796 4630 ἅγιον
829 4561 932 4613 οὑκ
955 4562 1020 4612 ἐκ
1053 4556 1150 4610 τοῦ
1176 4557 1387 4627 Πατρὸς
1415 4556 1597 4626 μόνον,
1645 4557 1784 4609 ἀλλά
1813 4573 1878 4624 γε

284 4657 390 4710 καὶ
417 4658 483 4710 ὲκ
515 4657 608 4708 τοῦ
639 4655 792 4721 Υίοῦ,
828 4652 1246 4724 ἐκπορεύεσθαι,
1278 4650 1788 4721 καινολογήσαντες.

368 4833 434 4889 θ’.
472 4835 569 4898 Τίς
598 4851 728 4886 ποτε
761 4832 1042 4903 τοιαύτην,
1069 4833 1220 4905 παρά
1247 4831 1354 4884 τῶν
1406 4830 1632 4884 πώποτε
1676 4831 1882 4902 ἀσεϐη-

291 4928 532 4991 σάντων,
595 4926 780 4995 φωνὴν
831 4926 1070 4996 ἡκουσεν
1111 4927 1406 4997 ραγεῖσανς
1463 4926 1616 4986 ποῖος
1669 4924 1884 4986 σκολιὸς

288 5021 421 5086 ὄφις
449 5019 530 5081 είς
560 5019 657 5079 τὰς
709 5015 936 5070 ἐκείνων
987 5015 1220 5086 καρδίας
1256 5015 1414 5068 τοῦτο
1444 5014 1757 5085 ἠρεύξατο;
1788 5016 1886 5080 Τίς

291 5113 438 5176 ὅλως
466 5110 777 5182 ἀνάσχοιτο,
805 5109 914 5163 τῶν
944 5111 1002 5162 ἐν
1040 5111 1391 5180 Χριστιανοίς
1430 5107 1730 5162 τελούντων
1748 5151 1764 5175 ,
1795 5109 1888 5160 ἐπὶ

1983 4559 2317 4618 diabolicast
2353 4553 2620 4624 Spiritum
2667 4557 2917 4604 sanctum
2961 4559 3108 4600 novo
3144 4557 3296 4596 more
3343 4536 3578 4593 commi-

1986 4652 2358 4711 niscebantur,
2415 4661 2528 4700 non
2569 4643 2639 4699 de
2691 4642 2808 4698 solo
2857 4640 3016 4694 Patre
3071 4635 3168 4690 sed
3221 4632 3387 4708 etiam
3441 4627 3578 4682 Filio

1987 4743 2305 4818 procedere.

2057 4837 2111 4892 9.
2153 4834 2288 4901 Quis
2331 4844 2572 4900 unquam
2619 4826 2746 4881 olim
2797 4823 2959 4876 talem
3006 4833 3197 4874 vocem
3249 4813 3458 4869 audivit
3509 4815 3578 4866 ab

1987 4928 2173 4999 impiis
2205 4924 2347 4996 apud
2386 4921 2646 4978 saeculum
2685 4917 2834 4987 prius
2860 4911 3169 4984 prolatam?
3197 4907 3320 4978 quis
3339 4906 3583 4960 lubricus

1990 5020 2185 5092 anguis
2224 5018 2280 5071 in
2314 5017 2556 5086 ipsorum
2591 5011 2755 5065 corda
2791 5009 2896 5062 hoc
2931 5001 3248 5059 eructavit?
3283 4999 3418 5065 Quis
3463 4998 3583 5052 cul-

1992 5090 2087 5168 tui
2127 5111 2380 5165 initiatus
2432 5102 2748 5161 Christiano
2795 5100 2942 5153 ferre
2987 5104 3156 5166 queat
3207 5093 3480 5163 duplicem
3529 5090 3580 5144 in

291 5207 401 5275 τῆς
429 5205 593 5273 ἁγίας
621 5203 852 5275 Τριάδος
874 5200 971 5254 δύο
1005 5201 1248 5268 εἰσάγειν
1283 5201 1432 5254 αἴτια
1450 5217 1465 5232 ο
1497 5199 1629 5254 Υίοῦ
1663 5199 1765 5272 μὲν
1794 5218 1850 5253 κε

1992 5204 2192 5259 Triade
2218 5212 2439 5255 causam
2475 5194 2612 5256 dari,
2650 5191 2865 5246 Patrem
2888 5203 3088 5258 nempe
3107 5201 3330 5242 causam
3361 5183 3506 5249 Filii,
3529 5194 3585 5238 et

296 5294 644 5363 Πνεύματος,
676 5293 768 5345 τὸν
802 5292 1023 5360 Πατέρα
1045 5307 1057 5321 ο
1096 5289 1190 5344 τοῦ
1225 5291 1546 5361 Πνεύματος
1593 5290 1650 5342 δὲ
1702 5289 1887 5356 πάλιν,

295 5388 396 5442 τὸν
425 5387 582 5441 Υίόν·
628 5386 725 5438 καὶ
753 5387 834 5448 εἰς
877 5383 1084 5437 διθεϊαν
1121 5385 1223 5454 τὴν
1253 5381 1554 5453 μοναρχίαν
1589 5381 1760 5448 λύειν,
1794 5383 1889 5436 καὶ

303 5479 446 5552 μηδὲ
478 5481 494 5516 ι
521 5474 686 5550 ἦττον
736 5479 836 5547 τῆς
888 5476 1206 5546 Ἑλληνικῆς
1266 5474 1610 5545 μυθολογίας,
1649 5474 1751 5546 τὴν
1783 5474 1890 5528 τῶν

1997 5295 2274 5368 Spiritus,
2309 5288 2550 5360 Spiritus
2591 5293 2778 5339 autem
2805 5297 3025 5338 causam
3077 5278 3460 5334 Filium?.boc
3502 5286 3588 5330 est

2000 5383 2378 5444 monarchiam
2409 5381 2465 5434 in
2498 5379 2772 5449 duplicem
2820 5376 3077 5431 deitatem
3113 5373 3347 5434 solvere,
3381 5377 3436 5423 et
3476 5383 3583 5422 non

2001 5481 2180 5535 minus
2206 5491 2368 5547 qnam
2395 5472 2715 5544 gentilitiam
2745 5468 3133 5541 mythologiam
3155 5464 3587 5520 Clirfstianorum

1632 5611 1863 5667 VARhE
1905 5607 2312 5670 LECTIONI‘JS.

387 5764 410 5792 ³
449 5755 534 5810 id.
579 5752 911 5824 ὲπιτρέψεις.
997 5753 1013 5788 ί
1057 5750 1144 5806 ἵσ.
1181 5749 1367 5821 μηδέν.
