3930 6432
214 327 331 391 729
1382 326 1921 389 EPISTOLARUM
1953 330 2186 391 LIBER
2224 333 2273 391 Ι.
3378 331 3486 395 730

222 446 589 517 βλασφημίας
626 443 869 516 ταύτης;
920 444 1069 515 Αὕτη
1118 443 1258 498 κατὰ
1291 443 1400 496 τῶν
1457 445 1774 513 Εὑαγγελίω

1930 447 2005 500 let
2033 446 2232 501 aures?
2277 462 2399 517 quae
2435 445 2586 517 quasi
2619 453 2725 500 stat
2767 459 2833 499 ex
2876 444 3101 499 adversa
3140 444 3256 501 acie
3299 445 3482 501 Evan-

220 542 470 601 ἵσταται,
518 541 656 612 πρὸς
707 540 806 602 τὰς
849 539 1011 608 ἁγίας
1061 538 1470 610 παρατάσσεται
1522 540 1772 593 συνόδους

1937 540 2077 609 ;elio,
2106 547 2418 593 exarmatur
2463 546 2650 592 contra
2687 552 2869 592 sacras
2909 538 3169 608 synodos,
3203 538 3392 592 beatos
3434 548 3489 593 et

220 634 355 697 τοὺς
387 632 693 703 μακαρίους
744 634 838 686 καὶ
870 632 1061 700 ἁγίους
1085 630 1510 702 παραγράφεται
1534 633 1772 703 Πατέρας

1934 644 2133 688 sanctos
2189 632 2380 687 Patres
2439 632 2708 695 falsiﬁcat,
2767 646 2964 701 nempe
3025 646 3279 701 magnum
3336 631 3486 685 illum

225 726 327 777 τὸν
366 726 543 795 μέγαν
582 724 923 788 Ἀθανάσιον,
966 728 1058 775 τὸν
1092 724 1150 775 ἐν
1197 722 1447 793 θεολογίᾳ
1488 722 1777 792 περιϐόητο

1936 728 2319 791 \tlianasium,
2362 727 2648 796 theologia;
2695 725 2854 779 titulo
2899 726 3247 780 decantatum
3283 724 3488 794 Grego-

230 819 565 889 Γρηγὸριον,
592 817 691 885 τὴν
721 817 1005 868 Βασίλειον
1030 815 1128 882 τῆς
1174 813 1501 883 Ἐκκλησίας
1535 812 1725 882 στολὴν
1760 825 1782 850 υ

1936 822 2081 887 ’ἰιιῐη,
2116 821 2372 875 Basilium
2398 820 2547 874 illum
2571 817 2830 873 Ecclesiae
2857 833 2985 871 vere
3021 817 3224 885 regiam
3272 816 3488 878 stolam,

231 911 333 963 τὸν
386 911 561 980 μέγαν
603 908 918 971 Βασίλειον,
956 906 1017 959 τὸ
1056 904 1295 977 χρυσοῦν
1344 906 1443 973 τῆς
1488 903 1781 973 οἰκουμένη

1940 930 2146 970 aureum
2190 914 2340 968 orbis
2389 928 2471 977 os,
2509 926 2639 964 vere
2687 910 3134 981 Chrysostomum
3160 948 3175 973 ,
3211 907 3492 976 sapientize

232 1007 437 1075 στόμα,
485 1004 547 1056 τὸ
592 1004 692 1072 τῆς
748 1002 943 1069 σοφίας
1014 1000 1271 1067 πέλαγος,
1323 999 1415 1052 τὸν
1468 997 1545 1061 ὡς
1602 996 1784 1067 ἀληθῶ

1942 1006 2046 1061 llud
2068 1006 2309 1077 pelagus.
2329 1003 2468 1070 Quid
2494 1010 2674 1056 autem
2692 1001 2843 1055 hunc
2862 1000 2947 1054 vel
2970 1000 3120 1053 illum
3146 998 3494 1068 compellem?

226 1101 644 1169 Χρυσόστομον.
684 1098 791 1151 Καὶ
813 1097 866 1148 τί
909 1095 1056 1164 λέγω
1089 1094 1181 1151 τὸν
1229 1094 1396 1157 δεῖνα,
1445 1091 1479 1161 ἢ
1506 1092 1600 1145 τὸν
1632 1092 1778 1144 δεῖνα

1940 1099 2117 1152 Jontra
2145 1110 2339 1150 omnes
2368 1093 2592 1147 omnino
2609 1098 2828 1145 sanctos
2850 1090 3168 1159 prophetas,
3199 1089 3492 1159 apostolos,

226 1193 378 1247 κατὰ
402 1192 621 1245 πάντων
649 1189 785 1261 ὁμοῦ
803 1190 911 1242 τῶν
937 1190 1110 1258 ἁγίων
1136 1187 1455 1259 προφητῶν,
1479 1185 1778 1240 ἁποστόλωπ

1939 1190 2253 1253 sacerdotes,
2284 1199 2572 1258 martyres,
2604 1194 2659 1239 ct
2689 1186 2862 1255 ipsius
2886 1185 3051 1237 etiam
3078 1182 3491 1245 Dominivoces,

228 1286 532 1358 ίεραρχῶν,
576 1283 893 1354 μαρτύρων,
928 1282 1026 1335 καὶ
1078 1282 1259 1335 αὐτῶν
1315 1280 1425 1332 τῶν
1462 1277 1780 1331 »δεσποτικῶ

1944 1282 2237 1352 »Ιοεριιθιῐιε
2260 1280 2396 1336 haec.
2440 1286 2496 1333 et
2544 1277 2652 1331 Deo
2692 1276 2897 1331 bellum
2941 1275 3210 1338 indicens,
3251 1289 3356 1328 vox
3402 1288 3496 1326 ex-

228 1380 455 1448 φωνῶν,
488 1382 521 1450 ἡ
562 1378 883 1450 βλάσφημος
919 1375 1057 1447 αῦτη
1087 1375 1183 1428 καὶ
1212 1374 1484 1444 ϐεόμαχος
1524 1371 1677 1442 φωνὴ
1706 1370 1822 1435 ὲξο-
1919 1385 2178 1430 armatur.

228 1470 513 1535 πλίξεται.

309 1561 396 1628 ιζ’.
425 1564 501 1617 Τὸ
534 1562 761 1634 Πνεῦμα
782 1563 847 1617 ὲκ
876 1561 973 1615 τοῦ
996 1560 1128 1615 Υίοῦ
1154 1558 1516 1629 ἐκπορεύεται
1542 1573 1559 1623 ;
1593 1555 1822 1626 πότερον

1994 1555 2087 1610 l7.
2128 1553 2366 1626 Spiritus
2410 1553 2668 1607 nimirum
2703 1549 2951 1621 procedit
2973 1563 3003 1602 e
3030 1547 3201 1601 Filio?
3236 1546 3502 1601 Utrumne

225 1658 336 1726 τὴν
368 1658 539 1729 αὐτὴν
586 1657 939 1729 ὲκπόρευσιν,
980 1657 1013 1728 ἦ
1063 1656 1167 1726 τῆς
1200 1652 1465 1724 πατρῴας
1498 1649 1777 1705 ἀντίθετον

1951 1649 2112 1703 :adem
2156 1647 2529 1717 processione,
2584 1661 2651 1698 an
2703 1660 2769 1698 ex
2827 1642 3055 1697 adversa
3104 1638 3440 1710 processioni
3476 1654 3503 1690 a

236 1752 307 1805 El
344 1751 444 1821 μὲν
470 1751 578 1822 γὰρ
602 1750 703 1821 τὴν
746 1752 941 1818 αὐτὴν,
976 1749 1096 1812 πῶς
1147 1748 1206 1802 οὐ
1242 1745 1554 1801 κοινοῦνται
1586 1746 1642 1796 αἱ
1700 1743 1788 1795 ἱδιέ

1956 1741 2125 1795 'atre?
2167 1740 2210 1794 si
2269 1740 2487 1799 eadem,
2542 1736 2816 1807 quomodo
2869 1750 2979 1789 non
3031 1731 3508 1787 communicantur

227 1808 435 1912 τητεςς
595 1808 692 1895 καὶ
752 1808 946 1911 μόναις
995 1808 1253 1911 ήῨριὰς,
1284 1838 1458 1909 Τριὰς
1510 1835 1674 1899 εἶναι,
1730 1852 1779 1888 κι

1952 1831 2310 1902 proprietates,
2349 1845 2377 1883 a
2406 1829 2605 1897 quibus
2633 1835 2814 1880 tamen
2848 1823 2976 1878 solis
3008 1822 3246 1875 Trinitas
3277 1830 3331 1873 et
3363 1836 3504 1882 esse,

230 1935 691 2007 προσκυνεῖσθαι,
725 1934 1213 2006 χαρακτηρίζεται.
1245 1934 1309 1986 El
1340 1931 1397 1985 δὲ
1431 1931 1650 1997 ἐκείνης
1676 1931 1782 1984 ἀντι

1964 1933 1983 1979 t
2009 1924 2220 1978 adorari
2254 1921 2625 1976 characterem
2662 1917 2928 1973 sortitur?
2959 1917 3042 1969 sin
3068 1913 3340 1967 contraria
3372 1928 3509 1980 qua—

230 2026 422 2091 θετον,
468 2025 588 2089 πῶς
615 2026 750 2096 ἡμῖν
784 2026 845 2078 οὐ
882 2025 1183 2090 Μάνεντες,
1225 2022 1321 2076 καὶ
1363 2022 1715 2092 Μαρκίωνες,
1748 2038 1778 2072 τ

1958 2020 2051 2071 iam
2084 2017 2179 2081 illi,
2208 2015 2482 2086 quomodo
2515 2029 2623 2067 non
2651 2013 2755 2067 hac
2815 2026 2910 2065 sua
2937 2008 3243 2062 assertione
3269 2007 3510 2061 Manetes

234 2118 457 2189 ῥήματι
508 2115 705 2186 τούτῳ,
760 2115 1160 2188 προκύπτουσι,
1205 2114 1307 2184 τὴν
1341 2112 1611 2184 θεόμαχον
1643 2112 1786 2166 πάλιπ

1967 2123 1987 2167 t
2011 2111 2313 2165 Marciones
2341 2107 2740 2179 procuduntur,
2772 2104 2863 2175 qui
2894 2104 3006 2157 Deo
3032 2102 3234 2156 bellum
3267 2101 3512 2154 indicen-

234 2210 389 2263 κατὰ
434 2208 530 2262 τοῦ
574 2208 809 2278 Πατρὺς,
858 2207 954 2262 καὶ
1000 2205 1094 2260 τοῦ
1130 2205 1286 2273 Υἱοῦ,
1328 2205 1581 2274 γλῶσσαν
1607 2220 1786 2275 προτει

1965 2219 2042 2258 em
2069 2203 2331 2273 linguam,
2372 2207 2561 2255 contra
2593 2197 2811 2252 Patrem
2836 2205 2891 2251 et
2936 2193 3131 2248 Filium
3176 2207 3372 2247 rursus
3420 2207 3517 2245 ex-

236 2322 430 2368 νοντες
453 2320 469 2369 ;

1934 2312 2153 2351 seruere
2171 2296 2194 2348 ?

323 2396 416 2467 ιη’.
448 2395 593 2467 Πρὸς
620 2395 676 2448 δέ
704 2412 768 2462 γε
805 2396 918 2456 τοῖς
947 2392 1284 2462 εἰρημένοις,
1321 2393 1371 2444 εἰ
1402 2392 1467 2444 ἐκ
1497 2392 1593 2444 τοῦ
1620 2389 1833 2460 Πατρὸς

2007 2390 2094 2443 18.
2139 2387 2361 2442 Accedit
2387 2386 2451 2439 ad
2478 2384 2777 2455 prmmissa,
2799 2381 2843 2435 si
2865 2397 2894 2435 e
2923 2381 3080 2433 Patre
3106 2377 3324 2448 quidem
3351 2376 3519 2429 Filius

242 2492 350 2563 μὲν
376 2492 405 2543 ὁ
432 2490 560 2554 Υίδς
586 2490 933 2558 γεγέννηται,
957 2488 1017 2540 τὸ
1044 2486 1102 2538 δὲ
1135 2485 1358 2555 Πνεῦμα
1389 2488 1452 2537 ὲκ
1482 2482 1575 2536 τοῦ
1599 2483 1794 2552 nam;

1963 2490 2252 2550 generatur,
2281 2479 2627 2549 Spiritusquc
2656 2476 2905 2547 procedit
2936 2489 2967 2528 e
2987 2472 3149 2526 Patre
3178 2480 3233 2525 et
3265 2469 3418 2532 Filio,
3462 2469 3515 2521 iai

242 2588 348 2639 καὶ
374 2583 470 2638 τοῦ
502 2582 656 2647 Υἱοῦ,
683 2580 1048 2651 ἐκπορεύεται
1068 2595 1083 2609 ο
1120 2579 1193 2642 ὼς
1224 2580 1304 2639 είς
1355 2575 1450 2628 δύο
1500 2574 1678 2636 αἰτίας
1703 2575 1794 2625 ἀνα

1970 2576 2212 2646 iuplicem
2242 2574 2574 2628 exsistentiae
2608 2587 2721 2625 suae
2750 2584 2972 2624 causam
3005 2566 3230 2629 relatus,
3259 2579 3367 2617 non
3392 2578 3522 2616 eva-

244 2680 581 2752 φερόμενον,
612 2676 737 2731 οὐδὲ
770 2675 830 2727 τὸ
859 2673 1113 2727 σύνθετον
1141 2667 1282 2724 εἶναι
1313 2669 1676 2740 διαδράσειεν.

1400 2669 1676 2740 δράσειεν.
1941 2670 2054 2734 det,
2084 2669 2216 2739 quin
2253 2681 2307 2721 et
2336 2665 2670 2735 compositus
2708 2662 2952 2716 exsistat.

327 2750 418 2826 tG’.
457 2769 582 2822 Ἔτι
612 2768 693 2833 δὲ,
722 2769 769 2819 εἰ
801 2767 866 2818 ὲκ
894 2763 987 2817 τοῦ
1019 2762 1238 2833 Πατρδς
1270 2763 1299 2813 ὁ
1330 2760 1457 2822 Υἱὸς
1487 2757 1836 2828 γεγέννηται,

2017 2761 2105 2816 19.
2147 2760 2342 2814 Adhuc
2381 2760 2425 2812 si
2474 2774 2504 2811 e
2535 2756 2693 2810 Patre
2728 2762 3021 2825 generatur
3065 2752 3274 2809 Filius.
3316 2750 3357 2803 si
3399 2750 3492 2819 Spi

245 2861 315 2916 τὸ
345 2861 405 2915 δὲ
462 2858 689 2927 Πνεῦμα
731 2856 796 2907 ὲκ
834 2852 928 2906 τοῦ
974 2853 1189 2921 Πατρὸς
1238 2851 1335 2903 καὶ
1388 2848 1483 2902 τοῦ
1513 2848 1645 2901 Υἰοῦ
1674 2849 1797 2900 ἐκπι

1977 2857 2084 2911 itus
2134 2870 2165 2908 e
2219 2855 2381 2909 Patre
2418 2850 2666 2921 procedit
2713 2859 2766 2903 et
2837 2847 2998 2909 Filio,
3045 2860 3294 2915 quamam
3345 2842 3529 2897 evenit

252 2949 506 3022 ρεύεται,
546 2948 630 3010 τίς
677 2950 712 3016 ἡ
740 2942 1064 3013 καινοτομία
1091 2940 1186 2993 τοῦ
1223 2940 1564 3009 Πνεύματος,
1632 2941 1706 3009 μὴ
1749 2956 1804 2992 κο

1985 2963 2087 3002 ova
2117 2943 2418 3006 innovatio,
2452 2940 2750 3012 quominus
2779 2938 2848 2993 ab
2876 2938 2996 3008 ipso
3054 2934 3199 2989 aliud
3231 2930 3531 3003 procedat?

248 3043 450 3114 ἔτερόν
498 3058 552 3093 τι
608 3037 792 3115 αὐτοῦ.
833 3033 1308 3105 ἐκπεπορεῦσθαι;
1352 3031 1426 3095 ὡς
1488 3030 1796 3099 συνάγεσθαι

1977 3049 2027 3094 ta
2061 3036 2483 3099 constituentur,
2522 3035 2674 3103 juxta
2707 3029 3083 3100 blasphemam
3119 3028 3260 3081 hanc
3288 3026 3529 3094 ipsorum

252 3108 408 3192 κατὰ
432 3134 530 3205 τὴν
560 3108 792 3185 ἐκείνων
816 3128 1085 3198 θεόμαχον
1113 3125 1362 3194 γνώμην,
1401 3124 1475 3194 μὴ
1509 3125 1680 3193 τρεῖς,
1708 3122 1804 3175 ἀλλ

1979 3131 2303 3190 ententiam,
2334 3143 2445 3181 non
2468 3135 2580 3180 tres
2608 3125 2932 3195 hypostases
2957 3120 3106 3183 solae,
3155 3118 3253 3173 sed
3277 3108 3530 3187 quatuor,

252 3230 536 3298 τέσσαρας
567 3224 668 3287 τὰς
703 3221 1055 3283 ὑποστάσεις,
1110 3218 1311 3289 μᾶλλον
1339 3216 1383 3269 δ’
1425 3215 1719 3285 ἀπείρους·
1744 3216 1804 3284 τῆ

1980 3223 1996 3277 i
2056 3238 2166 3277 non
2207 3221 2389 3291 potius
2442 3217 2688 3280 inﬁnitae,
2737 3225 2796 3270 ut
2838 3220 3029 3283 quarta
3081 3211 3240 3264 aliam
3299 3208 3532 3268 emittat,

252 3320 533 3389 τετάρτης
592 3317 780 3378 αὐτοῖς
846 3313 1015 3381 ἄλλην
1080 3307 1529 3379 προϐαλλούσης,
1588 3305 1804 3359 κάκείντ

1982 3314 2042 3367 lla
2073 3312 2260 3366 itidem
2290 3310 2480 3371 aliam,
2515 3306 2820 3376 usquedum
2868 3305 2923 3358 in
2966 3301 3382 3371 multiplicatam
3431 3298 3534 3352 Pa-

260 3415 432 3468 πάλιν
487 3411 701 3480 ἑτέραν,
741 3406 935 3478 μέχρις
970 3405 1038 3458 ἂν
1070 3404 1151 3466 είς
1186 3401 1285 3472 τὴν
1342 3400 1632 3469 ὲλληνικὴν
1685 3397 1812 3450 πολυ

1404 3400 1632 3469 ληνικὴν
1685 3397 1850 3450 πολυ-
1952 3420 2217 3478 ganorum
2248 3403 2591 3459 divinitatem
2616 3398 2956 3456 deveniatur.

261 3506 505 3575 πληθίαν
538 3502 836 3556 ἐκπέσωσι.

338 3566 411 3652 δὲ.
448 3594 589 3666 Πρὸς
649 3592 708 3646 δέ
755 3609 820 3659 γε
878 3590 991 3652 τοῖς
1037 3585 1371 3659 εἰρημένοις,
1398 3584 1623 3638 κάκεῖνο
1673 3581 1738 3636 ἄν
1768 3596 1855 3643 τις

2026 3585 2119 3641 20.
2162 3584 2366 3639 Practer
2414 3580 2693 3650 superiora
2722 3620 2735 3642 ,
2783 3585 2841 3633 et
2909 3576 3017 3629 hoc
3078 3566 3538 3627 considerandum

267 3687 725 3756 ἐπισκοπήσειεν,
756 3682 832 3745 ὡς
878 3680 1041 3750 εἴπερ
1069 3681 1103 3749 ἠ
1131 3676 1226 3731 τοῦ
1265 3675 1607 3744 Πνεύματος,
1671 3674 1736 3725 ὲκ
1760 3688 1819 3724 το

1990 3676 2197 3749 ςιιοᾱ,εἱ
2249 3673 2525 3745 processio
2577 3669 2816 3741 Spiritus
2846 3684 2877 3722 e
2924 3667 3083 3720 Patre
3133 3662 3191 3716 in
3237 3658 3542 3715 substantia

268 3779 511 3851 Πατρδς,
538 3748 795 3848 Ἰπρόοδος,
829 3775 908 3836 εἰς
945 3748 1181 3841 ὓπαρξιν
1218 3768 1464 3822 συντελεῖ
1487 3783 1503 3798 ο
1537 3766 1591 3818 τί
1621 3762 1820 3818 συνοίσε

1993 3769 2379 3829 ιθιθτωὶιιειιιτ,
2412 3763 2674 3833 quidnam
2707 3756 2961 3829 Spiritui,
2986 3768 3194 3824 quaeso,
3219 3750 3443 3805 accedet
3475 3748 3545 3801 ab

268 3874 352 3945 τῷ
381 3840 662 3940 Πνεύμάτι
691 3870 725 3939 ἡ
757 3840 822 3921 ἐκ
858 3865 952 3919 τοῦ
986 3840 1117 3918 Υἱοῦ
1148 3862 1500 3932 ὲκπόρευσις,
1528 3861 1627 3928 τῆς
1658 3874 1820 3929 πατρί

1994 3862 2056 3916 lla
2093 3860 2162 3915 de
2188 3857 2323 3913 Filio
2358 3853 2731 3926 processione,
2761 3866 2885 3904 cum
2919 3845 3199 3917 processio
3224 3850 3446 3913 paterna
3478 3840 3546 3893 ad

275 3936 388 4035 κῆς
421 3936 821 4034 ἀρκούσης-εἱς
856 3957 1125 4028 ὓπαρξιν;
1171 3956 1246 4009 Οὐ
1278 3954 1389 4024 γάρ
1422 3970 1526 4017 τις,
1564 3952 1643 4014 είς
1674 3948 1827 4019 ἓτερό

1998 3954 2258 4009 ssentiam
2291 3946 2561 4006 suiIiciat?
2598 3945 2769 3999 Nemo
2806 3942 2952 3997 enim
3004 3955 3070 3994 eo
3114 3937 3351 3992 audaciae
3381 3936 3550 3988 deve-

278 4078 364 4121 τι,
398 4058 507 4111 τῶν
555 4055 685 4127 περὶ
723 4054 822 4125 τὴν
849 4051 1060 4113 οὐσίαν,
1104 4048 1398 4112 συντελεῖν,
1430 4044 1830 4114 κατατολμήσει

2010 4048 2103 4109 iet,
2132 4043 2347 4114 opinor,
2374 4048 2433 4095 ut
2477 4036 2710 4091 afﬁrmet
2725 4031 3032 4088 conducere
3059 4027 3125 4081 ad
3147 4024 3348 4095 aliquid
3378 4020 3554 4085 aliud,

275 4116 469 4220 λέγειν
492 4166 506 4179 ⁶
548 4116 731 4216 πάσης
763 4116 1013 4214 έιπλόης,
1044 4142 1140 4195 καὶ
1192 4139 1517 4203 συνθέσεως,
1550 4137 1649 4205 τῆς
1684 4152 1827 4205 μακα

2006 4153 2157 4193 orum
2188 4150 2309 4206 quae
2338 4139 2465 4188 sunt
2490 4130 2636 4185 circa
2667 4125 3053 4186 substantiam,
3096 4135 3224 4177 cum
3254 4116 3558 4188 duplicatio

279 4209 409 4316 ρίάς
458 4240 556 4294 καὶ
606 4209 758 4301 θείας
786 4209 1001 4303 ἐκείνης
1032 4231 1270 4300 φύσεως,
1309 4229 1385 4292 ὡς
1433 4227 1710 4282 ἀπωτάτω
1754 4243 1831 4279 κει

2011 4230 2178 4286 uaevis
2209 4225 2533 4296 compositio
2565 4223 2633 4278 ab
2660 4221 2749 4276 illa
2783 4227 2979 4274 natura
3014 4214 3197 4271 divina
3233 4226 3394 4282 quam
3430 4209 3557 4263 lon-

279 4336 482 4407 μένης.

1973 4324 2195 4396 gissime
2222 4325 2594 4374 removentur.

363 4435 471 4480 κα’.
500 4422 687 4492 Χωρὶς
719 4421 777 4474 δὲ
826 4418 937 4473 τῶν
970 4416 1301 4489 εἰρημένων,
1347 4415 1398 4467 εἰ
1438 4416 1548 4467 πᾶν
1603 4414 1742 4483 ὅπερ
1797 4412 1870 4482 μή

2047 4414 2138 4469 2i.
2180 4409 2382 4464 Praeter
2432 4404 2764 4475 supradicta,
2790 4402 2837 4458 si
2894 4414 3058 4456 omne
3113 4400 3257 4468 quod
3311 4414 3421 4455 non
3476 4408 3558 4452 est

286 4528 413 4580 ἔστι
447 4490 626 4577 κοινὸν
653 4520 754 4590 τῆς
791 4518 1301 4587 παντοκρατορικῆς
1332 4513 1429 4567 καὶ⁵
1456 4511 1746 4582 ὁμοουσίου
1776 4528 1838 4563 κο

2008 4517 2275 4561 :ommune
2303 4498 2557 4554 Trinitati
2596 4497 2673 4550 illi
2706 4494 3227 4564 omnipotestativze,
3260 4490 3560 4545 homousiae

284 4614 608 4687 ὑπερφυοῦς
637 4580 888 4684 Τριάδος,
921 4580 1039 4672 ἑνός
1062 4580 1178 4661 ἐστι
1212 4580 1373 4677 μάνου
1397 4580 1507 4657 τῶν
1535 4604 1702 4673 τριῶν
1729 4619 1743 4634 ο
1777 4602 1836 4655 ού

2006 4607 2033 4652 ιι
2065 4592 2487 4666 supernaturali,
2521 4590 2686 4643 unius
2711 4586 2879 4641 solius
2902 4595 2985 4639 est
3005 4584 3285 4653 proprium
3305 4597 3337 4635 e
3361 4580 3558 4644 tribus;

282 4671 417 4761 ἐστιι
438 4671 496 4759 de
525 4671 669 4775 ητοῦ
688 4671 831 4756 Πνεύ
846 4671 1307 4771 ματοςπροόολὴ,
1339 4695 1518 4749 κοινὸν
1538 4671 1647 4748 tth
1669 4693 1834 4764 τριῶν

2007 4688 2258 4743 ,τοοοεδίο
2317 4692 2501 4738 autem
2557 4679 2791 4749 Spiritus
2837 4692 2949 4730 non
2989 4684 3072 4730 est
3126 4675 3302 4728 tribus
3356 4671 3559 4741 aliquid

286 4797 414 4860 ὲνὺς
438 4763 558 4866 ἄρα.
579 4796 726 4847 ἐστὶν
758 4763 918 4863 μόνου
947 4791 1056 4843 τῶν
1088 4763 1283 4860 τριῶν..
1303 4787 1540 4859 Πότερον
1563 4782 1657 4839 οὖν
1692 4763 1757 4839 ἐκ
1783 4803 1838 4839 το

2013 4792 2305 4843 ommune;
2336 4774 2561 4830 omnino
2596 4770 2701 4826 erit
2734 4769 2898 4822 unius
2930 4766 3099 4820 solius
3152 4780 3182 4819 e
3234 4763 3411 4817 tribus
3432 4776 3563 4831 pro-

287 4852 515 4960 Πατρος
573 4852 840 4956 φήσουσιν
903 4852 1306 4952 ἐκπορεύεσθαι
1360 4880 1420 4932 τὸ
1452 4852 1722 4948 ’Πνεῦμας
1785 4895 1839 4930 κε

2023 4873 2182 4926 rium.
2210 4869 2400 4925 Utrum
2424 4866 2587 4936 igitur
2609 4861 2957 4917 aﬂirmabunt
2979 4857 3241 4927 Spiritum
3266 4852 3570 4923 procedere

287 4982 418 5044 πῶς
467 4981 569 5033 οὐκ
603 4978 957 5048 ὲξομὸσονται
1002 4974 1100 5044 τὴν
1147 4973 1309 5043 φίλην
1349 4973 1535 5033 αὐτοῖς
1578 4970 1839 5040 καὶκοινὴ

2013 4965 2229 5025 :Patre,
2266 4976 2335 5015 an
2390 4953 2718 5019 non?Quod
2767 4952 2809 5005 si
2865 4956 3085 5012 autem,
3130 4945 3406 5015 quomodo
3452 4958 3565 4997 non

295 5033 735 5147 postaywyiotv.;
768 5069 831 5122 Εί
883 5067 940 5120 δὲ
993 5033 1069 5121 ὲκ.
1094 5033 1189 5119 τοῦ
1226 5033 1381 5128 ficii,
1406 5065 1458 5117 τί
1496 5064 1570 5134 μὴ
1599 5033 1847 5133 καταρχά

2020 5053 2302 5111 iecessario
2339 5048 2630 5119 ejerabunt
2669 5044 2813 5097 illam
2859 5054 3013 5095 suam
3046 5033 3481 5115 dilecta’madco,
3513 5042 3572 5088 et

2650 5134 2864 5147 .-η
2960 5131 2984 5147 .
3410 5127 3537 5147 ηε..-

293 5127 618 5239 ξθάρῤησαν
664 5127 847 5217 αύτῶν
882 5161 1013 5233 ὃλην
1044 5158 1355 5228 ἐκκαλύψαι
1402 5127 1508 5228 τὴν.
1545 5127 1842 5226 ὁεομαχίαν

2020 5157 2335 5203 ommunem
2367 5136 2793 5212 mystagogiam?
2823 5131 2985 5200 Quod
3020 5133 3065 5187 si
3093 5131 3278 5185 dicant
3319 5145 3349 5183 e
3409 5127 3572 5190 Filio,

293 5258 376 5317 ὡς
499 5223 668 5325 ’μόνον
710 5254 802 5307 τὸν
847 5223 977 5305 Υξδηὶ
1006 5253 1086 5314 εἱς
1120 5250 1222 5319 τὴν
1254 5223 1349 5301 τοῦ
1390 5223 1845 5316 Πνεύματοςπρο

2027 5257 2090 5296 ur
2143 5253 2255 5293 non
2310 5236 2379 5290 ab
2426 5231 2585 5286 initio
2621 5247 2686 5285 eo
2734 5228 2974 5299 provecti
3027 5233 3155 5281 sunt
3213 5223 3473 5284 audaciae,
3508 5228 3576 5273 ut

297 5352 467 5419 ϐολὴν
507 5310 939 5417 ,ἐγκαθιστῶσιψ
971 5310 1109 5397 ἀλλά
1159 5310 1254 5396 καὶ
1287 5340 1380 5395 τοῦ
1431 5310 1647 5409 lla-rpr
1675 5310 1849 5406 ταύτη

2018 5342 2161 5387 otam
2192 5344 2344 5384 suam
2374 5323 2763 5394 blasphemiam
2794 5320 2955 5375 simul
3011 5315 3363 5372 revelarent?
3391 5320 3452 5366 ut
3473 5310 3570 5379 qui

297 5402 670 5514 ἀφαίροῦνται
693 5457 708 5472 ο
737 5434 818 5502 οἷς
846 5436 1137 5491 ἀκόλουθον
1168 5436 1231 5507 δή
1278 5452 1403 5497 που,
1440 5433 1536 5487 καὶ
1557 5402 1661 5501 τὴν
1694 5402 1849 5498 γένντ

2021 5442 2104 5481 ton
2136 5433 2346 5479 tantum
2387 5419 2583 5474 Filium
2628 5416 2694 5471 ad
2743 5412 3159 5486 productionem
3208 5406 3444 5475 Spiritus
3475 5402 3573 5455 ad-

302 5498 392 5591 σίν
422 5498 489 5605 τῇ
514 5531 753 5603 προϐολῇ
792 5498 1322 5601 συμμετατιθέντας,
1357 5524 1490 5598 μηδὲ
1536 5498 1628 5577 τὸν
1658 5522 1787 5575 Υἰὺν
1824 5522 1847 5572 ὲ

2024 5518 2238 5581 nittant,
2273 5515 2369 5571 sed
2395 5514 2607 5567 Patrem
2660 5509 2879 5581 privent
2931 5503 3148 5576 penitus
3177 5498 3396 5570 quidem
3440 5507 3576 5565 pro-

1576 5679 1813 5739 VARl/E
1844 5674 2261 5734 LECTlONlSS.

378 5832 410 5861 ιι
441 5821 499 5872 lo
517 5862 531 5875 .
562 5816 783 5887 στύλην.
