3930 6482
450 355 548 421 731

1621 350 1886 414 PIIOTII
1924 346 2430 410 PATRIARCHE
2467 347 2573 407 (ΣΡ.
3600 354 3693 421 732

451 469 733 526 ductione.
797 466 971 535 Quem
1035 467 1253 523 demum
1313 465 1565 523 ordinem
1626 471 2029 524 eonsectantes,

2157 458 2229 513 εοῦ
2258 459 2495 529 ῐῐατρδς,
2528 457 2666 513 ἀτλλὰ
2695 458 2788 512 τὸν
2829 460 3056 531 Πατέρα
3085 461 3477 534 τερατολογεῖν
3513 466 3575 518 ἐκ
3612 469 3695 522 τοῦ

450 563 865 635 generationem
893 577 1005 616 non
1035 562 1218 616 minus
1249 575 1412 631 quam
1456 558 1863 630 processionem
1894 555 2035 610 alte-

452 656 673 721 rabunt,
700 670 803 710 nec
840 655 1038 710 Filium
1079 669 1112 709 e
1144 654 1327 718 Patre,
1373 653 1470 709 sed
1522 654 1742 708 Patrem
1810 665 1843 705 e
1896 647 2037 703 Filio

453 746 721 816 genitum,
750 746 895 817 quod
927 755 1011 801 est
1045 756 1438 809 monstrosum,
1478 741 2034 806 commentabuntur;

453 835 600 889 unde
629 851 687 890 se
719 836 997 905 principes
1022 846 1077 890 et
1105 835 1436 906 antipilanos
1462 848 1574 890 non
1601 841 1812 889 tantum
1840 830 2038 902 impio-

454 944 576 981 rum
605 928 699 983 sed
728 936 784 982 et
815 926 1147 982 furiosorum
1177 926 1535 982 exhibebunt.

526 1016 617 1072 22.
662 1018 833 1084 Quam
861 1018 1125 1074 furiosam
1161 1027 1218 1074 et
1255 1018 1479 1089 impiam
1530 1018 1774 1089 ipsorum
1811 1023 2038 1072 senten-

457 1094 587 1164 tiam
615 1124 741 1165 esse
770 1111 917 1166 etab
948 1111 1055 1166 isto
1079 1111 1226 1181 quod
1265 1110 1515 1166 dicemus
1558 1109 1910 1165 manifestum
1954 1107 2041 1163 ία-

455 1202 688 1257 ciemus.
719 1201 953 1269 Quando
984 1202 1249 1275 quidquid
1295 1196 1678 1258 consideratur
1713 1202 1799 1257 vel
1825 1202 2039 1257 dicetur

457 1290 512 1344 in
540 1308 602 1346 ea
634 1300 982 1348 sacrosancta
1022 1292 1367 1349 connaturali
1422 1301 1481 1349 et
1526 1292 2037 1364 supersubstantiali

458 1380 747 1447 Trmitate,
776 1384 862 1439 vel
887 1399 1179 1439 commune
1198 1383 1457 1453 quiddam
1493 1393 1578 1439 est
1607 1383 1899 1449 universae,
1952 1383 2039 1439 vel

458 1475 622 1529 unius
651 1475 882 1546 alicujus
933 1476 1187 1546 illiusque
1230 1475 1402 1530 solius
1451 1490 1484 1530 e
1524 1474 1700 1531 tribus
1751 1474 2036 1544 personis;

457 1581 694 1637 cumque
726 1567 964 1638 Spiritus
1008 1567 1290 1638 processio
1320 1582 1433 1622 non
1465 1567 1540 1622 sit
1581 1565 1839 1637 quiddam
1885 1582 2036 1623 com-

458 1674 643 1724 mune,
681 1673 751 1714 ne
774 1659 996 1730 quidem
1030 1676 1099 1715 ex
1140 1660 1382 1731 ipsorum
1430 1660 1728 1727 sententia,
1774 1660 1940 1716 unius
1984 1669 2041 1715 et

456 1750 629 1805 solius
699 1750 991 1822 (propitius
1057 1762 1239 1806 autem
1280 1751 1439 1807 nobis
1488 1752 1632 1808 Deus
1669 1761 1788 1807 esto
1826 1752 1901 1807 ita
1954 1752 2041 1807 lo-

2136 549 2270 605 Υίοῦ
2301 551 2662 623 γεγεννῆσθαι
2685 565 2701 582 ο
2734 552 2821 606 ἵνα
2857 553 2933 623 μὴ
2961 553 3072 608 τῶν
3099 554 3508 610 δυσσεϐούντων
3535 560 3695 630 μόνον,

2135 644 2274 701 ἀλλά
2305 646 2403 701 καὶ
2429 644 2538 700 τῶν
2561 648 2907 717 μαινομένων
2933 641 3070 702 ὦσιν
3098 651 3508 721 πρωτοστάται.

2209 1017 2316 1087 κβ’.
2352 1018 2498 1090 Ὅρα
2514 1017 2578 1071 δὲ
2602 1016 2903 1071 κάντεῦθεν
2932 1017 3273 1090 κατάφωρον
3298 1018 3485 1073 αὐτῶν
3507 1022 3563 1074 τὸ
3591 1024 3705 1077 δυσ.

2140 1110 2320 1175 σεὸἐς,
2348 1111 2444 1166 καὶ
2470 1111 2722 1182 ἀνόητον,
2744 1110 3104 1182 δεικνύμενον
3125 1112 3300 1183 βούλη
3309 1130 3409 1183 μα.
3440 1112 3587 1169 Ἐπεὶ
3609 1117 3704 1189 γὰρ

2140 1200 2289 1257 ἆπαν
2320 1201 2350 1255 ὃ
2380 1201 2670 1273 θεωρεῖται
2725 1203 2825 1258 καὶ
2871 1203 3091 1271 λέγεται
3125 1205 3187 1257 ἐν
3237 1206 3309 1275 τῇ
3347 1207 3588 1279 «rava-{ia
3624 1212 3707 1264 καὶ

2138 1295 2372 1364 ὀμοφυεῖ
2405 1294 2502 1348 καὶ
2525 1294 2840 1366 ύπερουσίῳ
2871 1296 3088 1367 Τριάδι,
3139 1296 3175 1368 ἢ
3224 1298 3411 1352 κοινόν
3436 1300 3551 1354 ἐστι
3591 1303 3703 1359 πάν-

2139 1376 2271 1452 των,
2300 1387 2336 1459 ἢ
2367 1387 2489 1451 ἐνὸς
2510 1387 2608 1441 καὶ
2642 1387 2807 1458 μόνου
2824 1387 2937 1467 τῶν
2958 1388 3129 1460 τριῶν
3147 1406 3166 1422 ο
3201 1392 3238 1460 ή
3266 1390 3328 1444 δὲ
3355 1391 3452 1445 τοῦ
3480 1394 3708 1463 Πνεύμα-

2141 1495 2233 1543 τος
2257 1478 2521 1551 προϐολὴ,
2555 1477 2682 1533 οὕτε
2715 1478 2896 1533 κοινόν
2935 1481 3109 1548 ἐστιν,
3144 1481 3268 1536 ἀλλ’
3296 1482 3432 1547 οὐδ’,
3466 1482 3543 1546 ὡς
3576 1487 3707 1541 αὐτοί

2143 1587 2333 1640 φασιν,
2366 1570 2487 1635 ἐνὸς
2511 1571 2608 1625 καὶ
2640 1570 2805 1641 μόνου
2836 1570 2984 1635 me;
3011 1571 3203 1643 (ἵλεως
3235 1573 3298 1627 δέ
3327 1575 3465 1644 ἡμῖν
3497 1576 3597 1648 εἴη,
3625 1581 3706 1633 καὶ

2141 1666 2223 1728 εἰς
2272 1663 2372 1727 τὰς
2426 1662 2657 1718 ἐκείνων
2692 1664 2953 1735 τρέποιτο
3003 1664 3067 1719 τὸ
3104 1664 3438 1738 βλάσφημον
3470 1669 3705 1741 κεφαλὰς)

2140 1758 2245 1811 οὐκ
2271 1757 2381 1825 ἄρα
2429 1757 2570 1822 ὅλως
2599 1758 2751 1813 ἐστὶν
2778 1758 2837 1811 ἐν
2862 1760 2930 1829 τῇ
2960 1756 3251 1831 ξωαρχικῇ
3292 1761 3393 1814 καὶ
3434 1762 3705 1834 namth

457 1840 776 1909 quentibus,
810 1849 866 1895 et
891 1841 1228 1911 blasphemia
1260 1842 1488 1897 resultet
1529 1840 1584 1895 in
1618 1856 1808 1897 eorum
1834 1839 2037 1912 capita)

2157 1848 2359 1921 Γριάδι,
2388 1850 2422 1921 ή
2449 1849 2545 1904 τοῦ
2576 1825 3192 1924 Πνεύματοςνλπροὸολή.

456 1951 571 1991 non
594 1945 679 1991 est
710 1935 817 1991 ulla
847 1936 1074 1991 omnino
1100 1936 1337 2008 Spiritus
1358 1936 1635 2008 processio
1669 1936 1724 1992 in
1758 1936 2040 2008 perfectis-

456 2027 596 2082 sima
629 2037 687 2082 et
712 2029 879 2083 vitam
913 2028 1160 2100 largienti
1195 2028 1483 2086 Trinitate.

529 2120 621 2176 25.
663 2120 846 2187 Certe,
869 2130 1128 2177 sexcenta
1154 2123 1404 2193 quaedam
1434 2122 1539 2179 alia
1560 2140 1682 2180 cum
1706 2124 1865 2194 plena
1888 2138 2043 2180 men-

457 2226 586 2267 sura
614 2213 739 2283 quis
766 2213 1040 2270 addiderit
1072 2214 1140 2270 ad
1183 2216 1309 2281 ista,
1359 2216 1492 2272 dum
1539 2217 1787 2273 refellere
1823 2217 2042 2273 atheam

459 2304 676 2359 illorum
702 2306 1032 2361 sententiam
1077 2307 1425 2379 aggreditur;
1474 2324 1593 2379 qua:
1624 2324 1712 2364 me
1758 2308 2042 2380 epistolica

458 2395 547 2451 lex
572 2411 686 2452 non
722 2397 926 2468 patitur
951 2398 1006 2452 in
1038 2400 1327 2469 praesentia
1361 2399 1581 2465 an‘erre,
1628 2409 1684 2455 et
1729 2400 1818 2457 his
1851 2400 2043 2456 litteris

457 2487 706 2543 inserere
734 2505 752 2545 :
782 2498 947 2560 atque
977 2490 1100 2547 ideo
1128 2493 1296 2547 etiam
1324 2507 1389 2547 ea
1426 2507 1551 2562 quae
1581 2492 1694 2547 dixi
1727 2491 1970 2547 breviter
1988 2500 2046 2547 et

457 2580 780 2652 imperfecte
808 2592 939 2640 sunt
978 2583 1144 2651 illata,
1192 2584 1554 2655 particulares
1598 2584 1959 2640 refutationes
1989 2593 2046 2640 et

458 2676 783 2746 ampliorem
837 2679 1071 2735 docendi
1121 2679 1373 2746 modum,
1422 2680 1536 2736 Deo
1573 2680 1934 2746 concedente,
1988 2681 2045 2736 in

460 2776 795 2823 conventum
825 2784 1175 2825 communem
1198 2770 1468 2840 sepositas
1499 2787 1867 2827 reservamus.

531 2879 624 2933 24.
662 2878 813 2936 Hane
866 2881 1203 2951 impietatem
1251 2883 1605 2938 tenebrarum
1666 2884 1744 2939 ἰειί
1803 2883 2047 2955 episcopi

2218 2126 2327 2188 κγ’.
2354 2119 2467 2174 Καὶ
2499 2118 2673 2192 μυρία
2703 2119 2771 2175 ἀν
2819 2136 2926 2184 τις,
2955 2119 3057 2191 τὴν
3082 2117 3249 2174 ἄθεον
3277 2117 3466 2174 αὐτῶν
3510 2119 3704 2191 γνώμην

2141 2214 2457 2287 διελέγχων,
2500 2216 2619 2278 τοῖς
2672 2211 2991 2285 εἰρημένοις
3037 2212 3500 2285 ἐπιμετρήσειεν,
3547 2210 3581 2266 ἀ
3626 2214 3706 2281 τῆς

2142 2307 2434 2380 ἐπιστολῆς
2464 2308 2495 2362 ὁ
2518 2306 2686 2378 νόμος
2715 2306 2818 2360 οὐκ
2844 2307 2910 2378 ἐᾷ
2931 2306 3027 2360 νῦν
3061 2305 3374 2369 ἐντάττειν,
3404 2304 3523 2359 οὐδέ
3550 2322 3702 2376 παρα-

2141 2400 2419 2456 τίθεσθαι·
2451 2399 2523 2453 δι’
2568 2398 2599 2453 ὃ
2632 2398 2728 2453 καὶ
2779 2398 2928 2471 ᾇπερ
2983 2399 3226 2469 εἴρηται,
3265 2397 3620 2468 στοιχειωδῶς
3656 2415 3702 2451 τε

2144 2494 2241 2548 καὶ
2278 2495 2338 2546 ἐν
2365 2492 2524 2563 τύπῳ
2551 2491 2980 2564 ἀπηγγέλθησαν
3025 2490 3139 2543 τῶν
3192 2488 3344 2543 κατά
3384 2490 3547 2560 μέρος
3576 2490 3700 2558 ἐλέγ-

2144 2600 2280 2655 χων,
2309 2583 2407 2639 καὶ
2431 2584 2533 2653 τῆς
2560 2585 2621 2638 ἐν
2651 2584 2845 2639 πλάτει
2885 2582 3270 2648 διδασκαλίας,
3316 2581 3457 2635 Θεοῦ
3482 2583 3700 2647 διδόντος,

2144 2679 2228 2741 εἰς
2259 2677 2360 2749 τὴν
2390 2677 2578 2749 κοινὴν
2605 2676 3021 2749 ταμιευομένων
3062 2676 3409 2731 συνέλευσιν.

2215 2879 2315 2933 κδ’.
2366 2875 2588 2947 Ταύτην
2628 2875 2729 2948 τὴν
2759 2875 3014 2930 ἀσέϐειαν
3039 2874 3091 2927 οἱ
3131 2871 3232 2927 τοῦ
3287 2872 3518 2936 σκότους
3541 2872 3698 2924 ἐκείνοι

463 2970 615 3041 (nam
651 2985 711 3026 se
753 2971 1045 3043 episcopos
1079 2975 1464 3048 praeferebant)
1516 2992 1624 3030 una
1663 2991 1792 3031 eum
1843 2976 2045 3032 illicitis

2157 2971 2440 3026 inicito-no:
2494 2971 2857 3037 (ἐπισκόπους
2921 2970 3035 3039 γὰρ
3077 2968 3320 3031 ἑαυτοὺς
3378 2964 3699 3035 ἐπεφήμιζον)

461 3070 522 3116 et
550 3061 844 3133 illegitimis
875 3064 997 3119 aliis
1031 3066 1176 3135 apud
1223 3074 1442 3137 gentem
1483 3067 1823 3139 Bulgaricam
1869 3068 2048 3124 disse-

2154 3065 2296 3135 μετὰ
2337 3063 2447 3118 τῶν
2484 3063 2661 3118 ἄλλων
2703 3062 3003 3131 ἀθεμίτων,
3052 3061 3395 3132 Βουλγάρων
3451 3059 3592 3121 ἔθνος
3633 3059 3699 3109 ἐν·

461 3153 770 3211 minabant.
812 3156 1018 3213 Harum
1073 3174 1258 3214 rerum
1290 3159 1435 3215 fama
1492 3163 1745 3231 pervenit
1787 3160 1853 3216 ad
1885 3176 2045 3217 aures

2157 3157 2414 3228 ἐσπειραν
2438 3171 2454 3186 ·
2487 3151 2651 3227 ἦλθεν
2678 3157 2713 3226 ή
2770 3154 2975 3208 τούτων
3014 3155 3173 3225 φήμη
3216 3154 3305 3218 εἰς
3329 3153 3433 3217 τὰς
3464 3149 3699 3223 ἡμετέρας

461 3259 712 3317 nostras;
748 3250 1019 3306 vulnerati
1050 3268 1240 3309 sumus
1269 3253 1455 3309 lethali
1487 3254 1716 3310 vulnere
1746 3269 1844 3324 per
1864 3255 2044 3311 media

463 3341 677 3397 viscera
731 3352 940 3409 nostra,
975 3359 1087 3399 non
1126 3359 1287 3401 secus
1326 3361 1491 3416 quam
1537 3346 1583 3402 si
1629 3363 1812 3402 coram
1860 3355 1916 3401 et
1943 3347 2046 3403 sub

460 3441 687 3505 aspectu
713 3451 814 3491 suo
840 3436 1037 3492 viderit
1056 3437 1328 3508 quispiam
1350 3438 1556 3494 ventris
1571 3439 1657 3493 sui
1688 3438 1853 3495 fretus
1880 3455 1910 3494 a
1931 3454 2048 3496 ser-

462 3527 723 3596 pentibus
741 3536 797 3583 et
824 3527 1018 3584 belluis
1046 3529 1152 3585 huc
1184 3529 1317 3585 illuc
1351 3531 1657 3602 discerptas
1701 3540 1758 3587 et
1802 3532 2048 3603 direptos

460 3619 899 3690 circumraptari.
929 3620 1034 3687 Qui
1063 3621 1212 3678 enim
1241 3623 1508 3689 studium,
1535 3622 1772 3691 labores,
1815 3625 2048 3680 sudores

462 3712 522 3765 in
554 3712 770 3768 illorum
796 3716 1264 3786 regenerationem
1290 3716 1704 3785 et‘baptismum
1734 3718 2047 3773 contulera-

464 3820 610 3869 mus,
641 3820 750 3859 non
786 3807 914 3862 sine
956 3807 1174 3863 ratione
1212 3806 1459 3863 dolorem
1504 3806 1941 3863 insuﬂ‘erendum
1991 3817 2049 3864 et

462 3897 837 3981 calamitatem
887 3900 1197 3966 tulerimus,
1239 3909 1431 3971 partus
1457 3907 1681 3957 nostros
1730 3900 2048 3972 deperditos

462 4001 775 4048 cernentes.

534 4104 628 4162 25.
667 4106 849 4177 Atque
884 4108 1078 4163 eodem
1111 4109 1275 4164 modo
1314 4108 1382 4164 de
1415 4108 1523 4163 hoc
1557 4109 1697 4165 tristi
1740 4124 1867 4165 casu
1915 4123 2050 4164 con-

463 4196 761 4264 doluimus,
793 4214 903 4269 quo
959 4200 1157 4272 gaudio
1182 4200 1377 4272 majori
1408 4200 2047 4271 perfundebamur,,cum

465 4288 730 4345 liberatos
766 4290 1253 4362 eosde
1290 4306 1323 4344 ιι
1368 4298 1591 4346 vetusto
1622 4290 1925 4363 paganismi
1961 4307 2050 4346 er-

465 4396 596 4437 rore
639 4383 973 4438 videremus.

537 4496 630 4552 26.
671 4494 878 4552 Verum
932 4497 1055 4553 illos
1108 4497 1330 4567 quidem
1388 4497 1652 4567 lusimus,
1698 4507 1757 4554 et
1801 4498 2045 4572 lugemus

2220 4493 2343 4553 κςι.
2415 4483 2558 4540 Ἀλλ’
2608 4481 2852 4544 ἐκείνους
2918 4478 3019 4549 μὲν
3076 4472 3464 4549 ἐθρηνήσαμέν
3517 4485 3572 4521 τε
3622 4462 3694 4567 xxi

466 4589 680 4655 adhuc,
740 4605 921 4660 neque
989 4590 1306 4645 concessuri
1368 4604 1560 4645 sumus
1620 4588 1795 4645 oculis
1847 4590 2045 4646 nostris

2157 4579 2502 4653 θρηνοῦμεν,
2557 4577 2653 4632 καὶ
2707 4572 3085 4647 ἀνορθωθῆναι
3140 4572 3239 4624 τοῦ
3303 4572 3602 4660 πτώμαξνς,

468 4685 714 4757 requiem
763 4697 826 4742 ut
863 4701 894 4741 a
928 4686 1083 4757 lapsu
1124 4685 1231 4740 hoc
1259 4685 1382 4741 illos
1412 4685 1825 4751 resuscitemus,
1870 4700 2053 4755 neque

467 4779 744 4851 palpebris
765 4781 1177 4836 connictionem
1209 4780 1481 4846 dabimus,
1507 4779 1704 4843 donec,
1730 4778 1909 4849 quoad
1936 4778 2053 4834 fieri

470 4887 568 4942 per
593 4888 696 4927 nos
722 4873 946 4942 poterit,
965 4872 1086 4928 illos
1107 4873 1164 4927 in
1183 4871 1396 4928 Domini
1415 4870 1826 4928 tabernaculum
1852 4874 2053 4927 iterum

472 4964 921 5034 compulerimus.

540 5075 634 5132 27.
673 5077 924 5134 Novitios
952 5087 1134 5135 autem
1167 5077 1290 5134 illos
1328 5054 1624 5148 apostasia:
1664 5089 2055 5146 praecursores,

475 5169 800 5225 Antichristi
838 5170 1227 5233 administros.
1275 5170 1546 5226 mortibus
1604 5169 1794 5225 multis
1850 5168 2061 5239 dignis-

2152 3250 2325 3314 ἀκοάς
2349 3265 2363 3279 ’
2402 3248 2725 3319 ἐπλήγημεν
2749 3247 2841 3301 διά
2875 3247 3059 3319 μέσων
3105 3246 3217 3301 τῶν
3252 3245 3577 3316 σπλάγχνων
3605 3259 3699 3295 και-

2154 3343 2278 3416 ρίαν
2294 3342 2534 3414 πληγὴν,
2563 3342 2640 3406 ὡς
2665 3341 2721 3396 εῐ
2749 3357 2838 3406 τις
2857 3341 2926 3394 τά
2951 3339 3152 3409 ἔκγονα
3175 3342 3283 3411 τῆς
3313 3338 3525 3400 κοιλίας
3545 3333 3697 3399 αὐτοῦ,

2151 3435 2278 3490 καθ’
2306 3435 2623 3506 ὀφθαλμοὺς
2651 3432 2753 3488 ίδοι
2787 3432 2894 3488 ὑπὸ
2919 3431 3171 3504 ἑρπετῶν
3198 3433 3301 3486 καὶ⁸
3326 3430 3533 3501 θηρίων
3564 3443 3700 3497 παραυ

2156 3523 2472 3597 ρασσόμενά
2516 3541 2580 3578 τε
2614 3522 2712 3577 καὶ
2745 3521 3125 3595 διασπώμενα.
3160 3522 3278 3576 Καὶ
3310 3520 3423 3592 γὰρ
3446 3513 3526 3581 οἷς
3554 3517 3698 3577 κότωι,

2153 3618 2249 3672 καὶ
2277 3617 2457 3680 πόνοι,
2489 3615 2589 3670 καὶ
2616 3613 2870 3686 ἱδρῶτες,
2890 3615 2973 3678 είς
2994 3613 3099 3686 τήν
3127 3612 3362 3668 ἐκείνων
3386 3606 3700 3679 ἁναγέννησίν

2151 3726 2213 3764 τε
2245 3708 2343 3764 καὶ
2378 3707 2663 3762 τελείωσιν
2699 3704 3121 3778 κατεϐλήθησαν
3142 3722 3158 3737 ’
3215 3702 3501 3772 ἀναλόγως
3531 3699 3699 3761 αὐτοῖς,

2155 3803 2458 3873 συμπεσεῖν
2491 3801 2767 3871 ἀφόρητον
2815 3799 2919 3869 τὴν
2946 3796 3131 3868 λύπην
3161 3798 3262 3851 καὶ
3294 3795 3398 3867 τὴν
3427 3791 3697 3864 συμφορὰν,

2152 3895 2265 3949 τῶν
2297 3894 2659 3966 γεννημάτων
2689 3889 3221 3963 παραπολλυμένων,
3259 3886 3556 3957 ἐξεγένετο.

2224 4103 2329 4154 κε’.
2361 4096 2519 4150 Οὕτω
2549 4094 2659 4167 γὰρ
2695 4094 3085 4166 ἐθρηνήσαμεν
3119 4090 3212 4144 ἐπὶ
3248 4089 3331 4162 τῷ
3366 4080 3699 4153 συνενεχθένιι

2156 4191 2466 4265 παθήματι,
2499 4190 2625 4244 ὅσον
2647 4187 2824 4260 χαρᾶς
2877 4181 3308 4255 ἐπληρώθημεν,
3354 4179 3457 4248 τῆς
3503 4170 3699 4231 παλαιᾶς

2157 4286 2367 4356 πλάνης
2397 4281 2814 4352 ἀπαλλαγέντας
2834 4279 3023 4341 αὐτοῖς
3052 4275 3412 4346 θεασάμενοι.

3651 4570 3698 4605 ου

2153 4648 2399 4744 δῶσομεν
2450 4673 2567 4735 τοῖς
2617 4668 2919 4739 ὀφθαλμοῖς
2961 4664 3124 4737 ἡμῶν
3189 4661 3396 4727 ὕπνον,
3445 4655 3563 4747 οὑδὲᾲ
3609 4648 3697 4747 τοῖὲ

2157 4766 2450 4840 βλεφάροις
2487 4761 2825 4833 νυσταγμδν,
2875 4759 2983 4823 ἓως
3038 4757 3105 4811 ἂν
3160 4756 3365 4818 αὐτοὺς
3412 4752 3490 4813 εἰς
3521 4745 3578 4799 τὸ
3624 4745 3696 4792 τοῦ

2157 4862 2386 4933 Κυρίου,
2403 4860 2547 4913 κατὰ
2561 4854 2863 4927 τδιδυνατδν
2881 4854 3034 4925 ἡμῖν,
3059 4849 3431 4919 εἱσελάσωμεν
3453 4840 3699 4910 σκήνωμαο

2197 5062 2336 5128 .κζ⁹.
2376 5061 2517 5124 Τοὺς
2548 5058 2605 5112 δὲ
2652 5057 2809 5120 νέους
2863 5055 2965 5125 τῆς
2994 5052 3337 5115 ἀποστασίας
3374 5041 3696 5119 προδρόμουςι

2160 5159 2288 5220 τοὺς
2335 5151 2681 5226 θεραπευτὰς
2728 5149 2824 5205 τοῦ
2876 5146 3259 5219 ἀντικειμένου
3284 5186 3300 5212 ,
3360 5139 3483 5202 τοὺς
3523 5128 3700 5226 μυρίων

478 5261 672 5325 simos,
700 5275 1049 5317 communem
1078 5271 1310 5332 pestem,
1346 5262 1440 5333 qui
1471 5262 1726 5319 tenellam
1768 5212 1940 5316 illamo
1954 5275 2045 5315 nu-

2164 5251 2385 5320 ἐνόχους
2418 5247 2688 5310 θανάτων,
2724 5244 2851 5307 τοὺς
2902 5241 3121 5304 κοινοὺς
3152 5235 3455 5308 λυμεῶνας,
3493 5223 3615 5338 "#0:;
3651 5212 3700 5267 τδ

476 5369 579 5423 per
596 5350 1034 5423 compaginatam
1070 5313 1289 5424 grentem
1330 5313 1399 5409 ajd
1440 5355 1724 5425 pietatem,
1775 5361 1857 5408 tot
1894 5350 2045 5405 tanti:

2167 5313 2374 5399 ἁπαλὸν
2430 5342 2609 5395 ἐκεῖνο
2658 5338 2755 5392 καὶ
2796 5332 3158 5399 νεοσύστατον
3188 5333 3269 5395 είς
3303 5329 3402 5399 τὴν
3458 5313 3700 5425 acassam

478 5444 958 5505 dilacerationibus
990 5446 1426 5518 discerpserunt;
1457 5448 1612 5513 istos,
1654 5449 1900 5518 inquam,
1940 5460 2067 5516 per-

2168 5437 2343 5501 ἔθνος,
2381 5431 2659 5494 τοσούτοις
2707 5431 2805 5485 καὶ
2860 5426 3201 5499 τηλικούτοις
3252 5412 3577 5492 σπαραγμοῖς
3606 5405 3699 5501 δεῖξ’

480 5490 958 5505 ,..,..νν...-.ν...---
991 5490 1426 5518 ...υηηνυνηηη
1457 5490 1612 5513 ........,
1654 5490 1900 5518 ....,.......,
1940 5490 2030 5516 γε-

480 5538 619 5596 ﬁdos
645 5538 992 5607 deceptores,
1027 5546 1080 5594 et
1118 5536 1231 5593 Deo
1274 5538 1657 5610 belligerantes
1681 5537 1872 5595 divino
1900 5552 2045 5609 syno

2172 5490 2598 5599 σπαράξανταςο
2629 5490 2855 5584 τούτους
2904 5490 3035 5581 ⁴τοὺς
3066 5490 3390 5610 ἀπατεῶνας
3419 5504 3506 5562 καὶ
3532 5490 3698 5610 θερμᾷ

482 5633 608 5689 dico
655 5631 867 5689 calculo
924 5641 1169 5688 notatos
1212 5632 1702 5688 condemnavimus
1757 5651 1771 5687 :

1824 5578 2068 5687 noni-Ide
2171 5578 2583 5692 σύνοδικῇ
2619 5613 2718 5668 καὶ
2747 5578 2873 5683 θεία
2904 5578 3314 5679 κατεκρίναμεν
3347 5587 3604 5692 ψήφῳ·ᾐού
3621 5578 3696 5692 fw

485 5725 744 5800 praesenti
798 5724 1016 5780 illorum
1059 5726 1462 5789 abstentionem
1520 5726 1886 5781 decernentes
1911 5765 1926 5788 ,
1972 5738 2045 5778 εει

2173 5676 2358 5774 αὐτῶν
2385 5716 2485 5790 τὴν
2526 5676 2803 5784 ἀπόφασιν
2831 5676 3236 5779 καθορίζοντες,
3264 5700 3378 5756 ἀλλ’
3412 5697 3473 5749 ἐκ
3495 5676 3696 5800 simil-5:?

489 5793 586 5893 pcr
618 5817 966 5875 antehabitas
985 5820 1242 5893 synodos,
1283 5836 1377 5891 per
1404 5820 1539 5876 scita
1590 5826 1645 5875 et
1670 5818 1817 5891 leges
1848 5826 2039 5891 aposto

2182 5812 2439 5877 συνόδων,
2476 5810 2571 5866 καὶ
2595 5803 2972 5863 ἀποστολικῶν
3005 5799 3246 5873 θεσμῶν,
3272 5795 3371 5866 τὴν
3400 5793 3694 5860 προωρισμε’
