3930 6428
285 344 393 412 7:33

1451 352 1992 417 EPISTOLARUM
2032 356 2265 417 LIBER
2307 358 2356 418 Ῑ.

3457 365 3561 431 731

287 480 392 529 νην
445 461 633 525 αὐτοῖς
685 462 986 535 καταδίκην
1046 464 1519 532 ὑπεκψαίνοντες,
1589 468 1686 518 καὶ
1739 466 1874 519 πᾶσι

1985 466 2134 531 licas,
2165 469 2692 538 przedeterminatam
2717 470 2771 525 in
2805 471 2924 526 illos
2962 472 3471 530 condemnationem
3504 478 3557 529 in

286 556 582 619 ποιοῦντες
615 556 885 625 ἐπίδηλον.

365 654 477 717 κη’.
532 647 750 717 Πὲφυκε
779 648 902 718 ιγὰρ
936 648 997 701 τὸ
1029 649 1391 719 ἀνθρώπινον,
1419 650 1517 720 οὐχ
1572 650 1717 705 οὕτω
1758 654 1879 711 ταῖς

291 739 701 808 παρελθούσαις
767 740 1063 810 τιμωρίαις
1124 741 1560 810 ἁσφαλίζεσθαι,
1614 741 1691 805 ὠς
1758 745 1880 806 ταῖς

291 832 604 901 ὁρωμέναις
682 832 1151 903 σωφρονίζεσθαιο
1210 835 1303 886 καὶ
1359 835 1470 887 τῶν
1554 835 1880 905 φθασάντων

293 924 536 994 ὑπάρχει
565 923 875 992 βεῦαίωσις,
894 926 927 993 ἡ
954 925 1065 977 τῶν
1094 926 1466 995 ἐνεστηκότων
1499 926 1881 996 συμφώνησις.

293 1016 457 1069 Οὕτω
486 1015 553 1068 δι’
574 1016 602 1069 ὃ
627 1017 851 1079 τούτους
870 1017 1233 1086 ἐπιμένοντας
1262 1018 1444 1072 αὐτῶν
1462 1022 1527 1088 τῇ
1554 1017 1881 1088 πολυτρόπῳ

291 1106 497 1177 πλάνῃ,
514 1108 695 1177 πάσης
716 1109 915 1179 ἀγέλης
933 1110 1282 1181 Χριστιανῶν
1299 1112 1669 1181 ὲκκηρύττους
1691 1113 1880 1180 ἐποιη-

292 1200 515 1270 σάμεθα
541 1216 555 1230 ο
615 1200 711 1252 καὶ
762 1200 872 1271 γὰρ
910 1201 1002 1253 καὶ
1045 1204 1073 1255 ὁ
1110 1203 1219 1255 τῶν
1245 1202 1420 1270 ἁγίων
1451 1204 1764 1256 ἀποστόλων
1788 1204 1880 1256 τὲ-

288 1310 496 1364 ταρτος
528 1294 620 1347 καὶ
651 1292 944 1364 ἑξηκοστὸς
973 1294 1173 1357 κανὼν,
1206 1296 1336 1359 τοὺς
1372 1297 1428 1347 ὲν
1458 1299 1575 1358 τοῖς
1603 1296 1881 1350 Σάϐϐασιν

287 1387 552 1457 νηστείαν
600 1385 1064 1453 ἐπιτηδεύοντας,
1133 1378 1238 1439 ὧδέ
1300 1404 1419 1450 πως
1473 1388 1877 1459 ἀπορραπίζων

289 1493 370 1548 φη
380 1493 481 1530 σιν.

365 1657 469 1711 κθν.
499 1657 571 1710 Et
619 1674 713 1724 τις
751 1658 1043 1726 κληρικὸς
1091 1659 1361 1727 εὑρεθείη
1416 1660 1533 1729 τὴν
1575 1662 1882 1729 Κυριακὴν

1980 560 2195 630 vulgus,
2230 569 2289 613 ut
2322 562 2576 616 omnibus
2610 563 2682 615 ita
2714 563 3039 627 innotescat,
3088 566 3451 634 proferentes.

2050 649 2141 702 28.
2186 649 2257 704 Ita
2280 652 2425 705 enim
2448 661 2642 705 natura
2665 664 3052 722 comparantur
3068 654 3340 719 homines,
3370 666 3426 709 ut
3451 671 3558 708 non

1982 752 2192 795 tantum
2224 743 2511 811 praeteritis
2559 744 2839 813 suppliciis
2880 746 3009 798 sarti
3062 747 3190 800 tecti
3218 757 3560 808 remaneant,

1982 844 2243 904 quantum
2282 836 2646 905 praesentibus
2678 846 2735 891 et
2760 836 2813 889 in
2846 838 3033 891 oculos
3066 838 3477 891 incurrentibus
3505 838 3562 890 in

1983 929 2176 983 ordine
2202 929 2615 994 contineantur;
2638 927 2767 981 dum
2802 944 2923 982 cum
2953 929 3241 997 praeteritis
3268 929 3562 997 praesentia

1983 1018 2323 1088 conspirant,
2359 1017 2445 1071 illa
2479 1034 2576 1087 per
2614 1017 2804 1071 istluec
2826 1018 3041 1071 roboris
3084 1018 3361 1086 accipiunt
3397 1017 3567 1071 lirmio

1984 1119 2173 1164 tatem.
2205 1111 2285 1163 Ad
2316 1110 2462 1164 hunc
2487 1110 2707 1163 modum
2745 1126 2842 1177 per
2864 1109 2914 1163 id
2938 1109 3079 1178 quod
3117 1109 3284 1163 hosce
3312 1110 3565 1163 homines

1981 1203 2271 1271 multiplici
2322 1218 2422 1257 suo
2470 1203 2641 1256 errori
2706 1202 3112 1263 immanentes,
3183 1202 3251 1255 ab
3309 1202 3566 1254 universo

1982 1309 2143 1365 grege
2174 1295 2605 1349 Christianorum
2638 1295 2861 1363 publico
2887 1294 3163 1363 praeconio
3186 1294 3435 1348 exclusos
3466 1293 3566 1346 de-

1981 1385 2414 1440 nuntiavimus:
2474 1384 2847 1454 sexagesimus
2896 1385 3041 1439 enim
3094 1395 3321 1453 quartus
3384 1399 3558 1437 canon

1981 1479 2333 1549 apostolicus,
2365 1493 2459 1533 eos
2486 1477 2578 1547 qui
2618 1478 2914 1531 intendunt
2952 1477 3166 1548 jejunio
3209 1476 3454 1541 Sabbati,
3496 1474 3563 1528 ad

1982 1570 2131 1625 hunc
2159 1571 2379 1625 modum
2412 1572 2743 1640 percutiens,
2772 1570 2983 1639 inquit:

2052 1665 2143 1719 29.
2184 1662 2244 1717 Si
2275 1664 2391 1733 quis
2436 1662 2652 1715 clericus
2694 1663 2997 1715 inveniatur
3034 1661 3175 1714 diem
3231 1660 3564 1714 Dominicam

284 1749 525 1819 ἡμέραν
578 1753 932 1818 νηστεύων,
972 1751 1012 1819 ἢ
1069 1750 1136 1804 τὸ
1170 1750 1496 1819 Σὰϐὅατον,
1550 1756 1719 1822 πλὴν
1773 1754 1877 1809 τοῦ

1985 1758 2248 1828 jejunare,
2280 1757 2359 1811 vel
2392 1757 2553 1809 etiam
2578 1754 2899 1819 Sabbatum,
2937 1763 3147 1820 excepto
3188 1770 3292 1807 uno
3335 1752 3564 1805 Sabbato

285 1845 432 1909 ἐνὸς
447 1844 664 1910 μόνου,
694 1846 1126 1913 καθαιρείσθω·
1158 1847 1209 1899 εί
1249 1844 1318 1897 δὲ
1342 1844 1558 1911 lambe
1583 1846 1697 1913 εἴη,
1732 1847 1877 1916 ἀφο-

1985 1852 2114 1916 solo,
2153 1850 2478 1919 deponatur;
2520 1849 2602 1900 sin
2635 1848 2802 1900 laicus
2842 1847 3023 1915 fuerit,
3057 1856 3333 1914 separetur
3362 1862 3393 1897 a
3423 1861 3565 1897 com-

285 1936 568 2004 ριζέσθω.
612 1938 719 1990 Ναὶ
748 1936 811 2005 δὴ
849 1937 944 1991 καὶ
972 1939 1000 1990 ὁ
1030 1937 1129 2008 τῆς
1152 1937 1314 2005 ἁγίας
1348 1938 1443 1990 καὶ
1492 1938 1878 2008 οίκουμενικῆς

286 2029 462 2097 ἕκτης
493 2028 718 2081 συνόδου
744 2028 997 2099 πέμπτος
1020 2030 1115 2082 καὶ
1141 2029 1510 2099 πεντηκοστὸς
1535 2030 1718 2084 κανὼν
1736 2031 1879 2084 οὕτω

282 2136 409 2181 πως
432 2121 867 2189 ἀποφαινόμενος
891 2136 905 2148 ·

360 2207 428 2263 λ’.
472 2208 709 2274 Ἐπειδὴ
745 2208 1182 2278 μεμαθήκαμεν
1200 2209 1345 2275 τοὺς
1373 2209 1444 2263 ἐν
1473 2209 1549 2278 τῇ
1580 2210 1874 2279 Ῥωμαίων

282 2299 487 2362 πόλει,
525 2297 595 2350 ἐν
630 2297 762 2363 ταῖς
811 2298 1009 2366 ἁγίαις
1063 2297 1172 2364 τῆς
1222 2299 1727 2367 τεσσαρακοστῆς
1772 2318 1878 2366 νη-

283 2391 542 2456 στείαις,
583 2390 710 2456 τοῖς
747 2391 968 2458 ταύτης
1006 2392 1273 2445 Σάϐϐασι
1334 2392 1676 2458 νηστεύειν,
1717 2393 1877 2458 παρὰ

284 2482 409 2549 τὴν
446 2482 895 2550 παραδοθεῖσαν
924 2482 1448 2551 ἐκκλησιαστικὴν
1484 2482 1876 2543 ἀκολουθίαν,

282 2576 463 2640 ἔδοξε
508 2573 585 2643 τῇ
634 2575 775 2643 ἁγίᾳ
818 2574 1088 2638 συνόδῳ,
1137 2573 1297 2628 ὥστε
1333 2574 1573 2644 κρατεῖν
1622 2574 1720 2627 καί
1779 2573 1879 2626 ἐπὶ

283 2668 406 2736 τὴν
443 2667 744 2737 Ῥωμαίων
786 2668 1178 2735 Ἐκκλησίαν,
1210 2668 1746 2736 ἁπαρασαλεύτως,
1773 2665 1881 2718 τὸν

282 2762 517 2815 κανόνα
549 2759 657 2813 τὸν
694 2759 963 2830 λέγοντα,
1012 2778 1028 2811 ι
1068 2759 1140 2813 Εἴ
1173 2777 1264 2825 τις
1319 2760 1607 2827 κληρικὸς
1652 2756 1877 2827 εὑρεθῇ

292 2851 374 2922 τῇ
432 2854 573 2923 ἁγίᾳ
631 2851 898 2921 Κυριακῇ
943 2853 1279 2919 νηστεύων,
1336 2852 1376 2921 ἢ
1428 2851 1496 2905 τὸ
1549 2851 1875 2915 Σάϐϐατον,

283 2944 457 3012 πλὴν
504 2943 611 2999 τοῦ
665 2944 806 3010 ἑνὸς
856 2944 956 2997 καὶ
990 2944 1205 3013 μόνου,
1239 2942 1644 3013 καθαιρέσθω·
1698 2947 1751 2998 ει
1811 2942 1880 2997 δὲ

278 3037 497 3104 λατκὸς
518 3038 634 3103 εἴη,
674 3036 1062 3105 ἁφοριζέσθω.
1112 3055 1132 3087 ι

1982 1943 2248 1997 munione.
2283 1940 2387 1993 Sed
2445 1948 2501 1993 et
2542 1948 2746 1992 sancta:
2788 1938 3113 1991 universalis
3158 1945 3327 1990 sextae
3374 1934 3561 2005 synodi

1981 2050 2159 2089 canon
2191 2032 2416 2103 quintus
2452 2040 2507 2083 et
2532 2031 3018 2101 quinquagesimus
3051 2029 3119 2083 ad
3162 2030 3307 2082 hunc
3339 2028 3564 2081 modum

1981 2130 2168 2185 sciseit
2200 2147 2214 2183 :

2052 2224 2142 2277 50.
2185 2222 2263 2276 Eo
2289 2223 2426 2293 quod
2451 2220 2680 2291 pervenit
2706 2218 2774 2270 ad
2798 2217 3041 2269 notitiam
3069 2223 3323 2275 nostram,
3350 2228 3436 2265 eos
3475 2211 3565 2281 qui

1979 2317 2203 2370 Romam
2253 2315 2485 2369 incolunt
2536 2314 2589 2366 in
2638 2312 2835 2365 sanctis
2875 2308 3309 2377 Quadragesimte
3341 2306 3566 2374 jejuniis

1980 2408 2284 2461 earumdem
2317 2405 2563 2460 Sabbatis
2598 2403 2871 2472 jejunare,
2911 2410 3097 2453 contra
3131 2398 3565 2452 consuetudinem

1981 2510 2030 2553 et
2078 2500 2417 2552 traditionem
2454 2496 2890 2557 ecclesiasticam,
2942 2494 3111 2547 visum
3158 2500 3236 2543 est
3278 2504 3446 2543 sacra:
3480 2505 3569 2557 sy-

1982 2592 2138 2656 nodo,
2185 2591 2429 2643 utetiam
2476 2599 2523 2641 et
2563 2604 2655 2657 per
2701 2586 2996 2639 Romanam
3041 2583 3336 2637 Ecclesium
3382 2582 3564 2633 incon-

1982 2700 2162 2736 cussus
2205 2684 2437 2735 obtineat
2478 2680 2568 2733 ille
2619 2696 2790 2732 canon
2840 2678 2928 2748 qui
2977 2678 3104 2729 ait:
3146 2695 3164 2727 ι
3203 2674 3259 2729 Si
3312 2675 3428 2744 quis
3463 2672 3568 2725 cle-

1982 2774 2121 2825 ricus
2160 2772 2461 2825 inveniatur
2487 2772 2540 2822 in
2562 2779 2745 2822 sancto
2774 2768 3047 2821 Dominico
3080 2767 3163 2819 die
3186 2766 3458 2835 jejunarc.
3488 2762 3570 2818 vel

1980 2866 2037 2917 in
2088 2862 2338 2927 Sabbato,
2370 2872 2583 2930 excepto
2626 2877 2750 2918 uno,
2800 2871 2848 2911 et
2906 2859 3049 2921 solo,
3104 2859 3431 2926 deponatur,
3484 2855 3572 2909 sin

1982 2966 2160 3009 autem
2185 2955 2370 3019 laicus,
2400 2964 2677 3019 separetur
2712 2971 2743 3005 a
2777 2952 3161 3004 communione.
3194 2970 3210 3001 ι

355 3126 461 3181 λα’.
519 3128 683 3181 Ἀλλά
713 3144 777 3194 γε
824 3126 891 3198 δὴ
948 3127 1044 3179 καὶ⁹
1078 3127 1108 3178 ὁ
1134 3128 1236 3196 τῆς
1264 3126 1323 3177 ὲν
1372 3126 1600 3195 Γάγγρᾳ
1632 3124 1874 3187 συνόδου,

2052 3134 2141 3187 5i.
2185 3132 2293 3187 Sed
2345 3142 2400 3187 et
2446 3144 2672 3201 quartus
2717 3133 2933 3186 concilii
2964 3130 3294 3201 Gangrcnsis
3353 3144 3566 3190 canon,

279 3219 543 3290 περὶτῶν
570 3221 665 3273 τὸν
686 3221 865 3290 γάμον
893 3218 1366 3289 βδελυσσομένων,
1412 3219 1594 3272 κανὼν
1621 3218 1878 3289 τέταρτος

279 3310 463 3365 ταῦτα
495 3328 684 3382 φησιν*
728 3312 799 3365 El
827 3329 918 3377 τις
955 3311 1321 3380 διακρίνοιτο
1360 3312 1521 3379 παρά
1551 3308 1875 3379 πρεσϐυτέ-

272 3424 399 3475 ρου
474 3407 906 3475 γεγαμηκότος,
967 3406 1050 3472 ὡς
1088 3405 1175 3475 μὴ
1233 3403 1476 3475 χρῆναι,
1531 3403 1879 3474 λειτουργή-

278 3513 517 3563 σαντος
548 3498 760 3562 αὐτοῦ,
796 3499 1150 3568 προσφορὰς
1189 3498 1689 3567 μεταλαμϐάνειν,
1728 3497 1876 3552 ἀνά-

278 3595 437 3660 θεμα
473 3590 691 3651 ἔσται
748 3590 1023 3653 Ὡσαύτως
1062 3591 1118 3643 δὲ
1168 3591 1351 3660 ψῆφον
1393 3590 1676 3659 ὁμόφωνον
1721 3590 1880 3660 φέρει

277 3685 411 3737 κατ’
445 3682 647 3744 αὐτῶν,
701 3684 795 3736 καὶ
844 3684 878 3753 ἡ
934 3684 1067 3754 ἓκτη
1105 3683 1345 3747 σύνοδος,
1386 3682 1575 3735 τοῦτον
1634 3682 1881 3753 ἀναγρά-

279 3791 468 3843 φουσα
498 3774 590 3826 τὸν
621 3774 823 3844 τρόπον
849 3791 865 3805 ⁸
908 3773 1149 3841 Ἐπειδὴ
1179 3774 1250 3827 ἐν
1292 3772 1367 3842 τῇ
1418 3774 1711 3843 Ῥωμαίων
1751 3772 1878 3827 Ἐκ-

278 3867 540 3934 κλησία,
573 3867 643 3920 ἐν
672 3866 837 3931 τάξει
869 3868 1130 3933 κανόνος
1156 3866 1607 3935 παραδεδόσθαι
1637 3866 1880 3934 διέγνω-

270 3978 421 4032 μεν,
469 3961 611 4028 τοὺς
651 3962 998 4031 μέλλοντας
1035 3963 1343 4025 διακόνου,
1376 3963 1414 4030 ἢ
1464 3962 1878 4031 πρεσϐυτέρου

277 4054 610 4118 ἀξιοῦσθαι
635 4055 1029 4124 χειροτονίας,
1072 4056 1530 4124 καθομολογεῖν,
1563 4057 1644 4116 ὠς
1674 4055 1876 4109 οὐκέτι

275 4146 417 4214 ταῖς
451 4147 650 4202 αὐτῶν
703 4148 1117 4202 συνάπτονται
1180 4148 1498 4218 γαμεταῖς·
1566 4149 1740 4218 ἡμεῖς
1796 4148 1878 4214 τῷ

278 4240 515 4309 ἀρχαίῳ
566 4240 1123 4307 ἐξακολουθοῦντες
1169 4242 1382 4295 κανόνι
1408 4284 1424 4307 ,
1465 4240 1578 4311 τῆς
1616 4242 1879 4295 ἀποστο-

278 4329 467 4396 λικῆς
486 4330 794 4398 ἀκριϐείας
816 4330 915 4383 καὶ
938 4330 1182 4397 τάξεως,
1214 4334 1286 4385 τὰ
1308 4331 1431 4385 τῶν
1451 4331 1626 4400 ἱερῶν
1638 4331 1878 4399 ἀνδρῶν

280 4424 438 4476 κατὰ
458 4424 686 4491 νόμους
716 4424 1098 4490 συνοικέσια,
1125 4425 1221 4478 καί
1254 4425 1376 4478 ἀπὸ
1402 4425 1509 4478 τοῦ
1539 4425 1659 4479 νῦν
1695 4422 1873 4492 έρρῶ-

282 4517 429 4567 σθαι
490 4514 877 4584 ,βουλόμεθα’
941 4516 1227 4585 μηδαμῶς
1306 4515 1508 4570 αὐτῶν
1552 4516 1669 4584 τὴν
1725 4516 1876 4583 πρὸς
1910 4508 1954 4562 Π

283 4606 550 4676 γαμετὰς
570 4605 915 4675 συνάφειαν
930 4607 1305 4675 διαλύοντες,
1332 4608 1371 4675 ἢ
1393 4607 1878 4675 ἀποστεροῦντες

282 4698 510 4764 αὐτοὺς
566 4698 679 4766 τῆς
717 4699 868 4767 πρὸς
906 4699 1247 4766 ἀλλήλους,
1295 4700 1449 4753 κατὰ
1501 4703 1714 4767 καιρὸν
1771 4699 1879 4752 τὸν

284 4792 699 4858 προσήκοντα.
736 4794 995 4861 ὁμιλίας.
1024 4794 1203 4847 Ὥστε
1228 4793 1284 4846 εἴ
1312 4810 1403 4859 τις
1454 4792 1625 4858 ἄξιος
1661 4788 1875 4859 εὑρεθῇ

286 4884 443 4952 πρὸς
526 4886 907 4955 χειροτονίαν
974 4886 1265 4941 διακόνου
1322 4884 1362 4954 ἢ
1427 4885 1874 4945 ὑποδιακόνου,

286 4973 475 5042 οὗτος
493 4975 784 5045 μηδαμῶς
817 4977 1140 5031 κωλυέσθω
1178 4976 1276 5030 ἐπὶ
1302 4977 1413 5030 τὸν
1440 4977 1717 5031 τοιοῦτον
1734 4976 1878 5041 ﬁat)-

274 5071 404 5141 μὸν
462 5067 910 5139 ἐμϐιϐάζεσθαι,
962 5067 1190 5137 γαμετῇ
1255 5067 1561 5122 συνοικῶν
1612 5068 1874 5136 νομίμῳο

276 5162 441 5234 μήτε
456 5163 585 5234 μὴν
612 5164 682 5215 ἐν
710 5161 791 5226 τῷ
822 5161 933 5227 τῆς
964 5161 1342 5230 χειροτονίας
1373 5159 1559 5228 καιρῷ
1605 5160 1876 5214 ἀπαιτεί-

279 5257 412 5307 σθω
455 5252 793 5322 ὁμολογεῖν,
847 5251 927 5317 ὡς
968 5251 1387 5319 ἀποστήσεται
1430 5249 1543 5319 τῆς
1594 5252 1873 5320 νομίμου,

280 5345 436 5414 πρὸς
486 5346 605 5413 τὴν
649 5346 879 5399 οἰκείαν
935 5343 1237 5412 γαμετὴν,
1298 5344 1558 5412 όμιλίας.
1615 5343 1741 5397 Ἵνα
1786 5342 1873 5411 μὴ

278 5438 591 5502 ἐντεῦθεν,
616 5438 725 5491 τὸν
758 5439 827 5491 ἐκ
869 5437 1018 5491 Θεοῦ
1054 5435 1522 5505 νομοθετεθέντα
1560 5435 1657 5489 καὶ
1696 5437 1873 5489 εὐλο-

282 5530 544 5601 γηθέντα
573 5528 647 5598 τῇ
677 5530 867 5584 αὑτοῦ
910 5529 1216 5596 παρουσίᾳ
1244 5529 1459 5598 γάμον,
1500 5526 1875 5595 καθυϐρίζειν

279 5623 716 5690 ἐκϐιασθὼμεν,
754 5621 866 5688 τῆς
907 5621 1015 5675 τοῦ
1045 5620 1421 5690 Εὑαγγελίου
1467 5618 1673 5689 φωνῆς
1707 5620 1873 5671 ἐκϐοο

282 5716 478 5781 ὡσης,
522 5734 541 5767 t
581 5715 698 5780 Οὓς
728 5719 761 5769 ό
793 5714 937 5779 Θεὸς
986 5712 1247 5779 ἔζευξεν,
1298 5713 1613 5781 ἄνθρωπος
1638 5711 1725 5779 μὴ
1758 5730 1872 5780 χω-

279 5809 528 5879 ριζέτω·
579 5829 597 5861 ι
674 5808 773 5863 καί
831 5806 939 5862 τοῦ
1008 5807 1379 5862 Ἀποστόλου
1447 5806 1866 5869 διδάσκοντος,

1983 3237 2173 3281 contra
2208 3227 2430 3296 nuptias
2459 3226 2841 3280 abominantes
2874 3226 2949 3279 ait
2978 3245 2990 3278 :
3028 3224 3088 3279 Si
3127 3225 3243 3290 quis
3282 3224 3567 3292 presbyter,

1981 3318 2069 3388 qui
2101 3333 2314 3369 uxorem
2350 3317 2521 3379 duxit,
2556 3317 2821 3368 discernat
2863 3315 3017 3385 quasi
3067 3330 3169 3367 non
3213 3322 3472 3382 oporteat,
3510 3330 3569 3366 eo

1980 3426 2133 3464 sacra
2179 3408 2470 3462 celebrante
2521 3408 2775 3462 oblationi
2825 3406 3251 3467 communicare,
3307 3405 3375 3457 sit
3430 3420 3572 3456 ana-

1983 3505 2178 3558 thema.
2208 3502 2486 3556 Adversus
2526 3517 2663 3571 quos
2702 3500 3032 3555 sententiam
3074 3498 3310 3552 similem
3350 3497 3573 3565 praefert

1980 3605 2037 3650 et
2094 3604 2245 3650 sexta
2301 3593 2577 3664 synodus,
2633 3594 2699 3648 ad
2772 3594 2921 3647 hunc
2988 3592 3209 3647 modum
3277 3591 3569 3644 scribens:

1982 3685 2418 3755 Quandoquidem
2466 3686 2524 3737 in
2560 3683 2801 3737 Romana
2845 3684 3083 3737 Ecclesia
3143 3683 3362 3735 canonis
3407 3684 3573 3734 vicem

1983 3779 2215 3832 obtinere
2243 3778 2499 3842 novimus,
2538 3786 2593 3830 ut
2642 3779 2731 3847 qui
2758 3778 2829 3830 ad
2865 3777 3208 3830 diaconatum
3253 3774 3330 3828 vel
3360 3776 3573 3845 presby-

1983 3880 2212 3925 teratum
2240 3870 2577 3935 promovendi
2620 3879 2762 3935 sunt,
2816 3871 3191 3939 professionem
3245 3866 3467 3935 faciant,
3517 3882 3573 3919 se

1982 3980 2083 4017 non
2134 3964 2363 4031 amplius
2396 3964 2823 4015 consuetudinem
2874 3977 3099 4015 uxorum
3144 3976 3365 4013 suarum
3420 3959 3573 4011 habi-

1982 4067 2153 4119 turos;
2186 4071 2276 4108 nos
2299 4055 2576 4124 antiquunt
2606 4069 2861 4106 canonem
2908 4053 3211 4122 apostolica:
3241 4050 3575 4121 perfectionis

1980 4148 2280 4216 ordinisque
2309 4147 2659 4209 observantes,
2690 4161 2873 4197 eorum
2908 4145 2997 4209 qui
3030 4154 3150 4197 sunt
3192 4147 3247 4196 in
3289 4144 3456 4197 sacris
3486 4158 3574 4195 or—

1980 4240 2189 4293 dinibus
2212 4240 2502 4303 constituti,
2537 4238 2784 4307 conjugia
2810 4238 3071 4302 deinceps,
3099 4237 3162 4289 ab
3192 4239 3287 4290 hoc
3323 4236 3573 4303 temporis

1979 4343 2260 4395 momento,
2303 4332 2461 4401 ﬁrma
2500 4342 2547 4385 et
2591 4332 2803 4385 stabilia
2864 4347 2975 4385 esse
3042 4329 3301 4393 volumus,
3376 4343 3577 4396 nequa-

1981 4445 2139 4498 quam
2172 4444 2353 4480 eorum
2394 4443 2507 4479 cum
2542 4427 2792 4479 uxoribus
2831 4427 2939 4479 suis
2968 4426 3212 4492 copulam
3261 4423 3573 4481 dissuentes,

1984 4520 2064 4574 vel
2115 4537 2199 4573 eos
2248 4528 2433 4571 mutua
2479 4519 2851 4571 consuetudine
2906 4518 3214 4587 opportunis
3253 4512 3577 4581 temporibus

1986 4613 2281 4679 privantes.
2319 4608 2668 4674 Quamobrem
2703 4610 2747 4662 si
2769 4611 2885 4680 quis
2913 4611 3103 4679 dignus
3128 4610 3367 4661 inventus
3392 4606 3573 4674 fuerit,

1985 4704 2075 4773 qui
2105 4702 2515 4772 hypodiaconus,
2544 4701 2825 4762 diaconus,
2858 4702 3134 4769 presbyter
3167 4698 3460 4752 ordinetur.
3492 4698 3577 4749 hic

1983 4792 2054 4845 ad
2084 4791 2242 4844 talem
2277 4792 2502 4860 gradum
2535 4790 2735 4843 assumi
2772 4805 3106 4859 nequaquam
3140 4786 3497 4856 prohibeatur,
3531 4785 3577 4838 si

1983 4902 2102 4938 cum
2127 4900 2225 4937 sua
2270 4882 2506 4952 legitima
2557 4897 2720 4934 uxore
2766 4879 3046 4932 cohabitet.
3080 4877 3181 4931 Sed
3231 4892 3322 4929 nec
3358 4877 3579 4928 ordina-

1984 4977 2141 5029 tionis
2180 4986 2433 5043 tempore,
2467 4974 2530 5027 ab
2576 4973 2670 5026 illo
2702 4974 2947 5042 exigatur
2976 4971 3249 5041 professio,
3292 4986 3347 5021 se
3384 4987 3415 5021 a
3448 4969 3576 5039 legi-

1982 5065 2111 5116 tima
2145 5079 2262 5115 cum
2300 5078 2462 5114 uxore
2504 5078 2601 5114 sua
2645 5061 3023 5114 consuetudine
3059 5062 3268 5129 penitus
3310 5058 3580 5112 abstentu-

1983 5174 2099 5209 rum
2126 5172 2143 5209 :
2172 5154 2253 5209 Ne
2281 5171 2373 5222 per
2414 5153 2550 5206 illud
2598 5154 2835 5221 nuptias,
2869 5169 2902 5205 a
2941 5152 3047 5205 Deo
3078 5152 3373 5214 institutas,
3404 5159 3453 5204 et
3480 5167 3580 5203 sua

1980 5254 2264 5325 pra’senlia
2313 5253 2618 5305 honestatus
2668 5249 2989 5302 contumelia
3036 5248 3241 5317 afﬁcere
3283 5246 3576 5297 rideamur-

1978 5345 2297 5415 Evangelica
2320 5361 2437 5398 voce
2464 5345 2665 5397 dicente
2690 5356 2707 5394 :
2736 5360 2756 5393 ι
2781 5341 2911 5406 Qua:
2937 5342 3073 5395 Deus
3100 5340 3388 5405 conjunxit,
3421 5339 3573 5390 homo

1980 5452 2041 5488 ne
2071 5442 2338 5502 separetp
2373 5442 2421 5485 et
2457 5432 2707 5501 Apostolo
2725 5433 2980 5484 docente:
3012 5449 3029 5480 ι
3061 5430 3410 5483 Honorabiles
3464 5444 3575 5480 esse

1978 5527 2211 5593 nuptias,
2249 5535 2296 5579 et
2343 5534 2514 5578 torum
2559 5525 3000 5586 immaculatum;
3030 5542 3048 5573 ι
3080 5535 3150 5589 et,
3185 5542 3205 5573 ι
3229 5522 3491 5591 Alligatus
3518 5538 3576 5577 es

1978 5620 2165 5672 uxori?
2196 5618 2303 5672 noli
2358 5634 2591 5688 quaerere
2638 5617 3058 5671 dissolutionem.
3090 5636 3107 5667 ι
3158 5618 3217 5671 Si
3256 5617 3371 5685 quis
3407 5616 3573 5685 igitur

1976 5721 2160 5766 contra
2191 5728 2415 5765 canones
2438 5709 2751 5778 apostolicos
2782 5709 3082 5761 incitaverit
3126 5708 3355 5777 aliquem
3384 5724 3568 5761 eorum

1976 5804 2066 5873 qui
2095 5812 2215 5857 sunt
2255 5804 2309 5856 in
2335 5802 2525 5866 sacris,
2556 5800 2979 5871 presbyterorum
3012 5800 3285 5863 nimirum,
3326 5799 3407 5853 vel
3444 5800 3564 5851 dia-
