3930 6488
449 377 556 439 735
1584 380 1849 441 PHOTII
1886 377 2391 441 PATRIARCII/E
2429 378 2518 436 ΕΡ
3586 383 3674 446 ῗ36

448 509 736 559 tonorum,
785 494 867 548 vel
914 494 1438 564 hypodiaconorum,
1493 498 1860 567 conjunctione
1915 513 2038 552 cum

2148 515 2165 547 ι
2228 495 2430 563 Timor
2487 495 2594 545 τὸν
2637 493 2828 562 γάμον
2858 491 2926 545 ἐν
2974 488 3146 552 πᾶσι,
3191 489 3288 543 καί
3327 489 3446 556 Τὴν
3488 495 3677 561 κοίτην

445 585 685 656 iegitima
755 601 856 638 sua
923 603 1086 639 uxore
1162 589 1407 656 privari,
1461 589 1757 659 deponatur
1821 591 2035 644 :lsimi—

2148 585 2458 654 ἀμίαντον,
2481 583 2601 648 καὶ,
2624 583 2867 636 Δέδεσαι
2893 577 3133 649 γυναικί
3149 593 3168 641 ;
3179 577 3262 646 μὴ
3282 577 3440 645 ζήτει
3455 578 3674 637 λύσιν.»

449 677 588 742 liter,
631 686 678 730 et
709 677 754 730 si
793 675 907 739 quis
925 676 1217 745 presbyter,
1245 678 1328 731 vel
1351 679 1605 732 diaconus
1637 695 1791 732 suam
1820 695 2036 732 uxorem

2148 677 2217 732 EI
2241 695 2333 743 τις
2369 671 2486 732 οὖν
2518 675 2830 744 τολμήσει,
2888 673 3048 742 παρὰ
3081 669 3224 736 τοὺς
3268 669 3681 741 ἀποστολικοὺς

449 769 544 821 sub
584 770 797 835 pietatis
819 779 911 822 aut
945 769 1216 839 religionis
1237 780 1495 838 praetextu
1534 768 1768 838 ejecerit,
1804 784 2038 840 segrege-

2148 772 2410 836 κανόνας
2441 770 2817 837 κινούμενος,
2840 765 2975 818 τινὰ
3008 763 3126 816 τῶν
3153 761 3498 831 ἱερωμένων,
3525 779 3683 832 areo.

452 871 572 925 tur;
594 871 642 914 et
669 863 714 914 si
741 871 1057 928 perseverat,
1085 863 1399 930 deponatur.

2149 863 2416 930 ϐύτερον,
2482 859 2702 930 φαμὲν,
2763 858 2802 925 ἢ
2859 855 3162 917 διάκονον,
3199 853 3237 922 ἢ
3275 853 3682 923 ὐποδιάκονον,

450 954 811 1022 ἀποστερεῖν
837 954 950 1023 τῆς
978 955 1131 1023 πρὸς
1182 956 1298 1023 τὴν
1334 957 1590 1025 νόμιμον
1629 952 1888 1024 γυναῖκα
1923 957 2262 1023 συναφείας
2311 972 2377 1009 τε
2418 954 2519 1008 καὶ
2577 951 2913 1017 κοινωνίας,
2939 949 3351 1017 καθαιρείσθω
3408 948 3682 1017 ὡσαύτως,

451 1044 549 1096 καί
600 1045 656 1098 εἴ
686 1063 776 1111 τις
827 1049 1234 1116 πρεσϐύτερος
1277 1047 1315 1116 ἣ
1358 1047 1641 1114 διάκονος
1687 1048 1805 1117 τὴν
1849 1046 2038 1102 αὑτοῦ
2072 1047 2353 1118 γυναῖκα,
2405 1046 2705 1117 προφάσει
2746 1046 3083 1111 εὐλαϐείας,
3144 1040 3450 1103 ἐκϐάλλει,
3509 1042 3687 1110 ἀφορι-

451 1136 638 1196 ζέσθω
655 1152 669 1164 ·
704 1137 1003 1206 ἐπιμένων
1032 1138 1122 1201 δὲ,
1144 1138 1561 1205 καθαιρείσθω.
1951 1163 1954 1166 ⁴

521 1229 612 1283 32.
672 1228 870 1282 Verum
928 1229 1210 1284 enimvero
1273 1231 1460 1299 prima!
1521 1229 1879 1286 hebdomadis
1941 1245 2041 1300 per

457 1337 551 1375 eos
603 1321 826 1375 inducta
865 1321 1172 1387 dissolutio,
1206 1323 1284 1377 uti
1322 1331 1378 1376 et
1435 1323 1832 1393 baptizatorum
1876 1331 2041 1391 atque

454 1413 577 1466 oleo
609 1413 962 1467 iuunctorum
989 1413 1258 1477 reunctio,
1298 1430 1408 1468 non
1447 1430 1585 1484 opus
1616 1414 1820 1468 habent
1853 1421 1914 1467 ut
1945 1427 2042 1482 per

453 1517 692 1557 canones
726 1504 984 1558 recitatos
1015 1505 1350 1558 damnationi
1375 1504 1768 1574 subjiciantur:
1799 1519 1928 1558 nam
1956 1503 2042 1558 vel

453 1594 798 1648 solummodo
839 1596 1172 1651 mentionem
1213 1613 1421 1660 .eorum
1475 1598 1693 1664 iecisse,
1744 1597 2040 1669 impietatis

460 1687 839 1754 cujuscunque
872 1687 1224 1742 eminentiam
1256 1691 1684 1761 supergreditur.

525 1782 615 1835 53.
657 1780 762 1836 Sed
803 1790 860 1836 et
898 1782 987 1836 illa
1032 1783 1084 1836 in
1124 1782 1387 1852 Spiritum
1434 1794 1703 1849 sanctum,
1737 1783 1824 1839 vel
1871 1792 2038 1840 totam
2071 1810 2116 1869 Β

451 1872 638 1942 potius
680 1883 1078 1928 sacrosanctam
1115 1873 1460 1939 Trinitatem,
1507 1875 1866 1946 blasphemia,
1914 1877 2041 1930 nul-

454 1964 562 2018 lam
579 1980 609 2018 a
638 1981 694 2018 se
713 1965 1006 2019 secundam
1029 1965 1258 2026 habens,
1278 1965 1324 2020 si
1343 1977 1537 2020 caetera
1563 1965 1742 2020 omnia
1761 1967 2037 2034 abessent,

450 2057 730 2111 suliiceret
757 2056 824 2111 ad
853 2057 998 2111 mille
1033 2057 1504 2112 anathematismis
1538 2073 1633 2113 eos
1655 2058 1947 2114 feriendos.

525 2228 615 2283 54.
659 2228 888 2282 Istarum
932 2230 1004 2283 ita
1053 2238 1328 2300 gestarum
1355 2245 1571 2309 ~rerum
1621 2230 1894 2296 notitiam,
1941 2247 2041 2300 pro

453 2330 670 2374 vetusta
718 2321 1101 2375 Ecclesiastica
1139 2322 1556 2387 consuetudine,
1611 2323 1679 2377 ad
1723 2331 1935 2379 vestras
1985 2327 2041 2378 in

457 2413 693 2466 Domino
726 2412 1096 2467 fraternitates
1121 2413 1356 2479 deferre,
1386 2415 1763 2469 statuebamus
1791 2431 2037 2485 aequum;

451 2521 590 2575 quos
644 2514 864 2575 paratos
903 2505 1022 2560 fore
1053 2521 1331 2576 rogamus,
1365 2517 1420 2559 et
1453 2507 1726 2576 cupimus,
1763 2508 1830 2561 ad
1881 2524 2041 2578 opem

455 2610 806 2649 communem
837 2603 1075 2649 vestram
1098 2595 1484 2649 conferendam
1512 2596 1564 2647 in
1595 2595 1819 2649 istarum
1852 2596 2044 2666 impia-

451 2707 576 2746 rum
603 2701 655 2746 et
683 2707 712 2744 a
745 2690 856 2745 Deo
877 2690 1292 2744 abhorrentium
1320 2689 1753 2758 propositionum
1779 2689 2042 2744 condem-

450 2784 716 2848 natione;
768 2792 828 2837 ut
857 2797 1199 2851 nequaquam
1233 2782 1526 2834 stationem
1560 2789 1840 2851 paternam
1888 2782 2044 2836 defe-

453 2876 613 2940 ratis,
643 2889 806 2944 quam
838 2874 995 2929 vobis
1029 2874 1196 2929 vestri
1231 2882 1632 2937 antecessores,
1666 2889 1767 2942 per
1795 2888 1920 2926 suas
1956 2889 2043 2928 res

451 2973 655 3036 gestas,
714 2965 972 3020 tuendam
1005 2974 1056 3019 et
1100 2965 1400 3018 ornandam
1430 2964 1719 3018 tradidere.
1777 2963 2042 3030 Quocirca

453 3058 698 3113 studiose
727 3058 949 3121 curetis,
983 3065 1039 3110 et
1076 3072 1199 3110 cum
1241 3056 1540 3126 diligentia,
1575 3065 1635 3109 ut
1661 3066 1872 3110 vestras
1895 3058 2041 3111 vices

2207 1227 2308 1300 λβ’.
2358 1228 2421 1282 Ἦ
2449 1227 2510 1282 δὲ
2543 1228 2840 1292 κατάλυσις
2866 1227 2968 1296 τῆς
3003 1224 3228 1295 πρώτης
3255 1224 3574 1293 ἑϐδομάδος,
3609 1227 3689 1280 καὶ

2134 1321 2164 1374 ὁ
2198 1321 2581 1392 ἀναμυρισμδς
2615 1320 2724 1374 τῶν
2757 1319 2858 1390 ἥδη
2894 1316 3367 1390 βεϐαπτισμένων,
3403 1316 3496 1369 καὶ
3535 1333 3690 1384 μεμυ-

2138 1412 2430 1481 ρισμένων,
2462 1410 2585 1463 οὐδὲ
2618 1409 2884 1472 κανόνων,
2929 1404 3106 1478 οἶμαι,
3132 1406 3388 1476 δεήσεται
3420 1407 3498 1468 εἰς
3542 1408 3688 1460 κατά-

2137 1519 2360 1572 γνωσιν,
2417 1502 2644 1555 αὐτόθεν
2687 1503 2783 1555 καὶ
2835 1500 3003 1570 μόνης
3051 1500 3151 1568 τῆς
3191 1497 3502 1569 διηγήσεως
3537 1500 3689 1551 πᾶσαν

2139 1596 2447 1668 ὑπερϐολὴν
2481 1595 2786 1663 ὲκνικώοης
2819 1592 3250 1663 δυσσεόήματος.

2211 1779 2314 1846 λγ¹.
2357 1775 2433 1830 Οὑ
2494 1776 2603 1847 μὴν
2649 1772 2789 1830 ἀλλά
2833 1773 2928 1826 καὶ
2969 1775 3002 1842 ὴ
3032 1769 3176 1825 κατά
3219 1769 3316 1823 τοῦ
3375 1770 3688 1840 Πνεὺματος,

2145 1871 2346 1941 μᾶλλον
2382 1871 2439 1923 δὲ
2465 1868 2587 1924 καθ’
2621 1869 2751 1937 ὅλης
2782 1867 2884 1936 τῆς
2914 1866 3076 1932 ἁγίας
3109 1863 3341 1934 Τριὰδος
3365 1902 3381 1926 ,
3421 1864 3690 1936 ὑπερϐολὴν

2140 1963 2201 2015 οὑ
2233 1961 2493 2014 λείπουσα
2539 1955 2887 2029 βλασφημία,
2918 1954 3020 2007 κᾶν
3071 1954 3238 2023 μηδὲν
3269 1952 3459 2022 ἓτερον
3500 1953 3578 2021 είη
3604 1953 3689 2006 τῶν

2143 2051 2564 2126 προειρημένων
2610 2047 3034 2118 τετολμημένον,
3085 2046 3346 2116 ἐξαρκεῖ,
3401 2043 3495 2097 καὶ
3539 2043 3688 2114 μόνον,

2145 2143 2361 2216 μυρίοις
2400 2141 2596 2203 αὐτοὺς
2635 2139 2940 2206 ὑπαγαγεῖν
2972 2136 3333 2206 ἀναθέμασιν.

2211 2235 2306 2290 λδ’.
2348 2233 2569 2288 Τούτων
2605 2231 2706 2302 τὴν
2732 2229 2938 2299 γνῶσιν
2968 2227 3063 2282 καὶ
3089 2227 3319 2297 εἴδησιν,
3355 2232 3496 2280 κατά
3527 2225 3584 2278 τὸ
3608 2245 3690 2280 πα-

2143 2328 2292 2382 λαιὸν
2325 2327 2424 2396 τῆς
2462 2323 2790 2394 Ἐκκλησίας
2819 2320 2960 2384 ἔθος,
2993 2320 3313 2387 ἀνενεγκεῖν
3342 2319 3408 2388 τῇ
3439 2318 3689 2390 ἡμετέραν

2144 2421 2203 2473 ὲν
2231 2419 2428 2489 Κυμίῳ
2457 2416 2814 2485 ἀδελφότητι,
2842 2409 3266 2480 ὲδικαιώσαμεν·
3294 2412 3390 2462 καὶ
3417 2410 3690 2481 προθύμους

2146 2512 2246 2566 καὶ
2277 2509 2684 2578 συναγωνιστὰς
2713 2505 3006 2576 γενέσθαι,
3044 2505 3139 2557 ἐπὶ
3167 2505 3239 2570 τῇ
3270 2501 3581 2571 καθαιρέσει
3606 2503 3686 2555 τὼν

2143 2603 2423 2659 δυσσεὸὦν
2453 2601 2661 2655 τούτων
2689 2599 2784 2654 καὶ
2818 2599 2995 2652 ἀθέων
3045 2595 3386 2664 κεφαλαίων,
3428 2593 3685 2664 παραινοῦ-

2148 2698 2248 2768 μέν
2283 2712 2345 2749 τε
2383 2696 2480 2749 καὶ
2522 2692 2774 2763 δεόμεθαο
2827 2690 2923 2744 καλ⁵
2971 2690 3044 2760 μὴ
3091 2688 3275 2741 λιπεῖν
3320 2686 3418 2757 τὴν
3467 2687 3684 2758 πατρῴαν

2144 2781 2323 2852 τᾶξιν,
2356 2788 2423 2858 ἢν
2451 2786 2596 2856 ὑμᾶς
2629 2785 2677 2838 οἱ
2713 2782 2968 2852 πρόγονοι
2993 2823 3008 2842 ,
3053 2779 3120 2833 δι’
3150 2772 3227 2834 ὧν
3270 2778 3533 2852 ἔπραξαν,
3581 2796 3678 2831 κατ·

2144 2881 2292 2951 ἐχειν
2317 2875 2788 2946 παραδεδώκασιν·
2819 2873 2956 2927 ἀλλά
2990 2871 3196 2941 σπουδῇ
3219 2872 3393 2941 πολλῇ
3415 2872 3506 2924 καὶ
3524 2869 3682 2940 προθυ-

2149 2971 2270 3040 μία,
2299 2968 2417 3022 ἀνθ’
2447 2966 2619 3038 ὑμῶν,
2645 2962 3024 3034 τοποτηρητάς
3052 2978 3204 3024 τινας
3229 2960 3451 3014 ἑλέσθαι
3473 2961 3682 3014 ἀποστεῖ-

2144 3063 2253 3126 λαι,
2285 3061 2482 3131 ἄνδρας
2520 3059 2580 3112 τὸ
2609 3058 2876 3128 ὑμέτερον
2907 3056 3209 3126 ἐπέχοντας
3242 3052 3548 3126 πρόσωπον,
3567 3052 3683 3104 εὐσε-

452 3150 702 3205 obituros
733 3150 914 3204 locum
941 3156 1192 3204 tenentes
1223 3149 1331 3203 huc
1353 3149 1660 3211 destinatis,
1693 3149 1788 3219 qui
1829 3159 2038 3205 vestras

2148 3152 2266 3223 ὄείᾳ
2296 3151 2353 3204 δὲ
2387 3149 2483 3203 καὶ
2518 3147 2819 3222 ἱερωσύνῃ,
2851 3148 2944 3200 καὶ
2973 3146 3121 3216 λόγῳ
3144 3147 3242 3198 καὶ
3283 3145 3386 3216 βίῳ
3414 3187 3429 3211 ,
3457 3161 3684 3214 κεκοσμη-

453 3254 722 3311 personas
769 3247 1185 3308 repraesentem,
1235 3239 1440 3309 pietate
1495 3247 1930 3306 consummatos,
1984 3242 2039 3296 in

452 3332 626 3386 sacris
652 3331 940 3386 ordinibus
963 3331 1311 3394 constitutos,
1344 3331 1558 3386 dicendi
1582 3332 1837 3388 facultate
1868 3344 1925 3388 et
1957 3335 2042 3388 vi-

451 3433 523 3479 tae
551 3423 838 3479 honestate
869 3433 1117 3490 ornatos,
1149 3433 1210 3478 ut
1244 3422 1386 3478 hanc
1426 3423 1535 3478 late
1567 3433 1877 3494 serpentem
1908 3442 2041 3497 gan-

453 3532 695 3585 graenam
743 3517 811 3572 de
841 3517 1019 3572 media
1048 3515 1279 3572 ecclesia
1304 3532 1680 3583 amoveamus,
1706 3533 1909 3588 eosque
1948 3520 2040 3589 qui

453 3608 510 3663 in
546 3618 755 3663 tantum
800 3609 1170 3671 insanierunt,
1219 3609 1600 3680 utimpietatis
1627 3625 1741 3665 suae
1785 3626 2040 3681 superse-

453 3698 815 3754 miuationem
856 3700 1380 3755 subintroducerent
1417 3701 1472 3755 in
1505 3711 1721 3772 gentem
1765 3704 1912 3759 hanc
1941 3721 2042 3758 no-

452 3790 675 3854 vellam,
728 3805 904 3861 nuper
953 3792 1206 3846 coalitam
1249 3799 1306 3846 et
1353 3794 1731 3861 constitutam,
1780 3797 2042 3852 radicitus

454 3883 781 3952 exstirpatos
819 3883 927 3954 igni
967 3885 1293 3939 mandemus
1322 3885 1653 3948 adurendos,
1689 3886 1851 3957 idque
1893 3904 2042 3943 com-

455 3975 608 4028 muni
648 3990 923 4029 consensu
966 3975 1210 4030 omnium
1251 3993 1265 4040 ;
1318 3976 1462 4045 quod
1507 3977 1771 4034 divinitus
1823 3980 2040 4034 oracula

453 4067 613 4121 nobis
642 4068 787 4133 data,
819 4068 964 4137 quod
986 4071 1350 4125 exsecrandos
1375 4071 1591 4136 attinet,
1620 4081 1681 4126 ut
1716 4073 2039 4144 suscipiant,

455 4159 832 4216 sanciverunt.

526 4251 618 4305 35.
655 4251 731 4306 lta
783 4253 929 4307 enim
974 4252 1219 4309 futurum
1251 4256 1455 4325 optime
1488 4271 1794 4326 speramus,
1846 4267 1902 4312 et
1948 4257 2043 4312 de-

453 4343 614 4414 pulsa
645 4343 949 4413 impietate,
979 4354 1036 4400 et
1063 4347 1213 4400 cultu
1243 4348 1459 4416 pictatis
1500 4349 1820 4413 constituto,
1852 4349 2044 4420 Bulga.

455 4451 643 4490 rorum
674 4436 968 4491 multitudo
1006 4439 1218 4493 noviter
1250 4441 1304 4493 in
1337 4440 1554 4495 Christo
1593 4443 1951 4506 catechizala,
1988 4453 2044 4497 et

452 4527 661 4584 lumine
689 4528 1032 4598 baptismatis
1063 4531 1347 4596 illustrata,
1373 4533 1441 4588 ad
1475 4533 1637 4588 tidem
1663 4535 1795 4603 ipsis
1824 4551 2039 4588 annun-
2071 4519 2113 4572 θ

455 4623 643 4676 tiatam
682 4623 754 4677 sit
775 4637 1084 4678 reversura.
1115 4625 1277 4679 Certe
1304 4640 1414 4678 non
1441 4626 1604 4680 modo
1632 4642 1767 4696 gens
1793 4627 2045 4682 universa

449 4714 735 4783 antiquam
767 4729 922 4769 suam
955 4715 1292 4784 impietatem
1310 4731 1409 4785 pro
1435 4716 1542 4771 ﬁde
1564 4717 1620 4771 in
1650 4716 1868 4773 Christo
1891 4734 2042 4773 com-

453 4807 719 4872 mutavit;
769 4807 865 4862 sed
893 4807 1138 4877 insuper,
1171 4808 1318 4877 quod
1348 4809 1641 4863 multorum
1670 4810 1896 4866 vocibus
1946 4811 2044 4866 de-

454 4907 728 4962 cantatur,
784 4915 909 4954 cum
961 4909 1086 4970 post
1126 4915 1185 4954 se
1227 4915 1440 4967 omnes,
1481 4902 1628 4972 quod
1662 4903 2043 4958 crudelitatem

452 4988 654 5043 attinet
675 4999 731 5043 et
756 4993 1035 5062 sanguinis
1064 4993 1327 5047 fundendi
1351 4993 1730 5063 cupiditatem,
1755 4994 1816 5052 in
1839 5010 2042 5050 secun-

455 5079 542 5134 dis
589 5081 930 5149 reliquerint,
963 5095 1018 5137 et
1065 5084 1198 5139 illud
1229 5085 1374 5154 quod
1421 5094 1650 5140 vocatur
1678 5084 1850 5152 Rbos,
1893 5087 2039 5156 apud

451 5186 554 5227 eos
582 5171 655 5225 ita
683 5172 1001 5242 obtinuerit,
1056 5186 1116 5230 ut
1143 5177 1377 5233 Romani
1404 5178 1622 5248 imperii
1647 5179 1895 5234 subditos
1938 5180 2040 5235 sibi

452 5280 893 5335 quaquaversum
933 5271 1229 5337 proximos,
1260 5273 1314 5326 in
1347 5273 1666 5328 servitutem
1707 5273 2038 5343 redigerent,

452 5367 620 5427 atque
649 5359 846 5414 animis
894 5363 1032 5414 ultra
1059 5364 1282 5417 modum
1313 5366 1470 5420 elatis
1507 5380 1702 5419 manus
1751 5364 2041 5434 iniicerent

452 5451 723 5507 violentas
753 5469 766 5506 :
813 5452 888 5507 illi
923 5452 1024 5523 ipsi
1047 5454 1101 5506 in
1135 5459 1387 5524 priesenti
1421 5460 1715 5524 sinceram,
1750 5465 1805 5512 et
1837 5459 2037 5528 imper-

453 5543 675 5599 mistam
707 5545 1022 5618 religionem
1037 5545 1237 5602 Christi
1263 5564 1400 5618 pure
1429 5549 1780 5620 profitentes,
1815 5565 1914 5621 pro
1935 5566 2034 5620 pa-

2148 3245 2362 3316 μένους·
2416 3245 2494 3306 ὡς
2533 3242 2600 3296 ἂν
2640 3241 2740 3310 τὴν
2790 3239 3064 3310 ἀρτιφανῆ
3093 3239 3193 3307 τῆς
3237 3236 3494 3299 ἀσεϐείας
3522 3235 3684 3303 ταύτης

2143 3333 2532 3405 ὲφερπύσασαν
2580 3333 2946 3401 γαγγραίναν,
2996 3332 3060 3388 ὲκ
3091 3330 3263 3401 μέσου
3295 3329 3399 3400 τῆς
3437 3329 3684 3399 ἐκκλησίας

2143 3424 2501 3495 ποιησώμεθα
2527 3439 2544 3454 ο
2587 3423 2682 3476 καὶ
2716 3424 2844 3486 τοὺς
2893 3421 3239 3492 ὲκμανέντας
3281 3420 3545 3491 τοσαύτην
3593 3421 3683 3472 ἑπι-

2144 3519 2353 3590 σποράν
2385 3517 2652 3589 πονηρίας
2687 3518 2767 3580 είς
2809 3516 2871 3569 τὸ
2921 3517 3190 3583 νεοπαγὲς
3227 3517 3324 3570 καὶ
3375 3514 3684 3569 νεοσύστατον

2143 3611 2296 3675 ἔθνος
2323 3612 2678 3678 εἰσενεγκεῖν,
2707 3609 2898 3671 αὑταῖς
2928 3609 3248 3662 ἀνασπᾶσαι
3294 3607 3492 3680 ῥίζαις,
3520 3604 3604 3659 καὶ
3627 3603 3684 3673 τῷ

2145 3705 2280 3772 πυρὶ
2310 3701 2668 3771 παραδοῦναι,
2704 3701 2793 3754 διά
2815 3701 2916 3770 τῆς
2947 3700 3134 3769 κοινῆς
3159 3700 3508 3768 ἀποφάσεως·
3536 3696 3563 3749 δ
3587 3696 3683 3756 τοὺς

2145 3792 2562 3864 κατηραμένους
2591 3792 2975 3861 ὑποδέχεσθαι,
3005 3791 3075 3844 τά
3111 3789 3358 3862 κυριακά
3382 3787 3684 3851 θεσπίζουσιν

2145 3888 2324 3954 λόγια.

2214 4264 2311 4319 λε’.
2351 4262 2511 4317 Οὕτω
2553 4262 2699 4334 γάρ,
2749 4261 2849 4330 τῆς
2886 4260 2985 4330 μὲν
3029 4259 3289 4321 ἀσεϐείας
3332 4253 3680 4325 ὲλαυνομένης.

2143 4357 2240 4410 καὶ
2283 4355 2387 4425 τῆς
2430 4353 2714 4416 εὐσεϐείας
2754 4351 3234 4422 κραταιουμένης,
3270 4348 3489 4412 ἐλπίδας
3523 4347 3681 4417 ἔχομεν

2145 4446 2388 4515 ἀσγαθάς,
2425 4445 2507 4508 είς
2536 4444 2635 4515 τὴν
2672 4443 3072 4513 παραδοθεῖσαν
3105 4442 3290 4504 αὐτοῖς
3321 4437 3681 4507 ὲπαναστρέψαι

2145 4540 2353 4603 πίστιν,
2381 4540 2478 4592 καὶ
2498 4537 2560 4590 τὸ
2591 4537 2998 4606 νεοκατήχητον
3024 4537 3105 4598 εἰς
3132 4533 3368 4605 Χριστὸν
3394 4531 3483 4586 καὶ
3512 4527 3681 4596 νεοφὼ-

2143 4649 2326 4687 τιστον
2360 4631 2470 4685 τῶν
2499 4630 2830 4701 Βουλγάρων
2876 4629 3176 4699 πλήρωμα·
3216 4625 3442 4696 καὶγὰρ
3467 4625 3524 4678 οὐ
3553 4623 3682 4694 μόνον

2143 4727 2205 4778 τὸ
2224 4725 2377 4788 ἔθνος
2409 4723 2598 4786 τοῦτο,
2632 4721 2731 4794 τὴν
2760 4724 2841 4785 είς
2871 4722 3106 4794 Χριστὸν
3138 4721 3342 4787 πίστιν,
3379 4721 3475 4789 τῆς
3516 4713 3680 4786 προτέ-

2148 4834 2246 4889 ρας
2280 4816 2538 4879 ἀσεὸείας
2569 4813 2840 4885 ἠλλάξατο
2860 4830 2873 4844 ·
2928 4814 3067 4868 ἀλλά
3104 4831 3169 4883 γε
3209 4814 3308 4883 δὴ,
3357 4813 3449 4867 καὶ
3478 4809 3535 4863 τὸ
3563 4805 3680 4876 παρὰ

2143 4908 2358 4972 πολλοῖς
2404 4908 2666 4971 πολλάκις
2718 4905 3145 4978 θρυλλούμενον,
3194 4906 3292 4959 καὶ
3337 4907 3413 4968 είς
3457 4900 3682 4972 ὠμότητα

2143 5000 2241 5054 καὶ
2275 4999 2592 5070 μιαιφονίαν
2621 4999 2830 5060 πάντας
2863 4998 3152 5068 δευτέρους
3185 4997 3524 5065 ταττόμενον,
3552 4987 3681 5041 τοῦτο

2140 5093 2206 5163 δὴ
2243 5092 2304 5145 τὸ
2331 5092 2664 5162 καλούμενον
2699 5090 2873 5163 τορῶς
2895 5105 2945 5154 τ,
2977 5091 3029 5143 σι
3061 5090 3125 5160 δὴ
3159 5093 3253 5145 καὶ
3281 5088 3420 5142 κατά
3442 5086 3532 5154 τῆς
3567 5082 3679 5132 Ῥω-

2146 5185 2350 5253 μαῖκῆς
2371 5184 2571 5254 ἀρχῆς,
2608 5182 2734 5244 τοὺς
2763 5180 2926 5251 πέριξ
2959 5181 3137 5234 αὑτῶν
3169 5178 3569 5246 δουλωσάμενοι,
3598 5168 3676 5222 κὰ-

2141 5278 2321 5329 κεῖθεν
2367 5275 2657 5346 ὑπέρογκα
2693 5273 3272 5346 φρονηματισθέντες,
3327 5273 3504 5340 χεῖρας
3544 5260 3678 5328 ἀντῆ-

2152 5384 2270 5437 ραν·
2314 5367 2428 5419 ἀλλ’
2465 5369 2616 5436 ὅμως
2656 5366 2752 5418 νὺν
2783 5367 2876 5418 καὶ
2904 5359 3072 5427 οὗτοι,
3110 5365 3208 5434 τὴν
3247 5363 3355 5417 τῶν
3379 5351 3674 5429 Χριστιανῶν

2146 5457 2395 5528 καθαρὰν
2440 5460 2534 5511 καὶ
2567 5457 2859 5528 ἀκίϐδηλον
2899 5457 3220 5528 θρησκείαν,
3258 5455 3354 5524 τῆς
3401 5443 3674 5516 Ἑλληνικῆς

2142 5551 2240 5602 καὶ
2269 5550 2430 5603 ἀθέου
2463 5550 2623 5622 δόξης
2643 5590 2658 5616 ,
2694 5551 2752 5603 ὲν
2857 5549 3174 5620 κατείχοντο
3208 5547 3482 5618 πρότερον,
3511 5533 3673 5605 ἀντηλ-

1752 5704 1986 5762 VARIAE
2015 5704 2421 5762 LECTIONES.

531 5825 561 5856 '
600 5819 707 5890 leg.
733 5818 994 5890 ὑμετέρᾳ.
1075 5833 1102 5863 ι
1131 5822 1218 5876 ἵσ.
1246 5821 1308 5876 τὸ
1347 5820 1508 5890 Ῥῶς.
