3930 6444
160 352 273 413 ’73⁸1

1334 341 1873 405 EPISTULARUM
1916 341 2145 401 LIBER
2187 342 2236 402 Ι.

3322 350 3430 413 738

158 460 442 524 λάξαντο,
486 460 545 512 ἐν
580 459 835 530 ὑπηκόων
884 454 1113 516 ἑαυτοὺς
1151 454 1245 507 καὶ
1275 451 1554 523 προξένων
1580 449 1752 516 τάξει,

1860 448 2046 518 ganica
2076 448 2355 519 impietate
2388 449 2501 513 illa,
2532 464 2636 520 qua
2666 453 2819 520 prius
2846 453 3082 522 possessi
3115 454 3443 510 detineban-

160 553 294 606 ἀντὶ
326 553 427 623 τῆς
458 551 768 622 προμικροῦ
804 550 926 604 καθ’
971 548 1135 619 ἡμῶν
1177 546 1503 617 λεηλασίας,
1531 545 1626 599 καὶ
1653 544 1749 596 τοῦ

166 641 413 711 μεγάλου
452 641 824 713 τολμήματος,
872 637 1175 708 ἀγαπητῶς
1217 635 1748 704 ἐγκαταστήσαντες.

162 735 281 786 Καὶ
330 736 424 787 ἐπὶ
457 733 707 785 τοσοῦτον
738 732 934 794 αὐτοὺς
978 731 1008 783 ὁ
1050 731 1149 800 τῆς
1186 730 1420 790 πίστεως
1457 726 1621 788 πόθος
1655 725 1750 777 καὶ

163 824 336 895 ζῆλος
372 824 684 893 ἀνέφλεξεν,
737 823 971 894 (Παῦλος
1007 822 1173 877 πάλιν
1221 821 1318 892 βοᾷ
1345 860 1359 884 ,
1408 819 1753 887 Εὐλογητὸς

164 921 202 970 ὀ
232 918 381 983 Θεὸς
410 919 495 982 είς
538 916 681 983 τοὺς
704 914 964 985 αἰῶνας)
1008 914 1149 967 ὥστε
1184 914 1278 967 καὶ
1312 911 1608 965 ἐπίσκοπον
1658 910 1753 962 καὶ

162 1010 407 1079 ποιμένα
456 1007 734 1073 δέξασθαι,
792 1009 885 1061 καὶ
942 1007 1010 1060 τά
1058 1006 1167 1059 τῶν
1230 1005 1573 1075 Χριστιανῶν
1619 1004 1753 1074 θρη-

162 1102 480 1171 σκεύματα,
502 1101 590 1153 διά
619 1100 823 1169 πολλῆς
854 1100 1087 1169 σπουδῆς
1108 1099 1203 1152 καὶ
1234 1097 1551 1168 ἐπιμελείας
1580 1097 1752 1149 ἀσπά-

158 1196 381 1259 ζεσθαι.

236 1290 350 1353 λς’.
390 1288 608 1340 Τούτων
636 1286 729 1342 οῦν
753 1286 895 1341 οὕτω
921 1328 936 1352 ,
970 1291 1037 1359 τῇ
1068 1287 1163 1341 τοῦ
1197 1286 1581 1356 φιλανθρώπου
1615 1283 1751 1338 Θεοῦ

157 1384 385 1453 χάριτι,
417 1381 513 1434 τοῦ
555 1382 765 1445 πάντας
810 1380 1131 1451 ἀνθρώπους
1176 1380 1419 1442 θέλοντος
1469 1379 1749 1448 σωθῆναι,

158 1476 264 1527 καὶ
316 1475 397 1537 είς
450 1474 747 1540 ἐπίγνωσιν
798 1472 1056 1542 ἀληθείας
1107 1471 1303 1535 ἐλθεῖν,
1347 1470 1457 1523 τῶν
1500 1469 1747 1523 παλαιῶν

162 1568 352 1629 αὐτοῖς
397 1566 750 1637 δοξασμάτων
805 1565 1269 1636 μετατιθεμένων,
1314 1563 1408 1617 καὶ
1453 1562 1553 1635 τὴν
1618 1564 1753 1616 είλι-

164 1660 331 1729 κρινῆ
352 1659 460 1711 τῶν
480 1656 808 1728 χριστιανῶν
831 1656 1015 1709 πίστιν
1040 1655 1289 1718 ἐκείνων,
1314 1654 1750 1723 ἀλλασσομένων’

165 1754 215 1805 εὶ
245 1750 567 1820 διανασταίη
611 1750 707 1802 καὶ
740 1751 773 1819 ἠ
817 1748 1061 1819 ὑμετέρα
1088 1745 1391 1816 ἀδελφότης
1430 1744 1749 1816 συμπροθυ-

168 1842 412 1912 μηθῆναι
439 1882 453 1905 ,
484 1841 580 1894 καὶ
625 1836 1208 1907 συγκατεργάσασθαι,
1242 1838 1322 1900 είς
1360 1837 1458 1907 τὴν
1503 1835 1746 1907 ἐκκοπὴν

162 1936 259 1987 καὶ¹
290 1934 485 1987 καῦσιν
512 1932 623 1986 τῶν
658 1932 1051 2003 παραφυάδων,
1087 1930 1145 1981 ἐν
1178 1928 1370 1999 Κυρίῳ
1406 1928 1582 1999 Ἰησοῦ
1612 1930 1743 2000 Χρι-

162 2025 300 2095 στῷ,
345 2024 425 2095 τῷ
454 2023 693 2094 ἀληθινῷ
720 2022 839 2092 Θεῷ
866 2021 1025 2093 ήμῶν
1067 2019 1388 2078 πεποιθότες
1429 2020 1619 2089 ἐσμὲν,
1664 2023 1748 2074 ὅτι

159 2115 219 2167 τὸ
252 2114 506 2183 ποίμνιον
545 2112 733 2176 αὑτοῦ,
772 2111 866 2163 ἐπὶ
897 2109 1060 2162 πλέον
1097 2108 1177 2160 ἔτι
1223 2107 1424 2177 μᾶλλον
1453 2106 1749 2176 αὐξηθήσε-

159 2224 279 2267 ται,
314 2209 410 2260 καὶ
446 2204 866 2276 πληρωθήσεται
897 2201 956 2255 τὸ
983 2202 1297 2270 εἰρημένον,
1326 2203 1408 2254 ὅτι
1446 2200 1743 2267 Ειδήσου-

160 2300 277 2351 σίν
302 2315 380 2367 με
414 2298 637 2363 πάντες
669 2298 789 2352 ἀπὸ
827 2295 1045 2365 μικροῦ
1078 2295 1188 2360 ἕως
1214 2293 1482 2364 μεγάλου
1527 2290 1745 2354 αὐτῶν,

159 2391 283 2456 καὶ,
316 2390 423 2457 Είς
449 2390 656 2446 πᾶσαν
684 2391 799 2459 τὴν
830 2389 949 2460 γῆν
976 2388 1236 2458 ἐξῆλθεν
1262 2392 1293 2441 o'
1323 2387 1585 2456 φθόγγος
1642 2384 1750 2436 τῶν

161 2483 544 2536 άποστολικῶν
588 2482 957 2553 διδαγμάτων,
1002 2480 1102 2533 καὶ
1141 2482 1228 2546 εις
1266 2482 1340 2533 τὰ
1372 2477 1598 2547 πέρατα
1640 2475 1751 2546 τῆς

160 2577 528 2646 οὶκουμένης
552 2576 624 2630 τὰ
648 2577 891 2645 ῥήματα
927 2573 1147 2629 αὐτῶν.

234 2668 340 2734 λζ’.
381 2672 475 2723 Δεῖ
501 2665 593 2724 οῦν
620 2671 747 2733 τοὺς
786 2670 916 2741 παρ’
945 2667 1099 2739 ὑμῶν
1125 2667 1242 2722 ἀνθ’
1274 2665 1429 2737 ὑμῶν
1469 2664 1755 2735 στελλομέ-

161 2779 327 2829 νους,
353 2762 451 2815 καὶ
483 2762 544 2815 τὸ
575 2762 843 2833 ὑμέτερον
877 2760 1277 2830 ὑποδυομένους
1313 2759 1456 2830 ἱερὸν
1484 2759 1579 2813 καὶ
1608 2759 1755 2813 ὅσιον

162 2854 488 2924 πρόσωπον,
548 2855 649 2924 τὴν
702 2854 977 2924 ὑμετέραν
1024 2852 1335 2915 αὑθεντίαν,
1379 2852 1447 2922 ἢν
1495 2852 1654 2921 ὑμεῖς
1697 2852 1755 2903 ἐν

164 2946 451 3017 Πνεύματι
488 2947 628 3018 ἁγίῳ
661 2944 1086 3017 ἐκληρώσασθε“,
1119 2943 1548 3015 ἐγχειρισθῆναι*
1584 2944 1660 3008 ὡς
1690 2944 1757 2998 ἂν

164 3041 296 3112 περί
346 3058 406 3093 τε
453 3041 656 3094 τούτων
696 3040 805 3093 τῶν
855 3039 1189 3108 κεφαλαίων,
1239 3038 1337 3091 καὶ
1379 3040 1508 3109 περὶ
1554 3037 1756 3107 ἐτέρων

1856 551 1964 605 tur,
1998 542 2053 595 in
2082 556 2319 597 numero
2353 550 2528 597 semel.
2556 551 2613 596 et
2637 545 2828 598 ordine
2863 555 3220 612 reposuerant
3250 549 3444 602 subdi-

1854 646 2054 698 torum,
2097 633 2235 688 adeo
2264 643 2344 698 ut,
2381 650 2507 689 cum
2554 649 2664 688 non
2710 635 2783 689 ita
2816 637 3024 704 pridem
3058 639 3449 707 [praedarentur

1852 737 2041 781 nostra
2093 742 2217 781 cum
2248 726 2473 780 audacia
2507 741 2739 789 summa,
2770 744 2917 783 nunc
2957 732 3091 785 satis
3116 732 3354 786 habeant
3400 733 3447 786 si

1853 816 2225 883 acquiescant.
2256 817 2324 871 Et
2348 834 2413 871 eo
2446 819 2665 887 quidem
2688 835 2859 888 usque
2891 820 3013 875 ﬁdei
3041 838 3195 876 amor
3224 833 3278 877 et
3297 823 3447 877 zelus

1855 908 2092 963 intendit
2126 909 2214 979 (de
2248 925 2353 979 qua
2394 926 2455 964 re
2485 927 2610 965 cum
2638 910 2808 965 Paulo
2851 914 3103 979 dixerim,
3134 914 3450 969 Benedictus

1853 1003 1920 1055 sit
1950 1004 2008 1056 in
2047 1004 2242 1056 swcula
2276 1004 2436 1074 Deus)
2472 1014 2531 1058 ut
2574 1014 2849 1073 pastorem
2887 1015 2940 1059 et
2974 1008 3289 1077 epiSCOpum
3345 1010 3449 1063 sibi

1854 1099 2198 1169 propositum
2229 1098 2542 1162 admittant,
2575 1108 2630 1153 et
2661 1099 3007 1154 Christianos
3054 1104 3190 1155 ritus
3227 1103 3449 1173 religio-

1855 1191 1943 1244 nis
1979 1190 2169 1245 sedulo
2206 1191 2530 1260 suscipiant,
2564 1201 2620 1245 ct
2651 1192 3033 1260 amplexentur
3067 1192 3446 1248 libentissime.

1923 1281 2013 1336 56.
2053 1282 2135 1336 Ad
2170 1282 2318 1336 hunc
2341 1298 2471 1353 ergo
2514 1282 2758 1347 modum,
2783 1298 2908 1336 cum
2938 1299 3035 1352 per
3064 1284 3289 1353 gratiam
3342 1285 3448 1338 mi-

1856 1376 2148 1430 sericordis
2174 1375 2270 1429 Dei
2297 1376 2389 1445 qui
2424 1375 2590 1430 vellet
2619 1391 2811 1429 omnes
2854 1377 3107 1430 homines
3139 1378 3357 1441 salvari,
3394 1386 3450 1431 et

1855 1465 1923 1518 ad
1956 1465 2199 1518 veritatis
2248 1467 2437 1519 venire
2474 1466 2868 1535 cognitionem,
2893 1481 2924 1519 a
2964 1468 3193 1521 vetustis
3236 1467 3451 1537 opinio-

1856 1556 2020 1610 nibus
2065 1556 2179 1611 suis
2220 1556 2274 1610 bi
2321 1558 2669 1622 recesserint,
2717 1566 2773 1611 et
2829 1558 3048 1612 easdem
3084 1574 3181 1627 pro
3230 1560 3447 1613 sincera

1858 1648 2299 1703 Christianorum
2331 1648 2435 1703 fide
2468 1649 2823 1715 mutaverint,
2872 1649 3120 1718 profecto
3143 1650 3186 1704 si
3215 1664 3449 1704 consur-

1858 1757 1985 1812 gere
2013 1741 2272 1811 dignetur
2296 1750 2477 1796 vestra
2507 1742 2849 1804 fraternitas,
2887 1750 2943 1795 et
2966 1756 3075 1794 una
3104 1757 3228 1794 cum
3252 1742 3450 1796 affectu

1857 1833 2144 1903 cooperari
2189 1832 2478 1888 nobiscum
2512 1842 2573 1887 ut
2615 1834 3031 1897 exscindantur,
3061 1842 3118 1887 et
3150 1833 3204 1887 in
3256 1834 3450 1888 incen-

1854 1927 2005 1981 dium
2036 1925 2346 1992 mittantur,
2369 1925 2462 1994 qui
2487 1940 2813 1981 succrevere
2840 1926 3101 1987 stolones,
3127 1926 3282 1979 valde
3313 1941 3450 1981 con-

1849 2018 2067 2073 ﬁdimus
2110 2033 2207 2088 per
2270 2018 2557 2073 Dominum
2608 2028 2857 2073 nostrum
2907 2018 3098 2097 .Iesum
3144 2018 3444 2083 Christum,

1849 2113 2021 2167 Deum
2041 2127 2254 2175 verum,
2285 2110 2527 2165 futurutn
2565 2121 2626 2165 ut
2656 2112 2827 2181 ipsius
2857 2111 3035 2164 adhuc
3074 2112 3243 2181 magis
3274 2128 3451 2167 exau-

1853 2217 2045 2276 geatur
2088 2206 2253 2270 o’vile,
2292 2214 2345 2259 et
2397 2204 2527 2258 illud
2560 2205 2851 2272 impleatur
2876 2204 3018 2272 quod
3066 2204 3273 2257 dictum
3316 2216 3443 2259 est:

1853 2298 2168 2369 Cognoscent
2199 2314 2281 2351 me
2310 2314 2507 2361 omnes,
2539 2315 2571 2349 a
2604 2298 2821 2350 minimo
2852 2299 2921 2348 ad
2964 2297 3257 2349 maximum
3284 2298 3326 2360 ’,
3367 2306 3440 2361 et,

1853 2391 1923 2445 In
1951 2392 2249 2445 universam
2279 2401 2476 2443 terram
2508 2388 2667 2443 exivit
2700 2405 2880 2451 sonus,
2912 2388 3174 2441 doctrina:
3215 2397 3438 2457 aposto-

1852 2485 1993 2547 lica,
2028 2494 2076 2538 et
2104 2486 2174 2537 ad
2208 2484 2457 2537 terminos
2496 2491 2648 2536 terra:
2674 2481 2834 2535 verba
2864 2498 3044 2535 eorum
3078 2482 3144 2536 ²⁰.

1925 2684 2014 2739 57.
2054 2681 2285 2751 Oportet
2338 2681 2504 2752 igitur
2548 2680 2669 2735 illos
2705 2680 2799 2751 qui
2850 2697 2880 2734 a
2928 2680 3085 2735 vobis
3140 2696 3239 2750 pro
3288 2681 3445 2735 vobis

1854 2774 2104 2828 mittendi
2160 2783 2306 2834 sunt,
2339 2773 2539 2843 quique
2574 2788 2782 2826 sacram
2810 2783 3166 2842 sanctamque
3206 2784 3445 2827 vestram

1855 2880 2147 2935 personam
2176 2864 2551 2928 sustinebunt,
2612 2878 2737 2917 cum
2766 2872 2944 2917 vestra
2980 2863 3255 2917 liberrima
3289 2873 3447 2933 pote-

1856 2965 1996 3011 state
2025 2956 2211 3027 legari,
2245 2971 2307 3009 ea
2340 2956 2552 3011 scilicet
2570 2972 2730 3025 quam
2754 2972 2854 3025 per
2888 2954 3152 3025 Spiritum
3195 2965 3446 3012 sanctum

1857 3051 2031 3104 sortiti
2064 3051 2215 3114 estis,
2241 3058 2297 3104 et
2327 3060 2387 3103 ut
2412 3050 2741 3104 sententiam
2773 3050 2953 3104 dicere
2980 3050 3213 3118 possint,
3242 3059 3297 3104 et
3327 3050 3451 3104 suf-

164 3134 382 3197 τούτοις
420 3134 839 3205 παραπλησίων,
893 3133 952 3197 ἐξ
986 3131 1273 3195 αὑθεντίας
1303 3125 1436 3185 ὦσιν
1465 3132 1751 3184 ἀποστολιο

1860 3138 2088 3209 fragium
2122 3139 2264 3192 ferre
2299 3137 2512 3191 valeant
2539 3136 2609 3190 de
2643 3136 2913 3206 capitibus
2947 3135 3272 3205 propositis,
3301 3144 3359 3190 et
3399 3135 3450 3191 si

167 3224 266 3280 κοῦ
299 3226 517 3297 θρόνου,
552 3228 645 3279 καὶ
674 3226 854 3295 λέγειν
886 3228 1094 3291 ἱκανοὶ,
1121 3224 1215 3279 καὶ
1245 3226 1508 3296 πράττειν
1537 3222 1752 3278 ἀκώλυ-

165 3335 272 3373 τοι.
312 3318 426 3372 Καὶ
453 3320 561 3389 γάρ
588 3319 690 3390 δὴ,
727 3320 821 3372 καὶ
854 3318 963 3372 ἀπὸ
987 3317 1097 3371 τῶν
1135 3318 1233 3388 τῆς
1275 3316 1504 3380 Ἰταλίας
1544 3316 1750 3387 μερῶν,

169 3409 431 3479 συνοδική
459 3427 542 3474 τις
571 3409 836 3479 ἐπιστολὴ
869 3410 1007 3479 πρὸς
1052 3409 1201 3480 ἡμᾶς
1230 3408 1670 3476 ἁναπεφοίτηκεν
1699 3415 1751 3471 1,

165 3504 435 3574 ἁρρήτων
488 3503 853 3573 ἐγκλημάτων
913 3501 1162 3571 γέμουσα
1189 3515 1203 3529 ⁸
1241 3500 1399 3552 ἆτινα
1454 3498 1593 3551 κατὰ
1658 3496 1752 3549 τοῦ

166 3595 378 3647 οἰκείου
430 3593 609 3647 αὑτῶν
654 3595 981 3656 ἐπισκόπου,
1030 3592 1080 3645 οἱ
1125 3592 1227 3662 τὴν
1274 3591 1505 3645 Ἰταλίαν
1546 3589 1757 3645 οἰκοῦν-

169 3703 267 3750 τες
307 3727 324 3751 ,
362 3684 503 3756 μετὰ
558 3684 765 3754 πολλῆς
811 3684 1233 3755 κατακρίσεως,
1292 3685 1388 3737 καὶ
1439 3683 1618 3754 ὅρκων
1656 3701 1757 3753 μυ-

167 3779 333 3848 ρίων,
369 3777 768 3848 διεπέμψαντο·
807 3778 883 3849 μὴ
911 3777 1160 3848 παριδεῖν
1206 3777 1404 3840 αὐτοὺς
1436 3776 1611 3840 οῦτως
1644 3779 1759 3829 οίκ-

166 3870 321 3943 τρῶς
365 3869 726 3940 ὀλλυμένους,
757 3871 852 3922 καὶ
887 3869 992 3921 ὑπὸ
1014 3868 1350 3939 τηλικαύτης
1382 3868 1605 3939 βαρείας
1646 3884 1760 3920 πιε-

171 3962 441 4032 ζομένους
487 3960 842 4032 τυραννίδος,
882 3960 979 4013 καὶ
1025 3960 1153 4023 τοὺς
1203 3960 1512 4031 ἱερατικοὺς
1560 3959 1759 4029 νόμους

170 4050 593 4122 ὑδριζομένους,
627 4051 722 4105 καὶ
751 4050 961 4114 πάντας
988 4050 1224 4120 θεσμοὺς
1271 4049 1595 4121 Ἐκκλησίας
1624 4051 1758 4105 ἀνα-

163 4142 569 4215 τρεπομένους.
623 4144 691 4196 Ἀ
728 4142 827 4198 καὶ
869 4142 1038 4197 πάλαι
1090 4142 1188 4211 μὲν
1233 4142 1321 4196 διά
1372 4141 1625 4213 μοναχῶν
1665 4140 1761 4195 καὶ¹

168 4234 570 4304 πρεσϐυτέρων
631 4233 844 4287 ἐκεῖθεν
896 4233 1339 4305 ἀναδραμόντων,
1400 4235 1479 4297 είς
1541 4233 1761 4287 πάντων

168 4325 349 4388 ἀκοάς
374 4324 704 4395 διεφέροντο.
736 4325 1014 4390 Βασίλειος
1038 4326 1082 4379 δ’
1109 4328 1219 4396 ἄρα
1239 4322 1329 4398 ἦν,
1358 4326 1453 4380 καὶ
1478 4328 1758 4396 Ζωσιμᾶς,

167 4417 551 4487 Μητροφάνης
572 4434 652 4483 τε,
684 4418 782 4470 καὶ
808 4418 905 4471 σὺν
931 4417 1116 4481 αὑτοῖς
1144 4418 1342 4489 ἕτεροι,
1372 4418 1423 4469 οἱ
1449 4418 1550 4487 τὴν
1577 4416 1760 4470 τοιαύ-

169 4526 278 4579 την
311 4508 608 4579 τυραννίδα
641 4509 1023 4581 ἀπωδύροντο,
1056 4509 1149 4562 καὶ
1178 4488 1315 4579 πρὸς
1344 4509 1623 4581 ἐκδίκησιν
1650 4508 1758 4562 τῶν
1792 4488 1834 4542 D

183 4602 529 4668 Ἐκκλησιῶν
592 4602 945 4667 ἐξεκαλοῦντο
993 4603 1342 4673 δακρύοντες.
1392 4601 1505 4655 Νῦν
1556 4602 1613 4654 δέ
1663 4602 1760 4671 (ὡς

171 4686 352 4759 ἔφθην
392 4688 584 4757 εἰπὼν)
627 4691 722 4745 καὶ
754 4692 1063 4763 γράμματα
1102 4692 1367 4764 διάφορα,
1416 4692 1510 4745 καὶ
1553 4694 1617 4746 ἐκ
1642 4693 1762 4746 δια·-

172 4782 362 4852 φόρων
408 4784 617 4837 ἐκεῖθεν
668 4786 1132 4856 ἀναπεφοίτηκεν,
1188 4785 1493 4857 τραγῳδίας
1541 4786 1761 4856 ἀπάσης

172 4875 274 4929 καὶ
305 4876 515 4946 μυρίων
556 4876 771 4948 θρήνων
802 4878 1062 4949 γέμοντα’
1095 4870 1170 4932 ὧν
1208 4878 1278 4931 τὰ
1310 4878 1398 4931 ῐσα
1425 4919 1441 4945 ,
1489 4880 1635 4933 κατά
1659 4879 1760 4950 τὴν

174 4968 411 5020 εκείνων
436 4968 660 5035 ἀξίωσίν
685 4987 744 5023 τε
776 4972 871 5023 καὶ
905 4970 1180 5041 ἐξαίτησιν
1211 4973 1348 5043 (καὶ
1371 4974 1481 5045 γάρ
1511 4975 1591 5035 είς
1620 4976 1758 5028 πάν-

172 5076 281 5122 τας
313 5060 456 5123 ,τοὺς
499 5062 920 5131 ἀρχιερατικοὺς
964 5064 1058 5116 καὶ
1103 5063 1494 5127 ἀποστολικοὺς
1538 5064 1761 5135 θρόνους

172 5148 493 5220 διαδοθῆναι
515 5152 689 5205 ταῦτα
714 5153 852 5221 μετά
883 5153 1127 5222 φρικτῶν
1153 5156 1330 5224 ὅρκων
1356 5155 1451 5207 καὶ
1476 5154 1760 5225 παρακλή-

176 5258 324 5295 σεων
355 5241 760 5314 ἐδυσώπησαν),
782 5243 858 5306 ὡς
882 5244 1020 5297 αὑτά
1050 5246 1234 5298 ἐκεῖνα
1253 5248 1593 5316 παραστήσει
1622 5248 1758 5300 ἀνα-

170 5334 586 5404 γινωσκόμενα.
633 5335 724 5406 Τῷ
750 5336 807 5389 δὲ
847 5336 1003 5407 ήμῶν
1031 5336 1110 5407 τῷ
1140 5338 1478 5409 γραμματίῳ
1501 5340 1759 5404 ἐνετάξαο

174 5442 307 5498 μεν,
339 5426 427 5479 ἵνα
466 5428 559 5482 καὶ
588 5430 716 5498 περὶ
747 5429 976 5497 τούτων,
1012 5431 1113 5499 τῆς
1138 5431 1298 5500 ἁγίας
1324 5434 1418 5485 καὶ
1455 5434 1761 5504 οἰκουμενι-

258 5566 281 5595 ³
316 5562 438 5617 Act.
478 5580 597 5630 vut,
630 5565 717 5619 10.
796 5567 840 5599 ³⁸
875 5566 1016 5623 Psal.
1050 5586 1203 5637 xvttt,
1236 5571 1300 5636 5;
1345 5571 1501 5626 Rom.
1536 5589 1590 5629 τι.
1638 5574 1721 5627 18.

1859 3244 1979 3297 qua:
2005 3229 2106 3282 alia
2132 3228 2331 3282 similia
2360 3227 2733 3297 agitabuntur,
2771 3240 2834 3279 ea
2865 3240 2988 3279 cum
3030 3225 3302 3285 libertate,
3323 3241 3445 3293 quze

1857 3325 2113 3377 thronum
2137 3324 2295 3377 decet
2333 3321 2714 3391 apostolicum.
2751 3318 2888 3372 Cum
2923 3318 3196 3387 praecipue
3226 3317 3295 3386 ab
3335 3317 3446 3370 Ita-

1855 3415 1942 3472 liae
1982 3416 2226 3487 partibus
2267 3412 2541 3485 synodalis
2580 3412 2647 3466 ad
2694 3426 2797 3465 nos
2851 3409 3084 3480 epistola
3140 3410 3447 3480 perscripta

1854 3509 2087 3572 venerit,
2118 3505 2556 3562 accusationibus
2586 3504 2822 3559 infandis
2861 3503 3069 3573 repleta
3103 3520 3119 3569 ;
3149 3518 3283 3571 quas
3304 3519 3449 3558 con-

1857 3594 1955 3661 tra‘
1977 3604 2258 3675 proprium
2283 3602 2527 3671 ipsorum
2561 3600 2904 3670 episcopum,
2944 3597 3063 3651 Itali
3084 3598 3150 3651 ad
3182 3613 3284 3651 nos
3318 3612 3445 3651 cum

1858 3694 2143 3766 multiplici
2171 3690 2652 3753 condemnatione,
2693 3688 3096 3758 etjuramentis
3124 3704 3231 3742 non
3264 3688 3449 3757 parvis

1860 3786 2304 3849 transmiserant,
2339 3792 2619 3853 rogantes,
2656 3797 2726 3836 ne
2760 3783 2992 3835 velimus
3026 3780 3133 3849 pati
3164 3780 3298 3834 adeo
3340 3779 3455 3833 mi-

1859 3893 2044 3932 serum
2096 3876 2150 3929 in
2176 3876 2398 3929 modum
2424 3874 2571 3943 ipsos
2612 3873 2807 3942 perire,
2837 3872 2931 3942 qui
2970 3881 3077 3925 tam
3108 3881 3335 3941 urgente
3390 3881 3449 3926 et

1860 3967 2192 4024 intolerabili
2248 3965 2537 4039 tyrannide
2562 3966 2967 4035 opprimantur,
3017 3979 3115 4033 per
3147 3978 3309 4033 quam
3354 3978 3457 4017 sa-

1860 4060 2090 4118 cerdotii
2128 4061 2274 4132 leges
2318 4059 2716 4116 contumeliose
2743 4057 3064 4127 reﬁguntur,
3101 4066 3158 4111 et
3184 4071 3447 4125 quaecun-

1859 4166 1966 4221 que
2007 4149 2438 4205 consuetudines
2468 4147 2858 4204 ecclesiasticae
2906 4146 3301 4199 subvertantur
3336 4162 3348 4197 :
3392 4154 3449 4198 et

1860 4250 2012 4297 certe
2044 4256 2156 4295 non
2191 4254 2340 4295 nunc
2365 4240 2625 4310 primum,
2659 4238 2757 4293 sed
2784 4246 2837 4291 et
2858 4237 2987 4291 olim
3019 4253 3117 4307 per
3151 4236 3448 4291 monachos

1860 4342 1915 4388 et
1944 4333 2289 4403 presbyteros
2312 4332 2446 4386 inde
2480 4330 2758 4402 profugos,
2778 4330 2893 4384 haec
2921 4330 2987 4383 ad
3009 4330 3254 4383 omnium
3286 4344 3455 4383 aures

1863 4425 2233 4479 dimanarunt.
2288 4422 2520 4479 Basilius
2552 4430 2689 4486 erat,
2721 4421 2989 4483 Zosimas,
3033 4431 3089 4477 et
3132 4421 3446 4491 Metropha-

1865 4530 1985 4577 nes,
2019 4529 2231 4568 necnon
2267 4514 2379 4579 alii,
2418 4513 2510 4583 qui
2540 4512 2886 4584 tyrannidem
2921 4513 3148 4567 istamce
3192 4512 3446 4582 deplora-

1865 4611 2017 4675 bant,
2049 4618 2104 4662 et
2122 4609 2212 4678 qui
2236 4623 2359 4662 cum
2407 4608 2656 4677 lacrymis
2704 4607 2773 4661 ad
2808 4607 3106 4662 Ecclesiam
3157 4607 3443 4661 vindican-

1866 4703 1989 4757 dam
2014 4716 2114 4755 nos
2139 4700 2469 4755 excitabant.
2506 4699 2564 4753 In
2599 4699 2855 4769 praesenti
2881 4708 3084 4763 autem,
3117 4697 3259 4767 quod
3290 4697 3454 4751 dice-

1865 4794 2078 4856 bamus,
2122 4793 2349 4847 diversae
2373 4792 2442 4846 de
2469 4790 2701 4846 diversis
2731 4790 2864 4844 locis
2894 4789 3087 4843 littera:
3125 4788 3341 4842 abunde
3374 4787 3449 4842 ad

1865 4902 1967 4941 nos
1997 4893 2286 4945 venerunt,
2313 4882 2531 4954 tragicis
2556 4881 2828 4936 sexcentis
2848 4879 3007 4934 lessis
3037 4879 3258 4949 repleta:
3283 4888 3339 4934 et
3362 4878 3442 4931 la-

1868 4976 2087 5032 mentis.
2144 4975 2375 5029 lstarum
2405 4987 2568 5043 porro
2605 4972 2906 5026 litterarum
2951 4970 3303 5039 exemplaria,
3353 4985 3441 5025 se-

1857 5070 2097 5127 cundum
2129 5068 2273 5138 quod
2302 5068 2557 5121 volebant
2585 5075 2642 5119 et
2664 5064 2925 5135 rogabant
2952 5063 3054 5133 ipsi
3080 5062 3170 5131 qui
3201 5077 3456 5117 summo-

1858 5176 1988 5231 pere
2041 5158 2436 5213 contenderant
2476 5165 2531 5210 et
2564 5171 2666 5210 nos
2694 5154 3013 5224 adjurarant
3060 5153 3451 5216 vehementer,

1860 5262 1919 5306 ut
1950 5252 2017 5306 ad
2049 5265 2240 5306 omnes
2272 5248 2472 5318 ubique
2525 5246 2851 5317 apostolicas
2898 5244 3055 5300 sedes
3100 5242 3448 5297 transmitte-

1860 5353 2072 5405 rentur,
2097 5340 2252 5396 vobis
2310 5338 2532 5409 legenda
2562 5336 2871 5399 offerimus,
2893 5345 2948 5390 et
2983 5334 3201 5404 quidem
3245 5332 3451 5385 litteris

1860 5451 1962 5490 nos
2000 5435 2083 5489 his
2122 5432 2463 5497 inclusimus,
2497 5431 2642 5501 quod
2676 5439 2863 5487 sancta
2886 5438 2940 5485 et
2962 5424 3299 5483 mcumenica
3319 5438 3445 5491 quae

1461 5687 1694 5743 VARle
1750 5684 2151 5746 LECTIONES.

252 5806 287 5846 1
319 5815 410 5867 π).
448 5794 657 5869 averrat;
670 5800 879 5856 ύτεκεν.
