3930 6492
443 395 477 457 7
514 395 551 456 9
1600 372 1868 435 ΡΗΟΤΙΙ
1904 363 2415 431 ΡΑΤΒΙΑΒΩΗΕ
2452 361 2564 424 CP.
3506 438 3513 451 ⁸
3587 352 3683 418 740

436 509 778 562 conventura
797 506 883 554 est
927 497 987 552 in
1016 491 1249 550 Domino
1280 485 1554 561 fsynodus,
1583 492 1747 555 prout
1778 495 1906 538 cum
1934 495 1988 535 ca

2136 478 2230 549 κῆς
2261 477 2322 530 ὲν
2367 472 2562 543 Κυρίῳ
2607 467 2827 524 συνόδου
2865 463 3265 537 ἀθροιζομινης
3294 509 3311 529 ,
3339 460 3409 517 τὰ
3434 462 3510 535 τῷ
3548 464 3688 538 Θεῷ.

436 597 684 654 nonihus
731 603 1037 662 congruere
1068 584 1424 642 videbuntur,
1458 593 1559 634 suo
1589 573 1862 631 communi
1911 572 1988 626 sul

2138 569 2223 623 καὶ
2247 569 2364 630 τοῖς
2398 562 2699 625 συνοδικοῖς
2728 559 2920 615 κανόσι
2947 557 3207 611 δοκοῦντα
3224 597 3242 611 .
3272 555 3443 627 ψήφῳ
3481 555 3690 626 βεϐαιω-

442 647 948 763 fra-gio‘conflrn‘iet,
968 690 1028 736 ut
1058 679 1137 735 sic
1161 691 1297 749 pace
1317 665 1432 744 iugi
1446 680 1502 727 et
1530 668 1798 741 profunda
1824 664 1994 721 Chrisl

2139 658 2247 729 θείη
2297 657 2456 725 κοινῇ
2500 695 2518 720 ,
2549 654 2644 707 καὶ
2691 651 2886 722 εἰρήνη
2939 648 3132 720 βαθεῖα
3173 647 3278 711 τὰς
3322 647 3418 701 τοῦ
3468 648 3691 719 Χριστοῦ

442 744 686 839 Ecclesia
719 785 1155 848 quaquaversum
1198 764 1528 838 perfruatur.

1344 772 1528 819 ’uatur.
2143 749 2473 821 Ἐκκλησίας
2502 744 2896 814 καταλήψοιτο.

515 878 606 931 58.
648 847 833 942 Neque
892 881 1027 923 sane
1070 870 1307 919 vestram
1347 853 1693 913 solummodo
1736 847 2033 906 beatitudi-

2202 864 2307 934 λη’.
2339 863 2450 917 Καὶ
2478 860 2588 931 γὰρ
2613 859 2708 913 καὶ
2734 858 2796 912 οὑ
2829 857 2989 927 μόνον
3015 854 3114 927 τὴν
3141 854 3425 925 ὑμετέραν
3453 855 3697 927 μακαριό-

445 982 573 1023 nem
626 966 736 1019 huc
775 969 1163 1018 convocainus,
1211 950 1309 1007 sed
1350 948 1683 1017 reliquarum
1728 956 1850 1014 qua:
1908 954 1997 996 sur

2145 976 2271 1028 τητα
2297 957 2391 1010 ἐπὶ
2414 954 2575 1008 τοῦτο
2607 949 3049 1025 προκαλούμεθαο
3092 947 3233 1003 ἀλλά
3263 963 3331 1015 γε
3359 946 3423 1018 δὴ
3444 985 3457 1010 ,
3488 949 3578 1001 καὶ
3601 948 3697 1001 τῶν

448 1052 997 1126 archiepiscopalium
1044 1056 1102 1103 et
1164 1042 1589 1114 apostolicarum
1633 1038 1847 1093 sedium
1894 1032 2000 1088 anti

2147 1051 2310 1108 mm
2358 1045 2764 1119 ἀρχιερατικῶν
2816 1045 2913 1097 καὶ
2963 1040 3348 1096 ἁποστολικῶν
3398 1038 3617 1110 θρόνων,
3658 1042 3699 1093 οἱ

448 1150 625 1213 stites,
641 1124 749 1202 Vvel
775 1145 887 1215 jam
909 1142 1275 1203 advenerunt,
1305 1134 1389 1190 vel
1410 1130 1729 1204 propediem
1753 1128 2000 1183 adventui

2149 1146 2239 1216 μὲν
2269 1144 2368 1215 ἥδη
2402 1142 2500 1196 καὶ
2546 1140 2823 1211 πάρεισιν,
2864 1136 2914 1189 οί
2959 1135 3017 1189 δὲ
3049 1135 3112 1188 οὑ
3145 1132 3288 1205 μετὰ
3332 1132 3502 1185 πολὺν
3533 1132 3701 1202 χρόνον

449 1248 865 1312 CXSpeclalllllr-
1932 1308 1960 1312 _
2140 1236 2397 1311 παρεῖναί
2423 1237 2529 1289 είσι
2560 1233 2940 1306 προσδόκιμοι.

521 1308 613 1390 ὅθ.
654 1331 734 1387 Ne
756 1327 1064 1386 committat
1095 1324 1263 1395 igitur
1290 1319 1608 1376 fraternitas
1636 1324 1815 1371 vestra
1847 1312 1902 1366 in
1931 1308 2039 1365 Do-

2212 1308 2312 1384 λθ’.
2356 1330 2448 1401 Μὴ
2477 1324 2570 1382 οὖν
2600 1330 2634 1398 ἡ
2670 1326 2915 1396 ὑμετέρα
2948 1327 3007 1377 ὲν
3030 1320 3224 1393 Κυρίῳ
3246 1318 3567 1390 ἀδελφότης,
3597 1321 3711 1374 ἀνα-

455 1427 607 1481 mino
642 1438 771 1495 quae
810 1429 913 1483 est.
975 1433 1074 1489 per
1128 1417 1364 1486 aliquam
1394 1411 1735 1474 dilationem,
1766 1413 1861 1460 aut
1914 1418 2007 1475 pro

2158 1424 2275 1495 Ξολῇ
2307 1441 2413 1476 τινι
2444 1421 2541 1475 καὶ
2579 1420 2888 1491 παρα-τάσει
2916 1417 3112 1487 χρόνου
3133 1456 3148 1481 ,
3180 1415 3317 1475 τοὺς
3346 1413 3602 1480 ἀδελφοὺς
3627 1414 3710 1467 αὑ-

456 1514 908 1574 crastinationem
947 1509 1231 1580 temporis,
1288 1514 1349 1559 ut
1376 1504 1584 1559 diutius
1618 1514 1783 1571 quam
1811 1512 1909 1569 par
1961 1510 2008 1549 es

2158 1520 2246 1589 τῆς
2266 1516 2564 1587 διατρίϐειν
2596 1514 2739 1584 ὑπὲρ
2760 1512 2822 1565 τὸ
2848 1512 2987 1573 δέον,
3014 1509 3256 1580 ποιήσει·
3292 1505 3631 1574 γινώσκουσα
3648 1508 3710 1571 ὠς

459 1612 657 1668 fratres
714 1623 814 1663 vos
849 1607 938 1661 hic
979 1610 1345 1674 exspectent:
1384 1597 1601 1654 noverit
1626 1594 1797 1666 quod,
1850 1592 1900 1648 si
1948 1605 2011 1661 pe

2159 1613 2197 1665 ιί
2227 1613 2281 1664 τι
2329 1611 2480 1680 παρὰ
2507 1608 2606 1678 τὴν
2636 1604 2809 1675 αὑτῆς
2852 1601 3172 1674 ὑστέρησιν,
3202 1599 3269 1652 οὑ
3320 1598 3469 1652 κατὰ
3507 1598 3566 1650 τὸ
3591 1597 3711 1659 δέον,

459 1712 703 1758 vestrum
730 1697 1017 1768 aliqualem
1044 1694 1320 1750 defectum
1348 1707 1438 1746 res
1470 1705 1569 1744 suo
1591 1687 1790 1743 ordine
1812 1684 1915 1739 rite
1935 1698 2008 1737 no

2161 1704 2366 1766 ἐλλιπές
2401 1720 2454 1756 τι
2493 1697 2897 1771 διαπραχθείη,
2952 1697 3052 1765 οὐχ
3091 1691 3288 1764 ἕτερός
3338 1708 3452 1759 τις,
3496 1691 3604 1746 ἀλλ’
3649 1693 3713 1757 είς

464 1801 810 1867 peragantur,
840 1805 951 1845 non
981 1789 1037 1843 in
1058 1788 1245 1849 alimn,
1286 1783 1383 1839 sed
1424 1784 1481 1838 in
1510 1783 1689 1854 ipsum
1723 1777 2016 1847 delinqueu

1838 1791 2049 1847 “quem
2078 1843 2124 1868 η
2154 1797 2353 1868 ἑαυτὴν
2381 1794 2520 1866 αὑτὴ
2548 1793 2611 1847 τὸ
2640 1792 2966 1861 κατάκριμα-
2993 1787 3390 1841 ἐπισπάσαιτο·

464 1843 576 1943 rtem
596 1843 813 1941 :ecidet
835 1891 1117 1939 contracta
1140 1880 1319 1949 culpa.
2078 1843 2127 1903 Β

538 1978 629 2032 ιο.
669 1976 775 2031 Sed
798 1984 856 2029 et
890 1974 1021 2028 illud
1044 1972 1271 2041 insuper
1296 1968 1448 2024 libris
1468 1966 1670 2022 nostris
1692 1964 1948 2020 duximus
1972 1963 2057 2018 in-

2230 1984 2303 2047 μ’.
2346 1976 2456 2030 Καὶ
2492 1972 2651 2027 τοῦτο
2679 1971 2737 2025 δὲ
2782 1967 3155 2041 προστεθῆναι
3187 1962 3374 2037 χρεὼν
3418 1965 3533 2027 τοῖς
3565 1961 3715 2034 γράμ-

468 2070 774 2134 ferendum,
807 2077 869 2122 ut
887 2066 1148 2121 nimirum
1179 2073 1425 2119 sanctam
1462 2068 1518 2115 et
1552 2057 1915 2113 universalem
1965 2071 2020 2112 se

2164 2085 2330 2141 μασιν
2374 2064 2701 2140 ἡγησάμεθα
2723 2105 2739 2133 ,
2776 2063 2863 2116 ἴνα
2894 2061 2996 2133 τὴν
3029 2060 3196 2129 ἁγίαν
3227 2058 3330 2113 καὶ
3369 2056 3716 2127 οἱκουμενικὴν

478 2162 711 2232 ptimam
752 2159 1019 2230 synodum
1054 2156 1109 2210 in
1147 2154 1403 2210 eumdem
1433 2166 1724 2207 numerum
1763 2148 1944 2204 velitis
2002 2163 2030 2203 e

2165 2162 2397 2231 ἑϐδόμην
2442 2160 2677 2222 σύνοδον,
2722 2159 2843 2221 ταῖς
2891 2154 3079 2224 ἁγίαις
3126 2153 3223 2207 καὶ
3252 2151 3650 2221 οἰκουμενικαίς
3676 2150 3717 2215 ἐξ

471 2253 721 2308 ordinem
783 2249 995 2305 referre
1043 2263 1171 2303 cum
1220 2262 1319 2302 sex
1347 2244 1555 2301 sanctis
1595 2252 1653 2298 et
1701 2241 2023 2298 tecumenici

2164 2255 2402 2317 συνόδοις
2432 2252 2752 2305 συντάττειν
2795 2250 2892 2303 καὶ
2936 2246 3317 2318 συναριθμεϊν,
3352 2242 3518 2297 παντὶ
3548 2241 3620 2314 τῷ
3650 2241 3715 2311 ὑφ’

471 2343 739 2404 conciliis.
797 2357 895 2413 per
927 2340 1213 2397 universas
1247 2347 1439 2392 vestra:
1475 2335 1700 2391 ditionis
1748 2334 2022 2390 Ecclesias

2164 2348 2318 2417 ὑμῶν
2338 2347 2441 2416 τῆς
2472 2344 2801 2415 Ἐκκλησίας
2834 2338 3174 2411 παραδοθείη
3206 2335 3561 2405 πληρώματι’
3592 2334 3715 2403 φήμη

472 2456 599 2494 cum
628 2439 698 2494 ad
727 2453 830 2492 nos
852 2452 1040 2491 rumor
1092 2434 1432 2490 increbuerit
1462 2434 1607 2505 quod
1635 2432 1884 2503 quaedam
1931 2446 2024 2501 apo

2167 2440 2275 2511 γὰρ
2307 2433 2441 2510 ἧκεν
2471 2438 2550 2498 είς
2582 2435 2760 2505 ἡμᾶς,
2810 2430 2888 2496 ὥς
2927 2447 3070 2493 τινες
3114 2428 3225 2482 τῶν
3263 2427 3374 2479 ὑπὸ
3413 2424 3503 2477 τὸν
3533 2424 3719 2477 eatacta:

474 2530 669 2585 stolico
713 2537 898 2584 vestro
950 2528 1150 2582 throno
1193 2526 1427 2581 subditae
1471 2524 1730 2581 Ecclesiae
1768 2538 1943 2594 usque
1997 2537 2026 2576 a

2167 2532 2317 2586 λικδν
2363 2528 2518 2600 ὑμῶν
2563 2526 2753 2599 θρόνον
2814 2523 3172 2592 Ἐκκλησίαι,
3209 2520 3378 2592 μέχρι
3423 2518 3524 2588 τῆς
3554 2518 3714 2589 ἕκτης,

476 2629 686 2677 sextam
723 2620 1045 2690 computare
1090 2618 1270 2673 solent
1295 2616 1639 2672 universales
1675 2615 1932 2686 synodos,
1983 2628 2028 2668 se

2170 2625 2268 2686 τὰς
2294 2618 2684 2693 οίκουμενικὰς
2718 2616 3027 2689 ἀριθμῆσαι
3071 2613 3355 2676 συνόδους,
3390 2610 3489 2683 τὴν
3521 2608 3712 2680 ἑϐδόμην

486 2713 713 2782 ptimam
737 2725 1081 2781 nequaquam
1105 2717 1465 2781 agnoscentes
1491 2724 1506 2757 ι
1528 2723 1651 2778 quae
1675 2707 1730 2761 in
1747 2706 1837 2760 illa
1859 2705 2038 2760 sancie

2171 2717 2273 2770 οὑκ
2313 2714 2516 2768 ἴσασιν·
2546 2710 2684 2766 ἀλλὰ
2713 2710 2784 2764 τὰ
2819 2709 2918 2780 μὲν
2952 2710 3010 2762 εν
3037 2707 3175 2777 αὑτῇ
3219 2702 3568 2774 κυριωθὲντα
3596 2710 3635 2765 ι,
3657 2700 3716 2753 εἰ-

480 2805 702 2866 hautur,
740 2818 866 2857 cum
897 2802 1253 2857 veneratione
1281 2809 1536 2872 suscepta
1567 2801 1754 2855 fovere
1778 2800 2032 2855 dicuntur

2174 2825 2283 2880 περ
2314 2824 2368 2861 τι
2397 2806 2548 2868 ἄλλο,
2592 2805 2683 2859 διὰ
2718 2802 2958 2872 σπουδῆς
2995 2799 3093 2854 καὶ
3123 2797 3561 2867 σεϐασμιότητος
3585 2795 3706 2861 ἄγου-

485 2893 659 2963 ἰρεοιιι
695 2905 873 2947 tamen
929 2892 1174 2947 nondum
1204 2908 1272 2947 eo
1300 2891 1637 2963 processisse
1683 2886 2037 2958 suseeptiouit

2178 2922 2284 2969 σιν,
2334 2904 2502 2974 αὑτὴν
2551 2901 2597 2956 δ’
2638 2898 3042 2971 ἀνακηρύττειν
3089 2897 3186 2950 ἐπὶ
3234 2896 3339 2965 τῆς
3400 2890 3715 2961 Ἐκκλησίας,

487 2995 550 3041 ιιι
579 2986 796 3057 publice
843 3001 942 3056 per
976 2984 1250 3040 Ecclesias
1285 3025 1301 3051 ,
1337 2984 1480 3039 sicut
1528 2983 1759 3054 priores,
1806 2980 2039 3053 depraedi

2178 2997 2367 3068 ὥσπερ
2392 2994 2486 3049 καὶ
2515 2995 2616 3058 τὰς
2649 2993 2839 3056 ἄλλας,
2869 2989 3021 3044 οὔπω
3051 2991 3237 3060 τυχεῖν
3270 2984 3627 3054 ἐπιγνώσεως,
3652 2981 3718 3037 καί

487 3081 705 3135 satione
733 3079 1089 3148 suscipiatur,
1111 3078 1275 3133 etiam
1300 3088 1414 3132 tum
1438 3092 1562 3132 cum
1586 3076 1789 3147 ubique
1813 3076 1928 3147 pari
1952 3088 2039 3129 cui

2180 3106 2265 3144 τοι
2290 3089 2353 3143 τὸ
2375 3085 2495 3142 ἴσον
2518 3085 2756 3149 ἐκείναις
2784 3080 3097 3153 ἅπανταχοῦ
3128 3078 3511 3149 διασωξούσης
3531 3074 3714 3146 ἀξίωμα.

489 3173 704 3228 caeteris
733 3171 999 3242 dignitate
1026 3170 1381 3241 suscipiatur.
2106 3203 2149 3261 ο

560 3266 655 3320 41.
695 3263 858 3319 Certe
885 3263 1103 3334 quidem
1138 3263 1230 3318 illa
1254 3261 1493 3334 synodus
1524 3276 1795 3316 summam
1822 3258 2072 3331 proﬂiga-
2110 3253 2112 3255 ’

2190 3274 2195 3279 ’
2259 3260 2372 3331 μα’.
2415 3260 2527 3316 Καὶ
2566 3257 2677 3331 γὰρ
2718 3258 2814 3312 καὶ
2848 3256 2988 3329 αὕτη
3030 3257 3300 3329 μεγίστην
3331 3254 3545 3309 καθείλε
3573 3253 3720 3308 δυσσέ-

491 3355 573 3410 vit
597 3354 935 3425 impietatem
963 3369 979 3420 ;
1015 3353 1210 3408 habuit
1238 3366 1587 3407 consessores
1618 3360 1674 3405 et
1699 3350 2043 3421 suffragatore

2185 3353 2359 3419 ϐειαν,
2398 3351 2820 3424 συμπαρέδρους
2853 3351 2991 3420 αὑτῇ
3043 3352 3139 3403 καὶ
3171 3350 3511 3419 συμψήφους
3549 3348 3653 3409 τοὺς
3677 3347 3721 3397 ἐκ

492 3448 585 3520 qui
616 3448 684 3503 de
713 3455 949 3517 quatuor
998 3443 1554 3516 archiepiscopalihus
1595 3442 1812 3497 thronis
1835 3442 2037 3496 aderan

2183 3447 2294 3501 τῶν
2319 3446 2604 3516 τεσσάρων
2624 3445 2863 3516 ἥκοντας
2885 3442 3296 3515 ἀρχιερατικῶν
3319 3442 3523 3513 θρόνων
3549 3439 3719 3509 ἔχουσα·

495 3541 654 3595 Patet
666 3537 816 3594 enim
837 3552 870 3593 a
887 3548 1070 3593 vestra
1087 3536 1386 3608 apostolica
1402 3535 1532 3591 sede
1546 3533 1838 3591 advenisse
1851 3533 2047 3588 Alexan

2189 3538 2373 3611 παρῆν
2401 3538 2541 3608 γὰρ,
2577 3537 2652 3600 ὼς
2701 3536 2896 3606 δῆλον,
2930 3535 3040 3590 ἀπὸ
3075 3537 3174 3606 μὲν
3203 3536 3305 3590 τοῦ
3346 3533 3602 3607 ὑμετέρου
3629 3533 3722 3585 ἀτω-

497 3630 719 3684 drinum
737 3628 1004 3683 Thomam
1029 3627 1382 3692 monachum,
1406 3636 1463 3683 et
1476 3643 1603 3683 cum
1618 3642 1685 3682 eo
1704 3626 2049 3698 presbyteros

2194 3628 2441 3684 στολικοῦ
2475 3629 2668 3699 θρόνου
2698 3629 2796 3699 τῆς
2844 3627 3277 3699 Ἀλεξανδρείας,
3308 3626 3513 3697 Θωμᾶς
3543 3624 3721 3694 novali;

498 3725 568 3776 ab
599 3720 991 3793 Hierosolymis
1020 3730 1078 3776 et
1112 3720 1425 3785 Antiochia,
1458 3719 1719 3786 Joannes,
1759 3728 1817 3775 et
1840 3718 1932 3790 qui
1963 3735 2050 3774 Cll!

2191 3723 2598 3795 πρεσϐύτερος,
2636 3724 2731 3776 καὶ
2781 3721 2832 3775 oi
2868 3723 2965 3776 σὺν
3013 3721 3183 3793 αὐτῷ,
3220 3722 3335 3776 ἀπὸ
3380 3720 3437 3774 δὲ
3480 3718 3715 3791 Ἰεροσοὶὺ-

501 3814 597 3869 illo
635 3824 940 3876 venerunt;
982 3813 1051 3868 ab
1089 3812 1313 3884 antiqua
1346 3811 1540 3879 Roma,
1560 3812 1752 3868 aderat
1786 3811 1986 3867 Petrus
2001 3828 2053 3867 ar

2197 3834 2313 3889 μων
2346 3816 2442 3870 καὶ
2480 3816 2813 3887 Ἀντιοχείας
2853 3816 3129 3889 Ἰωάννης,
3156 3817 3255 3870 καὶ
3279 3816 3332 3869 oi
3366 3817 3463 3869 σὺν
3488 3813 3642 3883 αὐτῷ,
3663 3809 3720 3862 xtl

502 3908 880 3978 cliipresbyter
932 3907 1399 3979 religiosissimus,
1448 3917 1506 3961 et
1546 3907 1690 3961 alius
1722 3907 1854 3962 item
1898 3904 2054 3961 Petru

2194 3907 2305 3963 ἀπό
2337 3906 2402 3976 γε
2448 3906 2548 3978 τῆς
2578 3905 2964 3978 πρεσϐυτέρας
3000 3906 3225 3978 Ῥώμης
3252 3948 3269 3973 ,
3302 3907 3512 3977 Πέτρος
3556 3905 3581 3957 ὁ
3610 3901 3722 3955 εὐλα-

504 3998 811 4069 p‘resbyter,
846 3997 1153 4052 monachus
1178 4004 1235 4053 et
1265 3996 1592 4068 praepositus
1614 3997 1880 4069 religiosae
1899 3997 2056 4053 domu

2198 4001 2457 4064 ϐέστατος
2507 3999 3105 4073 πρωτοπρεσϐύτερος,
3167 4000 3265 4054 καὶ
3328 3998 3514 4071 ἔτερος
3571 3995 3726 4063 Πέτρος

505 4092 681 4147 sancti
716 4090 932 4157 Sahhae,
964 4105 1088 4160 quae
1116 4090 1305 4144 Roma:
1336 4098 1472 4145 erat.

2198 4091 2595 4163 πρεσϐύτερος,
2626 4090 2862 4161 μοιαχδς
2893 4091 2991 4145 καὶ
3017 4089 3325 4162 ἡγούμενος
3353 4093 3453 4162 τῆς
3480 4088 3611 4143 κατὰ
3640 4082 3729 4139 Ῥώ-

2203 4202 2310 4256 μην
2343 4183 2576 4253 εύαγοῦς
2610 4182 2781 4254 μονῆς
2805 4183 2898 4238 τοῦ
2925 4183 3084 4253 ἁγίου
3112 4183 3320 4239 Σάϐϐα.

581 4271 672 4326 42.
715 4270 807 4326 Isti
838 4285 1032 4325 omnes
1064 4282 1376 4325 convenere
1402 4283 1510 4323 una
1533 4284 1659 4324 cum
1691 4267 1879 4324 divino
1910 4279 2100 4323 nostro

2275 4276 2386 4348 μβ⁹.
2430 4277 2539 4331 Καὶ
2561 4277 2767 4330 τούτων
2796 4276 3051 4331 ἁπάντων
3081 4276 3540 4349 συνεληλυθότων,
3568 4272 3664 4342 ἅμα
3675 4264 3730 4339 τῷ

512 4361 695 4427 Patre,
720 4361 1090 4416 sacratissimo
1121 4368 1179 4416 et
1206 4360 1524 4416 beatissimo
1545 4361 1680 4427 viro,
1707 4359 1956 4426 Tarasio,
1999 4360 2064 4415 ad

2203 4371 2456 4442 ἡμετέρῳ
2489 4369 2823 4441 πατροθείῳ,
2851 4370 2948 4424 καὶ
2975 4371 3270 4441 ἁγιωτάτῳ
3297 4370 3394 4425 καὶ
3421 4360 3732 4440 τρισμακαρεσ

513 4462 692 4520 erant,
714 4452 1218 4523 Constantinopolis
1240 4452 1656 4525 archiepiscopo
1680 4472 1695 4508 :
1714 4468 1969 4524 magnum
1999 4452 2065 4507 ho

2207 4477 2317 4532 στῳ
2348 4459 2506 4531 ἀνδρὶ
2532 4460 2790 4533 Ταρασίῳ
2810 4501 2826 4525 ,
2889 4460 3316 4531 ἀρχιεπισκόπῳ
3346 4460 3731 4512 Κωνστανιινου-

512 4552 570 4599 et
602 4543 917 4598 universale
975 4543 1268 4613 septimum
1302 4544 1596 4600 concilium
1643 4545 2064 4616 congregabatut

2208 4544 2417 4618 πόλεως
2438 4593 2454 4619 ,
2483 4553 2518 4625 ἡ
2562 4553 2771 4625 μεγάλη
2804 4554 2896 4608 καῖ
2930 4555 3289 4625 οἰκουμενικὴ
3332 4552 3530 4623 ἑϐδόμη
3565 4543 3733 4606 σύνοδος

515 4646 577 4692 ut
622 4635 1138 4703 lconomachorum,
1182 4637 1270 4692 vel
1309 4638 1492 4708 potius
1541 4638 2067 4694 Christomachoruu

2210 4644 2604 4717 συνεκροτήθη,
2631 4645 2731 4717 τὴν
2751 4645 2862 4699 τῶν
2891 4645 3289 4716 είκονομάχων,
3316 4645 3350 4716 ἢ
3379 4626 3733 4718 χριστομάχωνι

517 4730 857 4799 iinpietatem
891 4730 1252 4794 convelleret,
1296 4741 1353 4786 et
1380 4733 1448 4788 dc
1482 4731 1576 4787 illa
1624 4732 2009 4802 triumpharet.
2045 4730 2069 4785 Ε

2206 4737 2624 4809 θριαμϐεύσασα
2667 4737 2764 4793 καὶ
2793 4736 3100 4792 καθελοῦσα
3137 4739 3479 4794 δυσσέϐειαν*
3517 4731 3578 4806 ἦς
3607 4732 3732 4789 ἴσως,

523 4823 689 4893 huius
718 4822 861 4878 forte
888 4823 1079 4893 synodi
1104 4823 1365 4894 practica,
1402 4832 1627 4894 pr0ptcr
1648 4824 1935 4880 barbaram
1963 4824 2075 4879 illar

2204 4829 2300 4884 τοῦ
2332 4829 2670 4903 βαρϐαρικοῦ
2694 4831 2791 4884 καὶ
2816 4831 3120 4900 ἀλλοφύλου
3147 4831 3259 4885 τῶν
3302 4827 3574 4903 Ἀῤῥάϐων
3602 4835 3734 4875 κατα-

523 4926 582 4970 et
610 4917 958 4988 peregrinam
983 4927 1202 4989 gentem
1247 4918 1523 4982 Arabum,
1572 4933 1695 4989 qua:
1740 4918 1942 4989 passim
1994 4919 2075 4974 loc

2208 4921 2430 4993 σχόντος
2469 4923 2570 4987 τὰς
2619 4922 2804 4994 χώρας
2846 4923 3058 4991 ἔθνους,
3089 4926 3191 4979 οὐκ
3216 4924 3433 4995 ἐγένετο
3473 4920 3650 4993 ῥᾷστον
3686 4909 3735 4963 τὰ

523 5007 707 5061 omnia
737 5006 1051 5072 infestabat,
1084 5009 1151 5063 ad
1172 5026 1272 5065 vos
1295 5008 1495 5065 deferri
1515 5025 1627 5065 non
1662 5020 1909 5081 potuere.
1934 5013 2075 5082 Atqu

2208 5016 2490 5087 πρακτικὰ
2521 5015 2658 5087 πρὸς
2696 5017 2842 5087 ὑμᾶς
2880 5016 3330 5088 διακομισθῆναι.
3366 5016 3443 5069 Δι’
3478 5013 3541 5085 ἣν
3576 5004 3737 5064 αἰτίαν.

525 5096 712 5150 hocin
733 5112 896 5152 causa
937 5099 1107 5154 fuisse
1135 5100 1376 5165 videtur,
1411 5116 1513 5155 cur
1552 5116 1584 5154 a
1614 5101 1803 5157 multis
1831 5102 1977 5172 apud
2013 5118 2077 5158 vo

2209 5107 2363 5178 παρὰ
2392 5106 2604 5171 πολλοῖς
2626 5109 2735 5161 τῶν
2761 5107 2952 5162 αὐτόθι
2974 5152 2990 5173 ,
3021 5109 3229 5179 ταύτης
3252 5110 3308 5164 αἱ
3331 5106 3507 5171 τάξεις
3529 5115 3572 5159 ι.
3598 5099 3641 5152 εί
3667 5093 3738 5149 καὶ

527 5188 692 5261 hujus
721 5190 914 5261 synodi
944 5192 1393 5256 constitutiones,
1428 5192 1561 5249 licet
1584 5208 1713 5248 cum
1752 5192 1964 5250 honore
1989 5209 2079 5249 sus

2209 5200 2481 5271 τιμῶνται
2530 5203 2626 5254 καὶ
2675 5201 3053 5272 περιέπονται·
3111 5202 3227 5257 ἀλλ’
3282 5196 3397 5267 οὖν,
3450 5199 3527 5252 ὅτι
3574 5188 3737 5255 ταύτης

528 5281 806 5351 cipiautur
834 5289 891 5337 et
920 5284 1307 5350 admittantur,
1330 5293 1513 5341 tamen
1542 5284 1599 5340 in
1630 5285 1906 5357 publicam
1925 5285 2080 5359 cogni

1852 5301 1906 5340 m
1925 5285 2116 5359 cogni-
2212 5295 2373 5359 είσὶν,
2405 5293 2483 5359 ὦς
2511 5312 2698 5366 φασιν,
2722 5296 2823 5350 οὐκ
2851 5296 2989 5350 εἰσὶν
3019 5298 3080 5350 ὲν
3105 5294 3327 5366 γνώσει.

532 5372 735 5428 tionem
764 5387 876 5426 non
903 5384 1192 5430 venerunt.

598 5464 690 5519 43.
731 5462 837 5518 Par
869 5473 956 5520 est
992 5464 1180 5536 igitur,
1227 5466 1371 5536 quod
1420 5467 1762 5533 dicebamus,
1814 5478 1875 5524 ut
1920 5482 2117 5540 magna

2292 5470 2403 5541 μγ’.
2432 5470 2554 5544 Χρὴ
2575 5471 2620 5526 δ’
2644 5466 2740 5527 οὖν
2762 5473 2857 5527 καὶ
2876 5470 3083 5545 ταύτην
3110 5471 3384 5545 (καθάπερ
3410 5456 3645 5536 ἑφθημεν)

532 5567 723 5612 sancta
743 5558 1085 5614 mcumenica
1132 5559 1248 5615 haec
1270 5564 1511 5632 synodus
1533 5576 1641 5617 una
1683 5578 1809 5619 cum
1840 5578 1934 5619 sex
1969 5564 2084 5634 prio

2217 5564 2392 5637 γάλην
2420 5541 2605 5620 τεκαὶ
2638 5564 2800 5636 ἁγίαν
2826 5566 2921 5622 καὶ
2952 5541 3361 5639 οίκουμενικὴν,
3407 5561 3494 5616 καὶ
3516 5553 3620 5616 ταῖς
3653 5541 3733 5615 “id

1815 5720 2055 5780 VARle
2097 5721 2271 5779 1.Εοί
2279 5724 2389 5780 1οΝ
2401 5727 2502 5784 ES.

621 5856 647 5887 ⁸
678 5851 782 5921 leg.
813 5852 1149 5925 κυρωθέντα.
1229 5867 1256 5898 ι
1288 5856 1374 5912 ἴσ.
1425 5856 1717 5924 διατάξεις.
