3930 6446
257 366 354 429 741

1412 371 1951 432 EPISTOLARUM
1992 371 2225 432 LIBER
2264 371 2315 433 Ι.

3410 372 3518 435 742

257 478 431 550 αὐτῆς
465 477 524 545 ἓξ
556 480 794 544 συνόδοις
811 483 1327 555 συνανακηρύττειν.
1356 484 1431 538 Τὸ
1451 486 1560 556 γὰρ
1594 485 1670 557 μὴ
1697 484 1819 538 οὖτα

1947 484 2097 539 ribus
2142 484 2469 555 publicetur.
2502 482 2639 540 Nam
2669 486 2715 539 si
2754 483 2857 537 hoc
2891 483 3006 539 ﬁeri
3038 486 3361 557 negligatur,
3411 487 3516 541 im-

249 562 683 639 διαπράττεσθαι
730 573 824 626 καὶ
861 575 1057 639 ποιεῖν,
1109 574 1325 645 πρῶτον
1355 576 1453 646 μὲν
1485 578 1689 631 ἀδικεῖν
1720 580 1836 631 ἐστι

247 663 351 731 τὴν
398 661 494 714 τοῦ
546 662 786 733 Χριστοῦ
857 666 1205 737 Ἐκκλησίαν,
1282 668 1620 740 τηλικαύτην
1666 670 1835 739 ὑπερ-

258 754 506 824 ορῶντας
537 756 777 822 σύνοδον,
810 758 904 812 καὶ
937 759 1176 831 τοσούτῳ
1212 760 1369 831 μέρει
1399 760 1492 814 τὸν
1539 761 1834 830 σύνδεσμον

246 846 421 917 αὐτῆς
469 850 565 902 καὶ
607 850 708 920 τὴν
752 850 1052 919 συνάφειαν
1092 852 1433 917 διασπῶντας
1464 854 1561 907 καὶ
1586 853 1830 906 διαλύον-

241 955 367 1001 τας.
409 940 673 1011 Δεύτερον
694 942 749 993 δὲ
775 981 789 1004 ,
822 944 912 995 καὶ
940 943 1051 997 τῶν
1087 944 1611 1015 είκονομαχούντων,
1645 938 1719 999 ὧν
1742 945 1833 998 οὑ-

243 1028 337 1081 δὲν
382 1032 604 1085 ἔλαττον
646 1032 753 1085 τῶν
793 1034 969 1088 ἄλλων
1010 1036 1325 1105 αἱρετικῶν,
1362 1033 1422 1090 εὗ
1466 1034 1564 1090 οἷδ’
1618 1037 1699 1090 ὃτι
1730 1054 1831 1108 μυ-

244 1124 541 1176 σάττεσθαι
573 1125 601 1165 ιι
631 1126 692 1178 τὸ
736 1126 1078 1199 δυσσέϐημα,
1128 1130 1420 1184 πλατύνειν
1447 1131 1566 1183 ἐστὶ
1598 1130 1666 1184 τὰ
1711 1131 1831 1184 στό-

243 1231 419 1283 ματα·
458 1216 580 1285 οὐχ)⁵
611 1218 964 1290 οίκουμενικῇ
1000 1221 1201 1292 συνόδῳ
1227 1221 1325 1293 τὴν
1351 1222 1530 1275 αὐτῶν
1564 1222 1823 1294 καθαιρε-

240 1305 407 1375 θῆναι
428 1306 768 1374 δυσσέϐειαν,
804 1310 919 1364 ἀλλ’
951 1312 1067 1375 ἐνὸς
1101 1312 1293 1385 θρόνου
1321 1314 1520 1385 κρίσει,
1545 1314 1645 1384 τὴν
1668 1313 1825 1385 δίκην

240 1399 491 1470 ὑπέχειν,
525 1404 801 1473 πρόφασιν
829 1406 1064 1474 ἑχόντων
1103 1408 1182 1469 είς
1210 1408 1270 1459 τὸ
1298 1406 1708 1477 τερατεύεσθαι.

318 1490 427 1559 μδ’.
466 1493 544 1544 Δι’
572 1493 719 1566 ἅπερ
745 1495 985 1561 ἅπαντα,
1009 1497 1066 1550 ἕν
1091 1514 1149 1549 τε
1173 1500 1286 1561 τοῖς
1314 1498 1613 1561 συνοδικοῖς
1636 1498 1820 1569 γράμ-

238 1598 415 1650 μασι,
472 1586 566 1637 καὶ
646 1588 708 1641 ὲν
786 1587 977 1652 ἄλλαις
1041 1590 1283 1649 ἀπάσαις
1338 1590 1824 1661 ἐκκλησιαστικαῖς

238 1674 510 1744 ἱστορίαις
566 1679 661 1732 καὶ
726 1680 1113 1752 συζητήσεσιν,
1169 1681 1424 1752 ἀριθμεῖν
1482 1683 1687 1754 ταύτην
1726 1685 1822 1737 καὶ

236 1769 673 1837 συγκαταλέγειν
735 1775 854 1837 ταῖς
926 1773 1114 1842 ἁγίαις
1157 1775 1257 1829 καὶ
1315 1777 1720 1846 οἰκουμενικαῖς
1759 1777 1818 1844 ἓξ

235 1859 483 1923 συνόδοις
502 1900 517 1926 ,
544 1860 780 1932 ἑϐδόμην
811 1864 1138 1932 μετακείνας
1176 1875 1199 1903 ο
1227 1864 1539 1931 τάττοντας,
1563 1864 1824 1937 ἀξιοῦμέν

231 1966 321 2013 τε,
354 1952 450 2004 καὶ
501 1952 577 2015 ὼς
613 1954 862 2023 ἀδελφοῖς
905 1956 1144 2025 ἀδελφοὶ,
1178 1956 1555 2028 παραινοῦμεν
1589 1958 1660 2011 τὰ
1689 1960 1824 2031 πρέ-

231 2060 415 2097 ποντα
442 2046 847 2117 εἰσηγούμενοι.

315 2142 419 2205 με¹.
460 2138 695 2208 Χριστὸς
724 2140 803 2205 δὲ,
835 2142 863 2193 ό
899 2140 1151 2212 ἀληθινὸς
1183 2142 1315 2206 Θεὸς
1340 2143 1522 2214 ἡμῶν,
1548 2146 1578 2199 ό
1607 2144 1824 2218 πρῶτος

231 2227 334 2280 καὶ⁹
372 2228 544 2298 μέγας
589 2230 901 2302 ἀρχιερεὺς,
944 2236 971 2285 ὁ
1001 2233 1249 2289 ἑκούσιον
1279 2236 1419 2306 ὑπὲρ
1444 2237 1599 2307 ἡμῶν
1628 2239 1823 2293 ἑαυτὸν

232 2319 747 2393 καλλιερησάμενος
793 2324 1043 2392 σφάγιον,
1077 2326 1176 2379 καὶ
1220 2327 1277 2380 τὸ
1319 2328 1521 2381 οἰκεῖον
1554 2323 1694 2400 αἷμα
1723 2329 1821 2383 λύο

228 2429 368 2483 τρον
391 2415 532 2485 ὑπὲρ
559 2415 717 2485 ήμῶν
741 2417 1128 2486 καταθέμενος,
1150 2419 1266 2490 δοίη
1294 2419 1394 2490 μὲν
1420 2421 1520 2492 τὴν
1549 2422 1821 2494 ὑμετέραν

227 2507 630 2577 ἀρχιερατικὴν
656 2508 750 2562 καὶ
768 2511 957 2579 τιμίαν
982 2512 1223 2583 κεφαλὴν
1250 2514 1484 2583 κρείττω
1504 2515 1613 2567 τῶν
1636 2515 1822 2588 κύκλῳ

232 2600 652 2670 καθισταμένων
694 2601 1048 2674 βαρϐαρικῶν
1099 2604 1270 2657 ὲθνῶν
1299 2604 1555 2675 όφθῆναια
1600 2607 1717 2679 δοίη
1764 2608 1822 2660 δὲ

229 2690 472 2761 γαληνὸν
512 2693 609 2746 καὶ
658 2695 865 2765 ἤρεμον
898 2696 1145 2761 ἐξανύειν
1188 2698 1279 2751 τὸν
1306 2696 1399 2749 τοῦ
1435 2697 1551 2767 βίου
1596 2700 1819 2771 δρόμον⁸

229 2781 355 2852 δοίη
384 2782 440 2835 δὲ
472 2788 655 2854 τυχεῖν
691 2787 785 2838 καὶ
815 2787 914 2856 τῆς
944 2787 1056 2841 ἄνω
1086 2787 1442 2858 κληρουχίας,
1469 2790 1821 2862 ἀνεκλαλήτῳ

229 2877 385 2947 χαρᾷ
422 2880 517 2929 καὶ
550 2878 883 2949 εὐφροσύνῃ,
917 2879 1046 2933 ἔνθα
1078 2880 1299 2935 πάντων
1336 2883 1485 2935 ἐστὶν
1528 2884 1821 2955 εὐφραινο-

232 2968 417 3037 μένων
447 2970 480 3039 ἡ
512 2969 764 3023 κατοικία
788 3011 804 3035 ,
840 2973 934 3025 καὶ
978 2968 1046 3044 ἧς
1077 2974 1290 3044 ἀπέδρα
1336 2975 1496 3046 ὀδύνη
1540 2977 1691 3029 πᾶσα
1725 2980 1820 3031 καὶ

232 3062 547 3133 στεναγμὸς
576 3065 671 3117 καὶ
720 3066 1013 3135 κατήφεια·
1044 3068 1101 3120 ὲν
1142 3067 1291 3137 αὑτῷ
1322 3069 1544 3142 Χριστῷ
1574 3070 1653 3141 τῷ
1680 3070 1817 3141 ἀλη-

1938 575 2131 644 primis
2161 575 2364 631 Christi
2399 576 2642 631 Ecclesia
2683 577 2882 646 injuria
2912 576 3161 639 aﬂicitur,
3205 578 3294 631 ubi
3319 577 3440 631 talis
3461 588 3518 632 et

1936 677 2086 723 tanta
2115 670 2354 740 synodus
2380 670 2659 740 despectui
2692 670 2942 737 habetur,
2973 679 3029 723 et
3050 669 3222 739 ipsius
3245 670 3435 737 copula
3462 679 3519 724 et

1936 762 2251 827 conjunctio
2272 777 2369 832 per
2395 762 2519 817 talis
2546 762 2690 816 modi
2717 765 2883 832 partis
2906 762 3316 816 temerationem
3340 762 3517 816 disso-

1935 853 2046 907 luta
2099 854 2449 923 discerpitur.
2499 853 2770 921 Secundo,
2805 856 3015 909 accedit
3041 855 3185 923 quod
3234 854 3516 909 iconoma-

1933 945 2162 999 chorum
2197 946 2467 1016 impietas,
2498 948 2800 1016 quam°scio
2831 963 2931 1001 vos
2962 963 3071 1001 non
3114 948 3296 1001 minus
3357 947 3513 1001 dete-

1931 1037 2063 1092 stari
2095 1053 2255 1106 quam
2274 1039 2501 1092 aliorum
2526 1039 2931 1103 hereticorum,
2962 1055 3056 1093 ora
3084 1040 3466 1093 distendentur
3494 1056 3511 1105 ;

1931 1143 2060 1183 cum
2097 1146 2205 1183 non
2240 1145 2339 1199 per
2362 1131 2627 1201 synodum
2661 1131 3044 1191 universalem,
3068 1130 3163 1184 sed
3195 1130 3356 1184 unius
3391 1140 3514 1183 tano

1933 1230 2048 1274 tum
2101 1222 2245 1276 sedis
2273 1223 2603 1278 sententiam
2649 1225 2893 1294 ipsorum
2926 1223 3145 1292 impiam
3197 1222 3510 1291 opinionem

1928 1312 2188 1367 diﬂlatam
2218 1323 2273 1367 et
2296 1315 2503 1383 judicio
2535 1316 2867 1378 damnatam,
2897 1332 3021 1370 cum
3049 1315 3280 1383 quadam
3312 1313 3511 1381 proba-

1927 1406 2140 1460 bilitate
2165 1408 2631 1476 ampullabuntur.

2000 1498 2089 1550 44.
2131 1495 2211 1551 Ob
2239 1498 2340 1552 ista
2381 1500 2563 1552 omnia
2596 1515 2870 1571 rogamus,
2898 1508 2955 1553 et
2986 1506 3046 1553 ut
3074 1500 3271 1553 fratres
3300 1512 3513 1568 germa-

1923 1602 2026 1642 nos
2041 1596 2255 1643 nostros
2272 1589 2642 1655 exhortamur,
2674 1602 2730 1645 ut
2745 1592 2887 1660 quod
2906 1607 3001 1661 par
3021 1599 3076 1646 et
3096 1606 3308 1660 aequum
3342 1598 3424 1644 est
3451 1589 3512 1646 in

1924 1695 2083 1733 usum
2125 1680 2435 1746 inducatur,
2484 1682 2744 1737 nimirum
2792 1685 2929 1737 utin
2977 1682 3249 1754 synodicis
3288 1680 3506 1744 litteris,

1924 1770 2420 1841 etquibuscunque
2450 1772 2573 1827 aliis
2622 1772 3011 1827 ecclesiasticis
3044 1772 3207 1826 rebus
3247 1770 3432 1839 gestis,
3454 1777 3511 1822 et

1924 1865 2290 1933 quaestionum
2338 1864 2730 1939 agitationibus
2767 1907 2781 1931 ,
2833 1866 2951 1920 haac
2997 1865 3227 1934 septima
3268 1862 3510 1933 synodus

1923 1956 2115 2011 eodem
2144 1966 2337 2011 tenore
2365 1957 2649 2025 collocata,
2694 1974 2819 2013 cum
2853 1958 3065 2014 caeteris
3092 1971 3189 2011 sex
3216 1955 3422 2011 sanctis
3452 1962 3510 2009 et

1923 2050 2281 2105 (ecumenicis
2306 2051 2585 2105 recitetur.

1992 2142 2083 2197 45.
2125 2141 2377 2197 Christus
2425 2151 2606 2197 autem
2636 2158 2797 2198 verus
2838 2142 2929 2198 ille
2962 2142 3105 2197 Deus
3146 2150 3358 2205 noster,
3416 2140 3508 2194 ille

1922 2235 2179 2304 princeps
2207 2243 2262 2289 et
2302 2236 2573 2291 maximus
2607 2236 2970 2303 sacerdotum,
3002 2235 3095 2305 qui
3146 2243 3505 2305 Spontaneam

1922 2340 1980 2379 se
2006 2341 2104 2394 pro
2133 2327 2291 2381 nobis
2311 2326 2582 2381 oﬂerebat
2607 2327 2865 2392 hostiam,
2895 2338 2946 2380 et
2978 2326 3257 2395 proprium
3287 2324 3507 2395 sangui-

1921 2433 2049 2471 nem
2098 2427 2299 2473 nostrae
2334 2419 2725 2488 redemptionis
2756 2420 2997 2488 pretium
3034 2435 3133 2487 pro
3163 2417 3322 2471 nobis
3370 2432 3505 2471 con-

1922 2509 2067 2572 tulit,
2092 2510 2357 2565 concedat
2390 2522 2451 2566 ut
2495 2511 2992 2566 archisacerdotale
3039 2520 3283 2565 vestrum
3309 2517 3365 2564 et
3404 2524 3505 2563 ve-

1921 2601 2222 2655 nerandum
2252 2612 2438 2672 caput,
2469 2618 2635 2672 supra
2672 2602 2953 2661 barbaras.
2979 2618 3099 2671 quae
3127 2602 3180 2655 in
3215 2602 3505 2671 procinctu

1922 2695 2354 2760 circumsistunt,
2413 2696 2663 2749 nationes
2689 2696 2965 2748 attollatur
2996 2712 3010 2760 ;
3043 2695 3307 2749 concedat
3349 2702 3505 2746 tran-

1922 2786 2149 2855 quillum
2185 2789 2340 2842 vobis
2386 2797 2445 2843 et
2467 2790 2714 2858 quietum
2762 2787 2886 2841 vita:
2924 2780 3146 2841 cui-sum
3190 2785 3502 2848 conﬁcere;

1922 2881 2013 2935 det
2035 2889 2096 2934 ut
2115 2881 2467 2950 consequaris
2496 2891 2697 2935 sortem
2732 2881 2876 2933 illam
2902 2894 3191 2949 supernam
3219 2893 3342 2931 cum
3376 2894 3509 2945 gau-

1921 2970 2013 3024 dio
2064 2971 2435 3041 inexplicabili
2469 2981 2526 3026 et
2566 2972 2987 3032 delectamento,
3014 2970 3106 3023 ubi
3141 2969 3241 3022 sita
3291 2968 3505 3022 exhila—

1920 3070 2161 3116 ratorum
2196 3063 2478 3126 habitatio,
2509 3078 2539 3116 a
2563 3078 2669 3132 qua
2695 3063 2905 3116 exsulat
2926 3060 3103 3114 omnis
3136 3060 3308 3125 dolor,
3336 3061 3509 3129 gemi-

230 3152 368 3222 θινῷ
409 3152 528 3224 Θεῷ
570 3154 749 3226 ἡμῶν,
779 3150 823 3224 ᾧ
853 3158 887 3226 ἡ
915 3156 1042 3221 δόξα
1087 3157 1182 3210 καὶ
1227 3158 1286 3211 τὸ
1334 3159 1535 3228 κράτος
1564 3160 1644 3222 είς
1692 3160 1818 3223 τοὺς

1927 3162 2011 3207 lus
2043 3162 2098 3207 et
2137 3154 2370 3223 dejectio
2401 3156 2604 3219 vultus,
2633 3170 2731 3223 per
2765 3154 2939 3223 ipsum
2980 3152 3279 3215 Christum,
3331 3154 3503 3205 Deum

228 3245 442 3309 αἰῶνας
487 3246 599 3301 τῶν
634 3247 868 3302 αίώνων.
912 3250 1108 3321 ’Δμήν.

313 3426 768 3499 ’Υπερευχόμεθα
800 3428 956 3499 ὑμῶν
1008 3430 1152 3482 κατὰ
1192 3429 1349 3501 χρέος
1394 3431 1493 3501 τῆς
1543 3431 1819 3502 πατρικῆς

222 3526 535 3592 ὁσιότητος,
567 3522 879 3591 μέμνησθαι
905 3523 1001 3575 καὶ
1023 3522 1172 3575 αὐτοὶ
1199 3522 1298 3592 τῆς
1321 3523 1479 3593 ἡμῶν
1507 3523 1585 3594 μὴ
1614 3522 1817 3577 διαλεί-

225 3632 392 3669 πιιτε
422 3614 797 3685 μετριότητος.

845 3703 1070 3757 ΕΠΙΣΤ.
1112 3703 1212 3758 ΙΔ’.

310 3798 451 3853 Ἀπὸ
483 3796 595 3866 τῆς
624 3798 967 3866 ὑπερορίας,
996 3796 1148 3866 πρὸς
1179 3796 1321 3863 τοὺς
1345 3796 1737 3863 ἐπισκόπους.

1922 3254 2170 3299 nostrum
2225 3262 2437 3311 verum,
2474 3246 2559 3301 cui
2599 3246 2768 3316 gloria
2817 3254 2870 3299 et
2921 3253 3162 3313 potestas
3191 3245 3247 3298 in
3304 3245 3504 3299 saecula

1917 3338 2263 3392 saeculorum.
2296 3338 2492 3392 Amen.

1986 3428 2351 3498 Maximopere
2380 3445 2477 3484 vos
2502 3445 2754 3501 rogamus
2778 3436 2838 3483 ut
2865 3429 3018 3497 juxta
3042 3427 3286 3482 debitum
3315 3435 3501 3496 pater-

1914 3536 1999 3574 na:
2028 3520 2354 3583 sanctitatis,
2383 3536 2451 3575 ne
2474 3522 2654 3576 velitis
2673 3520 3035 3575 intermittere
3055 3530 3256 3575 nostrae
3291 3519 3502 3573 medio-

1913 3608 2120 3664 critatis
2143 3609 2479 3665 meminisse.

2517 3703 2625 3757 EPI
2635 3702 2738 3758 ST.
2769 3703 2905 3759 XIV.

2298 3800 2377 3853 Ad
2402 3801 2687 3869 episcopos,
2716 3801 2781 3853 ab
2798 3798 2980 3853 exsilio
3001 3816 3114 3852 suo.

1349 3917 1490 3969 Edita
1514 3933 1542 3967 a
1574 3917 1873 3969 Montacutio
1906 3919 2010 3982 (ep.
2037 3919 2141 3980 174,
2164 3934 2214 3981 p.
2238 3921 2373 3980 ειδ).

313 4031 459 4098 Ἐγὼ
482 4028 751 4099 θαυμάζω
777 4026 893 4089 πῶς
913 4025 1056 4080 οὓτω
1090 4026 1319 4096 ταχέως,
1353 4026 1500 4089 ὅστις
1531 4026 1663 4079 ποτὲ
1689 4026 1809 4077 ἐστὶ

223 4123 464 4185 ἐκεῖνος,
494 4120 593 4188 τῆς
617 4117 774 4189 ἡμῶν
805 4116 1099 4169 ἐπελάθετο
1130 4116 1380 4184 φύσεωςο
1414 4116 1537 4168 οὐδὲ
1557 4117 1665 4186 γὰρ
1698 4116 1808 4169 οὐδ’

1989 4024 2182 4078 Mirum
2216 4018 2363 4080 unde
2397 4025 2510 4088 ﬁat,
2532 4033 2594 4077 ut
2625 4026 2669 4078 is
2688 4025 3006 4093 quicunque
3034 4022 3252 4075 tandem
3281 4021 3369 4074 ille
3405 4020 3495 4086 sit,

1916 4134 2077 4187 quem
2102 4118 2365 4189 intelligo,
2389 4126 2499 4172 tam
2522 4117 2631 4172 cito
2658 4127 2868 4171 naturae
2897 4132 3030 4171 mea:
3052 4115 3500 4185 etdispositionis

222 4215 457 4283 ὀνόματι
512 4211 605 4263 τὸν
657 4209 880 4278 ἔλεγχον
936 4208 1228 4280 βουλοίμην
1277 4208 1342 4262 ἂν
1399 4209 1807 4278 προσενεγκεῖν,

1927 4212 1989 4263 sit
2034 4210 2272 4264 oblitus:
2327 4225 2506 4279 neque
2573 4210 2718 4264 enim
2766 4210 2899 4263 libet
2956 4209 3104 4262 illum
3160 4208 3227 4262 de
3276 4208 3499 4262 nomine

222 4306 342 4361 οὐδ’
380 4306 446 4359 ἂν
483 4301 607 4356 ἕτιά
644 4302 985 4374 προσραγείη
1039 4301 1452 4372 αὐθαδέστερον.
1515 4301 1668 4354 Ἐπεὶ
1716 4302 1814 4353 καὶ

226 4401 365 4471 ῥᾷον
405 4398 517 4469 ὁρῶ
546 4398 673 4459 τοὺς
705 4395 934 4458 πολλοὺς
961 4393 1039 4465 τῷ
1075 4394 1185 4448 τῶν
1222 4395 1467 4464 ἐλέγχων
1496 4392 1813 4464 ἀπροσώπῳ

221 4490 719 4561 νουθετουμένους,
768 4491 801 4560 ἢ
851 4490 963 4561 τὴν·
1002 4491 1060 4543 ὲν
1094 4488 1437 4560 προσηγορίᾳ
1491 4488 1812 4558 παραίνεσιν

222 4585 516 4653 φέροντας.
556 4581 717 4634 Ἀλλὰ
752 4580 867 4643 πῶς
900 4578 1044 4633 οὕτω
1075 4579 1268 4632 θᾶττον
1293 4579 1443 4648 ἡμᾶς
1467 4578 1644 4631 ὀπίσω
1676 4577 1813 4647 μνή-

225 4693 342 4745 μης
372 4675 605 4745 ἀφῆκεν,
648 4674 790 4727 ὥστε
824 4674 927 4725 καὶ
972 4672 1240 4741 τοσαύτην
1274 4670 1433 4740 ἡμῶν
1472 4669 1675 4733 ἄνοιαν,
1718 4670 1811 4723 καὶ

222 4767 392 4819 θείων
434 4766 615 4837 νόμων
665 4766 961 4837 ὀλιγωρίαν
1009 4764 1362 4829 ἐπιϐαλεῖνθ;
1408 4763 1570 4816 πόθεν
1608 4762 1664 4815 δὲ
1716 4763 1811 4815 ἐπὶ

220 4858 483 4912 τοσοῦτον
539 4861 636 4928 τῆς
693 4860 855 4929 ἡμῶν
910 4858 1369 4925 κατεξανίσταται
1430 4858 1807 4928 μετριότητος;

223 4951 435 5023 μᾶλλον
466 4951 523 5005 δὲ
544 4951 629 5015 τίς
654 4951 818 5004 αὐτὸν
845 4953 925 5016 είς
956 4951 1295 5022 τηλικαύτην
1322 4950 1518 5021 ἀθρόον
1545 4950 1811 5004 ἀνάϐασιν

220 5042 465 5114 ὕψωσεν,
506 5042 647 5096 ὥστε
680 5044 773 5096 καὶ
810 5043 977 5113 μηδὲν
1005 5043 1163 5113 ἡμῶν
1193 5040 1603 5111 φθεγγομένων,
1645 5040 1810 5094 αὑτὸν

218 5138 382 5205 ὅμως
439 5134 681 5197 ἀκούειν,
730 5134 822 5187 καὶ
875 5134 997 5205 μηδ’
1047 5135 1141 5187 ἐπὶ
1202 5133 1463 5203 λογισμὸν
1522 5131 1806 5185 τοιοῦτονί

219 5229 495 5299 ἡκόντων,
547 5228 778 5294 ἐκεῖνον,
824 5226 1015 5297 ῶσπερ
1065 5226 1173 5279 ἀπό
1203 5243 1350 5287 τινος
1400 5227 1661 5291 σκοπιᾶς,
1709 5225 1810 5295 τῆς

218 5319 440 5373 οἴκοθεν
472 5318 777 5389 φαντασίας
817 5317 1101 5387 ἐφορῶντα
1147 5316 1246 5380 τὰς
1282 5315 1544 5386 καρδίας,
1585 5314 1679 5367 καὶ
1710 5317 1811 5385 ὲμ-

219 5409 530 5464 ϐατεύοντα
564 5410 763 5474 αὐτοὺς
793 5410 978 5462 ἐκεῖνα
1017 5408 1258 5462 συνιέναι
1288 5409 1383 5461 καὶ
1415 5408 1721 5470 κατανοεῖν,
1772 5404 1810 5459 ἃ

220 5504 356 5577 μηδ’
386 5504 600 5569 ἑαυτοῖς
646 5521 790 5567 τινες
821 5500 1279 5572 συνεγνώκεισαν.
1322 5500 1433 5554 Καὶ
1461 5500 1623 5552 πλέον
1662 5497 1807 5562 ἔδοξε

1919 4300 2273 4369 compellare,
2306 4315 2375 4353 ne
2411 4308 2524 4353 tum
2552 4300 2775 4369 quidem
2808 4300 2851 4353 si
2881 4299 3190 4369 protervius
3211 4298 3265 4352 in
3297 4315 3384 4353 me
3414 4299 3497 4353 fe-

1914 4400 2088 4446 ratur.
2132 4392 2373 4462 lntelligo
2411 4393 2562 4447 enim
2591 4392 2878 4463 plurimos,
2921 4407 3045 4446 cum
3092 4391 3194 4446 sub
3247 4392 3395 4445 larva
3444 4401 3499 4445 et

1914 4484 1969 4537 in
2006 4494 2323 4555 tegumento
2386 4494 2663 4549 taxentur,
2715 4484 2929 4539 facilius
2974 4484 3153 4538 redire
3192 4484 3257 4537 ad
3286 4499 3380 4538 cor
3411 4484 3498 4536 iu-

1913 4586 2153 4632 structos
2175 4593 2337 4647 quam
2366 4577 2458 4647 qui
2483 4578 2551 4632 de
2574 4576 2797 4631 nomine
2828 4577 2975 4631 citati
2994 4574 3496 4647 nequaquamferrc

1912 4669 2083 4723 velint
2141 4670 2592 4739 increpationem.
2626 4669 2731 4724 Sed
2778 4669 2867 4723 ille
2902 4679 3079 4723 tamen
3113 4667 3358 4738 quisquis
3389 4676 3494 4730 est,

1912 4762 2042 4817 inde
2070 4761 2294 4827 factum,
2330 4772 2389 4817 ut
2421 4770 2529 4817 tam
2550 4762 2659 4816 cito
2688 4772 2890 4816 nostrae
2924 4772 3134 4815 naturae
3168 4760 3333 4814 fuerit
3354 4759 3495 4812 obli-

1912 4866 2024 4920 tus,
2067 4866 2123 4910 ut
2166 4857 2419 4911 amentiae
2448 4871 2536 4910 me
2576 4856 2812 4920 incuset,
2857 4864 2912 4909 et
2968 4854 3271 4907 divinarum
3316 4853 3495 4925 legum

1911 4958 2300 5019 contemptus:
2347 4949 2494 5003 unde
2531 4958 2713 5002 motus
2756 4956 2853 5001 aut
2901 4946 3157 5000 incitatus
3208 4954 3495 5015 tantopere

1912 5041 2161 5096 invectus
2180 5050 2264 5096 est
2287 5040 2340 5093 in
2364 5056 2540 5094 meam
2564 5040 3000 5094 mediocritatem
3030 5038 3192 5099 :imo,
3214 5039 3337 5106 quis
3366 5055 3492 5092 eum

1912 5133 2121 5199 potius,
2149 5133 2286 5187 adeo
2313 5132 2601 5186 sublimem
2620 5131 2838 5198 extulit,
2868 5141 2926 5184 ut
2942 5146 3067 5185 cum
3096 5130 3323 5185 omnino
3348 5140 3495 5186 tace-

1911 5240 2096 5279 remus
2116 5268 2133 5293 ,
2162 5225 2253 5280 ille
2279 5235 2462 5279 tamen
2487 5239 2588 5278 nos
2614 5224 2919 5279 exaudiret.
2952 5223 3067 5278 lmo
3101 5240 3223 5279 cum
3252 5239 3322 5277 ne
3342 5224 3494 5295 cogi-

1912 5318 2116 5372 tatione
2162 5316 2382 5388 quidem
2440 5316 2643 5386 aliquid
2696 5317 2967 5386 ejusmodi
3002 5318 3495 5387 comprehendera-

1909 5424 2052 5473 mus,
2087 5408 2176 5464 ille
2218 5418 2397 5463 tamen
2431 5425 2463 5465 e
2502 5409 2719 5480 propria
2769 5425 2865 5464 sua
2914 5410 3324 5480 imaginatione,
3372 5418 3492 5462 tan-

1910 5515 2072 5569 quam
2105 5501 2173 5555 ab
2204 5500 2310 5554 alta
2340 5500 2572 5570 quadam
2607 5501 2827 5571 specula
2863 5517 2957 5556 cor
3002 5500 3242 5555 hominis
3288 5499 3490 5554 intuitu

1521 5676 1749 5733 VARI/Ii
1781 5673 2190 5731 LECTIONES.

293 5827 327 5867 δ
360 5824 447 5879 Za'.
476 5822 831 5895 μυσάττεσθε.
912 5833 935 5861 ε
967 5822 1050 5876 ῖσ.
1088 5819 1207 5891 μετ’
1236 5819 1474 5882 ἐκείνας.
1549 5815 1575 5854 ἀ
1609 5816 1763 5881 εἴτις.

1844 5826 1867 5855 ⁸
1900 5815 2201 5869 ἐπικαλεῖν.

2284 5813 2304 5853 ί
2328 5812 2593 5870 τοιοῦτον.
