3930 6422
232 334 350 401 745

1406 329 1945 393 EPISTOLARUM
1978 328 2209 389 LIBER
2245 328 2296 388 Ι.

3383 324 3491 392 ’146

231 447 595 520 μερισάμενοι
619 446 719 511 τὰς
745 446 1049 518 αἰσθήσεις,
1079 446 1175 498 ml
1199 443 1333 515 πρὸς
1357 443 1537 506 πάσας
1563 461 1811 515 παρατα-

1933 443 2155 498 livisum
2218 441 2570 505 abscindunt,
2599 441 2755 512 'quod
2797 440 2865 497 ad
2913 440 3193 498 cumulum
3221 443 3489 501 malorum

228 538 455 609 ξάμενοι
475 539 669 601 καινὰς
691 537 938 609 μηχανὰς
960 536 1097 606 πρὸς
1119 536 1356 604 ἑκάστην
1372 534 1672 604 ἐπενόησαν
1697 534 1811 601 (ὀξὺ

224 631 340 701 γὰρ
366 633 445 692 εἰς
460 629 679 692 κακίαν,
693 627 828 680 Θεοῦ
849 627 944 680 ml
959 624 1370 695 φιλανθρωπίας
1389 623 1744 693 άλλοτρίωσις
1770 624 1809 691 )-

224 722 328 773 καὶ
367 719 682 789 ὀφθαλμοὺς
724 718 825 784 μὲν
862 716 1199 787 ἐνέφραξαν
1248 718 1301 768 τί
1328 715 1437 785 γὰρ
1486 715 1554 769 ἄν
1580 732 1663 778 τις
1718 716 1814 769 καὶ

224 812 407 876 aii-not;
437 809 605 864 ἐπειδ⁹
627 809 692 864 ἂν
705 810 841 872 ὅλως
858 810 996 880 μήτε
1010 809 1163 871 τινάς
1184 807 1487 875 ἀνθρώπων
1502 808 1656 878 ὁρᾷν,
1679 807 1813 877 μηδὲ

229 903 460 972 βιϐλίοις
481 902 751 973 ἐνομιλεῖν
790 901 941 972 ἔχοιο
990 902 1089 955 καὶ
1141 900 1377 971 μάλιστα
1421 895 1502 963 οἷς
1535 900 1676 970 μέγα
1718 899 1814 952 ml

228 992 449 1063 πρῶτον
467 992 813 1065 παραμύθιον
833 994 864 1063 ἡ
887 991 1214 1058 ἀνάγνωσις.
1239 992 1351 1045 Kal
1370 991 1478 1060 γὰρ
1500 990 1595 1044 ml
1610 988 1813 1059 ταύτην

226 1085 356 1139 καθ’
376 1085 534 1156 ἡμῶν
557 1085 800 1147 ἀπάσαις
825 1084 1030 1153 ψήφοις
1052 1081 1351 1152 ἐξήνεγκαν
1380 1082 1478 1151 τὴν
1499 1081 1774 1148 ἀπόφασιν
1794 1095 1808 1109 ο

226 1175 402 1245 ἀκοὴν
423 1176 479 1227 δὲ
510 1174 963 1229 συναπέκλεισαψ
989 1173 1113 1227 οὕτε
1142 1175 1252 1243 γὰρ
1278 1174 1462 1243 φωνῆς
1494 1173 1809 1241 φιλούντων,

226 1267 349 1320 ἀλλ’
396 1267 518 1319 οὐδὲ
564 1266 775 1337 ἐχθρῶν
809 1268 910 1339 (Τί
960 1267 1069 1337 γὰρ
1114 1267 1193 1320 δεῖ
1253 1264 1814 1335 λέγειν;)ὰναγινω-

230 1358 472 1412 σχόντων
520 1358 895 1429 συγχωροῦσιν
952 1357 1326 1422 ἐνωτίζεσθαι.
1394 1356 1534 1409 Ἀλλ’
1579 1357 1703 1409 ὅσον
1750 1357 1815 1424 γὲ

230 1454 318 1515 είς
366 1451 545 1505 αὐτῶν
592 1448 694 1524 ἧκε
744 1452 979 1523 σπουδὴν
1031 1452 1155 1505 οὐδὲ
1213 1451 1450 1522 ᾀδόντων
1502 1450 1643 1522 Θεῷ,
1704 1451 1812 1503 οὐδ’

230 1545 425 1616 ὕμνοις
473 1544 941 1615 εύχαριστούντων
993 1543 1286 1614 ἀκούομεν.
1337 1542 1474 1595 Ούδέ
1529 1543 1639 1610 γὰρ
1690 1542 1815 1594 ούδέ

228 1654 356 1691 τινα
402 1637 511 1688 οὐδ’
547 1637 639 1690 ἐπὶ¹
673 1636 869 1708 βραχὺ,
923 1636 1046 1689 οὐδὲ
1080 1635 1186 1691 τῶν
1222 1636 1460 1707 μετρίως
1490 1635 1626 1704 πρὸς
1673 1633 1816 1705 ᾠδάς

230 1730 491 1801 ἐχόντων.
534 1730 634 1800 (Ὢ
683 1731 779 1782 ml
812 1728 1107 1799 βαρϐάρων
1139 1729 1369 1798 γνώμας
1403 1728 1639 1797 νικώσης
1666 1727 1815 1798 ώμό-

1915 535 2289 590 tristissimum
2327 533 2556 599 accedit,
2590 534 2717 589 dum
2758 532 2975 587 famulis
3014 543 3072 589 et
3107 534 3373 592 ministris
3400 553 3493 594 me

1914 628 2153 697 privant,
2215 636 2502 697 postquam
2568 625 2624 680 in
2678 626 3011 697 ergastulum
3078 628 3490 695 concluserunt,

1912 721 2178 789 appositis
2197 719 2532 781 custodibus,
2559 718 2651 789 qui
2681 718 3033 775 circumstent
3059 719 3335 789 undique:
3369 720 3494 775 ideo

1914 813 2121 868 scilicet
2150 829 2221 867 ne
2250 811 2382 866 mihi
2411 812 2589 876 liceat,
2618 810 2663 865 si
2694 810 2930 865 maxime
2958 811 3195 880 cupiam,
3235 810 3493 865 miseram

1913 920 2091 959 meam
2139 914 2339 960 sortem
2385 904 2702 973 deplorare:
2742 919 2813 959 ne
2839 919 2938 969 per
2967 904 3218 959 rimulam
3253 904 3490 974 aliquam

1914 998 1998 1051 vel
2026 997 2298 1052 tantillum
2331 1012 2419 1052 me
2440 996 2732 1066 adreperet
2758 996 3145 1052 misericordia:
3171 997 3239 1051 ab
3259 997 3493 1067 alicujus

1916 1104 2168 1144 sermone
2202 1090 2287 1144 vel
2315 1089 2553 1146 actione.
2590 1087 2731 1154 Quin
2771 1089 2898 1143 dum
2930 1089 3261 1159 multiplices
3299 1089 3493 1145 mortis

1916 1182 2125 1250 species
2158 1181 2489 1253 excogitant,
2526 1180 2667 1236 fame
2701 1197 2790 1235 me
2814 1183 2923 1250 (me
2956 1182 3256 1252 miserum)
3288 1181 3496 1237 divino-

1917 1290 2039 1329 rum
2087 1274 2457 1338 oraculorum,
2496 1284 2553 1329 et
2596 1275 2971 1343 cujuscunque
3016 1274 3239 1327 alterius
3293 1272 3494 1328 allatus

1914 1376 2289 1438 peremerunt.
2324 1366 2438 1421 Nec
2476 1374 2695 1421 cessant
2730 1366 2911 1420 adhuc
2951 1365 3326 1435 multiplicatis
3354 1365 3495 1419 mala

1915 1457 2329 1526 circumsepire:
2355 1472 2576 1511 sensum
2605 1457 2738 1511 mihi
2760 1472 2980 1511 omnem
3030 1457 3303 1511 divulsum
3329 1472 3497 1527 expe-

1916 1557 2227 1613 ctorarunt,
2260 1558 2317 1603 et
2348 1549 2608 1603 adversus
2622 1564 2812 1603 eorum
2843 1547 3086 1618 singulos
3118 1564 3255 1602 nova
3284 1548 3493 1603 machi-

1916 1650 2302 1695 namentorum
2339 1656 2560 1711 genera,
2585 1656 2652 1694 ex
2683 1640 2912 1695 adverso
2939 1641 3244 1701 constituti,
3270 1641 3495 1695 adiuve-

1918 1740 2120 1787 nerunt
2166 1732 2315 1801 (nam
2352 1730 2421 1786 ad
2450 1730 2905 1786 malefaciendum
2936 1730 3148 1785 celeres
3200 1739 3351 1792 sunt,
3399 1730 3495 1799 qui

227 1840 396 1892 τητος
425 1821 476 1893 ί)
530 1825 766 1875 συνεῖναι
802 1822 1091 1875 κατέλιπον
1118 1836 1133 1851 ·
1186 1821 1301 1875 ἀλλ’
1348 1822 1473 1875 ἀντὶ
1517 1820 1817 1891 κληρικῶν,

1933 1827 2054 1874 sunt
2091 1834 2121 1874 a
2147 1819 2259 1875 Deo
2281 1828 2339 1875 et
2374 1821 2716 1876 humanitate
2748 1821 2961 1889 alieni),
3018 1828 3076 1875 et
3102 1821 3169 1875 ad
3202 1831 3497 1890 utrumque

231 1915 362 1978 ἀντὶ
408 1915 766 1986 μοναζόντων,
820 1915 947 1968 ἀντὶ⁹
995 1914 1329 1984 ψαλλόντων,
1366 1914 1489 1968 ἀντὶ
1541 1913 1812 1983 ἀναγινω-

232 2006 478 2058 σκόντων
519 2005 615 2059 ml
666 2005 1118 2076 ὑπογραφόντων,
1153 2004 1275 2058 ἀντὶ
1309 2003 1480 2072 φίλων
1526 2003 1620 2058 ml
1654 2003 1821 2074 συνή-

232 2096 349 2155 θων
395 2089 509 2166 (οἷς
556 2094 632 2155 ob;
680 2094 748 2148 τά
800 2093 973 2148 πολλὰ
1020 2093 1167 2164 φιλεῖ
1209 2095 1243 2165 ἡ
1280 2094 1387 2147 τῶν
1422 2092 1687 2165 θλιὸερῶν
1719 2093 1820 2164 βα-

235 2190 411 2259 ρύτης
440 2187 962 2259 ἐπικουφίζεσθαι),
992 2188 1115 2242 ἀντὶ
1156 2186 1374 2241 πάντων
1404 2186 1590 2249 ἁπλῶς
1610 2226 1626 2252 ,
1659 2202 1821 2257 στρα-

232 2280 453 2333 τιωτῶν
530 2279 925 2345 κουστωδίαις,
1005 2279 1103 2334 καὶ
1170 2279 1583 2349 στρατιωτικοῖς
1646 2277 1822 2348 λόχοις

234 2371 589 2440 ἐκδεδόμεθα.
643 2370 757 2425 Καὶ
801 2369 855 2423 τί
911 2370 994 2424 δεῖ
1046 2371 1170 2425 καθ’
1206 2371 1439 2425 ἕκαστον
1486 2371 1689 2439 λέγειν,
1726 2372 1823 2426 καὶ

235 2462 541 2524 ὲπιξαίνειν
572 2463 639 2531 τῇ
680 2460 869 2531 μνήμῃ
901 2460 1029 2523 τοὺς
1077 2457 1382 2531 μώλωπας
1429 2459 1543 2513 ἀλλ’
1588 2460 1671 2513 ὅτι
1726 2460 1824 2529 μὲν

235 2552 424 2613 πάσας
469 2549 625 2619 ἡμῶν
654 2549 755 2611 τὰς
786 2547 1070 2619 αἰσθήσεις
1107 2548 1318 2618 μυρίων
1350 2548 1534 2603 κακῶν
1558 2548 1825 2612 ἐπινοίαις

237 2640 619 2710 ἐπετείχισανο
670 2638 794 2710 μηδ’
858 2637 1029 2709 αὐτὴν
1065 2639 1221 2709 ἡμῶν
1250 2638 1349 2709 τὴν
1385 2639 1564 2711 ψυχὴν
1590 2642 1725 2711 (ὅσα
1762 2640 1827 2709 γὲ

240 2739 324 2801 είς
369 2736 549 2791 αὐτῶν
600 2735 737 2806 ἔργα
788 2734 1139 2805 κεχώρηκεν)
1192 2736 1480 2789 ἀκάκωτον
1542 2737 1830 2807 συγχωρή-

242 2848 462 2893 σαντες.
524 2830 766 2902 (Ἔργον
830 2828 1088 2882 ἁπάντων
1142 2828 1244 2880 ὅσα
1304 2828 1437 2892 θεὸς
1507 2828 1830 2893 ἐϐδελύξατο

244 2923 593 2996 μιαρώτερόν
638 2939 697 2976 τε
744 2922 840 2977 ml
889 2920 1207 2991 ὠμότερον)
1261 2921 1443 2983 οἴκους
1486 2919 1621 2975 Θεοῦ
1660 2937 1830 2974 κατα·

239 3013 499 3078 λύοντες,
556 3011 810 3081 πτωχοὺς
856 3010 1175 3081 ἀναπήρους
1233 3010 1328 3064 ml
1384 3008 1827 3081 λελωϐημένους,

238 3105 339 3169 οὓς
382 3106 544 3177 ἡμεῖς
595 3104 907 3174 ἱλαστήριον
939 3102 1046 3155 τῶν
1076 3104 1364 3173 ἡμετέρων
1410 3103 1827 3175 ἁμαρτημάτων
1853 3145 1896 3204 C

240 3196 709 3269 προστησάμεθα,
743 3197 841 3265 τῆς
877 3193 1082 3256 οίκείας
1115 3194 1302 3257 ἑστίας
1342 3193 1438 3247 ml
1461 3193 1821 3258 ἀναπαύσεως

240 3289 619 3360 ἐξορίζοντες,
647 3288 742 3341 ml
769 3287 871 3351 τὰς
904 3286 1087 3339 αὐτῶν
1115 3284 1401 3357 ὑπάρξεις,
1421 3284 1495 3350 ὡς
1527 3285 1823 3357 πολεμίων,

238 3381 694 3453 διαμεριζόμενοι
748 3379 998 3451 λάφυρον
1054 3379 1148 3433 καὶ
1205 3380 1555 3449 θεραπόντων
1617 3379 1827 3451 σάρκας

243 3474 463 3544 νεύροις
504 3473 845 3543 κατέκοψανο
893 3475 969 3537 ὡς
1008 3472 1075 3527 δι’
1126 3473 1250 3526 ὅλου
1305 3471 1400 3525 τοῦ
1452 3472 1725 3543 σώματος,
1759 3474 1825 3543 τῇ

244 3568 422 3639 πολλῇ
462 3566 571 3621 τῶν
620 3567 903 3638 μαστίγων
935 3565 1085 3638 ῥύμῃ
1131 3565 1412 3639 χαράδρας
1454 3566 1831 3637 ἐναπεργάσα-

246 3660 410 3713 σθαι·
464 3659 552 3711 ἵνα
594 3658 795 3729 χρυσὸν
840 3658 936 3711 καὶ
993 3658 1230 3728 ἄργυρον
1274 3656 1334 3711 ὃν
1366 3656 1829 3727 ἐθησαυρίσαμεν,

244 3753 307 3804 ὃν
348 3750 456 3804 οὐδ’
503 3750 637 3821 ὄναρ
692 3749 800 3803 ἴδον
854 3749 905 3801 οί
954 3748 1150 3813 ἄθλιοι,
1192 3748 1564 3819 ἐκμηνύσωσι.
1615 3747 1834 3802 Καίτοι

247 3844 591 3915 σαφέστερον
616 3842 772 3897 aii-col
804 3842 912 3895 τῶν
956 3841 1135 3895 ἄλλων
1166 3842 1214 3895 oi
1243 3840 1563 3907 κολάζοντες
1599 3840 1831 3908 εἰδότες,

245 3936 329 4001 ὡς
362 3936 526 4008 ἡμεῖς
557 3934 647 3987 ἀεὶ
680 3932 819 4004 πρὸς
845 3932 1108 4003 χρήματα
1139 3929 1562 4004 διεϐεϐλήμεθα.
1603 3931 1713 3985 Καὶ
1738 3934 1835 4000 οὐχ

245 4027 429 4090 οὕτως
451 4029 650 4080 ἐκεῖνοι
680 4026 1029 4097 φιλάργυροι,
1072 4023 1148 4087 ὡς
1174 4025 1346 4094 ἡμᾶς,
1371 4025 1405 4094 ἡ
1440 4023 1644 4077 τούτων
1669 4022 1837 4093 ὑπερ·-

245 4124 411 4192 οψία,
441 4121 594 4173 οὐδὲν
617 4120 812 4187 ἄλογον
838 4117 1016 4172 αὐτῶν
1050 4117 1215 4171 ἕνεκα
1266 4117 1522 4170 οὐδέποτε
1568 4115 1838 4168 ποιεῖσθαι

249 4215 375 4284 (μή
424 4212 477 4266 τί
516 4229 579 4281 γε
606 4210 994 4281 θησαυρίζειν)
1050 4208 1499 4281 παρεσκεύαζεν
1544 4208 1661 4263 ἀλλ’
1700 4208 1838 4276 ὅπερ

246 4309 409 4380 ἥλιος
452 4307 693 4377 ἀνίσχων
738 4303 886 4377 ἐώρα
914 4306 985 4374 (ὴ
1013 4304 1121 4357 τῶν
1167 4301 1587 4375 ἐπηρεαζόντων
1617 4302 1676 4356 δὲ
1705 4301 1836 4355 πολ-

247 4400 416 4462 λάκις
445 4399 661 4468 ἀνάγκη
687 4397 785 4451 καὶ
813 4398 905 4451 τὸν
930 4397 1033 4466 τῆς
1054 4396 1259 4466 ἀρετῆς
1284 4393 1605 4448 διδάσκαλον
1626 4392 1840 4447 Παῦλον

1922 1909 2025 1963 sibi
2056 1908 2246 1962 oculos
2289 1909 2655 1966 occluserunt.
2693 1908 2833 1976 Quid
2862 1910 3007 1964 enim
3033 1910 3179 1965 aliud
3205 1910 3497 1965 dicendum

1921 2001 2126 2056 restat?
2152 2016 2277 2056 cum
2307 2016 2413 2056 nec
2437 2002 2721 2058 hominum
2752 2003 2985 2073 aliquem
3026 2003 3197 2059 libere
3224 2002 3385 2059 liceat
3413 2004 3500 2058 in-

1922 2096 2084 2161 tueri,
2117 2110 2220 2151 nec
2251 2109 2377 2150 cum
2404 2095 2557 2151 libris
2587 2096 2976 2152 commercium
3010 2097 3231 2162 habere,
3265 2112 3497 2167 praeser-

1924 2190 2019 2243 tim
2052 2189 2116 2243 iis
2154 2189 2248 2258 qui
2283 2189 2577 2244 maximum
2614 2188 2852 2243 solamen
2880 2197 2935 2243 et
2970 2188 3270 2258 principale
3312 2188 3499 2259 legen-

1924 2283 2069 2339 tibus
2112 2290 2340 2352 possunt
2377 2281 2742 2352 suppeditare.
2773 2280 2924 2336 Hanc
2956 2281 3032 2336 illi
3071 2281 3126 2335 in
3150 2296 3237 2336 me
3277 2289 3501 2337 senten-

1925 2376 2060 2431 tiam
2122 2374 2191 2429 de
2244 2372 2483 2444 generali
2544 2371 2789 2442 ipsorum
2846 2386 3074 2427 assensu
3130 2379 3186 2425 et
3225 2385 3498 2425 consensu

1927 2467 2193 2522 tulerunt.
2225 2465 2402 2520 Aures
2434 2472 2614 2519 autem
2642 2463 3170 2519 obturaruntmeas:
3200 2476 3310 2515 non
3349 2462 3498 2517 enim

1929 2559 2227 2614 admittunt
2264 2564 2324 2614 ut
2360 2570 2642 2612 sermones
2675 2555 2997 2620 amicorum,
3049 2568 3121 2609 ne
3154 2553 3502 2608 inimicorum

1930 2649 2152 2720 quidem
2204 2663 2365 2704 voces
2422 2646 2646 2701 auribus
2709 2645 2911 2700 nostris
2956 2645 3212 2699 insonare
3268 2642 3503 2713 possint.

1930 2741 2071 2807 Quid
2108 2739 2253 2795 aliud
2294 2736 2560 2793 afferam?
2590 2751 2755 2806 quam
2784 2734 2950 2805 quod,
2982 2744 3243 2804 quantum
3284 2733 3339 2787 in
3372 2732 3507 2802 ipsis

1930 2842 2033 2900 est,
2082 2848 2187 2888 nec
2243 2832 2354 2887 Deo
2400 2832 2630 2901 hymnos
2672 2829 3027 2884 concinentes
3066 2840 3171 2881 nec
3220 2826 3506 2881 laudantes

1933 2935 2031 2981 aut
2054 2923 2253 2997 gratias
2275 2932 2499 2995 agentes
2524 2920 2792 2976 audimus.
2819 2918 2940 2974 Non
2962 2918 3109 2973 enim
3128 2918 3260 2975 mihi
3289 2917 3509 2988 permit-

1932 3027 2055 3072 tunt
2101 3031 2227 3073 cum
2260 3016 2444 3085 aliquo
2475 3012 2808 3079 conversari,
2841 3026 2912 3066 ne
2945 3011 3163 3082 quidem
3198 3010 3267 3066 ad
3296 3011 3512 3067 brevis-

1933 3111 2135 3166 simum
2168 3118 2385 3179 tempus
2424 3108 2518 3178 qui
2564 3105 2652 3163 vel
2684 3105 2955 3160 modicam
2988 3104 3219 3160 canendi
3260 3105 3508 3174 peritiam

1932 3203 2156 3265 habent,
2197 3202 2334 3255 adeo
2366 3201 2425 3254 in
2458 3214 2557 3255 sua
2586 3197 2908 3255 crudelitate
2938 3211 3157 3251 omnem
3204 3195 3509 3251 barbariem

1932 3293 2291 3362 exsuperant!
2358 3290 2455 3345 sed
2504 3288 2829 3343 clericorum
2900 3285 3042 3352 loco,
3093 3285 3510 3348 monachorum,

1932 3385 2279 3459 psallentium
2318 3391 2376 3438 et
2412 3364 2728 3454 legentium,
2776 3377 3237 3434 subseribentium
3275 3376 3511 3438 dictata;

1933 3494 2033 3550 pro
2054 3475 2245 3531 amicis
2264 3484 2321 3530 et
2343 3472 2648 3539 consuetis,
2676 3486 2775 3542 per
2792 3485 2931 3540 quos
2950 3469 3272 3540 plerumque
3296 3468 3516 3522 calami-

1940 3581 2180 3626 tosorum
2215 3565 2499 3623 tribulatio
2532 3566 2672 3621 solet
2712 3562 2975 3627 alleviari,
3011 3577 3110 3633 pro
3143 3562 3416 3628 omnibus,
3455 3571 3517 3616 ut

1934 3678 2046 3718 uno
2072 3660 2241 3717 verbo
2270 3660 2467 3725 dicam,
2492 3657 2725 3713 militum
2749 3654 3013 3711 custodiis
3043 3663 3100 3710 et
3122 3652 3318 3709 turmis
3346 3652 3515 3707 vincti

1937 3756 2223 3811 tradimur.
2264 3752 2409 3818 Quid
2438 3766 2578 3822 opus
2609 3748 2884 3822 sigillatim
2923 3760 3270 3819 percensere,
3301 3754 3397 3800 aut
3430 3745 3514 3798 vi-

1936 3850 2088 3904 bices
2120 3845 2477 3903 memorando
2539 3842 2834 3900 refricare?
2870 3840 3139 3906 Profecto,
3183 3852 3374 3894 omnes
3413 3852 3517 3892 no-

1938 3951 2082 3996 stros
2124 3954 2321 3995 sensus
2350 3939 2766 3993 innumerorum
2809 3934 3078 3989 malorum
3127 3930 3365 3984 inventis
3409 3928 3519 3982 cir-

1939 4030 2373 4086 cumvallarunt:
2396 4042 2499 4082 nec
2521 4027 2757 4081 animam
2781 4023 3001 4094 quidem
3030 4023 3225 4092 ipsam,
3255 4025 3520 4088 quantum

1940 4140 2039 4194 per
2084 4124 2329 4194 ipsorum
2369 4135 2537 4192 opera
2576 4118 2748 4186 stetit,
2777 4117 3078 4171 immunem
3111 4112 3181 4168 ab
3214 4111 3330 4165 istis
3364 4109 3521 4163 malis

1942 4232 2065 4272 esse
2096 4215 2400 4286 patiuntur.
2434 4211 2641 4283 Ecquid
2671 4218 2757 4265 est
2788 4209 2931 4263 inter
2956 4204 3139 4261 omnia
3166 4219 3288 4274 qua:
3313 4201 3525 4257 abomi-

1943 4320 2105 4364 natur
2158 4309 2324 4374 Deus,
2374 4305 2758 4364 detestandum
2805 4301 2998 4371 magis,
3036 4308 3093 4353 et
3120 4295 3518 4353 truculentius:

1945 4400 2161 4455 divinas
2224 4398 2371 4453 mdes
2438 4395 2840 4451 demoliuntur:
2907 4388 3211 4453 mendicos,
3277 4385 3520 4447 mutilos,

248 4494 337 4555 sl;
362 4491 587 4545 τοιαῦτα
608 4489 956 4555 ἐξεὸιϐάζετο
982 4487 1262 4560 ῥήματα).
1281 4487 1454 4542 Τοῦτο
1478 4487 1576 4557 τῆς
1605 4486 1829 4557 ἡμέρας,

1946 4490 2207 4546 membris
2251 4489 2585 4551 decurtatos,
2642 4500 2781 4555 quos
2828 4482 2897 4537 ad
2948 4478 3293 4551 pmpitianda
3336 4485 3526 4532 nostra

250 4587 359 4638 καὶ
387 4586 623 4655 μάλιστα
671 4584 769 4653 τῆς
801 4583 997 4646 νυκτὸς
1036 4584 1066 4635 ὁ
1111 4582 1303 4653 καιρὸς
1347 4580 1598 4651 ἐξεφόρει
1625 4598 1719 4643 τε,
1749 4580 1846 4635 καὶ

252 4676 682 4749 ἀπεφορτίζετο.
721 4676 864 4729 Ἀλλ’
886 4676 1036 4746 ὅμως
1056 4675 1231 4728 ταῦτα
1259 4673 1368 4728 τῶν
1391 4677 1609 4728 πάντων
1633 4672 1846 4735 οὐδενὸς

250 4771 484 4824 ἔλαττον
531 4768 755 4833 εἰδότες,
794 4768 1182 4839 ἐκρεούργουν,
1235 4765 1560 4837 ἐμάστιζονο
1610 4766 1709 4834 οὐχ
1758 4766 1847 4819 ἵνα

251 4882 312 4919 τι
361 4857 438 4915 ὧν
477 4863 806 4915 ὲπλάττοντο
857 4860 1044 4930 ζητεῖν
1092 4860 1349 4931 εὑρῶσιν,
1382 4862 1432 4913 εί
1456 4859 1541 4928 μὴ
1569 4858 1664 4912 καὶ
1688 4855 1847 4910 τοῦτο

252 4957 793 5028 προσεκμεμήνασι,
856 4954 1042 5021 ζητεῖν
1096 4952 1276 5021 εὑρεῖν
1328 4950 1471 5020 άπερ
1524 4948 1702 5007 ἴσασιν
1748 4948 1847 5016 οὐχ

255 5050 586 5117 ὑπάρχοντα
607 5086 623 5112 ,
674 5047 791 5098 ἀλλ’
822 5047 911 5098 ἴνα
952 5045 1208 5099 κάκεῖθεν
1251 5046 1398 5114 ἡμᾶς
1428 5042 1717 5105 ἀνιάσωσι,
1750 5039 1849 5095 καὶ

258 5141 475 5212 μηδένα
514 5139 713 5210 τρόπον
752 5137 1109 5207 κακουργίας,
1157 5137 1217 5191 ὃν
1257 5138 1391 5206 ἡμῖν
1416 5136 1477 5190 οὐ
1508 5134 1847 5205 προσάξωσι,

256 5232 699 5303 παραλείψωσιν.
748 5230 887 5283 Ἀλλ’
919 5230 1003 5282 ὅτι
1037 5228 1136 5299 μὲν
1162 5227 1333 5282 ταῦτα
1362 5226 1457 5279 ml
1481 5226 1591 5278 τῶν
1620 5222 1850 5294 εἰρημέ-

256 5344 374 5380 νων
401 5325 535 5378 πολὺ
568 5324 809 5387 πλείονα,
847 5322 970 5375 καθ’
996 5323 1028 5391 ἡ
1038 5321 1155 5390 μῶν
1181 5321 1210 5371 ὁ
1236 5318 1485 5380 Σατανᾶς
1506 5357 1520 5383 ,
1547 5316 1581 5386 ἢ
1603 5316 1703 5368 οὐκ
1734 5309 1853 5366 οἴδα

256 5422 289 5475 ὅ
314 5438 370 5472 τι
404 5420 497 5472 ml
543 5419 701 5483 εἴπω,
732 5416 1054 5488 ἐξητήσατο,
1078 5414 1175 5468 ml
1196 5412 1411 5474 τούτοις
1434 5412 1597 5482 ἡμεῖς
1628 5425 1853 5479 περιαν-

256 5510 544 5580 τλούμεθα
597 5510 696 5563 ούκ
753 5508 819 5561 ἂν
872 5505 1201 5578 ἀρνηθείηνο
1280 5504 1363 5556 ὅτι
1396 5502 1453 5554 δὲ
1501 5501 1609 5552 τῶν
1642 5499 1853 5570 φρενῶν

257 5606 421 5675 ἡμᾶς
443 5605 477 5673 ἡ
506 5601 742 5671 τοσαύτη
775 5600 945 5654 κακία
980 5597 1237 5668 ἐξέστησε
1258 5635 1273 5661 ,
1310 5595 1403 5648 ml
1431 5593 1595 5646 θείων
1624 5590 1854 5644 ἐντολῶν

261 5697 587 5766 ὑπερόπτας
628 5694 947 5757 ἀπετέλεσε,
980 5692 1074 5744 ml
1105 5691 1320 5752 κοινοὺς
1350 5687 1615 5757 προδότας
1666 5684 1855 5754 εἰργά-

262 5808 425 5857 σατο,
461 5789 562 5843 οὐκ
586 5783 702 5841 οῖδα
726 5788 841 5841 ἀνθ’
863 5788 985 5840 ὅτου
1016 5784 1097 5846 τίς
1129 5784 1279 5854 ἡμᾶς
1308 5779 1633 5851 αἰτιώμενος
1661 5776 1855 5844 ταῦτα,

594 5882 865 5941 ΡΑτιιοι.
898 5881 1012 5939 Gn.
1055 5881 1181 5939 Cll.

1948 4595 2170 4654 peccata
2201 4583 2661 4638 constitueramus
2681 4620 2695 4642 ,
2737 4578 2808 4632 de
2838 4573 3072 4646 propriis
3103 4572 3345 4642 ipsorum
3383 4568 3527 4624 sedi-

1948 4678 2051 4731 bus
2077 4684 2130 4730 et
2148 4676 2334 4744 quiete
2361 4672 2743 4729 exturbarunt,
2774 4678 2829 4721 et
2863 4680 3054 4720 eorum
3086 4662 3340 4718 utensilia
3364 4671 3531 4730 atque

1949 4766 2340 4837 supellectilem
2399 4773 2655 4831 tanquam
2713 4758 2883 4828 spolia
2935 4757 3005 4811 de
3064 4754 3315 4809 hostibus
3370 4762 3527 4822 capta

1949 4858 2351 4915 distribuerunt
2374 4873 2386 4908 :
2412 4853 2597 4908 nervis
2614 4865 2896 4907 servorum
2918 4861 3113 4902 carnes
3129 4844 3491 4900 conciderunt
3513 4859 3528 4907 ;

1950 4952 2025 5006 ita
2069 4960 2131 5005 ut
2178 4966 2275 5019 per
2319 4957 2492 5003 totum
2533 4960 2733 5015 corpus
2760 4949 2983 5013 propter
3018 4938 3310 5011 ﬂagrorum
3339 4937 3533 4992 incus-

1951 5043 2158 5105 siones,
2187 5040 2465 5096 eharadrae
2491 5037 2643 5092 velut
2663 5034 2907 5104 quaedam
2933 5032 3300 5086 ducerentur:
3326 5028 3381 5081 in
3407 5041 3535 5081 eum

1952 5134 2117 5189 ﬁnem
2166 5143 2224 5187 ut
2274 5129 2539 5186 indicium
2591 5128 2872 5190 facerent,
2905 5121 3024 5177 auri
3072 5120 3281 5175 scilicet
3331 5127 3389 5172 et
3442 5132 3532 5171 ar-

1956 5226 2127 5298 genti,
2156 5240 2277 5295 qua:
2301 5238 2389 5277 me
2415 5220 2728 5292 reposuisse
2750 5217 3089 5272 afﬁrmabant
3116 5234 3130 5269 :
3154 5213 3299 5283 quod
3329 5211 3538 5266 factum

1957 5336 2236 5392 nunquam
2287 5319 2523 5389 probare
2565 5324 2817 5386 possunt,
2862 5321 2919 5367 et
2956 5320 3139 5365 tamen
3178 5319 3352 5363 caesos
3385 5310 3540 5358 certo

1955 5415 2163 5469 certius
2211 5413 2263 5467 id
2318 5413 2617 5465 resciscere
2672 5404 3158 5477 pronuntiabant:
3199 5399 3272 5453 ita
3322 5407 3542 5463 semper

1955 5506 2024 5559 de
2071 5502 2302 5573 pecunia
2354 5500 2593 5569 reposita
2631 5513 2720 5551 me
2760 5504 3040 5550 accusant.
3092 5491 3203 5545 Nec
3255 5493 3385 5541 sunt
3439 5481 3542 5573 ipsi

1958 5572 2314 5664 pecuniarum
2359 5594 2431 5647 ita
2454 5591 2595 5647 avidi
2626 5604 2789 5660 quam
2826 5603 2928 5642 nos
2967 5591 3395 5651 contemptores,
3448 5572 3544 5642 qui

1959 5704 2239 5758 nunquam
2301 5687 2570 5740 hactenus
2630 5681 2815 5736 induci
2872 5677 3169 5749 potuimus,
3228 5680 3292 5726 ut
3338 5666 3543 5735 aliquid

1962 5788 2155 5835 contra
2205 5786 2413 5833 rectam
2443 5775 2714 5832 rationem
2747 5769 3103 5843 pecuniarum
3139 5777 3304 5821 causa
3336 5760 3543 5815 facere-

3226 5854 3305 5916 2h
