3930 6426
417 303 519 364 747
613 252 618 257 ι
1562 300 1822 364 ΡΗΟΤῙῘ
1860 303 1969 363 PA'.

2240 302 2362 362 H/E
2394 301 2504 362 (ΣΡ.
3558 299 3669 364 ’748
3787 309 3791 318 ’

413 428 554 476 mus,
583 411 784 467 nedum
815 422 878 467 ut
905 411 1027 466 illas
1059 409 1574 467 thesaurizaremus.
1607 411 1716 467 Sed
1738 411 1884 481 quod
1902 426 1964 466 so

2115 412 2142 464 ὑ
2188 411 2546 481 σφοδρότερον
2598 408 2719 464 καθ’
2758 408 2918 480 ήμῶν
2969 411 3145 476 πνεῖν,
3199 409 3234 481 ἢ
3281 411 3332 464 οἱ
3364 415 3667 482 προφανεῖς

411 507 662 561 ετοτὶεηε
695 505 1010 560 intuebatur
1041 505 1186 576 (nam
1223 503 1612 558 malevolorum
1646 503 1842 559 infesta
1885 518 1963 559 ne

1575 518 1612 558 τι
1646 503 1842 559 infesta
1885 518 1985 559 ne-
2089 503 2274 574 ἐχθροὶ
2302 504 2404 556 οὐκ
2443 500 2510 557 ἂν
2554 502 3127 572 συνανομολογὴσειεν.

410 603 607 673 quitia,
651 603 1033 657 necessitatem
1093 600 1177 653 vel
1230 600 1392 654 beato
1436 599 1606 655 Paulo
1648 599 1868 656 virtutis
1921 600 2130 655 doctori
2196 598 2470 654 interdum
2523 599 2783 668 imposuit
2843 599 2912 654 ad
2968 601 3134 654 verba
3162 599 3435 670 ejusmodi
3483 601 3666 672 profe-

409 697 624 763 renda).
645 697 750 750 hoc
778 697 954 766 ipsum
977 695 1180 760 diurni,
1213 695 1404 749 saltem
1439 696 1698 750 nocturni
1731 695 1994 765 temporis
2055 695 2432 764 opportunitas
2474 694 2786 764 ebajulavit,
2826 703 2883 750 et
2922 705 2984 751 ut
3022 710 3164 750 onus
3218 696 3539 766 impositum
3571 714 3662 752 ex-

409 791 664 860 portavit.
694 789 841 844 Istud
867 799 1052 844 autem
1078 805 1204 844 cum
1256 805 1368 844 non
1419 791 1602 845 minus
1635 791 1712 845 illi
1765 806 1928 862 quam
1961 791 2052 845 alii
2100 789 2450 856 resciverant,
2515 799 2696 846 tamen
2766 802 2958 847 carnes
3020 793 3403 859 conciderunt,
3484 793 3671 866 ﬂagris

411 887 634 942 intentis
674 887 1021 941 lancinabant
1071 905 1083 940 :
1124 901 1232 940 non
1287 896 1348 942 ut
1393 887 1596 957 aliquid
1637 901 1829 941 eorum
1874 903 1996 957 quae
2043 902 2104 942 se
2154 902 2398 956 quaerere
2461 886 2760 958 ﬁngebant,
2808 885 3122 942 invenirent
3154 887 3298 958 (nisi
3337 887 3572 943 forsitan
3614 897 3671 943 et

409 997 477 1036 eo
512 979 859 1050 proruperint
897 978 1125 1035 insaniae
1156 989 1218 1035 ut
1248 979 1338 1034 illa
1378 994 1438 1034 se
1467 993 1816 1051 conquaerere
1865 980 2151 1051 ﬁngerent,
2208 996 2330 1050 qua:
2385 995 2496 1035 non
2555 979 2882 1052 ignorabant
2940 986 3156 1034 exstare
3218 980 3537 1049 nusquam),
3569 979 3669 1035 sed

408 1086 472 1132 ut
507 1077 574 1132 ab
618 1077 719 1130 hac
768 1076 932 1132 etiam
971 1084 1128 1147 parte
1172 1075 1333 1131 nobis
1377 1075 1661 1132 inurerent
1715 1075 1959 1130 dolorem
2001 1093 2014 1128 :
2050 1090 2151 1131 nec
2200 1077 2435 1146 aliquam
2477 1075 2734 1146 nequitia:
2783 1075 3050 1152 rationem
3109 1075 3454 1141 omitterent,
3501 1090 3670 1146 quam

409 1173 464 1227 in
503 1186 604 1226 nos
653 1169 853 1226 inferre
897 1177 1139 1239 possent.
1176 1167 1379 1224 Verum
1419 1169 1564 1240 quod
1626 1169 1903 1224 istaldum
1941 1178 1997 1224 et
2049 1171 2155 1225 alia
2204 1169 2488 1225 innumera
2542 1176 2732 1224 contra
2785 1182 2888 1224 nos
2948 1169 3294 1225 machinatus
3357 1173 3431 1227 sit
3474 1172 3669 1237 Satan,

407 1282 519 1322 non
572 1267 733 1337 plane
785 1265 1054 1337 intelligo;
1103 1265 1200 1320 sed
1245 1265 1509 1336 profecto,
1554 1268 1700 1337 quod
1745 1269 1815 1324 ab
1852 1269 1970 1324 istis
1992 1269 2364 1335 exhaurimur,
2410 1269 2554 1324 haud
2605 1269 2938 1342 negaverim.
2984 1268 3094 1326 Sed
3119 1269 3266 1341 quod
3313 1267 3672 1338 haecimpro-

409 1361 550 1416 bitas
573 1361 640 1416 de
670 1361 865 1414 mentis
920 1375 1053 1415 meas
1101 1367 1242 1414 statu
1289 1376 1377 1416 me
1421 1360 1732 1427 dimoverit,
1777 1373 1872 1418 aut
1923 1363 2192 1434 redegerit
2251 1363 2319 1419 ad
2369 1363 2715 1419 oraculorum
2785 1361 3093 1418 divinorum
3157 1369 3559 1431 contemptum,
3613 1365 3720 1416 et'

412 1469 600 1509 eorum
637 1453 940 1524 proditione
992 1469 1078 1510 me
1119 1455 1483 1522 infamaverit,
1544 1459 1845 1514 concedere
1903 1474 2014 1515 non
2058 1475 2282 1532 possum
2334 1477 2349 1514 :
2393 1469 2454 1516 ut
2486 1467 2778 1530 eapropter
2827 1458 3066 1516 hostium
3121 1472 3372 1513 meorum
3405 1455 3673 1512 infensis-

413 1546 537 1602 simi
572 1561 656 1600 me
691 1545 956 1614 amarent,
988 1554 1044 1601 et
1071 1547 1124 1601 in
1158 1562 1220 1603 os
1251 1559 1439 1618 aperte
1474 1549 1850 1622 oggannirent.

484 1641 581 1695 Sin
619 1641 888 1711 quispiam
930 1657 1084 1707 vero,
1139 1642 1226 1698 his
1262 1643 1460 1700 talibus
1519 1646 1739 1712 auditis,
1779 1646 2036 1718 pudore]

2161 1645 2225 1698 Et
2250 1643 2308 1697 δέ
2343 1659 2426 1707 τις
2447 1640 2623 1696 ταῦτα
2643 1641 2859 1697 ἁκούων
2888 1640 3116 1712 ἐρυθριᾷ
3140 1640 3237 1694 καὶ
3265 1639 3542 1701 ἀνανεύει,
3571 1639 3672 1695 καὶ

415 1732 772 1798 suffunditur,
787 1734 956 1804 erigat
984 1749 1045 1790 se
1064 1735 1482 1805 aliquantulum,
1500 1749 1561 1792 et
1579 1748 1817 1810 emergat
1851 1737 1967 1794 inde

2119 1733 2506 1804 .ναδύεται,καὶ
2524 1735 2735 1806 μήποτε
2765 1735 2833 1788 ἂν
2858 1733 3100 1788 τοιοῦτον
3129 1733 3305 1786 εἰπεῖν
3336 1730 3460 1785 καθ’
3483 1731 3671 1802 ἡμῶν,

414 1841 519 1881 nec
543 1826 647 1881 tale
678 1825 970 1896 quidquam
1001 1842 1060 1883 se
1085 1837 1275 1884 contra
1311 1845 1411 1885 nos
1437 1839 1777 1901 perpetrasse
1805 1829 1966 1896 dicat,

2124 1825 2207 1897 ηδ’
2221 1827 2315 1880 ἐπὶ
2331 1825 2458 1880 νοῦν
2472 1826 2659 1880 λαϐεῖν
2684 1842 2700 1858 ·
2719 1825 2936 1895 πέφυκε
2961 1824 3070 1896 γὰρ
3090 1823 3313 1896 ἁμάρτη
3321 1840 3418 1895 μα,
3439 1821 3676 1877 δικαίων

414 1921 510 1976 sed
541 1935 643 1976 nec
681 1921 1007 1992 cogitatione
1037 1921 1269 1992 agitasse
1314 1921 1479 1988 olim;
1511 1922 1591 1978 sic
1613 1921 1759 1977 enim
1788 1931 1966 1977 natura

2126 1917 2252 1988 εγων
2268 1916 2508 1988 ἐλέγχοις
2523 1917 2702 1986 ἀπογυ
2709 1915 2842 1987 μνού
2849 1933 3030 1986 μενον,
3043 1915 3516 1987 ἀσχημονέστερον
3533 1915 3678 1986 μᾶλ-

413 2020 762 2081 comparatur
807 2020 1108 2082 peccatum,
1155 2021 1217 2068 ut
1261 2027 1385 2067 cum
1423 2028 1522 2084 per
1549 2013 1754 2082 justam
1793 2028 1965 2085 repre

2127 2026 2172 2063 ιν
2197 2008 2514 2080 ἢπρότερον
2539 2007 2993 2079 καταφαίνεσθαι,
3007 2005 3146 2062 ὥστε
3171 2007 3293 2078 μηδ’
3307 2006 3458 2078 αὑτῷ
3478 2005 3560 2078 τῷ
3580 2023 3679 2059 τε·

415 2103 736 2157 hensionem
791 2102 1116 2170 denudetur,
1178 2103 1349 2174 magis
1399 2103 1591 2174 majori
1639 2103 1967 2160 immodestia

2123 2101 2232 2156 όντι
2258 2101 2437 2156 δοκεῖν
2454 2100 2700 2173 γνήσιον,
2723 2099 2838 2155 ἀλλ’
2861 2099 2938 2164 ὡς
2961 2101 3114 2154 νόθον
3125 2100 3221 2154 καὶ
3240 2097 3675 2170 ἀποτρόπαιονι·

414 2209 577 2263 quam
610 2194 763 2264 prius
796 2209 854 2250 se
876 2193 1155 2260 venditet;
1187 2209 1290 2249 nec
1317 2194 1538 2264 quidem
1563 2210 1595 2250 a
1625 2205 1852 2266 parente
1879 2210 1966 2252 suc

2129 2195 2352 2263 άλιστα,
2390 2193 2490 2248 τοῦ
2540 2193 2844 2256 συνειδότος
2894 2194 2977 2267 τῷ
3033 2195 3266 2265 κέντρῳ,
3323 2193 3354 2249 ὃ
3391 2196 3460 2266 τῇ
3503 2192 3681 2263 φύσει

412 2302 515 2357 pro
553 2295 710 2356 partu
743 2287 978 2358 genuino
1021 2297 1367 2358 agnoscatur,
1422 2289 1519 2345 sed
1564 2298 1624 2345 ut
1663 2291 1881 2360 spurius
1927 2306 1958 2347 e

2130 2285 2374 2354 ανσόφως
2397 2285 2426 2338 ό
2449 2284 2706 2356 Πλάστης
2728 2284 2990 2356 ἐνέθηκεν
3016 2288 3098 2350 είς
3121 2287 3221 2358 τὴν
3243 2287 3353 2340 τῶν
3373 2287 3682 2358 πρακτέων

413 2378 779 2434 exsecrandus
807 2377 969 2435 foetus
987 2378 1160 2434 oculis
1188 2389 1609 2449 repraesentetur
1642 2399 1657 2436 :
1687 2382 1960 2453 praecipue

2128 2376 2486 2449 ,εγειρομένου
2543 2376 2845 2447 διάσλεψιν.
2888 2377 2987 2432 Ἂν
3036 2377 3131 2434 οὖν
3173 2378 3264 2432 διὰ
3303 2377 3476 2432 ταῦτα
3511 2378 3680 2432 οὐδὲν

412 2471 460 2526 si
485 2485 580 2542 per
607 2470 954 2526 conscientiae
983 2471 1254 2536 stimulos,
1277 2487 1438 2542 quam
1461 2473 1734 2542 sapienter
1759 2474 1964 2529 omnim

2126 2469 2330 2531 κείνων,
2363 2467 2474 2522 οὐδ’
2518 2469 2598 2533 εἰς
2651 2468 2777 2523 νοῦν
2817 2461 2998 2524 ἐλθεῖῗ
3040 2469 3380 2535 διατείνοιτο,
3421 2469 3564 2535 ἀλλ’,
3594 2469 3678 2532 ὡς

414 2578 597 2617 rerum
635 2561 895 2618 Conditor
923 2572 1131 2618 natura:
1174 2573 1375 2619 nostrae
1412 2563 1664 2632 inseruit,
1701 2565 1769 2621 ad
1802 2581 1966 2622 rerun

2127 2559 2252 2626 ίκὸς,
2294 2559 2390 2614 καὶ
2438 2563 2564 2625 τοὺς
2593 2561 2816 2616 πώποτε
2853 2561 3080 2616 τοιαῦτα
3121 2561 3562 2634 τετολμηκότας,
3589 2563 3679 2626 είς

415 2654 720 2710 contuitum
755 2654 1085 2726 agendarum
1140 2656 1424 2711 excitetur.
1480 2655 1636 2724 Quod
1689 2657 1735 2713 si
1803 2665 1967 2712 auten

2121 2653 2352 2718 κτόπους
2395 2655 2621 2725 μοίρας,
2663 2653 2758 2708 καὶ
2796 2657 2875 2719 είς
2903 2655 3043 2726 ἀρὰς
3080 2656 3296 2724 ἀπάγει·
3337 2655 3673 2726 φρικώδεις·

416 2755 703 2818 eapropter
733 2747 872 2802 nihil
931 2748 1039 2802 tale
1070 2763 1130 2803 se
1164 2748 1217 2802 in
1255 2748 1498 2803 animum
1529 2747 1817 2804 admisisse
1851 2763 1968 2804 con-

2123 2744 2228 2815 τρὸς
2249 2747 2350 2815 τῆς
2375 2747 2558 2816 φιλίας
2581 2748 2751 2818 αὐτῆς
2776 2751 3092 2820 ἐρωτήσατε
3114 2750 3300 2814 αὐτὸν,
3325 2748 3393 2802 Τί
3418 2747 3675 2818 διαφέρει

417 2837 660 2902 tendant;
688 2837 782 2892 sed
813 2837 958 2906 quod
989 2837 1225 2901 videtur,
1257 2851 1353 2891 eos
1375 2837 1470 2906 qui
1499 2836 1772 2907 ejusmodi
1801 2845 1969 2892 atten-

2124 2836 2218 2908 περὶ
2259 2837 2416 2908 ήμῶν
2457 2839 2634 2892 εἰπεῖν
2673 2839 2743 2891 τὰ
2785 2839 3074 2910 εἰρημένα,
3109 2839 3206 2893 καὶ⁵
3231 2838 3296 2892 τὸ
3332 2837 3553 2908 λέγεινς
3585 2839 3676 2892 ὅτι

417 2937 538 2983 tent
585 2927 642 2982 in
696 2936 880 2998 partes
925 2929 1220 2984 amandent
1264 2929 1658 2986 remotissimas
1689 2945 1812 2986 cum
1855 2931 1969 2986 diri:

2124 2927 2233 2982 ιετὰ
2273 2929 2384 2984 τῶν
2435 2931 2713 3000 πολεμίων
2757 2930 3043 3002 γινόμεθα,
3098 2933 3195 2985 καὶ
3219 2931 3394 3003 φίλων
3456 2931 3676 3004 μεταξὺ

415 3016 674 3072 dimissos
715 3017 1204 3072 exsecrationibus.
1236 3017 1339 3072 Per
1377 3019 1664 3089 ipsammet
1691 3019 1967 3076 amicitian

2127 3023 2184 3077 al.
2210 3024 2422 3096 ἐχθρῶν
2442 3027 2504 3079 οὐ
2533 2993 2939 3096 διαστέλλομεν,
2965 2993 3062 3081 καὶ
3089 3027 3214 3080 τότε
3231 2993 3432 3094 ¹σιτίνοςς
3456 2993 3537 3099 ξῶ
3570 2993 3679 3097 si);

418 3108 747 3179 interrogate
771 3107 944 3172 illum,
984 3107 1039 3162 in
1061 3122 1170 3177 quo
1201 3106 1384 3164 differt
1417 3109 1542 3166 talia
1567 3109 1636 3166 de
1660 3111 1818 3166 nobis
1852 3127 1970 3182 prae

2128 3117 2212 3172 αθ⁹
2251 3117 2409 3188 ήμῶν
2442 3119 2760 3190 ἐπηρείαςι)
2790 3119 2962 3189 φίλων
3002 3119 3245 3191 Χριστοῦ
3304 3121 3402 3175 καὶ
3452 3119 3680 3192 ἐχθρῶν

415 3201 621 3264 dicare,
659 3199 728 3253 ab
767 3199 856 3253 illa
889 3199 1274 3256 accusatione?
1306 3201 1453 3271 quod
1490 3217 1614 3256 cum
1654 3203 1902 3259 hostibus
1931 3205 1967 3258 ir

2130 3207 2325 3280 ζριστοῦ
2351 3224 2364 3237 ·
2403 3212 2486 3272 εἰς
2526 3210 2698 3264 ταῦτα
2737 3211 2845 3281 γὰρ
2885 3209 3227 3283 ἀποτελευτᾷ
3253 3210 3350 3276 τὸ,
3382 3210 3682 3282 βούλεσθαι

417 3286 536 3341 acie
563 3283 990 3346 constiterimus,
1027 3284 1230 3338 nullam
1267 3285 1426 3355 plane
1462 3286 1826 3342 differentiam
1874 3299 1969 3344 sta-

2129 3301 2410 3370 αταλέγειν
2451 3301 2599 3370 ἡμᾶς
2641 3301 2719 3371 τῷ
2765 3301 2956 3374 κλήρῳ
2980 3302 3092 3355 τῶν
3128 3302 3273 3373 ὑπὲρ
3300 3301 3544 3373 Χριστοῦ
3567 3319 3681 3357 πα-

418 3386 634 3429 tuamus
669 3373 811 3426 inter
853 3372 1087 3428 amicum
1144 3382 1200 3427 et
1237 3374 1539 3439 inimicum,
1579 3376 1737 3447 cujus
1769 3383 1970 3434 autemf

2125 3393 2344 3464 χόντων,
2375 3393 2468 3446 καὶ
2507 3393 2636 3456 τοὺς
2674 3392 2792 3464 ἅμα
2831 3372 3054 3465 Χριστῷ
3080 3372 3458 3464 πολεμοῦντας
3481 3395 3638 3466 ἡμᾶς
3657 3411 3677 3427 °

416 3464 627 3521 scilicet
655 3461 858 3517 Christi
893 3480 909 3517 :
944 3476 978 3517 ο
1002 3462 1256 3534 injuriam
1309 3465 1736 3523 intolerabilem!
1780 3471 1968 3526 amico:

2129 3461 2238 3541 {es
2278 3483 2418 3557 αἷμα
2450 3485 2553 3556 τῆς
2591 3461 2858 3558 διαθήκης
2883 3461 3054 3541 αὐτοῦ
3084 3461 3266 3543 κοινδν
3326 3461 3681 3560 ἡγησάμενοι

416 3567 473 3612 et
518 3555 766 3610 inimicos
811 3553 1038 3610 Christi.
1086 3554 1204 3610 Huc
1245 3556 1393 3611 enim
1441 3559 1693 3626 tendunt,
1735 3563 1878 3631 quod
1930 3563 1968 3616 ir

2125 3579 2214 3634 ἴνα
2263 3553 2360 3634 νῦν
2397 3578 2466 3632 τὰ
2508 3553 2648 3632 δλλα
2701 3553 2884 3648 Edam)
2921 3578 2991 3633 τὰ
3039 3553 3677 3654 θυσιαστήρνιαψΚυρίου

415 3648 597 3702 album
621 3661 809 3702 eorum
832 3660 932 3701 nos
952 3643 1156 3702 referre
1171 3647 1488 3718 satagimus,
1524 3652 1616 3719 qui
1645 3667 1744 3720 pro
1768 3652 1967 3710 Christi

2127 3669 2460 3743 δεδήλωσαν,
2511 3672 2606 3724 καὶ
2654 3670 2719 3722 τὸ
2767 3643 2923 3738 ἅγιον
2979 3671 3212 3742 χρίσμα,
3274 3643 3476 3742 μαλλον
3513 3643 3579 3727 δέ
3613 3674 3679 3728 τὸ

416 3739 700 3810 patiuntur
763 3738 1226 3809 persecutionem,
1288 3753 1414 3794 cum
1471 3739 1580 3798 illis
1637 3744 1730 3814 qui
1795 3757 1968 3804 contra

2122 3738 2350 3832 :an'TtOV
2384 3760 2631 3832 Πνεῦμα,
2656 3760 2723 3814 δι’
2747 3755 2810 3814 οῦ
2847 3761 2909 3814 τὸ
2933 3738 3168 3834 χρίσμα,
3200 3738 3674 3836 ἐξεμυκτήρισαν.

412 3831 696 3887 Chrisrum
725 3830 925 3886 bellum
950 3838 1178 3902 gerunt;
1207 3831 1301 3901 qui
1328 3833 1648 3905 sanguinem
1671 3844 1964 3896 testament

2126 3830 2444 3927 Ερωτήσατε
2492 3830 2587 3907 οῦν
2641 3852 2805 3906 πάλιν
2829 3893 2846 3921 ,
2877 3830 3045 3919 ἀξιῶ,
3069 3830 3154 3908 ⁷τί
3202 3830 3678 3928 διαέρέρειῖταῦτα

415 3923 588 3993 ipsius
620 3936 973 3977 communem
1000 3921 1258 3990 reddunt,
1305 3931 1382 3989 et,
1408 3935 1471 3979 ut
1507 3935 1704 3982 cetera
1733 3930 1967 3998 omittan

2123 3921 2336 4010 κείνων,
2367 3944 2507 4016 πλὴν
2532 3947 2614 4008 εἰς
2648 3945 2847 4008 κακίας
2885 3945 3224 4018 ὑπερδολήν;
3257 3921 3380 4002 κᾶν-
3399 3947 3503 4020 μὲν
3525 3949 3675 4003 ἐκεί-

416 4015 475 4069 in
505 4014 784 4084 praesenti,
831 4013 1048 4070 Domini
1081 4015 1274 4072 altaria
1326 4018 1703 4090 profanarum,
1749 4033 1806 4080 et
1855 4040 1968 4080 san-

2123 4056 2193 4092 ων
2222 4037 2372 4109 δείξῃ
2392 4013 2562 4091 ταῦτα
2591 4037 2923 4108 κουφότερα,
2955 4013 3058 4108 ἐμὲ
3083 4013 3184 4108 μὲν
3213 4013 3416 4110 ληρεῖν.
3433 4041 3515 4104 ὡς
3537 4040 3675 4112 ἀλη-

415 4113 565 4157 ctum
591 4103 757 4158 simul
779 4102 1044 4172 chrisma,
1068 4105 1178 4169 vel,
1203 4113 1264 4160 ut
1287 4107 1473 4163 verius
1492 4107 1690 4175 dicam,
1718 4111 1967 4183 Spiritun

2122 4128 2198 4192 ῶς
2234 4102 2531 4198 νομίσατε,
2575 4102 2783 4181 ἐκεῖνον
2823 4102 2881 4182 δὲ
2917 4102 3131 4200 μυ-ρίῶν
3161 4102 3454 4200 ἐγκῶμίων
3492 4102 3673 4198 diui;-

415 4207 663 4252 sanctum
701 4211 798 4266 per
833 4211 997 4267 quem
1034 4197 1322 4254 conﬁcitur
1348 4200 1585 4257 chrisma
1615 4202 1853 4262 ludibrio
1883 4207 1967 4262 ha-

2119 4236 2217 4272 ἀτε
2235 4236 2251 4252 ο
2282 4219 2461 4274 καίτοι
2494 4237 2579 4284 γε,
2608 4219 2708 4291 οὐχ
2734 4220 2816 4273 ὅτι
2840 4197 3173 4292 κουφότερον
3218 4197 3394 4276 suav
3417 4219 3671 4294 ῦὸρισεν,

355 4357 362 4364 _
414 4291 675 4344 buerunt.
699 4287 1034 4360 lnterrogate
1053 4288 1175 4346 illos
1202 4290 1404 4359 denuo,
1435 4293 1700 4360 obtestor,
1719 4307 1907 4366 quanti

2122 4307 2408 4378 ,γωνίζετο,
2451 4308 2560 4362 οὐδ’
2608 4287 2707 4363 ὅτι
2738 4311 2835 4364 καὶ
2863 4287 3415 4383 ἑτέροιςνύπερδολὴν
3453 4287 3674 4386 ῦδρεων

352 4417 356 4420 -
413 4384 557 4438 inter
583 4382 701 4437 hzec
724 4391 780 4436 et
805 4381 896 4436 illa
925 4383 996 4437 sit
1017 4383 1349 4441 discriminis
1374 4386 1482 4441 nisi
1507 4387 1652 4458 quod
1673 4398 1904 4445 extremi

2121 4400 2512 4455 ταταλέλοιπεν·
2559 4400 2674 4454 ἀλλ’
2702 4401 2784 4454 ὄτι
2823 4401 2978 4455 οὐδὲν
3025 4404 3102 4468 είς
3134 4403 3327 4475 μῶμον
3362 4381 3673 4475 ήμῶν-δια-

412 4475 530 4529 haec
557 4474 880 4544 contingunt
915 4473 1294 4545 improbitatis.
1341 4475 1498 4544 Quod
1524 4479 1570 4534 si
1601 4478 1724 4550 quis
1753 4491 1964 4538 conten-

2121 4492 2277 4544 Laivov
2323 4491 2792 4562 ἐπαρρησιάσατο,
2844 4491 2960 4545 ἀλλ’
3007 4473 3156 4564 ὅμως
3184 4473 3252 4548 ἂν
3278 4473 3487 4550 ἐλάττω
3518 4497 3673 4571 δείξῃ

410 4566 556 4620 derit
597 4565 801 4621 leviora
844 4565 949 4620 ista
1001 4581 1142 4633 esse,
1202 4582 1302 4623 vos
1355 4577 1469 4624 tum
1512 4586 1598 4626 me
1638 4571 1890 4643 desipere
1927 4587 1959 4628 e

2118 4581 2161 4635 τὰ
2189 4579 2356 4635 αὑτοῦ
2385 4581 2494 4635 τῶν
2519 4583 2831 4652 ἐγκωμίων,
2865 4584 2943 4656 μὴ
2971 4585 3336 4660 ἐκκηρύξητε.
3374 4590 3438 4644 Et
3467 4589 3528 4643 δὲ
3565 4565 3670 4662 tu};

410 4659 640 4715 delirare
666 4659 879 4725 dicatis,
913 4659 1059 4714 illum
1082 4660 1362 4731 multiplici
1391 4664 1666 4733 praeconio
1693 4664 1821 4720 licet
1849 4664 1962 4722 θεῖε

2120 4673 2182 4728 ἐν
2209 4672 2359 4744 δείξῃ
2387 4671 2576 4745 ὥσπερ
2601 4673 2721 4726 οὑδέ
2745 4673 2912 4739 δείξει
2954 4691 3043 4744 γε,
3095 4659 3303 4732 ἐκεῖνον
3353 4679 3457 4751 μὲν
3503 4659 3672 4751 ἁιχᾷν

411 4753 718 4808 ratis.Cum
743 4761 929 4807 tamen
948 4768 1059 4808 non
1085 4768 1204 4808 eam
1224 4755 1295 4808 ob
1321 4770 1539 4810 causam
1563 4756 1960 4830 illeangebatur

2120 4767 2518 4838 ιωφρονήσατε·
2570 4766 2641 4820 τὰ
2687 4765 2798 4836 ἐμὰ
2827 4767 2886 4822 δέ
2923 4767 3316 4841 δυστυχήματα
3369 4770 3672 4828 κάντεῦεεν

411 4843 556 4914 quod
581 4842 788 4899 leviore
813 4859 915 4899 nos
936 4859 1100 4914 quam
1117 4844 1253 4900 alios
1271 4847 1598 4902 contumelia
1615 4847 1961 4919 impetiverat

2117 4857 2512 4928 ιναλογίζεσθε,
2557 4858 2678 4926 ὅτι,
2721 4858 2818 4912 καὶ
2873 4859 3086 4932 ἐχθρῶν
3135 4861 3451 4930 ἐπιϐουλὰς,
3492 4863 3669 4933 φίλων

409 4944 595 4990 auteo
619 4937 764 5005 quod
785 4937 999 4993 ceteris
1034 4953 1227 4992 ansam
1260 4937 1492 5005 dederit,
1526 4949 1585 4995 ut
1611 4939 1667 4995 in
1695 4948 1961 4996 contume‘

2116 4949 2511 5015 ιπαναστάσεις,
2533 4949 2629 5004 καὶ
2655 4948 2997 5020 βλασφημίαι
3025 4951 3382 5023 διαδέχοντα..
3400 4953 3530 5019 Πῶς
3555 4954 3668 5027 γὰρ

407 5025 498 5080 liis
518 5025 826 5096 ingerendis
845 5029 912 5082 ad
932 5043 1216 5084 excessum
1238 5030 1507 5099 progressi
1533 5030 1770 5086 fuerint:
1794 5047 1959 5088 vernn

2111 5044 2122 5095 i
2147 5041 2373 5096 τοιαῦτα
2398 5040 2572 5110 λέγων
2599 5040 2635 5111 ἢ
2657 5041 2872 5106 ἐννοιῖιν,
2899 5036 2989 5096 οἷα
3021 5041 3205 5111 λέγειν
3232 5045 3380 5123 ἡμᾶς
3408 5046 3502 5100 καὶ
3527 5025 3663 5117 cppe-

409 5116 556 5186 quod
579 5117 747 5172 libere
774 5121 1020 5187 proloqui
1041 5122 1179 5176 nihil
1217 5123 1412 5192 potuit,
1445 5124 1592 5179 unde
1617 5124 1762 5195 juste
1803 5141 1961 5196 repre

2110 5133 2200 5186 ιεῐν
2217 5134 2246 5186 ό
2274 5131 2438 5195 καλὸς
2455 5133 2664 5194 ἐκεῖνος
2693 5131 2847 5201 φίλος
2873 5132 3241 5199 ἁνεπλάσατο,
3267 5116 3370 5189 οὐκ
3395 5139 3475 5201 εἰς
3499 5116 3662 5206 ἐσχα-

411 5207 580 5263 bendi
631 5209 880 5276 debeam,
911 5211 1022 5265 imo
1050 5214 1153 5268 nisi
1176 5230 1366 5285 parum
1396 5216 1599 5273 distare
1623 5219 1693 5274 ab
1718 5220 1963 5275 encomii:

2111 5242 2179 5278 :ov
2215 5225 2314 5295 μέν
2354 5223 2540 5287 ἀνοίας
2571 5223 2816 5289 ἐλαύνει,
2862 5224 3045 5288 κοινὸς
3085 5223 3144 5278 δέ
3177 5227 3444 5298 προδότης
3483 5229 3663 5300 πάσης

411 5300 822 5356 criminationes
837 5317 964 5358 suas
978 5304 1242 5370 docuerit.
1260 5310 1427 5365 nolite
1446 5325 1572 5366 eum
1596 5313 1916 5379 exsibilare;
1935 5329 1962 5368 s

2109 5316 2208 5368 ιστὶ
2225 5315 2326 5386 τῆς
2366 5315 2718 5386 Ἐκκλησίας,
2745 5317 3062 5388 ὑπερόπτης
3079 5317 3138 5372 δέ
3157 5319 3255 5371 καὶ
3286 5318 3552 5391 ὑδριστὴς
3568 5323 3661 5373 καὶ

410 5407 514 5448 nec
537 5392 593 5449 id
620 5393 979 5462 demonstret,
1019 5396 1234 5456 silentio
1262 5401 1468 5460 indicto
1518 5405 1842 5462 modestiam
1875 5405 1962 5462 im-

2107 5408 2197 5462 ςῶν
2229 5407 2515 5479 πατρικῶν
2543 5408 2920 5480 παραδόσεων,
2943 5411 3040 5465 καὶ
3064 5411 3235 5482 μύρια
3265 5411 3401 5468 ἄλλα
3432 5412 3659 5478 ἐκείνοις

1719 5577 1956 5635 ἾΑΒΙίΕ
1997 5577 2404 5636 LECTIONES.

491 5682 508 5723 ι
531 5686 780 5757 ὁρᾶσθαι.
