3930 6424
291 309 402 373 749
1446 304 1982 368 EPISTOLARUM
2021 304 2251 366 LIBER
2293 305 2342 365 I:
3426 302 3534 367 750

287 420 783 492 ἐμπεριείληπται·
830 420 1171 493 ψευδολογία,
1218 418 1425 489 ἀπάτη,
1457 420 1735 482 δυσσεϐεῖς
1768 419 1863 470 καὶ

1983 425 2151 470 )crate
2193 433 2206 469 :
2248 414 2502 469 miseram
2542 413 2757 469 interim
2784 428 2959 470 meam
2996 423 3200 471 sortem
3232 414 3532 488 deplorate,

288 515 515 569 ἄπιστοι
567 514 849 584 λογισμοὶ,
892 515 1065 585 μάχαι
1116 513 1251 583 πρὸς
1300 514 1558 579 ἑαυτοὺς,
1591 512 1686 566 καὶ
1733 510 1863 565 ἄλλο

1983 518 2024 564 3t
2056 508 2186 561 hinc
2218 507 2463 569 recolite,
2518 506 2661 575 quod
2714 506 2941 561 sufferre
2972 522 3133 579 cogar
3192 509 3537 564 inimicorum

289 605 498 675 πλῆθος
534 605 730 669 κακίας
760 605 1007 677 ἄπειρον.

1983 600 2216 666 insidias,
2243 599 2541 654 amicorum
2573 599 2978 670 coniurationes
3018 609 3073 654 et
3100 601 3367 655 convicia.
3394 601 3540 657 Fieri

289 698 438 755 enim
495 700 586 768 qui
626 700 847 769 poterit,
894 707 955 753 ut
997 698 1045 753 is
1095 698 1188 769 qui
1236 696 1541 753 taliusmodi
1593 704 1913 752 statuataut
1939 695 2104 760 dicat,
2165 709 2284 765 quae
2318 693 2499 749 dicere
2539 708 2639 747 nos
2668 702 2723 749 et
2753 694 2956 749 sentire
2998 695 3176 748 bonus
3205 694 3295 748 ille
3334 694 3543 749 amicus

288 791 573 856 conﬁnxit,
596 806 705 846 non
735 800 975 845 extrema
998 792 1205 846 laboret
1229 791 1459 859 insania,
1489 800 1546 846 et
1569 792 1872 846 communis
1914 790 2134 861 quidem
2191 787 2447 845 Ecclesia:
2462 788 2726 858 proditor,
2766 798 3123 843 contemnens
3142 797 3198 843 et
3217 788 3544 843 conculcans

293 887 618 942 traditiones
680 889 852 941 avitas
908 888 1195 951 habeatur,
1238 902 1451 943 necnon
1510 887 1781 943 sexcentis
1814 887 2085 942 similibus
2138 886 2258 941 aliis
2292 885 2613 941 criminibus
2641 886 2965 952 involvatur,
2994 887 3293 942 mendaciis
3322 900 3541 956 nempe,

290 979 539 1043 fallaciis,
570 979 870 1049 impietate,
904 980 1207 1035 rationibus
1224 996 1415 1052 parum
1440 980 1579 1046 fidis,
1610 981 2108 1037 concertationibus
2130 980 2355 1046 mutuis,
2373 994 2436 1035 ac
2462 980 2749 1034 innumero
2768 978 2993 1033 aliarum
3019 978 3353 1049 impietatum
3375 990 3540 1038 coetu-

377 1069 505 1142 Ἆρ’
563 1074 665 1127 οὐκ
725 1074 790 1127 ἐκ
842 1074 1023 1127 καλῶν
1094 1076 1398 1146 χρωμάτων
1463 1077 1491 1128 ὁ
1547 1075 1710 1139 καλός
1762 1076 1865 1140 Co)-

289 1167 504 1238 γράφος
574 1165 672 1236 τὴν
728 1166 885 1237 ήμῶν
937 1167 1308 1237 διεμόρφωσεν
1359 1169 1562 1231 εἰκόνα,
1624 1167 1653 1218 ὁ
1701 1168 1869 1238 μηδὲν

1983 1167 2092 1238 gius
2139 1177 2379 1222 nostram
2409 1167 2568 1223 nobis
2618 1166 2908 1238 imaginem
2933 1166 3248 1235 delineavit,
3274 1170 3365 1240 qui
3396 1179 3543 1225 tanta

288 1257 404 1310 τῶν
450 1256 669 1325 φαύλων
717 1257 849 1328 περὶ
905 1258 1064 1328 ήμῶν
1122 1261 1296 1312 εἰπεῖν
1342 1260 1867 1329 ἀπισχυριζόμενος;

1983 1258 2315 1313 vehementia
2339 1268 2630 1326 asseverat,
2667 1258 2803 1314 nihil
2829 1274 2888 1314 se
2907 1259 3034 1314 mali
3054 1259 3109 1313 in
3136 1275 3236 1314 nos
3259 1260 3548 1330 aliquando

290 1349 409 1403 ἀλλ’
444 1350 493 1402 εί
547 1350 646 1419 μὲν
685 1351 987 1418 ἁπλότητος
1022 1350 1194 1403 ταῦτα
1222 1391 1236 1415 ,
1283 1351 1388 1421 τῷ,
1422 1353 1677 1405 Γίνεσθε
1728 1352 1873 1421 φρό-

1983 1349 2290 1417 protulisse;
2313 1351 2408 1405 sed
2432 1351 2674 1415 omnino,
2700 1349 2743 1403 si
2768 1366 2798 1405 a
2818 1366 3031 1405 morum
3057 1352 3400 1421 simplicitate
3422 1368 3546 1423 pro-

290 1459 457 1513 νιμοι
507 1443 588 1511 ὡς
643 1447 697 1497 οἱ
766 1444 967 1512 ὄφεις,
1024 1445 1122 1499 καὶ
1164 1444 1424 1511 ἀκέραιοι
1475 1446 1555 1511 ὡς
1603 1448 1663 1498 al
1718 1461 1875 1514 περι-

1983 1438 2288 1494 iiciscuntur
2317 1440 2441 1503 ista,
2472 1441 2617 1497 dicto
2644 1441 2719 1496 illi
2754 1442 3060 1499 Servatoris
3085 1443 3545 1514 obtemperemus,

291 1534 543 1603 στεραὶ,
600 1533 694 1588 τοῦ
742 1537 948 1606 Κυρίου
1016 1535 1247 1606 βοῶντος
1303 1534 1658 1606 πειθώμεθαο
1712 1539 1760 1591 εί
1817 1536 1875 1592 δὲ

1983 1532 2264 1586 Prudentes
2300 1542 2459 1588 estote
2480 1535 2613 1588 sicut
2640 1544 2921 1605 serpentes,
2959 1536 3256 1590 innocentes
3286 1546 3463 1590 autem
3489 1547 3548 1591 ut

2045 1075 2244 1129 Verum
2282 1074 2326 1128 si
2368 1090 2477 1129 non
2533 1074 2752 1144 optimis
2814 1073 3088 1129 coloribus
3158 1076 3336 1145 pictor
3384 1092 3543 1149 εει-ε-
3646 1098 3651 1101 <

289 1627 672 1699 κακουργίας,
720 1628 886 1681 αὐτοῦ
922 1629 1086 1682 πάλιν
1131 1629 1555 1699 διακεκραγότος
1608 1630 1874 1698 μεταϐαλ-

1974 1627 2309 1692 columba“,
2353 1628 2638 1682 credamus
2682 1628 2756 1683 ita
2798 1643 2922 1683 esse
2954 1648 2969 1685 :
3000 1628 3147 1698 quod
3193 1628 3238 1682 si
3282 1629 3549 1684 malitiam

292 1721 537 1791 λώμεθα·
602 1720 745 1775 Ἐὰν
805 1721 891 1791 μὴ
946 1721 1252 1790 στραφῆτε
1314 1721 1412 1775 καὶ
1465 1721 1723 1791 γένησθε
1791 1724 1873 1791 ὡς

1983 1718 2216 1773 indicare
2262 1718 2568 1786 videantur,
2605 1731 2879 1775 mutemus
2925 1721 3275 1786 sententiam,
3319 1729 3374 1776 et
3422 1737 3549 1777 cum

292 1815 368 1868 τὰ
418 1814 661 1879 παιδία,
700 1815 773 1867 οὐ
810 1813 891 1882 μὴ
920 1812 1231 1880 εἰσέλθητε
1266 1815 1353 1879 εὶς
1395 1812 1511 1882 τὴν
1541 1814 1872 1878 βασιλείαν

290 1903 414 1958 τῶν
463 1904 759 1972 οὐρανῶν.
814 1904 1065 1957 Μάλιστα
1122 1904 1582 1973 συνεπιστάμενοι
1650 1899 1737 1959 οἷα
1793 1905 1871 1975 τῷ

294 1996 705 2060 σκανδαλίζοντι
731 1996 825 2049 ἕνα
850 1996 959 2048 τῶν
980 1995 1276 2067 ἐλαχίστων
1300 1996 1544 2062 ἀδελφῶν
1567 1999 1600 2067 ή
1629 1997 1874 2068 τιμωρία

293 2089 606 2142 ἀπόκειται.
643 2089 704 2140 Εἰ
734 2087 788 2139 δὲ
817 2090 844 2140 ὁ
880 2086 1243 2150 σκανδαλίζων
1276 2087 1391 2154 ἕνα,
1419 2088 1517 2159 τὴν
1546 2088 1698 2159 δίκην
1728 2089 1873 2143 ἀπα-

294 2181 571 2252 ραιτήτως
601 2179 985 2250 εἰσπράττεται
1024 2181 1053 2233 ὀ
1088 2180 1247 2234 σείων
1275 2181 1403 2251 ὅλην
1438 2183 1531 2234 καὶ
1564 2183 1872 2237 ἀνασκευά-

294 2273 411 2337 ζων
469 2270 831 2339 Ἐκκλησίαν,
886 2271 1049 2324 αὐτὸν
1099 2272 1305 2325 ἐκεῖνον
1354 2276 1553 2327 ἐννοεῖν
1601 2276 1872 2345 καταλιμ-

296 2364 477 2429 πάνω,
524 2364 728 2433 ἡλίκων
767 2363 959 2415 ἑαυτὸν
994 2363 1293 2417 ὑπεύθυνον
1329 2367 1622 2433 ἀποφαίνει
1653 2367 1872 2422 κακῶν

293 2448 373 2508 ὧν
424 2455 509 2525 εἴη
549 2454 785 2522 Χριστοῦ
818 2454 1037 2507 πάντων
1084 2456 1242 2524 ήμῶν
1291 2458 1449 2527 χεῖρα
1481 2458 1872 2528 ὑπερέχοντος,

301 2546 493 2616 μηδεὶς
516 2545 717 2615 ἔνοχος.
752 2546 891 2599 Ἀλλ’
915 2548 1092 2600 ἐκεῖνο
1111 2546 1225 2609 πῶς
1247 2549 1565 2618 ἀναλγήτως
1589 2551 1685 2603 καὶ
1710 2552 1877 2622 χωρὶς

294 2635 551 2707 δακρύων
599 2637 752 2700 οἴσω,
798 2638 846 2689 εἰ
881 2637 1000 2707 μὲν,
1038 2636 1132 2701 οὓς
1176 2656 1361 2709 φησιν,
1396 2641 1456 2693 οὐ
1487 2640 1565 2693 δεῖ
1606 2642 1875 2712 δέχεσθαι,

295 2728 538 2796 δέχοιτο,
568 2727 620 2779 τί
654 2726 728 2797 μὴ
758 2730 875 2797 μετ’
898 2728 1120 2782 ἐκείνων
1156 2728 1469 2800 γινώμεθα;
1501 2732 1564 2783 El
1593 2732 1650 2784 δέ
1684 2734 1757 2803 μὴ
1790 2734 1878 2787 δέ-

299 2835 451 2889 χοιτο
504 2818 655 2887 φόϐῳ
698 2820 796 2886 τῆς
838 2819 1142 2889 μελλούσης
1184 2823 1488 2892 τιμωρίας,
1529 2825 1624 2877 καὶ
1654 2824 1880 2889 ἄκοντες

296 2911 403 2981 τὴν
436 2910 715 2982 παροῦσαν
740 2910 1025 2965 εὐσέϐειαν
1055 2912 1405 2984 φυλαξόμεθα
1428 2930 1440 2944 °
1472 2916 1600 2985 περὶ
1630 2915 1688 2968 δὲ
1719 2915 1877 2981 Θεοῦ,

1973 1810 2165 1865 eodem
2209 1810 2428 1865 Christo
2473 1812 2755 1876 dicamus,
2798 1812 2916 1865 Nisi
2960 1814 3192 1866 conversi
3232 1813 3456 1883 fueritis,
3501 1822 3551 1866 et

1973 1903 2114 1970 ﬁatis
2145 1902 2276 1956 sicut
2308 1903 2516 1971 parvuli
2539 1942 2553 1967 ,
2586 1920 2689 1957 non
2733 1905 3001 1958 intrabitis
3040 1906 3097 1958 in
3138 1921 3355 1975 regnum
3400 1904 3553 1960 catla-

1975 1992 2176 2045 rum".
2219 1991 2491 2061 Imprimis
2529 1992 2574 2045 si
2616 1991 3013 2047 recoluerimus
3058 1991 3383 2061 supplicium
3418 1990 3551 2044 illud

1975 2083 2271 2153 repositum
2297 2092 2486 2138 contra
2514 2099 2639 2138 eum
2664 2083 2757 2153 qui
2780 2083 3225 2139 scandalizaverit
3258 2083 3344 2136 vel
3381 2096 3553 2135 unum

1974 2190 2004 2229 e
2033 2175 2239 2244 pusillis
2265 2173 2547 2229 fratribus.
2575 2174 2631 2228 Si
2661 2184 2845 2229 autem
2890 2175 2946 2228 in
2975 2190 3123 2237 eum,
3152 2175 3244 2243 qui
3270 2174 3354 2227 vel
3380 2188 3554 2227 unum

1975 2280 2043 2319 ex
2086 2265 2190 2320 illis
2224 2266 2575 2332 scandalizet,
2611 2281 2773 2336 pmna
2811 2265 3160 2321 inexorabilis
3193 2266 3480 2336 irrogetur,
3507 2263 3556 2320 is

1975 2357 2069 2426 qui
2122 2372 2444 2412 concussam
2493 2358 2692 2413 evertit
2740 2358 3049 2413 universam
3097 2355 3413 2419 Ecclesiam,
3461 2371 3554 2410 re-

1977 2453 2131 2514 putet
2172 2447 2314 2516 apud
2348 2462 2406 2501 se
2441 2455 2573 2516 quot
2605 2463 2664 2502 se
2695 2446 2849 2501 malis
2887 2462 3037 2501 reum
3065 2444 3326 2502 involvit:
3356 2443 3557 2514 quibus

1977 2536 2111 2591 faxit
2143 2536 2302 2601 Deus,
2337 2546 2397 2591 ut
2425 2552 2589 2591 nemo
2626 2545 2874 2591 nostrum
2906 2534 2977 2591 sit
3006 2536 3299 2598 obnoxius,
3333 2534 3557 2589 Christo

1978 2644 2199 2682 manum
2263 2628 2583 2698 adjutricem
2653 2638 2709 2684 et
2781 2628 3165 2699 protec‘tt'icem
3219 2628 3553 2698 porrigente.

1978 2720 2115 2775 Illud
2145 2728 2326 2775 autem
2362 2737 2703 2791 nequaquam
2744 2722 2862 2776 sine
2892 2722 3145 2792 lacrymis
3186 2721 3273 2776 vel
3312 2722 3429 2776 sine
3459 2721 3561 2775 do-

1979 2812 2092 2867 lore
2121 2812 2402 2876 sufferam,
2438 2813 2483 2867 si
2518 2813 2639 2867 illos
2682 2812 2931 2867 admittat
2980 2820 3036 2867 et
3077 2812 3146 2867 ad
3201 2825 3260 2865 se
3308 2812 3560 2880 recipiat,

1979 2919 2117 2973 quos
2144 2904 2396 2959 Christus
2439 2905 2607 2960 edicit
2660 2920 2771 2959 non
2806 2902 3186 2973 recipiendos,
3222 2902 3279 2955 in
3329 2916 3563 2971 quorum

298 2995 346 3055 ὦ
401 3002 673 3071 βέλτιστε,
728 3003 859 3074 περὶ
896 3003 954 3057 δὲ
1012 3005 1287 3071 πίστεως,
1324 3005 1454 3075 περ)⁸
1500 3006 1560 3059 δὲ
1609 3006 1718 3061 τῶν
1764 3009 1880 3060 ἐκεῖ

1983 3011 2209 3051 numero
2242 2996 2432 3066 quidni
2460 3008 2516 3051 et
2544 3012 2646 3051 nos
2688 2996 2834 3066 ipsos
2880 2994 3084 3049 habet?
3116 2993 3274 3060 Quod
3328 2994 3375 3048 si
3429 2992 3565 3048 tales

297 3096 741 3166 δικαιωτηρίων,
794 3096 924 3167 περὶ
972 3097 1334 3168 συνειδήσεως
1371 3097 1460 3165 δὲ,
1497 3099 1632 3152 ἀλλά
1684 3102 1813 3169 περὶ
1842 3112 1882 3139 ιιι

298 3186 587 3256 ἀληθείας,
641 3186 771 3256 περὶ
801 3188 857 3241 δὲ
892 3187 1117 3259 γνώμης
1150 3188 1470 3253 εὐσταθοῦς,
1511 3191 1641 3262 περ)⁵
1666 3190 1721 3244 δὲ
1758 3191 1884 3243 τού-

299 3297 416 3333 των
462 3280 639 3346 οὐδὲν,
684 3279 826 3352 λήθῃ
866 3280 1103 3350 πάνταή
1140 3278 1415 3349 Χάρυϐδις
1445 3280 1687 3334 λαϐοῦσα
1719 3281 1883 3333 κατέ-

299 3389 454 3426 πιεν.
495 3371 635 3441 Ἐγὼ
677 3372 732 3424 δὲ
767 3370 1076 3425 τούναντίον
1110 3370 1175 3425 ἂν
1204 3371 1367 3425 αὐτὸν
1406 3371 1499 3424 καὶ
1539 3374 1754 3440 φρονεῖν
1791 3374 1885 3425 καὶ

299 3464 486 3532 λέγειν
514 3464 702 3534 ἠξίουν
728 3480 741 3493 ·
774 3464 851 3528 ὡς
875 3463 1036 3535 εἴπερ
1055 3462 1149 3527 οὒς
1174 3464 1234 3516 οὐ
1270 3464 1350 3517 δεῖ
1376 3464 1629 3534 δέχεσθαι
1657 3464 1881 3535 δέχοιτο,

298 3556 509 3621 πάντες
540 3556 657 3626 ἅμα
686 3555 844 3626 τορὸν
884 3572 938 3608 τι
983 3556 1079 3609 καὶ
1124 3554 1445 3624 διαπρύσιον
1486 3555 1881 3627 ἐμϐοήσωμεν,

301 3647 448 3718 μηδὲ
471 3665 553 3710 τις
583 3648 668 3715 εἴη
702 3647 929 3717 μηδενὸς
965 3646 1169 3715 φειδὼ,
1210 3646 1285 3719 μὴ
1311 3647 1578 3718 πατρικοῦ
1619 3648 1783 3702 πόθου
1828 3650 1885 3702 ἐν

296 3732 348 3807 ᾧ
393 3739 771 3810 σεμνυνόμεθα
790 3780 806 3807 ,
855 3739 933 3811 μὴ
962 3740 1058 3810 τῆς
1090 3739 1475 3811 προσηκούσης
1506 3739 1789 3807 εὐλαϐείας
1818 3743 1887 3813 ἢν

294 3832 581 3903 πατράσιν
622 3834 811 3903 νέμειν
838 3832 928 3886 ἀεὶ⁸
957 3832 1335 3902 δεδιδάγμεθα,
1383 3832 1519 3903 μηδέ
1546 3850 1691 3897 τινος
1720 3833 1886 3903 ἄλλης

295 3919 492 3983 αἰδοῦς
540 3921 609 3992 ἢν
639 3922 768 3992 περὶ
813 3921 977 3975 αὐτὸν
1032 3924 1505 3993 συνετηρήσαμεν,
1543 3924 1677 3977 ἀλλά
1714 3924 1887 3977 ταῦτα

294 4012 488 4067 πάντα
544 4015 828 4085 πόρρωθεν
876 4015 1037 4084 ήμῶν
1081 4015 1490 4081 ἀπελάσαντες,
1531 4017 1668 4086 ὅπερ
1716 4016 1885 4088 ἔφην,

292 4105 590 4174 διωλύγιον
630 4106 1036 4177 ἐμϐοησόμεθα.
1068 4106 1135 4159 Τί
1163 4106 1337 4160 ταῦτα
1363 4108 1557 4171 ποιεῖς,
1593 4107 1883 4179 ἄνθρωπε;

295 4198 402 4249 ποῖ
428 4195 606 4270 φέρῃ;
635 4197 686 4249 τί
715 4196 770 4249 δὲ
794 4196 1017 4249 σεαυτὸν
1051 4195 1267 4266 ἐχθροῖς
1292 4197 1507 4265 ἀγνοεῖς
1529 4197 1883 4269 ἐγχειρίζων;

291 4288 355 4341 τί
395 4290 520 4352 τοὺς
563 4288 721 4358 ἡμῶν
773 4288 967 4353 ἄθλους
1001 4289 1082 4353 είς
1113 4287 1306 4353 ὕθλους
1333 4288 1662 4361 ἐξήνεγκας;
1697 4290 1749 4343 τί
1778 4290 1885 4344 τῶν

1986 3086 2075 3139 ille
2110 3094 2333 3156 propter
2375 3096 2580 3142 metum
2621 3086 2789 3141 futuri
2820 3086 3011 3157 judicii
3042 3101 3153 3141 non
3182 3085 3429 3156 recipiat,
3462 3099 3567 3140 nos

1985 3179 2070 3234 vel
2103 3180 2438 3234 reluctantes
2473 3190 2531 3234 ct
2571 3180 2727 3235 inviti
2771 3180 3031 3250 pietatem
3076 3179 3132 3233 in
3159 3180 3352 3247 Deum,
3401 3195 3566 3249 quam

1985 3282 2309 3343 praesentem
2335 3272 2603 3339 fovemus,
2631 3273 2899 3329 exculturi
2948 3288 3138 3328 sumus
3163 3290 3176 3328 :
3197 3274 3567 3328 verumenim-

1984 3380 2135 3431 vero,
2163 3366 2231 3420 de
2267 3367 2396 3430 Deo,
2445 3366 2529 3420 vir
2561 3366 2787 3435 optime,
2834 3365 2903 3420 de
2949 3364 3074 3432 fide,
3110 3362 3296 3419 futuro
3335 3364 3563 3434 judicio,

1984 3456 2054 3510 de
2082 3456 2438 3523 conscientia,
2464 3458 2714 3523 veritate,
2757 3458 3026 3511 sententia
3074 3457 3346 3511 constanti
3386 3471 3567 3527 neque

1985 3548 2151 3613 fluxa,
2177 3563 2233 3603 et
2278 3548 2550 3604 similibus
2595 3549 2730 3603 nihil
2761 3548 3000 3603 habeat:
3036 3547 3325 3602 dicendum
3366 3557 3451 3603 est
3482 3548 3562 3603 le-

1989 3641 2116 3697 theo
2153 3641 2416 3712 voragine
2444 3642 2765 3715 Charybden
2814 3641 2996 3695 omnia
3046 3640 3413 3696 absorbuisse.
3452 3640 3567 3711 Ego

1986 3742 2166 3789 autem
2222 3736 2477 3806 optarim,
2526 3744 2585 3791 ut
2630 3737 2966 3791 contrarium
3017 3750 3142 3792 cum
3193 3733 3413 3799 sentiat,
3448 3742 3568 3788 tum

1988 3831 2151 3883 etiam
2174 3828 2424 3899 loquatur
2455 3846 2468 3885 :
2505 3831 2581 3885 ita
2628 3837 2709 3894 ut,
2750 3828 2793 3885 si
2839 3844 2980 3899 quos
3017 3843 3125 3882 non
3161 3827 3372 3893 debuit,
3411 3825 3480 3881 ad
3508 3840 3570 3880 se

1988 3918 2237 3989 recipiat,
2297 3918 2437 3974 elata
2483 3934 2618 3974 voce
2657 3928 2713 3974 et
2763 3918 2907 3975 clara
2963 3926 3094 3973 tunc
3150 3930 3342 3972 omnes
3389 3915 3570 3970 accla~

1988 4026 2221 4076 memus,
2254 4026 2356 4065 nec
2377 4012 2666 4081 quisquam
2708 4010 2837 4066 inde
2869 4009 3193 4080 excipiatur,
3244 4024 3316 4063 ne
3345 4008 3569 4078 quidem

1988 4106 2169 4161 obstet
2198 4115 2485 4175 paternum
2534 4104 2866 4159 desiderium
2911 4102 3056 4173 quod
3106 4102 3288 4177 magni
3327 4101 3571 4156 solemus

1989 4197 2258 4252 aestimare
2293 4215 2306 4251 :
2342 4212 2450 4251 non
2508 4197 2597 4251 illa
2645 4196 2953 4252 reverentia
2997 4211 3160 4265 quam
3199 4194 3465 4249 docemur
3509 4193 3569 4249 in

1990 4298 2243 4358 parentes
2301 4303 2520 4359 semper
2575 4288 2838 4344 adhibere
2892 4308 2906 4343 :
2962 4304 3073 4343 non
3129 4288 3270 4342 alius
3337 4286 3572 4354 quilibet

293 4380 675 4435 εὐσεϐούντων
733 4380 1012 4450 αἱσχύνεις
1066 4381 1128 4434 τὸ
1178 4381 1500 4452 σύνταγμα;
1557 4382 1609 4436 τί
1666 4384 1723 4437 δὲ
1774 4383 1880 4437 τῶν

1989 4382 2186 4452 pudor,
2216 4397 2377 4451 quem
2413 4397 2603 4435 versus
2665 4382 2815 4436 illum
2869 4382 3253 4447 observamus;
3306 4381 3402 4435 sed
3452 4379 3569 4433 haec

293 4471 516 4542 ἐχθρῶν
538 4472 790 4543 ἐπαίρεις
817 4472 879 4525 τὸ
918 4474 1205 4544 φρόνημα;
1240 4474 1477 4528 Τοιαῦτα
1510 4475 1671 4528 αὐτὸν
1703 4474 1879 4544 ἔγωγε

294 4559 632 4625 σπουδάζειν
685 4562 885 4632 μᾶλλον
939 4563 1006 4618 ἂν
1043 4562 1303 4636 ήλπιζον,
1352 4566 1406 4619 εί
1437 4568 1490 4619 τί
1543 4585 1611 4638 με
1658 4570 1885 4639 παρολισ-

293 4652 544 4707 σθαίνειν
595 4654 912 4725 ήσθάετοιι,
971 4657 1085 4710 ἀλλ’
1132 4659 1245 4729 οὐχ’
1287 4654 1375 4712 οία
1412 4658 1541 4725 νῦν,
1582 4660 1884 4725 παιζόντων

290 4743 530 4812 γνώμας
591 4745 969 4816 μιμούμενος,
1029 4747 1441 4820 διαπράττεται.
1508 4751 1775 4812 Ἤλπιζον
1828 4754 1885 4807 δὲ

295 4834 547 4902 κάκεῖνο,
592 4836 669 4899 ὡς
712 4837 766 4889 εί
803 4839 888 4901 τίς
918 4856 1050 4893 ποτε
1088 4840 1196 4894 τῶν
1237 4841 1447 4912 ἐχθρῶν
1476 4842 1679 4908 ταύτας
1716 4843 1884 4898 αὐτοῦ

288 4926 400 4989 ea;
433 4926 616 4992 φωνὰς
656 4928 793 4999 πρὸς
832 4929 995 4983 αὐτὸν
1027 4931 1329 5003 ἐτόλμησεν
1365 4933 1620 5002 ἀφεῖναι,
1670 4934 1884 5005 μυρίοις

289 5018 368 5071 ἂν
398 5020 564 5073 αὐτὸν
596 5020 806 5091 βάλλων
837 5021 1086 5088 ἐξεδίωξε
1110 5027 1226 5087 τοῖς
1254 5024 1447 5091 λίθοις,
1474 5026 1769 5082 ἀπατεῶνα
1792 5029 1887 5082 καὶ

289 5110 546 5180 ψεύστην
581 5109 723 5184 [καὶ]
773 5112 1038 5177 τοιούτοις
1083 5114 1264 5184 λόγοις
1317 5116 1661 5173 διαπλύνων·
1704 5120 1888 5190 ἀνέχε-

294 5201 433 5254 σθαι
478 5202 587 5273 γὰρ
644 5203 753 5256 τῶν
787 5203 963 5269 ἄλλως
996 5206 1145 5275 ἡμᾶς
1180 5208 1608 5274 ἐξουθενούντων
1656 5229 1888 5284 προστε-

289 5292 597 5361 ταγμένον,
642 5295 723 5348 ὅτι
752 5303 778 5330 ο
814 5297 908 5350 τοῦ
950 5298 1129 5367 πράου
1164 5300 1261 5352 καὶ
1302 5302 1584 5374 εἰρηνικοῦ
1622 5305 1884 5376 μαθηταὶ,

291 5383 382 5447 οἷς
411 5390 442 5431 P
491 5382 676 5439 πίστιν
707 5384 765 5437 δέ
814 5386 1210 5469 ἐξυϐριζόντων
1252 5390 1430 5454 οὐδεὶς
1477 5391 1544 5455 ᾇν
1592 5394 1886 5466 ἀνάσχοιτο

410 5516 456 5547 ¹¹
478 5516 666 5574 Matth.
689 5538 743 5587 x,
767 5522 854 5578 16.
932 5525 975 5557 ¹¹
1003 5486 1193 5581 Matth.
1227 5542 1382 5595 xvm,
1412 5528 1465 5582 5.

1989 4475 2173 4529 omnia
2226 4474 2539 4546 longissime
2591 4490 2622 4528 a
2678 4475 2837 4529 nobis
2869 4474 3232 4540 revolventes,
3288 4472 3434 4543 quod
3480 4471 3567 4526 di-

1983 4568 2195 4634 cebam,
2230 4577 2448 4624 extenta
2480 4583 2616 4624 voce
2651 4571 3008 4624 inclamemus
3036 4589 3045 4622 :
3078 4566 3147 4621 Mi
3180 4568 3363 4629 homo,
3395 4580 3564 4636 quor-

1982 4677 2105 4716 sum
2154 4662 2259 4715 ista
2310 4661 2384 4716 ita
2435 4662 2657 4731 patras?
2708 4677 2818 4732 quo
2864 4662 3076 4717 delatus
3126 4660 3277 4715 abis?
3331 4674 3429 4713 cur
3466 4672 3567 4727 per

1983 4750 2349 4820 ignorantiam
2381 4758 2434 4804 te
2479 4752 2534 4804 in
2580 4751 2820 4806 hostium
2874 4766 3070 4805 manus
3113 4748 3384 4819 conjicis?
3432 4746 3566 4818 quid

1983 4852 2171 4897 nostra
2202 4847 2503 4898 certamina
2552 4845 2694 4900 inter
2718 4852 3046 4915 nugamenta
3073 4843 3371 4898 numeras?
3396 4858 3568 4913 quor-

1982 4951 2103 4991 sum
2128 4936 2344 5006 piorum
2374 4951 2701 4991 consensum
2736 4935 2942 4991 foedas?
2971 4950 3232 5006 quorsum
3258 4935 3458 4991 attollis
3487 4936 3570 4992 sic

1987 5028 2213 5083 hostiles
2271 5028 2537 5097 spiritus?
2586 5027 2738 5082 Talia
2787 5026 2886 5099 ego
2932 5028 3007 5082 illi
3054 5027 3171 5082 fore
3222 5028 3365 5081 inter
3403 5043 3568 5084 curas

1985 5121 2188 5189 primas
2218 5119 2616 5185 existimabam,
2643 5121 2688 5175 si
2720 5120 2775 5174 in
2809 5121 2993 5190 aliquo
3032 5135 3121 5174 me
3162 5120 3565 5174 exorbitantem

1983 5210 2457 5281 deprehendisset,
2498 5211 2681 5281 potius
2708 5228 2869 5281 quam
2900 5221 2958 5266 ut
2998 5211 3343 5267 illudentium
3385 5217 3569 5280 gestus

1984 5304 2311 5359 imitaretur.
2367 5304 2684 5373 Sperasscm
2737 5304 2986 5367 ulterius,
3039 5303 3184 5374 quod
3236 5304 3281 5357 si
3312 5302 3381 5357 de
3429 5301 3567 5356 meis

1985 5395 2226 5451 inimicis
2252 5397 2449 5467 aliquis
2479 5398 2597 5452 illas
2640 5399 2785 5469 ipsas
2815 5413 2977 5454 voces
3017 5396 3334 5467 protulisset
3380 5405 3565 5454 coram

1584 5643 1815 5698 VARIAS
1857 5641 2263 5700 LECTIONES.

371 5757 418 5786 ³³
446 5748 540 5804 καὶ
569 5748 627 5802 δὲ
656 5751 747 5805 καὶ
779 5750 929 5823 περί.
1034 5764 1059 5791 υ
1091 5754 1176 5807 Ζσ.
1210 5754 1498 5825 ὴσθάνετο.

1580 5766 1604 5793 ο
1641 5759 1723 5812 ἵσ.
1771 5758 1904 5814 ἔστι.

1986 5770 2012 5809 P
2040 5759 2128 5814 τσ.
2162 5759 2349 5831 ἐσμεν.
