3930 6432
426 337 532 431 751

1561 360 1826 424 PHOTII
1864 361 2375 423 PATRIARCHE
2413 362 2523 423 (ΞΡ.

3580 363 3691 428 752

428 461 574 548 ipse,
606 489 726 547 qute
755 482 885 532 sunt
902 489 970 532 ao
1001 474 1092 531 illo
1130 481 1423 546 usurpatae,
1455 473 1698 544 lapidum
1744 459 1866 528 illos
1899 474 1982 528 imi

2105 475 2229 526 ἐπεὶ
2253 475 2364 528 καὶ
2395 473 2558 538 αὐτὸς
2584 472 2751 528 τάλλα
2779 473 2972 544 πράως
3014 472 3197 544 φέρων
3222 475 3319 529 καὶ
3353 475 3431 549 μὴ
3474 474 3690 549 ἀμυνό-

430 569 528 623 bre
554 569 827 625 obruisset
854 577 1106 638 tanquam
1154 567 1524 638 deceptorem,
1557 565 1898 630 mendacem,
1947 574 2001 620 et

2106 581 2299 636 μενος,
2333 564 2462 630 τούς
2491 581 2554 618 τε
2591 565 2698 620 τὸν
2726 564 3017 634 πατρικὸν
3057 561 3226 621 οἷκον
3245 607 3260 634 ,
3299 561 3468 630 οἶκον
3502 569 3689 639 ἐμπο-

430 655 666 712 similem
695 656 955 713 conviciis
975 657 1273 728 prolutum.
1302 654 1438 710 Nam
1469 670 1594 710 cum
1623 653 1921 710 habeamus
1944 653 1982 706 ir

2089 657 2234 727 plac
2263 655 2458 711 ποιεῖν
2483 653 2959 724 ἀπονοηθέντας,
2992 657 3132 728 μετὰ
3159 657 3398 729 σφοδρᾶς
3421 663 3524 731 τῆς
3561 662 3689 715 ἐπιο

429 749 700 804 mandatis
749 749 870 804 illos
905 748 1137 804 tolerare
1177 749 1271 819 qui
1315 763 1418 804 nos
1463 747 1602 802 alias
1630 746 1727 802 vili
1771 745 1997 808 faciunt,

423 849 714 910 propterea
741 840 884 911 quod
915 840 1062 896 illius
1094 839 1346 911 discipuli
1391 840 1584 906 simus,
1629 838 1722 909 qui
1765 837 1913 892 mitis
1945 845 2003 891 et

421 925 688 1004 paciﬁcus
733 941 1226 999 commemoratur,
1257 940 1496 988 attamen
1548 931 1638 986 ille
1687 929 2001 986 tolerandus

424 1040 538 1080 non
583 1037 702 1089 est,
751 1025 846 1095 qui
909 1024 1070 1080 ﬁdem
1125 1024 1517 1097 transgreditur
1571 1022 1938 1079 Christianam
1980 1037 1996 1075 :

421 1117 676 1171 Christus
722 1125 871 1172 certe
922 1116 1172 1188 ipsemet,
1206 1118 1298 1188 qui
1346 1117 1530 1171 omnia
1577 1115 1633 1171 in
1682 1130 1742 1171 se
1800 1113 1999 1170 delicta

418 1209 778 1279 requanimice
807 1208 1021 1265 ferebat
1059 1225 1162 1265 nec
1195 1209 1592 1272 ulciscebatur,
1635 1207 1758 1262 illos
1794 1215 1996 1269 tamen,

433 1301 524 1371 qui
570 1301 786 1354 domum
834 1302 918 1356 sui
970 1300 1169 1366 Patris,
1211 1302 1423 1355 domum
1475 1301 1815 1355 reddiderant
1869 1317 1998 1354 cau-

417 1390 754 1462 portantium,
777 1407 886 1448 non
907 1393 1027 1448 sine
1058 1393 1191 1448 dura
1210 1402 1266 1448 et
1283 1393 1592 1448 vehementi
1621 1391 1998 1463 objurgatione

419 1488 626 1556 ejectos
658 1488 783 1543 inde
815 1488 1095 1555 deturbat;
1125 1496 1181 1544 et
1201 1503 1296 1544 eos
1329 1488 1420 1559 qui
1454 1488 1508 1542 in
1557 1485 1822 1559 Spiritum
1872 1503 1999 1543 san-

417 1589 574 1635 ctum
603 1596 732 1637 suas
761 1581 973 1651 linguas
997 1581 1356 1648 exacuebant,
1375 1580 1576 1652 duplici
1598 1580 1834 1636 condicit
1860 1595 1994 1634 con-

417 1672 774 1736 demnationi,
803 1673 940 1743 ignis
964 1672 1222 1728 nimirum
1266 1672 1321 1727 in
1369 1672 1575 1735 futuro,
1618 1681 1677 1727 et
1699 1672 1891 1726 esuriei
1940 1674 1994 1727 in

417 1765 676 1835 praesenti
728 1765 958 1827 saeculo,
993 1781 1117 1821 cum
1156 1763 1472 1821 Iudaeorum
1513 1765 1708 1822 civitas
1748 1764 1995 1822 funditus

416 1857 868 1912 exscinderetur:
895 1866 952 1913 et
1001 1851 1132 1913 alibi
1166 1853 1546 1913 vehementius
1583 1857 1993 1914 excandescens

417 1948 738 2017 pronuntiat
779 1946 1018 2002 futuram
1051 1961 1146 2002 eos
1167 1962 1382 2018 pcenam
1416 1961 1526 2001 non
1554 1961 1837 2014 evasuros,
1864 1947 1993 2002 licet

415 2037 580 2092 etiam
604 2035 834 2092 ulterius
860 2044 1187 2106 praesentem
1229 2035 1483 2091 tulerant.
1527 2035 1634 2091 Sed
1678 2051 1801 2108 ego,
1848 2039 1992 2106 quoﬂ

409 2135 660 2197 apparet,
707 2127 801 2197 qui
847 2125 1134 2196 sperabam
1181 2125 1360 2191 aliter,
1409 2139 1497 2180 me
1533 2124 1601 2180 ad
1639 2129 1988 2182 euectionem

411 2234 510 2288 per
537 2219 738 2274 t‘amem
768 2218 1099 2275 refovebam.
1136 2217 1271 2284 Quis
1297 2231 1427 2290 ergo
1445 2233 1533 2274 me
1566 2219 1823 2274 thronum
1852 2236 1990 2275 cou-

408 2309 764 2366 seendentem
798 2307 1317 2379 archiepiscopalem
1340 2347 1357 2372 ,
1390 2313 1446 2362 et
1477 2309 1866 2379 principatum,
1932 2310 1989 2363 in

407 2416 605 2457 manus
637 2399 894 2455 traditum
924 2399 1092 2464 totius
1142 2406 1199 2454 et
1229 2398 1444 2454 consilii
1490 2408 1546 2455 et
1581 2399 1814 2456 actionis
1844 2401 1988 2455 reci-

407 2496 652 2566 pientem
677 2492 933 2560 intuitus,
959 2491 1040 2547 illi
1086 2491 1489 2548 insusurravit?
1534 2492 1806 2563 ejusmodi
1838 2494 1988 2550 enim

405 2601 532 2642 cum
554 2600 716 2642 voces
761 2594 878 2641 tum
921 2583 1331 2656 disquisitiones
1374 2585 1556 2656 impia:
1604 2597 1751 2653 sunt,
1780 2595 1837 2641 et
1860 2600 1987 2658 erga

405 2665 528 2734 illos
560 2675 884 2734 adhibenda:
912 2685 1064 2741 sunt,
1109 2675 1206 2746 qui
1245 2675 1599 2732 moderamen
1640 2684 1697 2732 et
1743 2677 1987 2733 habenas

402 2769 788 2840 gubernandas
811 2767 1094 2838 splendide
1116 2776 1173 2824 et
1204 2768 1406 2824 illustri
1427 2769 1591 2824 modo
1614 2778 1981 2840 acceperunt:

401 2849 460 2916 et
493 2862 587 2932 qui
634 2862 692 2917 in
727 2862 936 2919 bonum
973 2863 1256 2934 publicum
1307 2862 1510 2917 throno
1549 2861 1851 2932 przesident
1880 2878 1895 2915 :
1929 2870 1987 2917 et

399 2953 498 3009 ubi
528 2953 598 3009 ad
647 2969 823 3027 genua
859 2955 1136 3026 provoluti
1181 2954 1584 3025 abjiciebantur
1628 2954 1982 3025 plenitentes,

397 3045 494 3118 qui
539 3045 790 3102 tellurem
834 3045 1202 3114 lacrymarum
1259 3045 1392 3102 rivis
1445 3046 1767 3118 irrigabant,
1804 3061 1868 3102 ac
1912 3046 1982 3102 ad

397 3139 725 3222 movendam
775 3138 1207 3194 misericordiam
1257 3139 1426 3194 multa
1475 3136 1882 3209 loquebantur:
1917 3153 2050 3233 acc

395 3237 487 3308 qui
517 3236 584 3292 ad
605 3235 772 3291 ﬁnem
797 3251 970 3307 usque
989 3251 1090 3307 pro
1115 3235 1349 3290 veritate
1371 3243 1428 3290 et
1465 3234 1669 3290 virtute
1698 3243 1977 3290 certamen

395 3329 594 3384 initum
644 3329 990 3384 sustinebant
1036 3327 1456 3398 splendentibus
1491 3325 1711 3382 coronis
1754 3325 1980 3383 lemnis-

392 3409 719 3482 catbsedent
752 3436 876 3474 cum
907 3420 1126 3476 Christo
1153 3419 1517 3490 judicantium
1547 3417 1728 3474 sortiti
1775 3418 1977 3484 locum,

391 3518 628 3585 quorum
654 3528 932 3570 nonnemo
969 3512 1038 3569 ad
1097 3511 1596 3568 commiserandum
1641 3527 1979 3585 congeneres

390 3607 496 3682 sibi
547 3606 799 3661 feruntur
832 3625 847 3660 :
877 3605 1099 3676 quidam
1171 3604 1262 3660 alii
1317 3603 1589 3675 aequitatis
1644 3604 1850 3660 nullam
1890 3607 1977 3662 vel

389 3699 670 3756 canonica:
712 3701 996 3770 potestatis
1044 3699 1314 3755 rationem
1371 3699 1662 3765 habentes,
1716 3699 1813 3754 sed
1858 3709 1979 3754 tan-

388 3807 553 3864 quam
591 3793 686 3862 qui
726 3781 956 3863 justitiae
1000 3792 1194 3848 oculos
1245 3793 1311 3847 ad
1350 3781 1656 3848 faciendam
1703 3791 1974 3862 justitiam

387 3900 692 3956 provocare
725 3884 929 3940 vellent
961 3902 975 3938 :
1005 3891 1157 3941 certe
1193 3875 1332 3955 opus
1355 3893 1438 3940 est
1485 3877 1546 3940 ut
1595 3885 1704 3952 hic,
1739 3883 1832 3943 hic
1883 3885 1975 3940 in-

387 3989 574 4046 quam,
615 3977 660 4030 si
692 3974 915 4038 alicubi,
952 3975 1081 4030 talia
1107 3976 1329 4030 obtendi
1361 3975 1617 4042 debeant,
1659 3977 1804 4048 apud
1849 3976 1975 4034 illos

386 4068 714 4137 prtBSerlim,
741 4069 835 4137 qui
874 4068 931 4123 in
983 4067 1077 4122 illo
1122 4067 1317 4122 ordine
1365 4057 1827 4125 constituuntur:
1858 4085 1971 4124 non

387 4156 443 4208 in
475 4155 582 4210 vita
611 4155 888 4226 praesenti,
919 4171 1029 4210 non
1059 4156 1203 4227 apud
1234 4171 1331 4212 eos
1357 4159 1450 4228 qui
1483 4155 1648 4222 fame,
1680 4174 1829 4214 nunc
1857 4159 1970 4224 siti,

385 4246 653 4300 custodiis
698 4255 755 4301 et
809 4246 1071 4302 miserum
1094 4247 1316 4318 quidem
1365 4249 1422 4302 in
1477 4247 1702 4303 modum
1743 4248 1972 4304 interci-

383 4337 634 4406 piuntur,
666 4335 733 4391 de
759 4335 869 4390 vita
920 4337 1024 4392 'sua
1080 4337 1475 4407 periclitantes.
1533 4337 1616 4393 Ad
1654 4337 1776 4393 illos
1823 4337 1969 4392 enim

383 4433 596 4498 spectat
628 4426 925 4498 deputatus
969 4427 1198 4498 justitim
1250 4427 1424 4492 locus,
1461 4427 1680 4498 judicii,
1707 4428 1970 4483 condem-

383 4521 648 4589 nationis,
680 4520 1023 4576 remissionis
1053 4529 1270 4592 tempus
1301 4536 1504 4588 nempe
1534 4521 1777 4575 futurum
1809 4520 1966 4588 illud,
2001 4515 2046 4570 D

379 4623 572 4668 etnon
604 4613 706 4669 hoc
733 4627 999 4684 praesens.
1033 4615 1153 4678 Ast,
1181 4629 1215 4668 o
1256 4622 1312 4668 tu
1358 4614 1502 4669 bone
1535 4614 1620 4668 vir
1662 4623 1718 4670 et
1778 4613 1968 4668 bellis-

378 4707 542 4771 sime,
579 4707 624 4764 si
687 4707 989 4778 recipiendi
1043 4722 1152 4761 non
1202 4715 1353 4772 sunt,
1406 4706 1597 4778 quidni
1668 4715 1723 4762 te
1768 4707 1970 4777 pudeat

379 4813 505 4851 cum
554 4795 659 4852 illis
696 4798 1128 4854 connumerari?
1177 4807 1232 4853 et
1273 4815 1399 4854 cum
1441 4799 1620 4868 possis
1673 4808 1968 4854 coronatus

378 4875 718 4958 comparere,
737 4904 865 4945 cum
884 4891 1115 4962 captivis
1139 4891 1296 4946 malis
1327 4892 1607 4963 aggregari
1646 4909 1659 4945 ε
1688 4907 1788 4963 per
1816 4906 1968 4948 som-

381 4977 536 5033 nium
565 4979 796 5036 aliorum
835 4983 1236 5040 humanitatem
1271 4983 1498 5040 laudare
1519 5025 1534 5048 ,
1557 5000 1683 5040 cum
1707 4986 1783 5039 sis
1806 4984 1967 5055 longe

374 5065 446 5125 ab
479 5069 570 5125 illa
612 5071 822 5128 caelesti
869 5077 1175 5144 nobilitate,
1209 5088 1264 5133 et
1307 5078 1478 5133 libera
1518 5079 1835 5135 conditione
1877 5091 1967 5131 se-

373 5171 580 5229 motus,
623 5165 792 5220 etiam
849 5176 905 5222 et
941 5171 1266 5238 proditionis
1324 5171 1472 5226 illius
1542 5187 1690 5226 reus.
1725 5171 1965 5226 Verum-

374 5243 560 5310 tamen
597 5255 643 5310 si
680 5269 806 5310 cum
857 5256 965 5312 illis
1009 5263 1225 5315 censeri
1291 5277 1401 5316 non
1463 5254 1749 5318 ferebatur
1780 5272 1966 5333 turpe,

375 5346 839 5418 cognoscatquod
872 5361 1123 5406 versatur
1173 5355 1318 5424 apud
1362 5355 1484 5413 illos
1527 5355 1732 5418 animo,
1765 5370 1796 5409 a
1831 5369 1970 5425 quo-

369 5455 494 5495 rum
526 5440 639 5496 v’ita
670 5440 937 5497 abhorret
979 5453 1035 5499 et
1081 5447 1392 5502 actionibus
1418 5489 1432 5511 ,
1487 5455 1544 5501 et
1596 5448 1746 5502 illum
1788 5447 1969 5502 linito-

371 5540 456 5587 rat
476 5548 716 5605 gregem,
743 5532 833 5588 cui
861 5550 963 5606 pro
1019 5537 1335 5609 pastoribus
1389 5539 1552 5609 lupos
1582 5553 1824 5610 praeesse
1852 5551 1969 5610 prae

2099 746 2380 818 τιμήσεως
2417 745 2627 800 ἐκεῖθεν
2667 745 2950 816 ἀπήλασεο
2985 745 3081 799 καὶ
3125 745 3253 812 τοὺς
3297 749 3380 812 είς
3411 749 3474 802 τὸ
3524 748 3686 818 άγιον

2094 835 2328 909 Πνεῦμα
2346 836 2443 909 τὴν
2462 835 2714 906 γλῶσσαν
2733 835 3039 902 ὀξύνοντας,
3066 835 3260 908 διπλὴν
3281 837 3382 907 τὴν
3405 839 3688 910 τιμωρίαν

2101 927 2573 1000 ἀπειλησάμενος,
2622 927 2794 1000 πυρὸς
2846 926 2944 998 μέν
2986 927 3222 983 ἐνταῦθα
3273 929 3368 982 καὶ
3407 931 3685 1001 μαχαίρας

2099 1021 2258 1092 ἔργον
2287 1021 2383 1075 xui.
2404 1020 2566 1090 λιμοῦ
2593 1021 2695 1092 τὴν
2721 1020 2878 1074 πόλιν
2903 1019 3202 1093 αὔτανδρον
3231 1021 3548 1092 ἐποιήσατο,
3584 1022 3687 1077 καὶ

2097 1108 2196 1185 τὴν
2233 1112 2532 1185 μέλλουσαν
2563 1113 2621 1167 δὲ
2651 1112 2712 1167 ού
2742 1111 3082 1182 διεκφυγεϊν,
3117 1111 3186 1166 δι’
3226 1105 3305 1168 ὧν
3340 1111 3440 1184 τὴν
3469 1113 3687 1184 παροῦ-

2101 1223 2200 1260 σαν
2234 1209 2373 1278 μετὰ
2401 1205 2604 1277 πολλῆς
2639 1206 2740 1275 τῆς
2767 1205 2938 1280 ὀργῆς
2968 1205 3283 1277 ἐξήνεγκεν,
3312 1205 3682 1262 ἐπιστώσατο.

2111 1300 2250 1354 Ἀλλ’
2274 1298 2388 1369 ἐγὼ
2411 1297 2516 1371 μὲν
2536 1299 2815 1364 τοιαύταις
2843 1299 3057 1353 ἐλπίσιν
3082 1298 3343 1370 ἐμαυτὸν,
3370 1297 3448 1364 ὡς
3476 1297 3681 1364 ἔοικεν,

2098 1393 2178 1456 είς
2227 1392 2386 1464 λιμὸν
2437 1391 2703 1464 ἔτρεφονο
2752 1390 2840 1455 τίς
2875 1408 3006 1445 ποτε
3045 1389 3106 1444 δὲ
3157 1390 3267 1462 ἄρα
3309 1388 3420 1442 τῶν
3468 1387 3683 1460 θρόνων

2097 1482 2396 1548 ἐπιϐάντας
2436 1483 2586 1554 ἡμᾶς
2635 1482 2744 1538 τῶν
2781 1481 3218 1554 ἀρχιερατικῶν,
3250 1483 3348 1536 καὶ
3396 1481 3460 1535 τὸ
3509 1480 3684 1552 κύρος

2098 1575 2314 1645 ἀπάσης
2361 1574 2618 1646 πράξεως
2666 1574 2763 1629 καὶ
2817 1574 3129 1646 βουλήσεως
3185 1571 3634 1645 ἐγχειρισθέντας
3657 1612 3678 1636 ,

2095 1666 2246 1739 αύτῷ
2304 1669 2716 1740 κατεμήνυσεν;
2777 1667 2835 1719 αῖ
2895 1666 3004 1738 γὰρ
3056 1665 3307 1722 τοιαῦται
3345 1667 3523 1737 φωναὶ
3578 1666 3685 1720 καὶ

2097 1759 2354 1833 ζητήσεις
2380 1760 2635 1830 ἀνίαραι,
2677 1757 2774 1813 καὶ
2799 1759 2885 1812 δεῖ
2918 1769 2946 1810 q
2976 1776 3119 1812 τισιν
3164 1758 3335 1823 αὐτάς
3367 1759 3507 1823 ὅλως
3535 1775 3682 1830 προ-

2024 1839 2066 1895 Β
2092 1854 2385 1921 τείνεσθαι,
2418 1855 2532 1918 τοῖς
2561 1852 2660 1916 τὰς
2684 1851 2846 1923 ἡνίας
2879 1851 3152 1924 λαμπρῶς
3179 1851 3283 1923 ἤδη
3315 1853 3411 1905 καὶ⁸
3435 1862 3685 1924 περιφαρ

2093 1947 2200 2010 νῶς
2251 1945 2352 2016 τῆς
2395 1945 2570 2016 ἀρχῆς
2603 1943 2991 2015 ἐπανειληφόσι
3014 1985 3029 2011 ,
3058 1943 3156 1997 καὶ
3199 1945 3293 1997 ἐπὶ
3322 1943 3504 1999 κοινοῦ
3535 1960 3683 2015 προ-ι

2091 2039 2480 2111 καθεζομένοις
2505 2037 2599 2093 τοῦ
2637 2037 2880 2110 βήματος
2899 2053 2913 2068 ο
2958 2037 3185 2092 καὶτῶν
3217 2038 3318 2110 μὲν
3344 2036 3680 2111 ἡμαρτηκό-

2089 2148 2200 2187 των
2241 2131 2336 2186 ἐπὶ
2367 2133 2498 2202 γόνυ
2546 2132 2820 2202 κειμένων
2840 2172 2857 2199 ,
2889 2131 2984 2185 καὶ⁵
3014 2130 3237 2196 πολλοῖς
3279 2131 3380 2203 μὲν
3423 2131 3525 2203 τὴν
3568 2129 3688 2201 γῆν

2087 2224 2323 2296 δάκρυσι
2374 2221 2714 2295 βρεχόντων,
2746 2222 2926 2277 πολλά
2965 2223 3023 2277 δέ
3067 2223 3162 2277 ἐπὶ
3193 2223 3330 2294 ἐλέῳ
3361 2222 3639 2292 λεγόντων
3661 2236 3683 2254 ⁶

2086 2315 2200 2376 τῶν
2249 2313 2308 2368 δὲ
2340 2315 2507 2386 μέχρι
2536 2313 2726 2378 τέλους
2767 2313 2870 2385 τῆς
2905 2314 3106 2385 ἀρετῆς
3149 2314 3374 2384 καὶτῆς
3411 2313 3689 2385 ἀληθείας

2087 2404 2551 2476 ὑπερηθληκότων
2580 2403 2718 2475 μετὰ
2755 2402 3026 2476 λαμπρῶν
3060 2403 3172 2458 τῶν
3217 2405 3497 2474 στεφάνων
3543 2419 3689 2473 συγ-

2087 2495 2474 2567 καθεζομένων
2496 2536 2512 2563 ,
2555 2496 2651 2550 καὶ
2687 2494 2798 2550 τῶν
2822 2495 3100 2550 δικαστῶν
3143 2494 3244 2568 τὴν
3269 2496 3425 2562 τάξιν
3451 2495 3685 2561 διακλη-

2087 2589 2389 2661 ρουμένων,
2418 2588 2516 2642 καὶ
2540 2587 2650 2642 τῶν
2676 2589 2774 2660 μὲν
2797 2589 2890 2642 ἐπὶ
2917 2585 3254 2660 συγγνώμην
3273 2588 3369 2643 τοῦ
3393 2589 3684 2660 ὁμοφυοῦς

2087 2679 2536 2751 ὑποφερομένων,
2582 2678 2692 2732 τῶν
2728 2677 2787 2731 δὲ
2825 2678 2918 2731 τοῦ
2951 2679 3069 2732 τσου
3113 2680 3208 2732 καὶ
3246 2679 3346 2749 τῆς
3375 2681 3679 2749 κανονικῆς

2085 2768 2409 2836 αὐθεντείας
2443 2771 2610 2844 μηδὲν
2641 2771 2973 2844 ἐπιπμσθέν
3008 2771 3353 2842 ποιουμένων
3375 2811 3392 2838 ,
3433 2769 3554 2823 ἀλλ’
3581 2764 3682 2824 οἷα

2082 2865 2243 2938 δίκης
2289 2865 2607 2938 ὀφθαλμοὺς
2661 2866 2741 2930 είς
2769 2865 2872 2938 τὴν
2899 2860 3003 2918 ’τοῦ
3047 2865 3260 2919 δικαίου
3297 2863 3462 2933 φύσιν
3489 2863 3680 2917 πάντα

2085 2959 2640 3032 καταρῤυθμιζόντων
2664 2974 2679 2989 ο
2706 2957 2828 3012 τότε
2865 2957 2944 3023 δὲ,
3001 2956 3160 3023 τότε,
3201 2958 3252 3010 εί
3302 2955 3462 3028 θέμις
3499 2955 3679 3019 ποτὲ,

2082 3049 2271 3123 χώραν
2316 3050 2434 3123 εχει
2457 3050 2528 3106 τὰ
2553 3048 2784 3105 τοιαῦτα
2812 3049 3195 3120 προτείνεσθαι
3211 3089 3228 3115 ,
3261 3048 3360 3103 καὶ
3384 3049 3498 3109 τοῖς
3524 3047 3685 3101 ἐκεί-

2083 3161 2183 3215 νην
2213 3143 2314 3216 τὴν
2340 3142 2496 3214 λῆξιν
2522 3141 2923 3198 καταλαϐοῦσιν
2944 3158 2959 3171 ·
2987 3141 3104 3198 ἀλλ’
3135 3141 3260 3212 οὐχὶ
3281 3141 3377 3194 νῦν
3403 3139 3528 3194 οὐδὲ
3557 3141 3682 3202 τοῖς

2083 3234 2229 3308 λιμῷ
2254 3235 2352 3289 καὶ
2377 3233 2543 3306 δίψει,
2567 3234 2665 3290 καὶ
2691 3234 2985 3304 φυλακαῖς,
3011 3234 3108 3290 καὶ
3133 3235 3360 3307 μυρίαις
3381 3233 3680 3288 ἐναθλοῦσι

2081 3328 2506 3399 ταλαιπωρίαις,
2555 3328 2653 3382 καὶ
2680 3327 2774 3381 τὸν
2807 3327 2940 3397 περὶ
2968 3327 3148 3398 ψυχῆς
3178 3326 3370 3396 ἀγῶνα
3406 3327 3632 3398 ἔχουσιν
3656 3342 3676 3358 ο

2081 3419 2313 3485 ἐκείνοις
2355 3420 2464 3492 γὰρ
2492 3421 2522 3475 ὁ
2565 3421 2697 3492 περὶ
2729 3419 2966 3491 κρίσεως
3003 3420 3099 3476 καὶ
3137 3419 3528 3492 κατακρίσεως
3572 3419 3679 3473 καὶ

2079 3511 2330 3582 ἀφέσεως
2385 3509 2567 3579 λόγος,
2618 3513 2715 3565 καὶ
2759 3512 2790 3565 ό
2834 3511 3029 3582 καιρὸς
3070 3512 3312 3576 ἐκεῖνος,
3347 3508 3467 3564 ἀλλ’
3505 3510 3612 3580 οὐχ
3646 3509 3681 3561 ό

2080 3603 2294 3676 παρὼν,
2332 3602 2680 3676 ἀφορίζεται.
2723 3603 2887 3668 Ἀλλ’,
2915 3597 2961 3658 ὧ
2989 3603 3121 3657 καλὲ
3150 3603 3248 3658 καὶ
3283 3603 3478 3673 ἀγαθὲ,
3505 3604 3558 3656 εί
3596 3603 3679 3675 μὴ

2078 3698 2159 3750 δεῖ
2185 3697 2464 3767 δέχεσθαι,
2491 3696 2611 3760 πῶς
2633 3697 2737 3750 οὐκ
2759 3696 2996 3771 αίσχύνῃ
3029 3696 3145 3765 μετ’
3176 3697 3406 3750 ἐκείνων
3436 3698 3679 3750 συντάτ-

2077 3789 2305 3857 τεσθαι;
2335 3788 2434 3843 καὶ
2453 3788 2574 3843 ἐνὸν
2607 3789 3017 3861 στεφανηφόρον
3037 3787 3294 3859 ὀφθῆναι,
3323 3790 3436 3852 τοῖς
3460 3791 3676 3859 αἰχμα-

2076 3880 2268 3946 λώτοις
2292 3881 2759 3953 ἐγκαταλέγεσθαι
2782 3897 2798 3949 ;
2827 3883 2922 3934 καὶ
2946 3881 3044 3952 τὴν
3069 3881 3276 3952 ἐτέρων
3300 3880 3676 3952 ὀνειροπολεῖν

2077 3973 2517 4046 φιλανθρωπίαν,
2551 3973 2655 4045 τῆς
2674 3973 2881 4029 ἄνωθεν
2912 3972 3193 4042 εὐγενείας
3221 3973 3316 4027 καὶ
3349 3972 3678 4045 ἐλευθερίας

2075 4064 2283 4138 γυμνὸν
2329 4065 2426 4119 καὶ
2464 4063 2734 4136 προδότην
2781 4062 2973 4118 ἐαυτὸν
3017 4062 3448 4134 καταστήσαντα
3470 4079 3487 4094 ’
3535 4065 3586 4117 εί
3627 4064 3675 4116 δ’

2073 4157 2176 4210 οὐκ
2199 4154 2429 4227 αἰσχρὸν
2457 4156 2645 4226 ἡγεῖτο
2682 4153 3099 4220 συντάττεσθαι,
3130 4153 3262 4218 ίσθι,
3301 4154 3401 4208 σὺν
3432 4155 3675 4219 ἐκείνοις

2073 4246 2152 4303 ὢν
2197 4251 2264 4320 τῇ
2297 4247 2528 4318 γνώμῃ,
2563 4241 2639 4301 ὧν
2671 4246 2898 4318 ἔξαρνος
2932 4246 3201 4318 ὑπάρχεις
3240 4245 3343 4317 τῆς
3371 4247 3670 4318 πράξεως·

2073 4340 2168 4394 καὶ
2205 4340 2425 4411 ἐκείνην
2467 4338 2648 4412 τιμῶν
2675 4339 2775 4409 τὴν
2804 4338 3042 4411 ἀγέλην,
3083 4333 3154 4408 ἦς
3186 4338 3308 4392 ἀντὶ
3342 4339 3671 4409 ποιμένωντ

2073 4434 2272 4498 λύκους
2305 4433 2488 4503 λέγεις
2521 4429 2887 4504 προΐστασθαι
2911 4446 2927 4462 ⁸
2957 4431 3005 4483 εί
3038 4429 3224 4502 βούλει
3248 4429 3308 4482 δέ
3335 4429 3571 4484 καὶτῶν
3608 4432 3670 4484 ἐν

2073 4526 2211 4596 αὐτῇ
2237 4526 2394 4580 ἐνίων
2423 4524 2587 4579 πλέον
2612 4523 2821 4592 ταύτην
2850 4522 3157 4592 περιέπεις.
3189 4519 3258 4574 Εἴ
3289 4521 3354 4591 γέ
3380 4539 3532 4586 τινες
3567 4525 3670 4592 μὲν

2075 4617 2289 4683 αὐτῶν,
2341 4616 2521 4670 καίτοι
2580 4615 2796 4688 σώματι
2853 4613 3139 4678 συνόντες,
3200 4613 3296 4668 τοῦ
3359 4614 3669 4678 συνειδότος

2075 4711 2276 4774 αὐτοὺς
2319 4708 2706 4773 στασιάζοντος
2743 4708 2867 4770 ταῖς
2895 4703 3165 4776 γνώμαις,
3209 4708 3360 4776 ὅμως
3404 4703 3668 4770 ὀκλάζου-

2079 4818 2201 4857 σιν’
2253 4803 2318 4856 σὺ
2349 4801 2407 4856 δὲ
2447 4801 2543 4856 καὶ⁸
2585 4801 2695 4874 πρὸ
2734 4799 2828 4855 τοῦ
2887 4798 3229 4870 συναφθῆναι
3279 4799 3358 4871 τῷ
3409 4801 3662 4871 σώματι,

2075 4896 2356 4966 λογισμοῖς
2391 4894 2488 4948 καὶ
2524 4893 2724 4967 γνώμῃ
2771 4891 3095 4958 σπουδάζεις
3147 4889 3560 4946 συνάπτεσθαι·
3605 4895 3664 4946 τὸ

2075 4985 2208 5055 γοῦν
2258 4985 2359 5057 τῆς
2393 4983 2642 5055 συναφῆς
2685 4984 2970 5052 ἐλλεῖπον,
3011 4984 3186 5040 δειλία
3230 4987 3332 5039 οὐκ
3373 4986 3660 5048 εὐσέϐεια.

2073 5077 2305 5148 αἰσχύνη
2343 5077 2404 5131 ού
2441 5077 2783 5148 προαίρεσις.
2813 5078 2911 5142 Τίς
2937 5077 3030 5132 οῦν
3057 5079 3086 5131 ὁ
3114 5077 3436 5149 δεχόμενος,
3472 5081 3502 5132 ὁ
3537 5080 3659 5149 μηδ’

2072 5171 2204 5243 όναρ
2239 5169 2912 5240 τοῦτοπαραδεξάμενος·
2955 5170 2989 5244 ἢ
3025 5171 3107 5234 ὃς,
3138 5172 3223 5225 ὅτι
3256 5171 3333 5244 μὴ
3365 5173 3533 5243 μέχρι
3566 5171 3661 5226 νῦν

2070 5263 2207 5335 πρὸς
2252 5263 2500 5328 ἐκείνους
2529 5263 2790 5317 ἀπέκλινε
2814 5304 2829 5329 ,
2879 5264 2958 5335 τῷ
2999 5265 3151 5335 φόϐῳ
3179 5264 3283 5335 τὴν
3315 5263 3498 5317 αίτῖαν
3535 5265 3658 5318 ἀνέ-

2069 5354 2243 5423 θηκε,
2283 5355 2378 5409 καὶ
2417 5357 2478 5409 τὸ
2513 5355 2610 5408 σὺν
2651 5357 2766 5419 τοῖς
2810 5355 3028 5428 ἐχθροῖς
3058 5354 3561 5425 καταισχύνεσθαι,
3589 5353 3657 5408 ἂν

2074 5449 2152 5517 μὴ
2179 5446 2255 5517 δῷ
2281 5446 2382 5517 τὴν
2406 5447 2566 5518 δίκην
2591 5446 2841 5518 ὕστερον,
2873 5451 3132 5520 κρεῖσσον
3155 5449 3372 5518 ἡγεῖται
3396 5445 3490 5500 τοῦ
3518 5446 3656 5516 μετὰ
3693 5509 3697 5511 _

2067 5539 2176 5592 τῶν
2207 5539 2427 5594 οἰκείων
2477 5540 2658 5596 διόλου
2705 5540 3127 5612 θαυμάζεσθαι·
3164 5542 3213 5594 εί
3262 5543 3340 5611 μὴ
3385 5540 3468 5594 δεῖ
3499 5539 3654 5610 δέχε-

1675 5697 1910 5754 νΑιιιΑΞ
1953 5695 2249 5755 LECTION
2257 5699 2360 5756 ES.

438 5812 467 5852 (ι
506 5805 596 5858 ῖσ.
632 5806 683 5858 εἰ
716 5805 829 5858 καί.
915 5817 935 5843 τ
967 5808 1114 5870 τούς.
