3930 6426
253 337 364 402 ’ῖ53

1409 347 1948 411 EPISTOLARUM
1986 349 2216 411 LIBER
2254 352 2306 413 Ι.

3394 349 3507 420 πει

256 451 409 519 σθαι,
440 452 525 517 τίς
549 452 616 508 ἂν
642 452 955 525 δεξάμενος,
987 455 1109 509 ἀντὶ
1138 453 1234 509 τοῦ
1263 454 1444 509 δοκεῖν
1466 458 1710 531 ἐτέρους,
1738 457 1833 526 οὓς

1936 474 1992 515 se
2018 461 2194 528 palam
2216 460 2341 515 fert.
2371 460 2519 526 Quos
2542 459 2716 516 multo
2745 458 2919 530 magis
2937 457 3124 516 fovere
3144 462 3502 532 comperitur,

253 541 360 597 οὐκ
389 540 567 609 ἔξεστι
594 542 874 615 δέχεσθαι,
911 544 1113 616 μᾶλλον
1139 545 1332 600 ἑαυτὸν
1353 547 1579 613 ἐκείνοις
1610 552 1670 605 ού
1704 568 1831 603 συν-

255 633 608 703 απολέσειεν;
638 637 698 690 ού
726 637 838 709 γὰρ
867 637 937 691 τά
963 638 1185 709 ῥήματα
1206 638 1406 709 βελτιοῖ
1446 641 1547 705 τὰς
1580 642 1828 715 πράξεις,

254 725 349 778 διὰ
381 725 440 779 δὲ
488 728 599 782 τῶν
631 727 809 799 ἔργων
852 730 1165 788 συνίσταται
1196 733 1291 786 καὶ⁸
1326 734 1395 788 τά
1424 735 1666 807 ῥήματα.
1697 730 1832 795 Εἶτα

256 813 328 868 ἄν
352 833 437 882 τις
469 816 593 871 ἰδὼν
613 818 837 891 λῃστὰς,
864 821 898 892 ἢ
922 822 1130 877 πόλεων
1159 825 1446 896 προδότας,
1480 826 1583 880 ὑπὸ
1608 827 1828 883 πάντων

260 904 366 975 μὲν
388 905 866 982 βδελυσσομένους,
897 913 1029 967 πᾶσι
1049 914 1107 968 δὲ
1130 916 1571 987 μυσαττομένους
1592 932 1609 949 ⁸
1638 916 1830 974 ἔπειτα

257 996 428 1067 αὐτὸς
454 998 661 1055 τούτων
683 1001 820 1066 τέως
839 1004 1080 1074 καθαρὸς
1106 1006 1389 1078 ὑπάρχων,
1411 1011 1825 1084 φαντασιοκοπῇ

254 1090 361 1143 καὶ
393 1090 541 1159 λέγοι
592 1095 729 1166 πρὸς
774 1096 869 1150 τὸν
897 1099 1206 1170 κρατοῦντα
1231 1102 1361 1165 τοὺς
1388 1101 1607 1173 νόμους,
1649 1103 1699 1157 εί
1733 1103 1832 1173 μὲν

257 1180 357 1245 οὓς
402 1182 757 1259 ἀναιρεθῆναι
788 1190 945 1255 δέον,
990 1190 1214 1267 τούτους
1260 1193 1647 1265 ἀτιμωρήτους
1695 1195 1830 1267 ἐᾷς,

253 1274 313 1326 τί
354 1277 431 1345 μὴ
464 1276 659 1333 θᾶττον
695 1279 940 1355 λῃστεύω
981 1285 1078 1338 καὶ
1125 1284 1394 1357 προδότης
1438 1285 1692 1359 γίνομαι,
1744 1288 1832 1342 ἵνα

257 1368 597 1440 συγγνώμης
627 1374 777 1444 τύχω
800 1392 815 1406 ⁶
847 1376 915 1430 ἂν
943 1376 999 1430 δὲ
1030 1376 1186 1449 δίκην
1214 1378 1453 1451 ἀπαιτῇς
1472 1419 1488 1445 ,
1523 1379 1673 1451 φόϐῳ
1700 1380 1833 1433 ταύ-

254 1476 384 1529 της,
420 1461 662 1527 ἐκείνους
693 1465 755 1519 ού
798 1467 1108 1538 μιμήσομαι
1132 1484 1146 1501 ⁸
1186 1468 1254 1523 ἂν
1293 1468 1386 1523 οὖν
1426 1486 1512 1534 τις
1543 1470 1831 1542 παρελθὼν

251 1548 489 1604 τοιαῦτα
521 1551 691 1623 λέγοι,
724 1552 813 1627 ἆρ’
843 1557 991 1611 ἐστιν
1027 1558 1178 1624 ὅστις
1206 1560 1307 1613 οὐκ
1336 1560 1404 1615 ἂν
1435 1560 1603 1616 αὐτοῦ
1650 1580 1833 1634 παρα-

255 1642 437 1714 φορὰν
454 1644 551 1698 καὶ
573 1645 889 1718 ἀρρωστίαν
912 1649 1160 1722 γνώμης,
1192 1652 1287 1705 καὶ
1306 1651 1477 1722 μυρία
1505 1652 1643 1706 ἀλλα
1661 1671 1834 1708 κατα-

252 1733 415 1805 γνοίη
437 1752 454 1802 ;
478 1736 532 1789 τί
572 1736 631 1790 δὲ
665 1737 878 1791 ἐκείνου
914 1739 1012 1809 μὲν
1044 1739 1277 1803 ἕκαστος
1303 1742 1414 1794 τῶν
1444 1742 1569 1796 νοῦν
1601 1744 1832 1814 ἑχόντων

250 1826 708 1897 καταγνώσεται;
742 1828 810 1883 ἂν
866 1808 926 1883 δέ
958 1848 1064 1895 τις,
1107 1831 1230 1885 ἀντὶ
1264 1831 1364 1902 μὲν
1404 1808 1682 1903 προδοτῶν
1732 1834 1832 1888 πό·
1864 1808 1905 1864 Β

249 1915 416 1985 λιως,
446 1918 714 1991 προδότας
752 1919 1013 1988 πίστεως,
1048 1923 1170 1977 ἀντὶ
1210 1922 1269 1977 δὲ
1308 1922 1521 1995 λῃστῶν
1567 1926 1832 1997 σωμάτων

250 2005 461 2076 λῃστὰς
490 2006 650 2061 θείων
683 2008 865 2080 νόμων
898 2012 978 2075 είς
1001 2011 1166 2081 μέσον
1199 2012 1439 2085 παράγοι
1468 2032 1481 2046 ο
1514 2015 1707 2070 ἔπειτα
1734 2016 1835 2080 τὰς

250 2095 429 2160 αύτάς
461 2097 646 2167 φωνὰς
675 2099 994 2173 ἀνακράζῃ,
1034 2102 1156 2174 οὐχὶ
1182 2102 1285 2175 τὴν
1316 2104 1438 2175 ῐσην
1478 2106 1644 2161 αὐτὸν
1671 2107 1704 2179 ἢ
1739 2109 1835 2162 καὶ

253 2186 485 2258 μείζονα
516 2188 697 2261 ψῆφον
724 2192 876 2264 παρά
904 2210 969 2262 γε
993 2193 1101 2248 τῶν
1129 2198 1574 2267 σωφρονούντων,
1601 2200 1835 2270 ἀπενεγ-

248 2284 373 2334 κεῖν
404 2282 741 2353 οίησόμεθα;
787 2284 963 2355 χωρὶς
1011 2284 1069 2338 δὲ
1115 2285 1224 2339 τῶν
1258 2287 1601 2359 εἰρημένων,
1649 2291 1834 2360 εἰμὲν

247 2374 368 2436 τοῖς
397 2373 871 2445 ὲκκλησιαστικοῖς
911 2375 1132 2446 θεσμοῖς
1162 2376 1261 2441 τὰς
1290 2378 1518 2449 πράξεις
1555 2379 1793 2434 ίθύνουσι
1815 2422 1832 2448 ,

247 2464 338 2528 τίς
404 2464 487 2518 δεῖ
534 2465 646 2518 τῶν
703 2464 951 2536 ἀκαίρων
1011 2464 1331 2538 ζητήσεων,
1390 2468 1487 2521 καὶ
1550 2467 1835 2542 λογισμοῖς

246 2556 513 2613 παλαίειν
551 2558 648 2613 καὶ
676 2559 1115 2629 ἀποπνίγεσθαι;
1148 2560 1286 2615 ἀλλά
1314 2562 1390 2635 μὴ
1421 2563 1615 2619 θᾶττον
1655 2567 1835 2621 αὐτῶν

250 2650 353 2720 τῆς
376 2650 573 2722 μοίρας
592 2651 881 2723 γινόμενος
903 2652 1103 2724 πολλὴν
1123 2653 1224 2725 τὴν
1245 2654 1578 2729 συγγνώμην
1601 2658 1835 2725 ὲξαιτεῖς

250 2742 355 2812 τῆς
407 2740 774 2816 βραδύτητος;
807 2744 858 2797 εί
901 2744 946 2797 δ’
981 2746 1045 2799 ἐκ
1079 2744 1299 2817 θεσμῶν
1338 2746 1519 2819 ἐργων
1556 2748 1837 2820 ὑπηρέτας

252 2832 585 2900 ἐπίστασαι,
615 2834 669 2887 τί
703 2834 1216 2907 πολυπραγμονεῖς;
1245 2835 1310 2890 ἄν
1332 2854 1392 2891 τε
1417 2837 1580 2892 δῶσιν
1604 2840 1838 2896 ἐνταῦθα

250 2923 436 2995 δίκην,
472 2923 539 2979 ἀν
565 2942 625 2979 τε
659 2928 766 2997 μή;
792 2927 861 2981 ἂν
896 2928 996 2999 μὲν
1025 2926 1136 2999 γὰρ
1164 2927 1350 2994 δῶσιν,
1379 2929 1606 3001 ἄμεινον
1627 2932 1835 2998 ἕξουσι,

251 3019 323 3089 τῇ
357 3018 599 3092 τιμωρίᾳ
621 3021 723 3090 τὴν
745 3020 1023 3091 ἁμαρτίαν
1053 3020 1546 3093 ἐκκαθαιρόμενον
1575 3023 1641 3077 ἂν
1670 3025 1725 3078 δὲ
1759 3026 1835 3098 μὴ

1932 566 2092 621 quam
2119 566 2309 606 eorum
2340 551 2630 622 quispiam,
2658 551 2763 621 qui
2780 550 2836 605 in
2877 549 2971 606 illo
2989 559 3134 606 cmtu
3173 567 3504 609 annumera-

1933 654 2044 699 tur.
2073 641 2213 699 Sunt
2231 644 2378 699 enim
2403 647 2546 700 inter
2570 659 2695 710 eos,
2723 645 2818 713 qui
2862 652 3142 714 utcunque
3184 647 3505 716 corporibus

1932 735 2046 791 suis
2074 736 2351 801 assistant,
2386 744 2566 790 tamen
2595 734 2664 791 ab
2694 734 2924 789 illorum
2954 737 3215 791 societate
3238 737 3502 807 practica,

1931 826 2001 880 ab
2051 826 2199 881 intus
2232 826 2534 882 dissidente
2587 824 2941 893 conscientia,
2972 826 3297 883 vacillantes
3348 843 3505 883 rece-

1931 917 2087 973 dunt.
2110 918 2194 974 Tu
2222 926 2425 984 autem,
2450 917 2695 973 nondum
2725 916 3056 986 conjunctus
3102 933 3354 991 corpore,
3413 918 3515 990 ju-‘

1932 1010 2076 1067 dicio
2130 1018 2187 1067 et
2232 1009 2427 1065 affectu
2484 1010 2728 1081 capulari
2800 1010 3149 1065 desideras:
3190 1012 3341 1083 quod.
3393 1028 3507 1067 non

1931 1102 2113 1158 adhuc
2139 1104 2299 1173 plene
2336 1101 2506 1158 fueris
2531 1102 2810 1168 adunitus,
2863 1102 2919 1157 id
2964 1118 2995 1157 a
3045 1101 3358 1167 timiditate,
3395 1119 3507 1158 non

1932 1195 2171 1265 pietate;
2212 1208 2243 1249 a
2268 1194 2481 1265 pudore
2528 1192 2898 1266 proficiscitur
2944 1200 3000 1248 et
3056 1208 3167 1248 non
3201 1194 3508 1249 voluntate.

1931 1286 2065 1355 Quis
2092 1297 2271 1343 autem
2293 1303 2358 1343 ea
2389 1288 2724 1353 admitteret,
2746 1300 2867 1356 quae
2896 1301 2967 1341 ne
2996 1287 3281 1341 somnians
3306 1302 3510 1356 appro-

1930 1381 2079 1436 bavit
2102 1380 2431 1450 aliquando?
2455 1381 2501 1435 is
2522 1380 2750 1443 scilicet,
2774 1378 2868 1449 qui
2891 1392 3112 1437 causam
3161 1379 3214 1431 in
3248 1377 3508 1433 timorem

1934 1471 2107 1541 rejicit
2158 1486 2255 1526 cur
2280 1471 2523 1527 nondum
2581 1470 2803 1525 illorum
2851 1470 3132 1525 consortio
3163 1476 3516 1539 aggreget'ur,

1932 1575 2057 1616 eum
2079 1560 2314 1617 inimicis
2340 1559 2605 1632 pudeﬁeri
2636 1558 2917 1630 antiquius
2946 1557 3161 1623 habuit,
3187 1572 3352 1626 quam
3377 1571 3508 1609 cum

1932 1652 2291 1708 familiaribus
2360 1652 2474 1708 suis
2513 1661 2570 1707 et
2631 1650 2879 1723 cognatis
2932 1648 3281 1705 admirationi
3341 1661 3509 1711 esse;

1933 1744 2096 1800 modo
2118 1744 2190 1799 sit
2226 1744 2277 1799 ei
2306 1744 2364 1798 in
2409 1752 2688 1814 posterum
2728 1742 2972 1813 impune.
3023 1739 3083 1795 Si
3142 1740 3389 1810 recipere
3420 1737 3511 1793 vel

1932 1837 2223 1893 admittere
2273 1851 2384 1891 non
2435 1837 2671 1901 licebat,
2730 1835 2920 1906 ecquis
2961 1840 3086 1905 post
3136 1832 3509 1903 receptionem

1934 1928 2103 1993 illam,
2127 1935 2189 1982 ut
2208 1928 2377 1999 possit
2404 1943 2541 1997 quos
2560 1916 2670 1982 rion
2692 1926 2865 1993 licuit,
2888 1931 3174 1996 susceptos
3195 1923 3506 1987 admittere,

1933 2020 2065 2075 velit
2117 2034 2178 2076 se
2234 2018 2291 2073 in
2350 2018 2700 2085 manifestum
2761 2016 3056 2073 discrimen
3129 2013 3510 2085 praecipitare!

1931 2110 2111 2167 Verba
2145 2126 2279 2167 sane
2315 2126 2425 2165 non
2465 2110 2755 2167 meliorant
2779 2109 3047 2174 actiones,
3082 2107 3180 2163 sed
3210 2121 3308 2176 per
3331 2106 3509 2161 actio-

1932 2214 2032 2255 nes
2062 2200 2228 2254 verba
2251 2199 2377 2255 licet
2406 2198 2775 2269 interpretari.
2825 2196 2961 2252 Nam
2992 2196 3037 2251 si
3074 2195 3197 2267 quis
3225 2194 3511 2250 contuitus

1932 2290 2191 2356 latrones,
2255 2299 2349 2344 aut
2396 2289 2681 2343 civitatum
2743 2288 3093 2357 expilatores,
3142 2285 3510 2340 detestatione

1934 2381 2136 2450 ubique
2170 2379 2407 2443 habitos,
2462 2378 2929 2433 exsecrationibus
2982 2378 3332 2446 undiquaque
3378 2389 3510 2444 pro-

1935 2470 2132 2527 scisses
2164 2489 2180 2526 :
2214 2469 2475 2526 immunis
2504 2469 2683 2524 adhuc
2724 2469 2839 2538 ipse
2872 2477 2929 2522 et
2978 2484 3148 2537 purus
3195 2468 3263 2522 ab
3293 2466 3512 2519 illorum

1934 2564 2209 2620 consortio
2232 2563 2451 2618 tandem
2481 2561 2866 2631 phantasmate
2912 2560 3190 2630 abreptus,
3241 2558 3387 2613 dicat
3432 2557 3515 2611 le-

1935 2668 2063 2724 gum
2092 2653 2311 2709 arbitris
2338 2662 2395 2708 et
2422 2653 2892 2724 dispensatoribus
2917 2691 2933 2716 ,
2964 2651 3010 2706 si
3043 2652 3210 2706 hosce
3237 2648 3511 2714 homines,

1936 2759 2087 2815 rogo,
2142 2744 2265 2800 sine
2317 2759 2480 2815 poena
2530 2744 2792 2819 dimittas,
2853 2758 2994 2813 quos
3038 2758 3137 2814 par
3182 2752 3239 2797 et
3293 2756 3512 2812 :equum

1937 2836 2115 2891 fuerat
2142 2834 2210 2890 de
2241 2835 2353 2890 vita
2379 2835 2518 2902 tolli,
2547 2850 2646 2889 cur
2674 2850 2786 2890 non
2831 2849 2933 2906 ego
2982 2834 3165 2890 statim
3214 2834 3356 2888 latro
3388 2832 3514 2887 liam

1937 2943 2003 2983 ac
2027 2928 2293 2998 proditor,
2324 2935 2385 2981 ut
2416 2927 2496 2982 sic
2524 2928 2737 2983 veniam
2786 2929 2992 2999 possim
3046 2925 3346 2981 sceleribus
3388 2940 3519 2995 pro-

1938 3034 2162 3075 movere
2206 3036 2221 3073 :
2266 3019 2413 3088 quod
2471 3018 2519 3074 si
2576 3034 2793 3089 ptenam
2851 3018 3081 3089 irroges,
3139 3026 3289 3072 metu
3337 3031 3519 3089 paena;

250 3110 425 3178 δῶσι,
488 3111 651 3167 τοῦτο
696 3111 892 3177 αὐτοὺς
944 3112 1316 3185 ἀθλιωτέρους
1373 3115 1699 3189 ἐργάζεται,
1751 3118 1833 3172 ὅτι

1940 3112 2109 3166 nolim
2134 3126 2234 3183 ego
2272 3112 2392 3167 illos
2417 3112 2639 3166 imitari.
2682 3110 2737 3165 Si
2762 3111 2902 3181 quis,
2939 3111 3184 3180 inquam,
3214 3110 3391 3164 obiter
3414 3109 3519 3165 ista

252 3202 585 3275 πικρότερον
626 3203 811 3268 αὐτοῖς
843 3204 905 3257 τὸ
935 3204 1148 3260 ἐκεῖθεν
1188 3205 1493 3277 ἀπαντήσει
1539 3205 1834 3279 δικαιωτή-

253 3312 378 3366 ριον
400 3310 414 3324 ⁸
439 3296 581 3351 ὥστε
606 3297 658 3351 εῐ
674 3314 783 3351 τινι
801 3296 911 3351 τῶν
933 3296 1027 3350 δύο
1045 3296 1251 3351 τούτων
1275 3298 1490 3368 αἵρεσις
1520 3298 1835 3369 προύκειτο,

250 3389 465 3454 ἐκεῖνος
497 3388 565 3443 ἂν
593 3388 654 3442 τὸ
685 3388 906 3444 ἔλαττον
939 3391 1109 3445 κακὸν
1152 3390 1328 3461 ὲφάνη
1358 3389 1706 3463 αἱρούμενος,
1740 3392 1837 3445 καὶ

250 3478 316 3533 τὸ
366 3478 533 3533 αὑτοῦ
590 3479 872 3551 συμφέρον
918 3482 1427 3553 ἐπισκοπούμενος,
1480 3483 1579 3555 ούχ
1623 3482 1683 3547 ὃς
1738 3483 1837 3556 τὴν

251 3569 494 3625 ἐνταῦθα
531 3570 726 3641 φεύγει
756 3571 938 3626 δοῦναι
974 3574 1131 3643 δίκην
1149 3590 1163 3604 ·
1190 3574 1304 3628 ἀλλ’
1333 3573 1393 3637 ὃς
1426 3576 1486 3628 ἑν
1510 3574 1588 3646 τῷ
1616 3575 1710 3629 νῦν
1742 3576 1839 3629 καὶ

251 3662 511 3719 ἐντεῦθεν
533 3663 732 3718 διδόναι
756 3665 855 3735 τὴν
887 3666 1100 3720 ἐκεῖθεν
1130 3668 1403 3739 ὲπράῦνεν
1421 3683 1438 3700 ο
1472 3669 1597 3721 επεὶ
1626 3668 1720 3722 καὶ
1748 3668 1839 3721 τὸν

249 3754 543 3823 νοσοῦντα,
600 3756 699 3827 οὐχ
751 3755 811 3810 δν
860 3756 1063 3829 ἰατρῶν
1110 3762 1325 3829 χεῖρες,
1366 3759 1461 3813 καὶ
1513 3761 1701 3830 τομαὶ,
1748 3760 1846 3814 καὶ

249 3845 523 3912 καύσεις,
574 3848 703 3913 τοὺς
749 3847 958 3912 πάθους
1002 3850 1331 3919 ἀπάγουσιν,
1367 3851 1484 3905 ἀλλ’
1517 3852 1577 3905 ὃν
1622 3853 1691 3909 τὰ
1745 3854 1848 3923 τῆς

248 3937 459 4009 τέχνης
482 3938 700 4011 ὁρῶμεν
733 3939 810 4011 μὴ
842 3940 1229 4011 προσιέμενον,
1262 3943 1472 3997 ἐκεῖνον
1498 3943 1601 4014 ἤδη
1629 3943 1849 4008 τελείως

249 4028 717 4098 ἀναγινώσκομεν
744 4038 791 4098 ⁸,
824 4032 920 4086 καὶ
971 4033 1031 4085 ἐν
1054 4032 1310 4103 ἐσχάτοις
1348 4036 1546 4099 κακοῖς
1577 4035 1731 4106 ίσμὲν
1760 4036 1848 4105 ἐξ-

250 4118 607 4191 εταζόμενον.

1940 3204 2104 3267 dicat,
2141 3203 2263 3273 quis
2294 3218 2403 3257 non
2435 3203 2587 3257 illum
2621 3201 2803 3257 furere
2853 3210 2908 3256 et
2935 3202 3211 3256 insanire?
3243 3202 3368 3271 quis
3408 3216 3519 3254 non

1942 3303 2128 3349 mente
2165 3294 2219 3348 in
2256 3294 2421 3350 rebus
2449 3294 2568 3349 aliis
2594 3294 2841 3350 laborare
2887 3294 3138 3349 similiter
3185 3293 3330 3349 haud
3387 3308 3520 3362 pro-

1940 3387 2248 3443 nuntiabit?
2298 3387 2455 3453 Quod
2497 3386 2541 3441 si
2568 3388 2691 3457 quis
2721 3403 2830 3441 non
2862 3386 3081 3441 urbium
3109 3385 3204 3441 sed
3239 3385 3361 3440 ﬁdei
3390 3400 3522 3455 pro-

1943 3482 2168 3543 ditores,
2199 3480 2484 3551 praedones
2514 3495 2625 3535 non
2647 3478 3010 3549 corporalium
3033 3477 3129 3531 sed
3158 3476 3357 3531 divinae
3388 3474 3524 3545 legis

1945 3572 2003 3629 in
2032 3572 2272 3627 medium
2298 3571 2594 3642 productos
2625 3570 2801 3636 sistat,
2830 3578 2885 3624 et
2910 3568 3058 3639 apud
3086 3568 3207 3622 illos
3237 3580 3401 3621 voces
3430 3580 3524 3620 eas

1946 3665 2093 3736 ipsas
2150 3664 2296 3731 edat,
2332 3679 2517 3719 annon
2563 3663 2812 3719 eamdem
2865 3661 2921 3715 in
2957 3662 3137 3731 ipsum
3190 3659 3524 3717 sententiam

1945 3758 2034 3813 vel
2062 3757 2227 3813 etiam
2256 3756 2535 3812 duriorem
2574 3770 2670 3824 per
2717 3754 3014 3825 prudentes
3055 3751 3239 3837 reruni
3284 3750 3524 3806 aestima-

1948 3859 2095 3906 tores
2145 3848 2426 3904 ferendam
2478 3848 2773 3920 putamus?
2814 3844 3020 3901 Verum
3069 3844 3326 3915 sepositis
3401 3856 3527 3911 qua:

1944 3945 2055 4015 jam
2106 3942 2253 3998 dicta
2309 3950 2459 4007 sunt,
2517 3940 2562 3995 si
2611 3940 2913 3996 secundum
2960 3953 3221 4002 canones,
3266 3936 3375 3990 hoc
3419 3943 3528 3995 est,

1948 4036 2097 4106 leges
2127 4032 2526 4089 ecclesiasticas
2548 4030 2793 4087 actiones
2818 4029 3085 4101 regulent,
3119 4026 3248 4098 quid
3278 4040 3416 4097 opus
3444 4031 3529 4079 est

1951 4126 2104 4181 hisce
2137 4126 2520 4194 intempestive
2552 4121 2717 4177 motis
2742 4121 3176 4191 quaestionibus?
3201 4119 3332 4190 quid
3358 4116 3526 4171 ratio-

249 4211 500 4267 cinando
530 4212 611 4267 vel
641 4214 996 4279 contendere,
1026 4216 1112 4269 vel
1150 4216 1286 4270 alios
1318 4214 1623 4270 suffocare?
1643 4216 1833 4286 quidni
1888 4219 2070 4286 potius
2126 4224 2373 4269 actutum
2413 4214 2482 4268 ad
2512 4222 2693 4284 partes
2724 4212 2954 4276 accedit,
2997 4222 3053 4266 et
3080 4212 3295 4265 veniam
3330 4210 3531 4281 depre-

250 4312 418 4361 catur
443 4319 555 4360 suae
600 4306 902 4361 tarditatis?
931 4305 1027 4360 Sin
1074 4322 1206 4362 vero
1256 4308 1532 4363 actionum
1591 4308 1707 4379 lege
1738 4308 2138 4377 prohibitarum
2199 4314 2410 4360 actores
2456 4318 2757 4376 agnoscas,
2789 4302 2917 4373 quid
2951 4304 3025 4357 ita
3053 4302 3270 4357 tandem
3312 4302 3527 4358 curiose

253 4394 484 4466 satagis,
522 4404 704 4450 utrum
756 4395 845 4451 hic
899 4396 1226 4467 supplicium
1258 4397 1411 4453 luant
1463 4406 1559 4453 aut
1589 4414 1700 4452 non
1724 4396 1914 4452 luant?
1942 4397 2000 4453 Si
2033 4397 2286 4453 dederint
2322 4396 2483 4451 isthic
2525 4410 2738 4465 poenas,
2788 4396 3001 4451 meliori
3040 4405 3154 4450 tum
3183 4404 3347 4451 erunt
3394 4412 3528 4450 con-

250 4486 489 4553 ditione,
522 4488 783 4543 nimirum
814 4504 912 4559 per
937 4505 1127 4559 poenas
1161 4492 1426 4561 irrogatas
1459 4491 1674 4561 expiato
1714 4491 1924 4562 peccati
1974 4501 2129 4545 reatu
2161 4490 2345 4560 :quod
2391 4490 2436 4544 si
2470 4507 2581 4545 non
2608 4490 2764 4556 dent,
2801 4491 2905 4545 hoc
2928 4505 2994 4545 eo
3040 4490 3528 4555 suntmiseriores,

251 4593 332 4635 eo
367 4580 513 4649 quod
542 4580 809 4650 judicium
862 4582 1157 4652 aliquando
1208 4584 1427 4639 eteleste
1469 4599 1595 4638 cum
1639 4584 1833 4654 majori
1886 4584 2149 4639 subibunt
2187 4584 2503 4639 acerbitate.
2538 4583 2747 4653 Itaque,
2794 4584 2839 4637 si
2871 4582 3035 4637 modo
3090 4582 3234 4635 inter
3264 4583 3381 4637 haec
3422 4568 3532 4636 duo

251 4670 460 4726 electio
497 4671 785 4731 consistat,
823 4672 869 4727 is
895 4671 1076 4726 minus
1109 4672 1312 4726 malum
1362 4673 1581 4729 videtur
1614 4675 1863 4745 elegisse,
1907 4682 1964 4729 et
2015 4690 2118 4730 suo
2161 4676 2448 4730 commodo
2506 4676 2701 4729 melius
2758 4673 3131 4745 prospexisse,
3173 4688 3283 4726 non
3333 4672 3427 4741 qui
3478 4673 3533 4727 id

251 4766 374 4835 agit
399 4779 468 4819 ne
498 4763 589 4818 hic
641 4764 921 4835 puniatur,
971 4765 1069 4819 sed
1118 4765 1212 4834 qui
1244 4780 1344 4836 per
1377 4765 1704 4835 supplicium
1734 4766 2113 4825 isthicobitum
2156 4766 2496 4822 tolerabilius
2547 4766 2740 4820 reddet
2787 4765 3052 4835 judicium
3096 4764 3249 4817 illud.
3298 4761 3429 4816 Nam
3480 4773 3537 4818 et

254 4867 644 4931 aegrotantem,
694 4873 1039 4928 nequaquam
1090 4858 1243 4913 illum
1286 4874 1448 4929 quem
1507 4858 1847 4915 medicorum
1899 4875 2117 4926 manus,
2170 4861 2465 4925 sectiones,
2497 4858 2860 4915 ustulationes
2904 4857 3097 4911 morbo
3127 4856 3398 4921 liberant;
3438 4855 3537 4911 sed

273 4970 445 5024 quem
468 4954 718 5010 videmus
745 4954 878 5008 artis
931 4954 1158 5009 medica:
1183 4957 1373 5025 praxin
1410 4971 1521 5010 non
1564 4956 1855 5021 ferentem,
1898 4957 2071 5024 illum,
2104 4959 2353 5030 inquam,
2409 4965 2557 5013 statu
2606 4956 2849 5027 positum
2875 4954 3187 5023 desperato,
3220 4959 3277 5005 et
3313 4948 3537 5005 concla-

250 5060 499 5114 matum,
561 5050 771 5105 morbis
799 5050 1063 5104 extremis
1107 5050 1434 5121 cruciatum,
1476 5059 1533 5107 et
1579 5053 1862 5109 doloribus
1886 5054 2199 5111 confectum
2243 5062 2584 5126 reputamus.

340 5147 452 5201 Καὶ
496 5145 550 5199 τί
591 5146 657 5201 ἄν
716 5162 800 5209 τις
854 5146 925 5199 τὰ
979 5147 1227 5216 ἑπόμενα
1296 5150 1413 5212 τοῖς
1474 5149 1642 5203 αὑτοῦ
1694 5150 1835 5218 λογι-

2030 5152 2305 5218 Quorsum
2340 5165 2473 5206 vero
2523 5146 2797 5219 quispiam
2824 5158 2889 5200 ea
2918 5157 3042 5214 quae
3088 5144 3399 5210 sequuntur
3444 5151 3538 5191 ra-

252 5241 425 5310 σμοῖς
459 5236 832 5310 ἀπαριθμοίη;
856 5237 1026 5290 ταῦτα
1079 5238 1226 5308 ἡμᾶς
1246 5240 1600 5311 ἀκοπώτερον
1625 5244 1645 5278 τ
1666 5260 1835 5312 παρα-

1964 5244 2203 5300 tionibus
2275 5250 2430 5314 putet
2503 5234 3000 5311 apprehendenda?
3065 5247 3199 5287 sane
3253 5230 3401 5285 enim
3450 5227 3541 5283 illa

252 5330 525 5386 σκευάσει
598 5329 669 5383 τὰ
748 5328 1156 5400 συμϐαίνονταο
1202 5329 1380 5384 ταῦτα
1448 5334 1530 5395 είς
1596 5334 1835 5403 παραψυ-

1960 5342 2021 5388 ιιι
2051 5333 2225 5387 levius
2275 5331 2515 5386 feramus
2559 5344 2682 5399 quae
2724 5326 3053 5397 contingunt
3102 5321 3344 5385 facient;
3372 5326 3539 5387 atque

253 5426 368 5496 χὴν
398 5422 629 5493 ἕξομεν⁹
662 5421 876 5485 τούτοις
909 5423 1054 5493 ἡμᾶς
1093 5424 1469 5489 ἀνακτᾶσθαι,
1508 5418 1554 5478 ὦ
1592 5424 1713 5493 φίλε
1754 5426 1835 5478 καῚ

1962 5425 2034 5478 ita
2078 5423 2236 5479 nobis
2294 5421 2510 5494 parient
2552 5418 3005 5475 consolationem.
3076 5412 3179 5467 Per
3242 5411 3344 5465 ista
3410 5423 3543 5462 nos-

204 5498 210 5503 ⁸
254 5512 495 5585 ἀδελφέ,
548 5514 976 5581 διεσπούδασας,
1045 5516 1105 5568 ού
1169 5517 1277 5585 γὰρ
1334 5516 1444 5571 τῶν
1502 5517 1835 5588 σεμνοτέρωκ

1960 5526 2071 5572 met
2116 5516 2310 5570 iterum
2381 5513 2664 5587 possidere
2702 5510 2944 5583 sategisti
2969 5549 2985 5574 ,
3038 5505 3213 5565 amice
3250 5511 3305 5560 et
3335 5502 3536 5566 frater;

1563 5669 1797 5726 VARIAﬂ
1840 5669 2243 5728 LECTIONES.

346 5788 373 5816 ⁸
401 5784 491 5840 ισ.
518 5783 996 5856 ἁπογινώσκομεν.
1080 5788 1098 5823 ι
1137 5785 1346 5857 φέρειν.
