3930 6430
461 399 570 464 755

1612 397 1874 460 PHOTII
1905 394 2409 457 PATRIABCH/E
2447 396 2556 458 cp.
3553 397 3642 470 σιω

463 526 594 569 nam
644 507 869 567 vocibus
907 515 962 566 te
1008 507 1162 565 οσοτί
1222 507 1662 567 honoratioribus
1732 525 1841 564 non
1898 508 2044 563 desi-

2160 506 2409 577 ῥημάτων
2462 507 2789 575 ἐξίσταμαι,
2839 504 2961 558 οὑδὲ
2999 503 3080 575 τῷ
3134 504 3460 576 μελετηθέντι
3499 512 3644 571 πάντα

467 614 761 667 stam,non
795 602 980 660 omnia
1021 609 1076 657 et
1113 601 1324 673 singula
1365 601 1607 659 consiliis
1641 610 1696 656 et
1746 599 2037 671 propositis

2160 596 2354 666 ῑίδωμι,
2388 596 2502 651 ἀλλ’
2543 597 2624 651 ὅτι
2654 595 2790 658 τέως
2836 595 2911 666 μὴ
2952 594 3372 666 διαπέπρακται,
3418 599 3504 652 καὶ
3536 607 3647 674 πρὸς

469 694 770 760 ascribam;
829 694 924 750 sed
976 693 1120 765 quod
1172 695 1229 750 in
1267 701 1446 750 aetum
1478 695 1742 750 hactenus
1775 692 2043 762 producta

2160 687 2241 756 τὴν
2281 685 2472 738 ἐλπίδα
2497 687 2594 756 τῆς
2631 683 2969 755 διορθώσεως
3005 683 3104 747 τὰς
3143 683 3356 754 κλήσεις
3382 689 3650 762 μερίζομαι.

472 802 582 838 non
634 785 856 852 fuerint,
887 785 976 841 illa
1028 786 1148 842 ideo
1178 801 1302 841 cum
1350 801 1446 856 spe
1491 783 1886 843 emendationis
1933 791 2040 838 tuae

471 877 916 948 Compellationes
973 891 1126 932 meas
1199 876 1425 934 instituo
1475 876 1588 932 :Si
1652 876 1735 932 sal
1799 877 2040 948 infatua-

473 977 558 1021 tur
627 969 784 1038 fuerit
808 1007 824 1031 ,
867 968 1043 1038 inquit
1081 968 1364 1036 Dominus,
1396 969 1452 1023 in
1493 985 1594 1040 quo
1629 969 1837 1025 demum
1876 966 2042 1022 satie-

474 1070 563 1113 tur
602 1059 681 1112 υτ
718 1057 777 1114 Si
798 1075 900 1115 .res
933 1075 1183 1117 meorum
1206 1061 1530 1125 amicorum,
1558 1059 1808 1128 fratrum,
1838 1059 2043 1114 libero-

475 1162 624 1213 rum,
649 1148 1041 1216 membrorum,
1073 1149 1345 1206 viscerum
1373 1169 1387 1206 :
1410 1150 1455 1206 si
1479 1166 1567 1208 res
1585 1166 1776 1206 eorum
1805 1149 2046 1221 singulo-

475 1251 604 1291 rum
637 1237 750 1309 (qui
790 1239 929 1296 mibi
959 1248 1087 1300 ante
1125 1256 1318 1297 omnes
1355 1251 1484 1296 sunt
1521 1241 1886 1314 honorandi);
1916 1258 2048 1312 pro:

475 1337 600 1401 pter
628 1345 767 1400 quos
796 1330 852 1384 in
883 1345 1047 1387 carne
1100 1333 1278 1388 adhuc
1310 1335 1493 1404 potius
1533 1335 1852 1400 subsistere,
1881 1349 2044 1404 quam

477 1420 698 1476 dissolvi
733 1430 788 1482 et
813 1435 938 1477 cum
959 1421 1181 1478 Christo
1201 1438 1322 1479 esse
1349 1425 1566 1480 mallem
1591 1441 1856 1495 :quorum
1881 1441 2048 1482 causa

478 1512 760 1573 concidor,
809 1512 1104 1580 distrahor,
1132 1522 1188 1568 et
1239 1515 1488 1586 lacryma:
1535 1532 1672 1572 mea:
1700 1517 1832 1571 mihi
1880 1533 2050 1588 panes

479 1601 617 1663 fiunt
656 1622 670 1659 :
725 1603 771 1658 si
800 1619 991 1659 eorum
1023 1605 1264 1660 omnium
1312 1606 1402 1661 hic
1447 1609 1519 1662 sit
1549 1616 1743 1674 status,
1781 1609 1909 1681 quid
1952 1610 2051 1666 de-

479 1693 636 1752 beam
676 1695 744 1749 ab
776 1695 897 1749 aliis
917 1696 1276 1766 exspectare?
1297 1696 1408 1751 Nec
1436 1697 1654 1769 injuria.
1679 1699 1805 1753 Scio
1825 1700 2049 1766 etenim,

481 1783 700 1841 beatum
730 1784 976 1850 Paulum,
1011 1785 1158 1840 solus
1187 1799 1310 1838 cum
1344 1793 1489 1839 esset
1520 1785 1575 1838 in
1607 1784 1838 1840 vinculis
1880 1785 2051 1840 desti-

482 1883 656 1940 tutus,
681 1876 881 1933 dixisse
919 1895 932 1931 :
968 1876 1033 1928 In
1062 1877 1235 1945 prima
1269 1892 1384 1930 mea
1415 1877 1709 1948 defensione
1738 1894 1888 1931 nemo
1926 1879 2055 1935 mihi
2082 1864 2130 1922 Β

478 1966 657 2036 adfuit
683 1965 727 1997 ¹¹⁵
762 1985 776 2020 :
806 1973 859 2021 et
884 1966 1100 2033 iterum,
1136 1968 1280 2023 solus
1309 1969 1479 2022 Lucas
1509 1985 1710 2022 mecum
1731 1978 1805 2022 est
1828 1969 1894 2022 ¹⁵.
1920 1968 2054 2024 Nam

478 2074 587 2116 non
613 2071 838 2130 possunt
866 2075 1055 2114 omnes
1083 2075 1144 2116 se
1183 2062 1472 2129 obdurare,
1519 2071 1575 2116 et
1611 2062 1870 2131 patientia
1910 2063 2052 2118 niti:

473 2162 808 2224 quapropter
864 2167 988 2208 cum
1057 2151 1316 2210 Dominus
1366 2153 1685 2224 prazdieeret
1735 2153 2058 2210 alﬂictiones

475 2249 758 2307 venturas,
792 2250 850 2299 et
888 2243 1237 2308 tentationes,
1263 2258 1388 2299 cum
1420 2244 1619 2314 quibus
1653 2243 1729 2300 illi
1753 2245 1845 2314 qui
1885 2245 1940 2300 in
1971 2245 2055 2315 ip-

473 2347 598 2387 sum
631 2332 890 2388 credituri
915 2343 1093 2401 erant,
1113 2333 1405 2406 conﬂigere
1428 2335 1720 2399 debebant,
1749 2337 2052 2393 subnectit:

474 2424 569 2484 Ast
605 2424 696 2493 qui
722 2425 776 2477 in
800 2425 956 2493 finem
981 2429 1408 2495 perseveraverit,
1426 2428 1470 2482 is
1485 2429 1660 2484 salvus
1684 2430 1782 2486 erit
1811 2432 1873 2484 ⁸⁸.
1907 2430 2054 2498 Scio,

471 2523 532 2574 et
563 2514 894 2572 anteriorem
920 2516 1100 2574 adhuc
1130 2515 1390 2573 Davidem
1415 2518 1737 2589 prophetam
1760 2519 2054 2575 multorum

471 2603 822 2662 solitudinem
857 2605 1080 2671 luxisse,
1114 2617 1171 2662 et
1200 2608 1346 2662 illam
1375 2610 1444 2663 ab
1473 2609 1664 2665 amicis
1693 2609 2056 2666 desertionem

474 2695 706 2752 Domino
729 2696 1129 2770 deprecationis
1171 2700 1291 2756 loco
1333 2713 1796 2771 repraesentasse:
1835 2701 2058 2759 Salvum

472 2803 557 2842 me
583 2788 690 2858 fac,
725 2787 885 2856 Deus,
917 2793 1169 2861 quoniam
1201 2794 1385 2864 defecit
1401 2795 1602 2862 justus,
1630 2804 1678 2849 et
1710 2798 1901 2851 veritas
1924 2814 2059 2866 pau-

471 2878 634 2932 citate
663 2877 871 2934 laborat
903 2881 1041 2935 inter
1066 2882 1200 2950 ﬁlios
1229 2884 1498 2939 hominum
1530 2888 1594 2939 ".
1628 2887 1898 2953 Quorsum
1929 2906 2058 2944 vero

474 2968 625 3027 hunc
671 2970 755 3026 vel
802 2971 952 3026 illum
989 2974 1216 3043 .citem?
1253 2974 1378 3030 Scio
1429 2977 1722 3032 Dominum
1765 2989 1821 3034 et
1885 2979 2056 3036 Deum

473 3078 660 3118 meum
706 3073 820 3118 tum
857 3081 980 3120 cum
1021 3067 1418 3138 apprehensus,
1446 3070 1679 3124 vinculis
1727 3073 2057 3128 constrictus

475 3155 863 3223 abduceretur,
916 3158 1220 3216 solitarium
1255 3161 1422 3215 fuisse
1461 3162 1784 3220 derelictum
1840 3182 1853 3218 :
1916 3167 2054 3220 scri-

2157 775 2300 832 Ἐὰν
2318 777 2387 830 τὸ
2410 776 2564 844 ἅλας
2595 773 2912 845 μωρανθῇ,
2957 776 2986 829 ὸ
3016 775 3222 861 Κύριος
3264 793 3446 847 φησιν,
3468 779 3530 833 ἐν
3560 785 3655 838 τίνι

2145 868 2574 937 ἀλισθήσετακ
2613 869 2708 923 ἐὰν
2735 867 2804 924 τὰ
2835 867 2944 920 τῶν
2969 867 3161 936 φίλων,
3196 867 3263 922 τὰ
3301 869 3406 923 τῶν
3431 871 3655 942 ἀδελφῶν,

2145 960 2216 1014 τὰ
2255 960 2364 1014 τῶν
2392 959 2622 1024 τέκνων,
2652 959 2722 1012 τὰ
2759 958 2868 1011 τῶν
2903 957 3052 1028 ἐμῶν
3099 957 3296 1029 μελῶν,
3327 958 3394 1011 τὰ
3414 959 3514 1014 τῶν
3537 963 3660 1034 ἐμῶν

2151 1050 2474 1122 σπλάγχνων
2517 1050 2608 1122 (τὰ
2634 1049 2745 1104 τῶν
2784 1049 3001 1103 πάντων
3049 1049 3172 1119 ἐμοὶ
3216 1048 3586 1120 τιμιωτάτων),
3607 1053 3662 1106 δι’

2149 1143 2243 1208 οὒς
2291 1143 2372 1198 ἐτι
2399 1143 2461 1197 τὸ
2511 1143 2677 1216 σαρκὶ
2722 1145 2998 1213 παρεῖναι,
3047 1139 3144 1193 τοῦ
3177 1139 3431 1193 ἀναλῦσαι
3469 1144 3553 1196 καὶ
3587 1144 3666 1198 σὺν

2151 1235 2372 1308 Χριστῷ
2422 1232 2562 1290 εἰναι
2619 1237 3005 1308 προκρίνεται⁹
3064 1233 3133 1287 δι’
3171 1231 3262 1297 οὒς
3285 1233 3540 1304 κόπτομαι
3592 1240 3670 1292 καὶ

2155 1329 2565 1398 σπαράσσομαι,
2607 1329 2702 1383 καὶ
2750 1327 2821 1380 τὰ
2851 1325 3064 1396 δάκρυά
3098 1342 3200 1396 μου
3231 1322 3390 1395 ἄρτος
3413 1325 3525 1395 ἐμοὶ
3551 1326 3671 1395 γίνε-

2155 1440 2246 1476 ται
2277 1438 2291 1451 °
2325 1421 2420 1475 ἐὰν
2453 1421 2548 1475 οῦν
2577 1422 2649 1474 τὰ
2691 1421 2874 1474 αὐτῶν
2901 1419 3146 1484 τοιαῦτα,
3173 1419 3390 1476 ποταπὰ
3408 1421 3508 1490 χρὴ
3531 1435 3672 1486 προσ-

2153 1515 2315 1587 δοκᾷν
2360 1516 2430 1569 τὰ
2472 1514 2581 1568 τῶν
2614 1513 2826 1580 ἄλλων;
2875 1512 2990 1565 ἀλλ’
3025 1511 3175 1566 οὐδὲν
3208 1511 3539 1582 θαυμαστόν·
3583 1508 3676 1566 οἰδα

2155 1607 2265 1678 γὰρ
2295 1605 2502 1659 καὶτὸν
2535 1604 2823 1659 Θεσπέσιον
2855 1604 3070 1657 Παῦλον
3095 1603 3256 1675 μόνον
3288 1603 3348 1656 ἐν
3375 1603 3574 1674 δεσμοῖς
3599 1622 3677 1657 κα·

2157 1695 2514 1766 ταλειφθέντα
2532 1711 2546 1725 ο
2568 1696 2694 1764 ,Ἐν
2715 1693 2789 1763 τῇ
2824 1695 3022 1764 πρώτῃ
3041 1710 3182 1763 μου,
3211 1692 3394 1764 φησὶν,
3427 1692 3680 1763 ἀπολογίᾳ

2159 1786 2358 1855 οὐδείς
2380 1805 2482 1857 μοι
2503 1787 3014 1857 συμπαρεγένετο,
3039 1783 3158 1850 καὶ,
3189 1783 3422 1849 Λουκᾶς
3453 1783 3570 1836 ἐστι
3593 1785 3679 1852 pd-

2157 1895 2264 1944 νος
2318 1878 2445 1948 μετ’
2485 1878 2662 1947 ἐμοῦο
2701 1878 2763 1931 οὑ
2815 1878 2926 1948 γὰρ
2974 1879 3190 1932 πάντων
3237 1877 3273 1946 ἡ
3321 1875 3569 1946 καρτερία
3609 1875 3684 1927 καὶ

2159 1972 2404 2042 ὑπομονή
2426 1987 2441 2002 ο
2475 1970 2564 2024 διὰ
2587 1968 2746 2025 τοῦτο
2773 1968 2870 2024 καὶ
2896 1971 2924 2022 ὁ
2963 1969 3169 2040 Κύριος
3192 1965 3363 2020 εἰπὼν
3402 1967 3496 2028 τὰς
3517 1966 3685 2034 θλίψεις

2119 2125 2122 2130 _
2159 2065 2253 2118 καὶ
2282 2063 2409 2125 τοὺς
2438 2061 2779 2132 πειρασμοὺς
2803 2055 2888 2125 οἷς
2909 2059 3132 2132 ἔμελλον
3169 2059 3220 2112 οἰ
3255 2059 3335 2120 εἰς
3372 2057 3522 2110 αὑτὸν
3555 2073 3685 2111 πεπι-

2159 2155 2447 2218 στευκότες
2473 2153 2737 2217 ἐναθλεῖν,
2772 2153 3078 2225 ἐπήγαγενο
3125 2152 3187 2205 '0
3209 2151 3263 2204 δ’
3294 2151 3604 2221 ὑπομείνας
3621 2152 3687 2217 εἰς

2157 2246 2355 2314 τέλος,
2391 2241 2570 2313 οὗτος
2598 2246 2940 2314 σωθήσεται
2960 2261 2976 2275 ο
3009 2241 3130 2298 οίδα
3161 2243 3256 2298 καὶ
3284 2243 3391 2312 πρὸ
3414 2242 3589 2296 τούτου
3616 2243 3688 2296 τὸν

2159 2337 2448 2408 προφήτην
2477 2334 2642 2388 Δαϐὶδ
2663 2333 2772 2388 τῶν
2797 2333 3009 2388 πολλῶν
3050 2331 3150 2403 τὴν
3193 2328 3433 2402 ἐρημίαν
3465 2328 3689 2398 ἀποδυρό-

2163 2443 2345 2499 μενον,
2364 2428 2458 2482 καὶ
2473 2427 2679 2497 ταύτην
2704 2424 2780 2489 ὡς
2810 2424 3092 2493 ἱκετηρίαν
3122 2423 3200 2492 τῷ
3219 2422 3340 2492 Θεῷ
3361 2422 3686 2491 προτείνονταο

2159 2518 2370 2574 Σῶσόν
2388 2533 2484 2586 με,
2513 2517 2712 2583 Κύριε,
2741 2514 2832 2568 ὅτι
2860 2515 3221 2569 ἐκλέλοιπεν
3251 2512 3448 2576 ὄσιος’
3489 2509 3569 2562 ὅτι
3587 2510 3690 2562 ὠλι-

2160 2608 2442 2681 τώθησαν
2467 2609 2525 2660 αἰ
2561 2605 2833 2675 ἀλήθειαι
2862 2604 2982 2659 ἀπὸ
3015 2604 3136 2658 τῶν
3185 2602 3336 2657 υίῶν
3370 2598 3486 2655 τῶν
3511 2599 3691 2667 ἀνθρώ·

2161 2715 2322 2753 πων·
2350 2699 2444 2752 καὶ
2473 2697 2526 2750 τί
2559 2697 2706 2766 λέγω
2729 2695 2921 2750 τοῦτον
2950 2696 2984 2767 ἢ
3017 2697 3268 2761 ἐκεῖνονς
3319 2689 3436 2747 οἶδα
3469 2693 3552 2744 τὸν
3589 2691 3691 2759 ἐμὸν

2161 2791 2437 2859 Δεσπότην
2468 2790 2562 2844 καὶ
2587 2787 2741 2852 Θεὸν,
2797 2787 2922 2840 ἐπεὶ
2970 2785 3285 2856 συνελήφθη
3335 2785 3427 2838 καὶ
3477 2782 3597 2853 πρὸς
3629 2781 3691 2833 δε·

2167 2885 2480 2957 σμωτήριον
2503 2883 2692 2955 ἡγετυ,
2719 2881 2880 2952 μόνον
2909 2878 3343 2948 καταλειφθέντα
3361 2893 3374 2906 ·
3408 2876 3511 2931 Kal
3550 2873 3693 2943 ἀφέν-

2162 2994 2260 3044 τες
2297 2977 2408 3047 γὰρ
2458 2977 2667 3040 αὐτὸν,
2725 2973 2862 3045 φησί
2887 3011 2902 3037 ,
2949 2971 3172 3037 πάντες
3229 2969 3482 3038 ἔφυγον.
3531 2967 3588 3019 Τί
3627 2962 3696 3019 οὖν

2162 3068 2506 3139 θαυμαστόν;
2556 3068 2606 3120 εἰ
2641 3068 2738 3123 καὶ
2761 3066 2859 3120 νῦν
2885 3068 3055 3136 ἡμᾶς,
3102 3065 3430 3137 ἀνθρώπους
3469 3060 3698 3131 οἰκτροὺς,

2163 3163 2258 3216 καὶ
2299 3160 2604 3228 ἐλεεινοὺς,
2666 3157 2989 3230 ἀνθρώπους
3071 3157 3205 3228 μηδέ
3271 3155 3370 3208 τὸν
3418 3153 3550 3224 ἀέρα
3589 3152 3699 3218 σπᾷν

475 3257 634 3323 ptum
665 3259 750 3305 est
775 3249 955 3310 enim:
993 3250 1112 3321 Ipso
1138 3252 1342 3307 deserto
1367 3255 1616 3325 fugerant
1653 3254 1716 3310 ιθ.
1753 3256 1897 3322 Quid
1928 3274 2054 3328 ergo

2165 3253 2450 3325 ἐλεύθερον
2493 3250 3058 3322 παραχωρουμένους,
3097 3248 3429 3320 ἀνθρώπους
3466 3244 3702 3314 δεσμωτὴ-

443 3339 676 3408 _mirnm
707 3340 728 3393 ἰ
761 3356 859 3395 nos
896 3341 1294 3405 homunciones
1336 3345 1566 3401 miseros
1599 3356 1653 3404 et
1693 3348 2055 3414 miserandos,

471 3430 672 3500 quibus
703 3447 807 3488 nec
829 3449 1012 3492 aerem
1057 3436 1268 3506 spirare
1307 3437 1541 3492 liberum
1570 3439 1718 3504 licet,
1746 3440 2058 3497 carceribus

471 3531 533 3579 et
550 3523 780 3580 vinculis
829 3527 1186 3598 mancipatos,
1219 3529 1367 3586 mille
1388 3531 1655 3586 moriendi
1680 3534 1872 3588 modos
1924 3550 2060 3605 quo-

473 3616 609 3676 tidie
641 3628 1042 3690 exspectantes,
1084 3623 1234 3680 omni
1279 3623 1571 3680 destitutos
1599 3626 1812 3684 meliori
1845 3641 1961 3697 spe,
1990 3629 2058 3684 ab

471 3707 730 3764 omnibus
755 3708 830 3764 ita
863 3709 1110 3768 desertos
1148 3723 1202 3768 et
1228 3713 1556 3771 derelictos:
1588 3725 1774 3785 atque,
1804 3732 1837 3772 ο
1868 3718 1912 3772 si
1943 3726 2061 3775 tan-

472 3805 594 3856 tum
622 3799 911 3860 derelictos
939 3805 952 3857 ι
983 3802 1127 3858 ferre
1155 3805 1259 3860 hoc
1285 3821 1591 3877 possemus,
1626 3809 1721 3863 sed
1741 3811 2060 3881 neutiquam

471 3906 576 3948 nos
627 3893 756 3948 nudi
787 3893 1111 3961 deserimur,
1140 3897 1242 3952 sub
1273 3899 1513 3956 nominis
1544 3902 1714 3958 nostri
1770 3909 2058 3974 praetextu,

471 3984 760 4042 veritatem
789 3986 1058 4052 abnuunt,
1089 3989 1510 4046 ecclesiasticam
1529 4008 1748 4047 omnem
1773 4002 1829 4048 et
1858 4002 2060 4050 rectam

472 4077 807 4134 sententiam
852 4079 1115 4136 deserunt
1145 4099 1159 4135 :
1194 4083 1354 4152 cujus
1386 4084 1717 4141 observandi
1754 4087 1948 4158 gratia,
2002 4089 2060 4144 ni

471 4183 585 4227 non
619 4168 883 4228 hactenus
915 4173 1196 4244 elegerunt
1221 4176 1352 4246 pati,
1377 4177 1444 4232 ab
1466 4178 1556 4234 illa
1584 4193 1643 4234 se
1666 4194 1815 4234 nunc
1844 4180 2062 4236 abscin-

469 4258 630 4324 dunt,
683 4269 737 4315 et
769 4262 913 4319 illam
946 4263 1108 4335 longe
1136 4276 1430 4335 seponunt.
1465 4266 1581 4322 Hoc
1609 4276 1694 4323 est
1728 4268 1860 4324 illud
1913 4271 2060 4339 quod

471 4349 744 4423 imprimis
767 4355 1015 4425 percellit
1049 4367 1290 4413 mentem
1322 4357 1483 4424 mihi,
1521 4360 1665 4430 quod
1691 4376 1779 4414 me
1801 4360 2058 4430 absumit,

468 4459 598 4499 cum
623 4445 838 4501 videam
857 4449 1123 4514 membra,
1149 4450 1475 4520 quibuscum
1499 4468 1602 4508 nos
1621 4453 2054 4522 incorporamur,

469 4545 529 4593 et
560 4539 854 4609 participes
887 4551 1190 4608 exstamus,
1219 4559 1284 4598 ex
1301 4559 1457 4614 aequo
1482 4544 1684 4604 Christi
1709 4561 1737 4601 a
1766 4546 1942 4616 capite
1970 4547 2059 4600 illo
2093 4581 2136 4636 ο

467 4629 648 4686 divelli
675 4641 731 4686 et
761 4631 815 4690 in
843 4633 1144 4702 perniciem
1164 4633 1355 4706 redigi.
1387 4633 1452 4689 Et
1469 4642 1649 4689 tamen
1677 4635 1820 4690 istud
1853 4635 2052 4692 malum

467 4719 526 4778 in
556 4737 617 4776 se
635 4737 748 4776 non
779 4722 1174 4790 sutl‘erendum,
1203 4723 1275 4778 sit
1302 4731 1451 4782 certe
1469 4724 1751 4783 tolerabile
1778 4740 1875 4794 per
1904 4726 2055 4795 prius

466 4813 717 4883 exempla
767 4815 1012 4874 recitata.
1051 4816 1309 4870 Attamen
1361 4817 1609 4872 derelicti
1645 4818 1791 4875 illius
1831 4834 2056 4873 causam

469 4902 529 4960 in
561 4918 663 4960 nos
690 4905 978 4965 artiﬁciose
1003 4910 1299 4966 transferre
1323 4909 1482 4972 velle,
1514 4910 1670 4980 cujus
1689 4911 1932 4964 nondum
1958 4927 2058 4980 po-

468 4993 576 5048 tuit
597 4999 905 5066 exemplum
931 5002 1152 5070 aliquod
1205 5003 1454 5072 reperiri,
1484 5005 1761 5075 quomodo
1794 5005 1938 5076 quis,
1973 5013 2060 5060 ut-

468 5101 689 5159 cunque
711 5089 893 5144 omnia
913 5091 1139 5148 ferendo
1166 5095 1660 5151 sullicientissimus
1683 5096 2062 5165 aequanimiter

467 5179 676 5254 poterit
722 5179 976 5240 tolerare.
1034 5183 1271 5242 Omnino
1317 5187 1561 5260 percipio
1591 5187 1905 5260 prreclaram
1961 5205 2062 5259 ego

470 5273 974 5329 remunerationem
1004 5279 1207 5333 amoris
1236 5278 1290 5334 in
1321 5288 1374 5336 te
1398 5280 1504 5334 mei
1534 5283 1774 5353 paterni,
1805 5297 1928 5338 cum
1949 5283 2061 5338 Deo

469 5367 774 5437 conjuncti,
822 5375 878 5421 et
919 5368 1219 5438 spiritualis
1253 5371 1397 5426 illius
1427 5373 1641 5430 mirifici
1690 5385 1746 5430 et
1793 5377 2061 5430 tremendi

471 5457 617 5512 illius
649 5468 856 5528 partus,
903 5474 1012 5528 quo
1042 5469 1099 5513 tu
1132 5463 1290 5517 nobis
1323 5465 1536 5534 enixus,
1567 5466 1749 5520 lumen
1788 5476 2056 5521 terrarum

469 5549 620 5605 orbis
653 5550 706 5604 in
737 5549 967 5622 mystico
996 5550 1253 5608 Ecclesiae
1307 5555 1546 5611 thalamo
1572 5573 1670 5626 per
1700 5558 1825 5612 vita:
1851 5575 2058 5613 sermo-

472 5655 598 5700 nem
635 5642 906 5712 prodiisti.
949 5643 1013 5700 Et
1044 5644 1148 5699 ista
1175 5662 1277 5717 ego
1317 5646 1488 5702 tolero
1508 5664 1607 5718 per
1633 5658 1687 5704 et
1711 5660 1930 5720 prepter
1962 5652 2058 5707 ad-

543 5822 588 5858 "
619 5821 808 5879 Matth.
850 5843 902 5890 v,
934 5826 1017 5880 15.
1101 5829 1141 5861 ”
1168 5829 1370 5888 llTim.
1408 5848 1480 5896 tv,
1523 5832 1603 5885 l6.

1687 5835 1726 5864 ’³
1754 5833 1884 5887 ibid.
1923 5832 2002 5886 ll.
2087 5832 2127 5865 ”
2159 5833 2348 5887 Matth.
2383 5848 2530 5896 xxxv,
2565 5831 2647 5884 l3.

2165 3361 2280 3416 ριον
2337 3341 2661 3408 οἰκοῦντας,
2713 3340 2944 3412 μυρίους
3004 3339 3270 3402 θανάτους
3330 3335 3452 3391 καθ’
3506 3333 3701 3401 ἑκάστην

2165 3433 2600 3506 προσδοκῶντας,
2636 3435 2732 3487 καὶ
2763 3433 2946 3503 πάσης
2975 3431 3190 3494 ἐλπίδος
3209 3429 3457 3502 χρηστῆς
3478 3441 3703 3498 περιῃρη-

2165 3528 2356 3598 μένης,
2387 3526 2434 3579 εἰ
2471 3527 2568 3580 καὶ
2605 3525 2928 3581 καταλιπεῖν
2966 3543 3048 3588 τις
3079 3523 3437 3594 ἐμελέτησεν,
3473 3518 3580 3574 ἀλλ’
3618 3513 3704 3569 είθε

2165 3619 2328 3690 μόνον
2359 3620 2686 3674 καταλιπεῖν
2719 3618 3067 3691 (ἀνύποιστον
3089 3618 3203 3687 γὰρ
3239 3615 3326 3685 ὃν)
3357 3615 3418 3667 οὑ
3453 3614 3558 3684 γὰρ
3588 3611 3703 3682 ἡμᾶς

2165 3716 2215 3768 οἰ
2241 3713 2472 3768 τοιοῦτοι
2493 3713 3021 3784 καταλιμπάνουσιν,
3053 3712 3167 3766 ἀλλ’
3197 3713 3256 3765 ἐν
3293 3710 3539 3782 ἡμετέρᾳ
3565 3721 3703 3777 προσ-

2167 3804 2391 3876 ηγοριᾳ,
2451 3805 2552 3874 τῆς
2607 3803 2869 3876 ἀληθείας
2899 3803 2994 3857 καὶ
3041 3803 3134 3856 τοῦ
3157 3797 3605 3872 ἐκκλησιαστικοῦ
3636 3797 3709 3848 καὶ

2163 3897 2328 3970 ὀρθοῦ
2362 3900 2739 3970 φρονήματος,
2773 3898 2916 3967 ὑπὲρ
2952 3891 3036 3962 οὗ,
3096 3896 3262 3968 μέχρι
3297 3895 3418 3960 νῦν,
3452 3893 3608 3964 μυρία
3629 3905 3710 3941 πα-

2165 3993 2278 4046 θεῖν
2305 3993 2530 4057 εῖλοντο,
2564 3991 2792 4056 ἐαυτοὺς
2821 3990 3178 4061 ἐκτέμνουσίν
3207 4007 3267 4043 τε
3305 3989 3402 4045 καὶ
3433 3981 3710 4054 ἀποκηρύτ·

2163 4100 2382 4139 τουσιν’
2436 4085 2574 4155 ὅπερ
2620 4083 2824 4147 παντὸς
2867 4080 3104 4152 μάλιστα
3155 4081 3338 4150 ψυχὴν
3386 4079 3601 4147 πλήττει
3637 4071 3714 4125 καὶ

2164 4177 2467 4248 ἐκδαπανᾷ,
2503 4177 2638 4247 μέλη
2671 4176 2827 4248 ὁρᾷν,
2848 4167 2924 4230 ὧν
2955 4173 3124 4245 ἐσμὲν
3156 4173 3452 4243 σύσσωμοι
3484 4170 3572 4225 καὶ
3599 4181 3714 4234 συμ-

2168 4269 2409 4341 μέτοχοι,
2471 4267 2712 4340 Χριστοῦ
2745 4268 2847 4338 τῆς
2899 4265 3142 4338 κεφαλῆς
3168 4263 3527 4335 διασπώμενά
3553 4277 3604 4312 τε
3641 4256 3715 4308 καὶ

2163 4358 2774 4431 ἀποφθειρόμενα,ἀλλ’
2817 4359 2970 4429 ὅμως
3017 4359 3296 4429 ἀφόρητον
3333 4356 3394 4410 δν
3443 4354 3502 4406 τὸ
3553 4349 3714 4410 κακὸν,

2167 4451 2404 4522 φορητὸν
2429 4450 2496 4505 ἂν
2516 4450 2761 4520 ἐγεγόνει
2783 4450 2898 4512 τοῖς
2924 4447 3136 4518 ῥηθεῖσι
3179 4445 3612 4517 παραδείγμασιν
3631 4457 3642 4471 ·
3668 4437 3716 4490 τὸ

2165 4546 2222 4601 δὲ
2258 4546 2355 4602 καὶ
2384 4545 2483 4616 τὴν
2509 4545 2685 4598 αἰτίαν
2725 4542 2820 4597 τοῦ
2848 4543 3194 4606 καταλιπεῖν,
3233 4543 3370 4613 ἡμῖν
3392 4534 3717 4610 τεχνάζεσθαι

2165 4637 2519 4709 ἐπιγράφειν,
2550 4631 2613 4692 οὗ
2646 4637 2722 4708 μὴ
2751 4638 2912 4708 μέχρι
2939 4635 3036 4690 νῦν
3059 4634 3170 4688 οὐδ’
3197 4634 3347 4686 ἐστιν
3370 4633 3552 4704 εὑρεῖν
3575 4627 3717 4695 ὑπάρ-

2165 4735 2263 4802 ξαν
2291 4734 2668 4804 παράδειγμα,
2693 4732 2810 4796 πῶς
2849 4732 2914 4787 ἄν
2961 4749 3067 4795 τις,
3103 4733 3151 4784 εἰ
3190 4731 3289 4783 καὶ
3325 4731 3507 4784 πάντα
3556 4725 3718 4796 φέρειν

2164 4827 2291 4899 ἔσχε
2321 4827 2650 4896 γυμνασίαν,
2688 4825 3009 4890 ὑπενεγκεῖν
3051 4821 3308 4892 δυνηθείη
3335 4838 3350 4886 ;
3391 4819 3534 4875 καλά
3561 4833 3619 4883 γε
3651 4811 3716 4879 (οὗ

2165 4919 2274 4988 γὰρ
2302 4918 2515 4988 ἀπέχω)
2559 4916 2659 4978 τὰς
2692 4914 2926 4985 ἀμοιϐὰς
2966 4913 3058 4966 τοῦ
3086 4911 3214 4982 περί
3239 4929 3299 4964 τε
3329 4909 3478 4963 θείου
3495 4908 3601 5003 ,καὶ
3628 4918 3718 5003 παῖ

2167 5009 2358 5080 τρικοῦ
2388 5009 2637 5078 φίλτρου,
2669 5005 2766 5059 καὶ
2791 5005 2900 5058 τῶν
2948 5003 3339 5074 πνευματικῶν
3387 4999 3608 5052 ἐκείνων
3641 4999 3718 5045 καὶ

2164 5102 2464 5174 ὑπερφυῶν
2495 5102 2591 5154 καὶ
2632 5100 2877 5171 φρικτῶν
2910 5098 3158 5163 ἐκείνων,
3193 5099 3254 5151 ὲν
3290 5088 3378 5160 αἷς
3413 5094 3478 5146 σὺ
3519 5087 3718 5159 φωστὴρ

2162 5195 2220 5248 ὲν
2255 5195 2446 5264 κόσμῳ
2469 5193 2628 5262 λόγον
2658 5193 2805 5261 ζωῆς
2845 5192 3088 5261 ἐπέχειν,
3138 5192 3205 5259 τῇ
3243 5187 3481 5257 μυστικῇ
3510 5178 3720 5235 παστάδι

2163 5287 2264 5353 τῆς
2303 5285 2634 5354 Ἐκκλησίας
2662 5282 3030 5351 ἐναπετέχθης
3059 5299 3073 5313 υ
3104 5279 3278 5332 ταῦτα
3311 5275 3400 5328 διὰ
3445 5273 3545 5340 τῆς
3588 5269 3722 5340 ὑμῶν

2162 5378 2494 5446 ἁξιαγάστου
2527 5379 2623 5432 καὶ
2646 5377 2795 5438 θείας
2839 5375 3129 5438 συνέσεως,
3167 5371 3302 5442 πρὸς
3349 5369 3441 5422 τὸν
3480 5363 3603 5438 χθὲς
3645 5359 3724 5414 καὶ

2169 5471 2363 5539 πρώην
2421 5470 2583 5540 δοχᾶς
2654 5471 2792 5538 ἡμῖν
2846 5468 2942 5522 καὶ
2997 5463 3303 5538 ὑπερδοχὰς
3362 5458 3723 5532 περιθέμενον,

2169 5562 2540 5631 ὑποφέρομαι,
2574 5562 2668 5614 καὶ
2703 5560 2804 5630 τῆς
2837 5557 2975 5620 ἰδίας
3003 5557 3181 5626 ὁρμῆς
3210 5553 3308 5624 τὴν
3343 5550 3503 5621 ἡμῶν
3527 5551 3724 5612 ἐπιτροσ

2169 5652 2278 5723 πὴν
2306 5653 2636 5724 πειραθέντα
2659 5651 2866 5716 λαϐεῖν,
2890 5647 3154 5719 αἰσχύνης
3189 5647 3283 5700 καὶ
3309 5638 3720 5714 ἁμαρτημάτων,

2731 5829 2772 5862 ⁸⁷
2805 5827 2945 5884 Psal.
2983 5843 3056 5896 ιι,
3087 5827 3139 5882 2.
3207 5828 3247 5859 "'
3277 5827 3621 5886 Matthxxw,
3644 5816 3715 5872 56.
