3930 6436
241 382 351 445 757

1400 389 1934 455 EPISTOLARUM
1974 394 2206 456 LIBER
2242 397 2272 457 Ι
2280 444 2294 457 .

3386 402 3492 466 ’158

235 500 318 566 ὥς
340 499 523 571 δῆθεν,
550 501 901 574 ἀποστροφὴν
934 501 1030 556 καὶ
1078 501 1451 574 ἀναχώρησιν,
1484 506 1534 559 εί
1568 505 1665 559 καὶ
1693 507 1822 560 τού-

1945 506 2223 563 nirabilem
2266 515 2321 563 et
2347 506 2583 563 divinam
2608 508 2769 579 plane
2801 507 2943 565 illius
2972 509 3211 567 hominis
3254 512 3494 582 pruden-

236 595 455 649 ναντίον
500 594 813 667 ἔμπραττεν
867 595 1015 666 αύτῷ
1068 596 1450 669 περιγέγονενο
1484 601 1525 669 ή
1579 599 1688 672 γὰρ
1734 602 1816 666 είς

236 686 428 759 ἕτερον
488 686 739 758 ἀναφορὰ
784 686 879 740 τοῦ
933 687 1299 758 ἐγκλήματος,
1344 687 1411 743 ἂν
1463 689 1600 761 μηδέ
1628 689 1816 761 χώραν

239 777 405 852 εὕρῃ,
438 777 674 849 μάλιστα
708 777 769 831 rb
805 778 1085 848 τέχνασμα
1126 778 1559 847 παρεισδύσεως,
1586 781 1666 843 είς
1690 798 1818 849 σφο-

240 869 506 942 δροτέραν
567 870 891 940 περιτρέπει
934 869 1029 923 τοῦ
1083 872 1389 935 συνειδότος
1450 872 1820 941 κατάγνωσιν,

240 961 459 1015 οἴκοθεν
488 960 585 1014 καὶ
616 960 767 1031 σαφῆ
792 959 887 1015 καὶ
914 959 1155 1029 ἄφυκτον
1176 962 1270 1016 τὸν
1304 961 1528 1034 ἔλεγχον
1556 962 1820 1034 φέρουσαο

239 1051 301 1105 τι
360 1050 471 1124 γὰρ
528 1050 797 1124 ἑτέρωθεν
855 1051 1069 1122 ἐζήτεις
1113 1053 1452 1125 συμμαχίαν,
1482 1055 1579 1109 καὶ
1635 1056 1823 1126 σχῆμα

245 1141 460 1213 σεαυτῷ
506 1141 798 1213 ἐτεχνάξου
844 1142 1231 1212 δικαιολογίας,
1272 1146 1323 1199 εί
1364 1144 1443 1216 μὴ
1468 1145 1531 1198 rb
1579 1146 1822 1210 συνειδὸς

242 1234 399 1288 ἔνδον
438 1229 587 1305 εἶχες
633 1233 831 1306 πικρὸν
860 1236 1167 1307 κατήγορον
1220 1236 1320 1307 τῆς
1376 1236 1723 1309 βουλήσεωςς
1767 1237 1821 1292 τί

241 1325 307 1378 δὲ
334 1324 457 1378 καθ’
490 1325 654 1380 αὐτὸν
680 1325 740 1379 οὐ
764 1326 1046 1397 πράττεις,
1071 1326 1109 1381 ἀ
1140 1328 1463 1394 σπουδάζεις
1512 1329 1736 1384 ἄλλοθεν
1759 1342 1815 1384 ιι.

1920 598 2074 663 tiam,
2120 600 2213 670 qui
2244 614 2345 655 nos
2377 599 2496 654 heri
2538 614 2603 655 ac
2620 600 3017 657 nudiustertius
3054 602 3216 672 epulo
3248 605 3495 673 apposito

1925 690 2224 761 recipiebat
2257 709 2271 746 :
2306 692 2509 763 quique
2536 707 2601 747 ex
2635 693 2801 747 animi
2844 693 2929 748 sui
2971 693 3178 764 impetu
3209 696 3383 750 nostri
3438 697 3496 749 in

1925 796 1986 837 se
2017 784 2380 852 patrocinium
2415 784 2692 855 suscipere
2715 793 2771 839 et
2801 785 3085 841 tuitionem
3120 785 3376 842 volebat:
3404 788 3501 841 de-

1926 872 2157 941 decoris,
2200 883 2255 930 et
2298 875 2657 930 admissorum
2688 874 2978 930 criminum
3015 877 3380 940 aversionem,
3404 874 3501 930 de-

1928 966 2344 1037 pulsionemque
2374 966 2598 1033 scilicet,
2632 966 2757 1022 licet
2783 981 2941 1022 secus
2966 982 3127 1036 quam
3161 974 3498 1037 speraverat,

1926 1057 1979 1112 id
2029 1055 2397 1128 contingebat.
2438 1056 2804 1112 Transmissio
2847 1055 3113 1126 siquidem
3152 1055 3401 1110 criminis
3443 1054 3501 1107 in

1923 1148 2093 1203 alium
2116 1149 2449 1219 quempiam,
2479 1150 2525 1204 si
2552 1164 2665 1204 non
2682 1149 2998 1204 admittatur
3028 1147 3317 1204 artificiose
3338 1161 3503 1202 exco-

1924 1242 2091 1312 gitata
2142 1241 2496 1307 machinatio,
2542 1240 2598 1294 in
2644 1240 2945 1311 graviorem
3004 1239 3305 1295 concedere
3358 1237 3503 1293 solet

1924 1331 2276 1388 conscientiae
2304 1330 2836 1395 condemnationem,
2877 1329 3007 1384 dum
3047 1330 3116 1383 ab
3149 1329 3297 1383 intus
3326 1326 3502 1381 inevi-

243 1419 469 1475 tabilem
522 1418 960 1491 redargutionem
1016 1421 1362 1477 manifestam
1426 1423 1652 1493 patitur.
1712 1421 1825 1479 Cur
1870 1439 2003 1480 vero
2061 1425 2281 1481 aliunde
2365 1423 2651 1497 satagebas
2721 1421 3021 1478 auxilium?
3066 1436 3166 1476 cur
3214 1420 3503 1474 formulam

245 1516 348 1574 tibi
380 1517 717 1573 defensionis
768 1527 824 1572 et
870 1526 1192 1588 praztextum
1244 1518 1597 1575 artiﬁciosum
1648 1521 2000 1591 procurabas,
2062 1522 2107 1577 si
2161 1520 2493 1578 conscientia
2534 1520 2748 1574 interna
2803 1516 3094 1574 destitutus
3123 1532 3245 1572 eras
3284 1527 3391 1572 tuae
3414 1531 3507 1573 vo.

244 1608 477 1669 luntatis
512 1609 885 1665 accusatrice?
922 1608 1076 1675 Quod
1119 1624 1217 1679 per
1247 1617 1304 1665 te
1344 1624 1458 1665 non
1508 1611 1624 1682 agis
1679 1612 1815 1683 ipse,
1857 1612 1963 1670 hoc
2014 1628 2113 1683 per
2138 1613 2274 1669 alios
2318 1610 2578 1683 consequi
2608 1610 2840 1666 moliris.

332 1702 447 1757 Καὶ
476 1702 526 1756 εί
549 1700 628 1773 μὴ
656 1702 767 1756 τῶν
787 1701 1085 1757 ἐπιστολῶν
1107 1705 1137 1757 ὁ
1166 1703 1331 1774 νόμος
1364 1705 1585 1777 ἐπέσχε,
1610 1706 1702 1760 καὶ
1730 1705 1825 1759 τοῦ

244 1794 663 1866 ὑπογράφοντος
690 1796 724 1865 ἡ
761 1797 884 1867 χεὶρ
920 1797 1017 1850 καὶ
1066 1796 1189 1850 τότε
1244 1796 1517 1854 κλαπείσσ.
1568 1798 1821 1869 ἐμποδὼν

246 1856 458 1951 ἵστατο,
483 1856 662 1952 ἔδειξα
686 1856 1161 1959 ἀν’άκριϐέστερον
1186 1889 1280 1942 καὶ
1306 1888 1394 1944 διά
1422 1856 1685 1944 πλειόνων
1704 1890 1825 1943 τότε
1852 1856 1900 1916 Β

247 1978 523 2051 ἡμέτερον
552 1978 738 2048 ἄλγος,
768 1980 863 2033 καὶ
908 1973 993 2043 οἷς
1046 1980 1253 2044 ἐκεῖνος
1281 1980 1430 2050 ἡμᾶς
1474 1980 1785 2051 ἐλυμήνατο
1807 1997 1823 2014 ο

249 2067 397 2122 ἀλλὰ
425 2068 545 2132 πῶς
573 2069 675 2133 τὰς
709 2068 908 2123 ἐαυτοῦ
936 2069 1198 2141 λαμπράς
1247 2070 1560 2141 ὁμολογίας,
1592 2072 1658 2137 ἀς
1697 2073 1831 2128 ἐνώ-

248 2176 381 2215 πιον
403 2159 544 2214 Θεοῦ
580 2161 674 2215 καὶ
698 2162 969 2231 ἀγγέλων,
995 2162 1227 2218 ἐνώπιον
1253 2164 1470 2219 πάντων
1498 2165 1826 2236 ἀνθρώπων,

252 2252 541 2320 βασιλέων,
564 2254 864 2325 ἀρχόντων,
888 2255 1207 2327 ἀρχομένων
1229 2257 1700 2329 ἐπαρρησιάσατο,
1730 2260 1832 2315 οὒκ

250 2346 338 2407 εἰς
378 2344 625 2416 μεγάλην
654 2347 779 2414 άγει
815 2346 983 2414 αίδῶ;
1016 2347 1133 2411 πῶς
1153 2346 1215 2400 rb
1244 2350 1345 2418 τῆς
1378 2350 1706 2420 Ἐκκλησίας
1731 2352 1833 2406 οὐκ

252 2432 583 2504 ἐδυσωπήθη
619 2434 902 2505 καύχημα,
969 2436 998 2489 ὃ
1047 2436 1191 2490 κατά
1235 2438 1438 2502 παντὸς
1468 2438 1657 2509 φέρειν
1708 2440 1835 2512 ἔσχε

253 2525 355 2576 καὶ
373 2523 569 2593 χρόνου
599 2525 698 2579 καὶ
723 2525 1098 2596 διηγήματος;
1130 2529 1228 2581 καὶ
1273 2528 1361 2599 εῐη
1411 2545 1465 2598 γε
1493 2529 1593 2601 τῆς
1626 2531 1838 2587 ἄνωθεν

256 2619 658 2691 ἐνισχυρούσης
688 2621 948 2691 παλάμης
979 2621 1243 2692 διηνεκῶς
1279 2624 1701 2695 μεγαλαυχοῦσα
1746 2629 1839 2681 καὶ

258 2708 508 2779 φέρουσα
528 2725 544 2743 ο
590 2709 711 2774 πῶς
744 2711 801 2764 δέ
831 2710 900 2764 δι’
954 2710 1122 2764 αὐτοῦ
1160 2713 1255 2765 καὶ
1282 2711 1447 2783 μόνου
1490 2714 1841 2785 ψυχαγωγεῖν

257 2799 406 2869 ἔγνω
434 2800 497 2854 τὸ
524 2801 843 2864 ἀντίπαλον,
868 2801 963 2855 καὶ
1017 2802 1126 2874 ἰδίᾳ
1161 2801 1374 2857 πτώσει
1401 2804 1503 2874 τήν
1532 2806 1720 2876 κοινὴν
1749 2807 1843 2861 καὶ

260 2890 569 2962 παράδοξον
582 2894 684 2963 τῆς
716 2892 1043 2963 Ἐκκλησίας
1060 2895 1251 2949 στάσιν
1264 2893 1529 2965 χωλεύειν
1539 2898 1839 2968 προείλετο;

257 2984 453 3039 καινὸν
480 2984 583 3056 μὲν
608 2985 717 3055 γὰρ
749 2986 842 3038 καλ⁵
871 2985 1186 3058 παράλογον
1213 2989 1243 3040 ὁ
1292 2988 1681 3060 πολυμήχανος
1721 2990 1845 3059 δφις

258 3076 457 3147 κόσμῳ
507 3074 831 3147 παραδεῖξαι
870 3078 1285 3131 ἐνεανιεύσατο⁸
1336 3079 1476 3135 ἀλλά
1532 3081 1846 3153 καινότερον

1995 1707 2155 1763 Certe
2188 1708 2235 1763 si
2260 1715 2540 1778 pateretur
2565 1706 2651 1763 lex
2676 1705 2999 1777 epistolaris,
3019 1705 3062 1760 si
3094 1705 3199 1760 mei
3219 1720 3511 1759 amanuen-

1928 1798 2005 1855 sis
2021 1814 2217 1854 manus
2230 1799 2430 1854 lassata
2455 1814 2514 1855 se
2536 1813 2648 1854 non
2674 1797 3040 1863 subduxisset,
3059 1798 3307 1868 pluribus
3329 1797 3510 1852 adhuc

1928 1906 2289 1964 persequerer
2313 1892 2524 1962 justum
2545 1907 2724 1947 meum
2754 1890 3020 1958 dolorem,
3046 1899 3103 1945 et
3125 1890 3181 1944 in
3211 1890 3410 1959 quibus
3442 1890 3512 1944 ab

1927 1985 2022 2040 illo
2044 1984 2202 2041 laesus
2218 1999 2363 2041 sum.
2381 1983 2453 2038 At
2474 1984 2755 2040 enimvero
2775 1983 3032 2055 praeclara
3059 1983 3206 2037 illius
3221 1980 3511 2053 professio,

1928 2091 2113 2135 coram
2134 2077 2244 2134 Deo
2269 2086 2325 2133 et
2339 2077 2566 2149 angelis,
2582 2091 2763 2131 coram
2791 2076 3045 2131 omnibus
3067 2074 3400 2137 hominibus,
3421 2088 3514 2129 re-

1931 2169 2107 2240 gibus,
2133 2167 2494 2239 principibus,
2534 2167 2768 2223 subditis
2817 2165 3119 2232 enuntiata,
3150 2180 3262 2220 non
3304 2164 3515 2234 pudore

1932 2261 2199 2318 suffundit
2233 2262 2663 2319 vehementius?
2690 2258 2845 2318 Unde
2885 2260 3089 2316 factum
3144 2269 3208 2314 ut
3257 2258 3517 2313 Ecclesiae

1933 2354 2182 2425 gloriatio
2195 2370 2309 2410 non
2337 2362 2613 2422 vereatur,
2642 2370 2803 2425 quam
2835 2369 3056 2424 semper
3083 2360 3138 2407 et
3166 2351 3367 2421 ubique
3387 2366 3517 2421 pro-

1935 2447 2122 2517 palare
2148 2454 2361 2516 poterat
2398 2455 2455 2502 et
2483 2462 2594 2516 prae
2624 2460 2681 2501 se
2712 2445 2877 2513 ferre,
2917 2458 3155 2513 superna
3208 2441 3517 2512 praesertim

1936 2553 2106 2593 manu
2136 2538 2543 2603 corroborante,
2575 2538 2632 2592 in
2666 2553 2771 2605 qua
2807 2544 3074 2607 perpetuo
3107 2533 3470 2603 triumpharet
3499 2552 3513 2587 :

1940 2631 2054 2685 suis
2082 2644 2263 2685 autem
2282 2630 2493 2685 viribus
2514 2638 2570 2685 et
2598 2629 2818 2699 quidem
2850 2627 3104 2683 solitariis
3137 2641 3301 2696 posse
3331 2640 3389 2679 sc
3417 2640 3518 2694 pu-

1942 2729 2025 2777 tat
2080 2722 2455 2776 adversarium
2482 2720 2753 2775 delinire:
2791 2733 3033 2788 casuque
3079 2733 3180 2772 suo
3210 2716 3402 2779 voluit,
3456 2726 3522 2771 ut

1942 2813 2201 2870 Ecclesia:
2240 2812 2331 2868 ille
2362 2820 2535 2866 status
2566 2810 2874 2866 communis
2924 2818 3125 2881 praeter
3156 2824 3376 2863 omnem
3420 2823 3521 2862 ex-

1943 2904 2339 2976 spectationem
2365 2903 2693 2958 claudicaret
2716 2920 2730 2957 :
2753 2902 2968 2957 volebat
2986 2901 3241 2954 nimirum
3261 2899 3524 2955 versutis-

1945 2998 2117 3052 simus
2159 2997 2248 3052 ille
2281 3011 2529 3065 serpens,
2555 2995 2795 3050 audaciae
2826 3010 2938 3049 sua:
2961 3009 3163 3048 novqu
3195 3002 3251 3047 et
3293 2992 3523 3047 inusita-

1947 3089 2232 3159 tumquid,
2258 3088 2462 3143 mundo
2516 3087 2693 3155 palam
2731 3085 2958 3141 facere:
3017 3086 3112 3141 sed
3162 3100 3300 3154 opus
3353 3085 3525 3156 magis

257 3168 364 3221 καὶ
414 3165 848 3239 παραδοξότερον
885 3168 982 3222 καὶ
1035 3167 1179 3222 θεῖον
1206 3167 1389 3240 ἔργον,
1426 3170 1502 3234 ὡς
1548 3170 1787 3241 άληθῶς,
1818 3173 1841 3226 ό

1950 3198 2178 3248 novum,
2233 3183 2544 3237 inauditum
2583 3189 2642 3236 et
2665 3181 3014 3251 'paradoxum
3060 3180 3251 3249 magis,
3308 3178 3525 3233 divinus

257 3260 369 3331 τῆς
394 3259 611 3329 φύσεως
638 3262 672 3333 ή
680 3261 797 3330 μῶν
816 3261 1069 3332 Πλάστης
1091 3262 1186 3315 καὶ
1212 3261 1551 3333 Δημιουργὸς
1576 3263 1845 3333 κατέστη-

262 3366 385 3404 σεν.
445 3350 506 3404 '0
560 3350 662 3421 μὲν
703 3350 813 3421 γὰρ
876 3352 1197 3422 ἀνθρώπους
1245 3353 1716 3424 τρισαλιτηρίους,
1749 3355 1846 3408 ἀν-

261 3442 523 3515 θρώπους
542 3442 653 3497 οὐδ’
691 3445 774 3508 είς
798 3443 1033 3515 ἀριθμόν
1066 3462 1190 3498 τινα
1232 3444 1643 3511 συντελοῦντας,
1676 3447 1848 3501 πάλαι

257 3537 369 3606 τῆς
401 3537 687 3608 ἱερατικῆς
716 3537 877 3602 ἀξίας
913 3538 1435 3607 ἀπογυμνωθέντας,
1488 3539 1585 3595 καὶ
1613 3540 1723 3594 τῶν
1754 3542 1851 3595 ἐκ·

259 3626 677 3696 κλησιαστικῶν
731 3627 1030 3695 συλλόγων,
1088 3626 1155 3680 δι’
1217 3626 1285 3691 ἀς
1327 3628 1509 3691 αἰτίας
1534 3628 1655 3682 ούδέ
1692 3628 1849 3700 θέμις

259 3718 452 3787 λέγειν
493 3718 668 3790 ἡμῖν,
713 3717 1273 3790 ἐξοστρακισθέντας,
1314 3720 1397 3782 δὶς
1455 3719 1847 3785 ἀποθανόντας,

258 3807 695 3880 ἐκριζωθέντας,
750 3809 897 3865 κατά
962 3810 1063 3882 τήν
1099 3811 1465 3882 ἀποστολικὴν
1496 3811 1628 3882 περὶ⁹
1665 3812 1850 3867 αὐτῶν

258 3904 729 3975 προαναφώνησιν
751 3941 769 3969 ,
789 3905 1056 3970 σπίλους
1099 3904 1201 3958 καὶ
1232 3903 1497 3975 μώμους,
1524 3906 1849 3975 τολμητὰς,

257 3993 583 4061 αὐθάδεις·
615 3994 845 4059 τούτους
895 3995 1158 4058 ύπεισδὺς
1188 3995 1283 4048 καὶ
1312 3995 1413 4065 τῆς
1438 3994 1647 4059 οἰκείας
1678 4012 1851 4065 πονη-

264 4088 396 4159 ρίας
419 4088 782 4159 ἐργαστήριον
834 4087 1305 4159 προστησάμενος,
1343 4088 1414 4141 δι’
1458 4087 1639 4141 αὐτῶν
1668 4088 1853 4142 πᾶσαν

261 4179 759 4251 καταστρέψαικαὶ
789 4178 1120 4235 καταλαϐεῖν
1141 4180 1240 4251 τὴν
1279 4178 1613 4249 Ἐκκλησίαν
1637 4179 1849 4252 ἐφρυά-

263 4277 440 4343 ξατοο
475 4276 504 4327 ό
536 4272 618 4341 δὲ,
646 4268 736 4327 οἷα
771 4273 837 4345 δὴ
872 4272 1156 4343 θαυμάσια
1222 4271 1383 4342 μόνος
1434 4272 1627 4340 ποιῶν,
1655 4273 1750 4326 καὶ
1794 4272 1854 4326 ἐν

259 4366 396 4428 ταῖς
426 4363 639 4434 θλίψεσι
679 4362 963 4418 πλατύνων
990 4362 1119 4425 τοὺς
1164 4364 1633 4434 ἐπικαλουμένους
1662 4363 1849 4428 αὐτὸν,

264 4454 373 4508 καὶ
384 4454 510 4508 τότε
534 4454 773 4526 μάλιστα
784 4454 1048 4509 δεικνύων
1062 4455 1123 4508 rb
1137 4456 1237 4526 τῆς
1257 4455 1516 4526 προνοίας
1533 4455 1746 4525 ἄφατον
1758 4455 1855 4508 καὶ

1949 3282 2162 3329 naturae
2191 3283 2393 3329 nostra:
2420 3271 2613 3343 Opifex
2631 3280 2687 3327 et
2710 3271 2974 3327 Conditor
2996 3286 3060 3325 ex
3084 3271 3313 3325 adverso
3335 3270 3523 3324 edidit.

1951 3364 2050 3420 Ille
2083 3363 2337 3419 homines
2364 3362 2605 3417 nefarios
2631 3370 2685 3417 et
2718 3362 2999 3432 improbos
3032 3362 3087 3415 in
3123 3361 3273 3415 nullo
3294 3374 3529 3415 numero

1948 3456 2257 3519 habendos,
2310 3453 2633 3509 sacerdotali
2674 3453 2886 3523 pridem
2932 3453 3192 3524 dignitate
3244 3451 3527 3522 spoliatos,

1949 3550 2183 3606 caatibus
2222 3546 2605 3604 ecclesiasticis
2659 3546 2777 3619 (sed
2816 3560 2953 3616 quas
3000 3545 3069 3599 ob
3116 3559 3325 3609 causas,
3383 3542 3528 3597 haud

1952 3639 2088 3696 libet
2115 3640 2320 3711 dicere)
2356 3648 2589 3704 amotos,
2609 3638 2852 3707 abactos,
2880 3638 2966 3693 bis
2997 3646 3260 3702 mortuos,
3290 3635 3531 3689 eradica-

1950 3742 2058 3797 tos,
2110 3732 2264 3801 juxta
2320 3730 2678 3801 apostolicum
2730 3731 2799 3785 de
2847 3730 3045 3785 talibus
3095 3728 3530 3799 pronuntiatum,

1950 3821 2213 3886 maculas,
2253 3836 2471 3883 momos,
2506 3820 2757 3887 audaces,
2795 3830 3151 3891 arrogantes:
3183 3818 3239 3872 in
3267 3819 3400 3873 istos
3444 3819 3522 3872 ub

1952 3929 2012 3969 se
2068 3912 2441 3967 insinuaverat
2478 3912 2749 3975 diabolus,
2789 3920 2845 3965 et
2888 3911 2956 3965 ad
2986 3909 3221 3980 propriae
3275 3910 3535 3979 nequitize

1953 4004 2225 4061 officinam
2254 4003 2615 4075 applicuerat,
2642 4019 2742 4073 per
2772 4003 2894 4058 illos
2919 4002 3232 4056 universam
3263 4014 3535 4070 occupare

1953 4094 2275 4160 Ecclesia-m,
2334 4109 2433 4165 per
2470 4109 2739 4149 summam
2796 4090 3188 4163 impudentiam
3232 4091 3533 4146 nitebatur.

1954 4186 2063 4241 Sed
2103 4186 2270 4250 Deus,
2304 4185 2398 4256 qui
2447 4185 2709 4240 miracula
2749 4192 3007 4255 operatur
3048 4183 3195 4238 solus
3220 4221 3239 4245 ,
3270 4190 3326 4238 et
3347 4183 3539 4237 dilatat

1955 4280 2277 4335 invocantes
2306 4295 2366 4334 se
2407 4279 2464 4333 in
2498 4277 2900 4343 afﬂictionibus,
2936 4276 3030 4346 qui
3059 4292 3172 4331 sum
3238 4277 3535 4347 providen-

1956 4372 2046 4427 tiae
2062 4371 2381 4438 sapientiam
2406 4369 2840 4440 inexplicabilem
2863 4368 3124 4431 ostendit,
3143 4383 3265 4422 cum
3298 4367 3537 4436 undique

1960 4462 2432 4518 inextricabilibus
2474 4461 2880 4518 circumdamur
2935 4459 3190 4515 fluctibus
3240 4458 3537 4528 oppressi,

265 4543 462 4613 σοφὸν,
476 4545 567 4597 ὅτε
580 4544 916 4615 πανταχόθεν
928 4545 987 4599 τὸ
998 4545 1202 4617 ἄπορον
1215 4547 1546 4619 περιέστηκε
1558 4547 1652 4600 καὶ
1662 4545 1841 4600 δεινὸν.

1962 4554 2099 4609 adeo
2141 4561 2511 4623 comparatam
2542 4559 2599 4606 et
2656 4558 3110 4612 consummatam,
3154 4562 3284 4603 vere
3321 4548 3378 4600 in
3420 4547 3543 4616 ipso

264 4633 372 4686 ἐπὶ
384 4633 640 4688 τοσοῦτον
657 4635 829 4704 αὐτὴν
848 4636 1366 4707 συγκεκροτημένην
1383 4638 1479 4689 καὶ
1492 4635 1861 4707 κατηρτισμέ-

264 4742 397 4794 ν-ην,
424 4727 523 4779 καὶ
563 4727 637 4790 ὡς
665 4725 883 4796 άληθῶς
910 4729 970 4781 ἐν
989 4728 1167 4800 ἐαυτῷ
1189 4728 1662 4799 τεθεμελιωμένην
1680 4771 1698 4797 ,
1737 4731 1861 4784 ἀνέ-

1959 4645 2262 4709 fundatam,
2294 4655 2353 4698 ut
2380 4659 2493 4699 non
2517 4644 2693 4699 solum
2726 4657 2909 4712 parem
2955 4651 3011 4696 et
3053 4641 3390 4710 adaequatam
3422 4654 3540 4692 ma-

1957 4739 2089 4793 litiae
2140 4752 2252 4792 suae
2278 4737 2490 4808 plagam
2536 4735 2713 4790 malus
2748 4735 2999 4803 accipiat,
3033 4733 3127 4788 sed
3155 4731 3327 4786 multo
3365 4729 3536 4784 vehe-

262 4816 471 4882 δειξεν,
487 4818 563 4881 ὡς
580 4817 641 4870 ού
662 4819 823 4887 μόνον
842 4819 1168 4891 ἀντίρροπον
1184 4821 1284 4889 τῆς
1299 4819 1637 4891 κακουργίας
1657 4820 1749 4873 τὸν
1768 4838 1841 4874 πο

1960 4828 2286 4885 mentiorem
2337 4838 2393 4883 et
2449 4843 2574 4882 cum
2620 4826 2816 4896 majori
2866 4826 3214 4894 conjunctam
3268 4830 3547 4878 tormento

264 4929 343 4981 νη
352 4912 447 4982 ρὸν
471 4912 568 4985 τὴν
599 4912 818 4986 πληγὴν
844 4914 1120 4981 δέξασθαι,
1150 4916 1287 4970 ἀλλά
1308 4917 1443 4969 πολὺ
1473 4917 1841 4989 χαλεπωτέρα

1963 4930 2243 4993 procuret.
2300 4918 2588 4986 Quomodo
2643 4919 2790 4973 enim
2848 4933 2959 4973 non
3013 4915 3276 4986 infligitur
3328 4914 3545 4971 diabolo

267 5009 375 5062 καὶ
387 5008 768 5080 ἀλγεινοτέραν
781 5011 1224 5080 εἰσπράττεσθαιο
1239 5015 1357 5077 πῶς
1371 5013 1478 5084 γάρ
1494 5014 1859 5085 οὐχὶ-μεγίστη

266 5101 377 5154 καὶ
403 5101 620 5166 ἀνίατος
643 5102 723 5173 τῷ
743 5103 974 5175 διαϐόλῳ
999 5105 1255 5176 ήπληγὴ,
1290 5107 1373 5159 ὅτι
1400 5124 1506 5177 περ
1530 5108 1590 5158 ἐν
1620 5107 1861 5178 τοσαύτῃ

269 5192 421 5263 ζάλῃ
450 5194 544 5247 καὶ
564 5194 869 5268 τηλικαύτῃ
899 5197 1157 5268 συγχύσει
1198 5197 1295 5250 καὶ
1343 5197 1636 5268 μεταϐολῇ,
1668 5197 1730 5251 ού
1770 5214 1861 5266 μι-

272 5285 417 5355 κρὸς
441 5287 502 5338 ού
535 5287 730 5356 μέγας,
762 5288 864 5341 οὐκ
892 5290 1112 5360 ἀσήμου
1136 5290 1351 5354 πόλεως
1366 5292 1680 5363 ἀρχιερεὺς,
1705 5292 1767 5344 οὐ
1798 5292 1859 5343 rb

273 5377 556 5448 ἐπίσημον
584 5379 835 5451 ἐχούσης,
872 5382 972 5436 ούκ
1006 5384 1065 5437 ἐν
1095 5383 1242 5454 λόγῳ
1284 5383 1521 5455 ἰδιώτης,
1560 5383 1661 5437 οὐκ
1684 5385 1860 5454 ἀμφο-

269 5472 521 5541 τέρωθεν
558 5474 926 5546 ὡπλισμένος,
974 5478 1069 5531 καὶ
1122 5478 1427 5551 σύνδραμον
1479 5477 1621 5549 ἔχων
1656 5480 1723 5550 τῇ
1764 5494 1864 5530 πυ-

276 5567 508 5639 κνότητι
541 5571 643 5641 τῆς
669 5571 910 5636 διανοίας
945 5572 1006 5628 rb
1037 5572 1219 5645 ῥεῦμα
1246 5575 1350 5646 τῆς
1379 5574 1648 5647 γλώττης,
1675 5573 1776 5628 οὐκ
1805 5575 1863 5626 ἐν

277 5656 389 5730 βίῳ
418 5659 693 5733 λαμπρὸς,
727 5665 827 5719 οὐκ
877 5666 935 5719 ἐν
975 5667 1234 5741 ἀκριϐείᾳ
1262 5670 1548 5740 δογμάτων
1600 5665 1860 5734 περίϐλε-

1969 5014 2207 5071 maxima
2241 5022 2298 5069 et
2322 5011 2641 5067 insanabilis
2664 5011 2839 5082 plaga,
2869 5024 2993 5065 cum
3016 5009 3073 5062 in
3105 5016 3253 5063 tanta
3282 5006 3544 5076 procella,

1968 5102 2065 5158 tali
2098 5116 2283 5156 rerum
2314 5099 2656 5162 confusione,
2696 5108 2847 5153 tanta
2893 5113 3077 5153 rerum
3103 5098 3424 5159 mutatione,
3453 5111 3549 5150 ne-

1967 5212 2058 5254 mo
2085 5209 2306 5269 parvus,
2355 5208 2603 5265 magnus,
2631 5193 2880 5248 obscurae
2908 5191 3182 5246 urbeculaa
3236 5191 3547 5260 episcopus,

1948 5282 2170 5351 Inedum
2201 5289 2288 5346 cui
2313 5296 2510 5359 praeest
2537 5285 2733 5355 aliquis
2766 5284 3002 5339 eximius
3029 5301 3043 5337 :
3072 5298 3239 5338 nemo
3292 5281 3442 5335 rudis
3492 5280 3548 5333 in

1970 5400 2245 5449 sermone,
2290 5396 2454 5438 nemo
2487 5380 2744 5447 utrinque
2783 5384 3151 5445 comparatus,
3207 5372 3298 5442 qui
3354 5371 3551 5440 lingua:

1972 5479 2365 5536 volubilitatem
2398 5488 2522 5527 eum
2552 5470 2803 5525 acumine
2837 5466 3036 5522 mentis
3079 5464 3425 5532 coniunctam
3454 5460 3551 5512 lia-

1970 5569 2102 5627 bet;
2130 5580 2292 5621 nemo
2322 5570 2544 5634 pr0pter
2571 5562 2737 5615 vitam
2793 5557 3047 5618 illustris,
3078 5563 3298 5624 propter
3325 5552 3550 5618 dogma-

1975 5674 2087 5718 tum
2134 5658 2522 5717 sublimitatem
2566 5652 2915 5724 conspicuus,
2957 5646 3140 5703 nullus
3172 5645 3328 5715 plane
3384 5643 3548 5694 homo

1573 5801 1807 5859 VARIIE
1847 5798 2256 5859 LECTIONES.

356 5874 385 5904 ιι
422 5864 490 5917 ἴον
543 5866 776 5934 φαίνειν.
