3930 6440
216 394 315 462 761

1364 403 1903 467 EPISTOLARUM
1932 408 2176 473 LIBER
2215 408 2266 470 Ῑ.

3351 412 3463 478 762

214 529 304 565 ται
331 511 681 583 σπλάγχνων,
712 510 774 566 τδ
818 512 981 581 ἄλγος
1022 512 1197 585 αὐτῆς
1228 513 1327 585 τῆς
1360 515 1536 588 ζωῆς·
1586 518 1707 572 ἀλλ’
1736 518 1775 572 ει

1890 519 2121 585 tristem,
2150 521 2303 575 vultu
2338 520 2630 589 deiectum,
2673 520 3057 593 lacrymantem
3080 539 3094 575 :
3118 523 3185 577 de
3219 532 3271 579 te
3306 527 3460 580 solli-

212 605 268 658 τί
298 622 379 657 σοι
405 603 505 674 τῆς
531 604 671 674 ἐμῆς
706 602 858 673 μέλει
877 601 1023 673 ζωῆς
1043 601 1214 673 (οὔπω
1242 604 1303 657 δέ
1338 605 1409 676 μέ
1447 624 1533 671 τις
1552 608 1787 662 ἀναπεί-

214 695 298 749 θει
331 694 489 764 λόγος
515 695 591 759 ὡς
625 694 687 748 οὐ
719 694 893 766 μέλει)
930 693 1132 766 μηκέτι
1168 694 1337 766 μηδὲν
1371 698 1617 753 τοιοῦτον
1652 700 1789 771 μηδὲ

211 785 619 860 παραπλήσιον,
652 789 789 859 μήτε
807 789 886 852 είς
919 787 1115 859 βουλὴν
1144 791 1282 860 μήτε
1303 790 1384 855 εἰς
1419 791 1653 865 μελέτην
1673 792 1790 847 δια-

209 882 447 936 ϐαινέτω
469 897 483 912 ·
522 881 793 953 μακάριος
823 880 932 951 γὰρ
961 881 1099 953 ἀνὴρ
1123 882 1222 952 οὐχ
1246 881 1301 946 ὃς
1327 883 1421 936 ἐπὶ
1453 885 1789 957 παρανόμων

207 977 309 1028 οὐκ
331 977 567 1048 ἔδραμεν
595 976 754 1047 ἔργα,
771 976 883 1031 ἀλλ’
900 976 957 1040 ὃς
980 976 1099 1031 οὐδὲ
1116 978 1175 1032 ὲν
1196 981 1260 1050 τῇ
1275 979 1447 1057 ’βουλῇ
1468 982 1645 1037 αὐτῶν
1659 984 1787 1035 ὲπο-

209 1064 407 1136 ρεύθη·
448 1065 571 1135 μηδ’
601 1067 685 1119 ὃτι
719 1066 935 1138 χείρους
982 1067 1180 1139 ἔχομεν
1213 1070 1634 1141 σεμνυνώμεθα,
1668 1073 1788 1127 ἀλλ’

206 1150 265 1204 ετ
289 1171 450 1207 τινων
498 1155 760 1220 ἐλάττους
800 1157 1170 1229 ὲλεγχθῶμεν,
1206 1160 1632 1233 αἰσχυνώμεθα·
1662 1166 1787 1219 ἐπεὶ

204 1247 303 1297 καὶ
327 1248 585 1318 ἀριστεὺς
605 1249 703 1319 οὐχ
729 1250 856 1303 ὅταν
875 1249 1224 1317 λειποταξίας
1238 1253 1341 1324 οὐχ
1369 1253 1507 1324 ἆλῳ,
1526 1256 1638 1308 οὐδ’
1658 1258 1787 1311 ὅταν

203 1336 316 1389 τῶν
347 1338 601 1406 φυγάδων
629 1341 727 1411 οὐχ
751 1342 931 1413 ἥττων
955 1343 1119 1415 ὀφθῇ,
1145 1345 1342 1415 σεμνὸς
1362 1348 1459 1400 καὶ
1482 1347 1780 1419 περίϐλεπ-

203 1445 329 1491 τος·
358 1429 475 1483 ἀλλ’
507 1432 674 1486 έπειδ⁹
705 1433 773 1488 ἂν
819 1435 929 1489 τῶν
962 1437 1387 1507 συστρατιωτῶν
1440 1440 1707 1509 κρείττων
1726 1441 1787 1494 ἐν

204 1518 470 1590 πολέμοις
514 1521 765 1594 ἀναφανῇ
824 1522 917 1578 καὶ
954 1523 1062 1578 τῶν
1105 1526 1317 1597 ἐχθρῶν
1351 1512 1628 1601 κρατήσῃ,
1662 1528 1785 1582 τότε

203 1612 451 1675 καὶτοὺς
483 1612 788 1682 στεφάνους
835 1615 983 1669 ἐστὶν
1015 1617 1371 1687 ἀναδέχεσθαι
1395 1618 1603 1682 δίκαιος
1622 1636 1636 1652 ·
1670 1621 1785 1689 ναὶ,

201 1700 398 1770 δέομαι
443 1704 537 1755 καὶ
589 1704 896 1776 παρακαλῶ
942 1706 1134 1772 δεῖξον,
1188 1708 1252 1761 τὸ
1290 1708 1444 1772 τέλος
1495 1707 1648 1775 ἀξιον
1685 1710 1786 1781 τῆς

204 1794 401 1864 ἀρχῆς,
456 1794 607 1861 ἄξιον
650 1796 761 1849 τῶν
815 1796 1073 1866 ἀγώνων·
1105 1796 1151 1852 ὥ
1203 1799 1387 1853 πόσων
1439 1801 1781 1870 στεναγμῶν,

200 1861 387 1937 πόσων
412 1886 666 1956 δακρύων
696 1889 754 1941 ἐν
790 1861 1020 1958 πελάγει
1054 1889 1154 1961 μὲν
1188 1889 1399 1961 μέσονι
1450 1861 1781 1963 πνευμάτων
1810 1861 1858 1923 Β

200 1977 299 2029 καὶ
345 1976 514 2046 ζάλης
569 1979 964 2049 ούριοδρομεῖν,
998 1982 1136 2051 πρὸς
1176 1981 1325 2052 αὐτῷ
1359 1982 1417 2037 δὲ
1444 1983 1523 2055 τῷ
1581 1982 1784 2053 λιμένι,

200 2069 735 2134 καταποντίζεσθαι·
814 2074 909 2127 καὶ
965 2073 1205 2144 πόλεμον
1254 2075 1352 2146 μὲν
1400 2078 1624 2147 κρατεῖν
1678 2075 1787 2129 τῶν

199 2160 435 2232 ἐχθρῶν,
463 2162 573 2215 τῶν
600 2163 656 2216 δὲ
693 2165 970 2235 τροπαίων
1018 2166 1203 2231 αὐτοῖς
1234 2167 1658 2234 ὑπεξίστασθαι·
1690 2169 1784 2222 καὶ

200 2252 295 2305 τὸν
344 2253 535 2320 ἀγῶνα
589 2254 689 2324 μὲν
716 2256 775 2308 ὲν
822 2256 901 2327 τῷ
955 2257 1157 2329 σταδίῳ
1207 2258 1477 2330 λαμπρῶς
1508 2260 1782 2328 ἐνεγκεῖν,

201 2341 342 2422 πρὸς
363 2341 421 2395 δὲ
447 2344 573 2406 τοὺς
607 2344 904 2414 στεφάνους
929 2348 1364 2417 μαλακίζεσθαι·
1392 2349 1537 2419 ὑμᾶς
1561 2350 1618 2403 δὲ
1646 2350 1780 2422 ἄρα,

198 2421 249 2481 ὧ
276 2429 375 2499 τῆς
396 2431 599 2501 ἀρετῆς
620 2433 870 2501 ἐρασταὶ,
918 2436 1014 2489 καὶ
1044 2439 1149 2508 τῆς
1195 2438 1479 2503 εὐσεϐείας
1513 2421 1779 2511 κήρυκες,

199 2521 296 2571 καὶ
324 2521 423 2589 τῆς
453 2522 712 2592 ἀληθείας
736 2529 1134 2597 προασπισταὶ,
1168 2527 1357 2599 ὥσπερ
1380 2530 1440 2581 ὲν
1463 2532 1576 2594 τοῖς
1597 2531 1783 2597 ἄλλοις

197 2611 430 2675 ἅπασιν,
477 2613 621 2668 οὕτω
663 2616 758 2669 καὶ
811 2616 910 2671 τοῦ
971 2620 1243 2689 παρόντος
1280 2621 1482 2690 ἄλγους
1522 2623 1781 2695 εὑρήσειν

196 2699 429 2771 ἔμελλον
458 2703 828 2776 παραψυχήν·
853 2707 913 2759 οὐ
974 2709 1136 2777 μόνον
1171 2710 1253 2763 ὃτι
1308 2711 1521 2779 πέφυκε
1574 2713 1636 2766 τὸ
1685 2713 1779 2766 λυ-

196 2788 342 2839 ποῦν
362 2792 474 2853 τοῖς
519 2792 697 2859 φίλοις
758 2794 1235 2867 ἐκκαλυπτόμενον
1269 2799 1574 2870 διακεῖσθαί
1602 2804 1628 2843 δ
1662 2822 1782 2868 πως

194 2882 312 2941 τοῖς
347 2877 559 2948 λόγοις,
610 2884 706 2936 καὶ⁴
746 2877 861 2937 οἷον
907 2886 1391 2958 συνεξατμίζεσθαι
1433 2908 1447 2922 ·
1480 2891 1617 2948 ἀλλὰ
1686 2896 1781 2950 κα)⁸

197 2969 427 3038 μᾶλλον,
466 2972 601 3027 διότι
643 2975 886 3042 μεγάλας
921 2976 1146 3043 ἐλπίδας
1173 2978 1282 3050 ἔχω
1305 2981 1393 3035 διά
1440 2983 1548 3036 τῶν
1579 2984 1777 3055 ὑμετέ-

196 3080 314 3132 ρων
352 3065 532 3133 σοφῶν
562 3067 657 3119 καὶ
689 3066 869 3120 καλῶν
891 3070 1116 3140 ἐπῳδῶν
1153 3088 1213 3125 τε
1248 3074 1344 3126 καὶ⁹
1368 3076 1771 3146 παραινέσεων,

193 3153 398 3208 θᾶττον
421 3157 839 3229 ἀναῤῥωσθῆναι
865 3160 954 3212 τὸν
982 3161 1174 3233 ἄνδρα,
1210 3163 1308 3217 καὶ
1346 3165 1437 3219 τὸν
1469 3166 1565 3220 τοῦ
1600 3168 1776 3235 ὄφεως

190 3246 527 3317 ψιθυρισμὸν
561 3249 744 3302 τέλεον
784 3252 1232 3323 ἀποστραφέντα,
1280 3259 1479 3327 μηκέτι
1531 3260 1773 3329 συμϐου-

190 3338 294 3405 λῆς
319 3338 649 3409 ἀνασχέσθαι
679 3342 1095 3413 στασιαζούσης,
1119 3347 1245 3410 τοὺς
1265 3347 1460 3417 ὀρθοὺς
1480 3348 1774 3420 λογισμοὺς

191 3434 294 3486 καὶ
329 3436 407 3498 εἰς
432 3435 729 3508 δισταγμὸν
764 3439 1218 3511 μετακλινούσης,
1250 3441 1545 3512 πτώματος
1572 3444 1770 3515 αἴτιον,

189 3527 316 3578 ἀλλ’
347 3530 427 3591 εἰς
457 3528 557 3598 τὴν
605 3531 881 3602 προτέραν
924 3532 1381 3603 ὲπαναδραμόντα
1431 3534 1769 3606 τελειότητα,

188 3620 447 3673 ἄσειστον
468 3621 562 3673 καὶ
590 3622 884 3693 ἀκλόνητον
933 3625 992 3677 ὲν
1031 3626 1096 3694 τῇ
1148 3626 1353 3695 στερῤᾷ
1388 3626 1482 3678 καὶ
1532 3626 1776 3697 ἀρῤαγεῐ

185 3711 297 3778 τῆς
353 3712 643 3781 ὁμολογίας
692 3714 932 3784 Χριστοῦ
972 3716 1371 3787 διαηρηθῆναι
1424 3718 1624 3790 πέτρᾳ,
1682 3717 1773 3773 διὰ

187 3800 316 3869 βίου
357 3800 557 3864 παντὸς
585 3803 681 3856 καὶ
709 3803 904 3872 λόγων.

1887 610 2070 667 citudo
2124 610 2250 665 talia
2305 618 2513 665 causat.
2547 609 2724 664 Labor
2773 626 2927 666 meus
2955 611 3096 667 circa
3157 621 3230 674 te,
3257 614 3323 667 de
3346 615 3455 669 vita

1887 702 2043 759 dolor
2099 702 2308 757 viscera
2356 717 2477 756 mea
2522 710 2776 771 penetrat
2827 703 3114 758 interiora.
3144 703 3345 768 Quare.
3410 706 3459 759 si

1886 809 2025 852 mea:
2056 794 2184 849 vitae
2217 793 2313 849 tibi
2346 807 2480 849 cura
2518 800 2603 846 est
2632 791 2739 846 ulla
2764 792 2783 862 (
2808 802 2865 846 et
2903 803 3051 848 certe
3089 809 3202 848 non
3257 796 3460 864 proba-

1885 898 1977 942 tur
2024 902 2137 942 non
2178 902 2300 942 esse
2349 885 2447 941 tibi
2485 884 2691 953 curat),
2723 884 2835 939 noli
2887 885 3147 955 deinceps
3189 887 3461 955 ejusmodi

1885 979 2089 1049 aliquid
2132 978 2187 1032 in
2245 977 2697 1033 deliberationem
2745 977 3055 1032 admittere.
3130 977 3327 1033 Beatus
3370 979 3461 1032 ille

1883 1073 1990 1138 vir,
2018 1088 2129 1128 non
2158 1071 2250 1142 qui
2287 1085 2629 1140 nequaquam
2673 1070 2911 1125 cucurrit
2955 1070 3023 1125 ad
3056 1070 3241 1125 illicita
3287 1072 3459 1125 malo-

1885 1182 2007 1221 rum
2045 1180 2230 1235 opera,
2264 1165 2358 1219 sed
2386 1164 2479 1233 qui
2510 1178 2580 1217 ne
2622 1164 2840 1233 quidem
2876 1163 3102 1217 incessit
3139 1164 3195 1218 in
3225 1165 3459 1219 concilio

1885 1258 2318 1327 malignantium.
2337 1255 2450 1311 Nec
2476 1257 2620 1325 quod
2647 1256 2778 1317 sint,
2806 1271 2969 1324 quam
2994 1272 3092 1310 nos
3118 1272 3328 1320 sumus,
3358 1258 3459 1311 de-

1886 1348 2116 1403 teriores
2154 1347 2265 1414 alii,
2311 1347 2625 1416 gloriemur,
2675 1346 2772 1402 sed
2817 1347 2863 1402 si
2899 1345 3173 1416 aliquibus
3220 1347 3459 1417 impares

1884 1438 2247 1502 inveniamur,
2271 1439 2475 1508 pudore
2520 1438 2903 1493 sufi‘undimur.
2932 1437 3065 1492 Nam
3124 1448 3182 1493 et
3218 1440 3458 1508 optimus

1882 1528 2041 1583 miles
2068 1528 2213 1584 haud
2237 1529 2482 1584 desertor
2506 1528 2808 1592 convictus,
2839 1542 2944 1582 nec
2972 1527 3115 1597 quod
3146 1543 3268 1581 cum
3317 1527 3460 1597 fugi-

1884 1622 2010 1678 tivis
2038 1630 2349 1683 censeatur.
2378 1622 2557 1677 clarus
2585 1621 2785 1676 obinde
2826 1629 2882 1675 et
2912 1620 3138 1676 illustris
3170 1621 3250 1686 iit,
3282 1621 3380 1675 sed
3409 1620 3458 1675 si

1881 1712 2025 1769 bello
2052 1711 2400 1780 praestantior
2431 1726 2595 1781 quam
2624 1711 3057 1766 commilitones:
3085 1712 3131 1767 si
3170 1710 3458 1767 victoriam

1885 1803 1953 1859 de
1989 1802 2241 1858 hostibus
2280 1801 2598 1872 reportavit,
2644 1809 2759 1857 tum
2820 1801 3018 1873 dignus
3056 1803 3335 1872 judicatnr
3362 1802 3460 1873 qui

1886 1902 2195 1949 coronetur.
2243 1892 2443 1946 Hortor
2498 1902 2680 1947 autem
2720 1900 2882 1961 atque
2928 1893 3183 1956 obsecro,
3228 1895 3460 1948 ostende

1887 1987 2049 2042 ﬁnem
2091 1982 2360 2055 principio
2393 1984 2641 2055 dignum,
2680 1983 2905 2054 dignum
2956 1985 3369 2039 certaminibus.
3413 1984 3461 2040 Ο

1886 2086 2150 2149 quantum
2189 2077 2342 2133 adest
2365 2076 2597 2148 gemitus
2630 2084 2685 2131 et
2716 2076 3096 2147 lacrymarum.
3127 2075 3173 2129 si
3204 2076 3258 2128 in
3290 2076 3459 2129 mari-

1884 2171 1972 2228 nis
1998 2170 2273 2234 ﬂuctibus,
2300 2169 2447 2224 inter
2477 2177 2690 2233 ventos,
2725 2167 2778 2222 in
2808 2168 3126 2238 procellosis
3157 2176 3457 2237 tempesta-

1886 2263 2033 2318 tibus
2068 2270 2277 2317 rectum
2302 2269 2488 2315 tenere
2517 2274 2741 2315 cursum
2774 2258 3068 2328 possimus,
3106 2266 3161 2312 et
3204 2258 3257 2312 in
3296 2268 3459 2327 portu

1884 2353 2155 2423 patiamur
2179 2349 2523 2420 naufragium
2547 2350 2560 2403 l
2591 2349 2776 2419 praelio
2801 2349 2847 2403 si
2874 2347 3156 2403 vincamus
3196 2348 3381 2402 hostes
3404 2355 3462 2402 et

1859 2441 2222 2512 .depellamur
2246 2455 2278 2494 a
2329 2440 2573 2509 tropaeo!
2632 2438 2688 2493 in
2734 2439 2909 2495 stadio
2937 2454 3062 2493 cum
3094 2438 3253 2493 laude
3279 2446 3459 2493 certa-

1883 2548 2010 2589 men
2042 2531 2248 2598 subire,
2275 2540 2332 2586 et
2352 2530 2704 2587 emollescere
2741 2530 2811 2585 ad
2841 2529 3123 2585 braviuml
3171 2528 3279 2584 Vos
3305 2544 3456 2601 ergo,

1881 2639 1916 2679 o
1941 2624 2164 2678 virtutis
2200 2629 2494 2685 amatores.
2520 2620 2768 2677 veritatis
2789 2620 2880 2690 qui
2908 2634 3186 2690 praecones
3214 2620 3367 2686 estis,
3405 2629 3461 2676 et

1882 2712 1940 2767 in
1992 2711 2163 2767 Deum
2208 2710 2427 2781 pietatis
2497 2709 2854 2775 defensores;
2904 2718 2966 2763 ut
3016 2718 3206 2763 contra
3259 2718 3458 2764 caetera

1879 2804 2263 2877 praevaluistis,
2309 2803 2385 2857 ita
2449 2802 2573 2856 date
2618 2816 2861 2870 operam,
2911 2809 2968 2855 et
3005 2800 3196 2855 sedulo
3247 2800 3462 2855 incum-

1879 2898 2010 2957 bite,
2078 2904 2140 2950 ut
2194 2893 2339 2964 quod
2402 2901 2598 2962 exopto
2650 2891 2852 2946 doloris
2909 2890 3154 2945 habeatis
3184 2891 3464 2945 levamen-

1880 2997 2021 3043 tum.
2050 2986 2170 3041 Non
2198 2986 2268 3040 ob
2298 3000 2419 3041 eam
2451 2993 2663 3039 tantum
2686 2999 2931 3049 causam,
2959 2984 3085 3053 quia
3114 2984 3260 3053 quod
3290 2983 3465 3047 dolet,

1880 3078 2075 3133 amicis
2095 3078 2140 3132 si
2165 3087 2490 3146 exponetur,
2520 3075 2725 3131 diilindi
2752 3075 2986 3145 quodam
3022 3074 3186 3128 modo
3213 3091 3308 3143 per
3343 3092 3465 3129 ser-

1878 3185 2068 3224 mones
2080 3168 2298 3238 poterit.
2317 3174 2431 3232 aut,
2450 3165 2602 3219 utsic
2616 3166 2817 3229 dicam,
2838 3164 3119 3234 evaporari
3144 3182 3158 3229 ;
3178 3164 3273 3218 sed
3294 3164 3418 3216 mul:
3429 3178 3464 3219 ο

1876 3256 2049 3325 magis
2078 3255 2220 3324 quod
2260 3269 2413 3323 spem
2458 3253 2727 3324 egregiam
2783 3252 3053 3320 concipio,
3102 3251 3344 3306 futurum
3406 3263 3464 3306 ni.

1876 3347 2074 3402 vestris
2096 3345 2456 3417 prudentibus
2482 3344 2589 3399 illis
2608 3352 2663 3397 et
2690 3343 2968 3413 prseclaris
2993 3341 3463 3397 admonitionibus

1876 3449 1931 3495 et
1952 3436 2482 3492 insusurrationibus
2501 3434 2965 3490 corroborandum
2998 3433 3296 3494 hominem,
3340 3448 3461 3487 scr-

1877 3530 2055 3600 pentis
2074 3530 2219 3583 illius
2241 3527 2444 3583 dililato
2467 3527 2628 3583 sibilo
2649 3527 2806 3596 quasi
2830 3524 3075 3581 consiliis
3096 3524 3327 3578 ulterius
3346 3540 3457 3578 non

1877 3620 2183 3691 pariturnm
2205 3633 2395 3673 eorum
2418 3618 2513 3687 qui
2534 3617 2783 3673 fecerunt
2799 3617 3196 3683 secessionem;
3217 3614 3307 3683 qui
3328 3629 3464 3669 con-

1882 3712 2002 3767 silia
2021 3721 2167 3766 recta
2188 3720 2243 3766 et
2257 3710 2461 3780 optima
2478 3710 2547 3765 ab
2571 3708 2967 3764 dubitationem
2985 3706 3268 3762 inflectunt
3288 3707 3462 3764 ruina

1882 3805 2130 3861 daturam
2148 3803 2513 3865 occasionem,
2530 3802 2626 3857 sed
2644 3802 2709 3857 ad
2730 3802 2969 3872 priorem
2990 3801 3356 3871 integritatem
3382 3815 3463 3853 re-

183 3896 525 3962 versum,ita
547 3896 1637 3965 utimmotusetinﬂexus,inChristianie
1674 3900 2039 3958 confessionis
2074 3908 2227 3970 petra
2252 3898 2423 3953 solida
2463 3907 2520 3953 et
2540 3897 2773 3952 infracta
2810 3905 3186 3963 conservetur,
3212 3896 3270 3951 in
3307 3896 3462 3951 omni

182 3989 325 4043 vitae
346 4002 533 4053 cursu,
564 3994 620 4042 et
649 4004 962 4044 sermonum
987 3992 1251 4046 varietate
1283 4002 1664 4047 conservatus.

287 4078 363 4133 ΕΖ
416 4095 508 4145 τις
549 4078 619 4131 δὲ
653 4079 1039 4150 παράκλησις
1081 4082 1153 4137 ἐν
1189 4083 1422 4151 Χριστῷ
1470 4084 1638 4153 (μετά
1679 4079 1775 4135 τοῦ

182 4171 487 4225 θεσπεσίου
522 4172 737 4226 Παύλου
770 4173 932 4242 ὑμῖν,
981 4174 1077 4227 καὶ
1121 4175 1191 4229 δι’
1231 4176 1389 4245 ὑμῶν
1438 4178 1607 4229 πᾶσιν
1648 4177 1772 4227 ὑπι-

181 4262 493 4333 δοώμεθα),
520 4264 581 4315 εἰ
604 4281 659 4316 τι
689 4265 1065 4334 παραμύθιον
1101 4266 1362 4336 ἀγάπης,
1398 4268 1455 4321 εί
1483 4284 1574 4333 τις
1608 4284 1770 4320 κοιν-

179 4357 345 4409 ωνία
373 4358 741 4421 Πνεύιιατος,
791 4355 848 4409 εἷ
886 4373 1025 4410 τινα
1071 4358 1402 4426 σπλάγχνα
1450 4358 1549 4411 καὶ
1588 4360 1769 4411 οἰκτι-

1960 4078 2134 4145 Atque
2151 4076 2265 4129 hate
2286 4074 2505 4144 quidem
2538 4074 2822 4129 hactenus.
2850 4071 3000 4138 Quod
3017 4073 3064 4128 si
3082 4082 3260 4127 autem
3277 4076 3461 4145 aliqua

1880 4171 1947 4224 sit
1980 4167 2267 4223 consolatio
2292 4169 2349 4220 in
2385 4166 2591 4221 Christo
2623 4166 2686 4232 ¹⁹,
2713 4168 2788 4221 ita
2804 4167 2953 4222 enim
2991 4167 3220 4222 vocibus
3289 4168 3461 4224 divini

1880 4262 2032 4317 Pauli
2058 4261 2215 4316 vobis
2250 4259 2525 4330 sigillatim
2562 4259 2908 4325 inclamabo;
2952 4260 2998 4313 si
3032 4261 3170 4330 quod
3210 4261 3467 4321 solatium

1878 4354 2171 4419 charitatis,
2203 4353 2247 4406 si
2282 4367 2399 4421 qua:
2419 4351 2636 4420 spiritus
2667 4353 2912 4415 societas,
2943 4352 2987 4406 si
3016 4368 3132 4423 qua:
3168 4354 3461 4408 miseratio-

168 4448 353 4517 ρμοὶ,
387 4447 745 4516 πληρώσατέ
798 4465 919 4517 μου
975 4447 1093 4516 τὴν
1141 4449 1370 4516 χαράν·
1426 4449 1535 4514 ἵνα,
1583 4447 1772 4517 ὥσπερ

1881 4446 1959 4499 nis
2002 4446 2222 4510 viscera,
2285 4460 2372 4497 vos
2418 4440 2702 4509 adimplete
2748 4443 3004 4512 gaudium
3057 4460 3231 4497 meum
3261 4445 3343 4510 ’°;
3400 4454 3459 4499 ut

184 4541 363 4610 μέχρι
412 4538 506 4593 νῦν
529 4580 545 4601 ,
580 4539 733 4592 οὕτω
787 4540 887 4593 καὶ
940 4538 1285 4605 διαπαντὸς,
1315 4539 1382 4594 τὸ
1416 4541 1563 4595 αὐτὸ
1593 4558 1769 4610 φρον-

178 4631 327 4697 ῆτε,
375 4631 446 4684 ἐν
488 4631 583 4684 ἐνὶ
626 4632 922 4700 πνεύματι
990 4632 1091 4687 καὶ
1147 4630 1257 4702 μιᾷ
1323 4631 1497 4703 ψυχῇ
1547 4636 1774 4687 συναθ-

176 4722 453 4788 λοῦντες
506 4722 618 4791 τῆς
669 4723 960 4790 ἀληθείας
1010 4722 1092 4788 τῷ
1124 4724 1476 4793 κηρύγματι,
1530 4726 1630 4779 καὶ
1677 4724 1767 4795 μὴ

177 4816 601 4883 πτυρόμενοιο
652 4814 722 4867 ἐν
772 4814 991 4883 μηδενί
1060 4815 1182 4869 ὑπὸ
1246 4814 1367 4868 τῶν
1434 4815 1773 4885 ἀντικειμέ-

173 4920 353 4959 νων·
390 4904 524 4972 ἣτις
561 4904 768 4969 αὐτοῖς
792 4905 908 4973 μέν
936 4905 1109 4959 ἐστιν
1134 4904 1391 4972 ἔνδειξις
1446 4907 1769 4973 ἀπωλείας,

172 4994 341 5064 ὑμῖν
397 4994 467 5047 δὲ
521 4995 846 5064 σωτηρίας,
919 4996 1233 5051 καὶτοῦτο
1292 4996 1412 5053 ἀπὸ
1459 4999 1647 5053 Θεοῦ·
1681 4998 1773 5053 ὅτι

173 5086 343 5157 ὑμῖν
365 5086 661 5155 ἐχαρίσθη
715 5085 827 5158 [τὸ]
865 5088 988 5141 ὑπὸ
1037 5088 1321 5155 Χριστοῦ,
1357 5089 1431 5143 οὐ
1479 5089 1678 5158 μόνον
1702 5090 1770 5143 τὸ

172 5180 283 5243 εις
320 5176 511 5231 αὑτὸν
559 5177 889 5241 πιστεύειν,
922 5177 1084 5231 ἀλλὰ
1136 5179 1238 5232 καὶ
1291 5179 1359 5233 τὸ
1394 5180 1547 5249 ὑπὲρ
1582 5181 1770 5235 αὐτοῦ

173 5268 484 5337 πάσχειν.
502 5269 614 5323 Καὶ
646 5270 835 5323 ταῦτα
856 5270 970 5337 οὐχ
995 5270 1078 5335 ὡς
1101 5270 1223 5323 τῶν
1270 5270 1431 5339 ἐμῶν
1458 5271 1770 5342 δεομένοις

171 5363 398 5429 λόγων
426 5360 649 5430 γράφω,
671 5362 811 5415 ἀλλ’
860 5362 939 5427 ὡς
994 5362 1332 5430 χρεωστῶν,
1393 5363 1624 5434 ἁλλάγε
1674 5364 1772 5418 καὶ

175 5452 517 5524 ἐφιέμενος
549 5453 694 5522 ὑμῖν
724 5455 1056 5521 κοινωνεῖν,
1095 5457 1242 5510 ἔνθα
1280 5457 1397 5524 μὲν
1443 5457 1617 5511 καλεῖ
1652 5474 1774 5509 και-

161 5544 324 5615 ρὸς,
359 5545 567 5613 αὐτοῖς
593 5547 786 5615 ἐρτοις
824 5548 922 5601 καὶ
962 5547 1190 5614 ἄθλοις,
1222 5549 1362 5602 ἀλλ’
1383 5548 1525 5603 ὅτεά
1549 5549 1617 5604 δὲ
1672 5548 1771 5602 καί

262 5660 310 5693 ¹⁹
354 5658 555 5729 Philip.
582 5673 644 5730 11,
677 5661 729 5714 ι.

1878 4535 2336 4606 quemadmodum
2370 4535 2477 4587 huc
2498 4549 2693 4603 usque,
2717 4535 2791 4586 sic
2815 4550 3020 4603 semper
3046 4535 3185 4588 idem
3213 4537 3456 4605 sapialis,

1876 4626 1933 4679 in
1960 4641 2062 4678 uno
2089 4625 2279 4692 spiritu
2306 4623 2629 4675 unanimiter
2666 4622 3046 4677 collaborantes
3077 4627 3335 4693 prwconio
3374 4637 3459 4679 ve-

1877 4718 2077 4782 ritatis,
2108 4725 2165 4769 ut
2188 4732 2458 4785 nunquam
2479 4715 2545 4768 ab
2574 4716 2892 4769 adversariis
2924 4718 3269 4771 terreamini:
3306 4718 3456 4781 Quod

1876 4807 1987 4862 it'lis
2021 4808 2261 4861 concedet
2294 4809 2351 4860 in
2392 4808 2804 4872 damnationem,
2841 4810 2979 4862 vobis
3017 4810 3073 4861 in
3097 4809 3319 4863 salutent
3354 4811 3457 4861 im-

1873 4902 2165 4971 putabitur,
2214 4901 2367 4970 idque
2407 4900 2513 4953 Deo
2551 4910 2834 4969 operante;
2861 4903 2984 4971 quia
3023 4902 3163 4955 vobis
3200 4903 3457 4955 donatum

1874 5004 1949 5049 est
1977 5012 2011 5047 a
2040 4992 2264 5058 Christo,
2294 5008 2397 5046 non
2434 4992 2602 5046 solum
2649 5003 2706 5044 ut
2728 4994 2783 5045 iu
2810 4994 2961 5045 illum
3000 4996 3249 5056 credatis,
3279 4995 3369 5047 sed
3400 5004 3457 5047 ut

1874 5104 1970 5158 pro
1994 5086 2085 5139 illo
2120 5085 2422 5155 patiamini.
2457 5084 2566 5138 Ista
2597 5095 2776 5139 autem
2812 5087 3015 5155 scripsi,
3042 5103 3145 5139 non
3172 5088 3310 5157 quod
3348 5105 3459 5142 ser-

1874 5180 2111 5235 monibus
2136 5179 2267 5232 meis
2304 5177 2607 5248 indigeatis,
2646 5180 2737 5232 sed
2788 5188 3063 5248 propterea
3089 5182 3225 5243 quod
3251 5182 3455 5234 deside-

1878 5288 2008 5333 rem,
2040 5270 2226 5340 quippe
2245 5268 2448 5322 debitor
2467 5269 2709 5337 quredam
2747 5271 3007 5324 vobiscum
3047 5274 3452 5337 communicare,

1878 5362 1969 5416 ubi
2013 5361 2169 5431 fuerit
2218 5359 2441 5423 occasio,
2478 5374 2632 5428 opere
2666 5360 2778 5428 ipso
2820 5367 2870 5413 et
2914 5361 3328 5420 concertatione;
3361 5375 3458 5413 nec

1881 5453 2036 5525 factis
2069 5460 2274 5504 tantum
2298 5450 2386 5503 sed
2408 5450 2671 5502 interdum
2690 5459 2740 5503 et
2770 5450 2937 5505 verbis
2963 5452 3029 5504 ¹¹.
3082 5449 3181 5504 Vos
3211 5450 3370 5513 enim,
3396 5459 3456 5502 ut

1880 5562 2003 5603 cum
2034 5545 2245 5600 Joanne
2273 5540 2552 5612 Theologo
2575 5542 2772 5610 dicam,
2805 5542 3004 5598 habetis
3033 5559 3066 5597 α
3111 5551 3292 5597 sancto
3330 5538 3455 5610 Spi-

826 5662 872 5694 ιο
898 5662 1029 5718 ibid.
1047 5662 1103 5715 ε.
1179 5664 1222 5695 ιι
1244 5662 1442 5733 Philip.
1471 5664 1615 5729 ",2;
1654 5678 1692 5727 ι,
1718 5662 1788 5717 29
1825 5670 1879 5716 et
1909 5660 2133 5732 passim.

1494 5779 1727 5835 VARIIE
1761 5777 2166 5834 LEC'I'IONES.

261 5886 291 5915 ιι
330 5871 423 5928 ισ.
458 5871 751 5944 ἀνάμεσον.
822 5871 849 5912 ὶ)
886 5870 1297 5942 συνδιαχεῖσθαι.

1378 5886 1400 5912 ο
1434 5875 1743 5946 συρόμενοι,
1773 5874 1857 5930 vel
1879 5873 2256 5945 πτερούμενοι.
2329 5871 2356 5913 ιι
2391 5872 2597 5927 ἄλλοτε.
