3930 6428
529 387 638 452 763

1684 399 1950 462 ΡΗΟΤΙῙ
1988 401 2492 469 PATRIARCHIE
2528 409 2638 472 CP.

3618 395 3699 495 ἰιι

527 501 636 556 ritu
677 498 974 554 unctionem
1013 519 1028 556 :
1061 518 1245 573 porro,
1309 520 1471 574 quam
1516 509 1813 577 accepistis,
1848 512 2024 564 unctio
2052 513 2107 565 in

2224 517 2339 613 τοῖς
2352 518 2610 590 ῥήμασι·
2653 521 2766 576 Καὶ
2826 524 2938 594 γὰρ
2974 523 3146 596 ὑμεῖς
3184 526 3340 598 (μετά
3377 531 3463 588 τοῦ
3501 536 3703 613 θεολόγον

527 596 672 648 vobis
701 603 899 660 manet,
928 612 1020 649 nec
1053 613 1181 664 opus
1213 606 1288 652 est
1328 609 1386 652 ut
1418 602 1833 670 quisquam,vos
1879 604 2114 670 erudiat,

526 687 621 741 sed
651 686 787 740 sicut
823 690 1007 743 eadem
1037 691 1214 744 unctio
1251 692 1396 745 docet
1430 709 1540 759 vos,
1569 703 1618 747 et
1640 697 1776 748 sicut
1818 713 1906 752 vos
1937 699 2116 752 docuit

531 788 740 832 manete
776 781 830 834 in
863 797 940 847 eo,
959 790 1015 834 ut
1059 798 1178 835 cum
1202 783 1516 852 apparuerit
1567 783 1736 841 Filius
1762 785 1879 852 Dei,
1913 788 2114 843 habea-

532 883 648 919 mus
685 866 953 935 ﬁduciam,
991 886 1082 922 nec
1124 873 1512 942 confundamur
1547 873 1606 926 in
1647 876 1873 930 adventu
1924 877 2040 946 ejus
2067 879 2130 937 ¹².

531 955 688 1013 Pacis
709 969 892 1014 autem
925 971 1110 1017 custos
1139 971 1300 1033 atque
1329 979 1445 1030 rex,
1465 967 1558 1037 qui
1578 971 1744 1024 vitam
1765 969 1926 1025 nobis
1944 970 2114 1038 dedit,

528 1060 592 1106 et
627 1051 874 1106 eamdem
917 1064 1205 1109 conservat
1235 1069 1250 1107 :
1289 1055 1354 1109 In
1387 1073 1490 1127 quo
1544 1059 1796 1125 vivimus,
1829 1077 2116 1130 movemur,

527 1157 716 1196 sumus
749 1143 819 1207 ”,
843 1144 1004 1213 cuius
1036 1146 1241 1201 amoris
1273 1147 1531 1214 vinculis,
1573 1165 1678 1205 nec
1707 1149 2119 1209 dissolubilibus

531 1235 822 1291 constricti
845 1245 1095 1293 tenemur
1121 1238 1250 1295 :ille
1278 1241 1536 1312 princeps
1563 1243 1840 1311 sacerdos,
1865 1244 2120 1314 idemque

538 1342 788 1397 magnus,
821 1327 1070 1384 Christus
1094 1346 1291 1401 nempe
1311 1348 1474 1387 verus
1498 1343 1682 1389 noster
1708 1335 1877 1390 Deus:
1899 1335 2001 1401 Qui
2026 1351 2120 1390 nos

530 1413 602 1466 de
635 1429 739 1467 non
773 1415 984 1484 populo,
1009 1419 1258 1486 populum
1301 1423 1566 1476 constituit
1614 1425 1993 1494 acquisitionis,
2027 1441 2120 1495 per

532 1507 848 1575 sanguinem
896 1511 1168 1578 proprium
1193 1512 1238 1542 ’⁸
1265 1532 1278 1567 :
1310 1527 1414 1568 nec
1460 1515 1720 1583 populum
1777 1516 2115 1588 simpliciter,

533 1597 640 1650 sed
664 1597 934 1664 dilectam,
960 1601 1056 1656 sed
1092 1611 1295 1672 gentem
1319 1605 1690 1668 sanctam,sed
1724 1606 1900 1678 regale
1938 1623 2117 1662 sacer-

539 1688 764 1752 dotium,
803 1706 923 1758 quae
956 1691 1244 1749 ineﬂabilis
1272 1695 1414 1751 illius
1445 1697 1661 1753 bonitas
1702 1709 1810 1766 est,
1856 1699 1994 1769 filios
2025 1717 2117 1756 nos

2216 609 2385 680 φάναι
2459 613 2730 688 Ἰωάννου)
2779 618 3010 688 χρίσμα
3053 619 3220 688 ἔχετε
3255 621 3370 677 ἀπὸ
3429 628 3522 682 τοῦ
3569 609 3705 703 ἁγίου

2217 704 2585 775 Πνεύματος,
2609 708 2728 774 καὶ,
2757 709 2829 764 Τὸ
2855 710 3084 780 χρίσμα
3120 710 3153 764 ὃ
3181 711 3413 772 ἐλάϐετε
3433 717 3524 772 ἀπ’
3542 724 3706 795 αὐτοῦ,

2215 797 2286 851 ἐν
2305 797 2451 868 ὑμῖν
2480 798 2670 869 μένει,
2700 799 2804 854 καὶ
2829 800 3034 856 οἴδατε
3056 801 3272 871 πάντα,
3315 809 3407 862 καί
3435 813 3500 865 οὐ
3546 818 3710 884 χρείαν

2215 889 2408 960 ἔχετε,
2433 892 2537 947 ἵνα
2566 910 2658 960 τις
2701 892 2964 964 διδάσκῃ
2995 894 3173 966 ὑμᾶς,
3225 897 3360 953 ἀλλ’
3406 901 3478 968 ὡς
3518 908 3572 959 τὸ
3598 911 3712 965 αὐτὸ

2216 982 2443 1054 χρίσμα
2467 983 2743 1039 διδάσκει
2768 982 2928 1056 ὑμᾶς
2955 985 3090 1055 περὶ
3114 987 3354 1044 πάντων
3376 1007 3390 1021 ·
3438 995 3528 1048 καί
3561 1000 3714 1066 καθὼς

2217 1071 2496 1138 ἐδίδαξεν
2521 1073 2703 1144 ὑμᾶς,
2739 1073 2952 1144 μένετε
2981 1075 3053 1130 ἐν
3075 1075 3237 1143 αὐτῷ
3254 1094 3269 1109 ο
3301 1079 3399 1134 ἵνα
3419 1080 3552 1137 ὅταν
3568 1103 3716 1155 φανε-

2165 1199 2178 1210 .
2211 1161 2380 1234 ρωθῇ
2403 1165 2436 1218 ὁ
2463 1162 2597 1231 Υἱὸς
2616 1163 2725 1219 τοῦ
2749 1163 2921 1230 Θεοῦ,
2953 1163 3186 1234 ἔχωμεν
3205 1169 3544 1238 παρρησίαν,
3563 1177 3718 1249 καὶμὴ

2219 1253 2646 1326 αῑσχυνθῶμεν
2673 1254 2776 1310 ἀπ’
2813 1256 3003 1312 αὐτοῦ
3037 1257 3108 1312 ἐν
3134 1255 3214 1327 τῇ
3232 1262 3520 1328 παρουσίᾳ
3543 1265 3718 1322 αὑτοῦ·

2218 1347 2248 1400 6
2276 1345 2333 1398 δὲ
2351 1347 2452 1417 τῆς
2481 1347 2707 1420 εἰρήνης
2731 1347 2935 1420 ταμίας
2965 1349 3060 1405 καὶ
3083 1350 3336 1420 βασιλεὺς
3355 1392 3372 1416 ,
3421 1353 3450 1406 6
3477 1354 3565 1424 τῆς
3607 1357 3720 1430 ζωῆς

2217 1435 2376 1508 ήμῶν
2400 1437 2572 1501 αίτιος
2606 1438 2702 1496 καὶ
2736 1439 3016 1510 συνοχεὺς,
3066 1439 3138 1493 ἐν
3163 1433 3212 1507 ᾧ
3239 1438 3420 1511 ζῶμεν
3447 1444 3536 1496 καί
3569 1449 3723 1502 κινού.

2213 1531 2369 1597 μεθα
2391 1527 2492 1582 καί
2523 1527 2744 1598 ἐσμέν’
2776 1522 2838 1583 οὗ
2869 1531 2984 1594 τοῖς
3019 1528 3238 1595 ἀλύτοις
3261 1532 3472 1603 δεσμοῖς
3493 1536 3582 1606 τῆς
3621 1538 3722 1606 ἀγα-

2217 1621 2440 1690 πήσεως
2473 1619 2839 1691 συνδεδέμεθα
2861 1634 2877 1651 ⁶
2905 1623 2936 1676 6
2991 1622 3212 1690 πρῶτος
3259 1623 3360 1677 καὶ
3389 1625 3550 1695 μέγας
3576 1629 3721 1698 ἀρχιε-

2222 1707 2370 1781 ρεὺς,
2392 1709 2629 1783 Χριστὸς
2651 1711 2681 1764 6
2712 1711 2964 1783 ἀληθινὸς
2988 1712 3122 1776 Θεὸς
3139 1712 3296 1784 ήμῶν
3333 1730 3348 1745 ·
3379 1717 3412 1769 ὁ
3447 1714 3513 1780 ἐξ
3527 1717 3589 1771 οὺ
3605 1721 3720 1775 λαοῦ

535 1780 880 1846 constituens,
903 1783 1151 1848 hwredes,
1178 1795 1227 1839 et
1249 1803 1424 1840 secum
1454 1790 1742 1845 colueredes
1757 1808 1777 1845 :
1792 1793 1933 1860 apud
1964 1809 2116 1863 quem

2224 1780 2373 1858 λαὸν
2396 1780 2620 1858 οίκεῖον
2638 1780 2951 1874 ἡμᾶς-ἰδίῳ
2978 1780 3193 1874 αἵματι.
3221 1806 3636 1876 ποιησάμενος·
3657 1815 3724 1865 καὶ

541 1885 646 1922 non
670 1881 744 1924 est
771 1875 1033 1927 conversio
1050 1876 1130 1929 vel
1154 1877 1461 1933 inversionis
1491 1881 1677 1935 umbra
1696 1883 1762 1940 ":
1776 1899 1914 1954 quos
1943 1882 2119 1938 incul-

2224 1853 2296 1945 .1;
2290 1853 2719 1960 {magna
2713 1853 2898 1956 ita;
2907 1853 3725 1966 ξαῖτῖγῖιέρξημένὶυςῗκαιὶθτος

543 1970 701 2030 patos
721 1962 792 2018 ad
811 1962 973 2019 linem
1005 1981 1176 2037 usque
1206 1977 1291 2024 est
1319 1973 1710 2042 custoditurus,
1739 1977 2118 2047 constringens

543 2065 646 2104 nos
674 2051 890 2107 vinculo
918 2055 1067 2123 pacis
1092 2066 1148 2111 et
1167 2060 1391 2124 amoris,
1426 2060 1667 2119 formans
1699 2079 1800 2120 nos
1819 2066 1875 2120 in
1905 2068 2044 2139 ipso,
2062 2079 2119 2125 et

545 2140 689 2195 inter
711 2155 926 2199 nosmet
950 2155 1141 2202 mutuo
1165 2149 1390 2206 immota
1437 2163 1493 2208 et
1537 2155 1861 2212 inconcussa
1897 2160 2118 2229 pietatis

538 2233 814 2289 sententia
849 2239 1200 2303 constitutus,
1231 2257 1391 2296 unam
1415 2253 1472 2298 et
1495 2247 1741 2303 eamdem
1757 2264 1950 2306 omnes
1969 2255 2120 2325 cogi-

542 2323 810 2380 tationem
855 2329 1140 2397 habentes,
1191 2347 1360 2387 unum
1393 2334 1660 2403 dicentes,
1700 2339 1770 2394 ad
1809 2356 1976 2397 unum
2002 2323 2122 2414 pro-

542 2425 876 2487 spectantes,
917 2423 987 2476 ad
1029 2423 1275 2478 bravium
1300 2441 1550 2497 supernae
1590 2432 1889 2489 vocationis
1930 2452 2122 2508 prope-

543 2514 758 2561 rantes:
789 2509 861 2564 ub
878 2512 1339 2582 primogenitorum
1371 2515 1608 2572 Ecclesia
1631 2531 1705 2574 est
1721 2523 1806 2577 ’δι
1843 2525 1933 2580 ubi
1971 2543 2120 2582 mar-

544 2604 723 2666 tyrum
741 2601 962 2669 chorus,
979 2606 1410 2673 patriarcharum
1443 2612 1828 2682 tabernacula;
1851 2619 1945 2673 ubi
1969 2635 2122 2676 men-

547 2691 761 2748 dacium
785 2710 892 2750 non
921 2698 1225 2753 antefertur
1255 2703 1491 2766 veritati,
1521 2721 1632 2761 non
1691 2717 1776 2763 est
1822 2714 2121 2782 contentio,

545 2786 809 2854 tyrannis,
844 2789 1069 2848 insanus
1108 2793 1288 2848 furor:
1320 2795 1414 2851 sed
1441 2797 1548 2852 alta
1581 2799 2017 2869 quies,veritatis
2043 2803 2123 2857 ir-

545 2877 858 2935 resistibilis
887 2883 1233 2952 pulchritudo
1260 2887 1410 2942 nullo
1428 2889 1657 2946 artificio
1682 2891 2118 2951 inobscuranda:

545 2969 640 3022 ubi
691 2971 868 3039 quies,
903 2989 1028 3043 pax,
1085 2979 1398 3045 concordia,
1437 2981 1720 3038 beatarum
1757 2986 2026 3042 visionum
2069 2997 2125 3044 et

545 3061 995 3121 inenarrabilium
1027 3072 1462 3138 spectaculorum
1486 3074 2119 3149 intuitus,participatio,

2222 1982 2416 2053 ἅγιον,
2458 1983 2557 2038 καὶ
2575 1983 2902 2048 ,βασίλειον
2946 1982 3265 2054 ἱεράτευμα
3319 1985 3401 2055 (ὣ
3433 1986 3530 2056 τῆς
3567 1989 3724 2057 deliros

2223 2074 2634 2146 φιλανθρωπίας
2662 2075 2702 2146 l)
2732 2074 2834 2129 καί
2869 2075 3061 2140 υἱοὺς,
3103 2075 3202 2128 καί
3227 2075 3634 2145 κληρονόμους,
3659 2079 3726 2132 καί

2221 2169 2762 2240 συγ-κληρονόμους
2788 2167 3055 2238 θέμενοςο
3086 2168 3224 2236 παρ’
3261 2186 3312 2236 φ
3342 2169 3451 2223 οὐκ
3470 2168 3590 2222 ἐστι
3619 2185 3726 2238 καρ-

2221 2260 2464 2332 αλλατὴ
2538 2259 2578 2331 ἢ
2645 2259 2876 2329 τροπῆς
2947 2260 3348 2330 ἀποσκίασμα
3393 2275 3408 2289 ·
3471 2261 3615 2325 αὐτὸς
3658 2262 3726 2327 ἕως

2221 2354 2411 2418 τέλους
2465 2353 2834 2423 ἀνεγκλήτους
2885 2353 3238 2425 συντηρήσει,
3291 2353 3596 2424 συσφίγγων
3625 2355 3728 2424 ἡμᾶς

2222 2449 2282 2502 ὲν
2312 2447 2392 2518 τῷ
2417 2447 2702 2518 συνδέσμῳ
2731 2446 2832 2516 τῆς
2857 2447 3084 2517 εἰρήνης
3116 2447 3214 2499 καὶ
3235 2445 3479 2516 ἀγάπης,
3513 2444 3726 2516 στηρίζων

2222 2543 2282 2595 ὲν
2310 2538 2459 2610 αὐτῷ
2487 2539 2583 2592 καὶ
2619 2540 2678 2592 ἐν
2711 2537 2962 2607 ἀλλήλοις
2987 2538 3045 2590 ὲν
3067 2537 3358 2608 ἀκλονήτῳ
3391 2538 3484 2590 καὶ
3507 2536 3729 2606 ἀσαλεύτῳ

2223 2633 2322 2703 τῆς
2382 2630 2670 2694 εὐσεϐείας
2715 2629 3068 2700 φρονήματι,
3121 2631 3257 2700 μίαν
3317 2630 3412 2683 καὶ
3458 2630 3551 2702 τήν
3601 2628 3725 2697 αὐτὴν

2228 2724 2463 2796 μελέτην
2495 2723 2742 2794 ἔχοντας,
2773 2720 2834 2775 ἓν
2885 2721 3168 2790 λέγοντας,
3205 2722 3346 2793 πρὸς
3382 2720 3439 2774 ἓν
3473 2719 3729 2792 ἀφορῶντας

2224 2818 2495 2884 ἅπαντας,
2527 2815 2666 2886 πρὸς
2715 2815 2780 2868 τὸ
2810 2814 3064 2886 βραϐεῖον
3097 2815 3492 2885 ἐπειγομένους
3538 2814 3621 2883 τῆς
3653 2810 3731 2865 ἄνω

2224 2909 2505 2980 κλήσεως·
2551 2907 2681 2962 ἔνθα
2719 2905 2830 2961 τῶν
2877 2907 3274 2976 πρωτοτόκων
3328 2906 3368 2974 ἡ
3427 2902 3730 2972 Ἐκκλησίσο

2225 3000 2354 3054 ἔνθα
2372 3000 2523 3072 χοροὶ
2551 2997 2846 3071 μαρτύρων
2864 3014 2879 3029 ο
2913 2995 3043 3051 ἔνθα
3075 2996 3437 3068 πατριαρχῶν
3465 2995 3518 3049 al
3551 2991 3730 3062 σκηναίο

2225 3093 2285 3147 ὲν
2313 3087 2396 3156 οἷς
2425 3093 2526 3146 οὐκ
2549 3091 2664 3145 ἔστι
2693 3089 2890 3160 ψεῦδος
2918 3089 3024 3161 πρὸ
3051 3089 3152 3160 τῆς
3174 3090 3440 3159 ἀληθείας
3458 3086 3730 3157 τιμώμενον,

544 3162 601 3210 ct
639 3155 844 3222 fruitio,
877 3159 1187 3230 adoptionis
1223 3162 1345 3219 linis
1372 3180 1482 3220 non
1508 3165 1739 3223 ulterius
1766 3180 1998 3239 speratae
2025 3171 2122 3227 sed

2225 3185 2326 3241 οὐκ
2352 3185 2492 3256 ἔρις,
2517 3184 2579 3239 οὐ
2604 3155 2883 3256 τυραννὶς,
2924 3155 3028 3236 οίικ
3064 3155 3301 3236 ἀπόνοια
3322 3196 3338 3212 ο
3384 3180 3443 3234 ὲν
3491 3155 3564 3244 οἷς
3592 3155 3732 3249 βαθεῖα

545 3247 822 3316 perfectae,
873 3252 1032 3322 cujus
1088 3261 1267 3308 tamen
1309 3255 1610 3313 etiamnum
1651 3260 1846 3317 illustri
1887 3265 2122 3334 quodam

544 3340 713 3395 modo
747 3341 1041 3413 participes
1092 3346 1284 3413 simus,
1319 3356 1544 3418 propter
1575 3367 1741 3421 quam
1772 3354 1828 3408 in
1867 3358 2126 3425 praesenti

543 3433 956 3502 persecutiones
990 3437 1248 3505 patimur,
1274 3449 1329 3494 et
1360 3441 1561 3510 captivi
1600 3445 1955 3514 abducimur;
1999 3465 2128 3520 pro-

543 3532 668 3594 pter
693 3542 854 3596 quam
873 3540 1159 3587 sexcentas
1183 3532 1540 3602 calamitates,
1566 3547 1769 3594 mortes
1789 3543 2129 3610 perpetimur

543 3619 914 3688 quotidianas,
932 3638 1068 3692 quas
1092 3624 1200 3679 laeti
1227 3625 1454 3683 ferimus
1479 3639 1702 3699 agentes
1721 3642 1985 3703 praeterea
2003 3653 2128 3708 gra-

547 3711 671 3765 tias.
707 3710 814 3767 Pro
850 3715 1058 3784 regibus
1087 3718 1348 3772 orandum
1382 3736 1512 3786 esse,
1532 3720 1751 3777 divinus
1781 3722 1980 3785 Paulus
2001 3738 2129 3786 ante

545 3816 648 3858 nos
671 3804 782 3873 jam
817 3804 946 3860 olim
1003 3807 1190 3862 docuit
1225 3808 1272 3840 "
1306 3827 1320 3865 :
1353 3817 1408 3864 et
1444 3811 1836 3883 discipulorum
1882 3833 2131 3876 summus

545 3892 741 3950 Petrus
771 3897 860 3949 ’δε
901 3895 1136 3967 Subjecti
1197 3909 1382 3967 estote,
1443 3902 1642 3974 inquit,
1693 3908 1836 3961 omni
1883 3909 2130 3965 humanm

545 4000 810 4046 creaturae
826 4000 1040 4060 propter
1065 3992 1349 4048 Dominum
1375 4011 1395 4049 :
1430 3997 1539 4051 sive
1567 4014 1662 4051 rex
1688 4000 1754 4053 sit
1773 4001 1855 4054 vel
1865 4005 2128 4070 superior.

548 4081 905 4153 lterumque:
939 4083 1130 4156 Regem
1169 4087 1423 4140 honorate
1448 4103 1468 4141 :
1506 4097 1737 4160 utroque
1783 4091 1955 4162 prior,
1981 4110 2132 4148 com-

547 4178 733 4232 munis
769 4179 860 4232 ille
881 4187 1070 4233 noster
1093 4189 1148 4234 et
1173 4178 1388 4235 illorum
1421 4179 1708 4246 Dominus,
1722 4182 1942 4250 Doctor,
1972 4185 2133 4242 Crea-

551 4276 656 4334 tor,
683 4284 712 4322 a
745 4271 1004 4325 thesauro
1034 4271 1402 4327 inaestimabili
1426 4289 1525 4328 suo
1555 4290 1779 4331 censum
1801 4277 2000 4332 Caesari
2023 4279 2131 4333 sol-

548 4377 706 4429 vens,
744 4377 912 4433 Opere
950 4375 1008 4418 et
1039 4365 1206 4420 verbo
1240 4365 1450 4430 docuit,
1485 4369 1874 4439 praerogativas
1911 4372 2129 4441 regibus

545 4455 705 4511 datas
733 4456 885 4511 dare.
921 4455 1188 4522 Quocirca
1228 4457 1372 4512 inter
1418 4460 1672 4529 mysticas
1697 4470 1752 4515 et
1791 4465 2132 4520 venerandus

547 4560 765 4605 nostras
807 4547 1110 4620 hierurgias
1135 4549 1412 4604 orationes
1437 4565 1538 4619 pro
1572 4551 1787 4622 regibus
1822 4552 2124 4610 oll'erimns.

550 4641 682 4708 Quae
697 4655 796 4711 per
813 4640 959 4708 leges
984 4639 1189 4703 debita,
1208 4655 1536 4696 conservare
1565 4641 1730 4696 illaesa
1746 4651 1801 4698 et
1818 4647 2128 4701 communi-

555 4744 632 4787 ter
653 4733 950 4797 custodire,
964 4748 1089 4804 erga
1106 4741 1325 4787 nostros
1340 4746 1370 4785 a
1385 4731 1605 4786 Christo
1623 4733 1853 4790 dilectos
1872 4752 2027 4808 reges
2043 4738 2130 4792 in-

2228 3275 2464 3346 γαλήνη,
2499 3274 2598 3329 καὶ
2637 3273 2836 3339 κάλλος
2862 3272 3129 3340 ἀληθείας
3160 3272 3453 3343 ἀμήχανον
3484 3270 3579 3324 ὑπὸ
3615 3269 3736 3340 μηδε-

2230 3367 2358 3437 μίας
2383 3365 2580 3438 τέχνης
2614 3365 3024 3436 καλυπτόμενον
3043 3380 3059 3396 ’
3086 3365 3146 3418 ὲν
3170 3357 3252 3428 οἷς
3278 3365 3470 3436 εἰρήνη
3513 3365 3638 3416 πᾶσα
3674 3361 3738 3415 καὶ

2227 3459 2470 3531 ὁμόνοια,
2500 3460 2652 3531 καὶή
2680 3459 2791 3512 τῶν
2827 3456 3118 3530 μακαρίων
3150 3457 3383 3511 ἐκείνων
3437 3459 3526 3510 καὶ
3567 3454 3737 3524 ἀδιηγή·

2227 3567 2337 3603 των
2365 3550 2653 3621 θεαμάτων
2687 3548 2786 3604 θέα
2811 3551 2906 3603 uel.
2948 3548 3150 3618 μετοχὴ
3200 3548 3303 3601 καὶ
3349 3546 3643 3608 ἀπόλαυσις,
3672 3543 3738 3594 καὶ

2228 3641 2382 3705 τέλος
2427 3641 2528 3711 τῆς
2581 3640 2858 3704 υἱοθεσίας
2884 3640 3069 3694 οὐκέτι
3118 3638 3476 3710 ὲλπιζομένη,
3525 3635 3624 3691 ἀλλ’
3669 3633 3739 3704 ήδη

2229 3731 2498 3804 λαμπρῶς
2553 3732 2930 3802 μετεχομένη’
2985 3730 3020 3803 ἡ
3077 3728 3394 3796 τελείωσις,
3441 3727 3572 3797 ὑπὲρ
3620 3720 3674 3796 ἦς
3706 3723 3740 3773 οἱ

2230 3823 2501 3893 παρόντες
2527 3819 2758 3891 διωγμοὶ
2787 3819 2881 3873 καὶ
2913 3817 3292 3890 αἰχμαλωσίαι
3316 3836 3331 3850 ·
3374 3817 3470 3872 καὶ
3518 3817 3577 3870 δι’
3605 3815 3660 3886 ήν
3695 3812 3741 3864 τὰ

2233 3913 2406 3984 μυρία
2429 3912 2602 3977 δεινὰ,
2629 3913 2721 3966 καὶ
2747 3911 2876 3976 τοὺς
2896 3911 3306 3983 καθημερινοὺς
3329 3911 3590 3971 θανάτους
3613 3905 3734 3974 εὐχα-

2233 4006 2435 4077 ρίστως
2463 4005 2557 4058 καὶ¹
2589 4003 2872 4076 χαίροντες
2906 4003 3171 4075 φέρομεν.
3207 4003 3385 4076 ’Υπὲρ
3427 4001 3486 4055 δὲ
3538 3996 3744 4070 βασιλέων

2231 4094 2491 4168 εΰχεσθαι
2522 4095 2732 4158 Παῦλος
2760 4096 2857 4165 μὲν
2887 4095 2915 4148 6
2942 4094 3242 4164 ,θεσπέσιος
3281 4094 3392 4166 πρὸ
3419 4091 3569 4164 ήμῶν
3597 4103 3746 4156 παραι-

2231 4190 2346 4244 νεῖ·
2382 4189 2477 4242 καὶ
2509 4187 2721 4258 Πέτρος
2747 4186 2804 4240 δὲ
2823 4186 2931 4240 τῶν
2962 4186 3222 4257 μαθητῶν
3247 4185 3283 4255 ή
3313 4185 3570 4257 ἀκρότηςο
3624 4180 3746 4232 Ὑπο-

2231 4279 2451 4349 τάγητε
2477 4280 2644 4348 πάσῃ
2677 4279 3022 4347 ἀνθρωπίνῃ
3050 4280 3246 4333 κτίσει
3285 4277 3387 4332 διὰ
3408 4276 3513 4331 τὸν
3558 4272 3746 4340 Κύριον,

2231 4372 2408 4440 λέγων
2432 4412 2448 4439 ,
2475 4371 2598 4425 εἶτε
2619 4369 2876 4436 ,βασιλεῖ
2897 4369 2978 4436 ὡς
3019 4367 3403 4439 ὑπερέχοντι.
3455 4365 3562 4422 Kal.
3604 4363 3743 4416 πάλιν·

2239 4465 2352 4520 Τὸν
2367 4463 2635 4529 ,ϐασιλέα
2679 4459 2913 4532 τιμᾶτεο
2963 4461 3164 4530 ἀλλάγε
3192 4461 3302 4532 πρὸ
3351 4460 3555 4514 τούτων
3582 4450 3747 4513 αὕτὺςδ

2232 4556 2412 4620 κοινὸς
2447 4554 2722 4624 Δεσπότης
2755 4555 2852 4608 καὶ
2871 4553 3198 4617 Διδάσκαλος
3229 4556 3328 4608 καὶ
3355 4549 3688 4625 Δημιουργδς,
3707 4546 3748 4596 ἐκ

2236 4645 2543 4718 παραδόξου
2599 4644 2876 4715 θησαυροῦ
2919 4645 3120 4716 κήνσον
3165 4645 3398 4708 τελέσας
3461 4643 3538 4713 τῷ
3563 4639 3747 4704 Καίσαρι

2235 4739 2383 4811 ἔργῳ
2414 4740 2508 4792 καὶ
2528 4738 2678 4808 νόμῳ
2708 4738 2779 4791 τὰ
2813 4737 3087 4808 προνόμια
3112 4737 3297 4804 νέμειν
3327 4736 3471 4807 ἀπερ
3499 4733 3749 4803 ἀφώρισται

553 4826 803 4880 stitutum
821 4833 904 4880 est
921 4824 1034 4878 Deo
1053 4833 1288 4896 gratum,
1300 4832 1358 4878 et
1374 4824 1532 4879 nobis
1549 4828 2123 4896 congruentissimum.

2232 4834 2348 4894 τοῖς
2391 4828 2704 4901 βασιλεῦσιν
2743 4827 3094 4894 ὲξεπαίδευσε
3117 4841 3132 4858 °
3166 4828 3249 4881 διὸ
3307 4827 3406 4880 καὶ
3454 4827 3570 4888 ταῖς
3608 4837 3750 4892 μυστι-

554 4924 676 4981 καῖς
707 4920 865 4989 ἡμῶν
905 4921 1002 4974 καὶ
1044 4921 1302 4992 φρικταῖς
1353 4920 1712 4991 ἱερουργίαις,
1757 4923 1922 4993 εὐχὰς
1969 4925 2108 4999 ὑπὲρ
2175 4927 2438 4999 βασιλέων
2489 4925 2862 4996 ἀναφέρομεν·
2893 4924 2932 4979 ἀ
2981 4925 3047 4996 δή
3090 4926 3364 4996 προνόμια
3403 4922 3668 4993 συντηρεῖν
3687 4915 3753 4970 καὶ

556 5012 941 5076 συνδιασώζειν
969 5017 1064 5069 καὶ
1101 5017 1212 5079 τοῖς
1232 5013 1602 5084 φιλοχρίστοις
1624 5015 1782 5087 ήμῶν
1825 5017 2105 5089 βασιλεῦσι
2130 5023 2336 5080 δίκαιόν
2355 5041 2416 5078 τε
2444 5023 2541 5078 καὶ
2573 5022 2725 5092 φίλον
2748 5020 2892 5092 Θεῷ,
2921 5023 3019 5075 καὶ
3060 5023 3194 5094 ήμῖν
3235 5017 3647 5094 ἁρμοδιώτατον.

1155 5131 1377 5190 EPIST.
1411 5133 1527 5190 XV.

556 5224 632 5280 Ab
688 5222 871 5279 exsilio
890 5262 907 5290 ,
939 5225 1012 5279 ad
1062 5226 1603 5351 episcopposnegzmilem
1648 5243 1832 5297 passos
1884 5246 2132 5299 persecu—

633 5388 948 5445 Persecutio
973 5390 1170 5460 gravis,
1199 5390 1296 5446 sed
1318 5390 1535 5446 Domini
1572 5391 1882 5448 benedictio
1902 5393 2087 5450 suavis
2112 5410 2126 5446 :

556 5483 810 5540 exsilium
842 5480 1080 5547 diﬂicile,
1116 5482 1213 5538 sed
1239 5482 1538 5552 jucundum
1583 5499 1808 5554 regnum
1835 5485 2128 5541 caelorum;

557 5576 713 5634 Beati
732 5579 1137 5646 persecutionem
1157 5579 1299 5648 passi
1319 5590 1529 5648 propter
1555 5579 1842 5648 justitiam,
1873 5581 1996 5651 quia
2016 5577 2136 5632 illo-

2832 5139 3062 5196 ΕΠΙΣΤ.
3098 5139 3207 5196 ΙΕ’.

2245 5233 2382 5290 Ἀπὸ
2417 5231 2531 5304 τῆς
2549 5234 2874 5308 ὑπερορίας
2917 5233 3047 5357 to};
3095 5229 3625 5302 συνδεδιωκμένοις
3657 5223 3753 5279 ἐπι·

2882 5319 2965 5357 σκ
3051 5322 3163 5357 Ott.

2882 5319 3163 5370 σκοποις.

2320 5396 2380 5452 Ὃ
2413 5396 2653 5467 διωγμὸς
2687 5397 2889 5469 βαρὺς,
2921 5396 3038 5449 ἀλλ’
3083 5397 3112 5448 6
3157 5393 3255 5449 τοῦ
3299 5393 3566 5447 Δεσπότου
3612 5400 3755 5459 μακα-

2237 5489 2432 5561 ρισμὸς
2462 5489 2592 5560 ήδύς
2611 5505 2624 5518 ⁸
2656 5488 2690 5558 ἡ
2721 5486 2986 5558 ὑπερορία
3007 5486 3238 5557 χαλεπὴ.
3266 5483 3386 5540 ἀλλ’
3422 5486 3456 5556 ή
3484 5482 3588 5536 τῶν
3623 5479 3754 5534 οὐρα·

2237 5579 2342 5634 νῶν
2400 5578 2646 5649 βασιλεία
2694 5579 2924 5650 τερπνὴ.
2982 5575 3274 5644 Μακάριοι
3323 5577 3382 5628 oi
3429 5565 3752 5640 δεδιωγμένοι

639 5681 684 5774 ἦ
714 5733 733 5790 Ι
761 5735 922 5793 Joan.
951 5753 1014 5801 ιι,
1045 5736 1135 5802 27,
1175 5736 1268 5792 28.
1343 5736 1389 5770 ⁸³
1425 5736 1548 5792 Act.
1575 5752 1705 5802 xvu,
1738 5735 1830 5792 28.
1911 5737 1957 5767 ³⁸
1991 5737 2013 5794 ι
2043 5736 2123 5793 Ροῑ

2233 5753 2290 5804 ιι,
2318 5736 2370 5794 9.
2449 5738 2494 5771 ³⁵
2521 5734 2660 5792 Osce
2688 5752 2788 5794 xxv.
2825 5737 2878 5794 8.
2957 5736 3003 5769 "
3033 5734 3199 5792 Hebr.
3231 5749 3324 5799 xu,
3364 5731 3457 5789 23.
3528 5725 3574 5762 ³⁷
3600 5725 3620 5782 ι
3644 5720 3750 5776 Tim~

565 5821 630 5871 II.
653 5813 707 5866 2.
783 5809 828 5842 ’⁸
859 5809 880 5864 l
911 5808 1056 5864 Petr.
1087 5824 1148 5880 ιι,
1181 5808 1269 5862 13.
