3930 6436
212 384 323 491 765

1361 430 1480 491 ΕΡ]
1492 430 1901 493 STOLARUM
1940 432 2171 495 LIBER
2213 433 2266 496 Ι.

3364 432 3475 497 766

209 539 425 594 ἕνεκεν
452 540 863 608 δικαιοσύνης,
901 544 990 596 ὅτι
1018 542 1219 597 αὐτῶν
1244 543 1415 597 ἐστιν
1434 546 1473 614 ἡ
1491 546 1781 609 βασιλεία

1888 563 2004 599 rum
2068 555 2142 600 est
2206 562 2423 615 regnum
2472 546 2830 600 actorum”:
2896 542 3220 598 aﬂlictiones
3268 543 3474 604 multo,

210 629 331 683 τῶν
358 630 661 699 οὐρανῶν-ο
695 634 889 685 πολλαὶ
916 635 973 686 αἱ
1011 634 1245 704 θλίψεις,
1283 639 1375 687 καὶ
1413 638 1593 690 πᾶσαν
1619 638 1785 709 ὑπερ-

212 722 541 792 ϐαλλόμεναι
571 723 951 795 χαλεπότητα·
995 726 1112 780 ἀλλ’
1169 728 1202 797 ὴ
1242 727 1450 779 ἐκεῖθεν
1496 728 1642 799 χαρὰ
1690 731 1787 782 καὶ

210 813 554 881 ἀγαλλίασις,
616 815 677 868 οὐ
751 816 913 885 μόνον
966 814 1249 885 κουφίζειν
1289 813 1431 871 οἶδεν
1476 819 1655 873 αὐτῶν
1686 819 1787 889 τὴν

210 901 521 973 δριμύτητα
540 946 555 972 ,
589 904 725 958 ἀλλά
756 906 867 968 τοῖς
898 908 1036 977 πρὸς
1066 906 1282 970 ἐλπίδας
1306 907 1406 970 τὰς
1432 908 1546 962 ἄνω
1587 908 1785 978 βιοῦσι,

211 995 310 1046 καὶ
334 995 415 1057 είς
438 996 705 1063 εὐθυμίας
747 997 1003 1050 ὑπόθεσιν
1032 998 1171 1051 αύτά
1214 998 1563 1069 μετατίθησιν
1588 1015 1602 1028 ·
1651 1000 1789 1071 ἐχώ-

213 1080 358 1151 μεθα
436 1085 731 1156 τοιγαροῦν
804 1084 913 1139 τῶν
968 1086 1169 1154 ἄθλων,
1220 1089 1309 1143 ἶνα
1361 1089 1615 1161 τύχωμεν
1676 1092 1787 1145 τῶν

209 1173 498 1229 ἐπάθλων·
535 1176 620 1231 ἵνα
644 1177 873 1247 γένηται
906 1181 1000 1234 καὶ
1030 1182 1164 1251 ἡμῖν
1200 1180 1341 1251 μετά
1372 1181 1586 1237 Παύλου
1614 1183 1743 1254 βοᾷν
1769 1200 1784 1215 ·

212 1266 331 1321 Τὸν
348 1267 547 1337 ἀγῶνα
603 1270 712 1324 τὸν
762 1274 957 1327 καλὸν
996 1274 1353 1344 ἠγώνισμαι,
1414 1277 1524 1330 τὸν
1565 1276 1788 1347 δρόμον

206 1359 514 1427 τετέλεκα,
528 1362 645 1430 τὴν
661 1366 867 1418 πίστιν
886 1367 1181 1436 τετήρηκα
1198 1385 1211 1399 ⁸
1243 1370 1463 1423 λοιπὸν
1478 1369 1789 1425 ἀπόκειταί

200 1469 310 1521 μοι
338 1457 371 1508 ὁ
395 1453 504 1523 τῆς
534 1455 930 1525 δικαιοσύνης
955 1459 1278 1528 στέφανος.
1334 1460 1399 1512 Τί
1451 1460 1657 1532 ταύτης
1688 1462 1787 1531 τῆς

207 1544 482 1598 ἐπινικίου
533 1548 719 1619 φωνῆς
768 1550 1030 1622 ἡδύτερον
1082 1553 1116 1624 ἢ
1168 1554 1559 1625 χαριέστερον;
1623 1555 1679 1606 τί
1729 1555 1788 1607 δὲ

205 1635 598 1707 καταισχύνειν
626 1640 717 1693 τὸν
742 1642 923 1695 κοινὸν
946 1641 1041 1697 τοῦ
1085 1645 1278 1713 γένους
1319 1645 1512 1715 ἐχθρὸν
1545 1645 1787 1700 δυνατὼ-

201 1741 410 1798 τερον;
446 1728 561 1783 Τὸν
592 1730 816 1802 δρόμον
851 1735 1169 1792 τετέλεκα·
1199 1738 1316 1805 τὴν
1366 1738 1579 1793 πίστιν
1616 1740 1786 1807 τετή-

192 1836 363 1885 ρηκα
395 1835 409 1848 ·
440 1824 660 1877 λοιπὸν
690 1825 1004 1880 ἀπόκειταί
1025 1846 1128 1897 μοι
1170 1831 1204 1883 d
1233 1828 1344 1899 τῆς
1386 1830 1782 1901 δικαιοσύνης

1894 652 2110 692 omnem
2133 637 2458 691 excedentcs
2473 634 2810 704 gravitatem,
2830 634 2921 687 sed
2946 649 2974 686 a
2991 632 3128 686 caalo
3145 632 3397 702 gaudium
3420 642 3477 684 et

1894 728 2187 782 exsultatio
2210 743 2321 780 non
2349 726 2513 780 modo
2538 724 2893 779 acerbitatem
2937 724 3154 777 illarum
3178 722 3471 776 alleviant:

1894 821 1987 876 sed
2022 820 2093 873 ita
2116 820 2426 882 immutant,
2451 818 2635 872 utsint
2660 817 2837 871 solatii
2863 826 3250 887 argumentum
3277 813 3476 883 iis,qui

1894 912 2083 967 vivunt
2119 910 2421 964 secundum
2462 924 2588 979 spes
2624 922 2893 977 supernas
2935 924 2947 959 :
2989 907 3246 977 quocirca
3283 916 3467 960 certa-

1894 1003 2041 1057 mina
2064 1004 2379 1065 subeamus,
2417 1010 2477 1054 ut
2519 1015 2924 1069 consequamur
2950 1000 3197 1069 praemia,
3241 1007 3302 1052 ut
3345 1013 3472 1052 eum

1894 1095 2064 1150 Paulo
2088 1095 2325 1149 clamare
2351 1092 2624 1163 possimus
2656 1108 2671 1147 :
2717 1090 2924 1145 Bonum
2955 1103 3220 1145 certamen
3249 1090 3472 1153 rertavi,

1894 1205 2107 1242 cursum
2147 1186 2376 1257 confeci,
2428 1184 2587 1253 ﬁdem
2642 1184 2877 1247 servavi;
2910 1184 2973 1236 de
3017 1194 3202 1236 caetero
3246 1183 3475 1251 reposita

1895 1280 2023 1333 mihi
2042 1289 2116 1333 est
2137 1278 2366 1348 justitiw
2393 1293 2588 1331 corona
2620 1276 2685 1327 ³⁸.
2711 1274 2820 1329 Hac
2854 1290 2988 1329 voce
3020 1274 3356 1343 triumphali,
3386 1288 3475 1327 ee-

1894 1372 2022 1441 quid
2065 1370 2308 1433 suavius,
2352 1377 2449 1423 aut
2488 1368 2723 1437 amplius
2764 1367 2870 1421 erit
2908 1384 2922 1420 :
2954 1366 3151 1435 ecquid
3194 1366 3365 1436 magis
3414 1365 3474 1418 in

1894 1465 2138 1520 dedecus
2181 1464 2490 1519 communis
2534 1462 2753 1535 generis
2781 1460 3008 1515 humani
3053 1459 3229 1513 hostis
3269 1459 3471 1513 cedat:

1894 1556 2121 1612 Cursum
2176 1559 2404 1629 perfeci,
2450 1557 2606 1626 ﬁdem
2659 1554 2897 1620 servavi,
2957 1554 3197 1622 deinceps
3241 1551 3473 1619 reposita

1893 1653 2022 1706 mihi
2037 1651 2267 1720 justitiw
2293 1664 2519 1703 corona:
2549 1664 2650 1702 vox
2673 1655 2777 1708 est,
2797 1660 2919 1714 qua:
2941 1644 3283 1698 turbulentas
3307 1657 3473 1711 quas—

1894 1746 1978 1799 vis
2004 1744 2157 1799 sedet
2189 1751 2561 1810 tempestates,
2594 1756 2715 1810 qua
2750 1740 2977 1809 gratiam
3005 1736 3304 1806 spiritualis
3334 1750 3471 1805 gau-

1895 1838 1970 1894 dii
1993 1846 2264 1908 suggerat,
2294 1842 2673 1905 persecutores
2694 1831 2956 1886 attouitos
2977 1829 3189 1891 reddat,
3213 1843 3474 1898 persecu—

197 1915 529 1981 στέςρανος.
560 1916 625 1971 Ὢ
657 1921 840 1990 φωνῆς
864 1920 1081 1993 ἁπάσης
1104 1921 1282 1994 λύπης
1317 1924 1487 1994 ζάλην
1526 1944 1781 1981 κατακοι-

1892 1931 2095 1986 tionem
2123 1944 2314 1998 passos
2345 1934 2573 1982 coronet
2596 1964 2611 1987 ,
2640 1924 2886 1979 inﬁrmos
2913 1921 3253 1985 corroboret,
3322 1919 3477 1988 deje-

198 2004 473 2077 μιςούσης
508 2009 710 2078 μᾶλλον
733 2011 790 2064 δὲ
814 2013 998 2081 πάσης
1029 2018 1411 2088 πνευματικῆς
1435 2018 1780 2090 εὐφροσύνης

195 2097 367 2168 χάριν
382 2100 841 2175 ἐπιχορηγούσης,
860 2107 986 2170 τοὺς
1005 2106 1237 2173 διώκτας
1256 2110 1334 2173 είς
1352 2110 1613 2182 ἔκπληξιν
1630 2112 1781 2165 ἀντι-

1890 2035 2012 2079 ctos
2088 2021 2401 2077 resuscitet.
2464 2017 2615 2071 Hanc
2662 2032 2784 2087 ego,
2817 2015 2863 2070 si
2919 2013 3103 2069 verbis
3146 2012 3284 2066 meis
3327 2012 3472 2066 facta

1879 2114 2273 2185 respondeant,
2321 2111 2637 2166 felicitatem
2687 2122 3144 2181 eonsequar,una
3182 2106 3468 2160 vobiscum

196 2189 305 2257 μεθ
315 2191 575 2263 ιστώσης,
595 2197 721 2260 τοὺς
737 2196 1101 2270 διωκομένους
1126 2201 1518 2274 στεφανούσης,
1536 2202 1781 2268 ἀσθενεῖς

1888 2206 2139 2277 praeclare
2158 2218 2370 2259 meeum
2410 2203 2878 2265 concertantibus,
2899 2217 2996 2273 per
3017 2197 3471 2253 intercessionem

192 2282 717 2359 ἀναῤῥωννυούσης,
756 2291 882 2353 τοὺς
908 2294 1389 2365 κατερραγμένους
1409 2294 1778 2365 ἀνορθούσηςί

1888 2298 2221 2355 sanctissime
2252 2297 2496 2352 Dominae
2520 2306 2725 2352 nostra:
2753 2297 3021 2367 Deiparaa,
3050 2301 3106 2349 et
3148 2299 3470 2347 sanctorum

188 2374 407 2445 ταύτην
438 2378 533 2431 καὶ
559 2378 672 2448 ἐγὼ
701 2380 812 2435 τῶν
844 2381 1022 2454 ἔργων
1064 2403 1155 2455 μοι
1186 2390 1299 2449 τοῖς
1335 2387 1514 2457 λόγοις
1541 2405 1784 2459 συνυπη-

1882 2390 2149 2446 omnium.
2184 2390 2380 2445 Amen.

188 2466 442 2535 χούντων
474 2471 765 2546 ἀξιωθείην
795 2475 913 2547 ἅμα
947 2479 1077 2549 ὑμῖν
1125 2482 1238 2544 τοῖς
1268 2481 1455 2545 καλοῖς
1491 2482 1774 2546 συνάθλοις
1812 2481 1871 2537 ἐν
1934 2482 2130 2555 Κυρίῳ
2164 2481 2614 2553 ἀναφθέγξασθαι
2637 2478 2958 2553 πρεσϐείαις
3026 2478 3127 2549 τῆς
3158 2471 3467 2544 ὑπεραγίας

183 2562 497 2636 Δεσποίνης
518 2563 681 2636 ἡμῶν
713 2566 999 2635 Θεοτόκου,
1028 2572 1127 2625 καὶ
1174 2572 1392 2626 πάντων
1430 2572 1540 2626 τῶν
1576 2573 1772 2643 ἁγίων.
1824 2573 2021 2646 Ἀμήν.

797 2730 1022 2786 eum.
1056 2730 1174 2800 ις’.

187 2836 284 2904 Τῷ
316 2839 732 2907 εὐσεϐεστάτῳ
757 2841 857 2896 καί
893 2842 1137 2914 μεγάλῳ
1168 2844 1425 2910 ,βασιλεῖ
1451 2845 1776 2910 Βασιλείφ.

266 2954 562 3021 ’Δκουσον,
595 2950 641 3010 ὦ
674 2957 1162 3030 φιλανθρωπότατε
1212 2957 1436 3029 βασιλεῦ
1460 2970 1507 3025 ο,
1542 2960 1605 3013 οὐ
1641 2976 1778 3029 προ-

2474 2726 2693 2783 EPIST.
2722 2726 2863 2783 XVI.

2192 2844 2415 2899 Piisimo
2432 2853 2479 2899 et
2494 2845 2727 2899 maximo
2766 2845 2872 2915 regi
2894 2842 3116 2897 Basilio.

1945 2958 2089 3016 Audi
2108 2968 2311 3025 autem,
2327 2959 2719 3014 humanissime
2745 2958 3060 3029 imperator,
3075 2971 3185 3011 non
3202 2969 3302 3026 ego
3322 2969 3472 3009 nunc

179 3045 467 3118 ϐαλλομαι
491 3049 588 3103 νῦν
621 3050 857 3103 παλαιὰν
883 3050 1065 3119 φιλίαν
1085 3068 1099 3081 ·
1147 3050 1213 3103 οὐ
1243 3048 1540 3121 φρικώδεις
1574 3050 1775 3119 ὅρκους

1888 3050 2051 3122 allego
2070 3060 2310 3106 veterem
2328 3061 2571 3106 nostram
2595 3050 2918 3115 amicitiam;
2942 3064 3052 3103 non
3086 3048 3362 3102 tremenda
3379 3045 3471 3116 jn-

182 3142 295 3194 καὶ⁵
330 3142 605 3213 συνθήκας
633 3158 646 3172 ’
666 3144 728 3195 οὺ
749 3143 960 3214 χρίσμα
976 3147 1071 3198 καί
1094 3142 1437 3214 χειροθεσίαν
1460 3141 1769 3212 βασιλείας’

180 3233 297 3302 οὐχ
332 3233 417 3285 ὅτι
439 3236 561 3298 ταῖς
590 3236 889 3307 ἡμετέραις
920 3237 1080 3307 χερσὶ
1106 3233 1372 3307 προσιὼν,
1402 3235 1513 3289 τῶν
1534 3235 1783 3306 φρικτῶν

186 3328 291 3378 καὶ
316 3326 605 3396 ἀχράντων
639 3331 888 3399 μετεῖχες
910 3328 1228 3401 μυστηρίων
1251 3344 1266 3359 ·
1296 3328 1419 3382 οὐδὲ
1437 3328 1532 3382 τὸν
1557 3328 1780 3398 δεσμὸν,

180 3414 257 3474 ὃν
283 3415 306 3460 τ
345 3418 493 3490 ἡμᾶς
518 3419 555 3489 ή
583 3417 682 3473 τοῦ
712 3417 880 3473 καλοῦ
929 3418 1123 3482 παιδὸς
1172 3418 1415 3472 υἱοθεσία
1454 3418 1743 3489 συνέδησεν
1764 3435 1781 3451 ο

183 3509 355 3565 οὐδὲν
379 3511 589 3564 τούτων
617 3511 796 3580 λέγω·
831 3510 969 3565 ἀλλά
994 3510 1066 3564 τὰ
1110 3509 1267 3564 κοινά
1314 3507 1428 3562 τῶν
1479 3508 1785 3581 ἀνθρώπων

188 3608 473 3677 προτείνω
494 3624 577 3660 σοι
601 3607 811 3662 δίκαια.
844 3606 1055 3671 Πάντες
1071 3606 1203 3678 γὰρ,
1243 3606 1339 3659 καὶ
1366 3604 1662 3678 βαρϐάρων
1690 3606 1784 3659 καὶ

204 3698 508 3769 Ἑλλήνων,
537 3696 631 3762 οὓς
668 3698 1025 3769 μὲνθανάτου
1058 3697 1328 3771 κρίνουσι,
1378 3696 1475 3751 τοῦ
1530 3696 1646 3768 βίου
1696 3696 1785 3762 ἐξ·

192 3791 469 3861 άγουσιν·
500 3790 595 3856 οὓς
628 3792 685 3846 δὲ
724 3792 825 3863 ζῇν
873 3793 1025 3858 ἐῶσι,
1057 3792 1387 3865 λιμαγχονίᾳ
1417 3793 1512 3845 καὶ
1567 3792 1785 3863 μυρίοις

190 3886 384 3949 ἄλλοις
412 3887 603 3949 κακοῖς
638 3884 822 3939 θανεῖν
853 3886 915 3938 οὐ
968 3884 1282 3955 βιάζονται’
1325 3885 1523 3955 Ἡμεῖς
1561 3884 1627 3955 δὴ
1666 3884 1782 3955 βίον

190 3976 431 4047 βιοῦμεν
460 3977 694 4031 θανάτου
725 3977 1053 4050 πικρότερον
1078 3993 1095 4008 ο
1126 3977 1616 4049 ἠχμαλωτίσμεθα,
1649 3978 1784 4031 πάν-

186 4068 311 4121 ⁴τῶν
334 4068 712 4141 ἐστερήμεθα,
768 4068 1071 4137 συγγενῶν,
1141 4069 1452 4139 ὑπηρετῶν,
1510 4070 1780 4140 συνήθων,

189 4159 389 4229 πάσης
448 4160 639 4225 ἁπλῶς
701 4161 1053 4231 ἀνθρωπίνης
1093 4159 1417 4231 θεραπείας.
1472 4160 1584 4214 Καί
1632 4177 1783 4229 τοιγε

188 4250 417 4313 Παῦλος
444 4253 473 4305 ὁ
496 4252 661 4318 θεῖος,
692 4253 1095 4324 περιαγόμενος
1115 4252 1356 4323 δέσμιος,
1383 4253 1487 4323 τῆς
1520 4252 1633 4308 ἀπὸ
1670 4254 1780 4306 τῶν

184 4345 497 4416 γνωρίμων
552 4346 648 4398 καὶ
710 4346 956 4417 συνήθων
989 4344 1290 4415 θεραπείας
1344 4344 1645 4399 ἀπολαύειν
1682 4345 1783 4398 οὐκ

1884 3153 2150 3211 ramenta,
2172 3154 2227 3199 et
2266 3144 2644 3215 stipulationes
2690 3142 3215 3208 initas;unctionem
3275 3149 3331 3193 et
3352 3155 3470 3193 ma-

1884 3252 2055 3291 nuum
2074 3236 2474 3307 impositionem
2489 3236 2712 3307 regiam;
2730 3250 2837 3289 non
2849 3233 2992 3304 quod
3006 3232 3256 3287 manibus
3267 3232 3471 3285 nostris

1893 3327 2167 3393 subditus,
2213 3337 2684 3383 sacramentorum
2724 3326 2939 3381 illorum
2972 3324 3398 3379 reverendorum
3416 3330 3472 3377 et

1885 3417 2363 3474 immaculatorum
2383 3417 2534 3472 fuisti
2556 3416 2829 3487 particeps
2849 3414 3048 3479 factus,
3065 3428 3175 3467 non
3198 3411 3330 3465 illud
3348 3410 3470 3463 vin-

1886 3511 2070 3567 culum
2113 3524 2223 3581 quo
2254 3524 2358 3564 nos
2395 3509 2490 3565 ﬁlii
2527 3508 2748 3579 optimae
2780 3506 2897 3577 spei
2926 3505 3145 3574 adoptio
3172 3502 3466 3573 copulavit.

1885 3604 2093 3660 Horum
2126 3603 2268 3666 nihil.
2292 3616 2700 3668 commemoro;
2722 3600 2820 3655 sed
2843 3598 3099 3655 omnibus
3119 3610 3471 3650 communem

1884 3697 2196 3767 aequitatem
2215 3695 2312 3751 tibi
2330 3694 2583 3766 praefero.
2605 3691 2810 3748 Omnes
2838 3700 2987 3746 certe
3000 3704 3124 3743 cum
3150 3687 3325 3743 Graeci
3352 3694 3469 3740 tum

1886 3788 2050 3844 etiam
2084 3786 2330 3849 Barbari,
2372 3786 2417 3840 si
2451 3783 2740 3855 capitalem
2774 3784 2831 3837 in
2868 3780 3102 3849 aliquem
3138 3776 3468 3833 sententiam

1884 3889 2147 3944 statuant,
2171 3880 2281 3935 vita
2304 3878 2556 3949 privant;
2592 3877 2791 3947 quibus
2812 3883 2993 3929 autem
3026 3871 3211 3926 vivere
3237 3868 3468 3939 permit-

1885 3982 2026 4039 tant,
2067 3974 2400 4044 eompellant
2442 3971 2584 4026 fame
2622 3978 2871 4033 enectos,
2917 3977 2974 4023 et
3011 3967 3158 4020 mille
3191 3964 3313 4018 aliis
3346 3977 3467 4016 ma-

1883 4066 1953 4122 lis
1971 4067 2163 4121 emori.
2195 4065 2296 4120 Ast
2321 4080 2421 4136 ego
2460 4064 2584 4119 vivo
2612 4063 2779 4118 vitam
2799 4061 2989 4131 quavis
3009 4065 3184 4113 morte
3218 4054 3467 4110 acerbio-

1885 4173 2029 4212 rem:
2047 4158 2099 4211 in
2120 4157 2487 4227 captivitatem
2500 4154 2789 4219 abductus,
2802 4153 2966 4208 rebus
2988 4148 3244 4205 omnibus
3255 4162 3426 4202 exuor
3450 4162 3465 4199 :

1884 4249 2151 4319 cognatis,
2200 4249 2428 4313 familia,
2477 4248 2690 4313 amicis,
2709 4246 2859 4302 omni
2889 4243 3203 4301 omnimodo
3226 4243 3468 4296 humano

1889 4344 2215 4399 ministerio.
2249 4344 2321 4398 At
2364 4352 2514 4398 certe
2559 4342 2781 4397 divinus
2818 4339 3019 4394 Paulus
3048 4354 3173 4393 cum
3218 4336 3468 4406 captivus

184 4437 474 4491 ἐκωλύετο
493 4453 508 4467 °
537 4438 676 4491 ἀλλὰ
714 4437 809 4491 καί
838 4454 920 4490 τοι
948 4437 1049 4507 τὴν
1087 4438 1180 4490 ἐπὶ
1233 4436 1449 4507 θανάτῳ
1483 4437 1772 4507 ἀγόμενος,

1888 4438 2403 4503 circumduceretur,
2449 4452 2560 4490 non
2625 4444 2811 4490 tamen
2850 4433 3251 4505 prohibebatur
3302 4429 3465 4485 fami-

182 4530 551 4601 ἀνθρωπίνης
576 4530 671 4583 καὶ
692 4530 844 4601 παρά
862 4528 972 4583 τῶν
992 4530 1359 4599 μισοχρίστων
1391 4528 1776 4600 Ἑλληνιστῶν,

184 4620 500 4690 ἐτύγχανεν
521 4621 884 4692 ἡμερότητος.
931 4621 1073 4674 Ἀλλ’
1101 4621 1233 4684 ἴσως
1261 4624 1289 4675 ὀ
1324 4620 1534 4691 μακρὸς
1561 4621 1774 4692 χρόνος,

183 4714 242 4766 εξ
274 4713 372 4766 καὶ
404 4714 479 4783 μὴ
506 4714 790 4785 ἀρχιερεῖς
814 4713 976 4779 Θεοῦ,
1007 4714 1121 4767 ἀλλ’
1144 4710 1238 4767 οῦν
1268 4713 1334 4783 γέ
1357 4730 1509 4771 τινας
1535 4730 1778 4783 κακουρ-

182 4805 353 4873 γοὺς,
383 4803 609 4859 τοιαῦτα
646 4805 890 4859 δείκνυσι
918 4806 1261 4869 πεπονθότας
1282 4822 1297 4837 °
1332 4805 1450 4859 ἀλλ’
1494 4808 1578 4861 ὅτι
1622 4808 1779 4859 ἐστε-

186 4896 450 4969 ρήθημεν
478 4898 572 4951 καὶ
609 4897 852 4967 βιϐλίων,
885 4899 1073 4953 καινὸν
1098 4898 1257 4953 τοῦτο
1301 4900 1397 4953 καὶ
1451 4899 1776 4970 παράδοξον,

183 4990 295 5042 καὶ
348 4990 443 5042 νέα
498 4989 622 5043 καθ’
678 4990 838 5060 ἡμῶν
896 4991 1295 5061 ἐπινενσημὲνη
1360 4992 1637 5061 τιμωρίαο
1690 4992 1780 5044 ἵνα

180 5082 245 5135 τί
288 5080 534 5150 γίνεται;
595 5084 684 5138 ἵνα
735 5084 811 5155 μὴ
844 5085 1135 5154 ἀκούωμεν
1176 5084 1314 5154 μηδὲ
1358 5083 1517 5153 λόγον
1546 5085 1776 5155 Κυρίου.

186 5173 290 5245 Μὴ
321 5174 533 5243 γένοιτο
561 5176 654 5229 ἐπὶ
680 5176 784 5245 τῆς
815 5176 914 5245 σῆς
942 5176 1225 5245 βασιλείας
1274 5177 1481 5248 ταύτην
1508 5178 1609 5248 τὴν
1639 5178 1781 5249 ἀρὰν

182 5265 573 5336 πληρωθῆναι,
607 5267 688 5319 ὅτι
733 5269 948 5322 Ἔσται
970 5268 1041 5321 ἐν
1078 5268 1207 5335 ταῖς
1234 5268 1484 5338 ἡμέραις
1518 5270 1780 5336 ἐκείναις

179 5353 373 5422 λιμὸς
404 5352 610 5423 ἄρτου,
648 5356 745 5410 καί
774 5359 951 5425 λιμὸς
984 5358 1093 5413 τοῦ
1128 5358 1389 5414 ἀκοῦσαι
1427 5362 1616 5431 λόγον
1664 5365 1775 5415 Κυ-

170 5446 352 5516 ρίου.
387 5446 488 5501 Διά
518 5446 573 5499 τί
603 5446 712 5518 γὰρ
741 5448 899 5518 ήμῶν
926 5449 1181 5521 ἀφῃρέθη
1205 5451 1279 5504 τὰ
1311 5450 1529 5521 βιϐλίας
1580 5453 1640 5504 Ei
1673 5453 1775 5521 μὲν

260 5610 311 5643 ³⁸
351 5607 544 5664 Matth.
571 5627 625 5677 v,
660 5609 745 5666 10.
823 5611 868 5644 ³ο
897 5612 944 5668 ll
992 5611 1135 5670 Tim.
1174 5632 1251 5682 IV,
1291 5614 1347 5683 7,

1887 4530 2112 4585 liarium
2147 4529 2388 4584 omeiosa
2411 4543 2563 4592 cura,
2587 4537 2644 4583 et
2678 4528 3021 4598 cognitorum
3056 4543 3067 4578 :
3106 4524 3216 4577 imo
3246 4536 3371 4577 cum
3396 4520 3465 4574 ad

1884 4623 2117 4693 capitale
2143 4621 2472 4693 supplicium
2510 4622 2826 4683 duceretur,
2864 4618 3260 4672 humanitatem
3299 4627 3465 4680 expe-

1887 4716 2131 4771 riebatur
2173 4730 2206 4769 a
2242 4714 2489 4786 paganis,
2520 4722 2577 4768 et
2602 4712 2803 4767 Christi
2843 4725 3045 4766 nomen
3085 4708 3326 4763 invisum
3364 4705 3465 4758 ha-

1885 4807 2167 4863 bentibus.
2230 4805 2425 4861 Verum
2477 4804 2725 4860 fortassis
2772 4802 3033 4873 temporis
3097 4797 3460 4859 diuturnitas,

1886 4899 2014 4954 licet
2038 4898 2455 4967 haudquaquam
2484 4895 2955 4951 archisacerdotes
2981 4892 3101 4955 Dei,
3135 4900 3320 4945 tamen
3353 4888 3460 4942 im-

1885 4992 2159 5063 probitate
2210 4999 2392 5055 nolos,
2436 4988 2815 5059 hujuscemodi
2843 4987 3005 5041 docet
3035 4981 3349 5055 pertulisse.
3394 4981 3466 5033 At

1879 5099 1981 5138 nos
2008 5083 2175 5137 etiam
2205 5082 2359 5137 libris
2382 5081 2683 5151 privamur,
2713 5089 2770 5133 et
2815 5080 2919 5133 hoc
2952 5086 3102 5133 certe
3134 5089 3365 5139 novum,
3408 5080 3467 5127 et

1879 5175 2233 5245 paradoxum,
2265 5190 2457 5230 recens
2488 5173 2542 5227 in
2576 5187 2664 5227 me
2692 5173 3063 5242 excogitatum
3101 5168 3461 5239 supplicium.

1879 5268 1938 5322 ln
1983 5283 2146 5337 quem
2189 5282 2353 5337 porro
2406 5268 2615 5323 tinem?
2660 5281 2809 5322 certe
2852 5280 2921 5318 ne
2966 5264 3196 5319 verbum
3244 5257 3460 5315 Demini

1877 5361 2213 5415 audiremus.
2241 5360 2400 5414 Absit
2432 5371 2637 5426 autem,
2666 5368 2729 5414 ut
2766 5359 2823 5413 in
2867 5357 3062 5414 diebus
3095 5352 3308 5423 imperii
3357 5350 3460 5414 tui,

1876 5454 1965 5509 illa
1990 5453 2295 5510 exsecratio
2343 5452 2508 5509 ﬁnem
2562 5453 2863 5510 sortiatur:
2906 5451 3026 5507 Erit
3057 5450 3114 5505 in
3141 5446 3324 5503 diebus
3353 5444 3465 5498 illis

1466 5770 1703 5828 νΑιιιίΕ
1745 5773 2150 5831 LECTIONL’S.

268 5894 295 5923 ο
322 5881 599 5937 Βασίλειε.
684 5880 701 5921 ί
