3930 6426
541 351 646 417 767

1686 344 1960 409 ΡΗΟΤΙΙ
1998 349 2120 409 ΡΑἸ

2221 349 2498 411 ranam
2537 349 2647 412 cp.
3618 373 3700 443 πε

541 466 708 536 fames
725 462 912 532 panis,
941 471 990 516 et
1026 463 1192 533 fames
1212 461 1464 516 audiendi
1497 461 1705 515 verbum
1740 461 1835 517 Dei
1883 463 1950 516 ³⁸.
1985 461 2120 517 Nam

2223 464 2331 534 γάρ
2353 482 2406 518 τι
2445 464 2756 534 ἀδικοῦμεν,
2783 463 3002 519 πλείονα
3042 465 3150 521 ἔδει
3177 466 3400 539 δοθῆναι,
3443 476 3527 530 καὶ
3550 478 3606 553 δὴ
3630 490 3702 551 καὶ

539 570 689 609 cura
725 569 812 607 me
862 553 982 606 libri
1032 553 1231 608 sublati
1266 553 1436 607 sunt?
1467 551 1524 606 Si
1553 553 1608 606 in
1650 553 1833 623 aliquo
1860 554 1973 609 laesi
2017 552 2122 608 ali-

541 659 730 713 quem,
760 643 940 698 adhuc
968 643 1154 713 plures
1183 645 1299 698 dari
1341 644 1627 706 deberent,
1671 645 1836 698 etiam
1866 655 1921 700 et
1948 644 2122 700 infor-

539 746 782 791 matores
831 735 1102 801 adhiberi,
1134 745 1197 789 ut
1245 735 1476 805 legendo
1519 737 1780 804 majorem
1811 735 2119 803 utilitatem,

535 837 593 881 et
618 828 850 882 convicti
883 828 1050 881 citius
1108 828 1506 882 correctionem
1551 843 1992 898 consequamur:
2037 830 2122 883 sin

536 920 715 974 nullos
754 919 888 983 laesi,
955 935 1056 975 cur
1109 936 1211 989 ego
1267 919 1473 975 ledor?
1533 919 1726 975 Nullus
1788 921 2124 977 orthodoxus

536 1011 643 1064 tale
690 1011 821 1080 quid
875 1011 945 1066 ab
1011 1011 1360 1066 heterodoxis
1399 1027 1592 1082 passus
1650 1020 1753 1068 est.
1793 1013 2123 1069 Athanasius

531 1101 649 1160 ille.
699 1103 992 1156 multarum
1045 1103 1351 1174 palmarum
1397 1111 1624 1171 auctor,
1700 1104 1829 1159 sede
1881 1120 1976 1160 sua
2015 1104 2124 1175 epi-

535 1192 739 1260 scopali
801 1193 1021 1262 saepius,
1075 1208 1200 1247 cum
1252 1194 1321 1248 ab
1379 1193 1686 1258 haereticis,
1751 1201 1866 1248 tum
1932 1209 1964 1248 a
2024 1209 2123 1263 pa-

535 1283 690 1352 ganis
750 1284 1088 1352 pellebatur;
1152 1294 1208 1339 at
1277 1299 1441 1339 nemo
1500 1285 1733 1341 sancivit
1792 1285 2120 1356 aliquando,

536 1382 598 1427 ut
640 1372 762 1426 libri
808 1374 876 1428 ab
916 1373 1005 1428 illo
1060 1373 1424 1429 auferrentur.
1466 1375 1558 1431 Vir
1599 1375 1954 1430 admirandus
2007 1375 2120 1429 Eu-

533 1464 769 1518 stathius
853 1464 1123 1520 similibus
1193 1465 1520 1522 Arianorum
1606 1467 1890 1523 fraudibus
1947 1467 2122 1536 impe-

534 1555 786 1622 tcbatur;
835 1556 931 1610 sed
974 1572 1080 1611 nec
1111 1556 1322 1623 ab,illo,
1358 1567 1420 1614 ut
1459 1573 1490 1613 a
1532 1557 1727 1623 nobis,
1771 1557 1933 1613 ablati
1976 1555 2120 1611 libri.

539 1643 744 1701 Paulus
776 1645 1086 1712 confessor,
1132 1645 1378 1704 Joannes
1423 1647 1868 1720 Chrysostomus,
1910 1645 2124 1702 Flavia-

534 1757 643 1796 nus
678 1743 930 1809 eximius,
969 1743 1169 1800 inﬁniti
1200 1746 1314 1800 alii.
1341 1744 1484 1812 Quid
1521 1747 1668 1802 enim
1697 1762 1836 1818 opus
1864 1757 1950 1802 est
2000 1747 2123 1801 illos

2221 553 2350 618 τοὺς
2373 554 2747 619 διδάσκοντας,
2803 555 2891 609 ἵνα
2921 556 3016 610 καὶ
3067 558 3510 630 ἀναγινώσκοντες
3542 575 3703 641 μᾶλλον

2220 641 2579 714 ώφελώμεθα,
2645 645 2741 698 καὶ
2791 644 3137 717 ἐλεγχόμενοι
3179 651 3502 724 διορθώμεθα
3539 675 3552 690 ·
3582 665 3622 717 el
3664 669 3709 723 δὲ

2224 738 2390 809 μηδὲν
2421 739 2741 810 ἀδικοῦμεν,
2775 741 2829 794 τί
2859 741 3225 814 ἀδικούμεθα;
3255 747 3436 815 Οὐδεὶς
3462 753 3599 811 τοῦτο
3626 763 3711 818 τῶν

2224 829 2527 902 ὀρθοδόξων
2559 832 2668 886 οὐδ’
2695 832 2800 887 ὑπὸ
2828 834 2936 887 τῶν
2993 836 3434 906 ἐτεροδοξούντων
3474 847 3711 909 πέπονθεν.

2234 922 2549 985 Ἀθανάσιος
2574 926 2603 978 6
2643 923 2967 991 πολύαθλος,
2997 927 3092 981 τοῦ
3143 928 3330 1000 θρόνου
3373 934 3618 1008 πολλάκις,
3643 946 3715 998 καὶ

2221 1012 2325 1066 ὑπὸ
2350 1015 2664 1081 αίρετικῶν,
2709 1017 2804 1070 καὶ
2854 1015 2959 1070 ὑπὸ
3000 1015 3354 1088 Ἑλληνιστῶν
3400 1023 3714 1096 ἀπελήλαταιο

2221 1104 2336 1159 ἀλλ’
2363 1105 2537 1170 οὐδεὶς
2561 1107 2726 1160 αὑτοῦ
2752 1108 2860 1162 τῶν
2887 1108 3112 1180 βιϐλίων
3139 1111 3424 1185 ἀφαίρεσιν
3444 1116 3716 1188 ἐψηφίσατο.

2221 1195 2518 1260 Εὐστάθιος
2559 1198 2589 1251 6
2635 1199 2960 1270 Θαυμάσιος,
2990 1201 3089 1272 τὴν
3141 1203 3263 1272 ῖσην
3309 1204 3576 1279 ἐπιϐουλὴν
3604 1215 3719 1284 παρά

2221 1287 2329 1341 τῶν
2366 1289 2810 1361 ’Δρειανιζόντων
2829 1292 3140 1363 ὑπήνεγκεν
3164 1310 3181 1327 ⁸
3208 1294 3324 1348 ἀλλ’
3350 1295 3464 1368 οὑχ,
3493 1298 3560 1360 ὡς
3577 1301 3719 1372 ἡμεῖς⁹

2220 1379 2316 1433 καὶ
2364 1379 2433 1434 τὰ
2487 1379 2668 1451 βιϐλία
2727 1384 3028 1455 ἀφῄρηται.
3085 1385 3296 1450 Παῦλος
3347 1389 3376 1441 6
3423 1389 3718 1466 ὁμολογητὴς,

2233 1471 2489 1542 Ἰωάννης
2503 1475 2532 1526 6
2548 1473 2956 1546 Χρυσόστομος,
2984 1475 3281 1540 Φλαϐιανδς
3299 1479 3328 1532 6
3348 1477 3624 1547 θεσπέσιος,
3643 1501 3721 1555 μυ-

2223 1562 2328 1634 ρίοι
2354 1563 2505 1618 ἄλλοι
2523 1580 2538 1596 ο
2569 1565 2622 1618 τί
2647 1565 2758 1636 γάρ
2781 1565 2865 1620 δεῖ
2898 1566 2996 1621 νῦν
3023 1568 3248 1632 τούτους
3277 1568 3541 1642 ἀριθμεῖν,
3589 1573 3668 1642 οὓς
3692 1579 3719 1647 ἡ

2221 1656 2280 1708 ἐν
2319 1657 2572 1727 οὐρανοῖς
2602 1657 2797 1723 Βίϐλος
2829 1657 3193 1732 ἀπεγράψατο
3218 1676 3236 1727 ;
3270 1661 3380 1715 Kal.
3402 1659 3454 1715 τί
3482 1663 3609 1732 λέγω
3627 1667 3720 1731 τοὺς

2222 1748 2538 1821 όρθοδόξους
2601 1751 2696 1804 καὶ
2752 1747 2943 1822 ἁγίους
2993 1752 3310 1823 ἀρχιερεῖς;
3367 1753 3607 1809 Εὑσὲϐιον
3650 1760 3720 1812 καὶ

536 1850 849 1902 recensere,
887 1837 982 1908 qui
1028 1838 1082 1892 in
1111 1839 1252 1894 libro
1276 1839 1484 1896 cmlesti
1529 1840 1954 1896 describuntur?
1977 1838 2117 1906 Quid

2221 1819 2521 1910 Θεογόνιον,
2563 1842 2660 1895 καὶ
2701 1819 3010 1906 σὺν-αὐτοῖς
3036 1819 3247 1907 ἀλλους
3283 1842 3584 1915 ἀνθρώπους
3609 1847 3720 1918 αἱρε-

537 1943 640 1998 ego
669 1943 1043 1984 commemoro
1066 1939 1288 1986 sanctos
1311 1940 1368 1986 et
1417 1931 1750 1986 orthodoxos
1788 1929 2117 2002 episcopos?

537 2020 770 2090 Magnus
793 2019 1186 2078 Constantinus
1205 2023 1535 2088 Eusebium,
1563 2023 1961 2095 Theogonium,
1983 2023 2118 2080 alios

535 2126 664 2166 cum
701 2112 807 2167 illis
847 2113 1151 2178 haereticos,
1201 2123 1425 2186 propter
1474 2115 1808 2185 impietatem
1843 2122 1899 2169 et
1932 2130 2118 2170 versa-

537 2206 663 2260 tiles
702 2206 1001 2261 sententias
1038 2205 1230 2261 exsilio
1269 2206 1543 2272 multavit,
1582 2206 1682 2260 sed
1729 2219 1906 2274 neque
1949 2203 2120 2259 facul-

504 2299 748 2353 tatibus
795 2299 1077 2368 spoliatos,
1116 2314 1295 2367 neque
1327 2298 1480 2353 libris
1527 2297 1875 2352 denudatos:
1924 2297 2120 2367 puduit

533 2393 683 2446 enim
732 2408 860 2447 eum
885 2411 916 2446 a
957 2392 1415 2448 sermocinatione
1459 2391 1749 2446 excludere
1791 2391 1931 2455 illos,
1979 2405 2118 2460 quos

536 2484 609 2538 ob
635 2500 753 2539 eam
783 2499 1003 2538 causam
1049 2483 1241 2539 exsilio
1297 2481 1583 2544 multabat,
1625 2480 1771 2550 quod
1812 2480 2023 2546 ἀλόγως
2058 2494 2118 2535 se

535 2584 822 2646 gesserant
854 2591 871 2640 ;
906 2575 1107 2645 impius
1148 2573 1431 2629 Nestorius
1454 2574 1746 2642 relegatur,
1778 2573 1851 2628 ita
1883 2582 1939 2628 et
1965 2573 2121 2628 Dios-

537 2682 750 2722 corus:
800 2665 994 2722 Petrus
1049 2666 1140 2721 ille
1191 2664 1428 2733 infelix;
1491 2665 1753 2730 Severus,
1805 2666 1893 2720 alii
1934 2681 2123 2735 quam-

537 2759 759 2828 plures;
801 2756 897 2812 sed
944 2771 1106 2812 nemo
1143 2756 1411 2810 librorum
1467 2755 1834 2826 captivitatem
1872 2756 2118 2826 pertulit.

536 2851 678 2916 Quid
703 2859 916 2906 veteres
966 2850 1264 2904 recenseo?
1296 2847 1449 2902 Multi
1470 2848 1770 2903 etiamnum
1795 2849 2120 2919 superstites

535 2950 746 2997 norunt
769 2939 1034 2995 Leontem
1077 2939 1229 2993 illum
1282 2937 1540 3008 impium,
1585 2935 1717 2992 ferae
1742 2937 1925 3008 potius
1955 2953 2120 3008 quam

539 3032 779 3088 hominis
808 3041 1059 3086 naturam
1091 3029 1437 3084 (ostendisse:
1468 3027 1559 3082 ille
1601 3036 1784 3084 autem
1811 3045 1935 3086 cum
1963 3029 1995 3084 ὲ
2026 3045 2122 3085 so-

2216 1932 2403 1996 τικοῦς
2425 1934 2455 1986 6
2515 1933 2688 2007 μέγας
2727 1934 3156 2001 Κωνσταντῖνος,
3203 1933 3294 1988 διὰ
3320 1933 3418 2005 τὴν
3445 1935 3604 1990 αὐτῶν
3632 1937 3722 1990 δυσ-

2219 2024 2436 2078 σέϐειαν
2467 2027 2560 2079 καὶ
2588 2025 2650 2078 τὸ
2677 2028 2778 2096 τῆς
2799 2025 3029 2098 γνώμης
3066 2025 3421 2096 παλίμϐολον,
3459 2027 3722 2100 ὑπερορίους

2217 2116 2515 2186 ἐποιήσατο
2536 2131 2553 2148 ·
2581 2115 2699 2170 ἀλλ’
2727 2115 2852 2170 οὗτε
2906 2117 3013 2172 τῶν
3043 2117 3399 2188 ὑπαρχόντων
3447 2117 3722 2190 ἐγύμνωσεν,

2216 2207 2340 2261 οὔτε
2376 2207 2602 2279 βιϐλίοις
2637 2207 3112 2279 προσεξημίωσεν.
3169 2208 3463 2281 ᾘσχύνετο
3489 2209 3722 2280 γάρλόγω

2217 2301 2469 2367 κωλύειν,
2503 2300 2619 2364 οὓς,
2651 2301 2734 2354 ὅτι
2758 2299 2969 2370 ἀλόγως
3015 2301 3311 2373 ἔπραττον,
3341 2300 3518 2372 ἐξορίᾳ
3561 2303 3722 2356 mea.

2217 2393 2387 2458 καζε’
2413 2393 2708 2465 Νεπόριος
2739 2395 2767 2448 6
2806 2393 3070 2463 δυσσεϐὴς
3116 2393 3451 2464 ἐξορίζεται·
3499 2397 3723 2465 Διόσκορος

2223 2486 2386 2541 πάλιν
2408 2504 2424 2518 ·
2447 2486 2656 2554 Πέτρος
2680 2487 2709 2538 6
2727 2485 2990 2547 δείλαιος·
3015 2484 3253 2556 Σευῆρος
3275 2486 3370 2538 καὶ
3399 2484 3569 2538 πολλοὶ
3592 2486 3720 2540 ἄλλον

2217 2577 2335 2633 ἀλλ’
2364 2576 2540 2642 οὐδεὶς
2574 2576 2754 2631 αὐτῶν
2805 2576 3026 2646 βιϐλίων
3077 2576 3462 2647 αἰχμαλωσίαν
3504 2578 3721 2648 ὑπέμεινε.

2217 2669 2285 2724 Τί
2311 2669 2370 2723 δέ
2394 2669 2544 2738 λέγω
2570 2667 2638 2722 τὰ
2662 2668 2900 2734 παλαιά;
2941 2667 3149 2722 Λέοντα
3199 2667 3296 2722 τὸν
3325 2668 3548 2739 δυσσεϐῆ
3591 2667 3726 2722 πολλοὶ

2219 2762 2316 2817 καὶ
2345 2761 2456 2816 τῶν
2483 2761 2564 2815 ἐτι
2591 2760 2893 2830 περιόντων
2919 2759 3065 2814 ίσασι
3093 2758 3285 2830 θηρίον
3306 2768 3335 2798 ν
3371 2760 3561 2830 μᾶλλον
3593 2760 3621 2830 ἢ
3655 2761 3723 2814 ἀν-

2219 2852 2438 2926 θρώπου
2468 2852 2631 2923 φύσιν
2651 2852 3062 2924 ἐπιδειξάμενον
3084 2865 3100 2881 ⁶
3133 2852 3251 2905 ἀλλ’
3292 2847 3448 2917 οὗτος
3472 2853 3555 2906 τὸν
3581 2852 3724 2922 μέγαν,

2218 2945 2316 3000 καὶ
2350 2945 2428 3010 ὡς
2478 2945 2699 3016 ἀληθῶς
2745 2946 3088 3018 Νικηφόρον,
3139 2945 3387 3000 ἐλαύνων
3422 2945 3514 2998 τοῦ
3565 2945 3725 3017 θρόνου,

2219 3037 2314 3092 καὶ
2343 3033 2530 3107 ἐξορίᾳ
2564 3034 2914 3107 παραδιδοὺς,
2957 3035 3057 3106 οὑχ
3105 3035 3190 3088 ὅτι
3243 3035 3346 3087 καὶ
3373 3034 3478 3086 τῶν
3504 3032 3644 3088 αὑτοῦ
3671 3032 3729 3104 βι-

537 3125 614 3178 lio
671 3121 971 3192 depelleret
1018 3119 1406 3189 Nicephorum,
1433 3135 1690 3192 magnum
1722 3128 1779 3175 et
1808 3136 1935 3176 vere
1959 3121 2118 3177 Nice-

2221 3127 2385 3182 ϐλίων
2410 3127 2668 3198 ἐποίησεν
2692 3127 3019 3199 ὑπερόριονο
3076 3127 3139 3179 ού
3170 3127 3274 3194 μὲν
3306 3121 3401 3181 οὖν
3449 3126 3564 3180 οὐδὲ
3593 3126 3727 3194 ἐλιμο·

536 3216 797 3285 phorum,
831 3226 1068 3281 eumque
1125 3211 1368 3266 mitteret
1419 3211 1477 3266 in"
1521 3211 1795 3278 exsilium,
1837 3227 1948 3267 non
2003 3227 2115 3269 una

2221 3219 2498 3290 κτόνησεν.
2534 3218 2609 3284 ὡς
2654 3219 2814 3290 ἡμεῖς
2845 3217 3348 3290 λιμαγχονούμεθα.
3379 3218 3485 3272 Καί
3509 3234 3582 3270 τοι
3619 3216 3730 3271 οὐδὲν

537 3304 801 3377 relegavit
826 3304 1075 3360 exsulem
1097 3319 1128 3358 a
1154 3303 1310 3360 libris
1336 3304 1488 3369 suis;
1520 3304 1614 3361 sed
1651 3319 1754 3360 nec
1772 3304 1950 3361 inedia
1979 3319 2117 3360 con-

537 3401 689 3465 fecit,
717 3399 1176 3471 quemadmodum
1201 3415 1300 3454 nos
1328 3399 1472 3454 fame
1509 3413 1833 3454 enecamur:
1859 3407 1916 3454 et
1935 3407 2117 3453 tamen

537 3507 754 3548 summe
799 3491 854 3545 in
898 3490 1042 3547 votis
1106 3490 1360 3557 habebat,
1401 3499 1464 3552 ut
1491 3491 1582 3544 ille
1625 3490 1827 3545 athleta
1890 3489 2118 3546 interitu

538 3586 916 3651 occumberet,
970 3600 1081 3639 non
1137 3585 1318 3640 minus
1350 3599 1515 3654 quam
1566 3593 1627 3638 ut
1677 3599 1906 3655 regnum
1946 3583 2119 3655 ipsius

537 3677 768 3746 impium
800 3691 967 3746 quam
1005 3674 1311 3730 diutissime
1340 3674 1667 3744 perduraret
1698 3689 1712 3728 :
1749 3674 1842 3729 sed
1869 3673 1960 3728 ille
1987 3673 2120 3730 titu-.

537 3768 652 3822 lum
675 3766 952 3822 homicidii
995 3765 1182 3821 subire
1227 3765 1442 3831 noluit;
1471 3779 1574 3820 nec
1614 3780 1808 3820 carnes
1839 3764 2119 3820 ministro-

537 3873 661 3912 rum
698 3872 945 3921 suorum,
973 3871 1085 3911 non
1115 3870 1272 3910 secus
1301 3870 1464 3924 quam
1520 3854 1793 3910 latronum
1824 3863 1918 3908 aut
1936 3852 2123 3924 prodi-

539 3959 722 4005 torum
759 3948 1038 4004 frustatim
1067 3948 1394 4011 dissecabat,
1424 3956 1700 4017 utcunque
1746 3947 1982 4017 alioquin
2015 3947 2122 4002 im-

538 4042 686 4113 pius,
737 4049 794 4096 et
845 4040 1169 4110 sanguinem
1215 4039 1465 4108 spirans;
1515 4053 1627 4094 non
1676 4053 2003 4108 quemquam
2051 4039 2122 4099 ab

537 4135 840 4189 amicorum
919 4133 1234 4189 visitatione
1299 4132 1570 4199 exclusit;
1627 4147 1726 4188 nec
1798 4132 2120 4188 facultatum

537 4226 740 4280 damno
807 4239 1138 4296 quemquam
1221 4224 1458 4294 punivit.
1526 4223 1905 4280 Reverebatur
1971 4225 2118 4281 enim

535 4317 1034 4381 Christianismum,
1057 4333 1221 4388 quem
1257 4333 1369 4389 prae
1397 4333 1456 4373 se
1486 4317 1718 4382 ferebat,
1751 4319 1822 4376 ita
1849 4327 1910 4373 ut
1956 4319 2126 4378 nollet

2214 3306 2378 3385 ἦττον
2435 3311 2527 3364 τὸν
2586 3310 2828 3382 ἀθλητὴν
2876 3309 3143 3380 ἐπεθύμει
3208 3307 3421 3374 θανεῖν,
3467 3309 3554 3361 καὶ
3594 3308 3621 3378 ἢ
3661 3306 3730 3374 τὴν

2219 3403 2382 3458 αὐτοῦ
2413 3402 2689 3474 βασιλείαν
2721 3402 2803 3466 είς
2852 3402 3027 3472 μῆκος
3085 3399 3324 3470 χρόνων,
3372 3399 3438 3454 δι’
3465 3392 3536 3453 ὧν
3579 3397 3729 3461 ἐσέδει,

2217 3496 2400 3550 πάντα
2451 3493 2940 3569 παραταθήσεσθαι
2966 3508 2982 3524 ·
3033 3492 3150 3547 ἀλλ’
3211 3493 3368 3563 ὅμως
3409 3491 3570 3562 δνομα
3597 3489 3731 3543 λαϐεῖν

2217 3588 2570 3659 ἀνδροφονίας
2595 3587 2952 3657 ἐφυλάττετο·
2977 3585 3038 3640 οὐ
3089 3585 3190 3648 τὰς
3247 3585 3458 3656 σάρκας
3483 3583 3580 3638 τῶν
3630 3583 3731 3649 ὑπη-

2221 3678 2519 3752 ρετούντων
2545 3677 2719 3748 αὐτῷ,
2748 3677 2963 3749 λῃστῶν
2995 3676 3092 3730 καὶ
3125 3676 3408 3744 προδοτῶν
3451 3677 3614 3746 δίκην,
3642 3688 3733 3728 κατ-

2219 3771 2408 3842 έκοψε,
2428 3771 2632 3841 καίπερ
2649 3768 2927 3824 δυσσεϐῶν
2941 3768 3111 3824 τάλλα
3133 3777 3183 3835 κ,
3200 3771 3300 3824 καὶ
3321 3769 3499 3823 πνέων
3515 3766 3732 3837 ὠμότηταο

2219 3866 2282 3920 οὐ
2311 3865 2422 3919 τῶν
2453 3863 2736 3932 συγγενῶν
2763 3862 2864 3934 τὴν
2909 3861 3130 3933 ὁμιλίαν
3177 3862 3458 3918 ἐκώλυσεν
3478 3879 3493 3893 ο
3533 3859 3637 3931 οὐχὶ
3661 3857 3734 3911 τῶν

2221 3957 2578 4028 ὑπαρχόντων
2675 3955 2880 4028 ζημίαν
2951 3954 3284 4025 ὑπήνεγκεν.
3355 3953 3576 4027 ’ῌδέσθη
3643 3949 3734 4020 γὰρ,

2221 4045 2657 4117 Χριστιανισμδν
2705 4045 3154 4117 ὑποκρινόμενος,
3217 4045 3496 4115 Ἐλλήνων
3540 4043 3737 4114 ὠμότερα

2221 4141 2676 4214 διαπράττεσθαι.
2764 4141 2995 4195 Ἐκεῖνοι
3071 4141 3203 4212 γὰρ,
3261 4139 3602 4209 ἀναιροῦντες
3647 4131 3739 4195 τοὺς

2227 4237 2534 4305 μάρτυρας,
2594 4234 2744 4303 ὅμως
2792 4231 2920 4286 οὔτε
2967 4232 3291 4304 θεραπείας,
3344 4234 3446 4302 τῆς
3490 4229 3626 4302 παρὰ
3663 4227 3741 4280 τῶν

2222 4326 2466 4391 οἰκείων,
2498 4325 2790 4396 τυγχάνειν
2829 4323 3069 4380 ἐκώλυον
3090 4341 3104 4357 ’
3141 4324 3263 4378 οὐδὲ
3285 4333 3316 4374 1
3365 4325 3474 4379 τῶν
3525 4319 3741 4392 ὑπαρχόν-

534 4413 824 4468 crudelius
865 4429 1030 4483 quam
1081 4413 1277 4484 pagani
1328 4412 1613 4469 desaevire.
1656 4412 1740 4468 Illi
1787 4413 1934 4467 enim
1995 4429 2120 4469 cum

2224 4434 2334 4473 των
2361 4417 2672 4492 ἀφῃροῦντο
2694 4418 2794 4489 τὴν
2822 4417 3146 4489 κυριότητα.
3177 4416 3255 4472 Ού
3288 4417 3398 4488 μὴν
3429 4417 3545 4470 ούδέ
3563 4413 3740 4483 ψαλμψ

534 4515 801 4578 martyres
821 4515 1284 4570 consummarent,
1305 4521 1413 4561 non
1447 4505 1818 4576 impediebant
1833 4507 2123 4575 quominus

529 4599 840 4654 amicorum
894 4591 1162 4654 famulitio
1229 4607 1564 4660 uterentur;
1615 4614 1719 4655 nec
1787 4599 2123 4670 proprietate

532 4691 822 4760 privarunt
859 4689 1199 4746 facultatum.
1226 4689 1334 4746 Sed
1361 4705 1489 4748 inec
1537 4691 1628 4746 ille
1657 4690 1766 4746 Leo
1792 4691 2123 4762 psalmodias

536 4783 882 4853 prohibebat,
905 4800 1094 4839 verum
1120 4783 1414 4840 multorum
1440 4785 1833 4840 monachorum
1857 4785 1914 4839 in
1938 4800 2113 4840 unum

538 4890 854 4931 consessum
886 4876 1001 4932 ﬁeri
1034 4877 1215 4932 solatii
1241 4891 1409 4931 causa
1434 4874 1664 4932 ferebat.
1690 4877 1890 4932 Demos
1909 4877 2123 4934 divinas

539 4972 598 5017 et
624 4973 862 5020 sacratas
896 4967 1006 5022 Deo
1042 4968 1190 5022 aedes
1222 4982 1334 5022 non
1381 4966 1707 5030 subruebat;
1755 4976 2030 5032 metuens,
2062 4972 2124 5020 ut

540 5054 824 5124 probabile
862 5067 967 5124 est,
999 5067 1194 5114 contra
1254 5073 1411 5115 sacra
1450 5073 1618 5128 opera
1685 5058 1959 5123 insaevire,
1994 5073 2121 5113 cum

543 5146 795 5202 homines
818 5163 930 5201 non
955 5159 1228 5205 metueret
1249 5149 1553 5206 offendere.
1575 5149 1648 5204 At
1671 5158 1866 5206 contra
1890 5164 2001 5214 me,
2031 5148 2122 5204 hei

541 5234 710 5292 mihi!
739 5236 923 5291 omnia
951 5253 1112 5302 nova,
1140 5253 1362 5295 omnem
1384 5240 1704 5309 tragoediam
1738 5239 2125 5311 exsuperantia

541 5336 881 5396 ,usurpantur
923 5346 936 5382 :
976 5331 1241 5398 captivor,
1271 5332 1340 5387 ab
1372 5332 1632 5387 omnibus
1660 5331 1884 5390 deseror
1905 5331 2117 5397 amicis,

539 5421 614 5478 ab
641 5419 918 5487 amnibus,
940 5422 1158 5480 famulis
1191 5423 1395 5495 privor,
1417 5425 1796 5497 psallentibus,
1838 5427 2121 5484 monachi-

653 5584 696 5615 ³¹
725 5586 902 5635 'Amos
941 5594 1058 5646 vui,
1085 5579 1172 5635 ll.

2225 4511 2342 4574 δίας
2389 4512 2598 4574 ἐκεῖνος
2621 4509 2904 4582 ἐξέκοψεν,
2921 4509 3058 4564 ἀλλά
3095 4509 3191 4564 καὶ
3215 4509 3431 4563 πολλῶν
3459 4505 3739 4578 μοναζόντων

2225 4602 2519 4658 συναυλίαν
2545 4603 2788 4657 ἀνεδίδου
2817 4601 3186 4674 παραμύθιον.
3217 4602 3293 4656 Οὐ
3315 4601 3443 4664 τοὺς
3468 4593 3740 4668 ἀφιερωθέν·

2224 4712 2326 4759 τας
2356 4695 2504 4766 αὐτῷ
2556 4696 2742 4763 οἴκους
2790 4694 2926 4749 Θεοῦ
2989 4696 3085 4750 καὶ
3124 4695 3291 4758 ναοὺς
3345 4689 3736 4761 κατεστρέψατο·

2222 4785 2554 4839 ἐδυσωπεῖτο
2571 4785 2701 4855 γὰρ,
2727 4784 2803 4849 ὡς
2821 4784 3093 4856 ἐνόμιζεν,
3117 4784 3393 4854 ἀνθρώπῳ
3416 4779 3738 4852 προσκρούων,

2223 4879 2339 4940 τοῖς
2365 4877 2531 4942 θείοις
2559 4878 2742 4947 ἔργοις
2787 4877 3263 4946 ἐπιλυμαίνεσθαι.
3295 4875 3435 4931 Καθ’
3460 4871 3606 4944 ἡμῶν
3625 4868 3689 4929 δδν
3706 4862 3742 4915 οῖ

2225 4986 2338 5040 μοι,
2364 4969 2552 5025 πάντα
2583 4970 2766 5035 καινὰ,
2798 4968 2895 5023 καὶ
2914 4969 3225 5041 τραγῳδίας
3256 4968 3520 5021 ἐπέκεινα
3543 4979 3556 4992 ⁸
3577 4957 3740 5029 αἰχμά-

2223 5059 2385 5115 λωτοι
2433 5060 2654 5116 πάντων
2671 5071 2718 5128 ε,
2770 5061 2968 5134 ἔρημοι
3010 5061 3201 5130 φίλων,
3258 5059 3458 5132 ἔρημοι
3493 5048 3740 5121 συγγενῶν,

2223 5155 2666 5225 ὑπηρετούντων,
2741 5157 2944 5229 ἔρημοι
3013 5157 3348 5226 ψαλλόντων,
3421 5151 3742 5226 μοναζὸντωνο

2219 5247 2348 5301 ἀντὶ⁹
2365 5248 2425 5301 δὲ
2459 5247 2655 5317 φίλων,
2706 5249 2828 5303 ἀντὶ
2865 5249 3232 5320 μοναζόντων,
3289 5248 3412 5302 ἀντὶ
3460 5239 3746 5320 ψαλλόντων,

2224 5337 2348 5391 ἀντὶ
2380 5338 2602 5392 πάντων
2663 5319 2878 5404 ἁπλῶς,
2921 5336 3271 5409 στρατιωτῶν
3304 5329 3637 5390 mth
3675 5319 3747 5376 καὶ

2227 5433 2641 5502 στρατιωτικοῖς
2705 5432 2885 5506 λόχοις
2928 5430 3258 5503 ἐκδεδὸμεθα
3281 5447 3296 5466 ο
3344 5421 3746 5497 κατεστράφησαν

1819 5685 2056 5741 VARUE
2097 5688 2496 5755 LECTIONES.

621 5795 648 5825 δ’
685 5785 771 5841 la.
797 5783 1010 5857 θηρίου.
1087 5795 1110 5825 ι
1143 5785 1212 5841 τὰ
1234 5781 1390 5840 ἄλλα.
1473 5775 1667 5831 ῖοῦτεο
1747 5787 1767 5815 ⁸
1809 5779 2043 5842 πάντως.
