3930 6420
132 346 235 409 769

1282 340 1821 404 EPISTOLARUM
1858 345 2093 407 LIBER
2131 348 2183 408 Ι.

3284 347 3393 410 ’770

130 456 268 513 οἶκοι
294 455 453 522 Θεοῦ,
487 456 585 511 καὶ
612 453 966 527 λελωϐημένα
1022 453 1250 525 σώματα
1300 456 1552 527 πενήτων
1584 474 1707 529 μετ·

1830 478 1987 518 ειηυηι
2020 464 2357 525 colentibus;
2388 477 2489 533 pro
2515 460 2727 522 amicis,
2773 455 3046 519 afﬁnibus,
3078 456 3392 524 monachis,

132 551 433 620 ανέστησαν
455 565 471 582 ο
498 549 594 603 καὶ
613 549 683 603 τά
718 549 1037 618 ὑπάρχοντα
1063 547 1271 613 αὐτοῖς,
1319 548 1395 612 ὡς
1432 548 1707 619 πολεμίων

134 642 579 715 ἐδημοσιώθησαν
608 641 851 711 λάφυρα·
888 640 975 694 ἵνα
1015 641 1070 694 τί
1103 641 1372 711 γένηται;
1414 640 1503 695 ἵνα
1546 642 1709 712 ἡμεῖς

133 734 448 805 ἀνιάσωμεν
468 750 481 763 ·
509 733 631 787 λίαν
653 730 869 803 πικρῶς
889 732 1191 803 ἠνιάσαμεν
1210 746 1226 762 ⁸
1254 732 1569 804 ἱλαστήριον
1592 732 1704 804 γὰρ

132 827 266 897 ἡμῖν
299 825 736 897 ἁμαρτημάτων,
776 824 979 878 ἐκεῖνοί
1006 842 1066 877 τε
1106 826 1201 879 καὶ
1240 826 1289 878 οἱ
1328 826 1457 895 περὶ
1482 825 1705 891 αὐτοὺς,

135 923 402 992 θεραπείᾳ
438 920 556 993 Θεῷ
576 934 603 962 ει
633 920 928 993 ἀφιέρωτο.
969 919 1108 973 Ἀλλ’
1139 920 1243 973 ἔδει
1276 922 1543 986 συννοεῖν,
1596 921 1706 991 μή-

134 1030 266 1067 ποτε
313 1014 411 1066 καὶ
462 1011 596 1076 Θεὸς
626 1013 760 1084 ἡμῖν
804 1013 834 1065 ὁ
884 1011 1269 1083 ζημιούμενος,
1329 1012 1532 1083 μᾶλλον
1584 1029 1709 1065 συν-

133 1106 461 1177 ἀλγήσειενο
512 1105 673 1177 εἴπερ
711 1105 874 1165 αὐτός
914 1107 1081 1170 ἐστιν,
1110 1105 1139 1158 ό
1188 1104 1259 1158 τά
1303 1103 1413 1158 τῶν
1455 1105 1708 1175 πενήτων

132 1198 527 1269 οἰκειούμενος.
560 1197 842 1269 Σωμάτων
871 1197 972 1267 μὲν
1006 1195 1303 1262 κακώσεις,
1356 1196 1513 1266 νόμοι
1574 1196 1709 1248 Ῥω-

138 1288 336 1359 μαίων,
361 1292 474 1352 τοῖς
504 1287 597 1341 ἐπὶ
646 1287 952 1358 κακουργίᾳ
1010 1285 1254 1350 ἁλοῦσιν,
1301 1287 1382 1349 είς
1441 1286 1711 1357 κάθαρσιν

133 1381 314 1451 ψυχῆς
336 1380 641 1449 ἐπενόησαν
662 1396 677 1410 ·
696 1378 877 1449 ψυχῆς
903 1378 960 1431 δὲ
979 1377 1255 1441 κακώσεις
1279 1378 1374 1431 καὶ
1396 1376 1709 1443 ἐπιϐουλάς,

136 1471 256 1524 οὐδὲ
278 1471 442 1542 ἀκοῇ,
477 1470 639 1541 μέχρι
664 1469 782 1536 νῦν,
827 1469 981 1541 παρά
1008 1485 1150 1521 τισιν
1178 1467 1484 1538 ἀνθρώπων
1521 1469 1712 1537 ἐπιτη-

136 1566 432 1643 δευομένας
461 1566 882 1637 παρειλήφαμεν
903 1581 917 1596 ·
962 1566 1011 1618 εί
1038 1564 1131 1618 καὶ
1162 1564 1259 1618 νῦν
1281 1566 1349 1635 τῇ
1378 1565 1545 1635 πείρα
1581 1579 1713 1633 μαν·

139 1657 375 1728 θάνομεν
396 1674 409 1687 ·
436 1655 596 1711 τοῦτο
621 1657 732 1727 γὰρ
753 1657 911 1727 δῆλον
935 1657 1017 1710 ὅτι
1040 1657 1207 1720 ποιεῖ,
1234 1656 1341 1726 ἥτε
1360 1655 1469 1708 τῶν
1493 1653 1713 1724 βιϐλίων

138 1748 451 1819 ἀφαίρεσις,
482 1749 578 1801 καὶ
599 1747 693 1800 τοῦ
713 1746 911 1818 λύτρου
929 1746 1037 1800 τῶν
1059 1744 1474 1817 ἁμαρτημάτων
1494 1745 1527 1813 ὴ
1543 1761 1713 1797 κατα-

1808 557 2191 627 psallentibus,
2229 570 2295 609 ac
2321 570 2421 625 pro
2452 552 2668 608 caeteris
2692 549 2972 613 omnibus,
3002 546 3238 600 militum
3267 563 3396 602 cus-

1810 649 1992 713 todiae,
2048 647 2375 702 militaribus
2424 643 2619 697 turmis
2660 641 2884 695 trador:
2942 638 3223 693 subversa:
3263 646 3399 691 sunt

1812 737 1905 795 Dei
1942 738 2108 803 mdes,
2157 736 2297 791 male
2334 736 2559 790 multata
2604 743 2905 803 pauperum
2942 743 3171 799 corpora
3220 736 3398 781 trans-

1813 832 1945 896 lata,
1977 830 2268 886 facultates
2290 843 2478 883 eorum
2511 840 2621 880 non
2667 824 2823 878 aliter
2847 838 3011 893 quam
3041 821 3169 876 belli
3223 820 3399 890 spolia

1809 922 2132 994 publicatae:
2174 922 2231 975 in
2277 934 2437 989 quem
2479 913 2681 971 linem?
2720 929 2918 983 nempe
2955 920 3015 966 ut
3065 927 3165 981 ego
3208 925 3404 964 excru-

1813 1016 1966 1070 cier:
2003 1025 2152 1069 certe
2182 1011 2457 1067 crudelem
2505 1011 2557 1062 in
2590 1007 2810 1061 modum
2852 1020 2954 1073 ego
2998 1003 3403 1067 excarniﬁeor;

1812 1106 1905 1176 qui
1937 1120 2035 1174 pro
2066 1103 2307 1174 peccatis
2338 1100 2476 1155 meis
2519 1113 2643 1151 cum
2674 1093 3142 1166 propitiatorium,
3192 1099 3246 1144 et
3281 1090 3405 1142 illas

1811 1198 1957 1252 aedes
1977 1205 2032 1251 et
2072 1196 2314 1265 ipsorum
2340 1190 2575 1246 famulos
2597 1187 3022 1247 destinaveram,
3050 1198 3078 1235 a
3112 1180 3405 1236 serviendo

1812 1286 1927 1341 Deo
1983 1286 2059 1340 illi
2118 1283 2547 1347 abstrahuntur;
2610 1279 2707 1335 sed
2758 1275 3110 1348 cogitandum
3170 1272 3275 1326 fuit
3332 1286 3408 1325 an

1817 1382 1965 1437 Deus
2026 1378 2225 1433 damno
2308 1391 2340 1430 a
2409 1374 2569 1429 nobis
2651 1369 2939 1435 aﬂiciatur,
2990 1374 3046 1420 et
3104 1366 3404 1420 vehemen-

1812 1474 1924 1529 tius
1964 1471 2161 1527 doleat.
2191 1468 2351 1523 Certe
2380 1465 2601 1537 quidem
2638 1462 2787 1518 dolet
2837 1460 2885 1515 si
2949 1458 3114 1513 modo
3153 1457 3244 1511 ille
3288 1456 3406 1525 ipse

1815 1574 1919 1630 est,
1956 1564 2049 1634 qui
2102 1574 2405 1631 pauperum
2440 1566 2647 1613 statum
2683 1556 2739 1609 in
2776 1568 2837 1609 se
2878 1550 3075 1621 recipit
3100 1563 3406 1620 procuran-

1816 1658 1966 1712 dum.
2000 1655 2277 1724 Corporea
2314 1660 2587 1707 tormenta
2618 1648 2807 1704 civiles
2830 1645 3207 1699 Romanorum
3258 1641 3413 1710 leges

1816 1748 1870 1803 in
1907 1745 2203 1811 maleﬁcos,
2235 1744 2302 1799 ad
2341 1740 2685 1814 purgandum
2715 1738 2959 1791 animum
2995 1733 3402 1795 adhibuerunt;

399 1810 491 1893 καὶ
541 1810 853 1907 ἀναίρεσιςο
898 1840 932 1909 ἡ
976 1839 1076 1909 μέν
1101 1810 1385 1906 αὐτῆς-τὸ
1433 1810 1589 1907 ὅμμα
1616 1836 1716 1907 τῆς

1830 1842 2016 1897 anima:
2056 1848 2239 1893 autem
2275 1834 2575 1899 cruciatus,
2604 1840 2660 1886 et
2696 1830 2752 1884 in
2780 1844 2901 1884 eam
2941 1825 3408 1896 conspirationes,

140 1933 377 2005 θεωρίας
408 1932 845 1986 ἐναποσϐἐννυσα
870 1931 966 1986 καὶ
1016 1930 1404 2001 διαφθείρουσα
1426 1949 1440 1963 ο
1491 1932 1524 2001 ὴ
1559 1929 1616 1983 δέ
1657 1928 1721 1981 τὸ

139 2026 426 2079 κάλλιστον
438 2024 549 2079 τῶν
561 2022 812 2096 πράξεων
829 2022 1201 2094 πρασσωμένη
1228 2023 1326 2075 καὶ
1345 2020 1717 2076 καταλύουσα*

138 2120 226 2182 τίς
289 2120 523 2189 ῆκουσεν
568 2117 630 2183 ἐξ
657 2117 874 2181 αἰῶνος,
938 2116 1083 2169 κατὰ
1106 2115 1297 2185 ψυχῶν
1328 2114 1714 2186 ἀνθρωπίνων,

138 2210 381 2279 πόλεμον
408 2210 512 2262 ὑπὸ
537 2208 634 2262 ἀνθ
644 2206 845 2280 ρώπων
871 2204 1251 2274 ἐπινοούμενον
1273 2222 1289 2272 ;
1321 2206 1383 2258 οὐ
1406 2206 1516 2277 γάρ
1535 2206 1719 2259 ἱκαναὶ

140 2300 381 2354 κενῶσαι
403 2300 583 2353 πᾶσαν
594 2299 765 2369 ὀργὴν
782 2299 838 2351 αί
863 2296 1125 2368 τιμωρίαι
1145 2296 1241 2349 τοῦ
1263 2294 1653 2367 σώματοςγὺπε
1662 2316 1724 2370 ρ-

141 2394 293 2464 ορία,
328 2392 426 2447 καὶ
477 2390 846 2463 αἰχμαλωσίσ,
873 2389 969 2443 καὶ
1001 2389 1178 2458 λιμὸς,
1210 2389 1306 2442 καί
1345 2390 1582 2461 φρουρὰ,
1629 2391 1725 2444 καὶ

138 2486 374 2547 θάνατος
391 2484 513 2537 καθ’
540 2482 777 2553 ἑκάστην
804 2481 1160 2550 ἐπαγόμενος,
1193 2482 1289 2534 καὶ
1306 2481 1547 2552 τοσούτῳ
1565 2482 1727 2552 μόνον

137 2575 239 2629 τοῦ
266 2574 406 2640 ζώου
435 2574 769 2645 φειδόμενος,
799 2574 910 2643 ὃσῳ
930 2575 1005 2645 μὴ
1038 2571 1348 2626 συνανελεῖν
1377 2572 1470 2625 καὶ
1493 2573 1602 2628 τῶν
1632 2576 1728 2627 ἀλ-

137 2665 346 2738 γεινῶν
373 2666 471 2738 τὴν
493 2665 869 2737 συναίσθησιν,
896 2667 1034 2736 ὅπερ
1065 2664 1182 2718 ἐστὶ
1195 2666 1258 2717 τὸ
1280 2666 1605 2734 πικρότατον
1630 2661 1726 2715 τοῦ

139 2762 380 2817 θανάτου
420 2760 667 2831 κέντρον,
719 2759 812 2812 καί
854 2759 889 2829 ἡ
918 2757 1194 2828 ἀφόρητος
1230 2756 1485 2827 βάσανος,
1523 2756 1610 2809 ἵνα
1635 2757 1729 2809 καὶ

137 2856 218 2908 τά
244 2854 353 2908 τῶν
383 2852 726 2923 θνησκόντων
757 2850 1078 2921 πάσχωμεν,
1110 2849 1207 2903 καὶ
1237 2848 1316 2920 τῷ
1374 2848 1593 2920 θανάτῳ
1654 2849 1724 2903 τὰ

142 2946 302 3016 πάθη
340 2946 416 3018 μὴ
434 2946 803 3001 συνδιαλύοιτο
821 2962 837 2978 ⁸
863 2947 891 3000 ὃ
914 2948 1078 3018 μόνον
1095 2943 1187 3019 ἦν,
1220 2947 1296 3011 ὡς
1331 2948 1390 3000 ἐν
1412 2944 1725 3018 τηλικούτῳ

138 3042 330 3110 κακῷ,
382 3043 497 3103 τοῖς
545 3039 841 3111 θνήσκουσι
903 3038 1273 3111 παραμύθιον.
1326 3039 1631 3110 Σκόπησον,
1684 3032 1732 3092 ὧ

144 3128 402 3203 βασιλεῦ,
443 3130 616 3185 ταῦτα
642 3131 783 3183 κατά
805 3131 1034 3185 σεαυτόν
1061 3146 1074 3158 ·
1104 3130 1202 3183 καί.
1228 3130 1277 3183 εἰ
1335 3128 1437 3200 μὲν
1469 3129 1638 3198 ἀθῳοί
1666 3145 1727 3180 σε
1757 3161 1802 3220 C

140 3225 214 3277 τὸ
242 3223 337 3277 σὸν
366 3224 627 3290 συνειδὸς,
669 3222 906 3297 πρόσθες
937 3224 1034 3279 καὶ
1071 3224 1237 3296 ἕτερα
1284 3223 1407 3279 καθ’
1443 3222 1628 3295 ἡμῶν,
1662 3221 1728 3275 ἂν

140 3318 259 3387 ἄρα
306 3332 358 3369 τι
386 3315 483 3369 καὶ
531 3315 986 3387 παραλέλειπται.
1027 3318 1091 3371 Et
1136 3318 1193 3372 δέ
1241 3316 1618 3382 καταδικάζει,
1652 3314 1730 3385 μὴ

140 3408 455 3481 ἀναμείνῃς
498 3408 599 3481 τὴν
630 3408 841 3463 ἐκεῖθεν
884 3409 1210 3482 καταδίκην,
1231 3412 1322 3465 ὅτε
1350 3411 1445 3464 καὶ
1487 3412 1521 3480 ή
1558 3426 1727 3480 μετα-

142 3503 347 3573 μέλεια
373 3502 667 3573 ἄχρηστος.
715 3502 859 3571 Ἐγὼ
886 3502 945 3556 δέ
969 3520 1061 3557 σου
1110 3504 1323 3574 δέομαι,
1369 3502 1564 3574 καινὴν
1600 3503 1731 3567 ἴσως

139 3598 364 3668 δέησιν,
398 3595 516 3649 ἀλλ’
572 3597 669 3650 ἐπὶ
709 3596 1049 3661 καινοτάτοις
1093 3596 1548 3668 προσαγομένην·
1598 3595 1731 3665 στῆ-

144 3706 269 3755 σον,
304 3686 346 3742 ὣ
377 3687 622 3758 βασιλεῦ,
674 3688 745 3743 τὰ
775 3688 945 3753 κακὰ,
980 3681 1024 3757 ᾧ
1068 3687 1248 3758 βούλει
1300 3688 1522 3760 τρόπον
1560 3688 1597 3759 ἢ
1637 3686 1733 3740 τοῦ

142 3780 273 3851 βίου
309 3783 495 3851 τάχιον
520 3782 670 3853 ἡμᾶς
716 3782 812 3836 καὶ
838 3782 915 3854 μὴ
960 3783 1098 3853 μετὰ
1128 3782 1229 3852 τῆς
1264 3782 1474 3854 πολλῆς
1527 3782 1735 3851 ταύτης

140 3872 250 3925 καὶ
280 3872 496 3942 ἁφάτου
528 3874 836 3945 ταριχείας,
898 3873 1113 3942 ἐξάγων
1139 3890 1153 3904 ο
1202 3874 1237 3946 ἢ
1283 3874 1380 3946 τὴν
1428 3873 1736 3945 ὑπερϐολὴν

141 3964 488 4018 ἀνακόπτων
524 3964 635 4018 τῶν
661 3964 941 4038 δυσχερῶν
961 3980 973 3993 ’
1011 3964 1285 4037 μνήσθητι
1313 3966 1395 4019 ὅτι
1446 3966 1736 4037 ἄνθρωπος

141 4049 225 4117 εἶ,
262 4053 372 4107 κάν
429 4055 757 4127 βασιλεύῃςο
803 4056 1074 4128 μνήσθητι
1138 4058 1222 4110 ὅτι
1258 4057 1437 4127 σάρκα
1486 4057 1734 4128 περικεί-

140 4146 305 4216 μεθα
341 4146 441 4216 τὴν
470 4148 663 4218 αὐτὴν,
696 4148 792 4203 καὶ
815 4146 1053 4218 βασιλεῖς
1076 4147 1172 4200 καὶ
1217 4147 1449 4213 ἰδιῶται,
1484 4150 1581 4202 καὶ
1636 4150 1737 4220 τῆς

144 4237 333 4307 αὐτῆς
398 4238 765 4309 κοινωνοῦμεν
822 4237 1072 4309 φύσεως·
1110 4239 1382 4311 μνήσθητι
1431 4241 1514 4294 ὅτι
1559 4241 1739 4295 κοινὸν

143 4330 441 4398 Δεσπότην
477 4330 676 4401 ἔχομεν
709 4332 804 4385 καὶ
826 4331 1099 4400 Πλάστην,
1130 4332 1226 4385 καὶ
1254 4332 1431 4387 κοινὸν
1457 4334 1669 4404 Κριτήν
1687 4333 1737 4387 ι).

141 4420 222 4473 Τί
256 4420 357 4491 τὴν
393 4420 492 4492 σὴν
522 4420 854 4487 ἐπιείκειαν,
898 4423 1020 4483 ταῖς
1072 4420 1196 4475 καθ’
1242 4421 1399 4493 ἡμῶν
1429 4422 1741 4476 κακώσεσιν

1821 1951 1891 1991 ne
1915 1934 2079 1989 fando
2112 1931 2352 2002 quidem,
2393 1927 2503 1982 nisi
2540 1939 2691 1980 nunc
2727 1922 2988 1993 primum,
3017 1918 3160 1988 apud
3190 1916 3412 1985 aliquos

1822 2023 2189 2080 intelleximus
2231 2026 2521 2088 usurpatas
2558 2033 2573 2071 :
2617 2013 2714 2069 sed
2755 2027 2859 2067 nos
2904 2011 2961 2063 in
3011 2006 3271 2078 prasenti
3312 2019 3409 2058 eas

1822 2116 2175 2188 experimur;
2221 2111 2352 2167 satis
2406 2109 2555 2165 enim
2610 2114 2757 2178 patet
2812 2103 2959 2175 quod
3010 2102 3115 2156 hoc
3157 2097 3414 2153 intendat

1822 2210 2090 2265 librorum
2140 2204 2382 2267 ablatio,
2422 2197 2819 2269 redemptionis
2861 2202 3211 2264 peccatorum
3259 2198 3410 2242 eata-

1823 2302 2076 2371 strOphe,
2103 2307 2159 2353 et
2186 2296 2420 2352 sublatio
2454 2310 2470 2348 :
2516 2294 2711 2347 harum
2752 2289 3005 2351 duarum,
3036 2284 3203 2338 altera
3252 2281 3411 2335 theo-

1824 2393 1921 2447 riaa
1959 2389 2180 2445 oculum
2235 2383 2535 2456 exstinguit
2571 2390 2627 2437 et
2665 2381 2970 2451 depravat:
3009 2375 3179 2429 altera
3224 2380 3412 2424 autem

1825 2481 2225 2556 pulcherrimas
2276 2477 2410 2532 alias
2457 2474 2699 2529 actiones
2746 2473 2801 2525 in
2855 2478 3043 2540 partes
3097 2462 3307 2520 divellit
3355 2469 3415 2514 et

1828 2552 2095 2633 dissolvit.
2165 2572 2248 2627 Ab
2308 2568 2460 2624 omni
2487 2575 2636 2622 retro
2704 2560 2967 2618 memoria
3018 2556 3141 2627 quis
3205 2552 3416 2608 audivit

1827 2668 2031 2725 bellum
2093 2665 2161 2719 ab
2236 2660 2555 2717 hominibus
2613 2665 2806 2712 contra
2875 2652 3117 2706 animam
3173 2644 3415 2701 hominis

1829 2756 2141 2817 indictum?
2210 2754 2369 2825 quasi
2446 2768 2558 2807 non
2617 2747 2933 2804 sufﬁcerent
2996 2755 3217 2797 omnem
3280 2738 3416 2791 iram

1829 2854 2052 2926 penitus
2114 2863 2382 2905 evacuare
2435 2857 2702 2914 corporea
2765 2836 3077 2909 supplicia,
3164 2830 3418 2886 exsilium

1830 2921 2054 3018 nempe,
2094 2943 2401 3016 captivitas,
2448 2939 2643 3001 fames,
2676 2933 2956 2995 custodia,
2986 2942 3138 2984 mors
3172 2921 3421 2994 qumidie

1833 3038 2165 3100 inferenda;
2222 3034 2316 3090 ubi
2369 3033 2427 3087 in
2461 3046 2527 3086 eo
2572 3036 2785 3082 tantum
2835 3023 2963 3078 vita:
3020 3018 3282 3092 parcitur,
3347 3028 3422 3068 ne

1834 3147 1957 3187 cum
2011 3129 2124 3184 vita
2176 3125 2339 3183 simul
2385 3136 2583 3177 sensus
2650 3117 2921 3171 malorum
2962 3110 3282 3171 auferatur;
3327 3111 3417 3157 est
3493 3141 3501 3149 .

1835 3223 1930 3279 hic
1952 3196 2343 3275 acerbissimus
2379 3212 2573 3268 mortis
2603 3208 2879 3271 stimulus,
2921 3199 3240 3258 carniﬁcina
3266 3198 3421 3250 into—

1834 3312 2095 3375 lerabilis,
2124 3320 2186 3364 ut
2206 3307 2467 3362 nimirum
2494 3300 2847 3357 morientium
2872 3295 3148 3368 patiamur
3178 3289 3420 3352 dolores,

1834 3415 1890 3465 et
1912 3416 2095 3462 tamen
2118 3414 2341 3458 sensum
2371 3397 2619 3453 dolonem
2643 3409 2756 3447 non
2793 3390 2850 3444 in
2879 3396 3054 3443 morte
3080 3382 3421 3445 amittamus,

1834 3504 1983 3578 quod
2017 3514 2196 3559 tamen
2226 3495 2589 3554 morientibus
2625 3490 2682 3545 in
2716 3483 2888 3541 tantis
2916 3478 3093 3539 malis,
3132 3476 3306 3531 solum
3338 3479 3426 3525 est

1837 3597 2114 3656 solatium.
2148 3591 2448 3650 Considera
2482 3587 2536 3640 in
2566 3584 2741 3653 teipso
2773 3580 2909 3641 haec,
2943 3572 3167 3630 domine
3192 3581 3322 3633 rex;
3365 3571 3423 3619 et

1838 3692 1883 3748 si
1915 3700 2005 3745 tua
2032 3696 2086 3741 te
2128 3690 2352 3740 excuset
2383 3673 2747 3737 conscientia,
2791 3666 2970 3737 adjice
3001 3661 3183 3716 adhuc
3216 3653 3423 3724 aliquid

1838 3792 2029 3840 contra
2066 3795 2172 3845 me,
2218 3777 2265 3831 si
2290 3786 2468 3829 tamen
2494 3767 2791 3839 quidquam
2828 3769 2912 3816 est
2939 3774 2970 3813 a
3002 3764 3056 3811 te
3089 3748 3424 3825 pratermis-

1839 3891 1982 3934 sum.
2015 3874 2109 3929 Sin
2154 3841 2209 3926 te
2246 3868 2335 3923 illa
2380 3863 2731 3923 condemnat,
2766 3852 2879 3910 noli
2914 3857 3239 3919 exspectare
3284 3841 3428 3895 futu-

1839 4056 2186 4134 poenitentia.
2232 4052 2509 4121 Deprecor
2548 4050 2729 4097 autem
2774 4050 2877 4107 ego
2921 4043 2973 4089 te
3008 4046 3148 4087 nova
3179 4023 3428 4082 fortassis

1839 4120 2249 4224 deprecatione,
2271 4120 2366 4199 sed
2388 4140 2555 4196 rebus
2573 4133 2789 4190 novatis
2805 4123 3248 4186 accommodata;
3270 4120 3424 4175 siste.

1841 4207 2161 4315 imperator,
2229 4234 2497 4291 malorum
2555 4236 2779 4281 cursum
2865 4226 3196 4288 quocunque
3263 4207 3428 4263 modo

1839 4307 2066 4409 poteris,
2108 4341 2203 4387 aut
2246 4326 2521 4383 volueris:
2562 4320 2650 4374 vel
2702 4331 2790 4371 me
2828 4313 2897 4369 de
2947 4309 3056 4365 vita
3116 4307 3220 4360 hac
3296 4315 3425 4356 sus—

1846 4396 2105 4489 tollendo,
2174 4423 2337 4491 idque
2407 4413 2752 4490 quantocius,
2816 4421 2927 4461 non
2989 4416 3113 4457 cum
3156 4396 3430 4491 multa-et

138 4484 570 4586 ἐξελέγχεις;τί
594 4517 694 4585 τὴν
725 4484 1239 4584 σὴνγχρηστότητα,
1263 4484 1408 4577 ’ταῖς
1458 4516 1538 4577 εἰς
1590 4514 1725 4584 ἡμᾶς

1845 4515 2225 4588 inexplicanda
2249 4525 2427 4575 mora,
2447 4507 2601 4578 quasi
2622 4500 2735 4558 sale
2752 4498 3035 4555 conditum
3057 4484 3427 4548 asservando;

139 4609 449 4677 ἑπηρείαις
473 4606 819 4673 διαϐάλλεις;
853 4606 905 4659 τί
954 4605 1011 4658 δε
1040 4604 1139 4676 τὴν
1179 4605 1617 4675 φιλανθρωπίαν,
1656 4608 1739 4669 εἰς

140 4698 478 4768 ὑπόκρισιν,
521 4696 621 4751 καὶ
670 4697 856 4768 σχῆμα
911 4696 1240 4766 πραότητος,
1291 4698 1358 4767 τῇ
1408 4695 1535 4751 καθ’
1580 4696 1738 4767 ἡμῶν

139 4790 299 4861 ὀργῇ
330 4790 426 4842 καὶ
452 4788 718 4859 βαρύτητι
740 4786 1050 4858 διασύρεις;
1073 4788 1173 4841 οὐκ
1200 4787 1465 4857 αἰτοῦμεν
1491 4788 1736 4859 θρόνους,

140 4883 213 4935 οὑ
247 4881 433 4947 δόξαν,
462 4881 564 4933 οὐκ
580 4880 900 4952 εὐημερίαν,
933 4879 1034 4933 οὐκ
1061 4880 1387 4934 εὐπάθειαν⁹
1406 4879 1524 4933 ἀλλ’
1552 4882 1737 4933 ἐκεῖνα

137 4973 446 5043 αἰτοῦμεν,
478 4973 515 5027 ἀ
547 4973 781 5037 καὶτοῖς
831 4971 1137 5042 δεσμώταις
1173 4971 1499 5044 παρέχεται,
1526 4965 1601 5027 ὧν
1629 4972 1739 5026 οὐδ’

136 5068 199 5120 οἰ
226 5066 576 5135 αἰχμάλωτοι
606 5064 1107 5135 ἀποτυγχάνουσιν,
1146 5061 1183 5118 ἀ
1211 5065 1308 5117 καὶ
1339 5064 1606 5135 βάρϐαροι
1627 5067 1741 5129 τοῖς

137 5157 407 5229 δεσμίοις
436 5159 701 5230 παρέχειν
730 5157 1303 5228 φιλανθρωπεύονται·
1322 5139 1415 5222 ἐἰς
1445 5157 1605 5211 τοῦτο
1632 5158 1742 5229 γὰρ

135 5253 218 5307 τὰ
270 5250 386 5322 ἐμά
414 5250 745 5322 περίεστηκε
775 5250 1099 5321 πράγματα,
1140 5251 1230 5303 ἵνα
1272 5249 1424 5322 παρά
1453 5248 1739 5319 βασιλέως,

112 5349 254 5401 καὶ
279 5356 304 5385 ο
343 5344 468 5397 τότε
501 5342 1025 5414 φιλανθρωποτάτου
1064 5341 1259 5410 γένους
1281 5341 1392 5395 τῶν
1448 5342 1743 5410 Ῥωμαίων
1770 5386 1779 5393 .

132 5437 390 5493 τοιαῦτα
415 5436 574 5492 αίτῶ.
608 5436 674 5490 Τί
702 5430 797 5490 οῦν
819 5435 1115 5505 αἰτοῦμεν;
1149 5434 1183 5506 ἢ
1233 5434 1335 5505 ζῇν
1373 5434 1448 5505 μὴ
1496 5435 1743 5507 χαλεπω-

133 5533 327 5602 τέραν
369 5529 602 5585 θανάτου
653 5527 821 5600 ζωὴν,
874 5528 911 5600 ἢ
961 5528 1155 5582 θᾶττον
1202 5527 1586 5599 ἀπαλλαγῆναι
1646 5529 1742 5581 τοῦ

1847 4621 1941 4668 aut
1972 4611 2167 4665 saltem
2210 4604 2555 4661 tristitiarum
2583 4606 2898 4651 mensuram
2932 4601 3039 4657 qua
3068 4594 3291 4655 premor
3322 4578 3430 4630 im-

1846 4706 2132 4760 minuens.
2178 4699 2392 4754 Memor
2441 4693 2519 4748 sis
2564 4686 2710 4759 quod
2746 4680 2992 4739 mortalis
3021 4672 3259 4735 exsistis,
3302 4669 3431 4723 licet

1845 4798 2178 4866 imperator;
2208 4789 2387 4860 cogita
2430 4787 2573 4857 quod
2598 4794 2832 4851 uterque
2864 4772 3056 4829 eadem
3084 4779 3251 4822 carne
3293 4760 3432 4816 ami-

1848 4893 2048 4957 cimur,
2077 4897 2133 4944 et
2196 4883 2443 4956 ejusdem
2493 4888 2706 4934 natura:
2754 4869 3047 4944 participes
3110 4875 3322 4923 sumus,
3374 4865 3432 4911 et

1849 4998 2007 5055 reges
2032 4953 2087 5037 et
2128 4953 2373 5051 privatus
2398 4972 2647 5044 quilibet.
2694 4966 2974 5021 Memento
3005 4953 3149 5027 quod
3181 4964 3432 5006 commu-

1847 5092 1979 5131 nem
2038 5073 2350 5129 Dominum,
2404 5065 2665 5119 factorem
2718 5066 2773 5112 et
2813 5052 3057 5126 judicent
3116 5046 3429 5101 habemus:

1849 5177 2001 5223 tuam
2060 5161 2235 5232 ipsius
2278 5150 2784 5212 mansuetudinem,
2827 5143 2958 5213 quid
2996 5153 3092 5199 :me
3142 5132 3435 5204 atlligendo

1851 5226 2171 5316 convincis?
2207 5249 2336 5321 quid
2380 5256 2530 5301 tuam
2568 5239 2869 5296 bonitatem
2904 5231 3123 5303 injuriis
3165 5226 3305 5282 meis
3343 5237 3435 5277 ac-

1854 5347 2061 5406 cusas?
2111 5319 2544 5399 Misericordiam
2602 5335 2659 5390 in
2712 5328 3053 5403 hypocrisin,
3104 5331 3161 5377 et
3212 5319 3435 5373 schema

1853 5435 2160 5496 clementiae
2207 5433 2335 5489 odio
2394 5430 2451 5484 in
2492 5443 2581 5483 me
2636 5434 2695 5481 et
2735 5422 2924 5477 furore
2976 5414 3221 5488 percitus
3261 5408 3434 5496 gravi,

1852 5492 2092 5585 ludibrio
2118 5521 2328 5579 habes?
2393 5517 2680 5572 Thronum
2727 5525 2836 5565 non
2869 5505 3147 5564 desidero,
3178 5514 3287 5553 non
3319 5492 3435 5565 glo-

1452 5683 1691 5743 VAth’E
1731 5681 2136 5745 LECTIONES.

224 5823 251 5853 ο
278 5811 373 5864 ἵσ.
406 5806 563 5863 Θεοῦ.
644 5809 670 5849 ι)
706 5808 793 5861 ἵσ.
825 5805 1041 5877 ἕξομεν.
1135 5818 1155 5845 ε
1200 5805 1285 5859 ἵσ.
1319 5803 1534 5858 τούτουι
