3930 6444
589 306 696 373 ’771
1705 306 1969 370 ΡΗΟΤΙΙ
2008 308 2141 369 ΡΑἹ

2172 307 2513 368 armeme
2550 307 2662 370 CP.
3649 329 3724 394 m

583 430 743 492 riam,
775 442 890 483 non
919 427 1038 483 dies
1088 427 1288 493 bonos,
1333 440 1449 481 non
1483 424 1680 482 felices
1723 442 2047 493 successus;
2089 427 2135 481 ill

2173 461 2176 481 ι
2205 432 2248 486 Α
2279 421 2528 492 σώματος
2556 439 2569 453 ·
2613 419 2970 494 δυσωπήθητι
3010 422 3114 493 τὴν
3169 421 3351 492 φύσινυ
3385 426 3608 503 amcam.
3640 445 3725 508 τηδς

585 528 800 573 tantum
865 534 1034 589 rogo,
1099 535 1222 590 quae
1280 518 1338 574 in
1405 517 1622 572 vincula
1687 519 1956 589 conjectis
2019 519 2137 574 exbi

2277 515 2492 580 κοινοὺς
2524 514 2634 569 τῶν
2657 514 2964 586 ἀνθρώπων
2989 515 3188 587 νόμους
3209 533 3223 547 ⁸
3257 517 3503 590 αίδέσθητι
3523 528 3600 595 τῆς
3634 529 3728 586 Ῥω.

582 610 808 674 bentur,
874 626 906 665 a
966 609 1167 680 quibus
1204 625 1314 666 nec
1358 608 1564 680 captivi
1608 609 1997 673 excluduntur,
2053 625 2134 680 qu:

2281 607 2489 679 μαῖκῆς
2515 609 2692 680 ἀρχῆς
2715 608 2784 662 τὰ
2807 609 2963 664 κοινά
2987 609 3172 662 δίκαια
3188 625 3203 641 ο
3228 610 3354 682 μηδὲ
3374 617 3530 669 καινόν
3547 635 3589 670 τι
3611 638 3732 694 παρα.

580 708 637 754 et
703 699 951 755 barbaris
1003 700 1270 756 catenatis
1329 699 1574 756 exhiberi
1650 701 1832 756 solent
1900 719 2024 757 cum
2072 703 2132 758 hr

2276 699 2538 772 χωρήσῃς
2568 701 2957 771 ἐπεισαχθῆναι
3007 700 3086 771 τῷ
3141 700 3241 769 βίῳ
3270 701 3514 775 διήγημα·
3543 709 3609 762 ὅτι
3642 717 3733 769 ποτε

580 791 843 845 manitate
905 807 920 846 :
984 805 1052 845 eo
1091 790 1240 845 enim
1289 800 1437 847 statu
1490 807 1578 848 res
1633 807 1770 848 meae
1827 794 2132 850 constituun

2279 791 2554 864 βασιλεὺς,
2585 792 2862 846 ὲπιεικίαν
2918 792 3014 846 καὶ
3061 792 3452 863 φιλανθρωπίαν
3492 799 3737 868 titantem-

580 889 688 946 tur,
749 892 808 936 ut
859 897 891 937 a
953 897 1082 954 rege
1142 891 1200 938 et
1257 881 1520 939 Romanis
1569 884 2002 941 clementissima
2071 902 2132 940 na

2278 900 2462 955 μενος,
2489 883 2643 952 φίλον
2670 883 2960 956 ἀρχιερέα,
2995 885 3090 938 καὶ
3136 885 3411 938 σύντεκνον
3436 892 3734 961 ιιιοιησάμενρς1

577 974 726 1028 tione
785 973 1164 1044 hujuscemodi
1213 975 1604 1044 deprecatione
1654 978 1735 1033 uti
1782 993 2009 1034 necesse
2038 979 2129 1033 mil

2273 975 2364 1045 ὑφ’
2386 968 2449 1030 οὗ
2478 977 2690 1048 χερσὶν,
2741 976 2903 1039 αὑτός
2957 993 3016 1028 τε
3067 975 3160 1028 καὶ
3213 976 3246 1047 ἡ
3276 971 3488 1046 βασιλὶς,
3514 979 3565 1033 τὸ
3590 982 3738 1054 χρίσμα

573 1066 667 1120 sit.
715 1066 846 1132 Quae
894 1075 982 1122 est
1019 1077 1206 1122 autem
1252 1067 1386 1121 illa?
1425 1067 1642 1124 scilicet
1691 1079 1754 1124 ut
1793 1069 1879 1124 vel
1924 1085 1994 1124 ne
2037 1072 2125 1124 vit:

2268 1069 2368 1140 τῆς
2395 1068 2678 1141 βασιλείας
2707 1069 2954 1140 ὲχρίσθη,
3007 1069 3102 1122 καὶ
3137 1068 3199 1121 τδ
3239 1067 3440 1140 ἀξίωμα
3481 1070 3737 1142 ἐνεδύσαντο,

573 1159 773 1226 quavis
800 1169 980 1214 morte
1003 1160 1174 1231 magis
1206 1159 1404 1215 afﬂicta
1435 1161 1609 1225 fruar,
1637 1172 1734 1218 aut
1766 1171 1825 1218 ut
1859 1179 2021 1233 quam
2055 1165 2125 1219 cit

2277 1161 2366 1230 ὑφ’
2393 1155 2456 1216 οὗ
2479 1160 2600 1216 λίαν
2627 1159 2883 1231 ὲφιλήθη,
2924 1161 3019 1213 καὶ
3043 1159 3182 1230 πρὸς
3203 1158 3261 1213 ὃν
3290 1159 3441 1230 ὅρκια
3478 1162 3558 1216 καὶ
3591 1164 3741 1232 πίστεις

575 1248 644 1304 de
689 1263 920 1320 corpore
950 1252 1134 1322 egredi
1179 1251 1377 1307 liceat:
1414 1267 1670 1308 reverere
1704 1264 1953 1309 naturam
1981 1263 2040 1309 ut
2070 1271 2127 1309 ex

2269 1253 2561 1322 φρικώδεις
2606 1252 2759 1306 έθετο
2781 1294 2796 1319 ,
2837 1252 2897 1306 ὃν
2929 1253 3293 1324 ὑπεραγαπᾷν
3324 1251 3413 1304 καὶ
3444 1251 3647 1325 στέργειν
3677 1259 3741 1310 ὲπ-

573 1339 790 1406 oreris;
843 1356 1166 1397 communes
1229 1343 1580 1400 mortalitatis
1637 1343 1788 1416 leges
1860 1360 2124 1400 venerare

2273 1347 2550 1400 εδείκνυτο
2607 1345 2809 1401 ἆπασι’
2860 1345 3050 1399 τοῦτον
3107 1345 3309 1416 ἐξορίᾳ,
3358 1346 3444 1399 καὶ
3477 1345 3596 1416 λιμῷ
3616 1349 3741 1419 πικρῷ

572 1434 892 1488 communia
943 1433 1177 1489 Romani
1220 1435 1442 1506 imperii
1481 1437 1599 1494 iura
1651 1437 1763 1492 noli
1803 1437 2124 1491 committert

2274 1438 2568 1508 παραδοὺς,
2630 1438 2723 1492 καὶ
2777 1437 2993 1508 μυρίοις
3044 1437 3225 1500 ἄλλοις
3275 1437 3556 1506 κατατὴξας
3594 1442 3740 1503 κακοξ,

571 1533 632 1577 ut
657 1526 725 1579 de
784 1534 837 1581 te
895 1537 1152 1583 narretur
1205 1545 1406 1585 novum
1457 1539 1509 1584 te
1570 1529 1624 1584 in
1687 1530 1796 1584 vita
1858 1530 2123 1601 exemplui

2121 1544 2169 1583 m
2277 1531 2571 1602 εὐχόμενον
2606 1531 2747 1602 ὑπὲρ
2783 1530 2973 1594 αὐτοῦ,
3010 1529 3086 1601 τῷ
3115 1529 3328 1601 θανάτῳ
3352 1528 3673 1600 παρέπεμψεν.

571 1615 872 1672 intulisse:
907 1632 1106 1688 nempe
1147 1618 1316 1685 istud,
1363 1619 1509 1688 quod
1557 1619 1856 1689 imperator
1905 1619 1998 1689 qui
2042 1618 2481 1674 misericordiam
2530 1629 2586 1673 et
2643 1619 2993 1673 clementiam
3051 1617 3426 1688 pollicebatur,
3466 1620 3744 1689 archiepisco-

570 1722 702 1778 pum
737 1724 898 1779 quem
940 1712 1176 1764 amicum
1205 1711 1438 1766 habebat
1479 1721 1535 1766 et
1583 1726 1932 1767 communem
1987 1709 2194 1764 ﬁlium:
2233 1726 2262 1765 a
2316 1713 2474 1781 cujus
2515 1712 2790 1776 manibus,
2841 1727 2968 1764 cum
3036 1710 3152 1781 ipse
3193 1719 3306 1764 tum
3349 1712 3626 1781 imperatrix
3646 1718 3742 1785 regni

572 1807 925 1867 susceperant
993 1798 1336 1861 unctionem,
1381 1809 1438 1854 et
1498 1807 1828 1869 potestatem
1898 1799 2191 1854 induerant
2262 1799 2574 1871 dignitatis:
2619 1817 2651 1856 a
2713 1816 2824 1871 quo
2883 1801 3241 1856 vehementer
3287 1800 3600 1872 diligebatur,
3650 1809 3742 1874 apud

569 1907 731 1962 quem
788 1892 1003 1962 juratus
1086 1893 1248 1948 ﬁdem
1293 1893 1699 1964 interposuerat
1767 1894 2174 1949 reverendam:
2241 1910 2404 1963 quem
2449 1895 2606 1950 valde
2644 1895 2872 1966 diligere
2924 1901 2980 1948 et
3029 1908 3217 1947 amore
3303 1894 3566 1964 complecti
3607 1898 3743 1964 passim

568 1985 825 2039 omnibus
884 1986 1199 2041 ostenderat
1243 2003 1258 2040 :
1303 1986 1455 2042 illum
1516 1987 1717 2053 inedia,
1771 1987 1965 2043 exsilio
2021 1987 2296 2055 multavit,
2345 1997 2401 2043 et
2475 1989 2752 2044 sexcentis
2826 1986 2950 2043 aliis
2991 1985 3152 2042 malis
3204 1985 3540 2057 liquefactum
3591 1988 3741 2046 interim

569 2077 824 2145 precibus
847 2091 949 2148 pro
987 2078 1104 2148 ipso
1133 2077 1564 2134 intercedentem
1592 2079 1754 2136 morti
1789 2080 1960 2137 dedit.

1147 2192 1369 2250 EPIST.
1419 2193 1586 2250 xvu.
2193 2179 2240 2238 B

2193 2179 2240 2238 Β
2867 2192 3092 2249 Εηιετ.
3139 2193 3243 2250 12'.

1275 2285 1478 2341 Eidem.

2919 2283 3005 2352 Τῷ
3026 2285 3209 2353 αὐτῷ.

1702 2399 1851 2452 Edita
1881 2414 1908 2450 a
1937 2400 2239 2452 Montacutio
2271 2401 2374 2466 (ep.
2407 2400 2488 2462 98,
2519 2413 2569 2464 p.
2603 2399 2739 2464 141).

636 2528 752 2600 Ego
779 2527 1000 2598 quidem
1047 2527 1372 2584 arbitrabar
1418 2535 1472 2583 te
1503 2525 1571 2583 ad
1599 2526 1752 2599 regni
1791 2526 2007 2598 fastigia
2031 2541 2161 2598 pro-

2362 2523 2491 2595 Εγὼ
2515 2525 2610 2598 μὲν
2623 2524 2806 2596 ᾤμην,
2821 2523 2921 2594 τῆς
2935 2523 3089 2594 ὑμῶν
3109 2540 3375 2594 κραταιου
3384 2524 3539 2596 μένης
3554 2525 3744 2596 βασιλείας

564 2629 735 2684 moto,
781 2619 915 2674 mihi
955 2620 1156 2691 gratias
1222 2619 1421 2690 agendi
1498 2619 1828 2691 multiplices
1879 2618 2116 2674 adfatur:

2272 2618 2474 2682 πολλὰς
2521 2618 2658 2688 αὐτῇ
2721 2615 3022 2688 προσάγειν
3070 2615 3423 2688 εὐχαριστίας
3446 2617 3572 2690 ὑπὲρ
3594 2619 3668 2690 τῆς
3701 2623 3745 2684 είς

562 2711 905 2777 occasiones,
934 2727 1032 2782 pro
1063 2711 1279 2778 amicis,
1304 2711 1571 2783 cognatis,
1595 2711 1978 2779 familiaribus,
2001 2719 2114 2766 caete

2272 2712 2421 2784 ἡμᾶς
2448 2709 2792 2781 εὐεργεσίας,
2818 2708 2960 2780 ὑπὲρ
2991 2708 3184 2779 φίλων,
3223 2709 3368 2780 ὑπὲρ
3388 2711 3651 2780 συγγενῶν,
3666 2713 3749 2780 ὑπὲρ

566 2803 645 2857 ris
714 2803 1156 2873 quibuscunque,
1224 2805 1423 2874 quibus
1477 2814 1532 2861 te
1554 2806 1676 2862 sine
1738 2805 1960 2862 fastidio
2022 2807 2118 2862 mil

2278 2802 2545 2873 συνήθων,
2577 2803 2716 2872 ὑπὲρ
2746 2802 2968 2857 πάντων
2995 2801 3202 2870 ἁπλῶς,
3225 2804 3333 2858 ὅσα.
3379 2804 3608 2874 πράττων
3649 2805 3749 2866 αὐτὸς

566 2893 998 2964 gratiﬁcaturum
1043 2897 1097 2951 in
1129 2907 1397 2966 quantum
1453 2912 1666 2968 posses,
1712 2899 1902 2968 putavi
1933 2917 1948 2959 :
1979 2915 2046 2954 eo
2075 2914 2118 2953 η]

2269 2895 2351 2958 είς
2374 2893 2475 2965 τὴν
2493 2893 2653 2965 ἡμῶν
2681 2892 2981 2964 θεραπείαν
3021 2894 3182 2965 κόρον
3205 2895 3310 2949 οὐκ
3333 2890 3475 2965 εἶχες
3499 2894 3749 2966 χαρίζεσθαι.

567 2989 685 3057 spei
744 2987 1031 3044 induxerat
1082 2989 1333 3046 sincerus
1391 2999 1447 3046 et
1471 2990 1590 3046 sine
1641 2989 1770 3047 fuco
1807 3007 1964 3046 meus
2021 2991 2119 3047 int

2262 2984 2358 3048 Είς
2387 2983 2546 3038 τοῦτο
2571 2984 2682 3056 γὰρ
2705 2984 2852 3055 ἡμᾶς
2876 2978 3033 3054 ἦγεν,
3059 2984 3094 3053 ἦ
3126 3001 3186 3038 τε
3213 2983 3437 3057 καθαρὰ
3473 2985 3593 3056 πρός
3621 3002 3664 3037 σε
3695 2986 3751 3038 καὶ

565 3079 806 3145 animus,
851 3095 954 3136 nec
1001 3079 1260 3136 dubitare
1307 3082 1565 3139 sinebant
1608 3083 2004 3155 promissiones
2036 3101 2117 3141 se}

2262 3070 2492 3146 ἀκηθινὴ
2519 3073 2779 3138 διάθεσις,
2817 3073 2913 3127 καὶ
2937 3071 3048 3126 τῶν
3097 3072 3312 3143 μυρίων
3353 3073 3528 3144 ὅρκων
3568 3073 3642 3125 καὶ
3668 3071 3752 3124 ὑπο-

566 3182 753 3228 centae
785 3171 1118 3242 juramentis
1151 3173 1519 3240 conﬁrmatae;
1559 3191 1696 3246 quas
1722 3192 1810 3232 me
1854 3177 1940 3232 vel
1969 3177 2118 3232 inviti

2266 3167 2505 3238 σχέσεων
2526 3167 2588 3220 τὸ
2615 3165 2896 3220 άνένδοτον
2921 3181 2936 3196 ο
2965 3163 3060 3227 οὓς
3089 3163 3186 3218 καὶ
3205 3164 3452 3220 ἀκόντων
3479 3163 3630 3235 ήμῶν,
3652 3162 3755 3223 αὺτδς

566 3263 686 3334 ipse
713 3279 898 3326 coram
940 3265 1204 3322 omnibus
1246 3267 1492 3323 studiose
1529 3270 1890 3340 propagabas.
1921 3271 1991 3326 At
2034 3287 2118 3326 nos

2269 3258 2442 3327 ὅμως,
2481 3257 2619 3328 πρὸς
2663 3256 2911 3318 ἅπαντας
2971 3255 3272 3312 ὑποτείνων
3317 3257 3381 3310 οὐ
3427 3255 3649 3318 διέλιπες.
3685 3253 3755 3307 Νῦν

566 3363 669 3411 trae
695 3356 806 3426 jam
843 3355 1060 3410 tandem
1093 3355 1202 3411 huc
1223 3371 1350 3427 spes
1381 3357 1748 3427 devenerunt,
1779 3369 1840 3415 ut
1861 3360 1982 3416 licet
2017 3375 2118 3416 εει-ι

2269 3351 2330 3404 δὲ
2364 3352 2443 3415 είς
2474 3349 2634 3403 τοῦτο
2652 3348 2721 3403 τὰ
2747 3348 2858 3402 τῶν
2880 3349 3166 3420 ἡμετέρων
3194 3348 3433 3402 ἐλπίδων
3463 3348 3752 3418 περιέστηκεν.

565 3448 831 3503 nec'satis
872 3459 1202 3518 opportune,
1247 3457 1342 3504 tuo
1404 3449 1637 3521 imperio
1703 3453 1990 3524 gratiﬁcari
2065 3453 2117 3512 b:

2269 3443 2355 3496 ὅτι
2382 3442 2488 3496 κᾶν
2530 3441 2629 3511 ὀψὲ
2673 3439 2768 3495 τοῦ
2814 3441 3031 3514 καιροῦ,
3081 3443 3234 3512 ὅμως
3283 3439 3683 3512 εὐχαριστίαντῇ
3715 3437 3753 3505 σῇ

563 3539 747 3596 beam.
775 3539 1044 3606 Quorsum
1067 3549 1248 3596 autem
1271 3550 1327 3596 et
1352 3541 1408 3596 in
1433 3558 1543 3613 quo
1565 3543 1814 3615 inquies?
1831 3544 1977 3615 quod
1997 3545 2115 3600 latri

2270 3531 2626 3603 προσάγομεν
2688 3529 2958 3603 βασιλείᾳ.
3002 3531 3128 3585 Ἐπὶ
3159 3530 3293 3599 τίνι,
3349 3531 3446 3586 καὶ
3487 3529 3568 3584 διὰ
3610 3527 3673 3615 cf;
3707 3527 3755 3579 im

565 3651 702 3692 num
747 3647 805 3691 et
827 3636 1310 3706 suspendiosorum
1357 3636 1645 3693 hominum
1707 3638 1995 3710 supplicia,
2035 3654 2117 3694 Clll

2202 3676 2230 3710 β
2269 3621 2371 3684 τὰς
2406 3620 2518 3675 τῶν
2547 3620 2760 3694 λῃστῶν
2797 3620 2894 3677 καὶ
2921 3620 3257 3692 κακουργῶν
3285 3621 3572 3693 τιμωρίας,
3607 3613 3672 3682 αἷς
3703 3617 3754 3670 ὲν-

565 3728 771 3799 quibus
812 3743 987 3798 usque
1031 3727 1102 3784 ad
1165 3727 1606 3799 absumptionem
1669 3729 2057 3798 conflictabar,
2101 3729 2117 3784 i

2203 3709 2231 3736 “
2263 3713 2556 3778 αθλοῦντες
2578 3714 2738 3785 ἡμεῖς
2767 3712 3306 3782 καταδαπανώμεθα,
3346 3714 3426 3777 είς
3449 3714 3510 3768 τὸ
3544 3709 3755 3784 μετριώτε-

565 3835 795 3876 cursum
863 3821 1352 3890 temperantiorem
1411 3828 1738 3876 convertere
1822 3821 2117 3892 polliceari:

2265 3821 2358 3877 ρον
2390 3803 2749 3875 σχηματίζειν
2781 3805 3171 3875 ἐπεχείρησας.
3211 3805 3360 3858 Ἀλλ’
3399 3806 3520 3878 ὅρα,
3556 3802 3671 3873 φίλε,
3694 3799 3755 3892 xiv

565 3912 705 3969 Vide
733 3922 918 3969 autem
945 3913 1039 3980 sis,
1071 3913 1271 3968 dilecte
1293 3911 1451 3979 mihi,
1480 3913 1610 3968 licet
1644 3891 2117 3986 nolis,7imperat01

2265 3898 2341 3968 μὴ
2365 3896 2566 3968 βούλει,
2595 3895 2839 3967 βασιλεῦ,
2861 3896 2945 3950 ὃτι
2971 3898 3035 3951 τὸ
3062 3896 3367 3968 πειρᾶσθαι
3393 3897 3592 3951 πείθειν
3614 3891 3755 3960 ἀνθρώ·

563 4007 712 4077 quod
768 4014 986 4061 tentare
1043 4014 1258 4060 tantum
1301 4011 1364 4059 ut
1420 4005 1760 4076 persuadeas
1818 3983 2115 4064 hominibus

2263 4005 2425 4052 πους,
2453 3988 2516 4042 οὐ
2549 3987 2712 4058 μόνον
2733 3987 2887 4041 οὐδὲν
2915 3987 3162 4042 συντελεῖ
3194 3989 3337 4059 πρὸς
3364 3988 3428 4042 τὸ
3474 3991 3638 4042 πεῖσαι
3659 3983 3754 4043 Θεὸν,

564 4113 681 4154 non
723 4099 888 4154 modo
923 4099 1058 4154 nihil
1101 4096 1322 4153 confert
1359 4096 1433 4152 ad
1479 4099 1918 4172 persuadendum
1959 4101 2116 4156 Deun

2261 4077 2401 4132 ἀλλὰ
2456 4079 2551 4132 καὶ
2603 4079 2686 4144 είς
2733 4078 3052 4133 τούναντίον
3109 4081 3507 4152 περιτρέπεται
3527 4096 3541 4111 ο
3589 4077 3755 4132 καὶτῶν

562 4189 663 4245 sed
707 4189 766 4245 in
812 4190 976 4260 plane
1015 4195 1351 4251 contrarium
1401 4193 1777 4261 immutatur;
1824 4199 1976 4247 certe
2036 4206 2114 4260 qui

2264 4169 2437 4234 ἀδεῶς
2468 4168 2708 4224 ἐνταῦθα
2741 4171 3158 4242 πραττομένων,
3190 4171 3401 4244 μᾶλλόν
3429 4174 3572 4227 ἐστιν
3613 4164 3750 4224 ἐκεῖθεν

565 4282 690 4338 sine
739 4283 853 4338 ullo
903 4294 1049 4340 metu
1104 4285 1196 4341 hic
1262 4293 1531 4359 geruntur
1587 4285 1906 4341 acerbiores
1966 4298 2117 4356 paena

1509 4303 1531 4340 r
1587 4285 1906 4341 acerbiores
1966 4298 2157 4356 poenas
2263 4263 2300 4333 ἠ
2325 4261 2666 4334 παντέφορος
2697 4261 2819 4335 δίκη
2847 4263 3061 4334 κριτής·

563 4376 695 4432 olim
736 4377 966 4450 justitiae
1002 4380 1190 4436 omnia
1249 4382 1505 4438 lustranti
1531 4382 1764 4439 dabunt.

1899 4673 2478 4770 MONITUM

1707 4867 1773 4925 IN
1816 4866 2234 4936 SEQUENTEM
2275 4867 2687 4927 EPISTOLAM.

1596 5013 1827 5086 (Angela
1857 5013 1957 5070 Min
1990 5013 2188 5084 Script.
2218 5027 2322 5074 vet.
2358 5025 2402 5072 t.
2431 5016 2487 5082 l,
2516 5032 2653 5089 page
2676 5016 2815 5086 ιιι.)

639 5145 935 5248 Vestiganti
969 5151 1107 5206 mihi
1136 5151 1198 5248 in
1225 5150 1511 5248 Vaticanis
1534 5151 1954 5248 .pluteis-Photii
1983 5153 2205 5224 scripta,
2236 5154 2483 5227 ignotum
2508 5142 2792 5248 quoddam
2832 5163 3034 5248 praeter
3060 5169 3223 5248 spem
3241 5170 3304 5212 se
3329 5153 3527 5248 obtulit
3554 5152 3611 5208 in
3822 5193 3823 5248 ἡ

565 5245 756 5291 vetere
782 5237 1153 5307 palimpsesto,
1181 5239 1352 5295 breve
1387 5239 1644 5310 equidem
1679 5240 1775 5295 sed
1802 5247 1983 5296 tamen
2019 5256 2132 5296 non
2161 5244 2646 5300 contemnendum.
2685 5241 2844 5298 Prior
2890 5243 3228 5315 palimpsesti
3269 5245 3542 5316 scriptura
3577 5235 3772 5310 quadrata

566 5333 673 5391 est,
706 5325 1057 5396 continetque
1085 5337 1271 5398 partes
1303 5345 1584 5386 sacrarum
1607 5345 1794 5385 rerum
1824 5329 2062 5396 Leontii,
2087 5330 2156 5386 de
2184 5346 2294 5401 quo
2320 5347 2488 5402 opere
2518 5333 2572 5386 in
2602 5331 2713 5386 alio
2736 5330 3018 5387 volumine
3049 5332 3338 5388 locuturus
3365 5347 3511 5388 sum.
3559 5325 3772 5395 Scriptura

562 5414 856 5487 posterior,
883 5415 1067 5470 saeculi
1095 5413 1267 5478 ferme
1292 5433 1413 5486 xm,
1444 5418 1613 5474 habet
1649 5433 1790 5489 opus
1823 5417 2042 5474 Eusebii
2072 5417 2150 5473 De
2196 5420 2304 5472 situ
2338 5429 2388 5472 et
2419 5419 2718 5473 nominibus
2768 5418 3154 5475 Hebraicorum
3195 5420 3434 5474 locorum
3469 5434 3488 5473 :
3532 5425 3582 5471 et
3612 5411 3771 5483 quidem

561 5503 634 5558 ad
659 5518 908 5558 normam
938 5502 1104 5572 hujus
1141 5505 1404 5560 rarissimi
1429 5506 1657 5570 codicis,
1686 5506 1780 5576 qui
1811 5506 1916 5560 fuit
1951 5507 2080 5560 olim
2112 5505 2404 5561 cardinalis
2435 5505 2642 5573 Sirleti,
2679 5515 2891 5561 textum
2936 5509 3119 5577 operis
3150 5506 3448 5562 Eusebiani
3503 5503 3653 5559 fuisse
3689 5490 3771 5550 reﬁ-

561 5601 714 5648 ctum
734 5591 894 5648 docet
912 5590 1214 5648 Vallarsius
1248 5593 1304 5648 in
1335 5593 1652 5666 Hieronymi
1679 5595 1941 5660 editione,
1975 5595 2039 5650 T.
2065 5593 2152 5649 lll.
2192 5596 2512 5665 Sequuntur
2543 5593 2598 5647 in
2629 5594 2820 5650 codice
2854 5595 3114 5665 glossaria
3145 5595 3419 5666 quaedam,
3457 5605 3564 5647 tum
3587 5590 3645 5642 de
3666 5598 3768 5639 meu-

563 5680 710 5736 suris
749 5681 1196 5752 ponderibusque
1247 5683 1509 5753 Opuscula
1534 5724 1550 5748 ,
1599 5698 1817 5737 necnon
1854 5684 2174 5754 theologicae
2205 5683 2412 5753 aliquot
2438 5681 2811 5738 deﬁnitiones.
2847 5683 2987 5738 Exin
3030 5683 3214 5740 Photii
3269 5683 3534 5739 canonica
3575 5681 3767 5746 responsa

565 5769 828 5841 quinque,
866 5785 993 5829 cum
1023 5784 1090 5826 eo
1121 5770 1280 5828 titulo
1305 5785 1469 5843 quem
1492 5770 1569 5845 ,ιιι
1601 5778 1793 5828 nostra
1825 5772 2065 5831 editione
2099 5771 2285 5829 Graece
2313 5771 2657 5844 scripsimus.
2689 5769 2947 5831 Photium
2977 5773 3212 5845 denique
3250 5773 3645 5845 subsequuntur
3678 5759 3767 5814 Gre“
