3930 6428
143 302 241 368 773
1276 268 1814 368 EPISTOLARUM
1854 308 2089 368 LIBER
2128 308 2177 367 I.
3281 308 3389 374 774

141 414 544 490 gorii'l‘heologi
580 414 847 485 quadam,
887 425 945 471 et
982 430 1154 486 pauca
1199 429 1489 487 anonyma.
1520 417 1773 473 Profecto
1824 427 1881 472 et
1933 420 2048 488 ipse
2086 418 2474 488 palimpsestus
2515 417 2570 472 in
2604 418 2866 473 extremis
2903 418 3107 475 codicis
3161 418 3307 477 foliis
3351 441 3384 476 a

137 505 310 575 priore
338 514 395 559 et
416 504 653 560 maxima
687 505 773 559 sui
819 514 974 575 parte
1004 503 1220 559 diﬁ'ert:
1272 505 1437 560 habet
1464 506 1610 560 enim
1656 507 1892 562 Actuum
1918 508 2340 578 apostolicorum
2389 507 2713 577 fragmenta,
2744 508 3137 562 vetustioribus
3164 547 3178 570 ,
3218 525 3383 578 quam

135 587 339 645 Leontii
376 604 533 660 opus,
563 590 757 645 litteris
784 599 1023 645 exarata.
1058 588 1167 646 Sed
1192 592 1363 658 enim,
1408 592 1497 648 his
1542 593 1763 649 interim
1796 595 2033 659 omissis,
2062 595 2131 649 de
2168 594 2349 650 Photii
2380 595 2585 664 scripto
2622 595 2864 649 breviter
2907 595 3042 649 mihi
3088 595 3382 652 dicendum

136 686 236 743 est,
256 677 400 747 quod
427 676 495 731 ad
521 675 760 732 Leonem
790 676 1049 732 Calabria
1080 676 1556 749 archiepiscopum
1574 680 1829 737 mittitur.
1855 680 2121 738 Calabria
2143 683 2326 737 sedem
2351 682 2716 752 episc0palem
2745 682 2890 736 inter
2916 698 3009 737 eas
3039 689 3386 736 numeratam

134 765 307 831 video,
337 779 459 835 qua
480 763 803 834 patriarcha
834 763 1132 835 Byzantino
1161 766 1445 835 parebant,
1469 766 1767 822 in'novella
1795 766 1997 824 Leonis
2020 768 2297 839 Sapientis
2323 769 2422 839 (l),
2446 767 2538 838 qui
2568 766 2743 823 Photii
2772 770 3025 824 alumnus
3052 768 3157 823 fuit
3184 786 3197 821 :
3224 770 3389 839 eique

132 853 248 909 sedi
284 853 512 909 honoris
540 853 739 925 gradus
766 852 910 908 inter
938 853 1231 909 Mocissum
1256 854 1640 927 Larissamque
1669 856 1944 912 tribuitur.
1980 856 2151 911 Porro
2178 866 2363 911 utrum
2393 855 2645 911 Calabria
2678 856 3024 926 intelligenda
3052 857 3123 911 sit
3152 858 3385 929 Argivo-

132 957 252 997 rum
288 941 486 1008 insula,
531 941 589 996 in
630 958 737 1012 qua
781 942 910 997 olim
942 941 1340 999 Demosthenes
1370 960 1645 1000 venenum
1677 946 1880 1012 hausit,
1921 962 1991 1000 an
2024 946 2208 1017 potius
2233 945 2399 1000 Italia
2430 944 2729 1015 provincia,
2761 945 2906 999 haud
2933 945 3045 1000 scio
3080 962 3148 999 an
3188 947 3391 1001 merito

130 1029 379 1085 dubitare
399 1030 581 1085 liceat.
609 1028 745 1086 Nam
776 1038 833 1086 et
864 1031 1028 1086 Italia
1054 1031 1362 1088 Calabriam
1392 1033 1449 1088 in
1481 1049 1545 1089 ea
1575 1034 1789 1090 novella
1820 1050 1879 1105 p.
1908 1034 2012 1089 lOO
2049 1033 2311 1105 appellari
2338 1033 2523 1097 video,
2551 1048 2660 1103 quo
2686 1034 2805 1088 loco
2834 1031 3111 1088 Severina
3143 1033 3391 1089 Calabra

129 1118 246 1173 sedi
293 1118 664 1189 subjiciuntur
704 1117 945 1190 episcopi
986 1118 1419 1191 Callipolitanus,
1452 1121 1839 1187 Acerantinus,
1884 1129 1941 1175 et
1983 1119 2162 1176 Castri
2206 1120 2426 1176 veteris.
2460 1121 2601 1176 Tum
2626 1121 2794 1200 .apud
2857 1120 3389 1191 Porphyrogenitum

128 1205 301 1261 them.
336 1205 431 1261 lib.
455 1204 526 1271 ll,
551 1206 642 1273 10,
669 1206 989 1277 oppidulum
1019 1206 1232 1264 Sancta
1260 1207 1536 1264 Severina
1574 1222 1744 1279 prope
1772 1207 2067 1264 Crotonem
2098 1209 2340 1280 ponitur.
2371 1210 2548 1279 Atque
2577 1208 2663 1263 his
2698 1208 2752 1262 in
2795 1208 2930 1262 locis
2965 1207 3167 1263 Graca
3220 1210 3389 1262 ritum

128 1291 390 1348 Ecclesia
426 1293 624 1363 partim
673 1295 853 1350 adhuc
893 1296 1075 1366 vigere
1120 1295 1280 1351 docet
1316 1294 1596 1366 Ughellius
1644 1304 1777 1350 tom.
1853 1295 1950 1360 IX,
2005 1312 2062 1367 p.
2108 1296 2234 1351 475.
2279 1295 2531 1352 Profecto
2568 1303 2728 1350 atate
2783 1294 3048 1349 Photiana
3092 1301 3392 1349 extremam

128 1380 275 1434 illam
306 1380 477 1435 Italia
506 1390 715 1452 partem
745 1383 799 1436 in
832 1382 1111 1454 Byzantini
1146 1384 1544 1446 patriarchatus
1569 1382 1768 1437 ﬁnibus
1804 1381 1972 1438 fuisse
1999 1385 2453 1454 comprehensam
2474 1423 2489 1449 ,
2523 1383 2709 1437 multis
2749 1382 3093 1436 documentis
3134 1396 3394 1452 compro-

128 1467 313 1521 batum
352 1477 471 1533 est,
507 1478 563 1523 et
592 1480 741 1524 certe
764 1484 792 1523 a
819 1470 964 1525 dicta
997 1471 1109 1541 jam
1142 1469 1488 1540 imperatoris
1519 1469 1750 1525 novella.
1782 1468 1896 1525 lmo
1926 1485 2055 1526 vero
2088 1472 2327 1527 Leonem
2389 1470 2539 1526 hunc
2567 1469 2831 1526 Calabria
2870 1469 3069 1524 Italica
3119 1469 3393 1539 archiepi-

127 1569 352 1624 scopum
384 1554 551 1612 fuisse
581 1558 670 1611 vix
700 1558 911 1623 dubito,
952 1557 1083 1613 dum
1107 1557 1397 1613 considero
1420 1557 1673 1612 Photiaui
1703 1557 1989 1627 cujusdam
2023 1558 2221 1614 inediti
2239 1560 2423 1630 operis
2443 1559 2709 1613 adversus
2731 1557 2955 1613 Latinos
2980 1556 3069 1626 (de
3095 1572 3205 1625 quo
3226 1572 3395 1627 Opere

129 1646 274 1713 mox)
308 1643 509 1711 locum,
552 1646 667 1710 ubi,
710 1645 1045 1700 enumeratis
1084 1644 1248 1700 Italia
1292 1653 1348 1700 et
1380 1644 1691 1701 Occidentis
1717 1646 1879 1702 variis
1929 1647 2146 1717 populis
2192 1648 2286 1718 qui
2319 1647 2565 1718 pontiﬁci
2612 1646 2859 1702 Romano
2894 1646 3196 1714 parebant,
3238 1646 3398 1700 abiis

128 1730 356 1786 Photius
399 1734 601 1802 excipit
633 1734 934 1797 Calabros,
980 1748 1118 1803 quos
1157 1734 1234 1788 ait
1275 1749 1400 1789 cum
1464 1732 1667 1788 Gracis
1711 1736 2047 1790 consentire.
2095 1735 2203 1791 Sed
2250 1744 2433 1791 tamen
2474 1735 2585 1790 Leo
2642 1742 2790 1789 certe
2858 1730 3053 1803 Rhegii
3102 1735 3399 1803 episcopus

126 1828 334 1874 octava
375 1821 581 1891 synodo
620 1831 808 1876 contra
842 1821 1094 1876 Photium
1136 1821 1421 1876 celebrata
1472 1821 1799 1893 subscripsit
1840 1822 1919 1895 (2)
1954 1841 1967 1877 :
2000 1822 2252 1893 idemque
2314 1823 2371 1877 in
2420 1821 2862 1893 pseudo-synodo
2909 1820 3177 1875 Photiana
3227 1837 3396 1890 appa-

128 1910 239 1961 ruit
269 1908 345 1978 ('5)
378 1926 396 1961 ι
437 1925 600 1979 quam
644 1927 757 1965 rem
795 1911 1018 1966 Coletus
1068 1910 1122 1964 in
1178 1908 1409 1981 Ughellii
1449 1908 1527 1981 (4)
1568 1910 2047 1966 emendationibus
2088 1912 2365 1980 sapienter
2412 1911 2644 1975 notavit,
2696 1918 2858 1979 atque
2890 1909 2965 1963 ita
2994 1908 3233 1962 Leonem
3281 1923 3396 1961 non

116 1996 296 2069 dubio
325 1996 517 2052 ordine
544 1998 597 2051 in
624 1998 1001 2069 Rheginorum
1031 1996 1409 2069 episcoporum
1436 1998 1577 2053 serie
1608 2000 1909 2055 constituit.
1933 2000 2039 2055 Sed
2076 2015 2202 2056 ecce
2242 1999 2299 2053 in
2332 1999 2586 2070 pradicta
2614 1998 2829 2053 novella
2860 2012 2916 2067 p.
2965 1996 3068 2051 100
3116 1994 3399 2067 Rheginus

128 2084 471 2155 episcopusa
495 2085 727 2142 Calabro
770 2088 905 2143 satis
935 2087 1307 2158 distinguitur.
1338 2084 1511 2141 Porro
1541 2102 1641 2158 ego
1668 2094 1859 2141 auctor
1887 2101 2006 2141 sum
2040 2095 2100 2141 ut
2118 2087 2185 2142 de
2213 2086 2415 2142 ﬁnibus
2434 2085 2715 2157 Byzantini
2750 2083 3151 2155 patriarchatus
3188 2082 3399 2154 legatur

128 2173 293 2227 etiam
327 2174 620 2243 perdoctus
641 2174 890 2231 Bressius
923 2176 979 2231 in
1011 2175 1208 2230 Melita:
1255 2176 1658 2245 antiquitatibus
1683 2174 1784 2247 (5),
1803 2176 1895 2245 qui
1922 2174 2180 2230 Leonina
2206 2175 2435 2231 novella
2462 2174 2841 2229 auctoritatem
2868 2180 2989 2243 post
3011 2171 3147 2225 alios
3177 2171 3397 2225 criticos

128 2260 378 2315 ventilat.
418 2260 498 2315 Ad
534 2276 648 2317 rem
684 2274 926 2318 nostram
958 2263 1104 2333 quod
1148 2262 1362 2325 attinet,
1401 2271 1615 2318 constat
1646 2261 1884 2318 Leonem
1915 2262 2179 2319 Calabria
2215 2262 2688 2333 archiepiscopum
2729 2260 3088 2331 postulavisse
3127 2274 3157 2313 a
3200 2258 3398 2313 Photio

127 2348 441 2417 patriarcha
480 2365 605 2413 suo,
638 2359 802 2421 atque
830 2366 862 2404 a
894 2351 1131 2421 synodo,
1159 2365 1281 2420 qua
1310 2350 1453 2420 apud
1485 2350 1661 2421 ipsum
1693 2350 2091 2417 celebrabatur,
2120 2351 2517 2406 dubitationum
2546 2348 2905 2420 quarumdam
2938 2346 3238 2402 solutiones
3265 2364 3279 2399 :
3306 2349 3396 2401 cui

126 2436 377 2493 honesta
410 2439 661 2508 petitioni
686 2455 982 2495 occurrens
1006 2439 1255 2505 Photius,
1281 2438 1460 2509 capita
1484 2440 1727 2510 quinque
1750 2440 2064 2510 rescripsit:
2091 2456 2212 2511 qua
2239 2455 2339 2510 ego
2363 2449 2422 2494 ut
2450 2439 2518 2493 de
2546 2454 2605 2493 re
2634 2438 2900 2493 canonica
2928 2437 3089 2502 bene,
3120 2445 3183 2490 ut
3214 2451 3401 2505 spero,

125 2540 391 2591 mererer,
422 2526 614 2582 Latina
643 2526 769 2593 feci,
798 2527 1022 2584 scholiis
1048 2527 1256 2599 aliquot
1281 2525 1577 2596 declaravi,
1607 2536 1665 2583 et
1689 2526 1737 2583 si
1763 2542 1891 2584 cum
1921 2526 2319 2599 Amphilochiis
2350 2526 2408 2582 in
2443 2526 2549 2583 hoc
2575 2526 2854 2582 volumine
2881 2525 3125 2591 ederem,
3165 2525 3403 2584 nretium

121 2626 315 2681 opera
352 2612 471 2669 fore
498 2614 757 2685 judicavi.

983 2978 1351 3061 PHOTII
1420 2982 1943 3065 RESPONSA
2014 2983 2557 3067 CANONICA.

131 3316 225 3382 Τῷ
247 3316 691 3386 θεοφιλεστάτφ
711 3314 1013 3380 όσιωτὰτφ
1026 3315 1477 3388 συλλειτουρνιῖ)
1501 3317 1683 3371 Λέοντ

1848 3317 2223 3388 leligiosissimo
2251 3326 2335 3388 get
2392 3316 2727 3369 sanctissimo
2783 3315 2942 3370 Leoni
2981 3314 3255 3388 Calabria!
3306 3330 3400 3367 ar-

200 3388 659 3457 ἁρχιεπισκόπῳ
693 3389 1032 3458 Καλαϐρίας
1068 3386 1287 3454 Φώτιος
1325 3386 1712 3458 ἀρχιεπίσκο-

1888 3386 2215 3458 εΙιὶερὶεεορο
2240 3386 2463 3442 Plautius
2510 3388 2928 3455 archiepiscopus
2964 3386 3405 3454 Constantinopo-

201 3472 319 3524 πος
356 3459 1075 3524 Κωνσταντινουπόλεως.

551 3459 1075 3524 ξαντινουπόλεως.
1889 3459 2103 3513 titanas.

204 3570 293 3625 Τὰ
327 3570 480 3643 παρὰ
506 3570 606 3643 τῆς
655 3570 811 3642 ὑμῶν
864 3571 1143 3641 θεοφιλὶας
1189 3572 1328 3644 πρὸς
1381 3573 1532 3643 ἡμᾶς
1581 3574 1715 3628 ἅνα-

1889 3570 2021 3637 Qua
2050 3580 2230 3626 vestra
2255 3571 2432 3642 pictas
2464 3570 2533 3626 ad
2564 3586 2666 3626 nos
2702 3569 2851 3626 misit
2874 3580 3131 3641 capitula,
3159 3586 3284 3626 cum
3315 3585 3407 3625 re-

123 3665 462 3737 πεμφθέντα
491 3665 763 3735 κεφάλαια
781 3667 895 3728 τοῖς
926 3664 1365 3735 θεοφιλεστάτοις
1398 3666 1556 3736 ἡμῶν
1596 3668 1675 3720 ὲπι

1858 3663 2183 3735 giosissimis
2247 3663 2451 3719 nostris
2500 3664 2864 3734 metmpolitis
2916 3663 3162 3718 exhibita
3198 3662 3409 3717 fuerint

121 3756 363 3810 δοθέντα
422 3754 851 3827 μητροπολίταις
882 3754 958 3826 (6)
994 3759 1089 3810 καὶ
1117 3755 1249 3827 παρ’
1277 3755 1458 3810 αὐτῶν
1487 3758 1673 3827 δοκιμο

1857 3765 1986 3825 tque
2008 3756 2077 3810 ab
2100 3755 2208 3810 illis
2228 3755 2283 3809 in
2303 3770 2529 3809 examen
2553 3764 2765 3822 vocata,
2797 3755 3071 3826 ejusmodi
3102 3755 3408 3811 retulerunt

127 3847 340 3903 σθέντα
377 3864 440 3901 τε
481 3849 579 3901 καὶ
617 3846 1035 3917 βασανισθέντα,
1068 3848 1327 3919 τοιαύτης
1375 3846 1530 3918 ἔτυχε
1593 3848 1679 3920 κρι

1021 3889 1035 3915 ,
1068 3848 1327 3919 τοιαύτης
1375 3846 1530 3918 ἔτυχε
1593 3848 1716 3920 κρί-
1816 3847 2083 3920 judicium
2122 3862 2188 3903 ac
2216 3847 2567 3903 solutionem.

126 3939 279 4004 σεώς
312 3957 375 3993 τε
413 3941 509 3993 καὶ
544 3938 869 4002 ἐπιλύσεως.

202 4028 290 4084 A’.
346 4029 487 4101 Περὶ
543 4028 645 4101 μὲν
704 4027 815 4083 τῶν
860 4027 1199 4099 χειροτονίαν
1256 4028 1537 4101 ἱερατικὴν
1583 4028 1719 4099 μηδὲ

1892 4022 1935 4078 l.
1977 4023 2133 4089 Quod
2159 4023 2227 4079 ad
2249 4039 2344 4079 eos
2379 4023 2635 4079 homines
2680 4024 2880 4079 attinet
2907 4024 3027 4094 qui,
3065 4023 3216 4078 nullo
3254 4038 3409 4079 sacro

129 4124 277 4195 μίαν
304 4121 562 4191 ἑχόντων,
605 4118 960 4190 βαπτίσματα
1004 4119 1064 4175 δὲ
1101 4119 1171 4175 δι’
1217 4120 1430 4175 ἑαυτῶν
1464 4122 1681 4175 τελεσάι

1858 4115 2012 4170 rdine
2042 4115 2277 4186 praditi,
2302 4116 2632 4186 baptismum
2656 4130 2821 4170 manu
2851 4131 2949 4170 sua
2977 4114 3407 4170 administrave-

125 4229 275 4275 των,
305 4208 550 4264 τοιοῦτόν
577 4227 632 4263 τι
666 4212 921 4281 ὥρισται.
961 4209 1053 4273 Ὠς
1101 4211 1150 4263 εἱ
1198 4209 1298 4279 μὲν
1350 4209 1410 4262 ὲν
1457 4208 1677 4280 ὲλευθέρ

1858 4216 1970 4271 ιιηι,
2006 4207 2112 4261 hoc
2145 4206 2428 4262 deﬁnitum
2464 4206 2588 4263 fuit.
2624 4206 2907 4277 Siquidem
2940 4207 2997 4261 hi
3028 4207 3198 4261 libera
3228 4208 3285 4261 in
3320 4222 3410 4261 re-

121 4305 205 4373 γῇ
239 4300 340 4355 καὶ
368 4298 713 4372 Χριστιανῶν
741 4299 1029 4373 παρρησίᾳ
1051 4300 1243 4371 ἱερέων
1263 4317 1326 4353 τε
1343 4299 1599 4372 εὐπορίᾳ,
1621 4317 1673 4353 τε

1859 4299 1982 4353 ione
2010 4307 2065 4353 et
2087 4297 2399 4354 Christiana
2419 4314 2553 4370 pace
2579 4299 3035 4368 sacerdotumquc
3062 4298 3241 4368 copia,
3264 4298 3410 4368 ejus-

117 4382 387 4449 τοιούτου
429 4394 843 4465 κατετόλμησαν
902 4393 1331 4464 ἐγχειρήματος,
1395 4392 1503 4446 τῶν
1560 4392 1669 4464 ἱερῦ

1856 4392 1969 4447 nodi
2001 4391 2146 4446 actui
2174 4406 2395 4445 manum
2418 4391 2711 4445 admovere
2733 4391 2851 4445 ausi
2876 4390 3106 4455 fuerint,
3128 4404 3408 4445 sacrarum

116 4484 560 4557 διακοσμήσεών
583 4503 643 4539 τε
671 4486 765 4539 καὶ
791 4486 1204 4557 προχειρήσεων
1234 4486 1327 4539 τὸν
1385 4484 1586 4556 θεσμὸν
1643 4502 1668 4536 ε

1859 4485 2272 4541 onstitutionum
2300 4500 2364 4541 ac
2393 4485 2825 4540 ministeriorum
2886 4486 3063 4557 legem
3133 4482 3286 4538 ﬂocci
3329 4482 3411 4536 fa-

120 4578 354 4649 φαῦλον
379 4578 681 4650 τιθέμενοι,
719 4578 919 4649 μᾶλλον
938 4577 994 4631 δὲ
1012 4578 1272 4649 ἀλαζονία
1299 4577 1672 4650 ἐμπορευσάμε

1861 4575 2056 4639 ientes,
2088 4574 2199 4629 imo
2229 4589 2361 4629 vero
2389 4574 2647 4644 superbia
2686 4590 2783 4629 sua
2820 4574 2984 4638 elati;
3021 4571 3114 4639 hi,
3147 4572 3367 4641 inquam
3394 4612 3408 4638 ,

120 4688 244 4734 νοι,
280 4669 530 4742 σφοδρῶς
580 4667 1001 4740 ἑπιτιμηθέντες
1054 4669 1195 4741 ὑπὲρ
1236 4668 1346 4723 τῶν
1386 4670 1489 4742 ἠδη
1532 4670 1672 4739 πλημ

1857 4681 2012 4721 evere
2036 4666 2314 4736 increpiti,
2343 4666 2413 4721 ob
2445 4666 2500 4721 id
2529 4665 2676 4736 quod
2714 4667 2979 4719 hactenus
3005 4672 3409 4734 perpetrarunt,

122 4760 517 4835 μεληθέντων,
546 4762 642 4816 καὶ
690 4761 793 4831 τῆς
847 4762 988 4831 μετὰ
1023 4760 1198 4815 ταῦτα
1254 4763 1536 4833 ἱερατικῆς
1587 4781 1674 4834 πμ

1887 4774 2045 4813 sacro
2080 4757 2245 4812 etiam
2288 4756 2544 4827 posthinc
2580 4757 2886 4811 ministerio
2931 4757 3003 4810 ob
3038 4754 3181 4808 hanc
3216 4769 3411 4809 noxam

118 4854 452 4925 χειρήσεως
477 4851 545 4905 δι’
576 4851 709 4905 αὕτὸ
734 4868 798 4920 γε
824 4852 983 4905 τοῦτο
998 4851 1459 4924 ἀπειρχθήσονται
1490 4869 1507 4885 ο
1539 4853 1587 4906 οἱ
1613 4853 1670 4921 γά

1863 4847 2207 4902 xcludantur.
2234 4846 2370 4901 Nam
2396 4846 2488 4916 qui
2519 4846 2691 4901 divini
2727 4844 2961 4915 Spiritus
2994 4844 3222 4915 gratiam
3251 4858 3412 4896 usur-

112 4949 234 5016 τὴν
269 4943 370 4998 τοῦ
406 4943 555 4997 θείου
606 4942 927 5014 Πνεύματος
974 4943 1135 5015 χάριν
1179 4941 1522 5013 ἁποσυλῆσαι
1563 4942 1664 4997 θελε

1859 4955 1958 4994 ιιι-ο
1990 4939 2300 5004 voluerunt,
2332 4939 2545 5008 sibique
2577 4939 2844 4993 honorem
2874 4936 3081 5005 absque
3118 4934 3215 4989 Dei
3252 4949 3411 4990 voca—

116 5050 365 5099 σαντες,
394 5033 492 5087 καὶ
538 5035 753 5096 ἑαυτοῖς
796 5032 896 5101 τὴν
942 5030 1134 5103 τιμὴν,
1166 5031 1281 5084 ἀλλ’
1310 5031 1410 5101 οὐχ
1436 5031 1542 5084 ὑπὸ
1587 5031 1668 5085 Θε‹

1861 5031 1981 5085 ione
2004 5030 2303 5095 vindicare,
2338 5029 2505 5085 veluti
2530 5029 2733 5083 divina
2769 5027 2957 5099 gratia
2976 5034 3413 5096 contemptores,

112 5124 475 5195 καλούμενοι
498 5125 623 5177 tm
631 5122 913 5193 ρέψαντες,
931 5120 1007 5184 ὡς
1033 5122 1135 5192 τῆς
1152 5120 1303 5186 θείας
1319 5121 1540 5194 χάριτος
1552 5138 1664 5176 κατε

1873 5136 1937 5176 ac
1971 5122 2087 5191 ipsa
2120 5131 2295 5177 semet
2323 5122 2677 5176 orhaverunt.
2717 5120 2893 5186 Quam
2929 5118 3077 5175 enim
3110 5125 3238 5173 ante
3277 5116 3420 5172 acci-

199 5461 298 5532 (l.)
332 5458 497 5532 épud
528 5456 919 5532 Leunﬁclavium
951 5457 1037 5532 De_
1063 5458 1180 5532 jar.
1219 5460 1311 5515 Gr.
1338 5459 1490 5514 Rom.
1534 5474 1592 5529 p.
1634 5458 1725 5515 88.
1912 5461 1988 5532 (6)
2026 5459 2272 5532 lntellige
2308 5456 2727 5532 patriarchalem
2769 5454 3074 5532 synodum,
3109 5452 3416 5532 cuiusmodi

198 5524 296 5601 (2)
330 5524 498 5601 “infd-
525 5530 731 5601 Qoncn-
762 5540 800 5583 ι·
819 5528 979 5601 LP;
1013 5524 1167 5601 9‘29;
1193 5600 1201 5601 ί
1536 5524 1553 5529 ’
1837 5524 2139 5601 permultas
2169 5524 2398 5601 legimus
2422 5530 2585 5601 apud
2620 5524 3008 5601 Leunclavium
3039 5527 3095 5578 in
3126 5524 3415 5601 canpnico-

234 5594 295 5671 5)
341 5600 780 5671 Colet.Conc.}.
810 5594 985 5671 iXVll,
1016 5614 1069 5670 p.
1104 5599 1227 5656 574.
1838 5594 1963 5656 i'um
1987 5594 2375 5671 responsorum
2401 5594 2581 5671 libris.
2616 5598 2692 5653 De
2724 5597 2908 5671 Leone
2936 5605 3120 5650 autem
3151 5594 3414 5671 Calabria

230 5663 294 5735 4')
342 5671 476 5724 Tom
514 5670 604 5733 IX,
635 5686 690 5738 p.
723 5669 848 5725 524.
971 5663 978 5666 ’
1017 5663 1032 5670 ’
1840 5671 2039 5725 Italica
2074 5663 2492 5739 archiepiscopi,
2519 5670 2586 5723 ad
2616 5684 2797 5739 quem
2834 5668 2950 5723 hac
2987 5679 3249 5736 responsa
3280 5663 3410 5720 scri-

196 5738 295 5816 (5)
340 5742 463 5797 Lib.
501 5757 570 5795 νι.
609 5740 693 5793 15.
1840 5742 1919 5797 bit
1951 5741 2197 5806 Photius,
2239 5738 2351 5795 dixi
2381 5738 2545 5810 supra
2578 5739 2631 5794 in
2663 5738 2883 5793 Manilo.
