3930 6478
200 420 310 486 777

1366 420 1907 485 EPISTULARUM
1948 421 2179 483 LIBER
2219 424 2269 483 Ῑ.

3353 425 3456 487 778

200 534 461 605 ΚῌΦΑΛ.
504 534 580 589 B'.
608 562 681 577 ---
706 534 844 604 Περὶ
874 534 1293 604 πρεσϐυτέρων
1323 538 1422 591 καὶ
1477 537 1773 590 διακόνων

1881 536 2025 593 CAP.
2055 536 2120 591 ll.
2148 566 2217 578 —
2238 537 2313 590 De
2332 536 2639 605 presbyteris
2668 544 2714 587 ρι
2758 536 2995 590 diaconi:
3024 551 3243 605 quorum
3272 553 3457 593 uxores

267 602 360 661 ὧν·
388 609 448 660 αἱ
489 602 929 675 γυναῖκεξὺπὸ
956 606 1277 675 Βαρϐάρων
1314 607 1741 677 διεφθάρησαν.

276 700 417 768 Περὶ
440 698 496 750 δὲ
520 697 628 750 τῶν
648 696 1032 769 πρεσϐυτέρων
1048 698 1141 751 καὶ
1153 698 1417 753 διακόνων
1438 701 1548 754 τῶν
1570 704 1634 754 ἐκ
1652 701 1785 773 βαρε-

201 790 442 859 6αρικῆς
456 787 707 850 ἁλώσεως
723 790 821 852 τὰς
844 788 1054 851 οἰκείας
1069 789 1484 859 ἀναδεξαμένων
1496 796 1780 860 γυναῖκας,

201 879 416 949 φθορὰν
475 881 532 931 ἐν
564 881 675 941 τοῖς
709 879 1014 949 Βαρϐάροις
1053 880 1390 946 ὑποστάσας,
1420 883 1517 952 οὑχ
1578 883 1783 938 ἁπλοῦν

200 971 426 1040 ὁρῶμεν
460 969 549 1023 τὸν
586 969 768 1039 νόμον,
795 969 939 1023 οὰλλά
965 973 1101 1040 πρὸς
1133 971 1233 1034 τὰς
1257 971 1553 1042 διαφόρους
1575 974 1782 1027 ποικιλ-

199 1061 433 1131 λόμενον
449 1061 674 1130 πράξεις
702 1075 717 1089 ·
749 1063 797 1113 εί
831 1064 930 1131 μὲν
949 1063 1058 1132 γὰρ
1081 1064 1421 1133 ὲκουσιότητι
1456 1066 1554 1135 τὴν
1577 1066 1782 1145 ιρθορὰν

198 1154 543 1223 ὑπέστησαν,
578 1153 743 1206 παντὶ
780 1156 967 1225 τρόπῳ
988 1156 1115 1218 τοὺς
1143 1157 1343 1226 ἄνδρας
1380 1157 1587 1209 τούτων
1620 1160 1778 1229 ἱερω-

200 1247 409 1316 μένους
437 1246 615 1309 ὄντας,
646 1246 678 1315 ἣ
710 1247 914 1299 τούτων
951 1248 1060 1299 τῶν
1098 1248 1376 1315 γυναικῶν
1416 1249 1700 1318 ἐκστῆναι,
1744 1250 1777 1321 ἢ

200 1336 563 1406 βουλομένους
584 1337 806 1401 ταύταις
839 1342 1101 1400 συνεῖναι,
1124 1338 1439 1392 πεπαῦσθαι
1488 1340 1587 1410 τῆς
1619 1342 1781 1411 ἱερω-

198 1425 374 1495 σύνης
405 1426 552 1497 (11)⁶
582 1424 723 1479 οὑτω
760 1427 859 1495 μὲν
905 1429 953 1479 εἰ
984 1429 1324 1497 ἐκουσιότητι
1365 1430 1681 1503 ὑπέστησαν
1709 1435 1776 1502 τῇ

198 1517 383 1589 φθορᾷ
405 1535 418 1548 ·
449 1517 511 1570 τὸ
557 1517 657 1586 μὲν
686 1517 780 1571 οὖν
827 1519 998 1582 πάθος
1032 1521 1193 1573 πάλιν
1226 1522 1486 1591 τέμνεται
1514 1525 1593 1586 είς
1640 1524 1734 1577 δύο
1757 1540 1773 1556 ⁸

193 1609 261 1662 τὸ
296 1609 395 1678 μὲν
427 1608 535 1679 γὰρ
567 1609 732 1662 αὑτοῦ
770 1612 1113 1680 μεμιγμένην
1156 1613 1269 1681 ἔχει
1289 1614 1389 1683 τὴν
1416 1612 1512 1666 τοῦ
1536 1616 1779 1685 ἠναγκα-

198 1700 403 1769 σμένου
426 1699 825 1767 συγκατάθεσιν
850 1718 864 1731 ·
894 1700 956 1752 τὸ
973 1701 1031 1753 δὲ
1054 1703 1330 1766 παντελῶς
1360 1703 1594 1774 ὑπάρχει
1640 1705 1779 1771 γνὼ-

198 1806 313 1861 μης
342 1792 437 1843 καὶ
467 1790 920 1856 συγκαταθέσεως
945 1791 1230 1864 ἐλεύθερον
1278 1793 1374 1847 τοῦ
1406 1795 1778 1863 ἐπηρεασθέν-

2246 624 2278 660 a
2312 606 2566 659 Barbaris
2596 606 2805 659 violata:
2838 608 3071 676 fuerunt.

1958 698 2033 753 De
2063 699 2391 769 presbyteris
2425 714 2489 751 ac
2512 698 2779 760 diaconis,
2828 698 2919 766 qui
2946 714 3012 752 ex
3047 698 3324 752 barbarica
3364 715 3459 755 ca-

1884 791 2132 860 ptivitate
2181 805 2378 844 uxores
2404 805 2527 843 suas
2579 799 2922 858 receperunt,
2983 790 3368 845 contumeliam
3424 810 3459 847 a

1884 882 2137 937 Barbaris
2181 897 2386 952 passas,
2439 880 2581 934 haud
2632 880 2859 949 simplex
2908 880 3191 936 decretum
3238 894 3465 938 exstare

1882 975 2149 1039 videmus,
2188 975 2281 1029 sed
2320 989 2419 1042 pro
2462 988 2643 1026 rerum
2684 982 2956 1041 gestarum
3002 974 3317 1029 diversitate
3357 991 3457 1030 va-

1883 1066 2046 1120 rium.
2090 1066 2226 1118 Nam
2280 1065 2325 1118 si
2383 1064 2486 1117 illae
2551 1077 2662 1115 non
2708 1063 2893 1115 invitae
2949 1064 3148 1117 vitiata:
3211 1066 3455 1126 fuerunt.

1883 1157 2105 1210 omnino
2134 1164 2347 1225 oportet
2377 1155 2521 1212 viros
2550 1169 2734 1208 earum
2776 1153 2949 1207 sacris
2988 1154 3273 1210 ordinibus
3314 1171 3458 1223 pra:-

1882 1248 2022 1301 ditos
2049 1255 2143 1300 aut
2172 1246 2479 1316 hujusmodi
2512 1246 2741 1299 feminas
2761 1245 3035 1309 deserere,
3058 1254 3152 1298 aut
3174 1246 3217 1299 si
3241 1247 3457 1301 illarum

1880 1341 2133 1394 convictu
2164 1339 2239 1393 uti
2266 1339 2456 1404 velint,
2489 1354 2519 1391 a
2548 1353 2705 1393 sacro
2739 1336 3044 1391 ministerio
3082 1352 3317 1391 cessare.
3353 1339 3454 1401 Ita,

1880 1433 2124 1502 inquam,
2165 1433 2207 1485 si
2263 1431 2522 1485 mulieres
2568 1446 2678 1484 non
2729 1429 2913 1484 invitae
2956 1429 3168 1484 violatae
3205 1429 3451 1483 fuerunt.

1878 1524 2091 1577 Rursus
2120 1522 2239 1591 ejus
2269 1521 2442 1591 stupri
2473 1522 2581 1576 duo
2613 1535 2811 1593 genera
2850 1535 2973 1575 esse
3015 1531 3277 1590 possunt;
3320 1537 3457 1590 quo-

1880 1630 1999 1668 rum
2042 1614 2270 1669 alterum
2320 1614 2541 1668 mistum
2584 1614 2905 1670 habetcum
2953 1614 3281 1668 necessitate
3321 1629 3458 1668 con-

1879 1721 2132 1771 sensum;
2181 1706 2413 1760 alterum
2446 1706 2813 1760 voluntarium
2843 1704 3069 1759 omnino
3098 1713 3184 1759 est
3225 1714 3282 1760 et
3317 1720 3458 1759 con-

1878 1796 2151 1850 sensionis
2219 1795 2440 1865 plenum
2480 1804 2537 1850 et
2582 1794 2783 1865 injuria
2831 1795 3085 1850 liberum.
3132 1798 3455 1867 Exemplum

191 1899 310 1943 τος·
329 1881 440 1935 οἷόν
461 1899 512 1935 τι
532 1883 705 1949 λέγω·
734 1883 938 1936 Ἐλπίδι
963 1883 1113 1954 φόϐῳ
1140 1884 1173 1954 ἢ
1197 1885 1479 1954 μαστίγων
1505 1887 1649 1949 τινὲς
1671 1886 1776 1941 τῶν

1881 1898 2019 1943 esto.
2052 1888 2180 1958 Spe,
2209 1888 2403 1943 timore
2428 1888 2747 1951 verberum,
2788 1888 3065 1942 nonnulla:
3094 1887 3333 1951 feminae,
3367 1890 3455 1944 vel

192 1973 561 2044 γυναικῶν,ῆ
607 1972 701 2026 καὶ
754 1974 892 2044 πρὸς
933 1976 1135 2045 πεῖραν
1182 1976 1282 2044 τῆς
1338 1977 1609 2047 τιμωρίας
1672 1978 1778 2047 ἁφ-

198 2070 424 2138 ιγμέναι
463 2068 733 2131 ἐξέδωκαν
788 2070 989 2133 ἑαυτὰς
1015 2072 1095 2134 εἰς
1156 2070 1364 2143 φθοράν
1389 2088 1405 2104 ·
1444 2073 1779 2144 συγγνώμης

196 2163 300 2233 μὲν
332 2157 427 2215 οὖν
456 2156 614 2215 αὗται
647 2158 812 2226 ἄξιαι,
846 2162 878 2230 ἢ
920 2165 977 2216 αἱ
1032 2164 1319 2234 πρότερον,
1354 2164 1450 2218 ἆτε
1478 2164 1542 2235 δὴ
1583 2164 1775 2235 βουλη-

194 2253 379 2306 θεῖσαι
399 2252 784 2323 διαφθαρῆναι,
815 2252 1039 2324 ὕστερον
1054 2254 1111 2307 δὲ
1128 2255 1233 2308 ὑπὸ
1255 2255 1354 2323 τῆς
1378 2255 1622 2326 ἀνάγκης
1642 2257 1779 2327 πρὸς

192 2344 360 2398 τοῦτο
396 2347 861 2416 κατολισθήσασαι
888 2363 903 2378 ⁶
934 2350 995 2402 οὑ
1034 2349 1141 2419 μὴν
1187 2350 1244 2403 δὲ
1272 2350 1393 2403 οὑδὲ
1422 2348 1584 2404 αὗται
1624 2353 1774 2418 ἄξιαι

191 2437 561 2507 τυγχάνουσιν
589 2440 908 2508 ἱερωμένοις
942 2444 1182 2494 συνεῖναι
1212 2442 1470 2513 ἀνδράσιν
1495 2458 1509 2472 ·
1535 2443 1779 2510 συγγνώ-

197 2546 316 2599 μης
350 2529 459 2600 γὰρ
490 2530 585 2582 ἐπὶ
620 2531 946 2601 ρυπάσμασι
991 2532 1085 2585 καὶ
1139 2531 1515 2603 καθαρότητος
1549 2534 1683 2587 πολὺ
1718 2536 1779 2587 τὸ

193 2621 459 2690 διάφορον
494 2636 510 2650 ⁶
564 2620 633 2673 δι’
686 2621 715 2674 ὃ
763 2623 860 2675 καὶ
900 2623 949 2676 οἱ
993 2622 1312 2693 βουλόμενοι
1370 2625 1564 2688 αὑταῖς
1614 2627 1780 2695 ἱερεῖς

194 2711 593 2777 συνάπτεσθαι,
650 2714 744 2766 καὶ
795 2706 940 2768 οὗτοι
994 2712 1090 2767 τοῦ
1140 2714 1341 2767 οἰκείου
1396 2715 1778 2769 διαπεσοῦνται

195 2803 517 2874 ἀξιώματος
544 2822 557 2834 ·
583 2804 643 2857 τὸ
672 2805 730 2857 δὲ
771 2805 960 2859 Λοιπὸν
986 2805 1137 2874 παρὰ
1176 2804 1349 2858 ταῦτα
1377 2805 1453 2869 ὡς
1484 2806 1577 2859 τοῦ
1611 2807 1778 2858 ἀκου-

197 2899 323 2950 σίου
355 2895 530 2958 εἴδους
557 2896 819 2967 ἐξῄρηται
851 2896 950 2965 τῆς
990 2894 1277 2957 κοινωνίας
1319 2896 1510 2949 τούτου
1546 2911 1559 2925 ·
1590 2891 1701 2950 οἷόν
1725 2913 1779 2949 τι

191 2988 346 3055 λέγω
366 3003 381 3017 ο
416 2989 483 3041 El!
502 3005 585 3049 τις
610 2988 858 3058 βασάνων
888 2987 1253 3058 ἐπαγομένων
1287 2986 1319 3056 ἢ
1349 2988 1443 3040 καὶ
1480 2988 1555 3058 μὴ
1580 2988 1780 3055 ἐπαγο-

200 3080 387 3149 μένων
431 3081 621 3150 χεῖρας
659 3080 754 3132 καὶ
799 3078 967 3141 πόδας
1013 3077 1215 3147 δεθείη,
1242 3071 1360 3130 εἶτα
1412 3078 1777 3148 περιφυλάξαι

196 3169 406 3239 ἑαυτὴν
445 3170 516 3222 τὰ
547 3169 784 3240 μάλιστα
814 3166 1130 3232 σπουδάζει,
1156 3166 1323 3238 πόρον
1346 3167 1448 3221 οὑκ
1480 3168 1595 3237 ἔχει
1614 3167 1775 3237 αὐτὴ,

197 3261 313 3315 κᾶν
365 3262 514 3314 δοκεῖ
553 3260 896 3330 διεφθάρθαι,
946 3261 1152 3329 φθορᾶς
1207 3259 1304 3325 τὴν
1352 3260 1554 3329 ἑαυτῆς
1599 3260 1779 3331 ψυχὴν
1808 3241 1852 3302 C

196 3354 498 3423 ἐλευθέραν
557 3356 622 3423 τῇ
675 3370 737 3419 γε
788 3351 1016 3423 ἀληθείᾳ
1060 3352 1440 3422 διατηρήσασα
1483 3352 1728 3422 κρίνεται
1759 3369 1776 3385 ο

196 3448 326 3509 ’ταῑς
352 3446 631 3507 τοιαύταις
659 3442 753 3500 οὖν
788 3445 1036 3513 γυναιξὶν
1069 3444 1124 3497 εἴ
1156 3462 1299 3508 τινες
1326 3444 1434 3497 τῶν
1470 3445 1780 3515 ἱερωμένων

197 3540 472 3591 συνοικεῖν
524 3536 835 3606 βούλοιντο,
885 3536 1144 3605 οὐδεμίαν
1189 3536 1276 3587 ἐπ’
1326 3535 1507 3589 αὐτῶν
1564 3536 1780 3606 ὁρῶμεν

194 3630 510 3699 ἀποτομίαν
562 3628 1000 3698 προδαίνουσαν·
1049 3626 1333 3696 ἀγαπητὸν
1393 3626 1491 3697 μὲν
1545 3628 1652 3697 γὰρ
1688 3627 1781 3680 καὶ

196 3722 506 3785 ἐπαινετὸν,
541 3724 589 3774 εἰ
614 3721 710 3775 καὶ
736 3722 887 3791 κοινῇ
906 3720 1099 3793 γνώμῃ
1125 3720 1218 3773 καὶ
1245 3718 1410 3789 βουλῇ
1446 3718 1507 3771 τὸ
1535 3720 1778 3772 συνοικέ-

198 3831 319 3867 σιον
351 3812 696 3866 διαλύσουσιο
736 3812 832 3882 οὑχ
851 3812 927 3874 ὡς
961 3812 1316 3881 ρυπάσματος
1354 3810 1387 3880 ἢ
1428 3810 1777 3879 κηλιδὼσεως

194 3906 399 3966 αἴτιον,
424 3904 537 3957 ἀλλ’
581 3905 668 3957 ἵνα
705 3903 805 3965 τάς
835 3920 894 3955 τε
933 3901 1043 3954 τῶν
1085 3900 1299 3953 πολλῶν
1333 3900 1631 3970 ὑπολήψεις
1687 3901 1779 3952 ἐπὶ

193 3996 256 4047 τὸ
309 3993 509 4063 μᾶλλον
557 3992 861 4062 θαυμάζειν
902 3991 1001 4061 τὴν
1030 3990 1233 4061 ἀρετὴν
1287 3990 1646 4060 διεγείρωσιν,
1683 3989 1778 4041 καὶ

190 4083 310 4135 τῶν
336 4081 685 4151 χαιρεκάκων
729 4079 1010 4141 παντελῶς
1065 4079 1136 4130 τὰ
1170 4079 1413 4149 στόματα
1446 4077 1776 4148 ἀπορῤάψω·

191 4189 282 4225 σιν
340 4172 449 4241 (12)
480 4186 494 4200 ·
525 4171 620 4223 καὶ
672 4170 972 4240 μαρτύριον
1025 4168 1256 4239 ἐναργὲς
1313 4168 1771 4238 παραστήσωσιν,

182 4265 276 4318 ὅτι
321 4263 437 4334 βίας
466 4264 634 4332 μόνης
666 4258 735 4333 ἦν
767 4263 903 4332 ὅπερ
939 4260 998 4326 ἐξ
1038 4261 1302 4332 ἐπηρείας
1333 4261 1647 4330 ὑπέστησαν
1672 4276 1688 4293 ο
1721 4262 1772 4311 εἰ

182 4357 306 4427 γὰρ
337 4356 456 4421 ἐξὸν
483 4356 620 4426 αὑτῇ
647 4354 803 4425 ἀνδρὶ
855 4353 932 4424 τῷ
966 4353 1182 4424 νομίμῳ
1224 4355 1523 4419 κοινωνεῖν,
1578 4355 1611 4423 ἡ
1635 4365 1663 4394 ει
1711 4352 1771 4406 δὲ

180 4447 317 4519 Θεῷ
344 4447 547 4518 μᾶλλον
579 4446 910 4517 κολληθῆναι
956 4445 1269 4516 ᾑρετίαατο,
1303 4444 1421 4508 πῶς
1448 4444 1517 4497 ἂν
1553 4442 1653 4515 τὴν
1673 4460 1770 4513 γε-

1879 1979 2043 2033 etiam
2075 1978 2412 2033 eruciatuum
2458 1977 2828 2047 experientia,
2860 1977 3038 2031 vitiari
3081 1991 3141 2032 se
3183 1978 3456 2048 permise-

1879 2080 2026 2144 runt.
2076 2069 2170 2124 Hae
2198 2068 2416 2139 quidem
2454 2071 2615 2125 venia
2654 2071 2828 2141 magis
2862 2070 3042 2141 dignae
3077 2078 3243 2135 sunt,
3287 2085 3454 2140 quam

1880 2164 1984 2217 illae
2022 2178 2143 2232 quae
2165 2171 2323 2216 antea
2348 2163 2563 2232 quidem
2594 2171 2791 2232 sponte
2820 2174 3071 2232 Stuprum
3100 2176 3272 2231 passae
3301 2170 3455 2226 sunt,

1878 2262 2068 2325 postea
2100 2268 2234 2309 vero
2258 2254 2581 2308 necessitate
2610 2253 2658 2308 id
2682 2253 3045 2309 admiserunt.
3078 2253 3187 2308 Has
3210 2268 3453 2323 quoque.

1878 2348 2122 2417 inquam,
2173 2344 2405 2401 feminas
2454 2346 2736 2417 indignum
2792 2354 2848 2401 et
2893 2360 3018 2400 cum
3080 2345 3457 2401 sacerdotibus

1877 2440 2009 2494 viris
2039 2439 2205 2494 vitam
2244 2440 2468 2510 agitare.
2499 2437 2713 2509 Quippe
2761 2438 2957 2509 ingens
3008 2438 3153 2493 inter
3184 2438 3325 2492 labis
3367 2438 3460 2491 in-

1879 2532 2211 2602 dulgentiam
2251 2541 2307 2585 et
2333 2532 2629 2601 puritatem
2662 2530 3007 2585 intervallum
3047 2541 3151 2584 est.
3191 2530 3371 2595 Quare
3409 2530 3456 2583 si

1879 2624 1968 2693 qui
1997 2624 2307 2679 sacerdotes
2333 2623 2420 2677 bis
2449 2622 2689 2692 copulari
2718 2622 2924 2685 volent,
2956 2621 3061 2691 ipsi
3100 2637 3317 2691 quoque
3352 2636 3457 2675 sua

1879 2715 2141 2783 dignitate
2178 2715 2453 2769 excident.
2495 2714 2761 2783 Superest
2798 2713 3229 2767 involuntarium
3277 2712 3457 2782 stupri

1880 2819 2073 2871 genus,
2112 2803 2257 2873 quod
2290 2803 2347 2856 in
2372 2803 2760 2873 praedictorum
2797 2803 3113 2856 societatem
3146 2818 3259 2855 non
3280 2802 3457 2856 venit.

1879 2894 2197 2963 Exemplum
2219 2902 2359 2948 esto.
2379 2894 2431 2947 Si
2447 2908 2576 2962 qua,
2590 2892 2824 2947 admotis
2838 2892 3198 2955 'cruciatibus,
3225 2901 3320 2946 aut
3340 2890 3465 2945 sine

1880 2986 1987 3050 his,
2019 2999 2215 3039 manus
2249 2985 2526 3055 pedesque
2569 2984 2823 3038 devincta
2845 3023 2860 3048 ,
2893 2983 3252 3037 nihilominus
3277 2990 3454 3037 custo-

1879 3080 1996 3135 dire
2027 3094 2085 3133 se
2117 3094 2215 3150 pro
2241 3079 2447 3133 viribus
2493 3078 2609 3132 nisa
2653 3078 2843 3141 fuerit,
2890 3077 3029 3132 nihil
3082 3077 3199 3147 ipsa
3243 3077 3299 3131 in
3340 3092 3463 3131 rem

1880 3170 2129 3234 contulit,
2158 3170 2367 3224 etiamsi
2401 3170 2580 3223 vitiari
2612 3170 2725 3224 visa
2774 3178 2859 3223 est
2894 3185 2908 3221 :
2949 3183 3076 3223 nam
3104 3168 3236 3223 vitio
3267 3184 3462 3238 puram

1884 3263 2124 3317 animam
2193 3278 2384 3316 revera
2445 3262 2859 3316 eonservavisse
2925 3262 3225 3331 judicatur.
3297 3259 3464 3316 Hisce

1883 3355 2100 3410 feminis
2145 3356 2192 3410 si
2224 3356 2315 3425 qui
2346 3355 2515 3409 sacris
2564 3355 2777 3424 praediti
2820 3353 3105 3409 ordinibus
3147 3353 3463 3409 cohabitare

1882 3446 2072 3511 velint,
2120 3446 2326 3500 nullam
2362 3445 2597 3500 durioris
2626 3445 2908 3499 divisionis
2937 3444 3323 3498 necessitatem
3355 3444 3462 3498 im-

1881 3538 2190 3609 ponendum
2221 3537 2489 3592 videmus.
2519 3535 2769 3605 Optabile
2810 3544 2991 3589 tamen
3023 3544 3107 3590 est
3135 3543 3301 3604 atque
3338 3534 3456 3589 lau-

1882 3631 2064 3685 dabile
2111 3630 2157 3683 si
2208 3639 2398 3684 mutuo
2430 3644 2704 3683 consensu
2739 3643 2804 3682 ac
2830 3628 3109 3682 voluntate
3148 3627 3459 3681 convictum

1880 3721 2138 3775 dirimant
2159 3737 2172 3772 :
2194 3735 2305 3774 non
2330 3719 2475 3788 quod
2495 3718 2623 3772 inde
2640 3718 2851 3772 macula
2874 3726 2968 3771 aut
2996 3717 3148 3771 labes
3174 3726 3457 3786 sequatur,

1881 3812 1975 3867 sed
2006 3812 2084 3866 uti
2117 3812 2263 3882 vulgi
2297 3811 2482 3882 opinio
2511 3809 2579 3865 ad
2599 3809 2820 3865 virtutis
2846 3809 3265 3865 admirationem
3285 3810 3458 3880 magis

1879 3905 2167 3967 excitetur,
2196 3912 2360 3972 atque
2381 3909 2442 3956 ut
2471 3916 2683 3967 eorum,
2706 3902 2798 3971 qui
2830 3902 3010 3957 alieno
3028 3904 3172 3957 malo
3193 3902 3453 3973 gaudent,

1877 4012 1973 4051 ora
2003 4010 2227 4066 prorsus
2254 3995 2609 4049 obstruantur
2641 4011 2656 4047 :
2697 4008 2762 4048 ac
2790 3993 3028 4063 denique
3074 3993 3455 4050 testimonium

1877 4088 2102 4142 evidens
2127 4085 2240 4153 ﬁat,
2281 4085 2333 4140 vi
2377 4087 2752 4141 tantummodo
2785 4087 3040 4157 injuriam
3069 4085 3283 4141 mulieri
3316 4100 3455 4141 con—

1877 4176 2085 4247 tigisse.
2126 4174 2263 4230 Cum
2308 4175 2452 4229 enim
2501 4175 2631 4229 huic
2675 4176 2836 4231 liceat
2878 4177 3121 4248 legitimo
3166 4191 3290 4231 cum
3334 4173 3453 4229 viro

1875 4269 2081 4331 vivere,
2113 4280 2178 4319 ea
2220 4264 2267 4319 si
2312 4264 2595 4319 adhaerere
2642 4267 2826 4336 potius
2874 4266 2985 4321 Deo
3022 4272 3209 4335 optet,
3269 4279 3454 4318 nonne

1872 4356 2161 4412 barbaram
2209 4356 2599 4411 contumeliam
2646 4357 2765 4412 sine
2812 4358 2981 4413 dubio
3029 4357 3453 4413 involuntariam

1872 4448 1977 4503 sibi
2017 4456 2181 4518 atque
2230 4447 2568 4517 inculpatam
2620 4449 2885 4505 accidisse
2928 4449 3302 4506 demonstrat?
3338 4448 3454 4502 Hoc

1462 4621 1699 4679 VARLE
1729 4618 2134 4711 LECTIONES.

372 4786 399 4814 ⁸
429 4771 565 4829 Cod.
598 4771 670 4825 εἰ.

1695 4914 1932 4971 NOT/E.

264 5082 382 5155 (ll)
422 5080 571 5155 Idem
595 5078 1024 5155 decernitetiam
1052 5075 1279 5131 Michael
1301 5073 1610 5155 patriarcha
1638 5087 1773 5155 con-
1806 5084 1850 5139 ι)
1876 5073 2079 5155 caudae.
2092 5072 2277 5155 uxoris
2313 5072 2829 5155 negotiocurisque
2873 5075 3085 5127 caneris
3125 5072 3449 5155 liberantur.

175 5143 285 5212 tra‘
304 5143 643 5207 sacerdotem
664 5152 755 5221 qui
786 5149 1085 5221 adulteram
1107 5143 1332 5201 uxorem
1360 5146 1597 5201 retinere
1621 5143 1770 5197 velit.

176 5226 449 5296 Leuncl._
466 5229 601 5296 tom.
636 5221 678 5284 1,
714 5220 934 5296 p.265.
1223 5286 1239 5296 _
1288 5284 1317 5296 J

258 5296 277 5357 (
290 5294 376 5361 12)
417 5293 627 5361 Quippe
650 5283 793 5361 apud
812 5288 1028 5361 Graecos
1053 5284 1350 5341 sacerdotis
1372 5299 1510 5361 uxor
1534 5283 1777 5361 παπαδιὰ

174 5355 664 5437 ιιεὸιιιέιτίᾟοῖιοτε
687 5355 907 5437 fruitur,
931 5359 1103 5437 ferme
1127 5364 1413 5437 titveteres
1436 5355 1775 5437 diaconissaa;

178 5424 367 5504 eaque
415 5427 1122 5504 sanctioruquodammodo
1180 5427 1432 5504 habetur,
1481 5424 1776 5504 pudicitiae,

178 5494 477 5559 modestiae
504 5518 567 5555 ac
604 5494 882 5555 solitudini
922 5498 1199 5568 praecipue
1256 5497 1501 5559 studens,
1549 5494 1781 5568 candido

179 5577 316 5629 velo
340 5572 710 5640 distinguitur,
756 5578 811 5623 et
853 5565 1063 5640 :cquata
1096 5565 1279 5640 prope
1314 5580 1438 5640 cum
1495 5565 1781 5640 sacerdote

180 5648 311 5701 viro
343 5634 697 5697 veneratione
743 5634 962 5693 colitur.
1010 5634 1128 5701 Qua
1162 5634 1229 5690 de
1265 5651 1321 5690 rc
1369 5636 1483 5704 lege
1521 5634 1780 5689 Goarium

185 5718 244 5769 iu
285 5715 473 5767 adnot.
514 5712 578 5764 ad
631 5709 1009 5779 Euchelogium
1045 5707 1138 5761 Gr.
1162 5724 1243 5779 Ap.
1278 5706 1404 5761 219.
1438 5704 1782 5779 Caelerpquiu

185 5785 367 5841 Latini
421 5781 729 5835 sacerdotes
777 5773 998 5833 meliore
1038 5773 1350 5831 conditione
1384 5784 1511 5829 sunt
1571 5774 1623 5839 (Ι
1657 5773 1780 5827 Cor.

187 5876 290 5922 νη,
338 5854 448 5922 58).
489 5851 601 5919 qui,
648 5849 851 5917 nuptiis
887 5848 1126 5908 omissis,
1176 5849 1324 5901 omni
1381 5847 1481 5901 hoc
1534 5844 1778 5898 sanctiﬁ-

527 5944 802 6005 PATRO‘L.
832 5942 948 6003 Gn.
985 5943 1117 6003 CII.

1879 5144 1943 5198 Et
1990 5145 2208 5213 quidem
2237 5158 2304 5197 ex
2351 5143 2602 5197 ca:libatu
2654 5143 2913 5211 majorem
2967 5158 3203 5213 quoque
3235 5143 3454 5197 virtutis

1880 5212 2294 5268 admirationem
2330 5215 2502 5267 creari
2551 5214 2607 5266 in
2637 5213 2838 5283 pepqu
2876 5214 3164 5267 continuat
3194 5212 3299 5266 hoc
3336 5213 3455 5267 loco

1882 5285 2129 5338 Photius.
2162 5283 2342 5349 Quare
2376 5293 2431 5337 et
2474 5284 2527 5336 in
2555 5282 2742 5337 Grazca
2774 5283 3012 5336 Ecclesia
3049 5284 3313 5352 episcopi,
3352 5297 3453 5337 ne-

1881 5355 2009 5408 dum
2040 5354 2290 5423 monachi
2327 5354 2567 5407 caelibem
2599 5354 2769 5407 vitam
2796 5353 3020 5423 degunt.
3047 5351 3213 5407 Porro
3236 5352 3455 5406 Graeco-

1883 5440 2004 5478 rum
2032 5424 2207 5493 majus
2222 5422 2391 5476 fuisse
2404 5423 2726 5489 obsequium
2755 5422 2885 5492 erga
2898 5424 3207 5476 sacerdotes
3241 5423 3455 5493 caelibes

1882 5510 2044 5562 quam
2072 5490 2196 5563 erga
2227 5502 2505 5557 uxoratos,
2540 5494 2694 5547 testis
2717 5502 2802 5546 est
2823 5490 3232 5546 Nanzianzenus
3254 5490 3456 5563 Grego-

1883 5561 1997 5618 rius
2040 5565 2093 5617 in
2141 5561 2394 5616 "oratione
2446 5564 2508 5616 de
2565 5563 2843 5632 baptismo,
2900 5563 3026 5616 dum
3071 5562 3146 5615 ait
3192 5561 3455 5632 quosdam

1882 5635 2102 5687 dilferrc
2136 5633 2323 5686 solitos
2354 5631 2703 5702 baptismum,
2733 5632 2909 5687 donec
2953 5633 3100 5684 hunc
3145 5631 3457 5702 acciperent

1882 5708 1965 5757 vel
2002 5704 2069 5757 ab
2104 5703 2363 5774 episcopo
2397 5700 2481 5758 vel
2510 5719 2540 5757 a
2566 5704 2849 5758 sacerdote
2878 5702 3058 5772 potius
3084 5700 3269 5755 caelibe
3294 5716 3456 5771 quam

1883 5786 2130 5829 υλΟΓὶὶῑΟ.

3004 5926 3076 5985 25
