3930 6436
461 397 565 460 783

1625 392 1884 452 PIIOTII
1922 391 2422 453 PATRIARCHIE
2458 393 2566 454 CP.
3562 404 3649 474 τοι

458 526 523 565 ea
556 523 676 577 qum
703 514 853 561 extra
888 514 1016 560 sunt
1046 504 1386 574 dijudicanda
1416 504 1732 575 procedere,
1758 506 2025 575 quomodo

2132 505 2256 569 θεν,
2300 504 2418 569 πῶς
2454 508 2557 560 οὑκ
2593 504 2709 558 ἔστι
2737 505 2837 576 μὲν
2875 506 3025 572 θείας
3051 508 3241 579 σοφίας
3261 505 3649 590 ἀπευθυωμένου

460 617 572 656 non
602 602 721 669 ejus
752 600 821 653 sit
850 599 943 669 qui
973 598 1040 651 ad
1082 597 1282 652 divina:
1332 597 1618 667 sapientiae
1672 597 1912 668 regulam
1970 612 2031 653 se

460 690 780 761 comparet?
811 690 1058 754 Quatuor
1091 687 1259 758 igitur
1291 686 1451 742 initio
1480 690 1663 743 statim
1693 690 1761 744 ad
1799 705 2031 745 examen

458 782 720 853 propositi
747 778 1066 851 presbyteri,
1106 789 1255 834 recte
1287 780 1471 834 statim
1514 795 1581 834 ex
1611 780 1763 850 justo
1791 783 2026 847 calculo,

459 876 529 929 ab
577 875 763 944 iniqua
807 882 863 927 et
924 882 1122 942 praeter
1177 871 1444 939 rationem
1519 872 1753 942 irrogata
1800 887 2032 927 censura

459 966 688 1022 absoluti
738 974 906 1029 sunt;
954 975 1011 1019 et
1040 964 1294 1019 vecordia
1323 964 1712 1020 irrationabilis
1740 966 1797 1020 in
1828 965 2031 1035 justam

458 1058 784 1113 sententiam
814 1056 1060 1125 impegit.
1107 1054 1227 1110 Non
1284 1056 1428 1109 enim
1483 1056 1566 1110 fas
1619 1066 1722 1123 est,
1766 1073 1877 1112 non
1924 1065 2030 1121 est,

458 1149 701 1217 inquam,
744 1147 848 1209 tas,
914 1162 983 1201 ex
1042 1146 1390 1201 accusatione
1442 1147 1576 1213 sola,
1610 1148 1726 1203 sive
1755 1149 2030 1220 exiguum,

455 1243 571 1297 sive
613 1256 891 1312 maguum,
947 1241 1064 1296 sive
1109 1241 1277 1296 etiam
1317 1241 1616 1295 maximum
1683 1243 1891 1297 crimen
1938 1243 2031 1306 sit,

455 1335 613 1403 cujus
671 1334 902 1388 intentio
963 1332 1483 1389 demonstrationem
1535 1348 1645 1388 non
1693 1334 1907 1399 habeat,
1960 1336 2032 1392 ob

455 1425 587 1480 illud
653 1425 741 1479 vel
820 1426 1156 1480 sacerdotem
1217 1425 1388 1496 gradu
1459 1428 1691 1491 moveri,
1760 1426 1847 1481 vel
1890 1426 2031 1482 irro-

455 1516 572 1588 gari
614 1530 925 1573 censuram.
955 1515 1180 1571 Multum
1236 1532 1370 1572 sane
1425 1517 1618 1573 lucrati
1671 1527 1859 1576 essent
1879 1534 2032 1590 syco-

452 1610 690 1678 phantre.
725 1609 769 1663 si
823 1623 961 1679 quos
1016 1608 1352 1663 intentornm
1407 1610 1698 1665 criminum
1746 1624 1870 1665 reos
1903 1626 2030 1680 per-

452 1715 616 1771 agere
694 1714 805 1753 non
876 1708 1194 1769 potuerunt,
1276 1714 1466 1754 eorum
1533 1715 1723 1771 pmnas
1791 1702 2029 1772 pendere

452 1792 609 1862 quasi
655 1792 941 1847 convictos
980 1791 1250 1846 viderent.
1293 1790 1430 1858 Quis
1458 1792 1606 1847 enim
1643 1792 1825 1847 exitus
1854 1793 1946 1856 sit,
1979 1792 2026 1847 si

2133 595 2405 667 γνώμονις
2441 598 2507 649 υἱ
2554 596 2652 666 μιν
2680 593 2778 651 οῦν
2806 597 2888 661 είς
2926 598 3177 664 ἐξέτασιν
3208 605 3325 656 κατ’
3355 606 3513 676 ἀρχὰς
3537 627 3652 682 πρη-

2133 686 2380 751 τεθέντες
2424 686 2690 757 τόσσαρες
2732 688 3117 759 πρεσϐύτεροι,
3161 690 3337 757 καλῶς
3382 695 3545 763 εὐθὺς,
3571 703 3652 770 τῆς

2131 780 2363 849 ἀλόγου,
2418 781 2515 833 καὶ
2566 778 2703 833 πολὺ
2755 781 2819 834 τὸ
2875 782 3059 836 ἄδικον
3131 785 3358 857 ἐχούσης
3414 789 3655 861 ἐπιτιμίας

2133 871 2477 942 ἀθωωθῆναι,
2514 871 2732 927 δικαίαν
2767 872 2949 943 ψῆφον
2975 874 3269 931 ἀπέλαϐον.
3294 879 3399 932 Καὶ
3421 883 3561 936 ἀνοιά
3584 904 3656 949 τις

2132 963 2413 1030 ἀλόγιστος
2431 966 2498 1035 τῇ
2520 964 2712 1035 δικαίᾳ
2727 964 2893 1036 ψήφῳ
2907 966 3287 1038 ἀντέκρουσεν.
3307 970 3378 1023 Οὑ
3395 973 3494 1043 γὰρ
3512 976 3654 1041 ἔστιν,

2131 1054 2233 1106 οὑκ
2272 1052 2419 1106 ἔστιν
2467 1055 2533 1107 ἐκ
2573 1055 2909 1126 κατηγορίας
2974 1056 3164 1127 μόνης,
3205 1059 3306 1112 κᾶν
3352 1063 3547 1132 μικρὸν,
3574 1070 3659 1121 κᾶν

2136 1144 2302 1216 μέγα,
2333 1144 2437 1201 κᾶν
2459 1146 2568 1199 τῶν
2587 1146 2864 1218 μεγίστων
2908 1148 2995 1219 εῐη
3036 1149 3099 1202 τὸ
3128 1149 3375 1220 αἰτίαμα,
3398 1154 3522 1225 μηδὲ
3551 1161 3661 1228 μιᾶς

2132 1236 2464 1301 ἀποδείξεως
2506 1236 2572 1308 τῇ
2617 1238 2769 1309 αἰτίᾳ
2818 1240 3222 1312 περιτεθείσης,
3264 1244 3514 1313 οὐμενοῦν
3557 1251 3661 1305 οὔτε

2133 1328 2286 1400 ἱερέα
2311 1327 2408 1383 τοῦ
2448 1329 2652 1384 οίκείου
2684 1330 2896 1402 βαθμοῦ
2942 1335 3362 1406 παρενεχθῆναι,
3400 1338 3517 1393 οὔτε
3560 1347 3663 1400 τινὰ

2131 1421 2414 1492 ἐπιτιμίαν
2457 1422 2626 1494 ἀλλην
2676 1424 3096 1497 εἰσπραχθῆναι.
3148 1428 3304 1482 Οὕτω
3357 1431 3461 1501 γὰρ
3486 1434 3563 1504 είη
3609 1439 3663 1491 ἂν

2135 1512 2277 1583 μέγα
2304 1512 2493 1585 κέρδος
2514 1516 2626 1578 τοῖς
2662 1516 3047 1585 συκοφάνταις,
3075 1518 3158 1573 ὅτι
3201 1520 3297 1573 καὶ
3335 1521 3409 1592 μὴ
3446 1522 3665 1590 λαϐόντες

2130 1600 2214 1670 οἷς
2242 1606 2473 1677 ⁴ᾐτιῶντο
2489 1608 2618 1671 τοὺς
2643 1607 2941 1671 ἀναιτίους,
2990 1610 3068 1673 ὡς
3106 1610 3410 1677 ἑαλωκότας
3441 1611 3566 1669 εἶδον
3585 1618 3664 1689 τὴν

2130 1696 2286 1768 δίκην
2315 1696 2739 1767 ἀπαιτηθέντας.
2762 1699 2876 1752 Καὶ
2899 1698 2985 1763 τίς
3014 1699 3081 1752 ἂν
3110 1701 3359 1772 εὑρεθείη
3384 1703 3560 1775 πόρος,
3585 1708 3665 1777 τῆς

2132 1786 2444 1857 παραλόγου
2479 1788 2688 1860 ταύτης
2716 1792 2891 1862 φορᾶς
2919 1792 3285 1864 κυρωθείσης,
3319 1794 3385 1847 δι’
3413 1791 3472 1851 οὗ
3498 1798 3553 1851 τὸ
3577 1802 3665 1869 μά-

453 1887 573 1940 Ιιωο
602 1885 742 1939 ratio
774 1884 1037 1949 obtineat,
1076 1900 1185 1954 quo
1214 1884 1492 1939 immerito
1536 1884 1779 1939 accusati
1822 1899 2024 1940 manus

2128 1898 2230 1951 την
2255 1878 2737 1954 κατηγορούμενον
2770 1884 2872 1947 τὰς
2897 1882 3068 1947 λαϐὰς
3098 1885 3210 1939 τῶν
3255 1893 3665 1959 συκοφαντησὼι-

452 1979 911 2050 sycophantarum
949 1977 1228 2032 evadant?
1264 1975 1381 2030 Non
1414 1977 1696 2031 convictos
1751 1976 1913 2048 igitur
1956 1977 2026 2031 de

452 2070 536 2124 eis
598 2084 831 2139 quorum
901 2068 1321 2130 accusabantur,
1388 2067 1743 2122 mediocritas
1812 2077 2024 2133 nostra,

448 2160 752 2217 secundum
781 2170 1017 2214 vestram
1053 2174 1174 2230 quae
1196 2159 1266 2213 ah
1315 2159 1474 2213 initio
1503 2158 1771 2230 processit
1795 2168 2026 2214 senten-

449 2252 582 2307 tiam
614 2290 629 2315 ,
680 2251 861 2306 omnis
923 2250 1394 2306 condemnationis
1449 2250 1720 2304 immunes
1776 2249 2023 2306 dimittit.

447 2344 552 2411 Qui
583 2354 765 2400 autem
825 2344 1050 2399 intentis
1100 2343 1422 2398 criminibus
1465 2342 1639 2397 teneri
1676 2342 2023 2413 {deprehensi

447 2445 598 2501 sunt,
654 2437 770 2491 sive
807 2435 1119 2497 saeculares,
1152 2435 1267 2490 sive
1318 2435 1375 2489 in
1435 2434 1626 2489 eadem
1679 2449 1844 2489 causa
1901 2450 2024 2488 ver—

446 2535 638 2583 santes
672 2526 998 2600 presbyteri,
1032 2528 1134 2582 hos
1172 2542 1418 2581 censura:
1444 2526 1513 2580 ad
1556 2534 1776 2595 tempus
1802 2523 2021 2581 inﬂictte

445 2618 662 2688 subjici,
694 2619 983 2690 siquidem,
1001 2626 1062 2674 ut
1081 2618 1339 2683 diximus,
1355 2617 1561 2673 crimen
1591 2626 1783 2671 notum
1811 2616 2018 2672 factum

446 2709 540 2776 sit,
571 2711 735 2765 etiam
768 2725 869 2765 nos
893 2710 1335 2778 pronuntiamus.
1386 2707 1595 2775 Quibus
1639 2715 1822 2761 autem
1876 2706 2024 2761 nulla

447 2802 659 2859 indulta
685 2810 770 2857 est
796 2801 977 2867 venia,
1005 2801 1072 2856 de
1101 2801 1182 2856 eis
1207 2815 1318 2856 non
1350 2800 1618 2855 habemus
1645 2799 1793 2870 quod
1808 2798 2023 2870 judice-

444 2907 591 2957 mus,
616 2891 818 2962 quibus
837 2891 906 2945 de
944 2891 1176 2945 crimine
1222 2905 1333 2944 non
1365 2897 1600 2945 constat.
1652 2888 1725 2943 De
1764 2889 2025 2960 episcopo

446 2991 629 3039 autem
678 2981 805 3045 hoc,
854 2982 1154 3037 secundum
1205 2980 1501 3046 rationem,
1558 2989 1615 3035 et
1658 2995 1920 3043 canones,
1970 2989 2025 3037 et

445 3090 700 3141 examen,
731 3082 789 3130 et
818 3074 1067 3128 terminis
1098 3073 1366 3143 processit
1391 3072 1681 3128 examinis.
1705 3071 1819 3128 Nos
1837 3083 2021 3128 autem

2124 1989 2234 2026 των
2271 1972 2656 2041 διαφεύξεταις
2684 1974 2824 2038 Τοὺς
2846 1970 2944 2030 οὖν
2983 1975 3071 2045 ἐφ’
3126 1971 3209 2040 οἷς
3245 1981 3666 2052 κατηγορήθησειν

2127 2065 2202 2133 μή
2227 2062 2603 2133 ἐλεγχθέντας,
2627 2063 2838 2129 ἀθώους
2864 2066 3002 2131 τέως
3030 2068 3064 2138 η
3092 2067 3254 2140 ήμῶν
3285 2072 3580 2143 μετριότης,
3605 2075 3666 2139 ὡς

2125 2155 2221 2209 καὶ
2244 2157 2278 2226 ή
2307 2156 2429 2210 κατ’
2480 2156 2658 2229 ἀρχὰς
2696 2158 2849 2229 ὑμῶν
2912 2160 3255 2232 προελθοῦσα
3285 2162 3481 2232 ψῆφος,
3511 2168 3666 2237 πάσης

2126 2248 2425 2319 καταδίκης
2464 2249 2712 2320 ἀφίησιν.
2744 2253 2901 2305 Ὅσοι
2930 2251 2988 2305 δὲ
3014 2256 3130 2320 τοῖς
3157 2255 3497 2327 ἐγκλήμασιν
3520 2259 3665 2313 ἑαλω-

2126 2340 2283 2404 κότες
2334 2341 2628 2410 κατάδηλοι
2684 2343 3080 2414 καθεστήκασι,
3126 2347 3257 2411 τούς
3291 2365 3353 2401 τε
3401 2352 3667 2420 κοσμικούς

2127 2449 2292 2502 φημι,
2324 2433 2420 2485 καλ¹
2459 2435 2588 2498 τοὺς
2635 2434 2733 2488 σὺν
2776 2436 2963 2499 αὐτοῖς
2990 2436 3353 2506 ὲταζομένους
3399 2441 3666 2511 πρεσϐυτέ-

2131 2532 2277 2589 ρους,
2310 2521 2532 2586 τούτους
2581 2523 2872 2591 φυλάττειν
2915 2524 2978 2579 τὸ
3030 2527 3371 2600 πρόσκαιρον
3399 2530 3665 2601 ἐπιτίμιον,

2126 2612 2195 2666 ἂν
2223 2613 2299 2677 ὡς
2352 2612 2584 2684 ἔφημεν,
2635 2615 2876 2682 γνωστὸν
2928 2617 3166 2689 κατέστη
3213 2618 3277 2672 τὸ
3323 2621 3563 2691 αἰτίαμα,
3589 2625 3664 2675 καὶ

2126 2704 2288 2773 ἡμεῖς
2313 2705 2745 2775 ἀποφαινόμεθα.
2782 2706 2920 2776 Περὶ
2951 2709 3008 2761 δὲ
3033 2706 3109 2763 ὧν
3137 2710 3366 2782 οὐδεμία
3396 2714 3661 2786 συγγνώμη

2127 2794 2357 2866 προέϐη,
2385 2795 2541 2849 οὐδὲν
2563 2798 2698 2867 ἡμῖν
2728 2797 3061 2868 παρίσταται
3092 2802 3282 2870 φάναι,
3327 2803 3519 2875 ἀδήλου
3554 2808 3664 2874 ἡμίν

2128 2886 2525 2960 καθεστηκότος
2545 2887 2641 2943 τοῦ
2672 2889 3028 2961 ἀδικήματος.
3065 2893 3176 2946 Καὶ
3224 2894 3359 2964 περὶ
3401 2897 3663 2949 ἐπισκόπου

2124 2979 2183 3032 δὲ
2213 2979 2389 3045 τοῦδε,
2424 2979 2721 3045 ἀξιολόγως
2757 2982 2876 3051 μὲν,
2926 2984 3019 3036 καὶ
3051 2985 3383 3051 κανονικῶς,
3414 2989 3505 3039 καὶ
3540 2986 3668 3057 ήζή-

2124 3088 2302 3143 τησις,
2333 3072 2512 3126 καὶτὸ
2544 3071 2716 3144 πέρας
2744 3072 2983 3145 προῆλθε
3009 3075 3116 3145 ’τῆς
3160 3076 3481 3143 ἐξετάσεως.
3520 3077 3668 3145 Ἦμᾶς

446 3168 514 3221 ad
561 3165 1064 3221 consternationem
1122 3179 1235 3219 non
1298 3165 1487 3219 mirari
1539 3180 1649 3219 non
1705 3179 2019 3234 possumus,

2128 3161 2182 3214 δὲ
2228 3161 2542 3235 ἐκπλήξεως
2568 3163 2895 3235 παρέπεμψε
2940 3164 3199 3235 θαύματι.
3230 3168 3387 3231 ὅπως
3425 3169 3668 3231 παντελῶς

444 3274 607 3331 quam
637 3272 862 3328 prorsus
904 3256 1084 3310 alieno
1109 3271 1139 3310 a
1174 3258 1430 3327 praesenti
1491 3269 1759 3311 sermone
1790 3254 2025 3310 Amasiae

448 3349 710 3406 antistitis
737 3348 935 3404 littera:
958 3356 1015 3403 et
1046 3355 1277 3402 narrent
1308 3356 1364 3403 et
1402 3347 1719 3419 subjiciunt.
1746 3346 1883 3403 Nam
1923 3348 2025 3403 ali-

445 3457 607 3513 quem
628 3455 692 3496 ex
715 3440 1025 3495 testimonio
1049 3439 1327 3502 ordinare,
1355 3436 1571 3494 etiamsi
1599 3438 1857 3510 indignus
1877 3448 2027 3510 post-

446 3549 511 3589 ea
558 3531 1021 3603 deprehendatur,
1078 3529 1424 3585 ordinantem
1489 3531 1666 3600 culpae
1726 3530 2023 3586 obnoxium

446 3639 555 3680 non
610 3622 807 3678 reddit.
842 3621 1007 3692 Atqui
1049 3621 1191 3675 nihil
1216 3620 1324 3676 tale
1383 3616 1505 3676 ista:
1543 3620 1746 3675 litterae
1797 3620 2027 3675 demon-

449 3716 719 3777 strabant,
747 3714 879 3784 quin
903 3714 1025 3785 ejus
1045 3712 1383 3768 contrarium
1432 3710 1750 3766 narrabant.
1795 3698 2025 3766 Rectum

445 3817 631 3863 autem
660 3808 787 3872 erit,
828 3807 1021 3861 adesse
1049 3814 1106 3861 et
1134 3819 1232 3860 eos
1257 3805 1351 3875 qui
1386 3803 1570 3858 testati
1599 3811 1750 3867 sunt,
1782 3816 1906 3857 cum
1936 3817 2025 3855 or-

447 3899 786 3957 dinatiouem
840 3898 934 3969 qui
971 3897 1253 3952 incusatur
1282 3894 1549 3966 suscepit,
1594 3903 1657 3950 ut
1705 3893 2027 3949 innocentes

446 3997 505 4045 et
553 3987 841 4059 inculpati,
891 3986 1061 4042 etiam
1132 3985 1371 4055 iniquius
1429 3999 1558 4055 erga
1625 3982 2024 4038 absolutionem

448 4085 680 4138 fratrum
718 4079 955 4143 allectis,
1001 4086 1059 4133 et
1087 4077 1316 4131 omnino
1343 4075 1473 4130 odio
1520 4072 1871 4135 habentibus,
1931 4072 2026 4127 de-

450 4176 869 4227 monstrentur:
922 4175 981 4221 et
1025 4164 1123 4221 Dei
1179 4164 1459 4231 sacerdos,
1508 4164 1565 4218 in
1621 4162 1799 4217 nihilo
1829 4175 2023 4217 eorum

446 4277 570 4333 qua:
591 4259 828 4315 antistiti
856 4258 1217 4323 conveniunt,
1270 4254 1685 4311 innovationem
1731 4254 2022 4308 sustineat.

447 4355 783 4429 Synodicum
805 4360 990 4407 autem
1022 4352 1092 4407 de
1113 4349 1525 4421 dispensatione
1562 4347 1849 4418 scriptum,
1875 4344 2022 4415 quod

444 4446 920 4518 archiepiscopum
942 4443 1218 4499 Caesarea:
1253 4441 1574 4511 inscriptum
1622 4437 1810 4503 habet,
1848 4444 1905 4492 et
1955 4451 2024 4490 ex

2124 3253 2382 3325 ἀλλότρια
2406 3258 2508 3326 τῆς
2529 3256 2815 3328 παρούσης
2842 3256 3149 3327 διηγήσεως
3177 3260 3238 3313 τὸ
3260 3259 3363 3313 τοῦ
3406 3260 3669 3331 Ἀμασείας

2122 3346 2358 3417 γράμμα
2387 3347 2484 3401 καὶ
2509 3349 2812 3420 ἀπήγγειλε
2839 3350 2934 3403 καὶ
2961 3351 3270 3405 ὑπετίθετο.
3307 3352 3382 3406 Τὸ
3414 3352 3517 3425 γὰρ
3553 3353 3669 3424 μετὰ

2126 3437 2421 3510 μαρτύρων
2441 3441 2817 3511 χειροτονῆσαί
2838 3460 2983 3505 τινα,
3017 3443 3122 3497 κᾶν
3143 3442 3377 3516 ὕστερον
3401 3447 3429 3499 ό
3470 3463 3669 3517 χειροτο-

2123 3526 2307 3596 νηθεὶς
2327 3529 2544 3594 ἀνάξιος
2575 3531 2913 3603 ἀπελεγχθῇ,
2937 3533 3090 3586 οὐδὲν
3115 3534 3404 3606 πρόκριμα
3428 3536 3501 3605 τῷ
3521 3553 3671 3607 χειροο

2122 3619 2406 3688 τονήσαντι
2431 3620 2663 3688 γίνεται.
2698 3614 2799 3675 Ὧν
2825 3624 2978 3677 οὐδὲν
3028 3624 3089 3677 τὸ
3118 3626 3362 3697 γράμμα
3408 3626 3668 3698 ὑπεδήλου,

2122 3710 2259 3764 ἀλλὰ
2286 3712 2381 3765 καὶ
2408 3712 2667 3768 τάναντία
2697 3714 2992 3787 διήγγειλε.
3030 3718 3210 3772 Καλὸν
3248 3720 3308 3773 δὲ
3337 3722 3672 3790 παρουσιάσαι

2123 3804 2220 3857 καὶ
2248 3804 2447 3869 αὐτοὺς
2472 3808 2598 3871 τοὺς
2626 3808 2727 3879 τὴν
2758 3811 3065 3883 μαρτυρίαν
3097 3813 3459 3884 ὑποσχόντας,
3486 3817 3567 3867 ἰτε
3594 3814 3674 3883 τὴν

2123 3896 2460 3967 χειροτονίαν
2479 3899 2508 3954 ό
2538 3899 2789 3964 ὑπαίτιος
2814 3903 3097 3978 ἀνεδέχετο
3121 3922 3137 3936 ·
3165 3905 3242 3968 ὡς
3262 3906 3334 3959 ἃν
3363 3906 3673 3977 πανταχόθεν

2121 3988 2183 4041 τὸ
2211 3989 2453 4068 καθαρόν
2489 3991 2585 4044 καὶ
2604 3991 2996 4062 ἀνεπίληπτον,
3032 3996 3128 4049 καὶ
3152 3999 3261 4060 τοῖς
3285 3998 3675 4069 ἀγνωμονέστε-

2125 4101 2217 4154 ρον
2249 4085 2379 4155 περὶ
2428 4085 2527 4155 τὴν
2573 4086 2822 4141 ἀθώωσιν
2880 4088 2991 4141 τῶν
3038 4089 3286 4159 ἀδελφῶν
3328 4090 3673 4161 διακειμένοις

2124 4175 2423 4239 παντελῶς,
2464 4178 2557 4230 καὶ
2607 4178 2881 4246 μισοῦσιν,
2947 4181 3337 4254 ἀποκαλυφθῇ,
3397 4182 3491 4237 καὶ
3538 4184 3565 4237 ό
3595 4180 3675 4235 τοῦ

2122 4265 2258 4319 Θεοῦ
2286 4269 2598 4340 ἀρχιερεὺς,
2625 4272 2673 4323 εί
2710 4272 2879 4341 μηδὲν
2903 4271 3013 4325 τῶν
3042 4272 3361 4342 ἀνηκόντων
3383 4271 3675 4344 ἀρχιερεῦσι

2122 4357 2223 4428 τὴν
2253 4361 2602 4431 καινοτιμίαν
2638 4362 2723 4434 είη
2769 4363 3032 4428 ὑποστάς.
3068 4362 3142 4417 Τὸ
3178 4364 3234 4418 δὲ
3286 4364 3560 4418 συνοδικδν
3594 4361 3678 4433 τῆς

2124 4452 2445 4522 οἰκονομίας
2501 4453 2757 4524 γράμμα,
2785 4454 2814 4508 δ
2844 4456 2935 4509 τὸν
2969 4456 3402 4527 ἀρχιεπίσκοπον
3445 4456 3553 4525 ἔχει
3595 4454 3678 4523 τῆς

446 4549 629 4596 mente
660 4544 853 4593 nostra
878 4536 1176 4605 scriptum,
1208 4542 1265 4588 et
1292 4547 1359 4588 ex
1390 4539 1527 4587 nutu
1553 4537 1748 4586 nostro
1792 4530 2019 4584 missum

2132 4541 2469 4612 Καισαρείας
2497 4543 2956 4615 προταττόμενον,
2976 4544 3170 4617 γνώμῃ
3191 4561 3250 4597 τε
3270 4545 3517 4615 ἡμετέρᾳ
3532 4543 3676 4613 ἐγρά-

446 4641 563 4688 est:
603 4644 707 4686 nec
735 4629 1061 4700 quidquam,
1110 4635 1173 4681 ut
1217 4626 1439 4695 opinor.
1500 4624 1587 4677 vel
1633 4632 1833 4693 praeter
1888 4634 2023 4676 con-

444 4723 753 4783 scientiam,
774 4719 860 4775 vel
881 4718 1051 4776 sacr‘is
1080 4716 1316 4789 Spiritus
1342 4715 1552 4786 legibus
1575 4714 1864 4769 adversum
1889 4724 2023 4765 con-

445 4817 605 4870 tinet.
626 4812 815 4885 Magna
845 4812 994 4867 enim
1024 4818 1109 4866 est
1136 4808 1445 4865 diﬂerentia
1476 4814 1828 4877 peccatorum
1863 4804 2023 4875 igno-

445 4907 657 4969 rantiae,
690 4905 759 4959 ab
794 4903 875 4958 eis
898 4919 1021 4974 quae
1050 4918 1080 4956 a
1126 4900 1430 4957 scientibus
1470 4906 1662 4955 contra
1706 4897 1797 4967 jus
1831 4894 2022 4965 fasque

445 4998 890 5069 proﬁciscuntur.
922 4998 1090 5061 Sane,
1117 4992 1464 5049 sacerdotum
1496 4999 1551 5045 et
1571 4989 2021 5047 Christianorum

446 5090 828 5147 defunctorum
885 5088 1131 5158 neglecta
1171 5102 1327 5149 cura.
1384 5094 1441 5142 et
1484 5082 1810 5140 Psalmodia:
1854 5096 2024 5137 sacrae

448 5183 726 5237 omissum
779 5179 1035 5233 debitum'
1089 5179 1349 5242 oﬂicium,
1412 5175 1731 5231 necessario
1788 5190 1913 5234 nos.
1954 5174 2024 5229 de

446 5284 641 5329 exacto
666 5286 945 5327 sacrorum
988 5285 1199 5325 canone
1222 5269 1289 5324 ad
1323 5268 1376 5323 id
1398 5267 1543 5339 quod
1576 5274 1661 5323 est
1704 5266 2021 5336 benignius,

448 5363 733 5418 remittere
744 5360 910 5431 cogit.
931 5359 1039 5415 Sed
1061 5360 1181 5414 haec
1202 5358 1343 5415 forte
1362 5357 1700 5428 superﬂuum
1722 5365 1809 5412 est
1825 5355 2022 5412 scienti

456 5453 662 5509 dicere.
690 5451 941 5523 Capitula
966 5460 1151 5505 autem
1181 5449 1520 5505 definitionis
1551 5459 1612 5503 ut
1639 5449 1862 5505 instanti
1887 5457 2024 5502 tem-

448 5561 584 5616 pore
619 5545 736 5601 fieri
768 5542 967 5614 putuit,
1021 5541 1243 5596 formari
1279 5541 1644 5595 decrevimus.
1670 5539 1773 5607 Qui
1803 5540 2023 5610 quidem

449 5644 578 5691 ante
606 5652 720 5692 rem
759 5643 1121 5691 contestatam
1152 5632 1384 5702 digamis
1428 5632 1853 5694 benedixerunt,
1908 5641 2022 5686 tum

449 5737 673 5795 propter
703 5724 1088 5796 ignorantiam,
1116 5732 1231 5778 tum
1261 5723 1406 5792 quod
1446 5722 1587 5776 nihil
1629 5724 1701 5776 ah
1749 5722 2026 5791 episcopis

448 5819 515 5873 dc
536 5819 636 5873 hac
663 5834 722 5873 re
740 5816 1093 5872 constitutum
1121 5816 1306 5883 fuerit,
1337 5830 1513 5885 neque
1539 5813 1758 5871 aliunde
1781 5826 2023 5871 exactam

2130 4647 2227 4700 φη,
2278 4633 2376 4685 καὶ
2408 4632 2475 4686 δι’
2505 4636 2810 4707 ἐπιτροπῆς
2840 4637 3150 4705 ἀπεστάλη*
3183 4637 3277 4690 καὶ
3325 4637 3497 4700 οὐδὲν,
3525 4632 3676 4702 οἶμαι,

2128 4721 2255 4776 οὗτε
2281 4724 2431 4794 παρὰ
2469 4727 2774 4796 συνείδησιν
2800 4726 2936 4798 ἔχει,
2973 4727 3098 4782 οὔτε
3118 4731 3234 4792 τοῖς
3267 4730 3433 4800 ίεροτς
3463 4728 3680 4799 μαχόμε-

2130 4814 2221 4865 νον
2231 4812 2324 4866 τοῦ
2342 4814 2482 4872 Πνεύ
2491 4832 2657 4885 ματος
2675 4814 2930 4889 [νόμοις].
2958 4817 3133 4888 Πολλὴ
3156 4817 3266 4890 γὰρ
3290 4821 3323 4890 ὴ
3343 4818 3569 4892 διαφορὰ
3586 4814 3679 4867 τῶν

2130 4904 2191 4969 ἐξ
2218 4903 2444 4972 ἀγνοίας
2475 4907 2909 4978 ἁμαρτημάτων,
2941 4909 3080 4980 πρὸς
3118 4911 3216 4974 τὰς
3258 4910 3318 4963 ὲν
3372 4908 3565 4978 γνώσει
3600 4905 3680 4959 καὶ

2133 4993 2274 5062 μετά
2296 4996 2760 5066 καταφρονήσεως
2799 4998 3097 5067 προῖούσας
3131 4998 3423 5069 ἀθεμίτους
3452 4998 3677 5067 πράξεις-

2130 5084 2243 5139 Kal
2276 5085 2464 5155 ἱερέων
2493 5086 2550 5140 δὲ
2569 5086 2665 5140 καὶ
2692 5088 3036 5158 Χριστιανῶν
3072 5091 3451 5160 ἀποιχομένων
3477 5086 3680 5156 οὐδεμία

2132 5177 2376 5249 φροντὶς,
2404 5177 2512 5230 οὐδ’
2557 5178 2883 5247 ὑμνολογίας
2933 5180 3293 5254 ὀφειλομένης
3325 5182 3449 5251 ίερά
3486 5177 3676 5246 τελετὴ,

2132 5265 2250 5329 πῶς
2299 5267 2398 5320 οὐκ
2430 5267 2496 5321 ἂν
2546 5268 2883 5334 ἐκϐιάσαιτο,
2931 5271 3019 5324 ἐπ’
3057 5272 3409 5342 οἰκονομίαν,
3453 5270 3557 5324 ἀπὸ
3595 5268 3679 5336 τῆς

2130 5358 2420 5429 ἀκριϐείας
2463 5359 2571 5413 τῶν
2605 5360 2764 5414 θείων
2810 5363 3129 5434 μυστηρίων
3173 5364 3503 5429 ἀποκλίναι;
3557 5358 3681 5414 Ἀλλ’

2134 5451 2263 5511 ἴσως
2295 5449 2469 5503 ταῦτα
2517 5452 2771 5520 περιττὴν
2820 5454 2959 5524 πρὸς
2994 5455 3176 5509 εἰδότα
3232 5456 3427 5525 λέγειν.
3479 5453 3602 5523 Περὶ
3632 5449 3682 5502 δὲ

2129 5543 2241 5596 τῶν
2273 5543 2605 5611 κεφαλαίων,
2658 5546 2843 5599 ἐκεῖνα
2872 5547 3012 5610 τέως
3049 5547 3126 5611 ὡς
3157 5549 3215 5600 ἐν
3245 5546 3421 5619 καιρῷ
3450 5540 3682 5599 κατεπεί-

2132 5651 2283 5703 γοντι
2314 5634 2633 5703 τυπωθῆναι
2659 5634 2987 5707 διέγνωμεν.
3020 5638 3178 5692 Ὅσοι
3206 5638 3307 5709 μὲν
3329 5638 3437 5708 πρὸ
3464 5637 3560 5706 τῆς
3579 5635 3682 5687 διι-

2136 5725 2447 5795 μαρτυρίας
2489 5728 2617 5788 τοὺς
2661 5726 2925 5795 suam;
2967 5728 3309 5799 ηὑλόγησαν,
3362 5727 3452 5783 διά
3495 5743 3552 5779 τε
3594 5722 3681 5790 τὴν

2132 5815 2380 5883 ἄγνοιαν,
2411 5815 2506 5869 καὶ
2527 5815 2616 5869 ὃιά
2638 5815 2698 5869 τὸ
2723 5816 2887 5887 μηδὲν
2917 5818 3068 5888 παρά
3091 5819 3200 5874 τῶν
3229 5818 3539 5872 ἐπισκόπων
3565 5810 3677 5878 περὶ
