3930 6426
316 368 429 435 785

1476 370 2016 434 EPISTOLARUM
2056 374 2301 443 LIBER,
2328 379 2376 437 Ι.

3481 374 3583 435 786

312 486 415 552 τῆς
461 502 717 556 τοιαύτης
760 485 1222 557 ὲξασφαλισθῆναι
1280 486 1552 558 πράξεως,
1614 488 1752 558 μήτε
1789 485 1931 555 μὴν.

2038 504 2275 544 anonum
2305 490 2656 559 disciplinam
2686 489 2964 552 noverint,
3008 498 3064 541 et
3112 496 3397 556 propterea
3448 488 3584 554 lapsi

314 576 427 627 τῶν
479 578 721 630 κανόνων
757 577 1055 648 ἀλλαχόθεν
1102 579 1391 650 ἀκρίϐειαν
1431 580 1647 650 μαθεῖν,
1682 580 1778 632 καὶ
1807 577 1896 630 διά

315 667 492 720 ταῦτα
519 668 597 739 τῷ
626 670 851 741 τοιούτῳ
896 670 1206 741 ὼλίσθησαν
1246 671 1526 741 πτώματι,
1563 673 1612 724 oi
1662 668 1898 723 τοιοῦτοι

319 758 561 823 πάντως,
596 762 644 812 εί
704 763 832 831 μήτι
859 762 1009 825 ἄλλο,
1065 762 1182 817 ἀλλ’
1232 765 1289 815 ἐν
1323 764 1433 833 ὅσῳ
1481 780 1544 831 γε
1596 762 1774 833 χρόνῳ
1805 761 1900 814 τὸν

315 851 549 921 δίγαμον
606 853 706 922 τῆς
750 858 1038 918 κοινωνίας
1077 855 1184 908 τῶν
1222 856 1468 927 φρικτῶν
1502 853 1818 926 μυστηρίων
1851 854 1900 906 οἱ

321 945 481 1013 νόμοι
509 944 601 996 τοῦ
636 947 961 1015 Πνεύματος
996 948 1427 1015 ἀποκωλύουσιν,
1447 949 1503 999 ἑν
1522 947 1781 1017 τοσούτῳ,
1807 947 1902 999 καὶ

320 1038 350 1088 ό
391 1037 715 1107 παραλόγως
748 1042 847 1110 τὴν
877 1040 1127 1109 εὐλογίαν
1154 1043 1267 1105 τοῖς
1319 1041 1749 1109 συναπτομένοις
1776 1041 1901 1092 ἐπι-

322 1127 524 1193 τεθεὶς,
558 1130 657 1200 τῆς
694 1133 1001 1203 ἱερουργίας
1024 1134 1546 1205 ὲπισχεθήσεται.Εἱ
1570 1134 1644 1203 μή
1679 1150 1763 1194 τις
1794 1132 1903 1201 ἄρα

324 1224 645 1291 κατεπείγει
683 1226 840 1297 χρεία
871 1228 1269 1299 ἁπαιραίτητος
1303 1226 1462 1297 ἄλλη,
1494 1225 1592 1279 καὶ
1625 1224 1903 1289 παντελῶς

326 1316 759 1389 ἀπραγμοσύνη,
796 1322 889 1373 καὶ
929 1320 1042 1390 βίος
1069 1320 1227 1384 ἄλλος
1258 1320 1533 1390 ἐπίσημος
1561 1319 1658 1372 τοῦ
1689 1319 1900 1388 ἀνδρός.

333 1408 402 1460 Ἃ
438 1408 702 1475 πολλάκις
748 1413 899 1483 παρά
929 1416 1041 1477 τοῖς
1067 1413 1352 1483 Πατράσιν
1400 1412 1579 1483 ἡμῶν,
1609 1412 1675 1464 δι’
1703 1412 1908 1463 οἰκονο-

330 1497 486 1567 μίαν,
533 1496 632 1570 τῆς
690 1503 976 1573 ἀκριϐείας
1013 1502 1170 1574 ὤφθη
1207 1503 1628 1575 περιγεγονότα,
1679 1502 1773 1555 καὶ
1814 1501 1907 1552 τὸν

326 1589 524 1659 χρόνον
579 1593 680 1661 τῆς
733 1596 1017 1665 ἐπιτιμίας
1053 1596 1356 1664 συνάγοντα
1396 1595 1534 1665 πρὸς
1568 1595 1628 1646 τὸ
1662 1593 1904 1646 ἔλαττον.

327 1680 571 1736 Γυναῖκα
600 1685 655 1738 δὲ
691 1688 841 1758 παρὰ
877 1687 976 1756 μὲν
1006 1688 1100 1740 τοῦ
1127 1687 1421 1740 θεσπεσίου
1466 1687 1680 1739 Παύλου
1725 1701 1905 1755 μεμιιι⁴

328 1772 582 1843 θήκαμεν
636 1770 1016 1833 ἀποϐαλοῦσαν
1050 1779 1142 1832 τὸν
1181 1780 1371 1849 ἄνδρα,
1404 1779 1678 1849 δευτέροις
1707 1778 1909 1847 γάμοις

2005 582 2137 647 sint,
2188 582 2244 635 hi
2292 582 2539 646 omnino,
2588 582 2633 633 si
2683 581 2820 633 nihil
2867 580 3037 643 aliud,
3083 580 3296 640 saltem,
3343 578 3583 646 quandiu

2007 674 2282 744 digamum
2309 674 2459 741 leges
2489 673 2800 742 spirituales
2832 672 3245 725 tremendorum
3296 668 3585 737 mysterio-

2008 780 2127 818 rum
2175 763 2565 818 communione
2614 763 2930 832 prohibent,
2988 762 3178 814 tandiu
3227 770 3283 813 ct
3314 760 3438 827 ipsi,
3492 758 3585 826 qui

2011 856 2336 927 coniugibus
2378 864 2581 927 przeter
2620 855 2885 908 rationem
2935 852 3373 908 benedictionem
3412 851 3587 919 impo-

2010 958 2256 1013 suerunt,
2310 948 2479 1003 sacris
2536 947 2802 1002 faciendis
2849 946 3225 1000 abstincbunt.
3282 943 3399 996 Nisi
3465 958 3587 1010 quae

2009 1041 2112 1094 alia
2144 1040 2501 1110 implacabilis
2542 1048 2730 1109 urgeat
2762 1038 3082 1100 necessitas,
3114 1045 3170 1089 et
3205 1034 3432 1089 omnino
3475 1032 3585 1086 vita

2011 1134 2266 1199 hominis,
2299 1144 2412 1188 tum
2448 1132 2762 1202 tranquilla,
2790 1140 2905 1184 tum
2945 1129 3242 1183 notabilis:
3268 1145 3388 1197 qum
3413 1142 3586 1195 smpe-

2011 1240 2244 1280 numero
2271 1225 2415 1294 apud
2442 1224 2630 1278 Patres
2652 1232 2872 1277 nostros
2901 1220 3176 1291 aequitatis
3215 1219 3438 1282 intuitu,
3479 1232 3589 1285 pra:

2011 1334 2204 1380 exacto
2236 1339 2446 1378 canone
2477 1321 2781 1376 obtinuisse
2808 1328 3042 1381 constat,
3067 1330 3124 1372 et
3167 1332 3413 1371 censura:
3447 1323 3588 1368 tem-

2015 1434 2119 1486 pus
2159 1416 2531 1470 abbreviasse.
2583 1412 2862 1467 Mulierem
2907 1419 3109 1469 autem,
3136 1409 3256 1462 viro
3308 1408 3587 1461 defuncto.

2014 1512 2269 1568 novimus
2289 1509 2507 1579 quidem
2536 1524 2567 1561 a
2597 1506 2858 1561 divinitus
2884 1504 3152 1574 inspirato
3178 1501 3349 1556 Paulo
3372 1498 3589 1554 veniam

2015 1606 2268 1674 adeptam
2312 1601 2582 1656 secundas
2630 1597 2854 1667 nuptias
2905 1595 3165 1651 adeundi.
3222 1593 3402 1646 Multa:
3442 1590 3591 1643 enim

2017 1708 2146 1755 sunt
2164 1697 2450 1750 mulierum
2474 1692 2843 1753 infirmitates,
2867 1705 2987 1759 quze
3004 1687 3271 1756 pudorem
3300 1683 3591 1745 incutiant,

2018 1803 2086 1856 ad
2122 1809 2373 1854 naturam
2401 1797 2615 1852 virilem
2645 1809 2833 1848 eorum
2861 1789 3291 1844 imbecillitatem
3311 1783 3591 1856 exigendi.

326 1865 593 1935 ὁμιλῆσαι
652 1871 983 1941 συγγνώμην
1023 1870 1315 1925 λαϐοῦσαν.
1349 1871 1526 1924 Πολλά
1565 1870 1672 1940 γὰρ
1716 1869 1786 1921 τὰ
1814 1886 1911 1937 γυ-

2038 1893 2205 1946 firum
2232 1898 2415 1943 autem
2449 1904 2479 1942 a
2504 1885 2809 1942 visceribus
2834 1881 3152 1952 apostolicis
3184 1879 3375 1934 eadem
3410 1874 3596 1931 indul-

329 1959 550 2009 ναιχεῖα
577 1960 1011 2031 ἀρρωστήματα,
1046 1963 1142 2016 καὶ
1165 1963 1432 2015 δυσωπεῖν
1468 1962 1649 2027 ἱκανὰ,
1676 1962 1750 2031 μὴ
1776 1961 1913 2032 πρὸς

325 2046 436 2116 τὴν
461 2048 623 2116 φύσιν
655 2053 763 2103 τῶν
792 2054 1002 2124 ἀνδρῶν
1033 2055 1129 2125 τὴν
1152 2056 1377 2107 ἐκείνων
1406 2055 1689 2108 ἀσθένειαν
1717 2054 1912 2107 ἐκϐιά-

328 2138 548 2203 ζεσθαι.
588 2143 790 2214 Ἄνδρα
823 2146 878 2198 δὲ
926 2147 1026 2200 ούκ
1059 2146 1215 2216 ἴσμεν
1267 2148 1366 2216 τῆς
1393 2148 1561 2217 αὐτῆς
1588 2146 1915 2215 συγγνώμης

325 2232 495 2301 ’παρὰ
542 2232 651 2285 τῶν
701 2236 1075 2290 ἀποστολικῶν
1113 2237 1413 2301 ἀξιωθέντα
1454 2238 1804 2306 σπλάγχνων,
1834 2237 1916 2289 διὸ

328 2323 434 2376 καὶ
460 2325 520 2377 τὸ
553 2327 825 2395 ἐπιτίμιον
876 2329 971 2380 τοῦ
1008 2329 1103 2397 μὲν
1154 2332 1388 2397 γυναῖκα
1417 2329 1646 2399 δίγαμον
1683 2329 1914 2395 εὐλογή-

330 2431 556 2478 σαντος,
583 2417 614 2486 ἦ
643 2418 751 2469 οὐδ’
776 2418 911 2481 ὅλως
946 2420 978 2490 ἢ
1009 2419 1143 2472 πολὺ
1177 2421 1505 2489 κουφότερον
1532 2418 1684 2471 ἔσται
1715 2417 1810 2470 τοῦ
1838 2418 1919 2470 δί-

327 2524 518 2578 γαμον
570 2508 740 2578 ἄνδρα
806 2512 1222 2583 εύλογήσαντος.
1283 2512 1346 2564 Οἱ
1400 2511 1455 2564 δὲ
1499 2510 1921 2578 ἀπολελυμένως

329 2601 710 2670 ἁρμοζόμενοι
742 2604 1009 2670 γυναιξὶν,
1049 2604 1282 2673 ἐπείπερ
1316 2604 1348 2673 ή
1384 2603 1581 2672 πρᾶξις
1613 2603 1711 2671 ούχ
1747 2600 1919 2668 ἁπλῆ,

328 2692 467 2745 οὔτε
497 2694 559 2746 τὸ
595 2696 651 2747 ὲν
697 2696 880 2759 αὐτοῖς
927 2697 1203 2766 ἐπιτίμιον
1253 2696 1470 2764 πρόεισι
1515 2695 1784 2764 μονοειδές
1814 2711 1827 2725 ’
1862 2694 1924 2746 οὑ

339 2790 459 2856 μὴν
501 2787 610 2840 οὐδ’
640 2788 690 2840 οἱ
723 2790 947 2851 τούτους
1006 2789 1356 2855 εὐλογοῦντες
1404 2788 1506 2840 ὑπὸ
1536 2788 1665 2856 μίαν
1709 2788 1924 2840 τελοῦσι

332 2880 527 2947 δίκην.
564 2881 725 2934 Ὅσαι
757 2882 857 2951 μὲν
886 2885 1143 2950 γυναῖκες
1182 2880 1531 2948 ἀπελύθησαν
1579 2881 1674 2932 τοῦ
1712 2882 1923 2950 ἀνδρὸς,

335 2973 560 3025 ἐκείνου
590 2976 689 3043 τὴν
722 2973 901 3027 αἰτίαν
951 2974 1394 3046 παρασχομένου,
1429 2973 1515 3040 ἐφ’
1547 2966 1591 3039 ᾧ
1621 2974 1718 3040 τῆς
1768 2990 1927 3040 φύσις

336 3064 454 3132 κῆς
506 3063 721 3134 ὁμιλίας
778 3067 808 3135 ἡ
859 3063 1115 3116 ἀσθένεια
1162 3063 1590 3133 κατεκράτησεν,
1652 3056 1809 3115 αὗται
1840 3061 1926 3127 δὴ,

2016 1984 2199 2055 gentia
2233 1981 2443 2052 dignari
2487 1995 2598 2033 non
2635 1976 2907 2031 novimus.
2955 1974 3209 2028 Censura
3256 1970 3423 2042 igitur
3473 1968 3594 2037 ejus:

2017 2078 2111 2144 qui
2152 2075 2366 2130 mulieri
2394 2073 2621 2143 digamat
2652 2068 3015 2127 benedixerit,
3050 2067 3133 2119 vel
3166 2065 3313 2117 nulla
3349 2058 3595 2125 omnino,

2019 2170 2105 2224 vel
2156 2169 2363 2229 mitior,
2394 2181 2554 2234 quam
2592 2164 2713 2233 ejus
2755 2161 2846 2230 qui
2870 2159 3009 2212 viro.
3039 2158 3143 2222 Qui
3198 2166 3381 2209 autem
3431 2152 3594 2205 abso-

2020 2273 2133 2327 lute
2173 2269 2581 2337 conjunguntur
2627 2261 2968 2322 mulieribus,
3003 2257 3263 2327 quoniam
3313 2269 3422 2307 non
3467 2252 3598 2304 sim-

2022 2363 2149 2432 plex
2175 2362 2317 2414 actio
2354 2366 2457 2420 est,
2509 2356 2739 2426 proinde
2780 2370 2883 2406 nec
2917 2350 3209 2404 uniformis
3231 2356 3315 2400 est
3339 2359 3596 2406 censura,

2023 2471 2127 2509 nec
2157 2454 2248 2523 qui
2280 2453 2411 2521 ipsis
2432 2450 2768 2505 benedicunt
2795 2447 2898 2501 sub
2927 2460 3091 2497 unam
3124 2458 3339 2511 poenam
3369 2439 3596 2492 cadunt.

2025 2548 2156 2611 Qua:
2181 2546 2400 2615 quidem
2428 2543 2622 2595 mulier
2645 2558 2673 2593 a
2704 2541 2822 2592 viro
2863 2538 3083 2591 dimissa
3107 2544 3211 2593 est,
3239 2535 3356 2602 ipso
3382 2546 3601 2583 causam

2030 2645 2348 2707 praestante,
2392 2632 2535 2700 quod
2587 2629 2852 2683 naturalis
2899 2640 3225 2695 congressus
3282 2617 3602 2688 impotentia

2031 2741 2331 2794 teneretur,
2362 2728 2444 2780 ine
2466 2727 2511 2781 si
2548 2724 2835 2779 continere
2868 2719 3150 2790 elegerint,
3176 2717 3372 2768 melius
3396 2713 3595 2774 fuerit;

2029 2823 2175 2893 quod
2217 2822 2259 2875 si
2305 2834 2437 2873 vero
2462 2817 2615 2887 jungi
2669 2812 2965 2875 voluerint,
3013 2825 3114 2862 nec
3158 2806 3289 2859 illud
3334 2803 3591 2856 condem—

2031 2916 2308 2969 nationem
2341 2911 2395 2963 in
2436 2910 2570 2978 ipsis
2604 2907 2787 2968 habet,
2821 2918 2926 2957 nec
2967 2901 3010 2954 si
3039 2899 3162 2968 quis
3193 2895 3448 2951 sacerdos
3498 2908 3602 2944 nu—

2036 3008 2173 3077 ptias
2212 3019 2399 3059 earum
2436 2999 2821 3056 benedictione
2864 2996 3112 3049 honoret.
3147 2990 3299 3055 Quod
3324 2987 3366 3040 si
3414 2985 3611 3039 femina

2034 3100 2280 3153 eamdem
2309 3110 2529 3149 causam
2564 3098 2803 3162 praestat,
2843 3088 3035 3143 eadem
3074 3086 3328 3137 libertate
3358 3078 3611 3149 pnedicta

388 3152 452 3189 τι.
697 3158 718 3187 ι.
1052 3159 1072 3170 -ι
1291 3174 1315 3183 η,
1477 3155 1533 3182 ~_
1604 3154 1623 3167 ιο
1680 3172 1698 3182 __
1837 3169 1850 3181 ,
1883 3154 1925 3179 ,-
2044 3152 2051 3153 ί
2170 3152 2175 3153 γ
2568 3152 2577 3162 .

338 3175 535 3222 au'm’
574 3158 623 3209 εἰ
654 3176 753 3227 μιν
803 3172 1100 3226 σωφρονειν
1141 3156 1370 3217 ἕλοιν⁵θ’
1407 3173 1566 3207 mmo
1595 3171 1816 3222 αμθινθν
1882 3170 1927 3202 εί
1958 3194 2001 3227 ρ
2036 3193 2249 3227 Γνιιαιιη·
2298 3205 2401 3227 ιιι-ει
2450 3190 2601 3227 ηνῐιις
2632 3184 2869 3227 ςηιιιιιιιιι
2921 3180 3097 3227 virum
3153 3165 3357 3227 ιΙὶιῖἢίιιί
3402 3184 3577 3222 sumus

1958 3194 2003 3253 C
2036 3193 2268 3251 fruatur,
2298 3205 2403 3257 qua
2450 3190 2601 3255 prius
2632 3184 2870 3238 solutum
2921 3180 3097 3233 virum
3153 3165 3357 3244 dignati
3402 3184 3614 3222 sumus.

338 3251 407 3302 δὲ
435 3253 529 3304 καί
557 3251 709 3321 ἀνδρὶ
739 3250 1111 3303 συνάπτεσθαι
1148 3248 1440 3319 βούλοιντο,
1474 3248 1568 3300 καὶ
1601 3246 1759 3298 τοῦτο
1787 3246 1926 3297 ἀκα-

340 3342 663 3409 τάγνωστον
717 3342 910 3403 αὑταῖς
962 3359 1043 3407 τε,
1102 3340 1196 3394 καὶ
1227 3340 1280 3392 εἴ
1323 3355 1467 3401 τινες
1502 3337 1777 3405 εὑρεθεῖεν
1821 3336 1931 3386 τῶν

348 3432 567 3507 ἱερέων,
593 3435 680 3487 διὰ
710 3434 810 3504 τῆς
830 3433 1080 3501 εὐλογίας
1104 3432 1195 3486 τὸν
1215 3432 1390 3500 γάμον
1420 3429 1795 3498 σεμνύνοντες.
1827 3426 1933 3476 Καὶ

342 3530 454 3600 ’τῆς
488 3528 745 3596 γυναικὸς
774 3527 873 3597 τὴν
910 3525 1077 3595 αὐτὴν
1105 3523 1488 3593 παρεχομένης
1512 3520 1713 3582 αἰτίαν,
1745 3514 1811 3588 ἧς
1838 3518 1933 3569 καὶ

345 3623 382 3674 ὁ
406 3619 681 3683 διαλυθεὶς
710 3619 849 3688 ἀνὴρ
870 3618 967 3687 τῆς
1008 3615 1179 3683 αὐτῆς
1219 3612 1532 3683 ἐλευθερίας
1582 3609 1807 3678 ἠξίωτο,
1841 3608 1937 3660 καὶ

354 3716 391 3783 ή
428 3712 610 3782 μικρῴ
657 3709 893 3782 πρόσθεν
945 3710 1211 3779 εἰρημένη
1263 3706 1402 3775 γυνὴ
1450 3701 1768 3757 ἀπολαύσει.
1817 3700 1937 3753 Κᾶν

356 3806 515 3876 παρὰ
542 3805 639 3875 τὴν
673 3803 888 3874 ἠλικίαν
917 3802 973 3854 δέ
1005 3818 1150 3864 τινες
1208 3800 1288 3861 εἰς
1348 3795 1642 3867 μνηστείαν
1688 3792 1937 3854 ἔλθωσιν,

354 3897 482 3953 εἷτα.
514 3898 739 3959 τούτους
772 3899 800 3949 ὁ
820 3896 981 3964 νόμος
1006 3894 1095 3945 διὰ
1116 3892 1175 3943 τὸ
1206 3890 1526 3960 παράνομον
1568 3887 1663 3941 ἀπ’
1693 3886 1939 3952 ἀλλήλων

352 3990 644 4059 διαστήσῃ,
678 3986 800 4039 οὐδὲ
846 3985 967 4038 τότε
1018 3982 1124 4034 οὐδ’
1179 3981 1368 4050 ἕτερον
1421 3978 1531 4031 τῶν
1576 3975 1943 4044 διισταμένων

360 4081 696 4154 προσώπων,
718 4081 777 4132 ὲν
807 4075 978 4146 λα’ίκῷ
997 4074 1242 4145 δηλονότι
1260 4069 1652 4140 ἐξεταζόμενον
1674 4068 1941 4137 τάγματι,

358 4176 501 4246 πρὸς
529 4174 717 4243 ἕτερον
753 4171 984 4240 νόμιμον
1012 4167 1306 4238 ἐρχόμενον
1338 4164 1515 4232 γάμον
1557 4161 1788 4223 εὐθύνας
1846 4160 1947 4227 ὑφ-

358 4268 500 4333 έξει.
552 4264 612 4317 Ὁ
647 4260 825 4331 δὲτὴν
872 4256 1280 4326 ἐκϐεϐλημένην
1327 4254 1421 4305 ἐπὶ
1452 4253 1667 4323 μοιχείᾳ
1710 4251 1949 4320 γυναῖκα.

358 4360 612 4428 θέμενος,
652 4355 760 4407 εἴτε
793 4350 1129 4421 γεγαμηκὼς
1151 4348 1260 4417 εἴη,
1291 4346 1402 4399 εἴτε
1436 4346 1530 4398 καὶ
1562 4343 1757 4412 γάμων
1780 4339 1949 4407 ἄγευ-

360 4466 514 4513 στος,
550 4448 736 4518 μοιχός
782 4444 843 4496 τέ
877 4446 1017 4508 ἐστι,
1053 4442 1146 4494 καὶ
1174 4441 1251 4508 τῷ
1282 4440 1390 4493 τῶν
1437 4435 1640 4507 μοιχῶν
1690 4430 1950 4501 ἐπιτιμίῳ

357 4539 674 4595 ὑπόκειται.
713 4536 775 4588 Εἰ
812 4535 868 4588 δὲ.
890 4535 978 4587 διὰ
1001 4533 1161 4603 μόνον
1190 4531 1381 4598 ἄλογον
1407 4530 1568 4599 μῖσος
1602 4526 1706 4578 ὑπὸ
1733 4523 1827 4575 τοῦ
1850 4523 1949 4574 ἀν-

356 4632 493 4702 δρὸς
526 4631 622 4683 καὶ
654 4628 865 4683 ἄκουσα
901 4624 1223 4690 ἐξωσθεῖσα,
1265 4622 1489 4691 ἄμεινον
1524 4619 1623 4689 μὲν
1681 4619 1729 4669 εἰ
1787 4615 1951 4667 πάλιν

358 4724 509 4797 πρὸς
538 4725 628 4777 τὸν
663 4722 794 4775 ἴδιον
830 4716 1220 4789 ἐπαναπρέψῃ
1250 4714 1419 4784 ἄνδρα
1445 4728 1456 4741 ·
1485 4713 1536 4764 εἰ
1582 4711 1638 4763 δὲ
1674 4708 1773 4780 μὴ,
1805 4708 1951 4760 ὲκεί-

358 4836 465 4874 νου
503 4816 640 4887 πρὸς
671 4814 869 4883 ἑτέραν
892 4813 1126 4881 γυναῖκα
1145 4807 1495 4878 χωρήσαντος
1527 4805 1654 4873 ἤδη,
1708 4802 1957 4871 μοιχείας

367 4910 478 4980 μὲν
512 4907 673 4976 αὕτη,
706 4903 1075 4974 συνερχομένη
1116 4899 1269 4969 ἀνδρὶ
1298 4896 1489 4967 ἑτέρῳ,
1517 4894 1617 4946 ούκ
1656 4894 1722 4946 ἂν
1761 4890 1960 4959 ἐγκλη-

370 5022 512 5076 ματι
542 4998 925 5071 περιενεχθείη
946 5012 958 5025 ·
988 4997 1050 5049 οὐ
1086 4994 1272 5065 μέντοι
1301 5008 1365 5059 γε
1390 4993 1418 5043 ὁ
1448 4988 1651 5059 ἱερεὺς,
1691 4985 1762 5038 τὰ
1811 5001 1959 5038 νενο-

370 5096 620 5169 μισμένα
652 5090 919 5146 ἐπιτελῶν
954 5092 1010 5141 ὲν
1061 5087 1223 5155 αὐτῇ,
1261 5086 1324 5136 τὸ
1358 5081 1782 5148 ἀκατάγνωστον
1824 5075 1959 5141 ἕξει,

366 5187 517 5245 ἀλλὰ
554 5185 652 5254 τὴν
681 5182 777 5235 τοῦ
827 5181 1093 5249 διγάμους
1142 5177 1543 5245 εύλογὴσαντος
1584 5168 1961 5237 ἀπαιτηθήσε-

366 5299 472 5337 ται
499 5279 674 5347 δίκην.
708 5277 782 5329 Τὸ
814 5275 872 5329 δὲ
905 5274 965 5340 ἐξ
1006 5273 1205 5339 ἀλόγου
1254 5268 1577 5339 συμφωνίας
1625 5262 1963 5324 διαλύεσθαι,

370 5380 509 5435 ἐπεὶ
539 5377 691 5445 νόμῳ
717 5371 1075 5441 κεκωλυμένη
1095 5371 1127 5438 ἡ
1148 5366 1377 5434 τοιαύτη
1403 5365 1579 5431 τόλμα
1601 5359 1965 5425 καθέστηκεν,

372 5471 509 5525 οὔτε
537 5470 629 5521 τὸν
661 5467 853 5536 ἄνδρα,
881 5464 1015 5533 πρὸς
1039 5462 1227 5530 ἕτερον
1272 5456 1666 5527 συνερχόμενον
1719 5449 1969 5502 συνοικέ-

378 5582 527 5627 σιον,
562 5565 629 5633 ἐᾷ
657 5561 971 5617 ἀνεύθυνον,
1002 5556 1125 5609 οὒτε
1156 5555 1252 5624 τὴν
1283 5554 1523 5620 γυναῖκα
1561 5542 1972 5616 διαπραττομέ-

378 5676 488 5730 νην
519 5659 579 5710 τὸ
637 5657 772 5709 ἴσον.
832 5651 1049 5706 Μᾶλλον
1106 5650 1204 5718 μὲν
1246 5644 1338 5699 οὖν
1399 5646 1493 5697 καὶ
1527 5642 1713 5694 ποιναὶ
1753 5639 1970 5707 βαρεῖαι

387 5754 602 5806 κεῖνται
636 5749 747 5810 τοῖς
773 5746 979 5814 νόμοις,
1032 5745 1081 5795 εἰ
1135 5738 1362 5806 τοιαύτη
1414 5734 1611 5808 πρᾶξις
1646 5734 1724 5793 εἰς
1764 5731 1971 5797 τόλμαν

384 5841 726 5913 ἀχθήσεται⁸
764 5838 855 5895 καὶ
886 5835 1041 5905 δῆλον
1070 5832 1141 5897 ὡς
1171 5832 1261 5885 ἐπὶ
1288 5832 1399 5892 τοῖς
1432 5826 1691 5887 τοιούτοις
1731 5836 1973 5875 συνοικε-

2035 3283 2189 3349 Quod
2222 3283 2266 3335 si
2307 3280 2397 3349 qui
2436 3287 2631 3348 praeter
2658 3282 2875 3327 aetatem
2909 3266 3221 3337 desptiinsati
3254 3265 3387 3320 sint,
3409 3258 3610 3314 deinde

2040 3387 2125 3438 lex
2187 3382 2331 3451 ipsos
2379 3390 2636 3447 tanquam
2698 3381 2895 3441 praeter
2944 3368 3117 3436 legem
3150 3364 3470 3430 coniunctos
3530 3372 3617 3410 se-

2040 3473 2334 3548 paravcrit,
2365 3481 2495 3524 tunc
2551 3473 2747 3520 neutra
2799 3472 3159 3530 personarum
3200 3447 3617 3509 discedentiuni,

2040 3586 2159 3638 quae
2193 3564 2416 3636 quidem
2447 3561 2502 3614 in
2539 3557 2731 3612 ordine
2774 3551 2914 3605 laico
2942 3553 3260 3609 cenSentur,
3295 3542 3339 3596 si
3382 3540 3448 3593 ad
3488 3538 3621 3590 alias

2042 3662 2312 3733 legitimas
2352 3654 2573 3725 nuptias
2616 3648 2861 3709 accedat,
2907 3656 3194 3697 censuram
3244 3634 3473 3691 subibit.
3517 3630 3622 3696 Qui

2036 3744 2224 3810 autem
2273 3752 2341 3803 ob
2376 3744 2707 3801 adulterium
2732 3739 2965 3809 ejectam
3007 3748 3226 3787 uxorem
3262 3727 3475 3788 fecerit,
3509 3723 3623 3775 sive

2045 3846 2375 3916 conjugatus
2432 3839 2545 3893 sive
2602 3835 2821 3898 caelebs,
2873 3828 3084 3883 adulter
3114 3834 3216 3887 est,
3269 3831 3323 3873 et
3372 3814 3625 3871 adulterii

2049 3962 2296 4002 censura:
2327 3942 2590 4010 subiacet.
2652 3935 2807 4001 Quod
2850 3930 2892 3986 si
2946 3930 3123 3983 solum
3173 3936 3395 3995 propter
3442 3918 3627 3971 odium

2047 4042 2181 4094 citra
2220 4038 2486 4091 rationem
2511 4050 2541 4085 a
2576 4032 2690 4085 viro
2716 4026 2883 4080 invita
2912 4022 3137 4091 expulsa
3171 4018 3260 4078 sit,
3288 4012 3480 4066 melius
3525 4007 3631 4060 erit

2049 4134 2093 4189 si
2117 4133 2183 4186 ad
2211 4145 2371 4185 suum
2404 4128 2583 4181 virum
2614 4126 2959 4175 revertatur:
3012 4114 3094 4166 sin
3144 4112 3268 4169 hoc,
3322 4104 3466 4173 quod
3514 4101 3630 4167 ipse

2052 4225 2120 4279 ad
2148 4223 2280 4276 alias
2309 4236 2367 4273 se
2404 4216 2625 4287 nuptias
2649 4213 2760 4282 jam
2797 4204 3145 4278 applicuerit,
3193 4199 3306 4253 licri
3356 4211 3465 4249 non
3504 4208 3631 4261 pos—

2055 4318 2148 4381 sit,
2191 4310 2443 4367 adulterii
2485 4309 2600 4378 ipsa
2650 4301 2889 4365 crimini,
2940 4312 3062 4353 cum
3103 4295 3211 4347 alio
3259 4292 3375 4343 viro
3419 4287 3632 4356 juncta,

2056 4404 2292 4463 obnoxia
2321 4416 2431 4455 non
2470 4400 2574 4452 crit
2601 4415 2612 4449 :
2646 4404 2701 4449 at
2726 4408 2857 4447 vero
2885 4388 3168 4447 sacerdos,
3204 4383 3302 4451 ipsi
3330 4380 3432 4432 rite
3470 4378 3633 4429 ιιυιιυ-

2058 4511 2269 4571 dicens,
2298 4518 2463 4572 super
2488 4501 2604 4569 ipsa
2632 4498 2822 4549 insons
2848 4507 2959 4544 non
2986 4488 3113 4550 erit,
3143 4485 3237 4538 sed
3268 4494 3483 4549 pinnam
3520 4474 3638 4541 ejus

2060 4569 2339 4672 prwstabit
2367 4569 2479 4663 iqui
2514 4588 2745 4659 digatnis
2770 4579 3133 4638 benedixcrit.
3184 4574 3331 4627 Citra
3367 4569 3637 4621 rationein;

2059 4703 2242 4748 autent
2274 4708 2302 4744 ιι
2330 4684 2585 4755 coniugio
2614 4679 2917 4739 discedere,
2951 4674 3095 4741 quo‘d
3126 4682 3317 4721 ausum
3364 4664 3477 4731 lege
3516 4675 3637 4728 pro-

2062 4786 2295 4841 bibiltun
2327 4790 2431 4844 est,
2477 4793 2655 4845 neque
2688 4772 2888 4833 virum,
2928 4767 2995 4820 ad
3045 4764 3178 4817 alias
3224 4757 3445 4824 nuptias
3491 4766 3646 4803 acce-

2063 4881 2307 4939 dentem,
2356 4870 2632 4926 insontem
2682 4860 2929 4923 dimittit,
2986 4873 3165 4925 neque
3219 4849 3482 4905 feminam
3526 4857 3647 4911 quae

2066 4982 2209 5035 idem
2240 4976 2420 5032 faciat.
2452 4971 2593 5037 Quin
2620 4967 2800 5037 potius
2827 4975 3019 5033 graves
3052 4970 3226 5026 poetae
3253 4950 3461 5021 legibus
3524 4960 3649 4997 con-

2068 5076 2270 5131 stitutat
2309 5077 2457 5132 sunt,
2494 5065 2540 5118 si
2577 5063 2699 5132 quis
2748 5060 2852 5111 hoc
2878 5054 3066 5108 facere
3124 5061 3292 5101 austts
3345 5039 3527 5096 fuerit.
3586 5034 3649 5086 lit

2068 5166 2418 5224 manifestum
2448 5170 2532 5213 est
2579 5152 2941 5210 sacerdotem,
2980 5142 3070 5213 qui
3102 5136 3360 5197 adfuerit,
3393 5142 3449 5187 ct
3498 5145 3648 5183 sat-ra

2070 5265 2172 5317 rite
2244 5251 2602 5311 celebraverit
2677 5248 2730 5299 in
2788 5235 3101 5311 huiusmodi
3163 5228 3369 5300 nuptiis
3425 5222 3653 5278 omnino

2073 5362 2281 5413 honore
2353 5367 2453 5405 suo
2530 5347 2681 5414 juxta
2752 5350 3000 5392 exactam
3064 5342 3338 5383 canonum
3411 5315 3653 5383 discipli—

2076 5467 2200 5506 nain
2267 5444 2542 5499 excidere.
2616 5435 2723 5489 Sed
2797 5435 2912 5484 lucc
2978 5424 3236 5479 festinate
3306 5408 3662 5484 pronuntiata

2074 5544 2229 5603 sint;
2293 5536 2437 5606 quod
2511 5545 2632 5600 qua:
2712 5523 3007 5593 inopinata:
3078 5503 3461 5579 diseeptationi
3528 5515 3662 5568 pro-

2078 5636 2253 5707 posita
2283 5636 2441 5683 erant
2480 5616 2941 5679 consideratimris
2969 5624 3181 5665 moram
3241 5616 3348 5654 non
3409 5596 3619 5649 ferrent
3648 5607 3660 5642 :

2078 5735 2223 5805 quod
2256 5733 2301 5786 si
2344 5728 2477 5799 quid
2510 5722 2660 5778 aliud
2689 5726 2871 5773 vestra
2911 5711 3137 5767 solertia
3168 5699 3417 5773 diligenti
3456 5694 3669 5763 disqui-

2082 5837 2281 5894 sitione
2324 5826 2690 5896 perspexerit,
2739 5819 2980 5876 obtineat
3031 5808 3178 5882 quod
3219 5805 3413 5862 melius
3456 5808 3558 5855 est.
3603 5794 3669 5848 ill.
