3930 6426
457 371 557 432 787
1613 375 1877 438 PHOTII
1913 372 2410 436 PATRIARCH/E
2445 372 2553 434 ΟΡ.
3538 371 3619 437 788

460 495 560 534 nos
617 478 782 534 etiam
839 479 1106 546 fortassis,
1170 481 1362 537 laxiori
1420 490 1672 554 tempore
1739 495 2068 545 concesso“

2173 480 2268 544 ἱοις
2289 479 2676 551 εὑρισκόμενος
2706 478 2737 530 ό
2759 476 2962 547 ἱερεὺς,
2986 474 3165 529 καὶτὰ
3193 476 3515 546 νενομισμένα
3534 486 3621 548 τοῖς

460 573 704 628 exactius
741 572 948 642 aliquid
977 571 1350 642 dispiciemus.

2173 571 2324 640 ἑμοις
2355 569 2547 634 τελῶν,
2577 567 2855 630 παντελῶς
2900 567 3001 636 τῆς
3033 566 3170 629 ιδίας
3207 567 3366 637 τιμῆς
3403 569 3525 623 κατὰ
3550 574 3626 643 τὴν

460 665 570 720 τῶν
613 666 856 720 κανόνων
907 667 1222 719 ἐκπεσεῖται
1281 666 1592 736 ἀκρίϐειαν.
1655 666 1816 720 Ἀλλὰ
1852 666 2026 719 ταῦτα
2067 665 2168 734 μέν
2197 664 2262 718 τὸ
2323 663 2488 734 τάχος
2515 659 2639 716 εἷπε
2663 679 2679 694 ’
2700 663 2794 716 καὶ
2829 661 2891 715 τδ
2915 647 3249 731 ἀμελέτητόν
3271 679 3329 714 τε
3359 665 3443 717 καὶ
3466 667 3630 736 ἀπροσ-

459 759 687 830 δόκητον
727 758 836 811 τῶν
890 757 1264 828 προτεθέντων
1307 757 1389 820 είς
1430 755 1692 826 ζήτησιν·
1745 756 1796 808 εἱ
1834 754 1895 808 δέ
1936 771 1991 808 τι
2026 751 2158 807 ἄλλο
2192 752 2616 821 ἐπιμελέστερον
2667 753 2701 821 ὴ
2767 749 3012 821 ὑμετέρα
3079 748 3288 812 σύνεσις
3315 751 3633 811 ἐπισκοποῦσα

463 855 686 921 κατίδοι,
719 853 920 908 νικάτω
950 854 1012 907 τὸ
1056 853 1305 925 ἄμεινον.
1351 852 1463 906 Καὶ
1512 853 1671 922 ἡμεῖς
1700 851 1757 904 δὲ
1776 851 1906 914 ῐσως
1929 850 1989 903 ἐν
2025 848 2348 919 πλατυτέρῳ
2370 847 2549 918 καιρῷ
2577 845 2967 920 ἀκριϐέστερόν
2991 863 3043 902 τι
3068 845 3196 902 ἄλλο
3219 846 3634 923 ἐπιθεωρήσομεν.

1061 994 1278 1052 EPIST.
1311 995 1432 1050 XX.

2732 990 2956 1045 ΕΠΙΣΤ.
3013 992 3098 1046 K'.

1709 1109 1854 1163 Edita
1871 1123 1901 1161 α
1921 1109 2221 1161 Montacutlo
2243 1109 2312 1172 (p.
2345 1107 2477 1170 388).

537 1222 768 1294 Scripsit
791 1221 1050 1278 sanctitas
1073 1231 1168 1278 tua
1209 1222 1278 1278 de
1315 1221 1666 1293 quibusdam,
1691 1221 1886 1294 polluti
1923 1219 2033 1276 cibi

2211 1217 2461 1290 Ἔγραψε
2484 1233 2577 1270 σου
2604 1217 2640 1287 ἠ
2671 1215 2890 1286 ὁσιότης
2911 1215 3044 1286 περί
3061 1231 3226 1270 τινων
3251 1222 3650 1290 μιαροφαγησάν.

467 1331 565 1370 esu
629 1313 1014 1369 contaminatis
1063 1327 1272 1370 :causa
1319 1323 1503 1370 autem
1552 1311 2034 1370 contaminationis

2173 1330 2270 1366 ων.
2315 1309 2380 1364 Ἦ
2419 1309 2478 1363 δέ
2511 1309 2662 1363 αίτία
2709 1310 2812 1379 τῆς
2861 1307 3233 1377 μιαροφαγίας
3283 1306 3394 1361 ἐστι
3441 1311 3648 1386 τοιαύτη·

469 1411 591 1457 erat
646 1401 940 1472 ejusmodi.
989 1401 1206 1456 [verant
1253 1401 1470 1471 gentilis
1510 1401 1794 1472 cujusdam
1839 1415 2036 1454 monu-

2173 1401 2362 1472 Γύμϐον
2373 1401 2688 1472 Ἑλληνικὸν
2716 1399 2958 1471 ἀπῆλθον
2986 1397 3229 1469 διορύξαι
3255 1401 3389 1470 πρὸς
3413 1402 3652 1472 ἀνεύρεσιν

470 1502 720 1550 mentum
771 1491 1033 1548 refossuri
1062 1493 1128 1546 ad
1166 1493 1527 1549 inveniendus
1567 1493 1827 1563 pecunias
1863 1510 1880 1548 :
1911 1506 2038 1546 cum

2173 1494 2470 1565 ςρημάτωνο
2505 1489 3002 1564 ματαιοπονοῦντες
3025 1490 3084 1544 δέ
3109 1491 3206 1544 καὶ
3233 1489 3396 1561 μηδὲν
3426 1491 3657 1562 εὑρίσκονι

468 1594 653 1641 autem
703 1584 977 1640 incassum
1017 1583 1350 1648 laborarent,
1381 1600 1485 1640 nec
1524 1585 1823 1656 quidquam
1879 1582 2037 1638 inve-

2175 1603 2254 1653 ες,
2282 1582 2435 1639 εἶπεν
2465 1583 2696 1648 ἕκαστος
2718 1583 2856 1654 πρὸς
2878 1584 2971 1636 τὸν
2993 1582 3220 1652 πλησίον
3244 1583 3426 1647 αὐτοῦ,
3459 1584 3532 1637 ὅτι
3557 1585 3660 1640 Ἐὰν

468 1676 671 1742 nirent,
712 1675 967 1730 dixerunt
993 1674 1136 1730 inter
1164 1689 1306 1740 sese,
1334 1675 1440 1730 nisi
1481 1691 1673 1732 canem
1715 1684 2034 1735 mactemus,
2063 1744 2068 1749 Α

2173 1677 2222 1747 tl)
2249 1677 2545 1748 σφάξωμεν
2577 1675 2736 1740 κύνα,
2767 1674 2862 1729 καὶ
2893 1676 2958 1728 ἐκ
2982 1673 3094 1728 τῶν
3125 1673 3305 1743 κρεῶν
3337 1673 3495 1728 αὐτοῦ
3539 1676 3660 1745 ἁψώ-

473 1776 534 1824 et
564 1767 633 1822 de
648 1768 907 1822 carnibus
925 1767 1044 1836 ejus
1061 1777 1361 1839 gustemns,
1381 1783 1492 1822 non
1515 1765 1872 1822 reddetnobis
1885 1774 2030 1820 terra
2063 1744 2068 1800 Ῑ

2173 1743 2308 1834 ιεθα,
2351 1743 2415 1822 ού
2446 1743 2532 1840 ,μὴ
2583 1767 2840 1822 ἐπιδώσει
2888 1768 3022 1838 ἡμῖν
3057 1767 3093 1837 ἡ
3119 1767 3191 1836 γῆ
3239 1765 3302 1818 τὸ
3355 1743 3660 1837 ζητούμενον.

471 1861 619 1928 quod
647 1859 962 1928 quaerimus.
1025 1858 1220 1915 Statim
1258 1859 1459 1914 factum
1502 1867 1588 1915 est
1632 1859 1778 1929 quod
1833 1857 2039 1913 dictum

2173 1863 2345 1918 ιύτίκα
2370 1861 2504 1931 γοῦν
2535 1863 2564 1915 ὁ
2615 1861 2772 1930 λόγος
2809 1861 2888 1923 εἱς
2922 1860 3082 1932 ἔργον
3132 1858 3366 1930 προέϐη.
3419 1859 3663 1916 Ἐλθόντων

475 1956 617 2004 erat.
650 1949 787 2006 Cum
839 1951 1024 2020 itaque
1068 1950 1135 2006 ad
1175 1950 1452 2006 interdicti
1498 1949 1609 2006 cibi
1652 1948 2039 2006 conscientiam

2173 1953 2233 2007 ὒν
2259 1956 2340 2018 είς
2377 1952 2630 2024 ατσοησιν
2653 1953 2753 2023 τῆς
2781 1951 3245 2023 ἀπηγορευμένης
3277 1950 3542 2022 βρώσεωςι
3580 1957 3666 2018 τοξ

473 2040 773 2104 venissent,
805 2041 1038 2111 genibus
1077 2041 1316 2112 episcopi
1358 2040 1672 2097 accidentes
1716 2039 2041 2096 medicinam

2173 2045 2272 2099 εοσὶ
2292 2046 2631 2116 προσέπεσον
2651 2044 2746 2098 τοῦ
2765 2042 3090 2110 ἐπισκόπου,
3108 2041 3424 2112 αἰτούμενοι
3449 2044 3667 2111 ἰατρείαν,

473 2130 770 2201 petierunt,
821 2141 877 2187 et
918 2132 1194 2187 commissi
1240 2132 1447 2202 peccati
1475 2131 1885 2203 indulgentiam.
1918 2129 2046 2187 Haec

475 2228 605 2275 sunt
634 2236 754 2290 quae
784 2221 999 2291 pietatis
1029 2232 1135 2277 tua:
1163 2222 1358 2276 littera:
1386 2231 1631 2276 narrant.
1668 2221 1736 2276 Et
1773 2221 1841 2276 de
1865 2220 1969 2276 hac
1985 2235 2046 2276 re

475 2311 710 2368 formula
763 2314 831 2368 ab
874 2314 1117 2370 Ecclesia
1168 2313 1465 2370 constituta
1531 2323 1637 2380 est,
1691 2313 2045 2384 quadraginta

472 2406 686 2460 dierum
719 2407 1062 2477 pcenitentia,
1091 2417 1146 2464 et
1172 2409 1427 2478 precibus
1448 2407 1772 2478 quibusdam
1815 2406 2044 2472 absolvi,

473 2493 568 2564 qui
630 2491 760 2549 huic
803 2493 1024 2550 crimini
1091 2497 1275 2552 innexi
1339 2504 1488 2551 sunt.
1551 2495 1804 2551 Praesens
1862 2504 2048 2550 autem

475 2587 669 2658 polluti
707 2589 815 2644 cibi
856 2589 1204 2661 participatio
1241 2591 1470 2647 alterius
1517 2589 1800 2659 cujusdam
1854 2588 2050 2655 impie-

2143 2137 2240 2191 καὶ
2265 2136 2420 2192 λύσιν
2449 2137 2542 2190 τοῦ
2588 2135 3056 2207 παραπτώματος.
3108 2135 3299 2188 Ταῦτα
3353 2134 3671 2204 διήγγειλετὸ

2143 2224 2384 2295 γράμμα
2407 2223 2509 2293 τῆς
2540 2224 2642 2292 σῆς
2669 2223 2962 2290 εὐλαϐείας
2985 2242 3001 2256 ο
3033 2225 3128 2278 καὶ
3153 2224 3288 2295 περὶ
3321 2223 3506 2277 τούτου
3540 2224 3672 2290 τύπος

2149 2317 2250 2387 μέν
2297 2317 2446 2370 ἐστιν
2475 2315 2952 2386 ἐκκλησιαστικδς,
2982 2315 3074 2370 διὰ
3131 2316 3672 2387 τεσσαρακονθημέρου

2147 2407 2448 2478 ἐπιτιμίου,
2471 2406 2564 2460 καί
2592 2425 2756 2462 τινων
2785 2407 2985 2477 εὐχῶν,
3017 2407 3342 2462 διαλύεσθαι
3377 2406 3501 2470 τοὺς
3538 2408 3672 2462 ἐαλω-

2147 2500 2315 2563 κότας
2354 2499 2432 2569 τῷ
2476 2499 2803 2569 ἐγκλήματι.
2848 2499 2916 2553 Ἦ
2963 2498 3024 2553 δὲ
3079 2481 3337 2569 ara/90600.
3388 2500 3674 2568 μιαροφαγία

2149 2592 2386 2662 ἔχεικαὶ
2426 2592 2619 2662 ἐτέρας
2646 2591 2791 2656 τινὸς
2835 2591 3091 2657 ἀσεϐείας
3133 2590 3441 2663 ἐπιμιξίαν.
3491 2590 3557 2644 Τὸ
3595 2593 3674 2662 γὰρ

479 2679 610 2735 tatis
643 2679 930 2737 mistnram
962 2681 1152 2741 habet.
1186 2681 1483 2753 PrOpterea
1513 2682 1660 2737 enim
1705 2679 2051 2736 contamina-

2173 2698 2314 2736 ;νεκα
2331 2681 2522 2735 τούτου
2556 2681 2986 2753 μιαροφαγῆσαι,
3021 2681 3162 2736 ὥστε
3197 2682 3304 2753 τὴν
3326 2685 3437 2755 γῇν
3479 2680 3673 2752 ἐκμειλίο

477 2780 594 2825 tum
624 2771 808 2827 cibum
837 2772 1126 2845 attingere,
1174 2784 1236 2828 nt
1275 2783 1418 2829 terra
1471 2774 1798 2843 placaretur,
1857 2787 2053 2828 secun-

2173 2772 2368 2838 ξασθαι,
2397 2773 2540 2826 κατὰ
2573 2772 2672 2842 τὴν
2719 2773 2945 2826 ἐκείνων
2989 2772 3090 2842 τῆς
3133 2773 3401 2837 ἀπονοίας
3447 2773 3675 2837 ὑπόνοιαν,

477 2860 720 2917 cundum
753 2863 1004 2919 insanam
1048 2865 1289 2934 ipsorum
1335 2865 1675 2936 Opinionem,
1732 2863 1940 2920 crimen
1994 2863 2052 2919 in

2173 2864 2306 2930 ιῦξει
2335 2863 2496 2918 πλέον
2525 2864 2588 2918 τὸ
2630 2863 2909 2935 ἔγκλημα·
2936 2864 3040 2918 κᾶν
3059 2862 3188 2919 ἄνευ
3229 2864 3509 2934 λογισμῶν
3555 2881 3680 2918 τινων

477 2952 659 3023 majus
699 2954 944 3011 attollit:
985 2956 1199 3012 etiamsi
1246 2957 1364 3012 sine
1427 2955 1693 3028 gravioris
1755 2955 2056 3026 impietatis

2173 2957 2595 3030 ἰυσσεϐεστέρων
2622 2958 2760 3030 πρὸς
2781 2958 2881 3028 τὴν
2915 2957 3174 3028 τοιαύτην
3195 2957 3470 3027 ὑπόληψιν
3521 2973 3682 3026 κατηνο

476 3041 828 3118 cogitatione,
857 3048 925 3104 ad
944 3047 1086 3104 hanc
1104 3050 1418 3120 opinionem
1447 3047 2054 3106 accesserunt.Verum-

2173 3054 2411 3124 ίχθησαν.
2426 3054 2576 3124 Πλήν
2596 3069 2662 3122 γε
2680 3052 2778 3107 καὶ
2803 3051 2915 3106 τῶν
2939 3052 3150 3123 ἀνδρῶν
3174 3051 3238 3105 τδ
3255 3046 3411 3124 ἦθος,
3427 3051 3516 3105 καὶ
3534 3051 3564 3121 ἡ
3581 3050 3686 3120 ἄλλη

480 3147 668 3194 tamen
705 3148 763 3196 et
787 3139 1076 3196 hominum
1116 3157 1320 3208 mores,
1372 3149 1428 3197 et
1466 3141 1708 3212 reliquus
1743 3141 1871 3198 vita:
1917 3150 2054 3197 acta:

2173 3147 2249 3200 τοῦ
2285 3146 2402 3215 βίου
2450 3145 2719 3215 διαγωγὴ,
2749 3145 2846 3198 καὶ
2891 3143 3248 3206 κατάστασις,
3276 3141 3380 3196 καὶ
3423 3143 3457 3210 ἡ
3486 3140 3574 3209 τῆς
3595 3139 3688 3193 δια-

479 3239 661 3298 tenor,
702 3241 758 3288 et
781 3233 950 3288 animi
973 3235 1315 3302 constitutio,
1347 3243 1469 3290 tum
1494 3235 1720 3301 mentis,
1753 3234 1870 3290 sive
1919 3235 2056 3290 sim-

2173 3241 2308 3303 ροίας
2337 3238 2578 3308 ἁπλότης
2602 3237 2638 3308 ἢ
2681 3236 2942 3308 δεινότης,
2989 3234 3215 3290 δύναται
3263 3230 3690 3296 πολυπλασιάζειν

481 3322 703 3394 plicitas
751 3324 868 3380 sive
908 3326 1154 3392 solertia,
1204 3325 1291 3382 vel
1343 3327 1644 3398 producere
1685 3335 1866 3399 potest
1918 3335 2057 3382 tem-

2173 3333 2253 3386 ta‘t
2277 3330 2595 3399 συντέμνειν
2614 3344 2629 3358 ο
2666 3327 2779 3381 εἴτε
2799 3328 2894 3382 καὶ
2923 3326 3062 3398 μετὰ
3080 3325 3496 3397 τεσσαράκοντα
3520 3322 3692 3392 ἡμέρας

481 3431 588 3487 pus
634 3417 720 3472 vel
777 3426 995 3474 curtare
1029 3434 1044 3473 :
1075 3435 1201 3475 cum
1247 3420 1479 3476 fortasse
1516 3430 1641 3492 post
1695 3419 2058 3492 quadraginta

2173 3422 2382 3493 iunctm
2412 3422 2596 3483 αὐτοῖς
2619 3419 2916 3490 ἐπιτίμιον.
2943 3419 3006 3471 Εί
3036 3417 3095 3471 δέ
3125 3417 3208 3470 δεῖ
3229 3433 3282 3470 τι
3311 3416 3412 3468 καὶ
3444 3412 3694 3481 κεφάλαιον

481 3505 603 3564 dies
624 3508 875 3580 imposita
922 3527 1156 3569 censura
1186 3512 1279 3568 sit.
1313 3512 1470 3580 Quod
1509 3513 1556 3568 si
1598 3513 1838 3568 secunda
1873 3511 2054 3582 aliqua

2173 3517 2415 3585 δεύτερον
2439 3514 2636 3577 εἰπεῖν,
2660 3511 2789 3565 ἄνευ
2812 3508 2920 3563 τῶν
2947 3507 3360 3578 ἐπιτεμνόντων
3397 3506 3432 3577 ἢ
3473 3502 3695 3575 μηκυνόν-

480 3599 732 3657 delinitio
777 3602 1128 3674 producenda
1165 3613 1272 3671 est,
1299 3605 1560 3676 sepositis
1599 3603 2052 3667 circumstantiis,

2173 3624 2271 3659 των
2290 3606 2353 3660 τὸ
2381 3605 2618 3674 πρᾶγμα
2647 3599 3052 3670 περιπατικῶν
3077 3598 3292 3662 αἰτιῶν,
3330 3599 3416 3661 είς
3436 3597 3576 3667 τρεῖς
3601 3610 3698 3647 τεσ-

481 3709 607 3764 qua:
629 3694 979 3764 producendo
1004 3695 1090 3752 vel
1117 3697 1386 3752 curtando
1408 3695 1640 3767 tempori
1672 3710 1893 3751 causam
1918 3709 2058 3766 pra:-

2173 3695 2533 3767 σαρακοστάς,
2559 3696 2593 3766 ἠ
2623 3692 2894 3764 ἐπιτιμία,
2926 3691 3052 3756 τοὺς
3079 3689 3175 3744 ἐπὶ
3199 3689 3268 3760 τῇ
3311 3686 3576 3759 εἰρημένῃ
3601 3700 3698 3754 μια-

481 3784 638 3848 bent,
679 3786 751 3841 ad
808 3794 920 3842 tres
977 3787 1191 3844 dierum
1242 3787 1621 3858 quadragenas
1658 3785 1829 3841 multa
1863 3799 2056 3840 eorum

2173 3787 2406 3860 ροφαγίᾳ
2431 3787 2762 3850 ἑαλωκότας,
2791 3784 3142 3856 περιστήσει’
3180 3781 3300 3852 ἅμα
3324 3781 3398 3852 τῇ
3431 3778 3563 3850 ἄλλῃ
3591 3774 3703 3830 κατὰ

483 3874 580 3943 qui
631 3875 687 3930 in
748 3876 853 3931 hoc
905 3877 1135 3934 crimine
1192 3877 1521 3950 deprehensi
1567 3885 1716 3942 sunt,
1761 3873 2055 3946 redigenda

2173 3882 2494 3953 τῆν’δίαιταν
2537 3878 2951 3951 σκληραγωγίᾳ,
2976 3876 3072 3932 καὶ
3111 3877 3180 3947 τῇ
3219 3872 3337 3928 τῶν
3366 3870 3599 3945 φρικτῶν
3620 3885 3701 3935 μυ-

485 3966 595 4022 erit
621 3985 634 4020 :
661 3978 855 4038 prmter
882 3970 1142 4040 reliquam
1176 3971 1354 4026 victus
1407 3967 1812 4037 austeritatem,
1844 3979 1899 4026 et
1946 3979 2060 4030 tre-

2173 3974 2408 4048 στηρίων
2434 3972 2804 4030 ἁποκωλύσει.

489 4057 812 4115 mendorum
840 4061 1226 4132 mysteriorum
1257 4059 1663 4116 abstinentiam.

1088 4200 1308 4258 EPIST.
1344 4202 1485 4258 XXI.

2762 4199 2987 4257 ΕΠΙΣΤ.
3023 4197 3156 4256 KA'.

1691 4321 1835 4372 Edita
1868 4333 1896 4371 a
1927 4320 2228 4372 Montacutlo
2272 4322 2342 4386 (p.
2377 4322 2509 4386 589).

565 4423 682 4480 Non
717 4424 918 4480 idcirco
967 4424 1194 4480 antistiti
1236 4424 1678 4496 signiﬁcavimus,
1704 4435 1763 4481 ut
1789 4425 2051 4483 certiores

2229 4429 2342 4500 Οὐχ
2363 4428 2537 4492 οὕτως
2559 4428 2913 4499 ἐμηνύσαμεν
2947 4427 3028 4498 τῷ
3053 4425 3325 4498 προέδρῳ,
3355 4425 3446 4479 ῖνα
3486 4421 3714 4494 μάθωμεν

492 4517 772 4580 ﬁeremns,
787 4530 919 4570 num
945 4514 1128 4570 sciens
1141 4515 1431 4586 episcopus
1452 4515 1778 4580 adulterum,
1803 4530 1960 4571 saera
1983 4513 2066 4570 fa-

2173 4523 2222 4576 εί
2257 4521 2394 4590 μετὰ
2418 4520 2671 4590 γνώσεως
2693 4519 3056 4593 παρεχώρησε
3079 4519 3171 4573 τὸν
3218 4517 3408 4588 μοιχὸν
3452 4511 3716 4586 ἱερατεύειν

495 4625 621 4664 cere
663 4608 1020 4680 permisisset,
1080 4607 1225 4678 quod
1273 4617 1329 4663 et
1367 4623 1530 4679 grave
1557 4616 1736 4674 esset;
1789 4607 1883 4663 sed
1941 4623 2072 4662 num

498 4700 699 4770 ipsum‘
721 4700 1030 4756 adulterum
1053 4714 1176 4756 esse
1197 4699 1378 4754 sciens
1406 4699 1714 4754 ordinasset
1739 4715 1752 4751 :
1778 4699 1921 4768 quod
1951 4713 2074 4768 gra-

497 4793 623 4846 vius
650 4799 753 4846 est.
790 4792 880 4847 llle
902 4801 1109 4857 autem,
1158 4791 1316 4860 cujus
1353 4807 1454 4846 nos
1478 4791 1736 4846 certiores
1760 4790 1880 4845 ﬁeri
1935 4789 2074 4845 velle

2172 4614 2201 4666 ό
2223 4612 2519 4674 ἐπίσκοπος
2537 4626 2550 4639 ·
2583 4610 2784 4665 ἄτοπον
2821 4610 2932 4682 γὰρ
2961 4609 3059 4663 καὶ
3087 4607 3244 4662 τοῦτο
3264 4625 3280 4638 ·
3323 4607 3441 4661 ἀλλ’
3478 4608 3527 4658 εἰ
3553 4604 3716 4673 ἐγίνω-

2176 4719 2276 4757 σκε
2307 4703 2492 4774 μοιχὸν
2511 4702 2672 4756 αὑτὸν
2700 4698 2861 4766 εἷναι,
2884 4700 2978 4756 καὶ⁵
2999 4700 3142 4755 οὕτω
3166 4699 3328 4754 αὑτὸν
3349 4696 3716 4769 ἐχειροτόνησε·
3765 4723 3772 4763 μ

2175 4794 2555 4866 χαλεπώτερον
2582 4794 2690 4864 γὰρ
2723 4792 2901 4848 τοῦτο.
2954 4793 3012 4846 '0
3039 4792 3116 4854 δὲ,
3145 4791 3175 4844 ὃ
3212 4791 3311 4862 μὲν
3335 4788 3580 4860 ἐμηνύθη
3600 4784 3720 4838 διδά-

498 4879 945 4949 signiiicavimus,
973 4880 1042 4935 de
1067 4895 1134 4935 eo
1163 4880 1301 4934 nihil
1335 4895 1436 4934 nos
1463 4879 1672 4944 docuit,
1703 4879 1848 4948 quod
1888 4889 2076 4933 autem

499 4983 668 5025 nemo
728 4972 1026 5039 quaerebat,
1089 4971 1195 5025 hoc
1254 4969 1610 5024 renuntiavit.
1663 4967 2076 5034 Verumtamen,

500 5060 772 5130 siquidem
830 5062 1008 5132 ipsum
1050 5063 1356 5117 adulterum
1401 5077 1525 5117 esse
1567 5061 1746 5116 sciens
1779 5059 2076 5124 ordinavit,

505 5151 734 5208 omnino
763 5163 819 5207 et
844 5154 1164 5223 episcOpatu
1193 5164 1250 5209 et
1300 5153 1606 5209 sacerdotio
1629 5152 1833 5208 excidit
1865 5171 1878 5207 :
1931 5150 2079 5221 quod

505 5246 554 5300 si
585 5244 844 5315 ignorans
867 5245 1174 5299 adulterum
1195 5261 1316 5300 esse
1339 5261 1464 5300 eum
1491 5245 1785 5309 ordinavit,
1818 5253 1932 5298 tum
1961 5259 2082 5299 cer-

503 5337 613 5392 tior
668 5335 866 5401 factus,
899 5336 966 5390 ad
1027 5347 1242 5405 tempus
1284 5339 1504 5406 quidem
1559 5336 1844 5400 abstinuit,
1881 5335 2083 5390 deinde

505 5444 658 5482 saera
721 5427 900 5481 facere
944 5427 1214 5497 permisit,
1279 5428 1442 5480 etiam
1503 5427 1678 5496 ipsum
1727 5426 1947 5494 quidem
2009 5425 2080 5480 ad

505 5529 724 5589 tempus
764 5519 932 5573 sacris
982 5517 1249 5572 faciendis
1308 5518 1580 5573 abstinere
1634 5527 1869 5586 oportet.
1922 5514 2084 5569 Aliud

506 5611 654 5666 enim
684 5621 768 5665 cst
821 5610 991 5667 Deum
1013 5607 1392 5673 contemnere,
1430 5609 1574 5663 aliud
1596 5623 1778 5663 errore
1799 5608 2087 5677 deceptum

508 5703 682 5758 videri
720 5704 894 5774 legem
925 5705 1246 5760 observasse
1273 5700 1483 5756 etiamsi
1526 5718 1634 5754 non
1671 5699 1947 5754 observes.
1973 5699 2085 5754 Ca:-

511 5800 688 5848 terum
697 5795 793 5861 ,ad
818 5803 1031 5866 tempus
1045 5791 1319 5848 abstinere
1350 5790 1522 5862 ipsum
1549 5791 1912 5856 decrevimus,
1933 5790 1975 5845 si
2001 5807 2086 5843 rc-

2177 4886 2290 4951 ξαι,
2319 4886 2419 4938 οὐκ
2466 4883 2726 4950 ἐδίδαξεν,
2761 4883 2791 4936 ὃ
2825 4883 2884 4936 δὲ
2915 4882 3092 4946 οὐδεὶς
3121 4881 3355 4951 ἐζήτησε
3385 4878 3544 4932 τοῦτο
3579 4874 3720 4944 ἀνήγ·

2177 4978 2347 5046 γειλε.
2376 4975 2521 5046 Πλὴν
2550 4977 2599 5029 εί
2635 4974 2736 5044 μὲν
2763 4973 2920 5037 εἰδὼς
2950 4973 3114 5028 αὐτὸν
3148 4971 3334 5042 μοιχὸν
3369 4971 3500 5024 ὄντα
3542 4972 3723 5036 ἐχειρο-

2179 5069 2394 5139 τόνησε,
2421 5066 2697 5129 παντελῶς
2720 5067 2838 5119 ἐστι
2867 5064 3249 5136 καθῃρημένος
3293 5065 3390 5132 τῆς
3411 5055 3724 5133 ἀρχιερωσύ-

2180 5175 2280 5228 νης
2307 5174 2368 5212 τε
2397 5157 2495 5210 καὶ
2545 5155 2846 5228 ἱερωσύνης
2868 5172 2882 5184 ·
2932 5157 2981 5207 εί
3008 5154 3067 5206 δὲ
3115 5154 3329 5222 ἀγνοῶν
3354 5152 3515 5206 αὑτὸν
3567 5146 3726 5218 μοιχὸν

2181 5251 2312 5306 ὄντα
2333 5250 2758 5321 ἐχειροτόνησεν,
2783 5243 2901 5300 εἷτα.
2923 5244 3129 5316 μαθὼν,
3152 5245 3350 5314 ἐπέσχε
3378 5243 3480 5314 μέν
3509 5241 3597 5294 ἐπὶ
3618 5235 3726 5307 χρό-

2182 5362 2295 5409 νον,
2331 5343 2572 5396 ἀπέλυσε
2599 5341 2657 5393 δὲ
2685 5339 3004 5409 ἱερατεύειν,
3041 5337 3379 5407 παυθήσεται
3403 5334 3504 5404 μὲν
3533 5333 3620 5385 καὶ
3643 5327 3728 5381 αύ-

2184 5437 2276 5497 τὸς
2299 5435 2391 5488 τοῦ
2425 5434 2727 5505 ἱερουργεῖν
2751 5431 2844 5484 ἐπὶ
2871 5431 3097 5501 χρόνους
3139 5429 3313 5490 τινάς.
3353 5426 3516 5480 Ἀλλο
3542 5422 3641 5491 γὰρ
3679 5417 3729 5470 τὺ

2187 5524 2644 5598 [κατα1φρονῆσαι
2667 5521 2828 5586 Θεοῦ,
2864 5521 2959 5574 καὶ
2985 5519 3115 5573 ἄλλο
3145 5517 3208 5570 τὸ
3252 5513 3612 5583 ἀπαιτηθῆναι
3651 5507 3730 5560 καὶ

2187 5618 2338 5683 δόξαι
2362 5617 2615 5686 φυλάξαι,
2634 5615 2737 5668 κᾶν
2753 5614 2852 5666 οὐκ
2875 5609 3158 5680 ἐφύλαξενο
3181 5608 3273 5662 ἐπὶ
3293 5607 3511 5677 χρόνους
3530 5603 3584 5656 δέ
3602 5613 3729 5686 τινας

2191 5711 2402 5780 ἔφημεν
2450 5705 2799 5778 ἐπισχεθῆναι
2857 5703 3040 5767 αὑτὸν,
3071 5700 3278 5768 ἐάνπερ
3304 5699 3371 5751 τὰ
3416 5695 3551 5750 ἄλλα
3589 5685 3728 5744 αὐτοῦ

2194 5805 2583 5875 προτερήματα
2652 5800 2742 5852 καὶ
2797 5801 2830 5868 ἡ
2864 5797 2962 5866 τῆς
3016 5794 3177 5862 ἄλλης
3222 5789 3508 5862 περιουσία
3535 5784 3725 5842 δύναται
