3930 6494
231 356 365 418 τεο

1410 356 1945 419 EPISTOLARUM
1986 358 2218 418 LIBER
2278 360 2328 420 Ι.

3404 358 3511 422 790

231 462 803 533 ἀντιταλαντευθῆναι
829 463 906 533 τῷ
952 465 1174 534 τοιούτῳ
1195 464 1359 518 αύτοῦ
1394 466 1821 538 παραπτώματι,
1850 520 1859 534 4

1967 484 2072 538 qua
2131 470 2253 540 ejus
2304 469 2517 534 nterita,
2585 479 2640 522 et
2703 469 2920 523 virtutis
2963 468 3151 537 cupia,
3203 454 3510 537 liujuamodi

235 558 301 606 εἰ
330 556 392 607 δὲ
438 555 536 624 μὴ,
557 554 804 623 διηνεκὲς
830 556 891 606 τὸ
918 556 1196 624 ἐπιτίμιον
1228 556 1361 622 ἕξει.
1393 557 1577 610 Ταῦτα
1604 558 1661 611 δὲ
1683 558 1831 627 λέγο-

1962 576 2143 629 ipsum
2193 575 2547 629 compensare
2595 560 2879 612 vidcantur
2916 574 2931 611 :
2967 558 3074 621 sin,
3106 558 3160 611 in
3190 569 3511 627 perpetuum

240 665 384 718 μεν,
410 648 511 699 οὐκ
537 648 631 700 ἐὰν
672 650 700 699 ὁ
754 647 1017 718 πρόεδρος
1048 649 1212 700 αὑτοῦ
1244 649 1392 718 λέγει
1441 651 1522 703 ὅτι
1548 652 1831 720 γινώσκων

1965 667 2177 706 ensura:
2221 651 2543 721 subjacebit.
2589 650 2715 705 llaec
2767 660 2949 704 autem
2989 649 3246 712 dicimus,
3311 665 3420 703 non
3465 651 3515 704 si

239 740 425 795 αὐτὸν
454 740 643 810 μοιχὸν
675 741 1104 811 ἐχειροτόνησεν,
1141 741 1173 810 ἢ
1208 743 1289 795 ὃτι
1327 742 1465 812 μετὰ
1502 745 1563 795 τὸ
1591 762 1831 814 χειροτο-

240 832 493 901 νηθῆναι
546 833 708 884 αὑτὸν
764 831 950 901 μαθὼν
994 832 1179 900 μοιχὸν
1241 830 1398 897 εἶναι,
1456 835 1552 888 καὶ
1593 837 1686 888 ὲπί
1712 853 1833 888 τινα

245 923 457 991 χρόνον
484 922 750 991 ἐπισχὼν,
780 918 901 975 εἶτα
925 924 1228 994 ἱερουργεῖν
1251 924 1409 979 αὑτὸν
1435 926 1644 995 ἀφῆκεν
1667 943 1680 956 ’
1719 927 1833 980 ἀλλ’

240 1015 360 1066 ἐὰν
391 1014 556 1076 αὐτὸς
608 1016 696 1067 διὰ
744 1014 1040 1086 μαρτύρων
1092 1017 1300 1069 πιστῶν
1354 1020 1451 1071 καὶ
1502 1017 1836 1088 ἀδιαόλήτων

243 1107 506 1177 ἠλέγχθη
531 1124 546 1139 ο
580 1107 613 1177 ἢ
641 1107 735 1160 καὶ
768 1108 843 1177 μὴ
872 1108 1167 1176 ἐλεγχθεὶς,
1198 1108 1383 1178 οἰκείῳ
1403 1109 1722 1161 κατετέθετο
1743 1108 1839 1162 καὶ

242 1199 590 1269 ὡμολόγησε
612 1200 861 1269 στόματι.
888 1199 1074 1254 Ταῦτα
1103 1200 1200 1270 μὲν
1220 1197 1313 1254 οὖν
1341 1202 1374 1271 ἡ
1397 1202 1642 1272 ἡμετέρα
1669 1202 1840 1272 ἁρμό-

243 1290 381 1353 ζειν
412 1290 595 1362 ἔκρινε
629 1292 959 1362 μετριότηςο
1002 1292 1097 1344 καὶ
1134 1292 1263 1362 περὶ
1303 1291 1470 1347 αὐτοῦ
1503 1290 1578 1355 ὡς
1624 1292 1838 1346 κελεύει

240 1382 535 1454 διοικήσει
564 1385 598 1455 ἡ
630 1382 785 1454 ὑμῶν
810 1383 1054 1454 ἀγιότης.
1087 1383 1160 1436 Σὺ
1193 1384 1251 1437 δέ
1299 1401 1389 1455 μοι
1422 1385 1481 1438 ἐν
1506 1383 1696 1455 Κυρίῳ
1739 1384 1834 1456 ἔρ-

240 1474 437 1543 ῥωσο.

861 1580 1091 1637 ΕΠΙΣΤ.
1125 1578 1257 1636 KB‘.

1934 742 2160 797 antistes
2208 743 2377 812 ipsius
2436 742 2579 797 dicat
2627 743 2770 811 quod
2818 741 2993 811 ipsum
3049 740 3355 794 adulterum
3394 753 3518 793 esse

1934 835 2114 891 sciens
2164 836 2456 897 ordinavit,
2520 837 2602 888 vel
2638 835 2783 904 quod
2844 844 3126 902 postquam
3179 832 3507 893 ordinassct,

1935 929 2139 984 certior
2168 929 2344 982 factus
2375 928 2676 981 adulterum
2706 942 2848 989 esse,
2895 941 3019 981 cum
3046 926 3219 994 ipsum
3264 924 3328 977 ad
3374 933 3511 977 tem-

1936 1036 2041 1090 pus
2082 1019 2456 1078 abstinuisset,
2513 1017 2711 1073 deinde
2783 1018 2954 1071 sacris
3011 1015 3157 1085 fungi
3221 1014 3517 1083 permisit;

1937 1112 2030 1166 sed
2069 1111 2115 1166 si
2144 1111 2259 1181 ipse
2306 1112 2535 1166 testibus
2565 1110 2670 1165 ﬁde
2699 1108 2877 1179 dignis
2906 1116 2961 1162 et
2994 1107 3283 1176 inculpatis
3330 1105 3519 1159 convi—

1937 1210 2079 1265 ctus,
2128 1203 2213 1256 vel
2255 1217 2367 1256 non
2416 1201 2723 1265 convictus,
2759 1199 2853 1253 sed
2886 1214 2980 1253 ore
3031 1214 3130 1253 suo
3166 1212 3420 1252 assensus
3450 1195 3522 1249 sit

1936 1299 1995 1345 et
2022 1290 2324 1347 confessus.
2363 1290 2492 1347 Haec
2540 1291 2704 1362 igitur
2729 1289 3075 1345 mediocritas
3103 1297 3286 1342 nostra
3322 1301 3527 1341 conve-

1944 1382 2063 1437 nire
2094 1384 2307 1438 censuit
2340 1400 2354 1437 :
2384 1384 2451 1439 de
2498 1383 2614 1454 ipso
2641 1391 2824 1437 autem
2888 1381 3147 1436 sanctitas
3170 1386 3349 1434 vestra
3372 1376 3519 1447 quod

1949 1471 2218 1537 hortatur,
2266 1472 2578 1529 constituet.
2608 1471 2689 1526 Tu
2718 1484 2849 1526 vero
2874 1471 3009 1525 mihi
3031 1471 3085 1525 in
3110 1470 3338 1527 Domino
3385 1465 3527 1521 vale.

2541 1583 2763 1640 EPIST.
2810 1582 2976 1638 XXII.

1488 1718 1629 1771 Edita
1658 1734 1683 1769 a
1711 1719 2007 1773 Montacutio
2040 1724 2121 1787 (ρ.
2156 1723 2293 1785 590).

330 1846 539 1917 Θαῦμα
589 1847 687 1917 μὲν
719 1847 864 1917 ἡμᾶς
901 1846 1135 1918 κατέσχε
1180 1848 1274 1902 καὶ
1330 1848 1610 1919 ἔκπληξις,
1655 1849 1749 1902 ἐπὶ
1776 1852 1842 1920 τῇ

2015 1853 2315 1909 Admiratio
2378 1852 2595 1922 quidem
2636 1865 2737 1907 nos
2767 1848 2964 1905 invasit
3020 1863 3086 1903 ac
3125 1856 3317 1918 stupor
3367 1861 3533 1916 super

241 1938 512 2009 τοσαύτῃ
544 1940 822 2009 παροινίᾳ,
849 1940 943 1991 καὶ
970 1939 1221 2011 ἀπονοίᾳ,
1252 1940 1347 1994 καὶ
1378 1940 1725 2011 ἀναισθησίᾳ,
1751 1944 1847 1994 καὶ⁹

247 2031 593 2101 παρανομίᾳ
614 2029 708 2083 τοῦ
738 2031 1024 2101 προέδρου,
1048 2032 1289 2098 καίτοιγε
1321 2032 1428 2084 τῶν
1459 2032 1713 2085 τοιούτων
1741 2050 1847 2087 πα-

252 2121 391 2175 θῶν
416 2120 621 2174 παλαιά
655 2138 777 2173 τινα
812 2121 931 2191 ῐχνη
960 2123 1017 2174 ὲν
1044 2125 1109 2192 τῇ
1138 2123 1242 2192 μνή
1253 2137 1327 2193 μῃ
1347 2121 1611 2193 φέροντας
1630 2139 1645 2154 ·
1676 2122 1789 2175 ἀλλ’
1813 2123 1846 2192 ή

252 2213 511 2282 ἐπιμονὴ
546 2214 638 2265 καὶ
671 2211 896 2282 αὔξησις
928 2212 1037 2265 τῶν
1069 2212 1468 2283 προλαϐόντων,
1509 2212 1584 2275 ὡς
1621 2212 1714 2264 ἐπὶ
1739 2228 1849 2263 πα-

262 2304 543 2375 ραδόξοις,
576 2306 689 2368 τοῖς
720 2304 817 2357 νῦν
848 2305 1282 2372 πεπραγμένοις,
1316 2304 1555 2374 παρέσχε
1584 2304 1850 2373 ταράττε-

262 2395 426 2449 σθαι.
455 2394 598 2465 Πλὴν
624 2394 726 2447 οὐκ
751 2392 898 2447 ἔστιν
926 2393 1280 2464 ἀνενόχλητον
1302 2395 1414 2456 τοῖς
1457 2392 1580 2445 καθ’
1620 2393 1850 2445 ἕκαστον

258 2488 389 2541 τῶν
407 2487 548 2540 κατά
578 2487 744 2557 μέρος
768 2487 939 2555 λόγων
960 2486 1266 2555 ἐπιστῆναι,
1299 2485 1327 2538 ὃ
1352 2484 1613 2547 πολλάκις
1638 2484 1851 2554 ἔφαμεν

262 2582 380 2634 καὶ
420 2579 515 2632 νῦν
572 2596 772 2649 φαμεν.
822 2579 911 2641 Ὠς
959 2577 1191 2647 ἐπείπερ
1223 2576 1317 2629 καὶ
1353 2578 1517 2647 ἡμεῖς
1538 2575 1853 2644 ἁμαρτωλοὶ

261 2673 381 2735 τὰς
405 2670 736 2742 ἀμαρτωλάς
792 2669 948 2740 ἡμῶν
996 2670 1185 2739 χεῖρας
1225 2668 1316 2720 ἐπὶ
1344 2667 1441 2737 τὴν
1472 2667 1569 2738 σὴν
1619 2665 1853 2734 ἐθέμεθα

264 2762 549 2833 κεφαλὴν,
573 2764 672 2832 τὴν
701 2762 1095 2831 τελεταρχικὴν
1113 2759 1209 2813 τοῦ
1239 2760 1507 2827 παναγίου
1537 2760 1855 2830 Πνεύματος

266 2854 705 2924 ἐπικαλούμενοι
750 2853 910 2924 χάριν
954 2852 1096 2922 (καὶ
1150 2850 1599 2919 πεπιστεύκαμεν
1628 2850 1690 2902 ού
1734 2851 1853 2912 ταῖς

269 2946 443 3018 ἡμῶν
468 2945 853 3017 χειροθεσίαις,
881 2944 1018 2999 ἀλλά
1046 2945 1110 3013 τῇ
1133 2960 1193 2995 τε
1222 2941 1428 2996 ἀνωθεν
1449 2940 1729 3011 εὐμενείᾳ,
1762 2940 1858 2994 καὶ

269 3044 354 3113 τῇ
398 3044 465 3112 σῇ
515 3041 685 3112 ἀρετῇ
713 3079 728 3103 ,
794 3036 894 3105 τὴν
945 3034 1291 3105 ἑπιφοίτησιν
1352 3030 1517 3084 αὐτοῦ
1571 3029 1857 3083 πλουτίσαι

270 3134 490 3205 ἡμᾶς),
517 3132 579 3186 ού
612 3131 772 3203 μόνον
797 3130 899 3183 ὅσα
930 3128 989 3181 ὲν
1008 3128 1077 3198 τῇ
1104 3123 1404 3196 Ἐκκλησίᾳ
1428 3121 1762 3194 παρανόμως
1796 3136 1857 3173 τε

1954 1956 2103 2001 tanta
2139 1945 2462 2001 deliratione
2503 1953 2562 1999 et
2602 1942 2884 2008 vecordia,
2946 1956 3162 1996 necnon
3228 1939 3535 1995 insulsitate

1953 2050 2114 2108 atque
2153 2036 2476 2092 enormitate
2511 2035 2789 2099 antistitis,
2835 2034 2998 2090 etiam
3052 2041 3240 2087 vetera
3277 2031 3527 2100 quaedam

1954 2129 2181 2198 vestigia
2219 2126 2486 2197 ejusmodi
2516 2126 2807 2180 affectuum
2831 2164 2846 2189 ,
2894 2123 3155 2177 memoria
3209 2121 3531 2174 recolentes.

1954 2217 2156 2272 Verum
2172 2217 2386 2272 duratio
2413 2227 2574 2285 atque
2590 2217 2987 2270 incrementum
3012 2211 3437 2281 pmcedentium
3467 2210 3534 2264 de

1955 2306 2333 2377 prtesentibus,
2370 2314 2627 2372 tanquam
2652 2313 2850 2373 praeter
2871 2302 3183 2371 opinionem
3213 2299 3387 2364 iactis,
3409 2314 3536 2368 per-

1958 2399 2281 2455 turbationis
2328 2397 2486 2453 nobis
2511 2397 2796 2451 materiam
2846 2396 3220 2465 praebuerunt.
3263 2393 3533 2448 C-aaterum

1956 2491 2203 2547 molestia
2225 2507 2333 2546 non
2367 2498 2543 2556 vacat,
2591 2489 2932 2560 singulorum
2963 2487 3142 2542 causis
3172 2485 3535 2557 particulatim

1956 2583 2228 2645 insistere,
2266 2583 2412 2652 quod
2449 2582 2648 2652 saepius
2670 2580 2929 2641 diximus,
2950 2588 3005 2634 et
3032 2593 3182 2633 nunc
3206 2579 3366 2632 etiam
3395 2576 3536 2632 dici-

1959 2690 2101 2729 mus.
2143 2673 2299 2740 Quod
2332 2689 2454 2728 cum
2485 2682 2797 2742 peccatores
2844 2686 2946 2726 nos
2988 2669 3321 2741 peccatrices
3347 2684 3540 2722 "ianus

1958 2768 2120 2837 capiti
2155 2777 2249 2822 tuo
2297 2765 2675 2835 imposuimus,
2709 2764 2934 2835 gratiam
2974 2762 3145 2818 sancti
3181 2762 3415 2833 Spiritus
3438 2775 3539 2812 an-

1961 2858 2114 2913 tistiti
2148 2855 2420 2927 propriam
2454 2855 2806 2926 implorantes
2855 2856 2988 2924 (non
3024 2861 3224 2909 nostra:
3281 2866 3540 2906 manuum

1966 2948 2318 3020 impositioni,
2395 2947 2489 3003 sed
2553 2961 2807 3019 supernae
2872 2945 3221 3017 benignitati,
3304 2953 3360 2999 et
3431 2952 3540 2997 tua:

1962 3043 2132 3114 ipsius
2178 3042 2366 3097 virtuti
2416 3040 2611 3096 conﬁsi
2642 3081 2657 3106 ,
2717 3047 3107 3110 superventum
3190 3036 3365 3108 ipsius
3443 3050 3547 3091 nos

1962 3133 2341 3189 benedictione
2393 3132 2734 3199 ditaturum),
2794 3146 2907 3186 non
2954 3130 3130 3185 solum
3181 3144 3304 3199 qua:
3344 3127 3402 3182 in
3439 3126 3549 3182 Ec-

274 3222 387 3277 καὶ
418 3221 788 3281 ἀκανονίστως
811 3218 964 3289 παρὰ
984 3215 1078 3272 τοῦ
1100 3214 1305 3285 ταύτης
1329 3212 1595 3285 προέδρου
1625 3211 1859 3283 πρόεισι,

1968 3226 2133 3281 clesia
2184 3225 2458 3296 illegitime
2501 3233 2558 3279 et
2609 3233 2799 3280 contra
2857 3238 3101 3278 canones
3136 3221 3206 3277 ab
3249 3220 3424 3291 ipsius
3451 3234 3551 3273 an-

278 3314 428 3371 ἀλλά
453 3316 547 3367 καὶ
573 3314 673 3366 ὅσα
705 3312 836 3383 παρ’
865 3310 1054 3381 ἑτέρου
1078 3308 1178 3379 τὴν
1197 3306 1389 3378 ὁμοίαν
1417 3305 1866 3375 ἐπιδεικνυμένου

278 3402 541 3473 γνώμην,
570 3399 745 3454 ταῦτα
765 3399 945 3453 πάντα
974 3398 1073 3469 τὴν
1106 3396 1206 3468 σὴν
1233 3393 1627 3467 ἀρχιερατικὴν
1658 3410 1867 3464 παρεγ-

282 3492 551 3562 γυώμεθα
580 3491 893 3560 τελειότητα
924 3489 1036 3560 (ὡς
1064 3490 1097 3559 ἡ
1108 3487 1224 3557 μῶν
1264 3487 1373 3540 τῶν
1426 3483 1701 3540 ταπεινῶν
1730 3501 1869 3554 συμ-

282 3582 579 3652 παρόντων
599 3581 698 3633 καὶ
731 3576 1225 3648 συνεφαπτομένων
1245 3578 1360 3640 τοῖς
1383 3574 1569 3647 νόμοις
1588 3573 1684 3627 τοῦ
1706 3572 1869 3627 Πνεύο

288 3672 495 3742 ματος)
523 3669 853 3725 ἀνακόπτειν
878 3685 941 3723 τε
971 3668 1068 3722 καὶ
1109 3665 1510 3739 ἀναχαιτίζειν,
1553 3666 1652 3720 καὶ
1687 3664 1782 3719 ἐπὶ
1806 3663 1870 3718 τὸ

290 3761 503 3833 βέλτιον
534 3761 628 3816 καὶ
655 3761 881 3835 ἄριστον
932 3758 1391 3831 μεταρυθμίςεινο
1443 3758 1543 3829 οὐχ
1566 3755 1727 3829 ἡμῶν
1748 3754 1871 3811 νυνὶ

288 3850 395 3921 τὴν
445 3850 703 3923 τοιαύτην
757 3849 1135 3922 πνευματικὴν
1173 3847 1421 3914 ἐξουσίαν
1469 3846 1867 3919 χαριζομένων,

289 3940 434 3995 ἀλλὰ
458 3941 551 3995 τοῦ
585 3940 904 4011 Πνεύματος
959 3938 1054 3993 τοῦ
1102 3939 1391 4007 παναγίου,
1419 3938 1582 4009 ἡνίκα
1632 3937 1728 3992 καὶ
1768 3937 1870 4007 τὴν

291 4034 697 4105 ἀρχιερατικὴν
757 4033 927 4087 ἐδίδου
976 4031 1205 4101 δωρεάν.
1250 4030 1693 4084 Ἀπολυέσθωσαν
1736 4027 1871 4099 γοῦν

289 4124 347 4175 oi
378 4122 706 4194 παραλόγως
727 4120 911 4191 δεσμῷ
936 4119 1331 4190 ὑποὸληθέντες
1355 4120 1453 4188 τῆς
1480 4118 1676 4187 ἀλόγου
1698 4136 1871 4172 κατα·-

292 4212 475 4282 δίκης,
508 4213 601 4266 καὶ
630 4212 767 4282 πρὸς
788 4211 885 4283 τὴν
913 4211 1129 4265 δικαίαν
1159 4210 1689 4280 μεθαρμοζέσθωσαν
1710 4210 1872 4280 θερα-

294 4304 460 4357 πείαν
478 4319 493 4334 ·
518 4304 607 4356 καὶ
630 4304 679 4356 οἱ
699 4302 798 4373 τὴν
818 4302 1135 4373 παράνομον
1154 4301 1472 4373 καθαίρεσιν
1513 4301 1868 4366 ὑποστάντες,

293 4398 399 4466 τῆς
422 4396 624 4466 ἀνόμου
649 4394 832 4466 ψήφου
864 4393 1247 4466 πεπαυμένης,
1278 4393 1553 4465 ἐχέτωσαν
1580 4393 1680 4464 τῆς
1708 4392 1873 4464 ἱερω-

296 4486 503 4557 σύνης·
552 4487 648 4541 καὶ
672 4486 702 4539 ό
746 4484 921 4540 ταῦτα
960 4486 1172 4556 πράξας
1220 4485 1493 4557 ἀφρόνως,
1526 4485 1761 4555 μάλιστα
1781 4500 1869 4554 γε,

1971 3317 2143 3372 tistite
2174 3316 2497 3387 procedunt,
2547 3314 2646 3370 sed
2679 3330 2803 3385 quae
2829 3314 2901 3370 ab
2942 3314 3051 3368 alio
3076 3313 3358 3383 quopiam,
3392 3311 3550 3367 simi-

1970 3408 2077 3463 lem
2131 3406 2301 3462 animi
2347 3406 2677 3462 sententiam
2724 3406 3162 3469 demonstrante,
3208 3403 3326 3458 haec
3352 3402 3541 3458 omnia

1971 3516 2004 3555 a
2058 3510 2150 3554 tua
2204 3498 2471 3554 antistitis
2519 3497 3196 3570 perlectione(tanquam
3243 3494 3553 3551 humilitate

1972 3599 2165 3646 nostra
2217 3599 2509 3661 praesente,
2554 3598 2612 3645 et
2654 3588 2967 3660 spirituales
3027 3587 3175 3658 leges
3225 3584 3553 3657 adiuvante)

1973 3677 2228 3748 reprimi,
2286 3677 2670 3745 sulﬂaminari,
2708 3680 2778 3747 {et
2820 3676 2879 3733 in
2902 3676 3213 3745 meliorem,
3255 3675 3372 3731 sive
3405 3673 3556 3744 οι)ιί-

1972 3784 2123 3825 mum
2184 3778 2387 3825 statum
2453 3768 2739 3826 reformari
2791 3768 3140 3840 praecipimus
3182 3784 3198 3822 :
3249 3782 3360 3822 non
3394 3763 3556 3821 nobis

1974 3876 2123 3918 nunc
2175 3860 2485 3932 bujusmodi
2532 3859 2867 3931 spiritualem
2936 3868 3263 3932 potestatem
3311 3855 3553 3927 largien-

1977 3952 2150 4018 tibus,
2186 3952 2285 4008 sed
2324 3962 2518 4008 sancto
2569 3952 2777 4023 Spiritu
2828 3962 2958 4007 tunc
3024 3966 3147 4006 eam
3205 3947 3552 4013 conferente,

1975 4064 2102 4103 cum
2162 4048 2394 4119 gratiam
2446 4048 2646 4104 summi
2704 4047 3001 4103 sacerdotii
3050 4045 3301 4102 donaret.
3355 4041 3554 4098 Absol-

1975 4147 2175 4196 vantur
2203 4139 2365 4211 igitur
2414 4150 2615 4209 prmter
2651 4139 2920 4194 rationem
2958 4137 3175 4193 vinculo
3206 4135 3440 4206 subjecti
3485 4133 3555 4190 ab

1977 4231 2163 4303 iniqua
2194 4231 2568 4295 damnatione,
2614 4239 2670 4287 et
2698 4230 2765 4285 ad
2792 4230 3093 4302 legitimum
3139 4229 3347 4285 cultum
3384 4227 3558 4283 refor-

1978 4332 2201 4379 mentur
2226 4341 2241 4380 :
2270 4334 2326 4381 et
2355 4324 2448 4395 qui
2496 4323 2933 4395 degradationem
2983 4322 3195 4393 legibus
3227 4319 3557 4377 contrariam

1977 4418 2126 4488 passi
2166 4426 2316 4483 sunt,
2352 4416 2543 4487 iniquo
2586 4416 2809 4471 decreto
2837 4423 3111 4478 cessante,
3164 4413 3222 4467 in
3251 4409 3559 4468 sacerdotio

1979 4504 2408 4561 administrando
2452 4513 2709 4575 pergant:
2761 4511 2820 4557 et
2867 4500 2961 4571 qui
3007 4500 3126 4556 haec
3180 4498 3559 4570 imprudenter

294 4580 384 4632 ὅτι
404 4579 472 4632 τὰ
500 4577 596 4630 τοῦ
622 4575 874 4647 σώματος
915 4576 1062 4649 πάθη
1094 4579 1191 4631 καὶ
1232 4576 1333 4647 τὴν
1364 4575 1465 4644 τῆς
1507 4574 1686 4646 ψυχῆς
1740 4593 1859 4629 συν-

1974 4594 2216 4660 admisit,
2244 4593 2483 4648 maxime
2522 4592 2765 4662 quidem,
2821 4590 2950 4661 quia
2998 4587 3241 4659 corporis
3276 4586 3558 4656 passiones

302 4670 503 4738 άφειαν
537 4669 866 4740 ὑπογράφει,
890 4668 1227 4737 μανθανέτω,
1251 4669 1302 4721 εἰ
1328 4667 1403 4738 μὴ
1430 4666 1653 4720 δύναται
1677 4683 1877 4739 παραι-

298 4760 501 4823 νέσεως
538 4761 702 4830 λόγῳ,
724 4760 839 4813 ἀλλ’
859 4758 952 4814 οὖν
976 4760 1410 4831 αὐστηρότερον,
1443 4759 1519 4830 μὴ
1555 4760 1878 4831 παραφέρε-

300 4852 429 4906 σθαι
446 4852 538 4904 τοῦ
571 4852 803 4906 δικαίου.
831 4852 931 4905 Διά
964 4851 1124 4904 τοῦτο
1153 4851 1247 4905 καὶ
1275 4853 1325 4921 ζὴ
1365 4851 1510 4921 πρὸς
1555 4850 1720 4904 αὑτὸν
1761 4852 1877 4904 ἐπι-

300 4941 466 5010 στολὴ
519 4942 659 5012 καλὴ
702 4943 797 4995 καὶ
849 4942 1062 4995 δικαία·
1100 4945 1196 4996 καὶ
1227 4944 1278 4996 εί
1313 4945 1449 5015 μηδὲ
1483 4945 1622 5016 μετά
1670 4945 1877 5018 ταύτην

299 5026 727 5102 σωφρονισθείη,
765 5033 1067 5104 ἱερουργεῖν
1100 5032 1221 5102 μὲν,
1252 5034 1345 5087 καὶ
1373 5026 1752 5106 τῶνάψύχων
1778 5036 1878 5107 τὴν

296 5122 570 5192 διοίκησιν
600 5122 767 5192 ἔχειν,
791 5124 929 5187 τέως
961 5122 1037 5195 μὴ
1056 5124 1347 5178 κωλυέσθω
1372 5142 1387 5157 ο
1409 5127 1669 5198 ἐπιτιμᾷν
1694 5126 1752 5179 δὲ
1784 5128 1881 5181 καὶ

284 5212 607 5279 νκανονίζειν
634 5213 761 5276 τοὺς
790 5213 1311 5286 ἐμψύχους,ἄψυχος
1340 5217 1503 5281 αὐτὸς
1528 5218 1624 5283 ὢν,
1662 5218 1751 5272 διά
1780 5219 1882 5288 τῆς

295 5308 366 5359 ὲν
396 5303 677 5374 Πνεύματι
699 5305 842 5377 ἁγίῳ
871 5308 1004 5378 ἡμῖν
1034 5307 1324 5381 δεδομένης
1356 5308 1624 5377 ἐξουσίας,
1662 5311 1739 5383 μὴ
1773 5327 1879 5365 πα-

302 5395 683 5467 ραχωρείσθω.
974 5424 979 5431 ι

1977 4703 2248 4759 congruos
2277 4685 2444 4741 animi
2472 4684 2699 4740 ali‘ectus
2736 4682 3065 4754 exprimunt,
3106 4680 3277 4734 discat
3302 4677 3346 4732 si
3376 4684 3560 4747 potest

1976 4778 2250 4834 sermonis
2277 4776 2676 4841 exhortatione,
2732 4775 2819 4829 sin
2847 4773 3027 4829 minus
3055 4771 3364 4834 severitate,
3396 4768 3466 4823 ab
3492 4782 3560 4822 eo

1977 4870 2123 4940 quod
2152 4871 2361 4939 justum
2394 4876 2498 4931 est,
2534 4884 2646 4922 non
2674 4865 2947 4920 recedere.
2972 4862 3180 4918 Idcirco
3203 4860 3269 4915 ad
3292 4875 3416 4915 eum
3439 4858 3560 4929 cpi-

1980 4960 2117 5017 stola
2144 4961 2268 5030 jure
2296 4969 2352 5014 et
2376 4967 2521 5014 recte
2536 4956 2925 5013 destinabitur:
2946 4962 3232 5025 postquam
3248 4951 3353 5006 nisi
3375 4950 3560 5006 sanior

1985 5054 2199 5119 evadat,
2247 5067 2399 5106 sacra
2432 5050 2653 5119 quidem
2706 5048 2907 5111 facere,
2945 5056 3000 5101 et
3038 5044 3335 5100 inanimata
3381 5040 3558 5097 admi—

1981 5146 2217 5200 nistrare
2293 5143 2534 5198 nondum
2599 5138 2990 5210 prohibeatur,
3044 5151 3310 5191 censuras
3375 5143 3556 5189 autem

1980 5236 2241 5307 irrogare,
2308 5243 2364 5289 et
2408 5232 2676 5287 animatos
2738 5230 2806 5285 ad
2858 5229 3071 5301 regulas
3125 5228 3342 5298 exigere
3372 5266 3389 5291 ,
3440 5224 3557 5295 ipse

1981 5328 2268 5392 inanimis,
2304 5334 2573 5399 potestate
2603 5324 2761 5381 nobis
2798 5340 2828 5379 a
2862 5323 3066 5397 Spiritu
3117 5328 3308 5379 sancto
3352 5316 3555 5374 indulta

1980 5437 2053 5477 ne
2100 5421 2467 5492 permittatur.
