3930 6468
450 405 550 467 78Ἱ
1606 410 1870 472 ΡΗΟΤΙΙ
1907 410 2002 471 ΡΑ¹

2113 407 2404 470 [ARCH/E
2438 407 2546 469 ΕΡ.
3573 397 3665 463 ’188

453 530 554 568 nos
611 513 775 570 etiam
833 515 1100 581 fortassis,
1163 516 1355 572 laxiori
1413 525 1665 588 tempore
1732 530 2005 580 concesso,

2126 515 2260 578 σίοις
2283 513 2669 585 εὑρισκόμενος
2699 512 2730 564 ὁ
2753 511 2954 582 ἱερεὺς,
2979 509 3074 563 καὶ
3086 509 3157 564 τὰ
3185 505 3546 578 νενομισμένα
3567 512 3667 574 τοῖς

454 607 697 663 exactius
735 607 943 678 aliquid
971 606 1343 678 dispiciemus.

2118 605 2317 675 γάμοις
2349 604 2539 668 τελῶν,
2570 602 2848 665 παντελῶς
2893 602 2994 671 τῆς
3025 601 3162 664 ίδίας
3200 599 3374 670 τιμῆς
3416 598 3555 654 κατά
3584 601 3670 671 τὴν

453 701 564 755 τῶν
607 701 850 756 κανόνων
900 703 1216 754 ἐκπεσεῖται
1275 701 1584 770 ἀκρίϐειαν.
1649 701 1810 754 Ἀλλά
1847 701 2019 754 ταῦτα
2060 699 2160 769 μὲν
2190 699 2254 752 τὺ
2316 698 2480 768 τάχος
2509 693 2632 750 εἷπε
2656 714 2672 728 ·
2693 697 2786 751 καὶ
2821 695 2884 750 τὸ
2908 683 3244 766 ἀμελέτητόν
3269 712 3334 748 τε
3367 696 3461 748 καὶ
3487 697 3675 764 ἀπροσ-

453 793 681 865 δόκητον
721 793 830 846 τῶν
883 791 1256 864 προτεθέντων
1300 791 1382 854 είς
1423 791 1685 861 ζήτησιν·
1739 791 1790 843 εί
1828 789 1888 842 δέ
1929 806 1984 842 τι
2019 786 2150 842 ἄλλο
2185 787 2609 856 ἐπιμελέστερον
2660 788 2694 855 ἡ
2759 784 3005 855 ὑμετέρα
3071 782 3288 846 σύνεσις
3317 784 3676 840 ἐπισκοποῦσα

456 890 679 956 κατίδοι,
713 888 913 944 νικάτω
943 889 1005 942 τὺ
1049 889 1298 960 ἄμεινον.
1346 886 1456 941 Καὶ
1505 887 1664 957 ἡμεῖς
1693 885 1750 939 δέ
1769 885 1898 948 ίσως
1923 884 1982 937 ἐν
2018 883 2340 954 πλατυτέρῳ
2363 882 2542 953 καιρῷ
2570 880 2960 954 ἀκριϐέστερόν
2983 898 3035 936 τι
3061 880 3188 936 ἄλλο
3212 879 3676 953 ἐπιθεωρήσομεν.

1054 1029 1272 1088 EPIST.
1305 1030 1425 1085 XX.

2725 1025 2949 1080 ΕΠΙΣΤ.
3005 1026 3090 1081 K'.

1703 1144 1846 1198 Edita
1865 1158 1895 1195 a
1915 1143 2215 1195 Montacutio
2237 1144 2306 1208 (p.
2339 1142 2470 1205 388).

531 1257 761 1328 Scripsit
785 1257 1044 1313 sanctitas
1067 1266 1162 1312 tua
1203 1257 1272 1313 de
1308 1256 1660 1328 quibusdam,
1684 1255 1879 1328 polluti
1917 1253 2026 1311 cibi

2205 1252 2454 1324 Ἔγραψέ
2477 1268 2570 1305 σου
2597 1252 2632 1322 ἡ
2665 1249 2882 1320 ὁσιότης
2903 1249 3037 1320 περί
3054 1266 3219 1304 τινων
3245 1253 3687 1322 μιαροφατησάν-

459 1365 559 1406 esu
623 1347 1008 1404 contaminatis
1055 1362 1266 1406 :causa
1313 1358 1496 1405 autem
1546 1345 2011 1405 contaminationi:

2131 1363 2264 1400 των.
2308 1344 2373 1398 Ἦ
2413 1343 2471 1397 δέ
2504 1343 2656 1398 αίτία
2703 1345 2804 1414 τῆς
2853 1342 3226 1412 μιαροφαγίας
3280 1341 3402 1394 ἐστι
3453 1343 3683 1418 τοιαύτη·

462 1445 585 1492 erat
640 1435 934 1506 ejusmodi.
982 1435 1201 1491 [verant
1247 1435 1464 1506 gentilis
1504 1436 1788 1507 cujusdam
1833 1449 2014 1490 monu-

2135 1436 2355 1507 Τύμδον
2367 1435 2682 1506 Ἑλληνικὸν
2709 1435 2951 1505 ἀπῆλθον
2979 1432 3222 1504 διορύξαι
3249 1435 3395 1505 πρὸς
3421 1435 3687 1504 ἀνεύρεσιν

464 1537 713 1585 mentum
764 1526 1026 1582 refossuri
1055 1527 1122 1580 ad
1160 1527 1521 1583 inveniendas
1560 1528 1820 1598 pecunias
1857 1545 1873 1582 :
1903 1541 2016 1581 cuu

2137 1529 2464 1600 χρημάτων·
2499 1523 2995 1598 ματαιοπονοῦντες
3018 1525 3076 1579 δέ
3101 1525 3198 1578 καὶ
3227 1524 3402 1595 μηδὲν
3435 1524 3689 1596 εὑρίσκον-

461 1630 646 1676 autem
697 1618 970 1675 incassum
1010 1618 1344 1682 laborarent,
1374 1634 1478 1675 nec
1518 1619 1816 1690 quidquam
1873 1617 2013 1673 inve-

2139 1636 2248 1687 τες,
2275 1617 2428 1674 εἶπεν
2458 1617 2690 1682 ἕκαστος
2711 1617 2850 1689 πρὸς
2871 1619 2964 1670 τὸν
2987 1617 3212 1687 πλησίον
3237 1617 3433 1681 αὐτοῦ,
3470 1617 3551 1671 ὅτι
3579 1619 3691 1673 Ἐὰν

462 1710 664 1777 nirent,
706 1711 961 1765 dixerunt
987 1708 1129 1765 inter
1158 1724 1300 1776 sese,
1328 1710 1433 1764 nisi
1475 1725 1666 1766 canem
1709 1718 2014 1764 mactemus

2138 1712 2215 1784 μὴ
2243 1711 2538 1782 σφάξωμεν
2570 1709 2730 1775 κύνα,
2760 1709 2855 1764 καὶ
2887 1710 2951 1762 ἐκ
2975 1708 3086 1763 τῶν
3117 1708 3302 1778 κρεῶν
3337 1707 3508 1762 αὐτοῦ
3555 1709 3688 1779 ἁψώ-

468 1811 528 1858 et
558 1802 626 1858 de
641 1803 900 1858 carnibus
919 1802 1038 1871 ejus
1054 1812 1354 1874 gustemus,
1374 1817 1486 1857 non
1509 1801 1865 1857 reddetnobis
1879 1809 2020 1855 terra

2137 1778 2302 1874 μεθα,
2345 1778 2408 1857 ού
2440 1778 2524 1875 ⁷μὴ
2577 1802 2834 1856 ἐπιδώσει
2881 1803 3014 1872 ἡμῖν
3050 1801 3086 1872 ἡ
3113 1801 3184 1872 γῆ
3231 1800 3299 1853 τὸ
3356 1778 3689 1870 ζητούμενον.

466 1896 613 1964 quod
641 1893 956 1963 quaerimus.
1019 1893 1215 1950 Statim
1252 1895 1453 1949 factum
1495 1902 1581 1950 est
1625 1893 1772 1964 quod
1826 1892 2018 1948 dictum

2139 1897 2338 1953 Αὐτίκα
2364 1895 2497 1966 γοῦν
2528 1897 2558 1950 ὁ
2609 1896 2765 1964 λόγος
2802 1895 2882 1958 είς
2915 1894 3076 1966 ἔργον
3125 1892 3366 1964 προέϐη.
3423 1893 3691 1950 Ἐλθόντων

468 1991 611 2039 erat.
644 1985 781 2040 Cum
833 1986 1018 2055 itaque
1062 1984 1130 2040 ad
1169 1985 1445 2040 interdicti
1492 1984 1602 2040 cibi
1646 1983 2020 2040 conscientiam

2139 1988 2226 2043 οὖν
2253 1991 2333 2052 είς
2371 1986 2624 2058 αἴσθησιν
2647 1987 2747 2057 τῆς
2774 1985 3237 2057 ἀπηγορευμένης
3272 1983 3556 2056 βρώσεως,
3599 1991 3691 2051 τοῖς

467 2075 768 2139 venissent,
799 2075 1032 2146 genibus
1071 2076 1311 2146 episcopi
1352 2075 1665 2132 accidentes
1710 2074 2019 2130 medicinan

2139 2080 2265 2134 ποσὶ
2285 2081 2624 2151 προσέπεσον
2643 2079 2738 2132 τοῦ
2758 2077 3082 2144 ἐπισκόπου,
3101 2077 3428 2145 αἰτούμενοι
3455 2077 3691 2146 ἰατρείαν,

467 2165 764 2236 petierunt,
815 2176 871 2222 et
912 2166 1189 2222 commissi
1234 2167 1441 2238 peccati
1469 2166 1879 2238 indulgentiam.
1911 2164 2019 2220 Haec

2141 2171 2233 2226 καὶ
2259 2171 2414 2227 λύσιν
2443 2171 2535 2224 τοῦ
2581 2170 3049 2242 παραπτώματος.
3101 2169 3294 2222 Ταῦτα
3353 2169 3624 2238 διήγγειλε
3646 2170 3693 2222 τὸ

469 2263 599 2309 sunt
628 2271 749 2325 qua:
778 2256 993 2326 pietatis
1023 2266 1130 2312 tua:
1157 2257 1352 2311 litterae
1380 2265 1625 2310 narrant.
1661 2255 1731 2310 Et
1767 2256 1834 2311 de
1861 2255 1962 2310 hac
1979 2271 2021 2310 τι

2142 2259 2378 2329 γράμμα
2401 2258 2502 2328 τῆς
2533 2259 2635 2327 σῆς
2663 2258 2954 2324 εὐλαϐείας
2978 2276 2994 2291 ο
3025 2259 3122 2313 καὶ
3145 2258 3282 2330 περὶ
3318 2257 3515 2311 τούτου
3552 2258 3694 2324 τύπος

469 2346 704 2402 formula
757 2349 826 2403 ab
868 2348 1111 2404 Ecclesia
1163 2349 1459 2405 constituta
1524 2358 1632 2414 est,
1685 2348 2021 2418 quadragint:

2143 2351 2243 2421 μέν
2290 2352 2439 2404 ἐστιν
2468 2349 2944 2420 ἐκκλησιαστικδς,
2975 2350 3066 2404 διὰ
3124 2350 3692 2420 τεσσαρακονθημέρου

467 2440 681 2495 dierum
713 2442 1056 2512 paenitentia,
1085 2452 1140 2498 et
1166 2444 1420 2513 precibus
1441 2441 1767 2513 quibusdam
1809 2441 2012 2496 absolvi

2140 2442 2441 2512 ἐπιτιμίου,
2464 2441 2556 2494 καί
2585 2459 2749 2496 τινων
2777 2441 2978 2512 εὐχῶν,
3011 2441 3339 2496 διαλύεσθαι
3376 2440 3507 2504 τοὺς
3546 2442 3691 2496 έαλω‹

467 2527 563 2598 qui
625 2526 753 2583 huic
799 2527 1018 2584 crimini
1085 2532 1270 2586 innexi
1333 2539 1482 2586 sunt.
1546 2530 1798 2585 Praesens
1856 2539 2019 2584 auten

2141 2534 2308 2597 κότας
2347 2533 2426 2604 τῷ
2469 2533 2795 2603 ἐγκλήματι.
2840 2533 2908 2587 Ἡ
2957 2533 3017 2587 δὲ
3072 2515 3332 2603 ara/pouse:
3387 2533 3689 2602 μιαροφαγία

470 2622 664 2692 polluti
702 2623 810 2678 cibi
851 2623 1198 2695 participatio
1235 2625 1464 2682 alterius
1511 2624 1795 2694 cujusdam
1848 2622 2022 2689 impie-

2142 2626 2258 2696 ἔχει
2285 2627 2379 2681 καὶ
2419 2626 2612 2696 ἐτέρας
2639 2625 2784 2690 τινὸς
2827 2626 3084 2691 ἀσεϐείας
3125 2624 3441 2697 ἐπιμιξίαν.
3494 2625 3564 2678 Τδ
3605 2626 3689 2696 γὰρ

474 2714 605 2770 tatis
638 2713 924 2771 misturam
956 2716 1146 2776 habet.
1180 2716 1477 2788 Propterea
1507 2717 1654 2771 enim
1699 2715 2026 2770 contamina-

2143 2717 2306 2770 ἕνεκα
2325 2715 2515 2770 τούτου
2549 2716 2979 2788 μιαροφαγῆσαι,
3013 2716 3155 2770 ὥστε
3191 2717 3298 2787 τὴν
3321 2719 3436 2789 γῆν
3481 2713 3685 2786 Expuli-

473 2814 588 2859 tum
619 2806 802 2862 cibum
832 2807 1120 2880 attingere,
1168 2818 1229 2862 ut
1269 2818 1412 2864 terra
1465 2809 1792 2878 placaretur,
1850 2821 2025 2863 secunt

2145 2807 2362 2873 ξασθαι,
2390 2807 2534 2860 κατά
2566 2806 2666 2877 τὴν
2711 2807 2938 2860 ἐκείνων
2982 2806 3082 2876 τῆς
3127 2807 3398 2870 ἀπονοίας
3447 2807 3687 2871 ὑπόνοιαν,

472 2894 714 2951 cundum
746 2897 998 2954 insanam
1042 2899 1282 2970 ipsorum
1329 2899 1668 2971 opinionem,
1726 2897 1934 2954 crimen
1987 2897 2024 2952 ii

2144 2898 2299 2964 αὔξει
2328 2898 2490 2953 πλέον
2519 2898 2582 2952 τὸ
2623 2897 2902 2970 ἔγκλημα·
2929 2898 3033 2952 κᾶν
3051 2897 3181 2953 ἄνευ
3220 2897 3510 2968 λογισμῶν
3557 2915 3690 2951 τινων

473 2987 654 3057 majus
693 2989 939 3046 attollit:
979 2991 1192 3046 etiamsi
1240 2991 1358 3048 sine
1421 2990 1687 3062 gravioris
1749 2989 2025 3061 impietati:

2147 2993 2588 3064 δυσσεϐεστέρων
2615 2992 2752 3065 πρὸς
2773 2992 2875 3062 τὴν
2907 2990 3167 3062 τοιαύτην
3189 2991 3470 3062 ὑπόληψιν
3522 3007 3691 3060 κατην-

472 3076 823 3152 cogitatione,
851 3083 919 3139 ad
938 3082 1080 3139 hanc
1099 3085 1411 3155 Opinionem
1440 3082 2024 3141 accesserunt.Verum-

2148 3089 2405 3159 έχθησαν.
2420 3087 2570 3158 Πλήν
2589 3104 2655 3156 γε
2673 3086 2771 3142 καὶ
2796 3086 2908 3141 τῶν
2932 3086 3143 3157 ἀνδρῶν
3167 3085 3230 3139 τὸ
3246 3080 3406 3158 ἦθος,
3423 3085 3514 3139 καὶ
3533 3085 3564 3155 ή
3583 3083 3691 3154 ἄλλη

475 3182 663 3228 tamen
699 3183 756 3230 et
782 3174 1071 3231 hominum
1111 3193 1313 3242 moros,
1366 3184 1422 3231 et
1460 3175 1700 3246 reliquus
1737 3176 1864 3232 vitae
1911 3185 2027 3231 acta

2147 3182 2242 3234 τοῦ
2279 3180 2394 3249 βίου
2444 3179 2711 3249 διαγωγὴ,
2742 3180 2840 3232 καὶ
2885 3177 3240 3240 κατάστασις,
3270 3175 3373 3230 καὶ
3419 3177 3453 3244 ή
3483 3173 3574 3243 τῆς
3596 3173 3692 3226 δια-

476 3274 656 3333 tenor,
696 3276 752 3322 et
775 3267 944 3322 animi
967 3269 1308 3336 constitutio,
1341 3277 1463 3324 tum
1489 3268 1714 3336 mentis,
1747 3269 1864 3324 sive
1913 3269 2028 3324 sim-

2150 3275 2301 3337 νοίας
2330 3272 2570 3342 ἁπλότης
2595 3272 2631 3343 ἢ
2675 3270 2934 3341 δεινότης,
2982 3268 3208 3324 δύναται
3257 3263 3691 3328 πολυπὴσιάζειν

477 3357 697 3428 plicltas
746 3359 862 3414 sive
903 3361 1149 3426 solertia,
1198 3360 1284 3416 vel
1337 3361 1638 3432 producere
1679 3369 1860 3439 potest
1912 3369 2029 3416 tem-

2150 3367 2247 3420 καὶ
2271 3365 2588 3432 συντέμνειν
2608 3379 2622 3392 ο
2660 3360 2772 3415 εἴτε
2792 3361 2887 3415 καὶ
2915 3360 3055 3431 μετά
3073 3359 3492 3431 τεσσαράκοντα
3515 3355 3693 3424 ἡμέρας

476 3466 582 3521 pus
629 3451 715 3506 vel
772 3460 990 3508 curtare
1023 3468 1039 3508 :
1070 3469 1195 3509 cum
1241 3454 1474 3510 fortasse
1510 3464 1635 3525 post
1689 3453 2028 3526 quadragint:

2155 3457 2376 3527 ἐπιτεθῇ
2405 3456 2590 3517 αὐτοῐς
2611 3453 2909 3524 ἐπιτίμιον.
2936 3453 3000 3505 El
3029 3451 3088 3504 δὲ
3117 3451 3200 3504 δεῖ
3221 3467 3278 3503 τι
3305 3450 3405 3502 καὶ
3437 3445 3691 3514 κεφάλαιον

477 3540 597 3598 dies
619 3543 870 3615 imposita
917 3562 1150 3603 censura
1180 3546 1274 3602 sit.
1307 3546 1465 3614 Quod
1503 3547 1552 3603 si
1593 3546 1832 3602 secunda
1867 3545 2029 3616 aliqu:

2155 3551 2409 3618 δεύτερον
2433 3548 2630 3610 εἰπεῖν,
2653 3545 2782 3599 ἀνευ
2805 3542 2913 3598 τῶν
2940 3541 3352 3611 ἐπιτεμνόντων
3391 3539 3425 3610 ἢ
3465 3535 3693 3609 μηκυνόν-

475 3635 726 3692 deﬁnitio
772 3637 1122 3708 producenda
1160 3647 1267 3705 est,
1294 3639 1555 3709 sepositis
1594 3637 2022 3694 circumstantiis

2155 3658 2264 3694 των
2284 3640 2346 3693 τὸ
2375 3639 2611 3708 πρᾶγμα
2641 3633 3045 3704 περιπατικῶν
3071 3631 3288 3696 αἰτιῶν,
3323 3631 3408 3694 είς
3427 3630 3569 3699 τρεῖς
3595 3641 3693 3679 τεσ-

477 3743 602 3799 quae
623 3729 974 3798 producendo
998 3730 1084 3785 vel
1112 3731 1380 3786 curtando
1402 3729 1634 3801 tempori
1666 3744 1886 3785 causam
1912 3743 2029 3799 praet

2159 3729 2526 3802 σαρακοστάς,
2553 3730 2587 3800 ὴ
2617 3725 2887 3797 ἐπιτιμία,
2919 3725 3046 3790 τοὺς
3072 3723 3168 3777 ἐπὶ
3191 3723 3262 3794 τῇ
3307 3719 3568 3792 εἰρημένῃ
3594 3732 3693 3786 μια-

477 3819 632 3882 bent,
675 3820 746 3875 ad
803 3828 915 3876 tres
973 3821 1184 3877 dierum
1236 3821 1614 3892 quadragenas
1653 3819 1823 3875 multa
1857 3833 2029 3874 eorun

2160 3821 2400 3894 ροφαγίᾳ
2425 3821 2755 3883 ἑαλωκότας,
2784 3817 3136 3890 περιστήσειο
3174 3815 3298 3885 ἅμα
3318 3815 3389 3886 τῇ
3423 3811 3553 3882 ἄλλῃ
3583 3807 3694 3862 κατὰ

480 3909 574 3977 qui
626 3908 682 3963 in
743 3910 848 3965 hoc
900 3911 1130 3968 crimine
1186 3911 1515 3983 deprehensi
1561 3918 1710 3976 sunt,
1755 3907 2032 3981 redigenda

2159 3916 2488 3988 τὴν²δίαιταν
2530 3911 2944 3985 σκληραγωγίᾳ,
2969 3911 3066 3967 καὶ
3104 3911 3174 3981 τῇ
3213 3907 3330 3962 τῶν
3357 3902 3589 3978 φρικτῶν
3611 3916 3692 3967 μυ·

481 4001 590 4056 erit
616 4019 629 4054 :
655 4012 850 4072 pratter
876 4005 1137 4075 reliquam
1171 4006 1349 4061 victus
1403 4001 1806 4071 austeritatem,
1838 4013 1894 4060 et
1940 4014 2033 4064 tre

1244 4013 1349 4061 :tus
1403 4001 1806 4071 austeritatem,
1838 4013 1894 4060 et
1940 4014 2054 4064 tre-
2163 4009 2402 4082 στηρίων
2428 4006 2796 4064 ἀποκωλύσει.

483 4092 808 4149 mendorum
835 4095 1219 4166 mysteriorum
1253 4093 1657 4150 abstinentiam.

1083 4234 1303 4292 EPIST.
1339 4235 1480 4292 XXI.

2756 4233 2981 4290 ΕΠΙΣΤ.
3017 4231 3149 4290 KA'.

1686 4354 1829 4406 Edita
1862 4368 1891 4405 a
1922 4355 2222 4406 Montacutlo
2265 4356 2336 4421 (p.
2370 4356 2503 4420 589).

560 4457 677 4515 Non
710 4458 913 4514 idcirco
961 4458 1188 4514 antistiti
1231 4458 1672 4531 significavimus,
1699 4469 1758 4515 ut
1784 4459 2046 4517 certiores

2223 4463 2336 4534 Οὐχ
2358 4462 2532 4526 οὕτως
2552 4462 2906 4533 ἐμηνύσαμεν
2941 4461 3022 4532 ’ιῷ
3047 4459 3320 4532 προέδρῳ,
3348 4458 3436 4512 ἵνα
3474 4451 3696 4525 μάθωμεν

487 4551 766 4613 ﬁeremns,
783 4564 914 4604 num
939 4548 1122 4604 sciens
1135 4549 1426 4620 episcOpus
1447 4549 1772 4614 adulterum,
1797 4564 1954 4605 sacra
1977 4548 2039 4604 fa-

2167 4557 2217 4610 εί
2250 4555 2388 4624 μετὰ
2412 4553 2666 4624 γνώσεως
2687 4553 3050 4627 παρεχώρησε
3073 4553 3165 4607 τὸν
3212 4550 3400 4621 μοιχὸν
3442 4540 3696 4617 ἱερατεύειν

489 4660 615 4699 cere
658 4643 1015 4714 permisisset,
1075 4642 1219 4713 quod
1267 4651 1324 4697 et
1362 4657 1524 4713 grave
1552 4651 1730 4708 esset;
1783 4642 1878 4696 sed
1935 4657 2041 4696 nun

2167 4648 2196 4700 ό
2217 4646 2513 4709 ἐπίσκοπος
2531 4659 2545 4673 ⁸
2577 4644 2778 4699 ἄτοπον
2815 4644 2925 4715 γὰρ
2955 4643 3052 4696 καὶ
3081 4641 3238 4696 τοῦτο
3258 4659 3274 4672 '
3318 4639 3431 4694 ἀλλ’
3467 4638 3513 4689 εἰ
3537 4632 3696 4702 ἐγίνω-

491 4734 693 4805 ipsum‘
716 4735 1025 4790 adulterum
1048 4749 1170 4790 esse
1191 4734 1373 4789 sciens
1401 4733 1709 4788 ordinasset
1733 4749 1746 4784 :
1772 4733 1916 4802 quod
1946 4748 2043 4802 grai

2195 4754 2270 4791 rxs
2301 4737 2486 4808 μοιχὸν
2505 4737 2666 4790 αὐτὸν
2693 4732 2855 4800 εἶναι,
2878 4734 2972 4790 καὶ
2992 4733 3136 4788 οὕτω
3159 4733 3323 4788 αὑτὸν
3344 4725 3696 4801 ἐχειροτόνησε’
3743 4748 3747 4788 ;

490 4828 616 4882 vius
643 4835 746 4881 est.
784 4827 874 4882 Ille
895 4835 1104 4891 autem,
1153 4825 1310 4894 cujus
1347 4841 1448 4880 nos
1473 4825 1730 4879 certiores
1755 4823 1874 4879 ﬁeri
1929 4823 2042 4878 velli

2170 4828 2549 4900 χαλεπώτερον
2576 4828 2684 4897 γὰρ
2717 4826 2894 4881 τοῦτο.
2947 4827 3006 4878 Ὀ
3034 4826 3110 4888 δὲ,
3140 4824 3169 4877 ὃ
3206 4825 3305 4896 μὲν
3329 4817 3562 4892 ἐμηνύθη
3582 4810 3695 4866 διδά-

492 4915 939 4985 signiﬁcavimus,
967 4915 1038 4970 de
1061 4929 1128 4969 eo
1158 4914 1295 4968 nihil
1329 4929 1430 4968 nos
1459 4913 1666 4979 docuit,
1697 4912 1843 4982 quod
1883 4923 2044 4967 auten

2171 4921 2283 4986 ξαι,
2313 4920 2414 4972 οὐκ
2460 4917 2720 4984 ἐδίδαξεν,
2755 4917 2784 4970 ὃ
2820 4917 2879 4970 δέ
2909 4915 3086 4979 ούδεὶς
3116 4914 3348 4984 ἐζήτησε
3377 4909 3529 4964 τοῦτο
3561 4901 3696 4970 ἀνήγ-

492 5019 661 5059 nemo
723 5007 1020 5073 quaerebat,
1084 5005 1189 5060 hoc
1249 5003 1604 5058 renuntiavit.
1657 5001 2044 5056 Verumtamen

2171 5012 2341 5080 γει).ε.
2369 5009 2516 5080 Πλὴν
2544 5011 2593 5063 εἰ
2629 5008 2729 5078 μὲν
2757 5007 2914 5071 εἰδὼς
2944 5007 3108 5062 αὑτὸν
3143 5005 3328 5075 μοιχὸν
3363 5003 3486 5056 ὄντα
3524 5000 3696 5064 ἐχειρο-

495 5094 766 5165 siquidem
824 5097 1001 5166 ipsum
1045 5098 1351 5152 adulterum
1397 5111 1520 5151 esse
1561 5095 1740 5150 sciens
1773 5093 2047 5149 ordinavit

2173 5104 2387 5173 τύνησε,
2416 5100 2691 5163 παντελῶς
2714 5101 2832 5152 ἐστι
2861 5097 3243 5169 καθῃρημένος
3287 5099 3383 5166 τῆς
3403 5080 3697 5173 ἀρχιερωφ

501 5186 728 5241 omnino
757 5196 813 5239 et
839 5188 1159 5256 episcopatu
1187 5198 1245 5244 et
1295 5189 1600 5244 sacerdotio
1625 5186 1828 5242 excidit
1860 5205 1873 5241 :
1925 5200 2053 5255 quo:

2174 5171 2362 5262 vqcre
2391 5191 2489 5244 καὶ
2540 5189 2840 5261 ἱερωσύνης
2862 5206 2876 5219 ·
2927 5190 2975 5241 εἰ
3002 5187 3061 5240 δέ
3109 5187 3322 5255 ἀγνοῶν
3347 5182 3499 5238 αὐτὸν
3547 5171 3695 5262 μοιχόν

501 5280 549 5334 si
580 5278 838 5348 ignorans
861 5279 1169 5333 adulterum
1190 5295 1310 5334 esse
1335 5295 1458 5334 eum
1486 5279 1780 5343 ordinavit,
1813 5287 1926 5332 tum
1955 5293 2053 5333 ceri

2175 5259 2306 5339 ὄντα
2327 5259 2752 5354 ἐχειροτόνησεν,
2777 5277 2896 5334 εἶτα
2917 5277 3123 5350 μαθὼν,
3147 5279 3343 5348 ἐπέσχε
3371 5274 3466 5346 μὲν
3493 5267 3575 5322 ἐπὶ
3595 5259 3695 5354 χρό-

501 5370 608 5425 tior
663 5367 860 5433 factus,
893 5370 960 5423 ad
1022 5380 1236 5438 tempus
1279 5373 1498 5440 quidem
1553 5370 1839 5433 abstinuit,
1877 5369 2053 5424 deindt

2177 5396 2289 5442 νον,
2324 5350 2566 5430 ἀπέλυσε
2593 5350 2650 5427 δέ
2680 5373 2998 5443 ἱερατεύειν,
3035 5371 3372 5441 παυθήσεται
3394 5363 3487 5436 μὲν
3513 5357 3593 5412 καὶ
3615 5350 3693 5443 eti:-

502 5476 654 5514 sacra
717 5459 896 5513 facere
939 5460 1209 5529 permisit,
1274 5462 1436 5514 etiam
1498 5462 1673 5530 ipsum
1721 5459 1942 5529 quidem
2004 5476 2054 5514 at

2178 5439 2385 5532 τὸς-τοῦ
2419 5439 2838 5538 ἱερουργεῖννέπὶ
2864 5464 3091 5534 χρόνους
3132 5439 3305 5523 τινάς.
3344 5456 3498 5512 Ἀλλο
3522 5448 3614 5518 γὰρ
3648 5439 3694 5538 τξ

502 5561 721 5621 tempus
760 5526 1245 5604 sacris—faciendis
1304 5526 1574 5606 abstinere
1629 5526 1864 5621 oportet.
1917 5550 2054 5603 Aliuc

2181 5526 2638 5632 [κᾶταΙφρένῆὲαὶ
2662 5554 2823 5620 Θεοῦ,
2858 5526 2953 5608 καὶ
2980 5553 3110 5606 ἄλλο
3140 5551 3202 5604 τὺ
3245 5543 3584 5632 ἀπαιτηθῆναι
3620 5526 3691 5582 καὶ

447 5661 450 5664 '
502 5643 649 5698 enim
680 5651 764 5697 est
817 5640 987 5697 Dcum
1008 5639 1388 5706 contemnere,
1425 5643 1569 5696 aliud
1591 5657 1772 5696 errore
1795 5642 1999 5710 decepti

2181 5629 2332 5717 δόξαι
2355 5650 2609 5720 φυλάξαι,
2628 5648 2731 5701 κᾶν
2747 5648 2846 5700 οὐκ
2869 5643 3152 5714 ἐφύλαξεν⁹
3175 5642 3268 5695 ἐπὶ
3286 5639 3493 5710 χρόνους
3510 5629 3559 5683 δέ
3576 5634 3691 5730 τξναξ

505 5735 678 5789 videri
717 5735 890 5806 legem
921 5736 1242 5791 observasse
1269 5732 1478 5788 etiamsi
1521 5750 1628 5786 non
1665 5733 1942 5788 observes.
1967 5734 2056 5788 Ca:

2184 5745 2396 5815 ἔφημεν
2444 5739 2793 5811 ἐπισχεθῆναι
2851 5737 3034 5800 αὐτὸν,
3065 5733 3272 5802 ἐάνπερ
3297 5731 3363 5784 τὰ
3406 5724 3687 5815 ἄλλαμαὺτου

507 5826 788 5894 tcrum,ad
815 5834 1028 5896 tempus
1042 5823 1315 5879 abstinere
1346 5822 1519 5894 ipsum
1546 5823 1906 5888 decrevimus,
1928 5823 1969 5878 si
1997 5840 2059 5877 re

2188 5838 2590 5908 προτερήματα,
2647 5834 2737 5886 καὶ
2792 5831 2956 5902 ἡτῆς
3010 5828 3172 5897 ἄλλης
3217 5817 3490 5895 περιουσία
3513 5809 3684 5865 δύναταί
