3930 6482
253 358 374 420 ’ἵὸθ

1415 358 1771 419 EPISTOLA
1780 361 1951 421 RUM
1991 360 2224 420 LIBER
2282 361 2333 421 Ι.

3409 360 3517 424 790

251 465 808 535 ἀντιταλαντευθῆναι
834 464 911 535 τῷ
958 466 1179 535 τοιούτῳ
1200 466 1364 520 αὑτοῦ
1399 468 1826 539 παραπτώματι,
1856 521 1865 535 Α

1972 485 2078 539 qua
2136 471 2258 542 ejus
2309 471 2522 535 merita,
2590 480 2645 523 et
2709 471 2925 525 virtutis
2968 471 3157 539 copia.
3209 455 3516 539 hujusmodi

255 560 314 608 εί
341 557 399 610 δὲ
443 557 541 626 μὴ,
561 556 809 625 διηνεκὲς
835 557 897 608 τὺ
923 558 1201 627 ἐπιτίμιον
1233 557 1366 623 ἕξει.
1398 558 1583 612 Ταῦτα
1610 560 1667 612 δὲ
1688 560 1837 628 λέγο-

1969 578 2148 631 ipsum
2199 576 2553 631 compensare
2600 561 2884 614 videantur
2922 576 2936 612 :
2972 560 3080 623 sin,
3112 560 3166 612 in
3195 570 3517 629 perpetuum

259 667 392 720 μεν,
416 650 515 702 οὐκ
542 650 636 701 ἐὰν
677 652 705 701 ό
759 649 1021 719 πρόεδρος
1053 650 1217 702 αὐτοῦ
1250 651 1398 719 λέγει
1447 653 1527 705 ὅτι
1554 654 1836 722 γινώσκων

1970 669 2182 708 ensurae
2226 653 2549 723 subjacebit.
2595 652 2721 707 Haec
2773 662 2955 706 autem
2994 650 3252 713 dicimus,
3317 667 3426 705 non
3471 652 3520 706 si

259 742 431 797 αὐτὸν
460 742 648 812 μοιχὸν
680 743 1109 813 ἐχειροτόνησεν,
1146 743 1179 812 ἢ
1213 744 1295 797 ὅτι
1332 744 1471 814 μετὰ
1508 746 1568 797 τὸ
1596 764 1836 816 χειροτο-

259 834 499 903 νηθῆναι
551 835 713 887 αὑτὸν
770 832 955 903 μαθὼν
999 834 1185 902 μοιχὸν
1246 832 1403 899 εἷναι,
1462 837 1557 890 καὶ
1599 839 1691 890 ἐπί
1717 855 1839 890 τινα

262 926 463 993 χρόνον
489 924 755 994 ἐπισχὼν,
786 920 907 977 εἶτα
930 926 1233 996 ἱερουργεῖν
1256 926 1414 981 αὑτὸν
1441 928 1649 996 ἀφῆκεν
1672 944 1686 958 ο
1725 929 1839 981 ἀλλ’

259 1017 369 1069 ἐὰν
398 1017 561 1079 αὐτὸς
613 1018 702 1069 διὰ
750 1016 1046 1088 μαρτύρων
1097 1018 1305 1071 πιστῶν
1360 1022 1457 1072 καὶ
1507 1018 1842 1089 ἀδιαϐλήτων

263 1109 512 1179 ἠλέγχθη
536 1126 551 1141 ο
585 1109 619 1180 ἦ
647 1109 740 1162 καὶ
774 1110 848 1179 μὴ
878 1109 1173 1179 ἐλεγχθεὶς,
1204 1110 1389 1180 οἰκείῳ
1409 1110 1727 1163 κατετέθετο
1749 1111 1844 1163 καὶ

263 1201 595 1271 ὡμολόγησε
618 1202 867 1271 στόματι.
893 1201 1079 1255 Ταῦτα
1108 1201 1206 1271 μὲν
1225 1198 1318 1257 οὖν
1347 1204 1380 1272 ἡ
1403 1203 1648 1273 ἡμετέρα
1674 1204 1846 1273 ἁρμὸο

264 1292 388 1356 ζειν
417 1292 600 1364 ἔκρινε
634 1294 965 1364 μετριότηςο
1007 1294 1102 1346 καὶ
1140 1293 1269 1364 περὶ
1309 1292 1476 1348 αὑτοῦ
1508 1292 1585 1357 ὡς
1630 1293 1843 1347 κελεύει

263 1384 541 1456 διοικήσει
570 1387 604 1457 ή
635 1384 790 1456 ὑμῶν
815 1384 1060 1456 ἁγιότης.
1092 1385 1166 1438 Σὺ
1199 1386 1257 1439 δέ
1304 1402 1396 1457 μοι
1427 1386 1487 1439 ἐν
1511 1384 1702 1455 Κυρίῳ
1745 1385 1840 1457 ερ-

264 1476 443 1546 paco.

866 1582 1097 1638 ΕΠΙΣΤ.
1131 1580 1262 1637 ΚΒ’.

1939 744 2165 799 antistes
2213 745 2383 814 ipsius
2441 744 2585 798 dicat
2633 745 2777 812 quod
2823 736 2999 813 ipsum
3054 742 3361 795 adulterum
3399 754 3524 795 esse

1940 836 2120 892 sciens
2170 838 2463 898 ordinavit,
2526 838 2608 889 vel
2644 836 2789 905 quod
2849 847 3132 904 postquam
3185 834 3513 895 ordinassct,

1941 931 2145 985 certior
2174 930 2350 983 factus
2380 929 2682 983 adulterum
2712 944 2853 990 esse,
2900 943 3024 982 cum
3051 927 3225 995 ipsum
3269 925 3334 978 ad
3379 934 3517 978 tem-

1942 1037 2047 1091 pus
2089 1020 2461 1080 ahstiuuisset,
2519 1019 2717 1073 deinde
2789 1019 2959 1072 sacris
3017 1016 3163 1086 fungi
3227 1014 3522 1085 permisit;

1942 1113 2036 1167 sed
2075 1113 2121 1167 si
2150 1113 2265 1182 ipse
2311 1114 2541 1168 testibus
2572 1112 2675 1166 ﬁde
2704 1110 2883 1180 dignis
2913 1118 2967 1163 et
3000 1108 3288 1177 inculpatis
3335 1106 3524 1161 convi—

1942 1211 2084 1266 ctus,
2133 1204 2219 1257 vel
2261 1218 2372 1257 non
2422 1202 2729 1267 convictus,
2765 1200 2859 1255 sed
2892 1215 2985 1254 ore
3037 1215 3136 1254 suo
3171 1214 3425 1253 assensus
3456 1196 3526 1251 sit

1942 1301 2001 1346 et
2028 1291 2329 1347 confessus.
2370 1292 2498 1348 Haec
2547 1292 2710 1363 igitur
2735 1290 3081 1346 mediocritas
3108 1299 3291 1343 nostra
3327 1302 3531 1342 conve-

1949 1383 2069 1439 nire
2100 1385 2313 1439 censuit
2345 1401 2359 1438 :
2390 1385 2457 1440 de
2503 1384 2620 1455 ipso
2647 1392 2830 1438 autem
2895 1382 3152 1437 sanctitas
3175 1388 3355 1435 vestra
3377 1377 3524 1448 quod

1955 1473 2225 1538 hortatur,
2272 1474 2584 1530 constituet.
2613 1472 2694 1527 Tu
2724 1485 2854 1527 vero
2880 1472 3014 1526 mihi
3036 1472 3092 1527 in
3115 1470 3344 1528 Domino
3390 1466 3532 1522 vale.

2547 1584 2768 1642 EPIST.
2815 1583 2982 1639 XXII.

1494 1720 1635 1772 Edita
1663 1735 1689 1771 δ
1716 1720 2013 1775 Montacutio
2045 1725 2062 1781 ί
2076 1738 2127 1788 p.
2162 1724 2299 1786 590).

343 1848 544 1919 Θαῦμα
595 1849 692 1919 μὲν
723 1850 870 1919 ἡμᾶς
906 1848 1141 1920 κατέσχε
1185 1850 1279 1904 καὶ
1336 1850 1616 1921 ἔκπληξις,
1661 1851 1756 1904 ἐπὶ
1782 1854 1848 1922 τῇ

2020 1854 2321 1910 Admiratio
2384 1854 2601 1924 quidem
2641 1867 2742 1908 nos
2772 1849 2969 1907 invasit
3026 1864 3091 1905 ac
3130 1858 3323 1919 stupor
3371 1837 3538 1917 super

262 1940 517 2012 τοσαύτῃ
549 1942 828 2011 παροινίᾳ,
854 1942 949 1993 καὶ
975 1941 1227 2013 ἀπονοίᾳ,
1257 1943 1353 1996 καὶ¹
1384 1942 1731 2013 ἀναισθησίᾳ,
1757 1945 1853 1996 καὶ

263 2033 599 2103 παρανομίᾳ
618 2031 714 2085 τοῦ
743 2032 1030 2103 προέδρου,
1053 2034 1295 2100 καίτοιγε
1327 2033 1434 2087 τῶν
1465 2034 1719 2087 τοιούτων
1747 2052 1853 2088 πα-

268 2123 396 2176 θῶν
423 2123 627 2176 παλαιά
661 2139 782 2175 τινα
817 2123 937 2193 ῐχνη
966 2125 1023 2176 ἐν
1049 2127 1115 2194 τῇ
1144 2125 1333 2194 μνήμῃ
1353 2123 1617 2195 φέροντας
1636 2140 1651 2156 ·
1682 2124 1795 2177 ἀλλ’
1818 2125 1852 2194 ή

266 2215 516 2284 ἐπιμονὴ
552 2216 644 2267 καὶ
676 2213 902 2283 αὔξησις
934 2214 1043 2266 τῶν
1075 2214 1473 2285 προλαϐόντων,
1515 2214 1590 2277 ὼς
1627 2214 1720 2267 ἐπὶ
1745 2230 1855 2265 πα·-

273 2306 548 2377 ραδόξοις,
581 2308 695 2369 τοῖς
726 2305 822 2358 νῦν
854 2307 1288 2373 πεπραγμένοις,
1321 2307 1561 2375 παρέσχε
1590 2307 1856 2375 ταράττε-

277 2397 431 2451 σθαι.
460 2396 604 2466 Πλὴν
630 2396 732 2449 οὐκ
756 2394 903 2449 ἐστιν
932 2394 1286 2466 ἀνενόχλητον
1307 2397 1420 2458 τοῖς
1463 2394 1586 2447 καθ’
1626 2396 1856 2447 ἕκαστον

271 2490 396 2544 τῶν
412 2489 553 2542 κατὰ
584 2489 750 2559 μέρος
774 2489 945 2556 λόγων
966 2488 1272 2557 ἐπιστῆναι,
1305 2487 1334 2539 ὃ
1358 2486 1620 2549 πολλάκις
1644 2486 1856 2556 ἔφαμεν

276 2584 386 2636 καὶ
426 2580 520 2634 νῦν
578 2597 777 2650 φαμεν.
828 2581 917 2643 Ὠς
965 2579 1197 2650 ἐπείπερ
1229 2578 1323 2631 καὶ
1359 2580 1522 2649 ἡμεῖς
1544 2576 1859 2646 ἁμαρτωλοὶ

275 2676 388 2737 τὰς
412 2672 742 2743 ἀμαρτωλάς
798 2672 954 2741 ἡμῶν
1002 2673 1192 2741 χεῖρας
1231 2671 1322 2722 ἐπὶ
1350 2670 1448 2739 τὴν
1478 2668 1574 2739 σὴν
1625 2666 1859 2736 ἐθέμεθα

277 2764 555 2835 κεφαλὴν,
579 2766 678 2834 τὴν
707 2764 1101 2833 τελεταρχικὴν
1119 2761 1215 2815 τοῦ
1245 2762 1513 2829 παναγίου
1543 2761 1861 2831 [Ινεύματος

278 2856 711 2926 ἐπικαλούμενοι
756 2855 915 2926 χάριν
960 2854 1102 2924 (καὶ
1157 2852 1605 2921 πεπιστεύκαμεν
1634 2852 1695 2903 ού
1740 2852 1859 2914 ταῖς

279 2948 449 3020 ἡμῶν
474 2947 859 3019 χειροθεσίαις,
887 2946 1024 3000 ἀλλὰ
1051 2946 1117 3014 τῇ
1139 2961 1200 2997 τε
1229 2943 1434 2998 ἀνωθεν
1455 2942 1735 3013 εὐμενείᾳ,
1768 2942 1863 2995 καὶ

278 3046 360 3115 τῇ
404 3046 471 3114 σῇ
521 3043 691 3114 ἀρετῇ
718 3081 735 3106 ,
801 3038 900 3106 τὴν
950 3036 1297 3107 ἐπιφοίτησιν
1359 3032 1523 3087 αὐτοῦ
1578 3031 1863 3084 πλουτίσαι

278 3135 496 3207 ἡμᾶς),
523 3134 586 3188 ού
618 3133 779 3204 μόνον
803 3132 905 3185 ὅσα
937 3131 995 3184 ἐν
1015 3131 1083 3200 τῇ
1111 3125 1411 3198 Ἐκκλησία
1434 3123 1768 3196 παρανόμως
1801 3138 1863 3175 τε

1960 1957 2110 2003 tanta
2145 1946 2468 2003 deliratione
2509 1955 2568 2001 et
2608 1944 2890 2010 vecordia,
2952 1957 3167 1997 necnon
3233 1940 3541 1996 insulsitate

1958 2052 2121 2110 atque
2158 2037 2482 2094 enormitate
2516 2037 2794 2101 antistitis,
2840 2035 3004 2091 etiam
3057 2042 3245 2089 vetera
3284 2032 3533 2101 quaadam

1960 2131 2187 2200 vestigia
2225 2128 2492 2198 ejusmodi
2522 2127 2813 2181 aﬂ‘ectuum
2836 2165 2851 2191 ,
2900 2124 3160 2179 memoria
3214 2122 3537 2176 recolentes.

1960 2219 2162 2274 Verum
2178 2218 2392 2273 duratio
2419 2228 2580 2287 atque
2596 2218 2992 2271 incrementum
3018 2212 3443 2283 praecedentium
3472 2212 3540 2265 de

1961 2308 2339 2378 praesentibus,
2376 2315 2632 2374 tanquam
2658 2314 2855 2374 praeter
2877 2303 3189 2373 opinionem
3218 2300 3393 2365 factis,
3415 2315 3542 2369 per-

1963 2400 2287 2456 turbationis
2333 2399 2492 2454 nobis
2518 2399 2801 2453 materiam
2852 2397 3226 2466 praebuerunt.
3269 2394 3539 2449 Caeterum

1961 2492 2209 2549 molestia
2230 2508 2339 2547 non
2372 2500 2550 2557 vacat,
2597 2491 2938 2562 singulorum
2969 2488 3147 2544 causis
3179 2486 3541 2558 particulatim

1962 2584 2234 2647 insistere,
2272 2584 2417 2653 quod
2455 2584 2653 2654 saepius
2676 2581 2934 2644 diximus,
2956 2590 3011 2636 et
3038 2594 3188 2634 nunc
3211 2580 3372 2633 etiam
3401 2577 3542 2633 dici-

1965 2691 2107 2730 mus.
2148 2674 2305 2740 Quod
2337 2690 2460 2730 cum
2491 2683 2803 2744 peccatores
2850 2687 2951 2727 nos
2994 2670 3327 2742 peccatrices
3353 2685 3546 2723 manus

1964 2769 2126 2838 capiti
2161 2777 2254 2823 tuo
2303 2767 2680 2836 imposuimus,
2714 2765 2939 2837 gratiam
2981 2764 3152 2819 sancti
3187 2762 3421 2833 Spiritus
3444 2776 3545 2813 an-

1967 2859 2120 2915 tistiti
2154 2857 2426 2929 propriam
2460 2857 2812 2928 implorantes
2862 2857 2994 2926 (non
3030 2862 3231 2910 nostra:
3287 2868 3546 2908 manuum

1971 2950 2324 3021 impositioni,
2401 2949 2495 3005 sed
2559 2962 2812 3020 supernze
2878 2946 3227 3018 benignitati,
3310 2954 3366 2999 et
3437 2953 3546 2998 tua:

1967 3044 2138 3116 ipsius
2185 3042 2371 3099 virtuti
2422 3041 2664 3107 conﬁsi,
2722 3049 3113 3112 superventum
3196 3038 3371 3109 ipsius
3450 3050 3553 3092 nos

1968 3135 2347 3191 benedictione
2398 3134 2740 3200 ditaturum),
2800 3148 2913 3188 non
2961 3131 3137 3186 solum
3186 3145 3311 3200 quae
3352 3129 3408 3183 in
3445 3127 3555 3183 Ec-

281 3224 393 3279 καὶ
426 3222 795 3284 ἀκανονίστως
817 3219 970 3291 παρά
989 3218 1084 3274 τοῦ
1106 3217 1311 3288 ταύτης
1335 3214 1601 3287 προέδρου
1630 3213 1865 3285 πρόεισι,

1974 3228 2139 3284 clesia
2190 3227 2464 3298 illegitime
2507 3235 2564 3281 et
2615 3234 2805 3282 contra
2863 3239 3107 3279 canones
3142 3223 3212 3278 ab
3255 3222 3430 3293 ipsius
3457 3236 3557 3275 an-

282 3316 435 3373 ἀλλά
460 3318 553 3369 καὶ
579 3317 678 3368 ὅσα
711 3314 842 3385 παρ’
871 3312 1061 3384 ἐτέρου
1084 3310 1184 3382 τὴν
1203 3308 1396 3380 ὁμοίαν
1424 3306 1872 3377 ἐπιδεικνυμένου

283 3404 547 3475 γνώμην,
576 3401 751 3456 ταῦτα
771 3401 951 3455 πάντα
981 3400 1079 3470 τὴν
1112 3399 1212 3469 σὴν
1239 3395 1632 3469 ἀρχιερατικὴν
1664 3411 1873 3467 παρεγ-

285 3496 558 3564 γυώμεθα
586 3493 899 3563 τελειότητα
930 3490 1042 3562 (ὡς
1070 3492 1103 3561 ἡ
1114 3489 1230 3559 μῶν
1270 3488 1380 3542 τῶν
1433 3485 1708 3542 ταπεινῶν
1736 3503 1875 3556 συμ-

284 3583 586 3655 παρόντων
606 3584 705 3636 καὶ
737 3579 1231 3651 συνεφαπτομένων
1251 3580 1366 3643 τοῖς
1389 3577 1575 3649 νόμοις
1594 3575 1690 3629 τοῦ
1712 3575 1876 3629 Πνεύο

291 3675 501 3744 ματος)
528 3671 860 3728 ἀνακόπτειν
885 3688 947 3725 τε
978 3670 1075 3724 καὶ
1115 3668 1517 3741 ἀναχαιτίζειν,
1559 3668 1658 3723 καὶ
1693 3666 1788 3721 ἐπὶ
1813 3665 1876 3721 τὸ

292 3764 510 3836 βέλτιον
540 3763 634 3818 καὶ
661 3763 887 3837 ἄριστον
938 3760 1398 3834 μεταρυθμίξεινο
1450 3760 1550 3831 οὐχ
1572 3757 1733 3830 ἡμῶν
1755 3756 1877 3815 νυνὶ

291 3853 400 3923 τὴν
452 3853 709 3925 τοιαύτην
764 3850 1142 3924 πνευματικὴν
1179 3850 1427 3916 ἐξουσίαν
1475 3848 1873 3921 χαριζομένων,

292 3943 440 3998 ἀλλὰ
464 3944 558 3997 τοῦ
591 3942 910 4013 Πνεύματος
965 3941 1060 3996 τοῦ
1109 3941 1397 4009 παναγίου,
1425 3940 1589 4011 ἡνίκα
1638 3940 1735 3994 καὶ
1774 3939 1876 4009 τὴν

294 4036 703 4107 ἀρχιερατικὴν
763 4034 933 4089 ἐδίδου
982 4033 1211 4104 δωρεάν.
1256 4032 1699 4086 Ἀπολυέσθωσαν
1742 4030 1877 4100 γοῦν

293 4126 351 4177 oi
384 4124 711 4196 παραλόγως
733 4123 918 4193 δεσμῷ
943 4121 1338 4193 ύποῦληθέντες
1360 4122 1459 4190 τῆς
1487 4120 1683 4189 ἀλόγου
1704 4138 1877 4174 κατα-

295 4215 480 4285 δίκης,
513 4216 607 4268 καὶ
637 4215 773 4285 πρὸς
794 4213 892 4285 τὴν
919 4213 1136 4267 δικαίαν
1165 4212 1695 4283 μεθαρμοζέσθωσαν
1716 4212 1878 4282 θερα-

296 4306 466 4360 πείαν
484 4321 498 4336 ·
524 4306 614 4359 καὶ
636 4307 686 4358 οἱ
705 4304 804 4376 τὴν
825 4304 1141 4375 παράνομον
1160 4303 1478 4375 καθαίρεσιν
1520 4303 1874 4368 ὑποστάντες,

294 4400 405 4468 τῆς
428 4398 630 4468 ἀνόμου
655 4396 838 4467 ψήφου
871 4395 1253 4468 πεπαυμένης,
1284 4395 1559 4467 ἐχέτωσαν
1586 4394 1686 4465 τῆς
1714 4395 1879 4467 ἱερω-

296 4489 509 4560 σύνης·
559 4489 654 4543 καὶ
679 4488 709 4541 ό
752 4486 926 4542 ταῦτα
965 4488 1179 4558 πράξας
1227 4487 1500 4559 ἀφρόνως,
1532 4486 1767 4557 μάλιστά
1789 4502 1875 4555 γε,

294 4582 389 4634 ὅτι
410 4581 479 4634 τὰ
505 4579 601 4633 τοῦ
628 4578 881 4649 σώματος
921 4578 1068 4651 πάθη
1101 4581 1198 4633 καὶ
1238 4578 1339 4648 τὴν
1370 4577 1471 4646 τῆς
1513 4576 1693 4648 ψυχῆς
1747 4595 1877 4631 συν-
1913 4562 1956 4619 Ῑ)

302 4672 509 4741 ἁφειαν
543 4671 872 4742 ὑπογράφει,
897 4670 1234 4740 μανθανέτω,
1258 4671 1308 4723 εἰ
1334 4668 1410 4740 μὴ
1437 4668 1659 4722 δύναται
1683 4686 1883 4741 παραι-

299 4762 508 4825 νέσεως
544 4763 709 4833 λόγῳ,
731 4762 845 4815 ἀλλ’
864 4760 958 4816 οὖν
983 4762 1416 4833 αὐστηρότερον,
1450 4761 1525 4832 μὴ
1561 4762 1883 4832 παραφέρε-

300 4854 436 4909 σθαι
452 4854 544 4907 τοῦ
577 4854 809 4908 δικαίου.
837 4854 938 4907 Διὰ
970 4853 1131 4907 τοῦτο
1160 4853 1254 4907 καὶ
1282 4854 1332 4923 li)
1372 4854 1517 4923 πρὸς
1562 4852 1726 4906 αὐτὸν
1767 4854 1883 4905 ἐπι-

301 4944 473 5012 στολὴ
525 4944 665 5014 καλὴ
708 4945 804 4997 καὶ
855 4944 1069 4997 δικαίαο
1107 4947 1202 4999 καὶ
1234 4945 1285 4998 εἰ
1319 4946 1455 5016 μηδέ
1490 4947 1628 5018 μετὰ
1676 4947 1883 5019 ταύτην

300 5034 733 5104 σωφρονισθείη,
772 5034 1074 5106 ἱερουργεῖν
1106 5034 1227 5105 μὲν,
1258 5036 1353 5089 καὶ
1379 5027 1758 5107 θεῶν’ἀψύχων
1784 5037 1884 5108 τὴν

297 5124 577 5193 διοίκησιν
606 5124 773 5195 ἐχειν,
797 5126 936 5189 τέως
968 5125 1043 5196 μὴ
1062 5126 1354 5181 κωλυέσθω
1378 5144 1393 5158 °
1415 5129 1675 5199 ἐπιτιμᾷν
1700 5128 1759 5181 δὲ
1791 5130 1887 5184 καὶ

284 5214 613 5279 νκανονίζειν
641 5216 767 5278 τοὺς
796 5215 1095 5287 ἐμψύχους,
1113 5217 1318 5288 ἄψυχος
1347 5218 1509 5283 αὐτὸς
1534 5219 1630 5285 ὢν,
1668 5220 1757 5274 διὰ
1786 5220 1888 5290 τῆς

295 5309 373 5361 ἐν
402 5305 684 5376 Πνεύματι
705 5308 848 5378 ἁγίῳ
877 5310 1010 5380 ἡμῖν
1041 5309 1331 5383 δεδομένης
1362 5310 1630 5379 ἐξουσίας,
1668 5313 1745 5384 μὴ
1779 5329 1885 5366 πα-

302 5396 689 5469 ραχωρείσθω.
980 5426 985 5433 ι

1977 3319 2149 3374 tistite
2180 3318 2503 3389 procedunt,
2553 3315 2653 3372 sed
2685 3332 2808 3387 quae
2836 3316 2906 3371 ab
2948 3315 3057 3370 alio
3082 3315 3365 3385 quopiam,
3399 3312 3557 3368 simi-

1977 3410 2083 3465 lem
2137 3408 2306 3464 animi
2353 3408 2684 3464 sententiam
2730 3408 3168 3470 demonstrante,
3214 3405 3333 3459 haec
3358 3403 3547 3460 omnia

1978 3517 2011 3557 a
2063 3512 2157 3557 tua
2210 3500 2476 3556 antistitis
2525 3498 3202 3572 perlectioue(tanquam
3248 3495 3559 3553 humilitate

1979 3600 2171 3648 nostra
2223 3600 2514 3663 praesente,
2560 3599 2618 3646 et
2660 3589 2972 3662 spirituales
3033 3589 3181 3660 leges
3231 3585 3559 3658 adiuvante)

1979 3679 2234 3751 reprimi,
2293 3679 2676 3746 suﬁlaminari,
2714 3681 2784 3748 {et
2826 3678 2884 3735 in
2909 3677 3219 3747 meliorem,
3262 3676 3378 3732 sive
3412 3674 3562 3746 Opti-

1978 3786 2129 3827 mum
2191 3780 2393 3827 statum
2460 3770 2745 3828 reformari
2796 3770 3146 3841 pmcipimus
3188 3786 3204 3824 :
3256 3783 3366 3823 non
3400 3765 3563 3821 nobis

1980 3878 2129 3919 nunc
2181 3862 2492 3934 hujusmodi
2538 3861 2873 3933 spiritualem
2943 3870 3270 3933 potestatem
3318 3856 3559 3929 largien-

1983 3955 2156 4020 tibus,
2192 3954 2291 4010 sed
2331 3964 2524 4010 sancto
2575 3954 2784 4025 Spiritu
2834 3964 2965 4008 tunc
3031 3967 3153 4007 eam
3211 3948 3558 4014 conferente,

1981 4065 2108 4104 cum
2169 4050 2400 4122 gratiam
2452 4050 2652 4105 summi
2711 4048 3008 4105 sacerdotii
3057 4047 3307 4103 donaret.
3362 4042 3560 4099 Absol-

1981 4149 2182 4197 vantur
2209 4140 2371 4212 igitur
2421 4152 2621 4211 praeter
2657 4141 2926 4196 rationem
2965 4138 3182 4194 vinculo
3212 4136 3446 4208 subjecti
3492 4134 3562 4190 ab

1983 4233 2170 4304 iniqua
2201 4233 2574 4297 damnatione,
2620 4240 2677 4288 et
2704 4233 2771 4287 ad
2799 4232 3099 4304 legitimum
3145 4231 3354 4286 cultum
3392 4228 3565 4284 refor-

1984 4334 2207 4382 mentur
2232 4343 2248 4381 :
2277 4336 2333 4383 et
2361 4326 2455 4397 qui
2502 4324 2939 4397 degradationem
2989 4323 3202 4395 legibus
3233 4320 3564 4378 contrariam

1984 4419 2132 4490 passi
2172 4428 2323 4485 sunt,
2358 4418 2549 4488 iniquo
2592 4417 2815 4473 decreto
2843 4425 3118 4480 cessante,
3170 4415 3228 4469 in
3258 4410 3566 4470 sacerdotio

1985 4506 2415 4562 administrando
2458 4515 2715 4577 pergant:
2767 4513 2825 4559 et
2872 4502 2966 4573 qui
3013 4502 3132 4558 haec
3186 4500 3565 4572 imprudenter

1980 4596 2222 4662 admisit,
2251 4595 2489 4651 maxime
2529 4594 2771 4664 quidem,
2827 4592 2955 4663 quia
3004 4589 3246 4661 corporis
3284 4588 3566 4659 passiones

1984 4704 2254 4760 congruos
2284 4687 2450 4742 animi
2479 4686 2705 4741 aﬁectus
2742 4684 3071 4756 exprimunt,
3112 4682 3283 4737 discat
3309 4680 3353 4735 si
3383 4687 3566 4750 potest

1982 4780 2256 4836 sermonis
2284 4778 2681 4843 exhortatione,
2738 4776 2824 4830 sin
2853 4775 3033 4831 minus
3061 4773 3371 4837 severitate,
3402 4771 3472 4825 ab
3498 4784 3566 4825 eo

1983 4872 2130 4941 quod
2160 4872 2367 4941 justum
2400 4878 2504 4933 est,
2541 4885 2651 4923 non
2679 4867 2954 4922 recedere.
2978 4865 3186 4920 Idcirco
3209 4863 3275 4917 ad
3299 4878 3423 4918 eum
3446 4860 3567 4931 cpi-

1987 4962 2124 5019 stola
2151 4963 2274 5033 jure
2303 4970 2359 5016 et
2382 4969 2527 5015 recte
2543 4958 2931 5015 destinabitur:
2953 4964 3239 5027 postquam
3254 4955 3361 5008 nisi
3381 4952 3566 5008 sanior

1992 5055 2206 5121 evadat,
2254 5068 2405 5108 sacra
2438 5051 2659 5121 quidem
2712 5050 2913 5112 facere,
2951 5058 3007 5103 et
3044 5046 3343 5102 inanimata
3388 5043 3564 5100 admi-

1988 5148 2223 5203 nistrare
2298 5145 2541 5199 nondum
2606 5140 2996 5212 prohibeatur,
3050 5153 3317 5194 censuras
3382 5145 3563 5191 autem

1987 5239 2248 5309 irrogare,
2315 5245 2371 5291 et
2415 5234 2683 5289 animatos
2745 5232 2812 5288 ad
2864 5231 3077 5303 regulas
3131 5230 3348 5300 exigere
3379 5268 3395 5293 ,
3447 5226 3564 5297 ipse

1987 5330 2275 5393 inanimis,
2311 5336 2580 5401 potestate
2609 5326 2768 5383 nobis
2805 5342 2835 5382 a
2868 5325 3073 5399 Spiritu
3124 5330 3315 5380 sancto
3358 5318 3563 5377 indulta

1988 5439 2060 5480 ne
2106 5422 2474 5495 permittatur.
