3930 6430
497 329 597 397 791

1057 428 1276 485 EPIST.
1316 425 1507 482 XXI".

1657 315 1922 379 PHOTII
1960 313 2467 375 PATRIARCHE
2503 314 2609 374 ΕΡ.
3599 319 3682 385 792

2766 423 2989 478 ΕΠΙΣΤ.
3019 423 3145 477 ΚΓθ.

1722 515 1868 566 Edita
1895 528 1923 561 a
1952 512 2254 562 Montacutio
2286 512 2358 574 (p.
2391 513 2524 576 39!).
3380 566 3396 573 η

567 620 963 676 Pervenerunt-
991 615 1058 669 ad
1097 629 1197 668 nos
1229 611 1423 667 littera:
1465 611 1775 666 sanctitatis
1822 618 1929 664 tute
1957 607 2061 661 Deo

2256 606 2510 673 Ἀφίκετο
2529 608 2562 675 ἡ
2572 609 2664 675 μίν
2690 605 2998 677 γράμματα
3021 607 3122 676 τῆς
3155 606 3253 677 σῆς
3276 607 3690 679 ,Θεοφιλείαςρπ

495 713 730 778 dilectae,
772 707 1108 780 postulantes
1146 721 1178 760 a
1211 704 1592 760 mediocritate
1634 710 1822 756 nostra
1849 706 2072 754 senten-

500 804 629 858 tiam
684 800 818 854 ferri
859 798 927 853 de
967 797 1307 868 presbytero,
1347 794 1439 864 qui
1486 802 1687 864 praater
1735 791 2070 846 voluntatem

495 901 806 964 parentum,
844 905 952 944 non
981 896 1297 959 exspectato
1324 901 1514 940 eorum
1536 899 1834 946 consensu,
1869 881 2071 936 liberos

497 986 739 1054 ipsorum
765 989 1124 1036 coronaverat
1159 995 1173 1031 :
1211 991 1442 1048 quorum
1486 985 1675 1047 postea
1695 973 1876 1028 studio
1913 986 2072 1041 sepa-

494 1074 620 1137 rati,
656 1087 781 1126 cum
827 1068 950 1123 aliis
986 1067 1237 1137 personis
1275 1065 1343 1119 ad
1388 1065 1699 1133 nuptiarum
1723 1059 2069 1116 communio-

497 1179 624 1219 nem
680 1176 806 1216 cum
833 1159 1134 1222 venissent,
1165 1174 1328 1227 opera
1361 1164 1651 1226 parentum
1673 1153 1745 1208 ab
1787 1152 1897 1206 alio
1940 1166 2071 1220 pre-

496 1255 714 1325 sbytero
789 1251 1226 1307 benedictionem
1313 1246 1644 1316 acceperint.
1731 1244 1810 1298 De
1887 1241 2068 1313 primo

495 1348 680 1417 itaque
718 1346 1035 1417 presbytero
1061 1346 1138 1399 sic
1175 1342 1521 1397 decernimus
1548 1356 1564 1392 :
1595 1339 1640 1393 si
1690 1338 1909 1408 quidem
1937 1350 2069 1389 con-

496 1440 676 1493 traria:
725 1448 1011 1508 parentum
1082 1434 1375 1490 voluntatis
1417 1433 1662 1504 ignarus,
1713 1446 1781 1485 ex
1831 1428 2064 1494 inscitia,

494 1529 551 1582 in
592 1529 922 1584 coronandis
965 1528 1083 1582 istis
1124 1542 1246 1597 qua:
1287 1533 1665 1580 convenerunt
1707 1522 1977 1592 personis,
2011 1521 2066 1574 in

494 1637 733 1675 errorem
766 1621 950 1690 lapsus
985 1621 1075 1684 sit,
1110 1619 1232 1673 talis
1257 1633 1381 1672 cum
1425 1617 1515 1680 sit,
1548 1631 1656 1670 non
1694 1629 1916 1684 prorsus
1944 1613 2067 1666 lata:

495 1713 670 1782 culpa:
715 1711 1006 1776 obnoxius,
1068 1719 1323 1779 tauquam
1366 1709 1436 1763 de
1480 1705 1786 1761 voluntario
1841 1713 2066 1774 peccato

494 1801 840 1857 damnandus
871 1812 955 1856 est
985 1810 1000 1855 ξ
1036 1817 1145 1855 non
1181 1811 1362 1855 tamen
1405 1810 1659 1867 tanquam
1686 1795 1864 1850 omnis
1891 1796 2066 1866 culpae,

492 1910 689 1963 expers
713 1894 1108 1960 dimittendus;
1151 1892 1393 1964 oportuit
1423 1891 1568 1946 enim
1598 1891 1776 1960 ipsum
1809 1898 2064 1944 accurate

490 1986 824 2041 sciscitatum
851 2029 866 2052 ,
931 1985 1216 2040 rescivisse
1273 2000 1403 2038 num
1449 1984 1732 2038 voluntate
1777 1990 2064 2051 parentum

489 2077 584 2147 qui
636 2079 704 2134 ad
756 2079 976 2149 nuptias
1023 2079 1275 2144 coibant,
1305 2077 1617 2148 conjugium
1651 2075 2060 2129 contraherent.

487 2171 697 2226 Idcirco
741 2171 953 2227 ordinis
1007 2172 1091 2226 sui
1143 2171 1370 2241 jactura:
1426 2168 1549 2222 talis
1593 2182 1702 2221 non
1753 2164 2059 2234 subjicitur,

488 2264 586 2319 sed
654 2267 720 2320 ad
815 2275 1031 2336 tempus
1105 2264 1465 2321 constitutum
1517 2278 1675 2318 sacro
1739 2261 2064 2316 celebrando

486 2356 866 2426 prohibebitur
906 2375 920 2422 ;
968 2369 1133 2423 tum,
1199 2373 1318 2412 eam
1381 2372 1502 2427 quae
1561 2356 1617 2409 in
1663 2355 1889 2425 reliquis
1940 2368 2063 2408 cer-

485 2449 640 2503 nitur
698 2451 1114 2516 austeritatem,
1172 2451 1399 2520 jejuniis
1452 2449 1656 2505 scilicet
1715 2459 1877 2518 atque
1937 2463 2062 2500 ora-

490 2541 752 2608 tionibus,
793 2543 1027 2598 subibit:
1062 2554 1276 2613 tempus
1305 2553 1487 2597 autem
1521 2557 1697 2612 pinna:
1737 2539 2060 2601 subeundae,

483 2636 572 2690 vel
603 2635 670 2688 ad
697 2634 1049 2706 quadraginta
1069 2635 1205 2700 dies,
1236 2635 1321 2688 vel
1348 2633 1430 2689 bis
1457 2633 1681 2687 totidem
1713 2632 2057 2698 extendetur,

485 2742 587 2797 pro
618 2727 829 2781 ratione
857 2726 1030 2796 ipsius
1071 2726 1125 2779 in
1154 2726 1477 2795 poenitentia
1508 2725 1780 2790 fervoris;
1833 2739 1902 2778 ne
1946 2737 2063 2776 am-

486 2819 631 2887 plius
661 2819 714 2872 in
744 2818 1013 2890 ejusmodi
1042 2818 1170 2885 quid
1191 2817 1398 2881 delicti,
1433 2833 1499 2872 ex
1526 2817 1754 2881 incuria,
1783 2815 2061 2886 animique

486 2911 704 2981 ignavia
738 2910 961 2966 incidat.
997 2910 1110 2966 Hoc
1136 2911 1298 2981 igitur
1321 2909 1585 2972 obtineat,
1613 2909 1656 2964 si
1691 2910 1758 2965 ad
1790 2910 2058 2965 inscitiam

484 3009 774 3069 peccatum
824 2999 1046 3053 referat.
1102 2997 1258 3064 Quod
1303 2999 1348 3053 si
1386 2998 1718 3054 voluntatem
1772 3009 2059 3068 parentum

485 3088 781 3144 consensui
811 3086 942 3142 huic
964 3097 1020 3143 et
1049 3090 1302 3160 conjugio
1335 3087 1612 3142 adversari
1653 3087 1837 3154 sciret,
1861 3097 1914 3142 et
1937 3088 2060 3156 ejus

484 3195 598 3236 non
631 3180 868 3252 ignarus,
896 3190 1012 3236 tum
1060 3180 1363 3234 naturalem
1395 3178 1592 3250 Legem
1643 3188 1758 3234 tum
1798 3180 2058 3249 Spiritua-

2173 696 2442 764 ζητοῦντα
2465 699 2617 768 παρὰ
2645 697 2747 766 τῆς
2774 697 2932 768 ήμῶν
2966 698 3318 768 μετριότητος
3344 699 3510 771 ψῆφον
3562 706 3690 762 ιπεν.

2171 788 2400 859 εχθῆναι
2452 792 2581 860 περὶ
2633 788 2727 842 τοῦ
2765 789 3254 862 πρεσϐυτέρουτοῦ
3305 795 3693 867 στεφανώσαντος

2173 882 2326 952 παρά
2362 880 2586 953 γνώμην
2611 882 2720 935 τῶν
2749 883 2954 950 γονέων
2974 883 3043 936 τά
3073 884 3278 937 τούτων
3305 885 3484 952 τέκνα,
3512 891 3594 942 καὶ
3614 894 3696 964 τὴν

2169 973 2376 1026 τούτων
2407 975 2713 1028 συναίνεσιν
2747 975 2822 1045 μὴ
2855 975 3292 1046 προσδεξαμένου
3313 994 3327 1006 ·
3354 973 3472 1033 εἷτα
3508 982 3587 1035 ὑπ’
3613 988 3695 1040 αὺ-

2169 1064 2281 1117 τῶν
2308 1063 2721 1134 διαζευχθέντα,
2750 1067 2847 1118 καὶ
2877 1065 3041 1119 πάλιν
3062 1066 3267 1136 ἑτέροις
3288 1069 3581 1139 προσώποις
3605 1091 3698 1126 κοι-

2171 1154 2511 1223 νωνήσαντα,
2553 1154 2806 1225 καὶπρὸς
2829 1157 3007 1224 γάμον
3041 1154 3281 1221 ἐλθόντα,
3317 1161 3588 1231 συνεργείᾳ
3613 1164 3698 1218 τῶν

2169 1245 2424 1314 πατέρων
2454 1245 2543 1314 ὑφ’
2571 1245 2760 1316 ἐτέρου
2788 1246 3164 1318 πρεσϐυτέρου
3193 1249 3560 1321 εύλογηθέντα.
3611 1257 3701 1311 Καὶ

2171 1336 2302 1408 περὶ
2325 1337 2425 1406 μὲν
2447 1336 2544 1390 τοῦ
2571 1340 2790 1409 πρώτου
2813 1339 3186 1411 πρεσϐυτέρου
3208 1340 3351 1395 οὕτω
3375 1343 3699 1416 διοριζόμεθαο

2170 1429 2233 1482 Εἰ
2272 1429 2374 1498 μὲν
2405 1429 2592 1500 ἠγνόει
2622 1429 2730 1483 τῶν
2758 1431 3026 1485 τεκόντων
3059 1432 3120 1485 τὸ
3148 1433 3468 1504 ἀϐούλητον,
3514 1432 3619 1490 εἶτα
3654 1440 3700 1505 ἐξ

2167 1521 2389 1588 ἀγνοίας
2420 1522 2756 1592 περιεπάρη,
2781 1523 2840 1575 ὲν
2884 1523 2961 1592 τῷ
2991 1524 3374 1595 στεφανώματι
3403 1525 3508 1579 τῶν
3546 1529 3698 1583 συνελο

2169 1611 2369 1666 Θόντων
2396 1612 2727 1683 προσώπων,
2758 1616 2786 1667 6
2813 1613 3052 1680 τοιοῦτος
3077 1616 3174 1685 μὲν
3201 1616 3262 1669 ού
3293 1618 3562 1682 παντελῶς
3585 1622 3700 1674 ἐστιν

2170 1705 2490 1771 ὑπεύθυνος,
2520 1705 2642 1759 οὑδὲ
2675 1705 2934 1768 ἑκουσίως
2953 1705 3227 1777 ἁλώσιμος
3249 1709 3608 1778 ἁμαρτήματι,
3623 1711 3700 1766 οὐκ

2167 1799 2458 1862 ἀνεύθυνος
2481 1798 2540 1851 δὲ
2579 1797 2859 1860 παντελῶς
2874 1797 3190 1862 ἀπολύεται,
3207 1801 3403 1870 ὅτιπερ
3422 1800 3525 1854 ἔδει
3547 1802 3699 1857 τοῦτον

2168 1889 2523 1960 ἐξερευνῆσαι
2563 1889 2656 1941 καί
2693 1889 3265 1960 ἀκριϐολογησάμενον
3318 1891 3620 1960 ἁναμαθεῖν,
3661 1896 3697 1948 εί

2167 1984 2275 2052 ἄρα
2324 1985 2390 2053 τῇ
2428 1983 2683 2052 βουλήσει
2713 1982 2820 2035 τῶν
2848 1985 3117 2037 τεκόντων
3138 1985 3188 2038 οἱ
3218 1985 3357 2055 πρὸς
3388 1988 3557 2054 γάμον
3603 2003 3700 2040 συν·

2166 2073 2463 2142 απτόμενοι
2489 2071 2778 2127 συνιστῶσι
2805 2073 2866 2126 τὸ
2895 2075 3250 2128 συνοικέσιον.
3276 2075 3378 2130 Διὰ
3404 2073 3574 2141 τοῦτο,
3596 2077 3700 2132 καθ-

2166 2163 2378 2235 αιρέσει
2414 2163 2513 2233 μὲν
2543 2165 2572 2217 6
2595 2163 2839 2227 τοιοῦτος
2872 2165 2970 2236 οὑχ
2995 2164 3388 2233 ὑποϐάλλεται,
3428 2168 3521 2220 ἐπὶ
3548 2169 3700 2238 χρόνον

2164 2254 2219 2306 δέ
2247 2271 2369 2307 τινα
2407 2254 2588 2324 ῥητὸν,
2640 2255 2743 2324 τῆς
2780 2255 3094 2326 ἱερουργίας
3144 2258 3584 2329 ὲπισχεθήσεται,
3629 2261 3700 2314 καὶ

2165 2347 2263 2415 τὴν
2291 2348 2349 2399 ἐν
2379 2348 2493 2410 τοῖς
2518 2346 2698 2411 ἄλλοις
2725 2348 3119 2422 ταλαιπωρίαν,
3153 2351 3432 2420 νηστείαις
3458 2367 3536 2415 τε,
3566 2351 3698 2420 φημὶ,
3783 2349 3795 2362 “

2165 2441 2261 2492 καὶ
2282 2443 2634 2510 προσευχαῖς,
2667 2443 3032 2510 ὑποστήσεται
3053 2459 3068 2474 ο
3089 2444 3118 2498 6
3144 2442 3203 2496 δὲ
3235 2443 3432 2513 χρόνος
3468 2443 3562 2514 τῆς
3603 2447 3699 2499 ἐπι-

2163 2532 2464 2601 τιμήσεως,
2497 2531 2530 2602 ἢ
2554 2533 2612 2585 ὲν
2643 2535 3056 2605 τεσσαράκοντα
3085 2535 3400 2606 ήμέραις,ῆ
3431 2536 3510 2600 δὶς
3539 2536 3698 2588 τοσαύ-

2161 2637 2287 2684 ταις
2313 2621 2788 2692 παραταθήσεται,
2821 2625 2954 2693 πρὸς
2983 2625 3086 2696 τὴν
3111 2624 3407 2692 ἀναλογίαν
3445 2623 3540 2694 τῆς
3577 2625 3624 2677 ὲν
3646 2627 3696 2695 τῇ

2167 2710 2426 2780 μετανοίᾳ
2455 2712 2788 2782 θερμότητος
2803 2729 2817 2743 ο
2839 2713 2916 2776 ὡς
2933 2714 3000 2767 ἂν
3024 2713 3084 2778 ἐξ
3112 2714 3352 2784 άμελοῦς
3379 2716 3473 2770 καὶ
3494 2714 3696 2786 ῥᾳθύμου

2162 2802 2388 2872 γνώμης
2435 2803 2704 2872 μηδέποτε
2741 2804 2940 2874 μηδενὶ
2991 2805 3220 2880 τοιούτῳ
3281 2808 3581 2880 περιπέσῃ·
3607 2806 3696 2860 ἀλλ’

2162 2892 2304 2961 οὕτω
2333 2894 2432 2964 μὲν
2460 2895 2510 2947 εί
2537 2896 2671 2966 πρὸς
2702 2896 2800 2966 τὴν
2822 2897 3042 2965 ἄγνοιαν
3067 2897 3372 2967 μεταφέρει
3401 2897 3462 2950 τὸ
3491 2899 3699 2969 ἁμάρτη-

2166 2999 2270 3052 μα·
2303 2984 2354 3035 εί
2399 2983 2456 3036 δὲ
2491 2982 2590 3055 τὴν
2619 2984 2877 3056 βούλησιν
2919 2985 3031 3039 τῶν
3085 2986 3347 3057 πατέρων
3384 2985 3696 3056 ἐξηπίστατο,

2161 3075 2258 3127 καὶ
2285 3075 2361 3138 ὡς
2399 3076 2775 3146 ἀπηρέσκοντο
2802 3079 2869 3148 τῇ
2910 3077 3175 3151 συναφείᾳ
3193 3095 3255 3132 τε
3285 3079 3384 3132 καὶ
3430 3077 3698 3150 συμφωνίᾳ,

2160 3165 2450 3220 καὶταῦτα
2478 3167 2656 3233 εἰδὼς,
2695 3169 2947 3240 ὑπερεῖδε
2977 3169 3078 3240 μὲν
3125 3171 3218 3224 τὸν
3267 3170 3498 3240 φυσικὸν
3547 3171 3696 3240 νόμον,

483 3269 595 3324 lem
619 3270 970 3341 contempsit,
993 3283 1226 3340 quorum
1252 3278 1482 3339 uterque
1509 3268 1719 3324 irritum
1743 3269 2058 3341 conjugium

2163 3258 2415 3328 ὑπερεῖδε
2443 3257 2499 3310 δὲ
2529 3261 2622 3312 καὶ
2652 3259 2746 3313 τὸν
2768 3261 3134 3331 πνευματικὸν
3161 3262 3449 3334 (ἑκάτερος
3477 3262 3576 3334 γάρ
3598 3263 3700 3317 ἄκν-

482 3362 827 3431 pronuntiat,
883 3361 1202 3432 parentibus
1255 3374 1514 3415 assensus
1577 3361 1662 3414 sui
1739 3360 2060 3432 suﬂragium

483 3469 597 3507 non
634 3453 959 3517 ferentibus,
990 3467 1165 3524 paena:
1195 3454 1297 3508 rite
1329 3453 1598 3508 obnoxius
1621 3464 1756 3508 esto.
1785 3453 1842 3508 Si
1877 3465 2060 3510 tamen

483 3555 764 3614 parentes,
802 3555 1089 3616 postquam
1141 3553 1273 3600 aetas
1306 3546 1601 3600 liberorum
1637 3562 1734 3615 per
1757 3548 1902 3618 leges
1941 3548 2061 3603 ido-

485 3652 589 3690 nea
617 3637 684 3692 ad
733 3637 951 3707 nuptias
996 3646 1161 3702 esset,
1195 3637 1368 3691 dilato
1406 3651 1504 3706 per
1540 3638 1757 3707 longum
1801 3643 2061 3708 temporis

485 3729 723 3794 spatium
749 3729 1022 3800 conjugio,
1050 3728 1428 3784 necessitatem
1460 3729 1568 3799 ipsi
1602 3729 1786 3784 liberis
1812 3731 2060 3799 praebue-

484 3820 620 3885 rint,
645 3821 809 3875 etiam
837 3821 1022 3876 invitis
1049 3821 1366 3892 parentibus
1403 3822 1472 3877 ad
1499 3822 1716 3892 nuptias
1737 3823 2057 3888 accedendi,

482 3920 602 3966 tum
637 3925 738 3966 nec
767 3912 912 3982 leges
935 3911 1249 3982 hujusmodi
1290 3913 1510 3983 nuptias
1536 3914 1720 3968 irritas
1750 3915 1977 3980 faciunt,
2003 3927 2060 3971 et

483 4001 578 4070 qui
610 4001 837 4058 interest
868 4004 1142 4067 sacerdos,
1184 4013 1240 4058 et
1265 4005 1346 4058 eis
1386 4005 1677 4070 benedieit,
1710 4007 1856 4060 nulla
1900 4009 2057 4077 culpa

487 4105 725 4148 tenetur.
779 4095 978 4151 Ratum
1022 4104 1204 4152 autem
1252 4098 1310 4152 fit
1359 4097 1675 4166 hujusmodi
1720 4100 2055 4171 conjugium,

480 4185 664 4254 judice
705 4202 774 4241 ex
820 4202 1000 4242 causa
1039 4187 1251 4253 notitia,
1299 4189 1604 4244 custodiam
1651 4190 1970 4252 liberorum,
2003 4203 2062 4248 et

481 4277 780 4348 legitimam
818 4279 1060 4348 ipsorum
1105 4280 1442 4334 voluntatem
1486 4281 1820 4350 improbitati
1863 4297 2061 4352 parcn-

483 4380 602 4425 tuin
635 4371 982 4441 praeferente.
1029 4373 1105 4428 De
1150 4374 1328 4442 primo
1366 4373 1549 4443 itaque
1580 4375 1916 4447 presbytero,
1959 4378 2059 4431 ista

480 4462 640 4517 nobis
671 4462 762 4533 jus
788 4464 1048 4533 suggerit.
1085 4464 1162 4519 De
1195 4464 1437 4519 secundo
1463 4476 1647 4520 autem
1697 4482 1801 4524 nec
1829 4467 2059 4538 simplex

2165 3367 2259 3420 ρον
2287 3351 2581 3419 ἀποφαίνει
2623 3353 2722 3423 τὴν
2750 3354 3061 3423 συνάφειαν,
3094 3354 3203 3410 τῶν
3232 3356 3504 3409 τεκόντων
3543 3356 3597 3408 ού
3621 3372 3699 3425 φε-

2163 3445 2366 3514 ρόντων
2393 3445 2492 3514 τὴν
2513 3445 2912 3516 ἐπιτρέπουσαν
2925 3445 3148 3518 ψῆφον),
3177 3449 3204 3501 6
3223 3448 3466 3513 τοιοῦτος
3491 3447 3700 3511 ὑπόδικος

2161 3536 2323 3590 ἔστω.
2358 3536 2424 3590 Et
2452 3537 2511 3590 δὲ
2536 3537 2645 3609 ἄρα
2676 3539 2872 3608 μακρῴ
2919 3541 3116 3610 χρόνῳ,
3156 3541 3258 3610 τῆς
3285 3541 3471 3611 γάμου
3512 3543 3700 3612 νομικῆς

2160 3629 2378 3700 ἡλικίας
2403 3631 2512 3686 τῶν
2537 3631 2746 3685 παίδων
2770 3633 3085 3704 ἐπιτηδείας
3123 3632 3314 3706 οὔσης,
3363 3635 3700 3706 ὑπερετίϐεντο

2162 3720 2213 3772 et
2241 3723 2442 3789 γονεῖς,
2478 3724 2573 3776 καὶ
2603 3723 2702 3794 τήν
2723 3725 2972 3795 ἀνάγκην
2999 3726 3156 3780 αὐτοὶ
3195 3727 3504 3799 παρέσχον,
3539 3729 3620 3781 καὶ
3645 3726 3700 3795 μὴ

2163 3810 2505 3884 βουλομένων
2530 3815 2732 3880 αὐτῶν,
2756 3816 2932 3869 ἐλθεῖν
2951 3818 3080 3881 τοὺς
3104 3819 3304 3882 παῖδας
3322 3820 3405 3882 εἰς
3422 3819 3699 3888 συνάφειαν,

2160 3905 2463 3976 τηνικαῦτα
2492 3907 2585 3959 καὶ
2605 3907 2698 3962 τὸν
2722 3908 2965 3963 τοιοῦτον
3001 3909 3179 3978 γάμον
3223 3913 3252 3963 ὁ
3289 3911 3454 3982 νόμος
3481 3915 3574 3964 οὐκ
3599 3911 3703 3966 ἀκυ-

2166 4015 2257 4067 ρον
2288 3997 2491 4069 τίθησι,
2522 3999 2618 4051 καὶ
2650 4002 2677 4052 ὀ
2700 4001 2880 4071 ίερεὺς
2912 3999 3106 4071 παρὼν
3133 4005 3226 4055 καὶ
3251 4003 3495 4071 ἁγιάζων
3517 4003 3598 4056 τὸν
3621 4001 3702 4070 γά-

2165 4107 2266 4159 μον
2314 4091 2574 4161 οὐδεμιᾶς
2619 4092 2803 4156 αἰτίας
2857 4094 3008 4146 ἐστὶν
3070 4093 3288 4164 ἔνοχος·
3328 4096 3588 4166 λαμϐάνει
3617 4095 3704 4147 δὲό

2160 4181 2401 4246 τοιοῦτος
2417 4184 2594 4253 γάμος
2621 4186 2680 4239 τὸ
2710 4185 2897 4256 κῦρος,
2929 4187 3116 4257 κριτοῦ
3141 4189 3239 4260 τήν
3266 4189 3522 4243 ὑπόθεσιν
3546 4191 3706 4256 ὲπιτη-

2164 4274 2406 4344 ροὺντος,
2453 4278 2547 4329 καὶ
2592 4277 2692 4346 τῆς
2739 4277 2851 4331 τῶν
2898 4279 3167 4333 τεκόντων
3215 4281 3573 4352 κακουργίας,
3619 4279 3706 4332 τῶν

2163 4367 2371 4422 παίδων
2396 4368 2496 4440 τὴν
2523 4368 2752 4439 φύλαξίν
2781 4388 2842 4424 τε
2872 4374 2968 4424 καὶ
2996 4372 3218 4442 ἔννομον
3251 4373 3472 4443 Θέλησιν
3508 4373 3704 4442 ἐπίπρο-

2163 4463 2292 4514 σθεν
2315 4463 2664 4532 ποιουμένου.
2710 4462 2878 4518 Ἀλλά
2920 4464 3048 4534 περὶ
3097 4465 3194 4536 μὲν
3227 4465 3322 4518 τοῦ
3371 4465 3702 4536 πρεσϐυτέρου

481 4563 566 4608 est
609 4555 995 4610 consideratio.
1028 4554 1164 4610 Nam
1215 4557 1260 4611 si
1297 4556 1546 4628 ;conjugii
1600 4559 1796 4629 prioris
1837 4559 2059 4631 ignarus

2163 4553 2335 4607 ταῦτα
2363 4554 2426 4606 τὺ
2453 4555 2664 4609 δίκαιον
2690 4556 3042 4628 ὑπαγορεύει.
3075 4557 3198 4610 Οὐδ’
3220 4560 3248 4611 6
3285 4557 3536 4630 δεύτερος
3559 4557 3609 4611 δὲ

480 4647 667 4712 fuerit,
717 4649 870 4702 nullo
895 4648 1019 4718 jure
1057 4649 1232 4718 culpae
1272 4658 1508 4704 tenetur.
1554 4629 1879 4707 Praesentia
1905 4655 2056 4727 enim

2165 4645 2358 4714 σκέψιν
2386 4645 2563 4716 ἁπλῆν
2595 4646 2931 4712 έπεδέξεται·
2956 4647 3074 4701 ἀλλ’
3098 4650 3145 4701 εί
3179 4648 3279 4719 μὲν
3307 4629 3494 4718 ἠγνόει
3525 4649 3580 4700 τὸ
3605 4645 3705 4716 πρὸ·

480 4749 770 4808 parentum
819 4741 874 4794 in
926 4741 1138 4811 nuptiis
1188 4756 1442 4812 magnum
1488 4754 1826 4798 momentum
1860 4745 1935 4799 illi
1987 4749 2058 4802 ad

482 4830 884 4886 absolutionem
937 4832 1227 4903 impendit,
1269 4833 1362 4903 qui
1395 4831 1518 4888 ideo
1556 4833 1626 4888 ad
1677 4843 2057 4892 anteactorum

481 4920 897 4989 inquisitionem
925 4939 1033 4979 non
1056 4925 1226 4991 venit,
1253 4925 1400 4996 quod
1427 4927 1714 5000 praesentia
1745 4939 2057 4997 parentum,

481 5025 546 5065 ea
579 5010 644 5065 ad
678 5027 908 5069 examen
938 5018 1182 5072 revocari
1216 5033 1327 5072 non
1357 5017 1543 5072 ferret.
1571 5018 1730 5085 Quod
1759 5019 1805 5073 si
1837 5018 2042 5076 factum

481 5101 817 5172 conjugium,
850 5115 907 5159 et
956 5119 1197 5163 secutam
1230 5109 1478 5179 copulam
1519 5110 1792 5164 carnalem
1821 5112 2059 5177 noverit,

482 5195 739 5265 quoniam
763 5197 916 5266 quasi
946 5214 1013 5254 ex
1041 5203 1387 5269 necessitate,
1427 5218 1536 5256 non
1567 5203 1776 5258 suntin
1805 5205 2059 5260 caelibatu

482 5287 801 5343 continendi
833 5291 926 5358 qui
957 5307 987 5345 a
1031 5293 1196 5360 priori
1232 5296 1487 5366 conjugio
1534 5297 1925 5364 discesserunt,
1953 5299 2058 5357 Tsed

483 5380 725 5448 legitimo
749 5381 1006 5450 conjugio
1034 5384 1328 5450 vinciendi,
1368 5403 1437 5442 ne
1462 5389 1515 5441 in
1545 5389 1908 5444 fornicatione
1933 5405 2057 5444 ver-

483 5481 694 5531 sentur,
728 5487 838 5526 non
866 5472 1087 5542 quidem
1127 5477 1193 5530 ad
1246 5476 1406 5532 finem
1443 5479 1721 5534 arcebitur
1775 5496 2057 5536 sacrorum

484 5562 775 5627 praesulatu
807 5562 900 5634 qui
932 5564 1155 5632 nuptias
1183 5571 1547 5633 consecravit,
1581 5571 1677 5625 sed
1723 5572 2058 5627 moderatio-

483 5666 572 5706 res
613 5656 873 5723 quasdam
920 5673 1109 5728 poenas
1146 5659 1371 5714 subibit.
1436 5660 1656 5717 Scilicet
1716 5665 1883 5733 quod,
1929 5680 2055 5720 cum

486 5742 656 5799 t'actas
687 5756 812 5801 ante
844 5749 1065 5820 nuptias
1097 5751 1451 5807 manifestum
1481 5761 1650 5819 esset,
1678 5771 1799 5824 qua:
1828 5756 2050 5825 quidem

2158 4753 2314 4807 τερον
2350 4738 2704 4803 συνοικέσιον,
2756 4739 3017 4808 οὐδεμίαν
3071 4739 3256 4810 ἔνοχός
3304 4743 3420 4794 ἐστι
3450 4741 3598 4809 δίκην
3625 4738 3704 4790 ὑπ·
3743 4755 3746 4764 ν

2158 4829 2333 4899 ἐχειν·
2356 4828 2465 4880 τῶν
2502 4828 2612 4900 γὰρ
2637 4831 2908 4884 τεκόντων
2931 4831 3216 4901 παρόντων
3243 4834 3357 4896 τοῖς
3397 4828 3703 4899 συναπτομέ-

2157 4938 2291 4987 νοις,
2314 4921 2484 4990 πολλὴ
2525 4922 2667 4992 ῥοπὴ
2723 4923 3026 4986 ἀοωώσεως
3052 4923 3382 4994 βραϐεύεται
3422 4923 3605 4992 τούτῳ,
3627 4917 3702 4973 τοῦ

2161 5012 2237 5083 μὴ
2269 5014 2407 5084 πρὸς
2435 5013 2661 5085 ἔρευναν
2683 5015 2791 5067 τῶν
2823 5017 3237 5086 προγεγονότων
3267 5011 3702 5086 καταστῆναι,καὶ

2159 5105 2463 5173 λογοθετεῖν
2514 5105 2551 5160 ἂ
2597 5109 2628 5176 ή
2662 5106 2938 5176 παρουσία
2982 5109 3092 5162 τῶν
3113 5108 3385 5162 τεκόντων
3426 5106 3698 5176 λογοθετεῖν

2157 5197 2259 5250 οὑκ
2314 5197 2506 5251 ἐδίδου.
2560 5198 2622 5250 Et
2651 5199 2708 5252 δὲ
2735 5199 2852 5270 ⁴ᾔδει
2895 5201 2993 5270 μὲν
3053 5203 3534 5273 προγεγενημένην
3595 5216 3698 5252 συν-

2159 5291 2378 5359 αφείαν,
2401 5293 2494 5345 καὶ
2512 5291 2592 5344 ὅτι
2607 5293 2886 5363 σαρκικῶς
2906 5295 3190 5366 ὡμίλησαν
3201 5296 3474 5368 ἀλλήλοις,
3495 5293 3605 5349 ἐπεὶ
3620 5291 3700 5360 οὐχ

2157 5376 2271 5435 οἷον
2298 5383 2359 5435 τέ
2391 5385 2508 5436 ἐστι
2541 5384 2868 5448 διαστάντας
2897 5387 2997 5456 τῆς
3035 5389 3306 5460 προτέρας
3336 5388 3604 5456 συζυγίας,
3650 5383 3698 5446 ἐξ

2157 5474 2407 5545 ἀνάγκης
2437 5475 2582 5538 τινὸς
2610 5476 2861 5545 ἀγάμους
2912 5479 3188 5548 κατέχειν,
3244 5480 3356 5532 ἀλλ’
3386 5481 3418 5550 ἢ
3453 5476 3698 5550 πορνείαις

2156 5563 2686 5634 ἐκδιαιτηθήσονται,
2719 5565 2994 5638 ἢνομίμῳ
3021 5568 3187 5638 γάμῳ
3225 5568 3533 5638 δοθήσονται
3556 5581 3569 5597 '
3620 5579 3694 5616 τε·

2155 5655 2317 5718 λείως
2353 5658 2452 5726 μὲν
2484 5658 2513 5708 6
2543 5658 2783 5726 ἁγιάσας
2817 5659 2908 5714 τὸν
2941 5659 3120 5730 γάμον
3147 5661 3210 5712 οὐ
3249 5659 3575 5714 πεπαύσεται
3617 5651 3696 5721 τῆς

2158 5754 2464 5824 ίεραρχίας,
2500 5756 2802 5827 ἐπιτιμίοις
2833 5757 2892 5810 δέ
2923 5773 3033 5811 τισι
3074 5757 3459 5831 μετριωτέροις
3496 5750 3693 5818 ὑποϐλη-
