3930 6492
245 409 332 470 793

1357 415 1905 478 EPISTOLARUM
1940 417 2173 476 LIBER
2212 417 2263 477 Ι.

3346 416 3457 481 ’794

244 521 431 592 θήσεται
451 538 465 554 ο
492 523 574 577 ὅτι
593 523 651 577 δὲ
674 525 771 595 τῆς
795 528 1276 598 προγεγενημένης
1298 530 1594 598 συναφείας
1620 545 1776 599 περι-

1895 526 2264 581 Γοηιίοιιιὶοιιίε
2302 526 2507 580 crimen
2560 527 2792 580 evadere
2835 541 2943 580 non
2983 537 3232 596 possunt,
3279 544 3450 584 ausus

243 613 548 684 φανεστάτης
573 616 901 686 γενομένης,
932 618 992 670 τὸ
1021 618 1078 670 δὲ
1107 621 1204 688 τῆς
1235 621 1492 690 πορνείας
1522 619 1774 690 ἔγκλημα

245 704 308 774 μὴ
328 705 728 778 διαφευγούσης,
756 711 1054 778 ἐτόλμησεν
1075 707 1250 775 οὗτος,
1266 713 1392 775 τοὺς
1413 713 1505 764 ἐπὶ
1520 713 1776 783 προδήλῳ

242 797 326 867 τῆς
355 799 617 870 ἁμαρτίας
649 801 954 872 ἐγκλήματι
983 804 1232 867 ἁλόντας,
1264 806 1339 868 ὡς
1375 805 1652 876 καθαροὺς
1682 806 1778 859 καὶ

241 889 552 959 ἀμέμπτους,
575 893 670 962 τῆς
701 895 981 965 ἱερατικῆς
1007 896 1236 960 ἀξιῶσαι
1259 896 1524 966 εὐλογίας,
1550 899 1642 951 καὶ
1665 900 1779 961 τοῖς

244 981 334 1031 τῶν
359 982 631 1052 παρθένων
663 986 968 1053 στεφάνοις,
999 988 1126 1050 τούς
1175 987 1381 1058 ταύτην
1429 989 1618 1050 κακῶς
1653 991 1779 1042 ἀπο·

245 1069 472 1139 θεμένους
507 1075 800 1144 κοσμῆσαι.
860 1074 922 1128 El
961 1076 1143 1146 μέντοι
1192 1078 1409 1149 εὐδοκία
1439 1079 1548 1132 τῶν
1577 1080 1780 1148 γονέων

241 1163 470 1232 ὀπρῶτος
498 1165 673 1235 γάμος
696 1167 933 1235 ἐγένετο,
960 1165 1076 1222 εἶτα
1105 1170 1149 1222 δ’
1169 1169 1402 1238 ἔστησαν
1429 1172 1777 1240 παραλόγως,

237 1253 266 1303 ὁ
292 1254 377 1320 μὲν
402 1255 614 1320 πρῶτος
639 1258 1012 1329 πρεσϐύτερος
1040 1262 1320 1325 παντελῶς
1347 1262 1410 1314 τὸ
1455 1261 1784 1333 ἡθωωμένον

237 1340 367 1408 ἔξει·
396 1346 422 1398 ὀ
453 1345 724 1417 δεύτερος,
779 1349 892 1402 εἴτε
953 1351 1208 1421 παρῆσαν
1238 1353 1287 1404 οἱ
1310 1354 1508 1420 γονεῖς,
1545 1353 1656 1405 εἴτε
1682 1355 1782 1423 μὴ,

235 1435 621 1507 ζημιωθήσεται
676 1441 776 1511 τὴν
832 1441 1155 1513 ἱερωσύνην.
1221 1444 1529 1512 Ἔκθεσμον
1553 1444 1660 1514 γὰρ
1689 1445 1785 1497 καὶ

233 1527 528 1596 παράνομον
561 1528 877 1598 συνάφειαν,
905 1529 1031 1586 οὐτε
1065 1532 1346 1595 σύννευσις
1384 1534 1480 1585 καὶ
1512 1535 1786 1604 παρουσία

231 1617 486 1688 πατέρων,
552 1619 679 1672 οὐτε
739 1621 1022 1686 ἁνάνευσις
1074 1625 1168 1676 καὶ
1207 1625 1465 1686 ἀπουσία,
1521 1624 1786 1695 οὐμενοῦν

227 1701 462 1757 ἀθώωσιν
489 1705 588 1776 τῆς
607 1705 962 1777 βεϐηλώσεως
985 1710 1086 1763 οὐκ
1110 1709 1177 1763 ἂν
1201 1713 1539 1784 μεταστήσῃ.

816 1803 1040 1856 ΕΠΙΣΤ.
1070 1805 1194 1859 KA'.

229 1887 313 1955 Τῷ
360 1891 812 1962 θεοφιλεστάτῳ.
865 1895 1166 1964 ὁσιωτάτῳ
1185 1937 1200 1962 ,
1248 1897 1534 1966 ἱερωτὰτῳ
1592 1899 1792 1968 ἀρχιε-

286 1981 384 2049 ρεῖ
404 1983 643 2053 ἀδελφῷ
673 1986 772 2040 καὶ
806 1986 1276 2057 συλλειτουργῷ,
1321 1989 1402 2054 τῷ
1449 1993 1790 2060 θαυμασιω-

288 2073 434 2140 τάτῳ
475 2078 575 2129 καὶ
620 2079 972 2146 περιωνύμῳ
1013 2079 1466 2149 ἀρχιεπισκόπῳ
1521 2083 1624 2137 καὶ
1670 2101 1788 2154 μη-

291 2168 608 2238 τροπολίτῃ
697 2172 1012 2237 Ἀκυλειας
1037 2211 1052 2236 ,
1137 2171 1355 2238 Φώτιος
1427 2175 1577 2239 ἐλέῳ
1639 2178 1788 2233 Θεοῦ

284 2257 748 2328 ἀρχιεπίσκοπος
769 2265 1461 2332 Κωνσταντινουπόλεως
1476 2266 1620 2334 νέας
1653 2269 1790 2322 Ῥώ-

279 2369 396 2420 μης
423 2353 519 2406 καὶ
549 2357 960 2421 οὶκουμενικός
989 2356 1090 2428 (1).

1876 619 1944 672 sit
1992 633 2088 672 eos
2131 618 2224 688 qui
2275 617 2520 688 flagranti
2564 619 2776 687 peccati
2821 619 3052 673 crimine
3104 621 3458 690 tenebantur,

1890 717 2146 777 tanquam
2179 724 2346 777 puros
2392 717 2446 762 et
2475 709 2802 778 inculpatos,
2855 709 3179 765 sacerdotali
3227 714 3455 768 benedi-

1877 798 2027 852 tione
2059 797 2290 868 dignari,
2321 808 2375 852 et
2405 799 2732 868 virginitatis
2781 801 3020 864 coronis,
3049 816 3144 856 eos
3172 802 3264 871 qui
3289 804 3463 872 ipsam

1879 886 2021 940 male
2043 887 2410 956 deposuerant
2451 903 2666 943 ornare.
2699 889 2856 953 Quod
2887 889 2933 944 si
2962 891 3113 959 prius
3149 893 3464 963 conjuginm

1881 992 1947 1031 ex
1996 991 2227 1030 assensu
2269 987 2554 1046 parentum
2611 980 2960 1046 processerit,
3019 996 3048 1033 a
3098 998 3207 1050 quo
3240 983 3462 1047 deinde,

1881 1077 2080 1139 praeter
2115 1070 2402 1133 rationem,
2441 1070 2816 1135 discesserint,
2876 1071 3029 1140 prior
3066 1073 3286 1142 quidem
3334 1090 3464 1143 pre—

1883 1159 2068 1229 sbyter
2101 1160 2279 1214 omnis
2307 1161 2481 1230 culpae
2518 1162 2860 1216 absolvetur:
2894 1165 3188 1228 secundus,
3227 1166 3342 1220 sive
3377 1166 3467 1220 in-

1889 1250 2180 1305 terfuerint
2211 1262 2485 1321 parentes,
2542 1254 2656 1308 sive
2693 1269 2827 1318 non,
2878 1257 3184 1310 sacerdmio
3233 1257 3469 1311 excidet.

1882 1339 2018 1395 Nam
2051 1343 2290 1397 alienum
2319 1360 2350 1398 a
2399 1345 2611 1414 legibus
2645 1346 2821 1402 sacris
2875 1347 3212 1418 conjugium,
3247 1365 3350 1402 nec
3375 1349 3472 1403 ab-

1886 1433 2061 1485 sentia
2093 1441 2144 1486 et
2178 1433 2462 1490 dissensus
2500 1444 2791 1504 parentum
2824 1435 2977 1501 facit,
3030 1453 3134 1492 nec
3171 1439 3468 1508 praesentia

1886 1530 1944 1575 et
1997 1537 2280 1591 assensus,
2318 1534 2412 1580 aut
2475 1529 2621 1596 quod
2675 1527 3022 1598 profanatum
3068 1538 3153 1584 est
3191 1529 3470 1584 sanctitati

1886 1613 2150 1670 restituit.

2444 1816 2662 1872 EPIST.
2711 1817 2912 1874 XXIV.

1891 1910 1999 1964 Deo
2048 1911 2354 1967 charissima
2379 1953 2394 1978 ,
2429 1917 2800 1982 sanctissimo,
2852 1920 3215 1972 sacratissimo
3257 1919 3473 1986 pra’suli

1958 2005 2114 2071 fratri
2143 2014 2190 2058 et
2213 2008 2588 2070 comministro,
2613 2011 2756 2062 omni
2785 2009 3141 2065 admiratione
3165 2011 3472 2081 dignissimo

1960 2097 2211 2167 famaque
2257 2099 2550 2154 clarissimo
2599 2102 2987 2172 archiepiscopo
3033 2112 3081 2156 et
3128 2101 3474 2170 metropolita:

1957 2190 2231 2258 Aquileiw,
2281 2191 2498 2246 Photius
2546 2193 2642 2246 Dei
2680 2195 3016 2247 miseratione
3053 2195 3473 2263 archiepiscopus

1960 2283 2438 2353 Constantinopolis
2469 2300 2614 2337 nova:
2649 2284 2827 2337 Romae
2853 2295 2900 2339 et
2925 2286 3292 2343 mcumenicus.

702 2447 845 2498 Edita
867 2463 893 2498 a
916 2451 1208 2502 Combeﬂsio
1245 2452 1404 2516 (Auct.
1433 2453 1655 2514 Noviss.,
1681 2471 1727 2520 p.
1761 2459 1872 2522 527,
1893 2466 1949 2511 et
1974 2462 2142 2523 Jager,
2177 2459 2393 2511 Histoire
2418 2461 2480 2510 de
2503 2461 2727 2518 Photius,
2753 2476 2802 2524 p.
2826 2462 2958 2524 452).

283 2534 360 2588 Α’.
378 2535 446 2588 Τὸ
472 2536 570 2606 μὲν
595 2539 695 2609 τῆς
717 2539 849 2609 παρ’
877 2539 1032 2610 ὑμῶν
1055 2542 1457 2611 μακαριότητος
1485 2546 1786 2615 ἀφιγμένον

206 2626 442 2697 γράμμα
473 2628 638 2696 ἡμῖν,
676 2629 867 2698 πρῶτα
902 2631 1000 2700 μὲν
1025 2632 1428 2702 ἐχαρακτήριζε
1460 2632 1557 2705 τὴν
1583 2635 1787 2705 ταύτης

209 2717 358 2772 κατὰ
383 2718 512 2772 Θεὸν
548 2719 776 2790 γνώμην
794 2760 810 2786 ,
843 2723 938 2774 καὶ
965 2721 1026 2774 τὺ
1055 2722 1278 2792 φίλτρον
1307 2723 1402 2776 τοῦ
1433 2724 1746 2794 πνεύματος
1768 2766 1784 2791 ,

208 2809 292 2871 ὡς
314 2809 452 2881 μέγα
473 2827 533 2863 τε
555 2804 640 2880 εἵη
662 2813 756 2864 καὶ
778 2811 1002 2884 ὑψηλὸν,
1025 2813 1120 2865 καὶ
1146 2815 1660 2884 ὐπερανῳκισμένον
1685 2817 1787 2884 τῆς

207 2902 322 2956 τῶν
359 2903 568 2956 πολλῶν
615 2907 1030 2969 καταστάσεως·
1085 2905 1274 2960 ἔπειτα
1317 2905 1374 2960 δὲ
1422 2908 1517 2961 καὶ
1551 2907 1610 2972 ὃς
1655 2909 1786 2962 αὐτὸ

207 2995 603 3066 ὲνεκεχείριστο
637 2997 830 3050 τούτου
861 2997 959 3049 τοῦ
998 2998 1142 3069 ἱεροῦ
1180 2999 1372 3069 ἀνδρὸς
1401 3000 1503 3070 τήν
1531 3017 1590 3052 τε
1619 3001 1786 3069 ἄλλην

206 3086 410 3154 ἀρετὴν
435 3088 531 3140 καὶ
573 3087 788 3141 σύνεσιν
811 3128 826 3151 ,
857 3089 952 3141 καὶ
978 3088 1041 3142 τὸ
1077 3088 1220 3142 κατὰ
1259 3089 1500 3143 διάνοιαν
1530 3091 1788 3154 εὐσταθὲς

211 3193 273 3231 τε
301 3179 394 3230 καὶ
414 3179 765 3250 δραστήριον·
795 3179 862 3232 δι’
887 3173 964 3233 ὧν
987 3179 1064 3243 ὡς
1087 3179 1156 3231 δι’
1177 3180 1446 3250 ἐσόπτρου
1475 3180 1573 3251 τὴν
1600 3182 1791 3251 ὐμετέ-

213 3285 316 3337 ραν
346 3269 495 3341 ἱερὰν
523 3270 614 3324 καὶ
650 3271 970 3339 θεοτίμητον
999 3269 1278 3338 ὁσιότητα,
1312 3271 1413 3322 ὅσα
1440 3270 1502 3323 τὸ
1526 3270 1786 3341 γράμμα,

1959 2551 1998 2604 Ι.
2041 2549 2173 2616 Quae
2202 2550 2268 2604 ad
2303 2565 2404 2603 nos
2432 2561 2700 2605 venerunt
2726 2550 3082 2606 beatitudinis
3105 2560 3299 2606 vestrm
3326 2549 3476 2605 litte-

1885 2653 1979 2699 rte,
2015 2639 2252 2706 primum
2279 2638 2498 2706 quidem
2548 2639 2669 2707 ejus
2715 2640 2963 2711 religiosa
2999 2641 3198 2710 pietate
3229 2648 3474 2695 mentem

1883 2739 2032 2784 certa
2077 2730 2224 2783 velut
2278 2739 2406 2783 nota
2461 2730 2847 2801 obsignabant,
2888 2732 3222 2802 spiritusque
3273 2731 3476 2786 amoris

1889 2814 2024 2878 vim,
2079 2828 2242 2882 quam
2281 2828 2474 2884 magna
2507 2815 2575 2868 sit
2601 2823 2656 2867 et
2686 2815 2920 2879 excelsa,
2943 2825 2998 2868 et
3030 2815 3326 2884 vulgarium
3372 2815 3479 2867 ho-

1888 2904 2099 2960 minum
2149 2905 2520 2960 conditionem
2573 2916 2817 2976 superet,
2859 2905 3212 2961 exhibebant.
3270 2905 3478 2960 Deinde

1888 3011 2020 3058 vero
2048 2995 2238 3060 etiam,
2269 2997 2355 3051 cui
2394 2997 2500 3051 illa).
2543 2998 2766 3053 creditae
2798 3007 2972 3060 erant.
3001 2999 3142 3053 sacri
3175 2999 3334 3067 hujus
3375 2997 3481 3052 viri

1889 3103 2011 3143 cum
2053 3089 2290 3158 reliquas
2326 3089 2557 3144 virtutes
2591 3105 2654 3144 ac
2697 3090 3086 3158 prudentiam,
3120 3098 3233 3143 tum
3277 3087 3484 3144 mentis

1888 3182 2253 3236 constantiam
2308 3196 2374 3236 ac
2406 3180 2706 3246 solertiam,
2736 3195 2834 3250 per
2866 3196 3006 3250 quae,
3036 3190 3096 3234 ut
3127 3197 3224 3249 per
3278 3195 3482 3249 specu~

1887 3271 2026 3336 lum,
2079 3286 2291 3326 sacram
2322 3281 2558 3325 vestram
2606 3271 2824 3339 Deoque
2868 3271 3235 3325 venerabilem
3283 3271 3484 3326 sancti-

209 3355 300 3415 οἷα
327 3361 388 3432 δὴ
420 3363 655 3434 γράμμα
674 3403 689 3426 ,
720 3363 1056 3433 παρέτρεχε,
1101 3361 1344 3434 καθορᾷν
1389 3364 1653 3433 παρεῖχεν
1683 3363 1783 3433 ἑμ-

1895 3373 2076 3427 latem,
2133 3379 2470 3434 quacunque
2529 3364 2661 3434 ipsa:
2727 3364 2922 3419 littera:
2978 3363 3203 3434 (quippe
3258 3362 3477 3435 littera?)

211 3454 541 3526 φανέστερόν
571 3473 631 3508 τε
662 3457 756 3508 καὶ
788 3454 1116 3524 τελεώτερον
1137 3470 1153 3486 ο
1187 3455 1282 3507 καὶ
1314 3453 1407 3506 ἐπὶ
1443 3456 1556 3516 τοῖς
1584 3453 1788 3524 ταύτης

209 3546 636 3616 κατορθώμασιν
672 3548 896 3617 ἥδεσθαι
931 3549 1024 3602 καὶ
1050 3546 1513 3617 κατατέρπεσθαι.
1543 3549 1654 3600 Καὶ
1676 3551 1787 3616 γὰρ

203 3635 427 3706 εἴδομεν
450 3637 620 3710 ἄνδρα
650 3639 860 3692 συνέσει
894 3638 992 3710 μὲν
1024 3637 1224 3707 μᾶλλον
1251 3637 1284 3708 ἤ
1313 3640 1381 3709 τῇ
1405 3638 1566 3707 πολιᾷ
1587 3654 1788 3705 σεμνυ-

1892 3456 2054 3508 missa
2106 3456 2414 3521 faciebant;
2468 3455 2670 3510 clarius
2713 3455 3121 3525 perfectiusque
3169 3455 3478 3526 pervidere,

1889 3548 2170 3618 ipsiusque
2204 3548 2467 3602 virtutum
2498 3547 2875 3618 magnitudine
2906 3549 3186 3613 delectari,
3218 3548 3482 3602 nimium-

1887 3655 1993 3708 que
2035 3639 2292 3711 gauderc,
2344 3640 2661 3710 przestabat.
2707 3637 2958 3694 Vidimus
3004 3640 3152 3694 enim
3199 3639 3480 3694 hominem

1719 3777 1954 3834 NOT/E.

279 3869 362 3936 (l)
406 3869 588 3924 Edidit
643 3869 939 3931 Baronius,
970 3887 1114 3926 anno
1154 3871 1294 3934 883,
1322 3885 1387 3925 ex
1430 3868 1783 3925 Vallicellana

193 3939 555 4003 Bibliotheca,
587 3940 847 3994 Federico
875 3940 1034 3995 Metto
1063 3943 1359 4010 interprete
1391 3959 1403 3994 :
1437 3941 1492 3994 in
1518 3951 1624 4008 qua
1661 3942 1785 3995 red-

195 4013 394 4067 denda
435 4020 626 4066 auctor
664 4019 748 4066 est
795 4011 1110 4082 diligentem
1154 4027 1376 4082 cperam
1425 4010 1784 4066 adhibuisse:

197 4083 443 4152 ipseque
475 4098 688 4136 veneno
722 4097 969 4151 aspersze
1005 4083 1271 4152 epistolae,
1309 4083 1539 4136 solerter
1559 4097 1631 4152 ac
1659 4096 1790 4136 eru—

193 4151 323 4206 dite
395 4153 703 4206 antidotum
763 4153 1004 4221 paravit;
1044 4151 1351 4207 ostendens
1394 4168 1558 4221 quam
1613 4151 1788 4206 futilia

192 4222 422 4286 Photii,
459 4221 654 4290 quibus
687 4223 776 4276 hic
801 4223 1113 4292 juveniliter
1145 4223 1410 4284 exsultat,
1445 4232 1786 4292 argumenta.

187 4292 359 4347 Nihil
393 4308 524 4362 ergo
555 4307 778 4346 necesse
813 4301 1079 4362 repetere,
1112 4293 1229 4346 viro
1259 4293 1418 4346 docto
1440 4293 1647 4362 melius
1697 4307 1791 4345 oc-

188 4373 435 4430 cupata.
466 4361 689 4426 ’Graeca,
733 4361 884 4416 cum’
917 4362 1296 4417 desiderentur
1342 4362 1396 4414 in
1436 4361 1788 4428 Montacutio,

182 4435 447 4501 aliisque
480 4433 657 4485 Photii
691 4431 938 4500 epistolis
967 4433 1161 4497 editis,
1204 4432 1337 4486 libet
1368 4431 1458 4486 hic
1487 4446 1792 4500 repraesen-

1881 3873 2155 3944 aspirante
2189 3889 2255 3941 ac
2281 3873 2754 3944 Christianissimo
2781 3888 2910 3944 rege
2954 3888 3184 3942 semper
3234 3870 3479 3937 Victore,

1883 3944 2030 4013 regia
2078 3943 2296 4012 Lupara
2340 3943 2594 3997 Historia:
2627 3943 2936 4012 Byzantina:
2989 3958 3131 4013 pene
3160 3948 3477 4013 necessario

1886 4011 2307 4084 supplemento.
2365 4029 2489 4068 cum
2546 4011 2732 4084 Leone
2772 4011 3029 4084 diacono
3091 4021 3145 4066 et
3203 4011 3478 4068 Michaele

1886 4083 2065 4138 Psello
2096 4084 2308 4152 regium
2337 4098 2465 4136 vere
2496 4083 2782 4152 multiplici
2813 4083 2971 4136 titulo
3015 4091 3434 4136 monumentum
3457 4125 3474 4148 ,

1885 4155 2026 4224 juris
2060 4154 2266 4224 publici
2301 4153 2448 4222 regia
2494 4153 2872 4224 muniﬁcentia
2905 4152 3102 4224 faciat;
3137 4168 3208 4206 ne
3241 4152 3343 4224 sibi
3384 4169 3482 4218 per

1893 4221 2076 4279 moras
2107 4221 2487 4286 Batavus,’aut
2510 4239 2645 4294 gens
2668 4223 2793 4294 alia,
2821 4238 2940 4294 eam
2972 4223 3198 4294 gloriam
3229 4221 3426 4294 rapiat.

1963 4295 2196 4357 Titulus,
2227 4303 2289 4347 ut
2324 4291 2685 4361 repraesentat
2729 4291 3016 4355 Baronius,
3057 4292 3189 4361 quin
3219 4293 3290 4346 sit
3329 4293 3478 4346 anti-

1895 4365 2072 4434 quarii
2105 4381 2272 4418 manu
2299 4364 2566 4433 genioque
2595 4363 2886 4434 ascriptus,
2913 4363 3029 4416 sive
3055 4363 3220 4434 etiam
3255 4378 3284 4416 a
3314 4361 3477 4416 Metio

1894 4432 1968 4490 ita
2020 4432 2389 4504 compositus,
2452 4447 2561 4486 non
2616 4448 2646 4486 a
2715 4433 2907 4504 l’hotio
2955 4432 3329 4504 perscriptus,
3385 4447 3474 4486 res

185 4500 364 4568 tare,
389 4502 890 4576 Ineo_ipsius_‘stylo
916 4503 1160 4576 reddita_;
1197 4503 1496 4576 paucisque
1542 4503 1791 4576 quanth
1823 4517 1869 4576 ι)
1897 4506 2043 4559 clara
2065 4500 2190 4559 est‘:
2217 4519 2340 4558 cum
2383 4503 2519 4557 nihil
2550 4503 2858 4576 epistolaris
2896 4504 3081 4576 forma}.
3119 4500 3336 4565 habeat,
3369 4516 3478 4569 qua

177 4589 311 4642 que
365 4571 606 4642 sulﬁxis.
643 4571 841 4641 quibus
876 4588 985 4625 non
1038 4572 1170 4642 satis
1204 4572 1334 4625 mihi
1373 4572 1615 4642 probata?
1641 4571 1790 4642 Μειίί

179 4641 355 4713 (viri
411 4641 543 4713 alias
579 4642 762 4710 docti)
808 4643 1010 4713 versio.
1046 4641 1163 4696 Non
1197 4642 1329 4713 satis
1359 4641 1578 4713 videtur
1606 4641 1796 4713 haberi

176 4711 259 4766 ex
307 4713 423 4766 hac
451 4711 678 4780 epistola
708 4712 1114 4780 Aquileiensem
1148 4711 1620 4780 archiepiscopum
1653 4711 1795 4780 (etsi

179 4781 666 4843 Schismaticum,
703 4796 878 4850 eoque
906 4783 1129 4836 nomine
1160 4782 1351 4835 Photio
1379 4781 1604 4849 perinde
1634 4780 1796 4835 Schi-

173 4853 451 4907 smatico
491 4850 738 4915 charum,
773 4853 1047 4920 tantisque
1079 4868 1143 4906 ac
1184 4851 1410 4904 fumosis
1441 4851 1692 4905 laudibus
1725 4853 1796 4906 ab

172 4939 256 4978 eo
296 4923 674 4991 celebratum)
711 4922 765 4974 in
801 4925 903 4976 hoc
931 4922 1100 4991 ipsius
1129 4937 1314 4975 errore
1348 4921 1538 4982 fuisse,
1569 4922 1637 4974 de
1671 4937 1796 4989 pro-

168 4993 476 5046 cessione
523 4989 763 5060 Spiritus
809 4989 983 5046 sancti
1013 5007 1044 5045 a
1088 4991 1204 5044 solo
1242 4991 1442 5045 Patre:
1475 4991 1615 5044 nihil
1645 5000 1794 5046 certe

162 5062 450 5116 Photius
479 5062 743 5127 ejusmodi
783 5062 1014 5127 indicat,
1049 5062 1144 5116 sed
1171 5061 1226 5114 in
1261 5077 1386 5114 eum
1420 5061 1639 5114 trahere
1674 5070 1794 5115 stu-

159 5133 286 5187 det.
326 5131 460 5201 ipsa
508 5135 608 5185 hac
659 5133 909 5200 epistola,
944 5146 1014 5185 ne
1045 5141 1194 5184 tanta
1229 5130 1400 5185 virtus
1431 5147 1497 5184 ex
1533 5132 1652 5199 ejus
1677 5133 1795 5200 epi-

158 5203 342 5257 stola
383 5217 453 5254 ac
479 5201 641 5271 legati
669 5218 899 5271 persona
921 5201 975 5254 in
1001 5217 1067 5256 eo
1094 5201 1457 5269 deprehensa,
1483 5216 1669 5256 errore
1696 5204 1794 5254 de-

162 5281 354 5327 tecto
400 5271 580 5325 Photii
611 5272 871 5326 doctrime
897 5273 1044 5334 luce,
1083 5272 1343 5338 deinceps
1380 5271 1432 5324 in
1457 5285 1524 5324 eo
1550 5280 1791 5337 nutaret,

154 5358 327 5396 cum
376 5343 650 5396 hactenus
689 5358 754 5396 ex
805 5353 1068 5410 occupata
1097 5341 1354 5410 Opinione
1380 5357 1444 5395 ac
1485 5341 1793 5410 ignorantia

153 5413 502 5467 videretur
532 5411 702 5466 venire
748 5409 958 5480 aliquid
995 5411 1272 5465 habuisse.
1307 5409 1434 5480 Haec
1459 5409 1588 5465 mihi
1612 5411 1792 5468 Photii

149 5499 369 5536 mens
397 5521 412 5544 ,
451 5496 626 5549 eoque
671 5479 896 5537 trahunt
941 5482 1084 5535 illius
1118 5481 1302 5536 verba.
1349 5479 1558 5535 Tantus
1586 5483 1794 5536 scilicet

145 5553 462 5609 hominis
518 5552 690 5606 fastus
744 5567 810 5607 ac
851 5551 1147 5620 jactautia;
1195 5551 1349 5604 velut
1381 5567 1522 5604 unus
1552 5551 1670 5619 ipse
1709 5553 1792 5606 sol

142 5631 383 5684 esset,
432 5638 500 5677 ac
544 5622 764 5677 lucerna
817 5621 1168 5692 dispellendis
1206 5621 1490 5692 quibusvis
1543 5637 1792 5676 errorum

141 5693 465 5748 tenebris
493 5707 746 5746 accensa.
769 5691 1148 5761 Ejus’technas
1169 5691 1445 5761 nialasque
1470 5699 1636 5756 artes,
1666 5707 1794 5747 cum

130 5763 269 5818 alii
316 5762 618 5831 prosecuti
647 5771 796 5823 sunt.
815 5760 1001 5818 Graeci
1033 5760 1268 5831 aequales
1309 5769 1402 5814 aut
1433 5776 1624 5830 parum
1657 5777 1792 5830 sup-

132 5847 394 5905 pares,
430 5841 553 5890 tum
582 5847 736 5888 meus
762 5832 1082 5906 Logotheta,
1122 5835 1168 5888 si
1192 5831 1412 5902 quando
1449 5847 1581 5902 pace
1611 5832 1793 5889 lenius

1896 4587 2089 4629 auctor
2119 4576 2358 4628 amicum
2402 4574 2702 4628 convenire
2733 4574 2872 4627 solet
2899 4581 2955 4626 et
2994 4573 3232 4625 salutare
3266 4590 3280 4625 :
3315 4586 3476 4624 secus

1895 4661 2057 4712 quem
2088 4645 2369 4698 meliorem
2401 4643 2773 4712 producimus,
2809 4642 2863 4696 in
2895 4658 3005 4710 quo
3036 4656 3304 4695 summam
3335 4640 3478 4712 adu-

1895 4709 2178 4778 lationem,
2209 4730 2274 4769 ex
2305 4709 2425 4782 ipso
2477 4713 2662 4766 limine
2683 4755 2696 4776 ,
2724 4709 3179 4780 prodit’Photius,
3204 4709 3477 4782 ostendit-

1894 4800 2020 4854 que,
2055 4794 2114 4838 ut
2149 4795 2205 4838 et
2238 4779 2484 4852 seq—uenti
2505 4779 2752 4854 exordio,
2783 4797 3044 4854 quamea
3075 4790 3193 4854 arte
3227 4779 3477 4854 polleret,

1897 4848 1957 4908 ut
1986 4855 2123 4908 nihil
2149 4848 2348 4908 mirum
2373 4854 2524 4906 sitea
2552 4848 2862 4920 Obrepsisse
2894 4853 3128 4920 primum
3150 4849 3336 4901 Bardae
3359 4848 3480 4902 (Iae-

1895 4926 2023 4985 sari,
2057 4937 2112 4979 et
2140 4940 2235 4992 per
2263 4939 2409 4985 euut,
2448 4924 2710 4992 lgnatium
2761 4923 2890 4975 sede
2919 4921 3477 4992 dcpulisse,_tumque

1894 4995 2091 5049 Basilio
2121 4987 2423 5053 Macedoni,
2458 4987 2516 5046 ut
2566 4992 2691 5045 licet
2738 4987 3019 5055 amotum,
3070 4990 3198 5042 dmn
3232 4987 3479 5057 lgnatius

1896 5066 2124 5130 viveret,
2158 5067 2211 5118 in
2256 5063 2452 5132 palatio
2500 5071 2680 5114 tamen
2727 5061 2990 5129 deinceps
3024 5060 3231 5124 aleret,
3277 5059 3482 5113 libero-

1894 5149 2126 5203 rumque
2176 5148 2396 5188 suorum
2445 5132 2755 5203 educationi
2814 5134 3122 5203 przeliceret
3146 5144 3210 5182 ac
3239 5143 3304 5203 eo
3342 5144 3481 5182 con-

1893 5199 2187 5268 summato,
2236 5204 2288 5256 in
2326 5203 2536 5262 sedem,
2585 5202 2744 5269 cujus
2769 5199 2979 5256 nefarie
3019 5200 3240 5254 invasor
3268 5199 3477 5259 fuerat,

1893 5276 2232 5338 sublimaret,
2266 5288 2526 5340 omnique
2573 5287 2799 5341 prorsus
2837 5272 3121 5340 indignum
3171 5269 3480 5323 sacerdotio

1893 5343 2206 5409 hominem,
2238 5359 2513 5397 summum
2572 5343 2734 5412 regite
2772 5341 2924 5394 urbis
2959 5341 3246 5412 praesulem
3279 5347 3335 5392 ct
3365 5353 3482 5412 _pa-

1896 5407 2200 5477 triarchani
2238 5415 2414 5488 vellet,
2472 5407 2681 5480 suaque
2702 5407 3033 5488 auctoritate
3059 5410 3325 5464 Joannem
3365 5407 3480 5488 lte-

1895 5500 2118 5538 manum
2157 5484 2492 5553 pontiﬁcem,
2522 5497 2634 5536 non
2664 5484 2798 5536 satis
2825 5498 2890 5536 ex
2918 5481 3267 5536 decessorum
3293 5481 3481 5553 ponti-

1894 5555 2055 5608 ficum
2077 5547 2319 5608 moribus
2345 5553 2500 5605 ﬁrmo
2523 5562 2766 5621 pectore,
2787 5553 2843 5606 in
2861 5565 3190 5605 consensum
3211 5547 3480 5621 traheret,

1892 5634 1948 5679 et
1975 5634 2033 5678 ut
2081 5626 2196 5693 ipse
2235 5623 2440 5692 pariter
2469 5617 2595 5677 eum
2629 5623 2998 5691 patriarcham
3030 5617 3481 5693 probaret,__dum

1895 5687 2116 5749 tandem
2155 5687 2262 5747 Leo
2293 5693 2357 5759 ν,
2385 5687 2659 5748 exstincto
2699 5703 2875 5760 patre.
2911 5687 3108 5746 iterum
3144 5690 3198 5741 in
3228 5687 3482 5743 ordinem

1891 5775 2134 5837 cogeret,
2163 5764 2323 5836 eique
2352 5765 2580 5820 fratrem
2607 5778 2770 5821 suum
2802 5763 3147 5833 subrogaret.
