3930 6432
537 356 646 420 795

1712 360 1975 422 ΡΙῙΟΤΙΙ
2014 362 2517 426 PATRIARCHIE
2552 368 2660 429 CP.

3631 359 3728 449 ’τρο

539 464 831 538 prudentia
861 465 1032 538 magis
1059 480 1224 535 quam
1256 465 1456 520 canitie
1508 469 1880 522 venerandum
1909 487 1924 524 :
1952 470 2122 524 virtu-

2245 475 2706 546 νόμενον·,ἀρεταίς
2731 476 2788 530 δὲ
2817 476 2914 530 οὔκ
2943 477 3183 543 ἔλαττον,
3211 482 3246 551 ἢ
3277 483 3478 538 συνέσει
3501 491 3727 547 ποικιλλό-

541 569 660 616 tum
689 576 905 629 quoque
931 559 1135 628 reliqua
1168 560 1431 615 varietate
1453 577 1561 615 non
1591 563 1772 616 minus
1793 579 1953 632 quam
1989 580 2121 633 pru-

543 653 729 708 dentia
780 659 1054 717 ornatum,
1110 666 1175 704 ac
1197 651 1289 721 qui
1320 651 1426 720 pati
1472 653 1672 706 mentis
1701 653 2002 707 constantia
2056 669 2122 709 ac

544 744 840 814 sagacitate
890 743 1180 808 fulciatur;
1231 753 1393 812 atque
1444 748 1525 813 (ut
1555 744 1722 799 verbo
1774 745 1973 813 dicam)
2029 745 2122 799 tali

548 837 719 907 gratia
778 835 1084 906 praeditum,
1121 852 1226 905 qua
1269 851 1364 905 par
1397 846 1513 890 erat
1542 851 1667 890 cuni
1697 836 1922 908 fulgere,
1944 837 2034 908 qui
2091 854 2122 891 a

547 928 660 982 Deo
688 927 916 997 accepit,
974 937 1034 982 ut
1064 928 1466 983 trcmendorum
1495 936 1807 984 nostrorum
1841 931 2123 1000 mysterio-

547 1037 668 1075 rum
699 1021 952 1076 sacerdos
981 1030 1333 1082 statueretur,
1365 1030 1652 1091 vestraque
1677 1031 1733 1076 et
1765 1022 2012 1078 doctrina
2042 1024 2124 1079 di-

547 1128 686 1183 gnus
715 1123 772 1166 et
793 1129 1051 1167 manuum
1113 1112 1458 1182 impositione
1491 1113 1820 1182 haberetur;
1851 1115 2010 1170 talem
2045 1114 2127 1169 fa~

546 1212 651 1258 οιαὶ
684 1215 876 1259 vestrae
893 1203 1216 1270 sanctitatis,
1236 1219 1397 1273 quam
1418 1204 1770 1269 faciebamus,
1794 1207 2124 1275 experientia

549 1293 805 1348 nuntium
829 1296 1175 1349 ostendebat.
1205 1292 1449 1364 l-lincque
1493 1295 1629 1349 adeo
1658 1295 1961 1366 intelligere
1989 1295 2123 1352 liee-

549 1383 646 1440 bat
696 1396 952 1456 certoque
978 1385 1271 1454 conjicere,
1323 1402 1468 1452 eum,
1517 1386 1608 1457 qui
1636 1401 1749 1457 prae
1779 1387 1873 1441 illo
1921 1387 2126 1457 primas

552 1473 783 1541 ferebat,
826 1478 1052 1546 ejusque
1101 1477 1382 1532 ordinator
1412 1477 1608 1544 fuerat,
1655 1487 1712 1532 et
1745 1485 1804 1532 ut
1855 1477 2126 1549 legatione

551 1568 621 1622 ad
669 1584 770 1622 nos
797 1568 1132 1638 fungeretur,
1165 1569 1238 1622 illi
1269 1580 1459 1624 auctor
1486 1570 1786 1635 exstiterat,
1818 1570 2126 1626 divinarum

553 1659 776 1728 plenum
827 1660 1118 1731 gratiarum
1149 1676 1308 1726 esse;
1355 1679 1417 1718 ac
1445 1663 1536 1732 qui
1569 1663 1738 1718 totius
1775 1663 1896 1719 vitae
1947 1665 2129 1734 splen-

555 1751 710 1818 dore,
747 1753 1164 1822 dogmatutnque
1189 1754 1401 1808 ardenti
1433 1755 1548 1809 zelo
1568 1765 1731 1825 atque
1754 1771 1938 1810 amore
1970 1757 2126 1828 longe

554 1845 903 1913 conspicuus,
939 1861 1153 1901 necnon
1202 1847 1390 1902 salutis
1409 1848 1685 1918 exemplar
1711 1848 1763 1902 in
1800 1848 1978 1918 ipsum
1999 1865 2133 1904 con-
2163 1837 2206 1894 Β

559 1937 837 1991 tuentibus
858 1938 1019 1992 foret.

631 2029 698 2082 ll.
743 2029 856 2084 Nisi
910 2030 1056 2084 enim
1107 2031 1305 2086 vestris
1349 2029 1597 2101 religiosa
1631 2028 1831 2100 pietate
1872 2029 2137 2085 doctrinis

557 2136 623 2174 ac
645 2114 998 2178 ‘documentis
1045 2123 1190 2194 large
1230 2125 1469 2178 imbutus
1491 2163 1506 2187 ,
1541 2122 1686 2192 quia
1734 2123 1888 2178 vobis
1917 2123 2137 2193 pontifi-

558 2215 695 2269 calis
751 2215 992 2270 muneris
1022 2217 1248 2287 gratiam
1294 2217 1479 2280 trahit,
1517 2215 1596 2269 sic
1637 2215 1986 2279 cluxuriaret,
2037 2229 2140 2269 nec

558 2305 809 2359 mirando
856 2306 1112 2374 quodam,
1147 2315 1404 2375 tantoque
1451 2306 1688 2360 velutex
1737 2305 1887 2360 fonte
1929 2313 2138 2358 vestra-

558 2412 682 2450 rum
727 2397 988 2451 virtutum
1043 2399 1248 2469 irriguo
1285 2398 1492 2468 potitus
1525 2407 1692 2459 esset,
1747 2411 2026 2466 nunquam
2069 2394 2140 2448 ad

566 2498 777 2543 tantam
811 2491 1074 2546 virtutum
1109 2492 1432 2557 claritatem,
1471 2506 1569 2561 pro
1589 2505 1654 2545 eo
1681 2505 1747 2546 ac
1781 2504 1996 2544 summo
2039 2486 2140 2543 Dei

560 2580 874 2638 sacerdotes
925 2582 1104 2647 decet,
1141 2583 1423 2638 evasisset.
1455 2582 1573 2636 Non
1608 2597 1824 2652 semper
1840 2581 2009 2646 enim,
2054 2579 2144 2635 vel

558 2674 759 2745 exiguo
781 2673 976 2742 jubare
1011 2689 1076 2729 ac
1101 2674 1412 2744 splendore,
1437 2673 1848 2728 similitudinem
1897 2679 2142 2737 servant,

561 2778 685 2832 qua:
737 2763 978 2817 secunda
1008 2773 1157 2829 sunt,
1181 2779 1306 2818 cum
1351 2761 1563 2826 formis,
1598 2777 1718 2832 quae
1744 2762 1852 2816 illis
1910 2761 2142 2831 prative-

561 2861 712 2907 runt.
753 2852 995 2919 Quorum
1026 2855 1270 2910 omnium
1302 2870 1464 2910 causa
1491 2853 1756 2909 habendae
1802 2852 1910 2908 Deo
1936 2853 2141 2924 gratiae,

561 2945 659 3017 qui
715 2945 770 3000 in
800 2962 992 3002 omnes
1029 2947 1347 3003 muneribus
1393 2947 1602 3002 eﬂ'usus
1660 2946 2144 3016 universorumque

563 3038 820 3094 conditor
851 3039 1142 3101 exsistens.
1194 3039 1338 3095 sicut
1379 3039 1435 3094 in
1475 3039 1710 3094 Orientis
1761 3038 2026 3110 partibus,
2065 3037 2146 3094 sic

563 3128 732 3182 etiam
782 3129 837 3183 in
891 3127 1242 3194 Occidentis,
1290 3129 1578 3184 luminaria
1620 3129 1898 3199 ducesque
1951 3143 2144 3184 conse-

2232 584 2414 636 μενον·
2456 570 2552 622 καὶ
2598 569 2676 638 τῷ
2718 569 2972 622 εὐσταθεί
3015 571 3114 640 τῆς
3161 572 3379 644 γνώμης
3420 579 3480 630 τὸ
3519 579 3732 650 ἀγχίνουν

2230 657 2801 728 συμπροόαλλόμενον.
2857 661 2964 713 Καὶ
2999 662 3187 726 ἁπλῶς
3226 665 3430 730 εἰπεῖν,
3456 669 3564 733 οἵας
3600 675 3736 746 ἐχρῆν

2230 750 2605 819 μετειληχέναι
2637 751 2860 821 χάριτος
2881 791 2896 815 ,
2930 752 3018 806 τὸν
3049 755 3299 824 ἱερᾶσθαι
3339 759 3483 828 παρά
3508 760 3625 816 Θεοῦ
3651 768 3738 820 τῶν

2228 841 2475 908 φρικτῶν
2502 841 2658 911 ήμῶν
2689 844 3005 913 μυστηρίων
3037 847 3136 914 τὴν
3169 847 3386 918 τελετὴν
3418 849 3642 921 λαχόντα.
3664 862 3740 912 καὶ

2226 933 2327 1000 τῆς
2361 933 2515 1002 ὑμῶν
2563 935 2658 986 καὶ
2699 933 3046 998 διδασκαλίας
3094 937 3191 990 καὶ
3238 938 3560 1008 χειροθεσίας
3600 945 3740 1013 ἀξιον,

2227 1021 2466 1074 τοιοῦτον
2508 1023 2541 1093 ἡ
2598 1026 2762 1093 πεῖρα
2799 1024 2900 1092 τῆς
2941 1026 3092 1096 ἱερᾶς
3139 1028 3291 1096 ὑμῶν
3330 1032 3588 1100 ὁσιότητος
3626 1055 3742 1109 παρ.

2230 1114 2442 1168 εδείκνυ
2471 1116 2563 1168 τὸν
2594 1116 2911 1172 ἀπόστολον.
2939 1119 3249 1173 Κάντεῦθεν
3272 1115 3339 1191 ἦν
3365 1127 3582 1195 συνορᾷν
3601 1144 3651 1180 τε
3670 1133 3745 1184 καὶ

2229 1204 2529 1276 λαμϐάνειν
2561 1207 2662 1279 τὴν
2693 1209 2990 1275 ἀπόδειξιν,
3040 1211 3116 1274 ὡς
3152 1210 3182 1261 ὁ
3225 1212 3415 1266 τούτου
3443 1216 3508 1268 τά
3548 1226 3747 1288 πρωτεῖα

2231 1299 2530 1369 φερόμενος
2567 1300 2662 1351 καὶ
2692 1299 3065 1373 τελεσιουργὸς
3105 1302 3202 1375 (2),
3233 1306 3327 1358 καὶ
3354 1308 3454 1375 τῆς
3485 1310 3609 1378 πρὸς
3631 1315 3746 1383 ἡμᾶς

2231 1391 2537 1460 ἀποστολῆς
2565 1392 2738 1454 αἴτιος
2760 1430 2775 1455 ,
2801 1392 3014 1464 πλήρης
3041 1395 3140 1464 μὲν
3166 1394 3275 1449 τῶν
3305 1395 3464 1451 θείων
3492 1401 3598 1454 ἐστὶ
3626 1408 3748 1475 χαρί.

2229 1503 2338 1539 των
2362 1502 2375 1514 ·
2411 1485 2529 1548 ὅλος
2563 1485 2619 1538 δὲ
2646 1487 2712 1556 τῇ
2751 1487 2846 1539 τοῦ
2878 1487 2993 1557 βίου
3035 1489 3415 1560 λαμπρότητι,
3447 1493 3538 1545 καὶ
3571 1493 3639 1564 τῷ
3667 1497 3749 1549 τῶν

2230 1576 2518 1646 δογμάτων
2539 1577 2787 1647 διαπύρῳ
2814 1578 2962 1649 ζήλῳ
2983 1580 3168 1650 καὶτῷ
3193 1580 3378 1652 ἔρωτι,
3404 1583 3749 1655 διασημότατα

2229 1685 2292 1719 τε
2315 1669 2381 1722 ἂν
2407 1667 2516 1739 εἴη,
2551 1669 2646 1724 καὶ
2682 1671 3035 1742 παράδειγμα
3065 1674 3340 1743 σωτηρίας
3384 1675 3498 1739 τοῖς
3527 1676 3601 1740 εἰς
3625 1678 3748 1733 αὐτὸν

2233 1759 2590 1824 ἀτενίζουσιν.

2305 2030 2380 2082 B’.
2414 2029 2478 2083 Ei
2525 2028 2600 2099 μὴ
2638 2029 2744 2100 γὰρ
2777 2029 2854 2098 (3)
2890 2031 3015 2092 ταῖς
3042 2029 3185 2084 κατὰ
3212 2028 3347 2082 Θεὸν
3377 2029 3530 2100 ὑμῶν
3553 2031 3750 2086 διδασκα-

2237 2121 2380 2184 λίαις
2407 2121 2502 2175 καὶ
2544 2123 2864 2191 εἶσηγήσεσι
2894 2121 3434 2192 ἐπιδαψιλευόμενος,
3474 2124 3502 2176 ὁ
3532 2123 3621 2192 τὴν
3655 2125 3746 2195 ἀρχ-

2235 2213 2516 2284 ιερατικὴν
2560 2215 2721 2284 χάριν
2779 2213 2839 2277 ἐξ
2883 2213 3036 2282 ὑμῶν
3075 2214 3250 2267 ἕλκων
3303 2213 3478 2276 οὕτως
3517 2215 3739 2285 ὲνετρύφα”

2239 2305 2334 2358 καὶ
2373 2306 2422 2358 εἰ
2467 2304 2542 2375 μὴ
2575 2304 2898 2374 θαυμαστῆς
2930 2322 3075 2368 τινος
3124 2305 3220 2359 καὶ
3263 2305 3534 2376 τοσαύτης
3565 2307 3743 2377 amittas

2236 2397 2338 2467 τῆς
2370 2398 2436 2450 ὲκ
2471 2397 2580 2450 τῶν
2627 2397 2840 2467 ἀρετῶν
2869 2397 3024 2466 ὑμῶν
3049 2397 3296 2468 πηγαίας
3326 2399 3542 2470 ἀρδείας
3565 2440 3578 2460 ,
3603 2401 3683 2453 οὐκ
3707 2401 3747 2452 ἂν

2239 2489 2318 2552 εις
2337 2488 2606 2559 τοσαύτην
2629 2487 2867 2561 προῆλθε
2896 2489 3039 2542 κατά
3065 2490 3126 2542 τὸ
3175 2491 3458 2561 προσῆκον
3501 2489 3747 2561 ἀρχιερεῦσι

2239 2581 2398 2646 θεοῦ,
2445 2581 2654 2650 ἀρετῶν
2702 2581 3045 2649 ἐπιφάνειαν.
3098 2581 3345 2644 Σώζουσι
3396 2581 3504 2651 γὰρ
3548 2582 3636 2634 οὐκ
3676 2582 3748 2646 ἀεὶ,

2239 2673 2363 2726 οὐδὲ
2399 2674 2464 2727 ἐκ
2511 2672 2773 2744 βραχείας
2811 2674 2956 2736 τινος
2995 2674 3175 2742 αὐγῆς
3213 2675 3309 2728 καὶ
3355 2674 3749 2746 ὲλλάμψεως,τήν

2239 2763 2531 2833 ὁμοιότητα
2559 2765 2667 2817 τῶν
2698 2762 3080 2834 πρωτοτύπων
3116 2765 3186 2818 τὰ
3225 2764 3480 2836 δεύτερα.
3521 2767 3619 2820 Καὶ
3641 2765 3748 2834 χάρις

2242 2854 2338 2907 ἐπὶ
2365 2855 2500 2908 πᾶσι
2529 2853 2740 2918 τούτοις
2783 2852 2864 2924 τῷ
2907 2854 3170 2926 εὐεργέτῃ
3216 2855 3314 2908 καὶ
3352 2855 3646 2928 δημιουργῷ
3677 2853 3750 2907 τῶν

2241 2945 2379 2999 ὅλων
2407 2945 2546 3016 Θεῷ·
2569 2945 2650 3011 ὃς,
2668 2945 2857 3016 ὥσπερ
2883 2947 2940 2999 ὲν
2963 2948 3074 3010 τοῖς
3100 2947 3198 3017 τῆς
3214 2945 3389 3018 Ἐᾠας
3416 2949 3637 3018 μέρεσιν,
3653 2945 3753 3000 οὕτω

2242 3038 2309 3110 δὴ
2339 3039 2434 3093 καὶ
2459 3041 2520 3094 ἐν
2551 3042 2667 3104 τοῖς
2697 3041 3003 3115 Ἐσπερίοις
3041 3041 3344 3113 φωστῆρας
3371 3041 3466 3095 καὶ
3493 3041 3684 3109 ὁδηγοὺς
3695 3056 3755 3092 τι·

2243 3129 2576 3202 λεσιουργῶν
2600 3132 2700 3203 (4),
2740 3133 3010 3203 ὁσημέραι
3041 3133 3282 3202 λάμπειν
3313 3132 3416 3186 καὶ
3461 3128 3756 3199 καταυγάζὲιν

563 3235 746 3285 crans,
807 3230 870 3276 ut
913 3221 1160 3296 quotidie
1206 3221 1442 3283 luceant,
1487 3221 1769 3292 plebisque
1813 3221 2024 3275 animos
2077 3233 2141 3276 ac

2245 3220 2455 3276 πολλῶν
2474 3221 2654 3294 ψυχὰς
2674 3223 2772 3277 καὶ
2799 3223 3060 3289 διανοίας,
3087 3223 3147 3276 ὲν
3169 3222 3248 3294 τῷ
3275 3223 3397 3277 τῶν
3426 3220 3757 3296 ἀρχιερατικῶν

563 3321 779 3372 mentes
832 3311 1126 3377 illustrent,
1177 3311 1233 3367 in
1287 3311 1434 3368 celso
1483 3312 1879 3384 cpiscopalium
1930 3313 2143 3369 sedium

565 3404 806 3464 culmine
826 3404 1074 3475 praeﬁcit.

642 3496 728 3552 Ill.
773 3497 879 3552 Sed
901 3513 1024 3552 cum
1058 3512 1160 3552 nos
1183 3496 1252 3553 de
1284 3513 1436 3553 sacra
1466 3506 1646 3552 vestra
1683 3497 1884 3554 vlrtuto
1911 3515 1974 3554 ea
1993 3515 2148 3556 mens

570 3591 890 3653 incesseret.
915 3591 1144 3661 ejusque
1169 3590 1444 3660 praeclaris
1471 3590 1694 3646 dotibus
1722 3607 1787 3646 ac
1810 3593 2151 3648 ornamentis

566 3680 892 3756 gestiremus
934 3691 990 3739 et
1021 3683 1348 3749 ltetaremur,
1377 3681 1524 3754 quod
1574 3698 1723 3740 nunc
1749 3682 1804 3740 in
1839 3698 2002 3740 aures
2051 3698 2153 3740 no-

567 3783 715 3830 stras
759 3774 948 3830 incidit
977 3775 1162 3849 (atque
1210 3775 1418 3829 utinam
1447 3790 1766 3844 nunquam:
1819 3775 1970 3830 dirus
2003 3775 2153 3832 enim

570 3866 763 3931 animi,
796 3881 909 3922 non
940 3866 1186 3937 corporis
1223 3866 1378 3921 dolor
1413 3875 1536 3921 est:
1571 3883 1669 3936 per
1706 3867 1848 3923 hanc
1884 3869 2031 3924 enim
2085 3885 2155 3925 ex

573 3966 790 4028 aspectu
815 3974 1011 4030 magna
1031 3957 1192 4014 nobis
1215 3966 1481 4027 concepta
1503 3972 1621 4026 spe,
1649 3966 1710 4012 ut
1736 3967 1795 4012 et
1821 3959 1998 4030 ipsum
2026 3975 2159 4015 mte-

571 4064 750 4108 rorem
797 4051 1128 4123 aperiamus,
1171 4064 1352 4122 operte
1399 4049 1637 4120 pretium
1679 4049 1982 4122 duximus),
2009 4051 2154 4106 haud

2243 3313 2367 3381 ὕψει
2391 3313 2599 3386 θρόνων
2627 3313 3015 3387 προϐάλλεται.

2319 3501 2396 3557 I".
2444 3501 2586 3555 Ἀλλ’
2623 3499 2766 3555 οὕτω
2794 3499 2922 3574 περὶ
2952 3500 3052 3573 τῆς
3080 3501 3233 3571 ἱερᾶς
3258 3501 3420 3571 ὑμῶν
3452 3499 3631 3571 ἀρετῆς
3652 3497 3756 3567 ἕχον-

2247 3611 2363 3659 τες,
2390 3595 2488 3649 καὶ
2510 3597 2626 3658 τοῖς
2646 3594 2852 3665 ταύτης
2875 3594 3332 3666 ἐνσεμνυνόμενοί
3363 3612 3425 3648 τε
3454 3594 3544 3648 καὶ
3573 3591 3756 3664 ἡδόμενοι

2252 3684 2667 3760 κατορθώμασι,
2688 3685 2752 3741 τδ
2785 3685 2884 3741 νῦν
2905 3685 3064 3757 ἡμῶν
3085 3689 3207 3750 ταῖς
3234 3686 3433 3748 ἀκοαῖς
3451 3683 3692 3744 ὲπιπεσδν,
3707 3680 3756 3742 ὥς

2250 3777 2366 3832 εῐθε
2413 3777 2489 3850 μὴ
2536 3775 2747 3846 ὤφελεο
2788 3775 2966 3847 ψυχῆς
2992 3777 3104 3848 γάρ
3143 3777 3301 3839 ἐστι,
3337 3775 3436 3831 καὶ
3478 3775 3536 3828 οὐ
3575 3771 3756 3843 σώματος

2251 3869 2497 3939 ἄλγημα.
2541 3867 2642 3922 Διά
2677 3865 2882 3938 ταύτης
2929 3867 3037 3922 ἀπὸ
3065 3866 3196 3931 θέας
3239 3867 3490 3938 μεγάλην
3515 3865 3675 3918 ἐλπίδα
3695 3863 3756 3914 λα·

2251 3961 2461 4024 δόντες.
2488 3961 2584 4014 καὶ
2606 3959 2742 4014 αὐτὸ
2766 3957 2829 4013 τὸ
2854 3958 3026 4023 πάθος
3048 3957 3395 4029 ἀνακαλύψαι
3414 3958 3521 4011 δεῖν
3547 3956 3753 4028 ᾠήθημεν.

2252 4053 2370 4106 Οὐκ
2398 4047 2517 4106 οῖδα
2544 4051 2662 4116 πῶς
2685 4051 2753 4106 ἂν
2779 4049 3004 4116 ἀλύπως
3031 4052 3190 4106 εῐπω’
3218 4051 3270 4104 εἰ
3295 4050 3374 4122 μὴ
3399 4049 3573 4129 καλῶς
3603 4047 3665 4120 (ἒ.)
3682 4045 3754 4105 ταῖς

2075 4223 2310 4281 ΝΟΤᾸΞ.

643 4403 722 4466 (2)
758 4403 868 4458 Kal
909 4405 1346 4472 τελεσιουργός.
1395 4400 1499 4468 Qui
1537 4400 1774 4458 initiavit
1803 4411 1967 4472 atque
1999 4416 2142 4472 prte-

2249 4399 2462 4473 Quihus
2490 4409 2546 4454 et
2587 4399 2830 4473 magistri
2885 4399 3257 4473 sedulitatem,
3308 4405 3366 4454 et
3414 4394 3649 4473 discipuli
3675 4391 3756 4473 dilio

570 4464 747 4554 sulem
776 4473 1069 4554 ordinavit,
1104 4464 1202 4528 seu
1230 4464 1663 4554 ’ξιιέρῖξοοριιιπ
1673 4473 1798 4542 jure
1827 4464 2147 4554 metropol‘i-
2177 4478 2224 4536 ι)
2252 4464 2491 4552 gentiam
2519 4464 2761 4554 celebrat
2795 4489 2810 4525 :
2840 4485 2944 4525 nec
2973 4469 3079 4552 nisi
3110 4464 3315 4538 primas
3332 4483 3414 4554 Aac
3434 4464 3756 4524 excellentiam,

573 4547 684 4600 ιιι-ο
712 4543 1074 4604 consecravit,
1105 4558 1408 4611 manusque
1431 4543 1712 4612 imposuit,
1736 4551 1796 4597 ut
1827 4543 1992 4612 paulo
2017 4550 2146 4596 ante

572 4617 807 4672 diccbat.
827 4612 967 4694 ,Τῆς
1014 4612 1168 4694 ὑμῶν
1195 4611 1750 4694 χειροθεσίαςηᾷξιον,
1801 4611 2028 4694 Dignum
2060 4612 2146 4666 cui

573 4703 763 4740 manus
821 4684 1204 4750 imposueritis,
1263 4697 1416 4738 sacra
1477 4683 1689 4737 scilicet
1772 4683 2144 4738 ordinatione.

575 4754 769 4810 Metius
798 4753 882 4808 vel
911 4770 1020 4808 non
1054 4753 1264 4820 habuit,
1293 4752 1379 4808 vel
1419 4767 1530 4807 non
1562 4752 1820 4820 reddidit,
1847 4753 1944 4809 sed
1979 4752 2150 4808 solius

575 4825 853 4879 missionis
883 4826 1150 4878 meminit.

651 4895 726 4963 (3)
765 4897 834 4948 Et
852 4893 938 4964 μὴ
970 4894 1102 4964 γάρ.
1137 4893 1271 4948 Male
1301 4893 1450 4948 hunc
1475 4893 1657 4949 locum
1688 4892 1883 4964 Metius
1914 4891 2146 4964 accepit,

578 4973 636 5034 et
661 4962 1054 5018 cotitra'letii
1093 4980 1314 5034 sensum
1345 4981 1358 5017 :
1391 4978 1456 5017 ac
1481 4964 1581 5034 ubi
1607 4964 1699 5017 ille
1723 4963 1880 5034 legati
1906 4962 2150 5034 episcopi

573 5032 768 5086 laudes
799 5035 1161 5104 prosequitur,
1195 5033 1484 5088 indicando
1538 5033 1660 5104 ejus
1688 5032 1907 5104 virtutis
1947 5033 2152 5104 fontem

580 5118 646 5156 ac
677 5102 990 5169 exemplar,“
1015 5106 1162 5173 quod
1210 5119 1424 5159 summa
1454 5102 1617 5159 laude
1660 5103 1961 5158 reddiderit
2013 5102 2152 5169 (etsi

582 5188 690 5226 non
718 5187 840 5244 raro
867 5187 1023 5244 secus
1051 5175 1375 5244 contingat),
1397 5175 1459 5238 is,
1485 5183 1638 5228 extra
1672 5189 1835 5228 omne
1863 5174 2152 5244 judicium,

580 5243 767 5313 quasi_
795 5255 903 5294 non
946 5243 1199 5312 adeptum
1226 5241 1347 5300 eam
1379 5244 1745 5313 priestantiatn
1766 5283 1782 5308 ,
1817 5241 1940 5312 qua:
1971 5241 2154 5313 ponti-

575 5315 714 5367 Jiees
739 5311 947 5368 deceat.
981 5311 1072 5380 qui
1119 5314 1320 5369 missus
1349 5311 1592 5382 pontifex
1625 5322 1789 5373 esset.
1843 5311 1903 5368 et
1934 5311 2154 5383 quidem

583 5391 854 5451 provectae
879 5385 1074 5448 aetatis,
1109 5383 1363 5454 deprimit
1399 5398 1464 5438 ac
1503 5385 1663 5454 plane
1692 5382 1966 5452 vituperat
2000 5403 2013 5436 :
2047 5382 2156 5454 Nec

576 5461 859 5521 propterea
892 5455 962 5505 ad
999 5468 1118 5505 eam
1163 5453 1364 5506 deveni:
1399 5453 1785 5522 prwstantiam,
1835 5469 1950 5521 qua:
1979 5453 2156 5522 ponti-

474 5559 478 5568 .
581 5523 704 5590 lices
742 5522 835 5574 Dei
865 5522 1030 5574 decet.
1061 5523 1228 5586 Nugae
1257 5523 1558 5578 Potentiale
1589 5524 1641 5577 in
1672 5523 2004 5577 absolutum.
2042 5521 2153 5577 Nisi

586 5592 1064 5662 copiosaimbuttts,
1094 5603 1224 5655 etc.,
1250 5592 1350 5644 ούκ
1378 5592 1444 5662 ἂν
1467 5595 1548 5656 εἰς
1573 5592 1846 5662 τοσαύτην
1881 5592 2153 5662 προῆλθε,

589 5664 727 5715 κατά
765 5660 839 5732 es,
858 5661 1138 5732 προσῆκον
1182 5661 1500 5730 ἀρχιερεῦσι
1542 5661 1677 5715 Θεοῦ
1711 5660 2157 5732 ἀρετῶνὲπιφά-

585 5748 754 5785 νειαν.
815 5731 1100 5797 Nunquam
1159 5732 1230 5786 ad
1284 5740 1493 5785 tantam
1550 5731 1805 5786 virtutum
1861 5733 2159 5786 claritatem

588 5803 866 5869 evasisset,
915 5817 1011 5871 pro
1055 5821 1112 5858 eo
1140 5821 1203 5858 uc
1235 5818 1463 5857 summos
1505 5801 1602 5857 Dei
1643 5803 1937 5857 sacerdotes
1971 5804 2156 5858 decet:

2257 4539 2307 4595 ei
2340 4540 2434 4614 qui
2454 4550 2658 4614 auctor:
2671 4541 2742 4595 sit
2771 4557 2835 4596 ac
2861 4539 3139 4614 magister,
3161 4548 3376 4614 servat.
3625 4603 3647 4614 -

2329 4600 2404 4680 (λ)
2429 4609 2773 4683 ,Φωᾳτῆρας
2820 4610 2924 4683 real
2953 4600 3226 4683 ἶξδητρὺς
3266 4600 3758 4683 Δαιἰελιεοςιρηργχῶν..Ει

2256 4677 2347 4736 hic
2369 4682 2504 4735 mire
2523 4677 2848 4736 allucinatus
2876 4677 3096 4751 Metius,
3115 4679 3339 4751 dutn_ita
3363 4679 3566 4733 reddit:
3590 4677 3755 4751 humilia

2257 4752 2502 4823 quaedam
2553 4760 2602 4804 et
2651 4752 2806 4804 duces
2843 4750 3193 4823 sacerdotum.
3245 4747 3360 4823 lmo
3403 4757 3564 4812 certe,
3593 4744 3757 4823 Lamina

2255 4815 2514 4891 ducesque
2540 4837 2871 4891 consecratis,
2917 4820 3161 4885 iititians,
3199 4819 3454 4873 ordinum
3483 4833 3501 4871 :
3539 4815 3662 4886 quod
3691 4823 3759 4891 per

2257 4882 2638 4946 auctoritatem
2670 4891 2798 4945 facit
2823 4882 3097 4955 Christus,
3133 4882 3247 4958 ipse
3279 4903 3525 4942 summus
3549 4882 3757 4958 sacerdos,

2259 4975 2468 5031 suoque
2511 4961 2815 5031 sacerdotio
2846 4960 3060 5030 (primo
3085 4951 3185 5014 aut
3211 4959 3453 5031 secundo
3475 4951 3678 5021 ordine)
3697 4961 3761 5018 per

2259 5029 2392 5086 suos
2416 5032 2646 5086 vicarios
2676 5030 3110 5100 episeoposteos
3139 5029 3233 5100 qu_i
3274 5029 3586 5100 initiantur,
3605 5037 3682 5100 seti
3703 5032 3762 5098 pr-

2259 5102 2538 5179 dinantur,
2567 5089 2940 5179 ‘impartiens.
2970 5089 3138 5179 illene
3157 5089 3174 5099 ’
3193 5098 3439 5179 lfudz‘p.
3491 5095 3605 5174 8l7.

2261 5161 2799 5242 σιουργὸνλδύναμιν
2841 5170 2952 5242 τῶν
2999 5169 3273 5240 ἱεραρχῶν
3336 5161 3582 5242 Dionysio
3613 5161 3763 5242 dictam

2260 5227 2506 5312 exponit,
2543 5240 2656 5294 Vim
2684 5227 3025 5312 initiatricept
3045 5227 3100 5312 et
3124 5227 3560 5312 ca'risecraticcin:
3590 5227 3764 5312 et

2264 5304 2559 5383 σιόυργεῖν,
2607 5312 2669 5383 το
2709 5311 2904 5365 τελεῖν.
2956 5309 3132 5383 gujus
3182 5309 3295 5383 fere
3325 5322 3488 5383 voces
3526 5304 3765 5383 seqtlulllff

2263 5375 2596 5436 recentiores
2623 5379 2932 5435 Graecorum
2961 5375 3224 5449 Tli'eologi
3249 5396 3263 5432 :
3290 5393 3394 5432 nec
3425 5377 3480 5431 in
3507 5389 3563 5429 re
3585 5375 3653 5426 sic
3676 5375 3762 5419 tnta

2262 5452 2450 5506 debuit
2478 5450 2675 5523 Metius
2699 5452 3014 5523 cespitare.‘
3071 5519 3085 5523 _
3453 5515 3468 5523 _
3527 5512 3538 5523 ,

2336 5522 2413 5593 (5)
2445 5524 2514 5575 Et
2536 5520 2642 5593 λμὴ
2694 5513 2915 5593 καλῶς,
2937 5519 3036 5593 _Ab
3071 5519 3175 5593 hac
3223 5513 3658 5593 expostulatione,

2264 5586 2442 5661 ipsum
2481 5586 2740 5663 ad'quem
2787 5590 2997 5663 scribit,
3047 5589 3263 5663 videtur
3291 5587 3544 5663 eximere:
3571 5586 3758 5663 aut-fill:

2264 5652 2505 5716 mentem
2563 5652 2696 5714 alias
2741 5652 3072 5730 exploratam
3130 5653 3596 5730 baber_e.__Metius
3643 5652 3756 5730 ellfff"

2266 5732 2403 5786 nihil
2444 5730 2622 5784 Pliotli
2653 5721 2829 5792 πάοοξ
2855 5730 3134 5799 exprimit,
3169 5726 3311 5799 quod
3342 5725 3431 5779 hic
3458 5721 3664 5777 maximo
3679 5721 3756 5799 illi:

2269 5813 2376 5869 tur,
2410 5801 2486 5857 rei
2521 5791 3008 5872 indignitatem-ut
3034 5799 3140 5855 sibi
3180 5791 3414 5864 videtur,
3447 5791 3752 5864 exaggerans:
3830 5837 3831 5863 χ
