3930 6428
101 389 198 454 797

1226 397 1771 463 EPISTOLARUM
1812 404 2052 465 LIBER
2089 404 2143 465 Ι.

3221 393 3331 455 758

101 499 388 567 Κυριακαῖς
411 502 616 568 φωναῖς
637 501 1076 573 ὲξαρκεσθὲντες,
1098 503 1131 574 ἢ
1150 504 1258 558 τῶν
1282 507 1568 577 Πατρικῶν
1591 526 1650 561 τε

1760 510 1918 580 plane
1944 513 2060 566 scio
2093 509 2369 580 quomodo
2404 524 2515 562 non
2543 521 2727 561 amaro
2752 502 3004 572 tristique
3042 499 3223 554 animo
3245 515 3329 555 oi-

102 593 190 644 καὶ
215 592 492 645 συναδικῶν
526 593 669 663 ὅρων
701 595 796 648 καὶ
816 596 1103 664 δογμάτων
1133 597 1351 666 ἔχοντες
1384 599 1540 667 λόγον
1563 600 1654 653 οὺ-

98 680 243 744 δένα,
282 680 312 750 ἢ
351 682 450 752 τῆς
481 683 692 737 ἐκεῖθεν
721 686 1007 755 ἀκριϐείας
1051 685 1466 758 ὑπερορῶντες,
1499 689 1531 760 ἦ
1563 690 1653 743 τὸν

96 771 216 823 νοῦν
240 773 369 842 πρὸς
393 774 461 827 τὰ
486 775 710 829 τοιαῦτα
738 776 999 847 φέροντες
1029 780 1454 849 πεπωρωμένον,
1490 780 1523 849 ἢ
1554 781 1655 835 οὐκ

97 859 187 915 οἷδ’
225 865 363 925 ὄπως
404 867 471 920 ἄν
511 885 595 932 τις
630 869 724 921 καὶ
761 868 917 939 φαίη,
968 870 1119 938 ὅμως
1147 866 1267 935 οὖν,
1291 871 1367 934 ὠς
1415 872 1528 924 εἴθε
1579 874 1654 943 μὴ

97 950 308 1021 ὤφελεν,
339 948 475 1026 ἧκεν
506 958 586 1019 είς
614 959 888 1029 ἡμετέρας
915 961 1105 1026 ἀκοὰς,
1141 960 1215 1024 ὥς
1239 979 1383 1022 τινες
1411 962 1518 1015 τῶν
1550 964 1655 1018 ἀνὰ

96 1047 191 1114 τὴν
225 1046 402 1113 Λύσιν,
428 1048 489 1101 τὸ
519 1050 661 1102 θεῖόν
690 1068 750 1103 τε
772 1054 867 1105 καὶ
893 1055 1157 1120 πανάγιον
1190 1052 1433 1121 Πνεῦμα,
1457 1055 1517 1107 οὐ
1556 1055 1654 1125 μό-

95 1155 181 1189 νον
216 1139 276 1191 ἐκ
310 1138 405 1191 τοῦ
446 1140 580 1194 Θεοῦ
613 1143 706 1195 καὶ⁸
741 1145 975 1215 Πατρός,
1010 1146 1147 1199 ἀλλὰ
1175 1148 1272 1199 καὶ
1298 1148 1363 1200 ὲκ
1395 1146 1490 1199 τοῦ
1522 1146 1653 1199 Υἱοῦ

94 1228 478 1297 ἐκπορεύεσθαι
502 1236 921 1304 παρεισάγουσι’
951 1238 1047 1291 καὶ
1071 1237 1274 1305 πολλὴν
1299 1238 1547 1291 ἐντεῦθεν
1559 1237 1655 1309 τὴν

93 1318 291 1387 βλάϐην
332 1320 420 1376 διὰ
468 1327 570 1393 τῆς
611 1326 868 1397 τοιαύτης
914 1328 1099 1397 φωνῆς
1148 1330 1264 1391 τοῖς
1313 1328 1657 1398 πειθομένοις

89 1411 505 1480 ἀπεργάζονται.
532 1416 704 1470 Τοῦτο
720 1418 778 1471 δὲ
808 1420 951 1473 κατὰ
978 1420 1205 1491 γνώμην
1230 1422 1328 1490 μὲν
1353 1425 1463 1486 τοῖς
1485 1421 1656 1486 οὕτως

88 1501 145 1567 ἐξ
181 1500 375 1570 ἀλόγου
407 1505 731 1576 προλήψεως
768 1508 1015 1579 ἔχουσιν,
1044 1511 1104 1563 οὐ
1135 1512 1426 1578 τοσαύτην,
1477 1513 1656 1566 καίτοι

87 1592 306 1663 πολλὴν,
337 1594 427 1648 διὰ
451 1597 513 1650 τὸ
538 1597 638 1668 τῆς
676 1600 897 1667 ἀγνοίας
942 1603 1319 1673 προκάλυμμα
1340 1642 1355 1667 ,
1387 1604 1529 1673 τάχα
1556 1606 1657 1659 οὐκ

86 1686 150 1739 ἂν
184 1688 566 1759 προξενήσειεν
587 1707 601 1720 ο
630 1692 859 1761 ἐρεύνης
894 1694 950 1746 δὲ
979 1694 1369 1764 προτεθείσης,
1401 1696 1495 1748 καὶ
1521 1712 1657 1766 τρα-

86 1781 190 1842 νῶς
227 1781 319 1834 διά
354 1799 413 1834 τε
439 1784 539 1851 τῆς
570 1784 735 1853 ἄλλης
767 1785 922 1855 ἡμῶν
968 1785 1121 1855 ἱερᾶς
1149 1787 1392 1857 Γραφῆς,
1435 1788 1529 1840 καὶ
1558 1787 1655 1840 αύ-

1760 618 1905 657 cam.
1942 603 2107 657 Velut
2138 615 2376 669 namque
2407 598 2701 653 Dominica:
2723 609 2884 648 voces
2904 594 3033 661 ipsae
3059 606 3167 643 non
3194 590 3334 643 bene

1755 694 2040 756 haberem,
2074 701 2167 747 aut
2199 692 2280 747 eis
2310 690 2645 751 sufficerent,
2680 686 2763 740 vel
2804 685 3004 738 nullam
3028 682 3249 736 Patrum
3279 690 3335 734 et

1753 785 2105 839 conciliorum
2156 783 2534 839 deﬁnitionum
2580 796 2645 833 ac
2673 779 3017 833 decretorum
3064 773 3333 827 rationem

1756 872 2045 937 baberent,
2072 888 2332 927 eorumve
2377 887 2443 925 eo
2478 870 2701 924 nomine
2738 867 3071 937 diligentiam
3102 879 3334 934 sperne-

1754 973 1897 1029 rent,
1930 975 2025 1018 aut
2066 963 2120 1017 in
2168 964 2367 1018 talibus
2402 977 2547 1016 czeco
2578 961 2759 1015 animo
2785 966 2987 1022 essent,
3023 958 3110 1011 vel
3148 956 3334 1011 nescio

1754 1055 2029 1124 quomodo
2083 1055 2207 1123 quis
2234 1054 2398 1107 etiam
2435 1052 2606 1121 possit
2649 1049 2830 1118 eloqui
2865 1059 3065 1116 ;atque
3123 1046 3333 1099 utinam

1753 1160 1857 1198 nec
1877 1159 1967 1199 res
1993 1154 2158 1207 esset,
2195 1141 2447 1212 pervenit
2482 1140 2546 1194 ad
2576 1150 2792 1193 nostras
2820 1153 3001 1201 aures,
3023 1136 3167 1205 quod
3190 1150 3334 1189 nou-

1753 1236 1886 1290 nulli
1918 1234 2364 1297 Occidentalium,
2404 1232 2648 1287 divinum
2672 1245 2737 1285 ac
2766 1229 3169 1284 sanctissimum
3217 1226 3335 1297 Spi-

1754 1328 1920 1382 ritum
1962 1340 2072 1379 non
2114 1324 2290 1378 solum
2317 1340 2385 1379 ex
2422 1323 2534 1377 Deo
2562 1331 2618 1376 et
2645 1322 2825 1385 Patre,
2858 1336 3045 1373 verum
3072 1319 3236 1372 etiam
3266 1334 3332 1373 ex

1756 1418 1893 1474 Filio
1936 1417 2233 1487 procedere
2263 1430 2406 1470 novo
2433 1416 2687 1484 dogmate
2731 1412 3130 1477 introducunt;
3187 1411 3332 1465 ntul-

1757 1518 1977 1576 tamque
2021 1504 2146 1559 inde
2181 1505 2381 1567 labem,
2430 1518 2528 1572 per
2583 1500 2917 1570 ejuscemodi
2969 1516 3182 1562 vocem,
3227 1499 3335 1553 illis

1756 1607 1962 1663 creant,
2022 1597 2115 1666 qui
2144 1596 2226 1652 eis
2251 1597 2487 1650 credunt
2536 1609 2600 1648 ac
2639 1602 2854 1662 parent.
2885 1591 3041 1656 Quod
3098 1606 3230 1645 vero
3266 1605 3332 1644 ex

1759 1706 1950 1746 eorum
1981 1699 2167 1745 mente
2188 1698 2295 1752 est,
2319 1689 2409 1758 qui
2450 1688 2531 1743 sic
2580 1685 2887 1741 inconsulte
2921 1692 3181 1753 occupata
3210 1683 3335 1751 opi-

1756 1784 1922 1838 nione
1943 1782 2133 1836 imbuti
2169 1791 2317 1847 sunt,
2344 1780 2444 1834 etsi
2470 1793 2739 1848 magnam,
2768 1783 2986 1846 propter
3014 1775 3335 1845 ignorantiae

82 1872 182 1940 τῆς
214 1872 277 1941 δὴ
309 1874 409 1942 τῆς
431 1876 717 1946 Κυριακῆς
742 1854 927 1945 φωνῆς
960 1854 1309 1949 ἐλεγχθείσης
1329 1854 1569 1948 πλάνης,
1605 1879 1653 1930 εί

1760 1885 1937 1928 tamen
1993 1872 2267 1940 objectum
2319 1871 2564 1924 velamen
2614 1866 2759 1921 haud
2805 1874 3007 1920 tantam
3060 1863 3139 1917 eis
3194 1862 3334 1916 forte

83 1964 156 2031 μὴ
183 1962 377 2017 θᾶττον
407 1966 504 2034 μὲν
533 1966 824 2021 ἀποσταῖεν
849 1968 924 2029 ὡς
944 1969 1144 2039 ἐνησχα
1154 1969 1300 2037 μένοι
1324 1970 1425 2039 τῆς
1449 1970 1651 2023 ἀτόπου

82 2056 272 2123 δόξης·
314 2056 511 2109 θᾶττον
560 2057 617 2110 δὲ
659 2061 772 2121 τοῖς
822 2059 999 2130 ὀρθῶς
1050 2060 1509 2132 ἐπιδεδειγμένοις
1560 2063 1653 2115 καὶ

79 2145 423 2213 προτεθεῖσιν
487 2150 941 2219 ὲπασμενίσειεν,
999 2153 1080 2215 είς
1135 2154 1268 2223 ὅσην
1318 2154 1370 2205 οἱ
1423 2154 1653 2208 τοιοῦτοι

77 2239 481 2308 καταφέρονται
512 2240 883 2314 βλασφημίαν⁹
915 2246 1047 2317 ὅσης
1074 2249 1131 2301 δὲ
1161 2248 1455 2319 καταδίκης
1485 2251 1653 2303 ὑπευ-

74 2328 275 2393 θύνους
297 2332 523 2396 ἑαυτοὺς
539 2335 921 2405 ἀποφαίνουσι,
945 2338 1050 2393 κᾶν
1070 2339 1258 2411 μηδεὶς
1277 2342 1653 2414 ἁνακηρύττῃ,

76 2422 404 2493 κατάδηλον.
449 2427 838 2483 Ἐκπεσιοῧνται
875 2432 984 2502 γὰρ
1018 2434 1158 2501 μετὰ
1179 2434 1287 2487 τῶν
1315 2434 1490 2487 ἄλλων
1518 2437 1654 2504 ἀγα-

72 2515 207 2579 θῶν,
248 2518 344 2571 καὶ
379 2519 475 2572 τοῦ
504 2522 603 2590 τῆς
644 2524 929 2588 εὐσεϐείας
966 2527 1335 2596 φρονήματος.
1367 2528 1462 2580 καὶ
1488 2528 1653 2581 αὑτοῦ

71 2608 171 2661 τοῦ
201 2610 349 2663 θείου
376 2610 725 2681 Πνεύματος,
766 2613 840 2677 ὡς
882 2615 1269 2680 ταπεινοῦντες
1309 2617 1372 2670 τὸ
1406 2617 1653 2687 Πνεῦμα,

70 2694 164 2752 οἷα
189 2699 255 2770 δὴ
287 2701 352 2754 ὲκ
376 2701 470 2754 τοῦ
512 2703 640 2757 Υίοῦ
668 2704 1090 2774 δογματίζοντες
1115 2707 1538 2778 ἐκπορεύεσθαι*
1563 2711 1657 2764 κα)⁸

68 2790 310 2861 δευτέρᾳ
342 2792 578 2864 προόδῳ,
606 2795 736 2847 αὐτὸ
762 2795 862 2866 μὲν
884 2797 1277 2867 ὲνυϐρίζοντες,
1306 2799 1659 2869 χλευάζοντες

69 2879 128 2931 δὲ
159 2881 258 2932 καὶ
285 2880 385 2949 τὴν
424 2880 555 2950 μίαν
592 2884 943 2955 ὲκπόρευσιν.
981 2885 1103 2950 Πῶς
1137 2887 1247 2957 γὰρ
1284 2888 1384 2940 οὐκ
1417 2888 1617 2941 ἄτοπον
1639 2903 1654 2918 ο

73 2968 285 3038 μᾶλλον
304 2970 384 3037 δὲ,
412 2971 533 3036 πῶς
562 2972 665 3026 οὐκ
691 2974 929 3044 ἐσχάτης
958 2975 1311 3047 βλασφημίας
1337 2978 1565 3049 πλῆρες,
1596 2980 1659 3032 τὸ

70 3062 216 3130 πρὸς
271 3062 444 3126 αὑτὰς
465 3063 570 3127 τὰς
626 3066 967 3129 Δεσποτικὰς
1013 3068 1195 3136 φωνὰς
1250 3070 1654 3140 ἀπομάχεσθαι·

1753 1981 1948 2021 noxam
1992 1964 2292 2019 attulerint.
2321 1962 2600 2031 Proposita
2646 1975 2772 2014 vero
2795 1958 3067 2027 indagine,
3117 1971 3337 2009 eorum-

1753 2076 1859 2130 que
1901 2074 2089 2114 errore
2118 2073 2241 2111 cum
2272 2071 2338 2110 ex
2367 2055 2489 2111 aliis
2544 2052 2714 2107 sacris
2753 2049 3071 2119 Scripturis,
3105 2056 3220 2101 tum
3264 2061 3332 2100 ex

1754 2153 1869 2222 ipsa
1924 2151 2112 2220 utique
2143 2146 2422 2203 Dominica
2472 2159 2603 2198 voce
2646 2143 2842 2196 clarius
2870 2140 3169 2202 confutata,
3226 2137 3331 2191 nisi

1756 2244 2159 2314 quamprimum
2200 2241 2268 2295 ab
2306 2237 2613 2308 hujusmodi
2650 2234 2883 2290 absurda
2914 2232 3171 2301 Opinione
3201 2230 3336 2284 resi-

1752 2337 1990 2407 puerint,
2051 2334 2313 2401 ociusque
2370 2330 2475 2394 his,
2525 2344 2646 2397 quae
2698 2327 2803 2380 rite
2850 2325 3073 2395 probata
3101 2331 3231 2376 sunt
3269 2336 3337 2377 ac

1736 2425 2028 2495 proposita
2063 2439 2171 2477 non
2218 2419 2607 2491 acquieverint,
2640 2419 2707 2471 ad
2742 2432 2902 2486 quam
2941 2412 3334 2484 blasphemiam

1761 2515 2068 2571 istiusmodi
2099 2514 2476 2584 prolabantur,
2504 2527 2567 2564 ac
2589 2518 2803 2580 quantae
2819 2506 3181 2562 damnationis
3213 2519 3336 2558 reos

1755 2610 1969 2679 seipsos
1993 2609 2247 2673 efﬁciant,
2271 2607 2372 2661 etsi
2394 2606 2613 2659 nemine
2635 2602 2981 2673 medicante,
3008 2599 3165 2669 plane
3185 2611 3335 2651 com-

1755 2709 1973 2769 pertum
2022 2707 2131 2752 est.
2187 2695 2459 2751 Excident
2505 2693 2650 2747 enim
2699 2706 2825 2746 cum
2876 2688 3101 2757 reliquis
3153 2685 3334 2748 bonis,

1755 2794 1920 2849 etiam
1975 2807 2004 2845 a
2036 2789 2253 2861 pietatis
2303 2802 2490 2848 sensu,
2523 2786 2751 2855 ipsoque
2791 2782 2978 2838 divino
3005 2780 3227 2849 Spiritu,
3277 2785 3341 2831 ut

1754 2886 1845 2955 qui
1876 2884 2111 2955 Spiritus
2138 2880 2386 2951 dignitati
2420 2878 2748 2942 detrahant;
2801 2874 3001 2944 quippe
3031 2871 3124 2941 qui
3155 2871 3341 2924 dicant

1756 2976 1907 3032 illum
1943 2991 2008 3030 ex
2038 2973 2176 3029 Filio
2208 2971 2531 3043 procedere,
2559 2967 2772 3036 aliaque
2800 2962 3189 3034 processione;
3225 2967 3342 3012 tum

1756 3062 1830 3117 illi
1880 3060 2268 3117 contumeliam
2323 3059 2626 3129 irrogantes
2659 3097 2676 3122 ,
2739 3064 2853 3108 tum
2905 3060 2961 3107 et
3009 3049 3342 3118 singularem

71 3154 175 3207 καὶ
203 3156 282 3249 τῇ
312 3154 590 3226 πανταχοῦ
624 3157 900 3230 κρατούσῃ
924 3158 1034 3212 τῶν
1070 3160 1322 3230 μεγάλων
1348 3162 1445 3215 καὶ
1471 3163 1656 3234 ἀρχιε-

1760 3168 2029 3222 unamque
2062 3149 2468 3222 processionem
2511 3144 2750 3201 ostentui
2786 3142 3070 3197 habentes.
3102 3140 3344 3205 Quomo—

70 3247 553 3318 ρατικῶν,θρόνων
571 3249 648 3321 (6)
673 3252 969 3322 παραδόσει
987 3269 1048 3307 τε
1076 3254 1171 3307 καὶ
1186 3253 1507 3328 διδασκαλίᾳ
1530 3257 1655 3310 ἀντι

72 3340 476 3395 επανίστασθαι
508 3358 527 3409 ;

144 3688 226 3745 A'.
258 3692 374 3746 Καὶ
399 3690 509 3766 γὰρ
534 3693 623 3748 ἵνα
647 3694 774 3759 τοὺς
795 3694 907 3767 πρὸ
934 3695 1100 3753 αὐτοῦ
1129 3688 1296 3761 ἐάσω,
1326 3698 1421 3752 καὶ
1446 3698 1599 3753 Λέων
1625 3697 1656 3752 ό

70 3782 178 3851 τῆς
203 3780 430 3854 Ῥώμης
450 3786 761 3857 ἀρχιερεὺς,
794 3787 822 3840 ὃ
837 3803 895 3839 τε
918 3786 1165 3853 παλαιὸς,
1183 3789 1278 3841 καὶ
1289 3787 1449 3841 πάλιν
1467 3789 1495 3840 ό
1518 3788 1656 3860 μετὰ

72 3873 275 3928 τοῦτον
302 3874 420 3939 νέος
451 3877 622 3943 Λέων,
661 3877 733 3931 τὰ
763 3877 902 3931 αὐτὰ
930 3878 1253 3949 φρονοῦντες
1281 3885 1346 3950 τῇ
1391 3880 1654 3951 καθολικῇ

78 3967 171 4020 καὶ
190 3969 529 4040 ἁποστολικῇ
564 3971 882 4042 Ἐκκλησία,
906 3972 1133 4035 καὶτοῖς
1152 3972 1259 4043 πρὸ
1279 3973 1459 4026 αὐτῶν
1479 3972 1657 4042 ἁγίοις

74 4058 420 4129 ἀρχιερεῦσι,
457 4063 549 4113 καὶ
584 4064 696 4125 τοῖς
726 4063 1105 4128 ἀποστολικοῖς
1136 4063 1502 4134 θεσπίσμασιν
1536 4067 1655 4117 ὲπι-

61 4148 407 4205 δείκνυνται.
445 4152 504 4207 Ὀ
529 4153 650 4222 μὲν,
680 4155 747 4226 τῇ
774 4154 1006 4227 τετάρτῃ
1031 4156 1124 4209 καὶ
1146 4159 1499 4230 οίκουμενικῇ
1522 4157 1655 4229 ἁγίᾳ

1759 3244 1829 3300 do
1856 3243 2003 3298 enim
2032 3258 2142 3295 non
2188 3237 2485 3293 absurdum
2519 3252 2535 3300 ;
2570 3235 2654 3289 vel
2697 3233 2899 3303 potius,
2926 3230 3202 3301 quomodo
3231 3244 3340 3283 non

1756 3343 2019 3391 extrema:
2058 3332 2280 3402 plenum
2317 3325 2667 3398 blasphemiae
2711 3336 2813 3389 est,
2856 3321 3151 3375 Dominicis
3208 3320 3344 3389 ipsis

1758 3423 1987 3480 vocibus
2033 3419 2357 3477 adversari?
2401 3415 2677 3472 traditioni
2714 3428 2930 3484 quoque
2978 3420 3032 3467 et
3078 3411 3344 3466 doctrina:

1759 3515 2042 3586 refragari,
2074 3529 2195 3585 qua:
2224 3512 2424 3581 ubique
2449 3510 2593 3581 apud
2619 3522 2841 3580 magnas
2871 3505 3138 3577 primique
3163 3518 3345 3559 sacer-

1759 3607 1891 3663 dotii
1924 3607 2082 3661 sedes
2108 3604 2251 3675 viget
2270 3604 2293 3656 ?

1832 3697 1923 3754 IV.
1958 3700 2137 3768 Atque
2166 3704 2227 3751 ut
2254 3694 2346 3751 illo
2395 3692 2709 3763 superiores
2737 3692 3008 3759 omittam,
3040 3689 3205 3746 etiam
3233 3688 3346 3743 Leo

1755 3790 2035 3847 Romanus
2052 3788 2295 3860 pontifex
2317 3827 2333 3853 ,
2366 3795 2481 3840 tum
2510 3786 2713 3849 senior,
2747 3794 2969 3855 tumque
3009 3798 3218 3848 rursus,
3250 3785 3345 3853 qui

1757 3883 1909 3939 illum
1959 3890 2182 3937 secutus
2235 3886 2336 3940 est,
2365 3875 2705 3945 Leojunior,
2740 3877 2929 3932 eadem
2957 3876 3161 3931 sentire
3218 3891 3345 3929 cum

1757 3971 2024 4027 catholica
2069 3979 2124 4024 et
2157 3967 2451 4038 apostolica
2482 3965 2748 4032 Ecclesia,
2796 3977 2852 4021 et
2889 3966 3093 4021 sanctis
3131 3965 3345 4035 cpisco-

1761 4067 1864 4137 pis,
1896 4065 1987 4134 qui
2019 4078 2115 4118 eos
2146 4068 2566 4132 praecesserunt,
2619 4076 2722 4115 nec
2751 4076 2860 4115 non
2904 4059 3219 4131 apostolicis
3246 4060 3347 4113 de-

1762 4159 1927 4215 cretis
1944 4156 2218 4223 assentiri,
2236 4165 2559 4213 noscuntur.
2582 4156 2793 4227 Nempe
2818 4154 2987 4227 prior,
3017 4154 3110 4224 qui
3135 4162 3345 4223 quartae

1620 4333 1852 4391 NOTAE.

56 4505 198 4560 quae
248 4496 432 4543 tamen
474 4489 595 4557 ejus
627 4491 808 4566 inepta
847 4494 1213 4566 exaggeratio,
1267 4504 1324 4551 et
1351 4510 1459 4566 qua
1486 4496 1657 4551 confi-
1683 4494 1739 4555 D
1766 4504 1960 4550 testate
1990 4494 2236 4560 fundata,
2263 4504 2319 4550 et
2358 4511 2459 4565 per
2496 4494 2723 4550 aliarum
2767 4494 3022 4565 iniuriam
3053 4500 3343 4566 provecta,

54 4565 533 4641 cinturupraeter
589 4562 783 4641 primo“
820 4562 1070 4641 traditam
1114 4566 1285 4641 fidem
1341 4562 1426 4641 viil
1470 4569 1659 4641 sacris

58 4630 524 4711 Evangeliis,_vel
557 4634 720 4711 etiam
751 4633 1029 4711 S_ym_bolo,
1073 4635 1207 4689 nihil
1234 4652 1330 4711 per
1359 4637 1658 4692 Ecclesium

55 4700 330 4768 potuisse
366 4700 489 4771 addi
540 4700 919 4771 explicationis
960 4721 1144 4766 causa,
1180 4700 1327 4759 et'ad
1374 4724 1544 4760 novos
1577 4724 1665 4762 er-

56 4785 235 4822 rores
283 4769 692 4848 convellendas,
723 4775 828 4848 nisi
866 4789 1083 4848 summa
1116 4778 1424 4831 temeritate
1453 4787 1508 4831 et
1534 4792 1666 4831 con-

55 4849 296 4921 tet‘u‘ptu
337 4840 650 4921 divitiarum
699 4842 1065 4921 eloquiorum,
1096 4847 1249 4921 quasi
1289 4846 1377 4900 illa
1409 4848 1523 4901 sola
1551 4864 1660 4903 non

52 4910 415 4989 sufficerent.
443 4910 705 4989 Quodque
730 4910 1009 4989 [tomanus
1041 4910 1305 4989 pontifex,
1327 4917 1487 4970 etiam
1510 4928 1663 4972 extra

55 4979 681 5058 conciliumngenerale
726 4982 951 5058 fecerit,
991 4979 1138 5058 nihil
1188 4979 1408 5046 mirum.
1457 4999 1665 5042 cumet

54 5049 189 5116 ipse
234 5049 485 5129 conciliis
534 5052 882 5129 generalibus
914 5054 1043 5129 quid
1089 5056 1445 5129 sanciendum
1483 5057 1661 5127 palam

52 5123 515 5197 pra-scripserit,
574 5123 924 5197 regulamque
969 5124 1219 5197 [fatribus
1254 5123 1577 5189 dederitfut
1606 5128 1662 5181 in

49 5194 246 5268 tertio
310 5197 577 5268 sextoque
634 5194 937 5258 przesertim
989 5195 1184 5268 liquet,
1235 5212 1356 5266 qum
1411 5197 1664 5254 ﬁdelibus

45 5258 342 5311 omnibus
373 5261 623 5313 maximae
647 5272 775 5315 sunt
795 5258 1154 5320 auctoritatis.

136 5327 229 5401 (β)
272 5326 390 5378 Καὶ
432 5330 869 5401 ἀρχιερατικῶν
921 5336 1170 5401 θρόνων.
1210 5335 1489 5392 Romanus
1521 5337 1657 5394 Cod.

1744 4776 2156 4840 Ecclesiarum,
2219 4793 2378 4830 suum
2422 4777 2721 4845 praesulem,
2768 4776 2992 4845 habet:

1765 4582 1927 4634 quam
1956 4566 2154 4620 Christi
2189 4561 2533 4621 institutione
2563 4576 2659 4620 aut
2705 4561 3001 4635 apostolica
3038 4561 3193 4635 {rnon
3235 4561 3347 4615 sic-

1767 4646 1829 4690 ut
1858 4637 2013 4690 scdes
2041 4636 2207 4699 Petri,
2251 4653 2410 4706 quam
2439 4637 2585 4690 fulsit
2632 4634 2814 4692 divina
2840 4634 3150 4704 promissio,
3177 4646 3351 4706 eaque

1808 4707 2055 4760 rimatum
2085 4717 2254 4771 tenet,
2270 4701 2343 4760 'ac
2370 4723 2539 4760 unum
2559 4707 2661 4760 sub
2678 4701 2897 4760 Christo
2915 4713 3079 4773 caput
3100 4701 3347 4773 euntium

3046 4771 3350 4839 ineptitun
3412 4812 3421 4834 ι

1766 4847 2017 4906 Photius.
2058 4848 2149 4914 qui
2184 4863 2312 4908 sua,
2349 4841 2653 4901 aliorumve
2698 4844 3054 4914 Orientalium
3106 4841 3349 4914 auctori-

1769 4925 1897 4978 tate,
1944 4917 1992 4970 ei
2040 4910 2171 4971 velit
2228 4918 2625 4985 praescribere:
2659 4915 2902 4983 falsoque
2956 4913 3060 4985 sibi
3120 4910 3354 4985 assumit
3428 4930 3433 4938 ·

1768 5002 1978 5051 onanes,
2045 4988 2136 5056 qui
2190 4981 2483 5041 verborum
2538 4981 3354 5056 Dominico'rum“simplicitate
3428 5026 3429 5029 η

1767 5050 2031 5121 contenti,
2064 5050 2485 5125 explicationem
2527 5064 2713 5124 aperte
2743 5070 2853 5108 non
2893 5050 3192 5125 obiiciant:
3241 5050 3351 5125 mi-_

1766 5142 1995 5194 rumque
2022 5120 2025 5121 ⁷
2050 5120 2155 5180 nec
2208 5142 2373 5179 unum
2424 5120 2670 5180 veterum
2706 5124 2901 5178 aiferrc
2936 5120 3179 5192 potuisse
3201 5120 3351 5194 ,__vel

1766 5190 2044 5263 Photium,
2102 5197 2187 5250 vel
2236 5197 2371 5250 alios
2405 5204 2685 5264 sequaces,
2723 5194 2812 5263 qui
2842 5190 3094 5264 spiritum
3128 5209 3185 5264 a_
3212 5190 3352 5264 Filio

1764 5261 2123 5331 inficiaret’ur,
2173 5276 2267 5320 aut
2303 5284 2365 5320 ex
2398 5261 2512 5321 solo
2538 5266 2697 5319 Patre
2725 5261 2951 5325 diceret,
2982 5263 3088 5317 nisi
3136 5261 3226 5315 ubi
3259 5276 3353 5315 se-

1764 5339 1870 5391 mel
1909 5340 2086 5409 plagio
2120 5353 2313 5390 mmtns
2345 5336 2604 5409 sacrilega
2654 5335 2846 5399 saeviit,
2886 5349 2989 5409 nec
3018 5343 3197 5409 tamen
3229 5332 3351 5409 pla-

1764 5399 1924 5477 gium'
1959 5399 2216 5476 obtegere
2265 5408 2474 5475 potuit;
2512 5399 2570 5459 ut
2599 5416 2914 5477 estauctor
2944 5403 3210 5471 Georgius
3238 5399 3351 5454 Me-

1764 5476 1986 5543 tochita,
2022 5482 2177 5547 cujus
2206 5481 2410 5531 utinam
2447 5492 2643 5530 aureos
2675 5476 2841 5530 libros
2888 5491 2918 5529 a
2959 5488 3046 5547 me
3099 5482 3353 5540 acceptos

1762 5544 2234 5617 evulgasset’Lco
2303 5548 2555 5610 Allatius,
2608 5546 2823 5617 illisque
2871 5544 3092 5617 tertium
3142 5550 3349 5595 tomqu

1762 5611 1985 5673 Graecia:
2038 5619 2372 5673 Orthodoxae
2421 5619 2656 5686 primum
2712 5611 2934 5686 fecisse.
2982 5611 3168 5686 Dolet_
3198 5621 3350 5686 certe

1764 5690 1897 5742 tanti
1932 5690 2266 5743 confessoris
2310 5680 2745 5742 lucubrationcm
2793 5685 2964 5747 illam,
3002 5680 3204 5736 tuenda
3236 5680 3351 5732 lto-

1762 5774 1921 5884 mauia
1963 5769 2017 5814 et
2048 5759 2348 5831 apostolica
2404 5758 2533 5827 ﬁde,
2581 5772 2686 5814 nec
2718 5755 2905 5811 Romae
2950 5749 3201 5810 invenire
3252 5748 3347 5821 qui

1762 5844 1858 5884 nro
1900 5840 2040 5884 ucat.

1760 5840 2040 5898 producat.

41 5396 102 5450 si
155 5397 321 5476 bene
353 5400 587 5476 reddidit
625 5401 834 5465 Melius,
874 5396 1310 5476 πατριαρχικῶν,
1346 5409 1489 5476 quod
1519 5409 1658 5464 forte

45 5467 301 5533 melius,
341 5478 437 5548 aut
461 5470 650 5523 saltem
683 5467 1013 5548 expressius.
1044 5467 1237 5529 E'x'his
1260 5467 1407 5548 enim
1437 5481 1648 5547 potissi-

43 5553 223 5617 munt
257 5538 490 5617 sedibus
517 5551 739 5617 propter
756 5538 1056 5617 primatum
1085 5547 1395 5617 sacerdotii,
1427 5538 1659 5617 petenda

42 5606 263 5692 regula
312 5606 464 5674 fidei;
507 5606 927 5692 Sed—pumcipue
969 5630 1032 5692 ac
1064 5615 1322 5687 singulari
1355 5606 1658 5692 privilegio,

40 5692 70 5731 a
119 5680 399 5757 [tertiana
425 5694 598 5757 ,ncum
643 5680 1104 5757 reliquisusmpius
1132 5680 1288 5741 ἕποι’
1331 5680 1658 5757 ιῐὺῐθβδεντη,

38 5748 389 5828 praesertim
419 5748 1074 5828 .Constanlinopolitanae,
1116 5772 1236 5824 qua:
1281 5774 1420 5812 nova
1451 5748 1658 5826 Roma,

36 5818 386 5875 secundam
413 5818 582 5889 jactat
610 5837 639 5874 a
677 5818 924 5891 seniore;
952 5818 1065 5894 ipsa
1093 5818 1335 5881 saeculari
1364 5831 1542 5901 potius
1564 5818 1658 5901 ιιοί
