3930 6476
120 439 212 501 801

1252 421 1792 491 EPISTOLARUM
1831 423 2065 484 LIBER
2105 425 2154 484 I.

3267 419 3376 483 802

123 550 232 620 ἦτοι
260 547 320 601 τὰ
343 545 605 601 ἀπύλωτα
630 546 740 598 τῶν
770 541 1159 615 αἱρετιζόντων
1189 541 1460 609 στόματα,
1501 533 1678 605 μηδα-
1705 581 1713 590 .

1823 547 1962 600 eque
2011 533 2171 588 inferi
2215 541 2402 603 portas
2437 534 2482 566 ³³
2514 571 2529 595 ,
2563 546 2658 586 ora
2709 531 2964 586 videlicet
2995 529 3380 589 haereticorum

125 641 232 712 μῶς
255 640 446 709 ἰσχύειν
463 639 598 709 αὐτῇ
624 636 988 706 διετράνωσεν
1010 635 1044 702 ἡ
1066 632 1341 700 ἀλήθεια),
1369 628 1556 692 πόθεν,
1585 625 1681 679 καὶ⁹

123 735 187 786 ἑκ
212 734 354 786 τίνων
379 733 412 802 ἡ
437 731 596 800 καινὴ
619 729 760 798 αὕτη
788 725 1193 798 παραναδύεται
1217 721 1360 776 κατὰ
1387 719 1480 774 τοῦ
1501 717 1683 772 ’Πνεύ-

127 843 282 895 ματος
309 823 621 894 βλασφημία
643 840 658 886 ;
687 821 799 875 Καὶ
823 820 941 882 πῶς
969 818 1070 871 οὐκ
1092 816 1159 870 ἂν
1177 816 1262 884 εἴη
1287 814 1346 866 τὸ
1370 809 1686 880 συνενεχθὲν

125 918 318 970 πολλῶν
349 918 444 986 μὲν
476 916 626 980 ἄξιον
676 911 1000 982 στεναγμῶν
1019 927 1033 940 ⁶
1073 908 1286 962 πολλῶν
1317 906 1375 959 δὲ
1405 902 1684 974 δακρύων,

125 1011 311 1080 πολλῆς
337 1010 393 1063 δὲ
438 1007 675 1076 σπουδῆς
712 1005 1060 1076 ἀναχαιτίσαι
1098 1003 1200 1071 τὴν
1245 999 1418 1069 νομὴν
1453 997 1545 1050 τοῦ
1580 996 1690 1049 πά-

127 1102 266 1166 θους,
293 1103 381 1154 καὶ
413 1103 487 1170 μὴ
514 1100 734 1161 πλείους
772 1099 908 1168 όρᾷν
966 1093 1444 1164 καταὸοσκόμενον
1471 1088 1580 1142 τῶν
1610 1090 1691 1152 είς

126 1195 346 1264 ποίμνην
376 1190 511 1245 Θεοῦ
542 1189 1045 1257 καταλογισθέντων
1069 1187 1130 1240 τὸ
1160 1186 1291 1257 νόση
1303 1201 1408 1256 μα;

197 1373 266 1423 Ζ’.
293 1372 388 1422 Διά
407 1387 489 1422 τοι
505 1367 666 1422 τοῦτο
685 1369 781 1422 καὶ
807 1369 841 1439 ἡ
871 1368 1026 1437 ἡμῶν
1051 1367 1342 1438 μετριότης
1361 1365 1551 1434 ὥσπερ
1577 1361 1699 1417 τινὰ

133 1462 293 1533 μέγαν
312 1461 408 1531 τῆς
445 1461 776 1530 Ἐκκλησίας
803 1460 1111 1530 πρόμαχον,
1149 1459 1244 1512 καὶ
1272 1452 1363 1511 οἷα
1400 1455 1466 1527 δὴ
1498 1455 1701 1508 σκοπὸν

123 1553 425 1622 τεθειμένον
485 1552 562 1622 τῷ
615 1552 750 1620 οἴκῳ
817 1550 1055 1622 Ἰσραὴλ,
1111 1549 1212 1618 τὴν
1281 1549 1555 1619 ὑμετέραν
1615 1546 1702 1600 ἐπ’

129 1645 290 1714 ἁρετῇ
321 1643 637 1712 τελειότητα
674 1642 1122 1714 προκαλούμεθα,
1162 1641 1254 1694 τὸν
1285 1642 1343 1694 έν
1389 1643 1456 1711 τῇ
1503 1639 1706 1712 καρδίᾳ

133 1738 287 1807 ζῆλον
312 1735 492 1789 ἔνθεον
528 1738 609 1799 εἰς
647 1736 810 1807 μέσον
837 1734 1236 1806 ὲκπυρσεῦσαιο
1267 1733 1364 1786 καὶ
1398 1727 1487 1787 οἷα
1513 1733 1578 1804 δὴ
1604 1733 1706 1803 τὴν

132 1831 229 1899 τῆς
274 1829 683 1900 ἀρχιερωσύνης
741 1828 966 1899 λυχνίαν
1009 1827 1357 1891 ἀνάπτοντα,
1412 1827 1549 1880 πᾶσι
1591 1827 1705 1889 τοῖς

133 1919 498 1991 πλανωμένοις
551 1920 668 1988 φῶς
723 1921 989 1991 σωτήριον
1055 1918 1391 1986 ὲναυγάσαι·
1453 1917 1550 1972 καὶ
1604 1917 1705 1989 τῆς

134 2013 337 2083 πλάνης
367 2013 467 2082 μὲν
499 2014 845 2084 ἀποστῆσαι,
890 2011 1308 2084 χειραγωγῆσαι
1339 2011 1397 2064 δὲ
1427 2015 1564 2082 πρὸς
1602 2011 1708 2066 ἀνὰ

132 2107 305 2158 πᾶσαν
331 2107 430 2175 τὴν
463 2107 794 2176 οἰκουμένην
827 2105 1225 2175 ἐξηπλωμένην
1254 2103 1560 2160 εὐσέϐειαν.

195 2198 278 2253 H'.
315 2197 535 2268 Πρῶτον
585 2197 683 2267 μὲν
721 2197 853 2268 γὰρ,
902 2195 978 2259 ὡς
1022 2194 1261 2266 εἴρηται,
1295 2193 1394 2264 τὴν
1418 2191 1707 2263 Κυριακὴν

128 2289 240 2359 ἔχει
281 2291 495 2360 φωνὴν,
561 2289 952 2361 λαμπροτέραν
1006 2289 1189 2358 πάσης
1232 2287 1582 2356 λαμπηδόνος
1621 2285 1710 2350 ἑξ-

128 2383 613 2453 αστράπτουσαν,ἡ
647 2386 710 2436 ἐκ
737 2381 833 2435 τοῦ
859 2383 1072 2453 Πατρὸς
1097 2381 1189 2434 τοῦ
1211 2381 1528 2453 Πνεύματος
1554 2379 1712 2432 ἐκπό-

129 2491 329 2544 ρευσις·
375 2476 509 2544 πρὸς
543 2477 609 2546 ἦν
640 2475 1060 2537 ἀναϐλέποντες,
1091 2475 1197 2527 κᾶν
1245 2474 1346 2544 ὀψὲ
1397 2472 1527 2542 γοῦν
1563 2473 1611 2526 οἱ
1645 2472 1709 2524 ὲκ

125 2567 216 2619 τοῦ
252 2566 380 2620 Υἱοῦ
411 2568 472 2620 τὸ
513 2567 740 2633 Πνεῦμα
769 2565 1228 2634 δυσφημήσαντες
1271 2562 1668 2632 ἐκπορεύεσθαι
1691 2597 1707 2625 ,

125 2657 534 2710 παυσάσθωσαν
567 2658 665 2726 τῆς
704 2659 763 2710 ἐν
803 2656 982 2728 πλάνῃ
1029 2654 1126 2708 καὶ
1179 2655 1356 2724 σκότῳ
1401 2653 1710 2724 διατρισῆς,

124 2753 220 2804 καὶ
258 2752 337 2823 τῷ
369 2754 507 2818 φωτὶ
535 2753 634 2820 τῆς
680 2749 965 2811 εὐσεϐείας
994 2747 1436 2818 έλλαμπόμενοι,
1485 2749 1567 2810 εἰς
1615 2746 1714 2808 τὰς

120 2845 319 2897 ἄδυτον
349 2843 580 2912 ἐχούσας
601 2842 841 2914 μάνδρας
873 2844 974 2914 τὴν
1012 2840 1114 2910 τῆς
1143 2840 1454 2912 ὀρθοδοξίας
1489 2840 1715 2911 αἴγλην,

117 2938 234 2998 τοῖς
259 2935 512 2988 εὐσεδέσι
539 2936 982 3000 συνεισιέτωσαν,
1015 2933 1440 3004 καταιδούμενοι
1479 2932 1717 3002 μάλιστα

119 3029 219 3081 καὶ
247 3029 344 3080 τὸν
377 3028 694 3099 ὲπιστήθιον
726 3028 835 3081 τῶν
867 3029 1137 3100 οὐρανίων
1182 3027 1468 3095 δογμάτων
1506 3025 1717 3094 μύστην

117 3123 218 3174 καὶ
250 3123 638 3192 μυσταγωγὸν,
665 3122 756 3177 τὸν
778 3122 876 3192 τῆς
908 3120 1184 3189 θεολογίας
1222 3119 1477 3188 Ἰωάννην
1503 3114 1716 3169 ἐπώνυ-

1781 625 1957 695 portis
1986 627 2249 688 carentia.
2292 627 2404 680 ullo
2434 635 2593 695 pacto
2616 625 2910 695 praevalere
2935 638 3118 693 posse,
3151 624 3382 694 ipsamet

1785 719 2090 774 declaravit
2134 719 2381 788 veritas),
2420 719 2586 784 unde,
2637 726 2690 771 et
2729 732 2797 771 ex
2829 716 3028 786 quibus
3084 733 3224 770 nova
3267 718 3384 770 haec

1787 815 2013 867 emersit
2040 813 2304 867 adversus
2335 812 2599 881 Spiritum
2621 809 3006 880 blasphemia?
3043 810 3111 863 Et
3145 826 3382 878 quomo-

1792 903 1864 956 do
1915 919 2027 958 non
2089 904 2279 958 multis
2325 903 2469 957 istud
2529 903 2972 972 prosequendum
3015 900 3270 970 lacrymis
3325 915 3390 952 ac

1794 995 2048 1065 suspiriis
2079 995 2104 1048 ?
2133 995 2413 1064 Multaque
2435 1010 2574 1064 opus
2597 993 2876 1064 diligentia
2918 993 2982 1046 ad
3014 993 3386 1046 cohibendum

1796 1088 1961 1159 hujus
1991 1089 2114 1142 mali
2147 1103 2518 1159 progressum,
2552 1102 2616 1142 ac
2657 1101 2728 1141 ne
2757 1087 2941 1156 plures
2960 1086 3255 1154 depascere
3308 1085 3394 1139 la-

1794 1182 1922 1237 bem
1969 1181 2273 1246 videamus,
2304 1195 2516 1247 eorum,
2550 1178 2645 1250 qui
2679 1179 2733 1232 in
2765 1177 2858 1232 Dei
2895 1191 3054 1248 grege
3104 1191 3396 1230 numeran-

1800 1278 1910 1324 tur.

1870 1361 1980 1417 VII.
2024 1361 2138 1416 Hac
2201 1361 2367 1433 igitur
2399 1363 2466 1418 de
2521 1378 2705 1424 causa,
2739 1378 2839 1417 nos
2881 1379 3098 1434 quoque
3139 1367 3396 1429 humiles,

1801 1453 1954 1508 velut
1985 1469 2242 1524 magnum
2271 1454 2544 1523 quoddam
2571 1453 2828 1508 Ecclesiae
2862 1456 3135 1522 columen,
3172 1473 3235 1511 ac
3266 1474 3401 1526 qua-

1806 1547 1852 1602 si
1879 1548 2278 1618 Speculatorcm
2331 1549 2568 1618 positum
2606 1548 2789 1604 domui
2831 1548 3018 1616 Israel,
3053 1561 3400 1621 pra‘stantem

1806 1649 2046 1696 vestram
2083 1655 2446 1710 provocamus
2475 1642 2758 1704 virtutem,
2795 1651 2853 1696 ut
2882 1641 2976 1695 Dei
3008 1643 3206 1705 zelum.
3239 1660 3402 1714 quem

1808 1733 1861 1788 in
1893 1734 2059 1789 corde
2089 1733 2324 1798 habetis,
2366 1733 2419 1786 in
2447 1733 2689 1788 medium
2724 1734 2941 1789 lucente
2984 1734 3200 1795 flamma
3233 1743 3406 1796 susci-

1810 1825 2311 1895 tetiszsummique
2365 1826 2658 1880 sacerdotii
2695 1827 2843 1882 velut
2883 1843 3111 1885 accensa
3161 1832 3405 1899 lucerna,

1811 1917 2126 1972 errantibus
2152 1917 2412 1973 omnibus
2441 1919 2680 1974 salutare
2707 1922 2894 1976 lumen
2929 1924 3222 1988 invehatis,
3245 1935 3408 1996 atque

1809 2010 1877 2064 ab
1893 2025 2081 2064 errore
2111 2019 2388 2076 avocatus,
2423 2011 2491 2066 ad
2535 2011 2795 2082 pietatem
2828 2023 2944 2068 toto
2976 2024 3243 2071 terrarum
3276 2020 3408 2072 orbe

1810 2103 2159 2172 explicatam,
2190 2119 2359 2157 manu
2399 2104 2640 2160 dueatis.

1886 2194 2018 2249 VIII.
2059 2194 2304 2250 Primum
2356 2197 2578 2266 quidem
2622 2199 2720 2269 (uti
2747 2201 2860 2270 jam
2895 2203 3100 2258 dictum
3142 2204 3246 2272 est)
3299 2204 3408 2258 Do-

1811 2286 2070 2342 minicam
2111 2287 2327 2342 habetis
2352 2304 2564 2354 vocem,
2598 2292 2790 2360 quavis
2846 2292 2962 2348 face
2995 2294 3252 2360 lucidius,
3285 2295 3411 2365 Spi-

1812 2381 1979 2435 ritum
2011 2397 2040 2434 a
2074 2380 2235 2435 Patre
2257 2385 2560 2450 procedere
2589 2384 2913 2453 prodentem
2944 2402 2958 2438 :
2991 2387 3058 2440 ad
3099 2402 3261 2456 quam
3295 2396 3411 2440 tan-

1814 2472 1938 2527 dem
2003 2473 2298 2542 aliquando
2327 2473 2572 2527 levantes
2618 2476 2831 2539 oculos,
2885 2477 2976 2546 qui
3013 2494 3110 2546 per
3155 2477 3409 2548 hlaSphe-

1815 2563 2004 2625 miam,
2043 2564 2280 2634 Spiritus
2309 2580 2373 2618 ex
2410 2565 2549 2619 Filio
2571 2568 2990 2637 processionem
3021 2569 3238 2636 docent,
3269 2568 3409 2624 desi-

1815 2665 1952 2711 nant
1997 2657 2052 2710 in
2081 2673 2268 2711 errore
2298 2673 2362 2712 ac
2414 2659 2658 2712 tenebris
2693 2661 2898 2713 versari
2935 2678 2948 2714 :
3005 2662 3238 2731 fideique
3283 2662 3408 2716 luce

1819 2752 2147 2816 collustrati,
2183 2751 2296 2820 pari
2327 2767 2451 2804 cum
2495 2751 2817 2807 orthodoxis
2851 2753 3056 2808 foedere
3096 2755 3281 2809 caulas
3331 2755 3416 2808 in—

1818 2845 2152 2915 grediantur,
2179 2844 2517 2900 orthodoxite
2548 2846 2823 2901 radiantes
2845 2847 3059 2915 jubare,
3079 2849 3219 2917 quod
3241 2850 3422 2904 nescit

1818 2949 2074 2990 occasum
2102 2952 2116 3001 ;
2169 2950 2293 2988 eum
2325 2936 2630 3005 prmsertim
2663 2937 2886 2991 reveriti
2919 2939 3010 3007 qui
3045 2953 3076 2991 e
3133 2938 3418 2994 Dominico

1820 3038 2042 3098 pectore
2101 3029 2310 3082 haustis
2360 3029 2684 3099 liquoribus,
2734 3031 3041 3085 cmlestium
3096 3032 3416 3104 dogmatqu

1822 3119 2124 3187 discipulus
2155 3135 2217 3173 ac
2248 3120 2461 3185 doctor,
2495 3122 2748 3185 elIcctus,
2795 3121 3034 3177 Joannes
3070 3139 3098 3176 a
3124 3123 3418 3195 Thcologia

119 3231 246 3283 μονο
286 3216 383 3268 καὶ
415 3218 494 3278 είς
526 3215 822 3285 πρεσϐείαν
861 3214 1340 3285 προϐαλλέτωσαν,
1379 3209 1713 3279 συγγνώμης

1824 3225 2027 3264 nomen
2060 3220 2142 3264 051.
2176 3221 2506 3265 consecutus
2531 3230 2544 3266 ε
2580 3229 2644 3266 80
2674 3214 3037 3269 intercessore
3059 3223 3274 3268 VCIIliIIl‘!
3299 3231 3421 3285 prc-

111 3309 314 3378 τυχεῖν
344 3301 427 3369 οἷς
445 3307 778 3370 ἀπεναντίας
808 3307 975 3360 αὐτοῦ
1011 3323 1073 3358 τε
1106 3306 1201 3358 καὶ
1235 3303 1331 3358 τοῦ
1361 3301 1684 3357 διδασκάλου
1705 3341 1721 3366 ,

112 3399 220 3451 καὶ
265 3399 381 3449 τῶν
430 3396 693 3467 μαθητῶν
739 3397 834 3450 τοῦ
887 3395 1351 3463 θεολογικωτάτου
1402 3393 1514 3462 (Η)
1556 3391 1726 3445 πάλαι

111 3490 258 3544 ποτὲ
282 3490 683 3558 ἐπανέστησαν.
716 3489 842 3552 Τοῖς
872 3488 981 3560 γὰρ
1010 3490 1074 3540 ἐκ
1098 3486 1193 3540 τοῦ
1237 3487 1455 3556 Πατρὸς
1502 3485 1598 3538 καὶ
1627 3483 1724 3538 τοῦ

109 3582 260 3637 Υἱοῦ
307 3584 369 3635 τὸ
418 3584 684 3650 πανάγιον
732 3582 958 3652 Πνεῦμα
1003 3580 1402 3651 ἐκπορεύεσθαι
1453 3577 1727 3649 δογματί-

107 3677 310 3738 ζουσι,
347 3672 443 3726 δύο
477 3673 694 3737 πάντως
735 3674 883 3726 αἴτια
932 3671 1027 3725 καὶ
1060 3672 1228 3742 ἀρχαὶ
1259 3669 1724 3739 συνεισέρχονταιο

116 3767 219 3819 καὶ
257 3769 297 3837 ἠ
327 3768 386 3818 ὲν
415 3768 480 3836 τῇ
505 3765 698 3836 Τριάδι
724 3763 992 3834 μοναρχία
1022 3761 1253 3834 φροῦδος
1289 3762 1595 3831 οἰχήσεται.
1623 3758 1729 3811 Δύο

117 3861 234 3931 γὰρ
266 3859 527 3930 φανερῶς
563 3860 678 3921 τοῖς
704 3856 847 3910 οὓτω
890 3856 1111 3922 λέγουσι
1137 3854 1207 3906 τὰ
1239 3853 1390 3907 αἴτια
1417 3868 1727 3922 συνανακη-

121 3953 422 4023 ρύσσεται,
456 3952 517 4017 ἐξ
560 3943 634 4005 ὧν
657 3951 752 4005 καὶ
776 3951 811 4021 ἡ
854 3949 954 4020 μία
989 3950 1070 4011 εἰς
1109 3946 1202 4000 δύο
1236 3945 1411 4018 ἀρχὰς
1441 3945 1720 4017 (τρέποιτο

119 4049 176 4102 δὲ
202 4051 272 4101 τὸ
318 4047 637 4119 βλάσφημον
667 4049 748 4112 είς
780 4047 882 4110 τὰς
915 4046 1023 4100 τῶν
1063 4043 1255 4099 αἰτίων
1293 4042 1558 4114 κεφαλὰς)
1601 4059 1728 4094 συν-

114 4140 496 4210 διασχίζεται.

197 4233 292 4288 Θ’.
327 4235 540 4298 Ἄλλως
579 4252 635 4288 τε
667 4234 744 4299 δὲ,
779 4235 828 4286 εἰ
860 4233 960 4303 μὲν
995 4233 1178 4287 τελεία
1216 4235 1249 4304 ὴ
1287 4233 1354 4286 ἐκ
1379 4232 1473 4286 τοῦ
1515 4231 1727 4304 Πατρός

110 4325 288 4376 ἐστιν
340 4323 687 4392 ἐκπόρευσις,
731 4323 815 4387 τίς
851 4325 884 4394 ἡ
929 4324 1090 4393 χρεία
1131 4323 1230 4392 τῆς
1261 4322 1522 4394 δευτέρας
1559 4325 1728 4376 ἐκπο-

109 4416 408 4485 ρεύσεως,
433 4416 536 4487 ἤδη
559 4417 659 4485 τῆς
687 4416 1026 4486 τελειότητος
1059 4417 1124 4470 ἐκ
1154 4417 1254 4485 τῆς
1284 4416 1727 4486 πατρικῆς-προ-

95 4512 250 4563 όδου
305 4507 706 4579 καθορωμένης
736 4507 813 4578 τῷ
843 4509 1124 4580 Πνεύματι
1152 4526 1166 4575 ;
1200 4509 1261 4560 Εἰ
1304 4507 1348 4560 δ’
1375 4508 1592 4580 ἀτελὴς,
1643 4507 1728 4570 τίς

1829 3311 2045 3362 centur,
2074 3304 2218 3373 quod
2255 3304 2327 3357 illi
2361 3319 2424 3358 ac
2457 3306 2738 3376 magistro,
2758 3307 3267 3376 discipulorumque
3295 3308 3419 3361 albo

1830 3394 2118 3464 theologia:
2149 3395 2316 3450 radiis
2349 3397 2768 3462 micantissimo,
2815 3399 3106 3452 contrariis
3141 3399 3419 3468 opinioni-

1829 3487 1932 3542 bus
1971 3488 2300 3558 quandoque
2343 3489 2470 3543 olim
2505 3490 2855 3544 obstiterunt.
2917 3491 3072 3556 Quod
3110 3494 3258 3546 enim
3290 3507 3420 3546 san-

1830 3579 2108 3633 ctissimus
2163 3580 2400 3650 Spiritus
2437 3597 2467 3634 a
2514 3583 2675 3636 Patre
2707 3591 2758 3637 el
2789 3583 2927 3636 Filio
2974 3584 3189 3638 dicatur
3225 3600 3422 3654 procc-

1831 3670 1982 3735 dere,
2040 3669 2178 3725 duas
2217 3673 2448 3728 omnino
2498 3689 2692 3727 causas
2723 3689 2787 3728 ac
2820 3673 3083 3743 principia
3121 3683 3206 3727 est
3249 3674 3422 3728 intro—

1831 3764 2033 3820 ducere
2059 3783 2072 3819 :
2099 3782 2276 3836 eoque
2305 3766 2356 3819 in
2390 3774 2578 3821 sancta
2620 3765 2890 3820 Trinitate
2927 3767 3296 3820 monarchiam
3327 3783 3425 3838 pe-

1831 3855 1980 3909 nitus
2006 3856 2242 3911 abolere.
2278 3855 2378 3923 Qui
2398 3857 2542 3911 enim
2573 3857 2651 3911 sic
2683 3856 3014 3925 loquuntur,
3041 3857 3174 3910 duas
3202 3857 3426 3927 perinde.

1831 3964 2027 4003 causas
2074 3949 2497 4019 praedicabunt:
2556 3950 2797 4019 hincque
2832 3950 2969 4004 adeo
3001 3965 3168 4003 unum
3220 3951 3430 4020 pariter

1831 4040 2164 4109 principium
2215 4050 2415 4106 (vertat
2446 4041 2590 4095 Deus
2622 4041 2677 4094 in
2723 4056 2942 4096 reorum
2979 4052 3144 4112 caput
3174 4043 3431 4112 blasphe-

1830 4132 2019 4204 miam)
2057 4134 2110 4186 in
2141 4134 2250 4188 duo
2274 4134 2573 4188 dividetur.

1912 4225 2002 4280 ΙΧ.
2043 4227 2334 4292 Praeterea,
2369 4229 2413 4281 si
2437 4227 2678 4298 perfecta
2712 4237 2796 4282 est
2827 4244 2891 4283 ex
2921 4230 3082 4284 Patre
3110 4231 3387 4300 processio
3407 4271 3427 4292 ,

1829 4321 1960 4390 quid
1999 4335 2138 4389 opus
2174 4328 2257 4375 est
2300 4321 2470 4374 altera
2509 4323 2862 4391 proccssione
2885 4363 2902 4387 ,
2934 4338 3060 4376 cum
3099 4339 3163 4377 ex
3201 4331 3427 4393 paterna

1826 4411 1940 4481 jam
1991 4413 2342 4482 processione
2398 4412 2637 4482 Spiritus
2665 4414 2943 4484 perlectus
2980 4430 3103 4470 esse
3163 4415 3431 4485 inteliiga-

1836 4506 1964 4559 tur?
2018 4505 2116 4560 Sin
2172 4515 2356 4560 autem
2405 4507 2753 4577 imperfecta,
2811 4508 2932 4577 quis
2981 4508 3120 4563 feret
3158 4508 3301 4577 quod
3355 4509 3428 4560 ita

93 4598 360 4652 ὑποίσει
389 4575 461 4650 τὸ⁷
482 4575 720 4662 ἄτοπον;
764 4575 1006 4667 Πρῶτον-
1030 4598 1130 4668 μὲν
1158 4597 1266 4668 γὰρ
1299 4598 1326 4650 ὸ
1355 4575 1539 4650 τοῦτο⁷
1566 4597 1707 4667 φάνα

1835 4597 2073 4651 absurde
2125 4597 2430 4652 asseritur?
2475 4597 2719 4652 Primum
2763 4600 2910 4652 enim
2949 4599 3042 4669 qui
3080 4601 3184 4654 hoc
3235 4598 3432 4652 audeat

100 4689 443 4760 τολμήσας,
474 4691 541 4760 τῇ
574 4689 877 4760 παντελείῳ
905 4689 1094 4758 Τριάδι
1124 4689 1186 4741 τὸ
1224 4688 1416 4751 ἀτελὲς
1445 4691 1736 4762 ἐναπέρρι-

105 4783 253 4852 ψεν.
296 4783 535 4836 Ἔπειτα
568 4783 624 4836 δὲ
655 4783 753 4835 καὶ
783 4785 847 4836 ὲκ
875 4781 971 4835 δύο
1013 4782 1178 4836 πάλιν
1208 4782 1413 4836 ἀτελῶν
1442 4784 1502 4837 τὸ
1534 4785 1736 4838 τελειο-

109 4874 296 4927 ποιὸν
329 4874 563 4944 Πνεῦμα
594 4875 1094 4942 συγκατεσκεύασε,
1122 4875 1234 4928 Ναὶ
1265 4875 1329 4946 δὴ
1359 4876 1456 4929 καὶ
1479 4875 1734 4930 σύνθετον

107 4967 507 5031 ἀπετέλεσεν,
554 4969 630 5030 ὡς
672 4970 737 5020 ἐκ
781 4967 876 5020 δύο
904 4966 1066 5020 τινῶν
1101 4967 1323 5020 αἰτίωνο
1355 4967 1448 5020 καί
1489 4967 1612 5020 τότε
1645 4969 1663 5041 (
1691 4967 1736 5022 ὦ

114 5057 406 5127 γλώσσης
447 5057 718 5129 ἀκρατοῦς
752 5059 845 5110 καὶ
875 5056 1101 5127 γνώμης
1133 5057 1502 5128 ἀγνώμονοςῐ)
1530 5059 1736 5123 ἀτελῶς

107 5152 180 5216 ἐξ
237 5153 519 5222 ἐκατέρου
564 5150 1003 5220 ἐκπορευομένου
1052 5150 1147 5203 τοῦ
1189 5150 1528 5220 Πνεύματος.
1568 5154 1632 5204 Οἱ
1679 5152 1736 5206 δὲ

103 5243 320 5315 ταύτῃ
365 5247 435 5315 τῇ
478 5245 764 5314 δυσφημίᾳ
811 5243 1054 5313 κάτοχοι,
1097 5243 1192 5295 καὶ
1231 5244 1424 5297 υἱωνὸν
1467 5246 1641 5299 εἰπεῖν
1674 5245 1736 5299 τὸ

106 5337 400 5407 Πνεῦμα,
430 5338 531 5390 οὐκ
557 5337 623 5389 ἂν
658 5336 1046 5407 ἁποκνήσαιεν.
1077 5335 1140 5388 Εἰ
1175 5335 1232 5388 δὲ
1261 5335 1362 5406 τὴν
1401 5338 1586 5408 φωνὴν
1635 5355 1737 5407 φυ-

192 5457 248 5490 ³²
296 5456 497 5512 Matth.
532 5473 645 5521 xvr,
679 5456 764 5510 18.

1837 4689 2041 4754 dicere,
2080 4687 2358 4750 Trinitati,
2391 4705 2512 4758 qua:
2537 4691 2717 4745 modis
2750 4691 3008 4745 omnibus
3035 4691 3276 4760 perfecta
3323 4699 3429 4755 est,

1837 4781 2306 4851 imperfectionem
2360 4784 2571 4838 tribuit.
2613 4785 2820 4839 Deinde
2878 4799 3034 4848 vero,
3090 4800 3158 4838 ex
3217 4785 3434 4838 duobus

1837 4889 2059 4928 rursum
2111 4874 2470 4944 imperfectis,
2521 4886 2802 4930 auctorem
2864 4876 3042 4929 omnis
3077 4875 3434 4945 perfectionis

1839 4966 2109 5036 Spiritum
2141 4968 2465 5021 constituit:
2492 4968 2626 5038 quin
2672 4979 2727 5023 et
2759 4969 3151 5038 compositum,
3195 4969 3341 5022 velut
3367 4984 3434 5023 ex

1838 5059 2052 5114 duabus
2099 5060 2426 5128 quibusdam
2473 5064 2657 5115 causis
2687 5077 2751 5115 ac
2784 5061 3127 5124 auctoribus,
3159 5060 3324 5116 fecit:
3381 5072 3437 5116 et

1838 5151 1911 5206 ita
1964 5155 2020 5220 (ο
2062 5151 2302 5222 linguam
2344 5151 2780 5205 incontinentem
2837 5158 2890 5206 et
2933 5154 3221 5220 reprobam
3275 5167 3434 5206 mcu-

1839 5245 2014 5316 tem!)
2074 5260 2141 5298 et
2194 5255 2425 5314 utroque
2483 5243 2804 5314 imperfecte
2859 5243 3098 5313 Spiritus
3153 5245 3430 5314 procedet.

1838 5339 1941 5410 Qui
1985 5340 2088 5394 hac
2120 5355 2286 5409 porro
2333 5346 2632 5393 teneantur
2670 5335 3014 5406 blasphemia
3040 5377 3056 5402 ,
3107 5353 3210 5393 nec
3256 5337 3434 5407 Spiri-

1739 5568 1978 5628 NOTAE.

191 5688 254 5759 (1
271 5687 338 5759 1)
380 5684 509 5740 Τῶν
534 5683 819 5759 manu???
844 5683 950 5759 τοῦ
978 5681 1505 5759 θερλοπικφτίίτου-
1539 5680 1734 5736 Melius

103 5754 343 5832 plurali
382 5754 613 5832 numero
643 5756 851 5832 reddit:
889 5754 955 5808 Et
981 5756 1114 5832 alios
1145 5754 1464 5832 discipulos“;
1493 5767 1735 5832 nonnex-

107 5823 348 5900 plicata
383 5829 545 5881 etiam
567 5842 704 5900 voce
735 5825 1217 5900 Osoloytxwra'ttou.
1254 5823 1396 5900 velit
1422 5825 1562 5878 forte
1599 5823 1736 5900 Pau-

103 5894 272 5968 lum,
332 5913 614 5954 sunnnum
661 5897 801 5952 inter
848 5896 1123 5966 apostolos
1180 5895 1522 5966 theologum,
1580 5894 1739 5963 cujus

1839 5684 2070 5754 perinde
2096 5683 2321 5739 vocibus
2348 5684 2496 5754 abuti
2524 5684 2746 5739 Latinos
2765 5681 3123 5752 sequentibus
3149 5690 3420 5734 causetur.

1843 5761 1914 5879 ῆι
1946 5756 2259 5879 lstramilnca
2308 5757 2513 5824 omnia,
2562 5772 2626 5812 ac
2650 5755 2781 5811 satis
2816 5755 2927 5824 jam
2961 5766 3231 5822 superque
3264 5766 3294 5804 a
3329 5754 3435 5810 Cas

1847 5834 1940 5879 HO
1967 5841 2066 5881 ιρις
2105 5840 2134 5878 e
2159 5841 2257 5881 tsa.
