3930 6442
521 402 632 469 803
1648 394 1912 456 ΡΠΟΤΙῐ
1950 395 2116 457 ΡΑΤΙ

2221 394 2456 456 ιιιειυε
2492 395 2601 458 cr.
3225 431 3236 440 κ
3677 403 3784 471 su

525 521 652 567 tum
673 515 937 579 nepotem
981 505 1168 562 dicere
1193 501 1592 560 recusaverint.
1624 503 1742 557 Etsi
1770 503 1918 558 enim
1958 503 2101 558 hanc

2221 505 2490 558 ιάττονται
2522 503 2673 576 φόϐῳ
2702 506 2811 560 τῶν
2836 507 3100 562 εὐσεϐῶν·
3145 509 3264 565 ἀλλ’
3291 505 3388 567 οὖν
3410 512 3475 567 τδ
3503 513 3782 584 φρόνημα,

523 616 717 656 vocem
749 601 964 670 piormn
994 606 1143 653 metu
1173 597 1370 658 vitant,
1405 604 1463 649 at
1487 609 1710 648 sensum
1743 605 1945 658 tamen,
1976 595 2103 663 qui-

2221 598 2271 648 it‘
2307 590 2384 650 ὧν
2411 598 2818 667 δογματίζουσι,
2856 599 3174 656 θάλπουσιν.
3217 605 3280 657 Ei
3304 605 3415 676 γὰρ
3444 607 3474 660 6
3525 607 3630 674 μὲν
3657 607 3785 668 Υἱὸς

527 693 632 748 bus
663 694 733 747 ita
763 692 981 754 docent,
1016 687 1450 744 subministrant.
1475 684 1610 740 Nam
1639 687 1681 740 si
1709 685 1878 740 Filius
1906 701 1970 739 ex
1999 685 2103 739 Pa-

2221 693 2269 740 ικ
2299 688 2395 742 τοῦ
2423 690 2639 760 Πατρὸς
2661 691 2749 744 διὰ
2776 694 3084 762 γεννήσεως
3116 696 3355 765 πρόεισι·
3379 697 3441 750 τὸ
3470 699 3704 769 Πνεῦμα
3727 699 3788 751 δὲ

528 795 612 840 tre
665 784 780 839 exit
806 799 906 853 per
943 780 1372 852 generationem,
1424 778 1661 848 Spiritus
1693 793 1822 832 vero
1851 793 1916 832 ex
1968 776 2102 830 Filio

2221 789 2269 825 εκ
2294 774 2387 826 τοῦ
2418 775 2549 828 Υίοῦ
2577 777 2645 830 δι’
2673 778 3082 848 ὲκπορεύσεως,
3118 785 3200 846 εις
3228 784 3427 838 υἱωνοῦ
3449 786 3606 852 τάξιν
3629 804 3791 858 περι-

526 892 628 946 pcr
671 873 1078 944 processionem
1110 869 1346 930 exsistit.
1388 869 1549 939 plane
1606 868 1660 922 in
1693 869 1908 938 nepotis
1951 867 2104 922 ordi-

2221 867 2480 935 ττήσεται·
2509 867 2605 922 καὶ
2627 869 2744 931 πῶς
2787 870 2854 923 ἂν
2895 871 2982 942 εἴη
3017 871 3180 926 τοῦτο
3217 876 3454 946 φορητδν
3482 880 3600 940 τοῖς
3631 878 3793 930 εὐσε-

526 981 652 1019 nem
683 964 960 1019 transibit.
1001 963 1055 1016 Id
1087 977 1220 1017 vero
1259 977 1364 1032 qua
1391 962 1602 1016 ratione
1630 960 1936 1025 ferendum,
1980 961 2102 1030 qui-

2221 956 2319 1010 Ξεῖν
2359 959 2602 1029 σπουδὴν
2626 963 3001 1031 ποιουμένοις,
3049 964 3148 1017 καὶ
3180 965 3258 1036 τῷ
3289 966 3399 1020 τῶν
3440 969 3798 1039 Χριστιανῶν

526 1055 634 1110 bus
666 1070 814 1108 cura:
843 1055 913 1108 sit
944 1061 1001 1106 ιιι
1039 1052 1296 1122 pietatem
1343 1051 1542 1113 colant,
1577 1059 1633 1104 et
1667 1049 2103 1103 Christianorum

2221 1049 2495 1121 ιιαταλόγῳ
2543 1053 3036 1122 συνεξετάζεσθοι;
3086 1057 3121 1126 ἢ
3168 1058 3286 1122 πῶς
3320 1060 3414 1112 ἐπὶ
3447 1061 3584 1114 πολὺ
3643 1079 3792 1134 παρ-

526 1159 759 1198 numero
778 1153 1106 1197 censeantur
1127 1141 1150 1194 ?
1170 1150 1265 1195 aut
1282 1140 1556 1210 quomodo
1572 1140 1777 1194 diutius
1795 1138 2104 1209 neglectum

2221 1140 2481 1211 ιρώμενον
2506 1143 2898 1211 ἀνεξέλεγκτον
2913 1146 2974 1199 οὐ
2989 1147 3330 1213 συνελκύσει,
3359 1152 3487 1214 τοὺς
3520 1151 3797 1220 σιγῶντας

526 1247 599 1287 ne
628 1240 909 1302 arguatur,
944 1247 1052 1286 non
1081 1247 1177 1287 cos
1201 1231 1290 1301 qui
1317 1231 1502 1294 silent,
1534 1229 1628 1285 Dei
1661 1237 1844 1284 tamen
1878 1243 2107 1283 munere

529 1341 696 1382 sensu
735 1325 945 1396 praediti
977 1334 1107 1379 sunt
1134 1335 1298 1395 atque
1334 1325 1524 1396 gratiis
1558 1324 1626 1379 ad
1659 1323 2106 1394 arguendum,in

531 1419 836 1490 paremhis
865 1420 956 1488 qui
985 1418 1387 1489 blasphemant,
1431 1418 1613 1472 trahet
1641 1415 1918 1471 interitum
1945 1414 1969 1467 Ἰ

603 1510 672 1564 Χ.
715 1509 797 1564 Tu
828 1525 960 1564 vero
981 1510 1136 1574 mihi,
1169 1524 1452 1564 sacrorum
1489 1507 1770 1563 hominum
1802 1503 2108 1560 sacratissi-

2209 1233 2330 1301 μὲν,
2356 1233 2448 1287 νοῦ
2478 1234 2535 1288 δὲ
2565 1237 2631 1288 ἐκ
2655 1237 2791 1290 Θεοῦ
2825 1239 2921 1292 καὶ
2949 1241 3192 1310 χαρίτων
3219 1241 3520 1314 διελέγχειν
3546 1245 3798 1299 ἀπολαύ-

2208 1338 2427 1389 σαντας,
2458 1327 2538 1388 είς
2558 1327 2659 1397 τὴν
2686 1328 2796 1382 τῶν
2825 1329 3340 1402 βλασφημησάντων
3364 1335 3687 1406 άπιὶιλειαν;

2279 1503 2336 1558 I'.
2383 1505 2454 1556 Σὺ
2479 1503 2538 1557 δέ
2562 1523 2653 1574 μοι
2703 1507 2913 1577 ἀνδρῶν
2945 1510 3108 1581 ἱερῶν
3147 1494 3435 1583 ίερῶτατε,
3476 1514 3578 1570 καὶ
3631 1515 3798 1570 τοῦτο

529 1614 642 1664 me,
671 1599 817 1668 quod
846 1613 910 1653 cx
943 1598 1158 1652 illorum
1187 1598 1424 1652 absurda
1471 1597 1729 1666 opinione
1763 1594 1994 1662 emergit
2024 1593 2109 1646 in-

2221 1594 2306 1664 τῆς
2339 1595 2519 1650 αὐτῶν
2561 1599 2765 1652 ἀτόπου
2805 1601 2965 1673 δόξης
3005 1604 3385 1674 ἀναφυόμενον
3427 1607 3628 1671 αὐτοῖς
3669 1610 3800 1663 ἑπι-

530 1690 903 1755 commodum,
933 1690 1012 1744 eis
1039 1691 1238 1758 objice.
1270 1689 1328 1744 Si
1358 1688 1503 1743 enim
1532 1687 1696 1742 etiam
1726 1686 1962 1756 Spiritus
1985 1700 2111 1754 pro-

531 1783 680 1838 cedit
707 1782 828 1837 Filii
860 1781 1239 1854 generatione,
1263 1796 1326 1836 ac
1357 1779 1516 1834 simul
1534 1779 1672 1833 alter
1698 1778 1918 1847 quidem
1943 1775 2112 1848 gigni-

2208 1685 2444 1742 δείκνυε.
2479 1687 2542 1741 Εἰ
2585 1689 2694 1762 γὰρ
2723 1695 2789 1762 τῇ
2820 1694 2914 1746 τοῦ
2955 1693 3087 1749 Υίοῦ
3133 1699 3388 1768 γεννήσει
3425 1701 3801 1772 ἐκπορεύεται

2211 1779 2306 1832 καὶ
2332 1780 2394 1833 τὸ
2422 1781 2666 1852 Πνεῦμα·
2698 1785 2794 1838 καὶ
2825 1785 2942 1856 ἅμα
2968 1789 2998 1841 6
3031 1787 3155 1858 μὲν,
3181 1792 3462 1856 γεννᾶται’
3494 1792 3560 1846 τὺ
3587 1792 3672 1857 δὲ,
3707 1793 3801 1847 τοῦ

532 1883 624 1933 tur
655 1892 670 1940 ;
721 1841 1033 1930 altervvero
1072 1889 1138 1928 ex
1173 1889 1238 1928 eo
1275 1872 1542 1943 procedit,
1573 1870 1667 1940 qui
1699 1841 1972 1942 gignitur,
2001 1841 2107 1923 seu

2221 1872 2553 1942 γεννωμένου
2572 1841 2968 1943 ’ἐκπορεύεταῃ
2991 1841 3683 1936 οέδινέὶαέρξέοο

532 1966 820 2032 nascitur;
854 1966 990 2020 nihil
1025 1965 1208 2020 minus
1236 1966 1400 2020 etiam
1440 1962 1697 2033 Spiritus,
1725 1979 1888 2033 quam
1917 1962 2106 2024 Filius,

531 2074 598 2114 ex
629 2059 787 2113 Patre
820 2058 1089 2130 gignendo
1115 2058 1391 2128 procedet,
1434 2056 1870 2127 quandoquidem
1889 2065 2112 2127 generat

532 2152 732 2207 Filium
789 2151 987 2217 Pater;
1021 2149 1259 2220 Spiritus
1297 2165 1428 2204 vero
1461 2164 1567 2202 una
1593 2163 1718 2202 cum
1739 2147 1877 2202 Filio
1923 2162 2114 2217 proce-

531 2245 698 2299 dente
725 2258 824 2312 per
855 2240 1282 2313 generationem,
1319 2240 1589 2312 procedit.
1619 2239 1713 2294 Sin
1749 2249 1931 2294 autem
1967 2237 2110 2293 aliud

532 2336 615 2391 eis
667 2345 878 2405 tempus
909 2333 1106 2389 Filium
1148 2349 1214 2387 ex
1244 2331 1409 2388 Patre
1437 2332 1711 2404 gignendo
1759 2331 2111 2403 cogitandum

532 2429 758 2501 ingerit,
788 2427 938 2483 aliud
969 2441 1101 2482 vero
1129 2425 1392 2497 Spiritum
1440 2442 1510 2480 ex
1534 2425 1677 2481 Filio
1705 2425 2001 2497 procedere
2028 2424 2112 2479 fa-

532 2521 609 2578 cit
641 2520 891 2593 (forsitan
921 2519 1068 2574 cnim
1117 2517 1296 2590 ipsum
1324 2519 1429 2572 hoc
1451 2516 1621 2589 pressi
1649 2516 1964 2572 ditilcultate
1995 2515 2114 2570 lin-

535 2615 710 2686 gent),
745 2627 972 2683 prorsus
1005 2626 1228 2668 necesse
1261 2610 1366 2666 erit
1392 2619 1453 2665 ut
1498 2609 1756 2681 Spiritum
1780 2609 1902 2664 Filii
1945 2624 2113 2680 gene-

533 2703 748 2758 ratione
778 2701 1162 2772 posteriorem,
1187 2699 1388 2769 illoque
1418 2699 1693 2769 iuniorem
1728 2708 1992 2753 statuant.
2015 2698 2112 2753 Sin

535 2802 721 2849 autem
746 2791 1050 2846 manifestae
1085 2791 1248 2858 hujus
1272 2789 1569 2860 impietatis
1596 2789 1893 2860 periculum
1913 2789 2115 2845 subve-

535 2897 726 2942 rentes
771 2884 1094 2949 resilierint,
1128 2882 1318 2955 procul
1367 2882 1536 2938 dubio
1559 2881 1824 2948 Spiritum
1871 2882 2114 2954 genitum

536 2993 662 3035 esse
690 2976 847 3032 fateri
883 2985 1168 3048 cogentur.

613 3067 706 3122 XI.
743 3066 923 3122 Audio
952 3075 1136 3121 autem
1173 3064 1310 3121 istos
1342 3063 1604 3120 adversus
1643 3060 1871 3118 Paulum
1892 3063 2117 3128 audere,

2209 1961 2270 2014 τὺ
2301 1963 2526 2033 Πνεῦμα
2566 1966 2633 2020 ἂν
2669 1969 2758 2038 εἴη
2787 1970 2853 2021 ὲκ
2887 1968 2980 2023 τοῦ
3015 1971 3230 2042 Πατρὺς
3255 1973 3357 2043 τὴν
3387 1975 3634 2047 πρόοδον
3667 1976 3796 2046 λαμο

2211 2053 2373 2110 δάνον
2411 2057 2500 2110 διὰ
2525 2059 2862 2128 γεννήσεως·
2907 2059 3068 2132 εῐπερ
3098 2065 3262 2134 γεννᾷ
3293 2067 3393 2135 μὲν
3421 2067 3451 2118 6
3483 2065 3690 2138 Πατὴρ
3717 2068 3798 2120 τὸν

2212 2146 2363 2211 Υίὸν,
2415 2148 2476 2201 τὸ
2509 2149 2736 2221 Πνεῦμα
2759 2153 2817 2205 δὲ
2847 2153 2926 2223 τῷ
2954 2155 3072 2224 Υἱῷ
3096 2155 3188 2208 διὰ
3209 2158 3522 2227 γεννήσεως
3550 2159 3790 2228 προῖόντι

2213 2237 2596 2308 συμπρόεισιν.
2643 2241 2705 2295 Ei
2753 2240 2854 2310 μὲν
2881 2242 2991 2311 γὰρ
3023 2242 3186 2306 ἄλλος
3232 2244 3416 2305 αὐτοῖς
3462 2244 3678 2316 καιρὸς
3719 2246 3787 2298 τὸν

2213 2327 2341 2382 Υἱὺν
2365 2330 2432 2383 ὲκ
2457 2329 2555 2384 τοῦ
2581 2331 2791 2403 Πατρὸς
2819 2332 3114 2389 ὑποσάλλει
3144 2338 3214 2406 τῇ
3239 2337 3521 2405 γεννήσει,
3553 2337 3728 2399 ἄλλος
3748 2338 3792 2390 δὲ

2211 2421 2274 2477 τδ
2311 2422 2540 2495 Πνεῦμα
2582 2425 2648 2479 ἐκ
2689 2424 2786 2480 τοῦ
2831 2425 2964 2480 Υίοῦ
3001 2429 3149 2482 ποιεί
3179 2428 3599 2500 ἐκπορεύεσθαι
3635 2430 3799 2499 (τάχα

2211 2514 2320 2585 γὰρ
2337 2515 2606 2571 καὶτοῦτο
2626 2517 3078 2588 συνελαυνόμενοι
3091 2519 3557 2591 ἀναπλάσσουσι,)
3587 2521 3802 2584 πάντως

2212 2610 2274 2662 τὸ
2304 2607 2532 2680 Πνεῦμα
2562 2607 2826 2681 νεώτερον
2857 2610 2960 2680 τῆς
2988 2611 3086 2666 τοῦ
3121 2611 3252 2667 Υίοῦ
3285 2615 3609 2686 γεννήσεως
3639 2615 3804 2682 ἀναγ-

2213 2699 2359 2772 κάσῃ
2397 2700 2834 2772 ὑποστήσασθαι.
2875 2703 2940 2757 Ei
2967 2703 3027 2757 δὲ
3057 2703 3263 2777 ταύτης
3309 2705 3412 2776 τῆς
3459 2705 3808 2776 περιφανοῦς

2214 2789 2512 2860 θεομαχίας
2538 2791 2630 2842 τὸν
2658 2789 2903 2844 κίνδυνον
2923 2790 3239 2862 ὑφορῶντες
3259 2791 3702 2861 ἀποστήσονται,
3730 2793 3807 2855 εἰς

2212 2882 2276 2937 τδ
2309 2881 2571 2954 γεννητὸν
2599 2881 2884 2953 ὁμολογεῖν
2924 2881 2988 2936 τὸ
3024 2881 3252 2954 Πνεῦμα
3289 2884 3526 2947 ἑαυτοὺς
3580 2885 3806 2938 συνελά-

2217 2988 2349 3026 σουσ
2352 2989 2421 3026 ιν.

2286 3065 2393 3118 IA'.
2428 3062 2642 3120 Ἀκούω
2671 3063 2731 3120 δὲ
2757 3063 2986 3129 τούτους
3011 3063 3450 3136 θρασυνομένους
3479 3065 3641 3121 κατὰ
3667 3064 3809 3120 Παύ-

536 3159 892 3228 divinumque
937 3172 1065 3212 eum
1093 3155 1274 3211 virum
1305 3164 1498 3211 contra
1538 3169 1886 3211 communem
1928 3152 2111 3209 Domi-

2221 3155 2312 3211 λου
2337 3156 2434 3210 καὶ
2461 3156 2606 3210 κατὰ
2630 3155 2738 3227 ιτοῦ
2767 3155 2950 3211 κοινοῦ
2990 3157 3264 3212 Δεσπότου
3305 3158 3402 3212 καὶ
3437 3157 3806 3222 διδασκάλω,

537 3268 670 3308 num
722 3267 787 3306 ac
813 3251 1156 3322 magistrum,
1185 3250 1408 3305 haeresis
1425 3265 1538 3305 suae
1560 3247 1922 3320 patrocinium
1963 3248 2117 3318 obje-

535 3353 709 3400 ctare.
742 3343 912 3399 Aiunt
931 3343 1079 3398 enim
1109 3341 1333 3408 dixisse,
1354 3342 1496 3397 Misit
1525 3341 1664 3395 Deus
1686 3339 1942 3409 Spiritum
1986 3337 2116 3394 Filii

534 3437 642 3499 sui,
683 3435 1005 3490 clamantem
1044 3435 1102 3487 in
1135 3433 1377 3487 cordibus
1409 3434 1621 3497 nostris,
1656 3433 1824 3499 Abba,
1859 3433 2024 3486 Pater
2047 3432 2114 3487 ³³.

539 3529 650 3584 Sed
681 3529 780 3594 illi,
809 3528 902 3598 qui
927 3527 1109 3582 verbis
1138 3525 1257 3581 istis
1286 3525 1530 3596 Apostoli
1565 3541 1720 3580 suam
1758 3540 1818 3580 se
1849 3525 2116 3580 inscitiam

538 3619 867 3676 conﬁrmare
919 3618 1255 3680 existimant,
1291 3617 1422 3672 illud
1463 3618 1738 3681 noverint,
1765 3615 1964 3686 quibus
2013 3616 2118 3672 sibi

537 3711 642 3768 niti
692 3711 949 3766 videntur
977 3708 1217 3778 Apostoli
1249 3709 1556 3774 sententiis,
1590 3707 1780 3763 iisdem
1809 3707 1978 3779 magis
2029 3723 2119 3763 er-

537 3813 665 3854 rare
704 3799 854 3868 ipsos
884 3797 1058 3868 argui.
1091 3794 1210 3851 Non
1232 3797 1378 3851 enim
1406 3812 1491 3862 ea,
1533 3813 1654 3867 quae
1688 3798 1888 3852 Paulus
1936 3799 2118 3861 docet,

538 3905 606 3946 ac
635 3890 916 3960 praedicat,
947 3889 1080 3942 vitio
1107 3889 1372 3943 vertimus
1406 3906 1419 3942 :
1456 3889 1550 3943 sed
1579 3905 1683 3958 qua
1713 3889 1927 3944 divinas
1973 3889 2119 3944 illius

539 3997 705 4039 voces
726 3983 1046 4051 depravant,
1084 3981 1557 4051 reprehendimus.
1592 3982 1661 4037 Et
1691 3982 1949 4052 quoniam
1997 3997 2120 4052 qua:

539 4086 646 4126 nec
672 4069 810 4124 dixit
839 4085 1076 4140 unquam
1109 4070 1214 4133 ille,
1241 4085 1345 4124 nec
1379 4078 1438 4123 ut
1471 4069 1682 4124 diceret
1711 4070 1761 4124 ei
1795 4070 1849 4124 in
1878 4079 2116 4125 mentem

539 4163 711 4227 venit,
762 4163 830 4217 ad
872 4163 991 4231 ejus
1015 4161 1343 4215 calumniam
1394 4161 1740 4230 impudenter
1789 4161 2116 4215 adducunt:

539 4269 718 4323 eaque
767 4253 980 4307 ratione
1024 4253 1228 4322 justam
1271 4251 1323 4304 in
1369 4250 1578 4320 seipsos
1631 4251 2122 4320 deprehenduntur

542 4347 688 4401 ferre
738 4343 1104 4400 damnationis
1163 4343 1510 4398 sententiam.
1555 4341 1672 4396 Filii
1730 4342 1897 4413 igitur
1949 4341 2122 4412 Spiri-

2215 3249 2309 3302 τὸν
2345 3247 2489 3302 θεῖον
2532 3248 2747 3303 Παῦλον
2774 3249 2856 3312 είς
2903 3249 3236 3321 συνηγορίαν
3274 3249 3378 3318 τῆς
3420 3249 3651 3311 οίκείας
3680 3266 3807 3320 προσ

2217 3339 2585 3411 ϐαλλομένους
2618 3339 2908 3412 αἱρέσεως.
2953 3339 3384 3404 Ἐξαπέστειλε
3425 3340 3541 3412 γὰρ
3568 3380 3588 3406 ,
3624 3341 3804 3410 φασιν,

2217 3428 2409 3497 εἶπεν,
2441 3434 2476 3487 ό
2504 3431 2650 3498 Θεὸς
2672 3431 2741 3486 τὸ
2770 3431 3012 3502 Πνεῦμα
3033 3431 3142 3486 τοῦ
3197 3432 3331 3486 Υίοῦ
3362 3433 3560 3487 αὑτοῦ
3594 3431 3808 3501 σφάζε»ρ

2219 3523 2291 3577 ἐν
2316 3521 2446 3589 ταῖς
2473 3521 2742 3590 καρδίαις
2767 3519 2958 3590 ἡμῶν,
2974 3519 3144 3578 Ἀϐϐᾱ
3174 3523 3209 3576 ὁ
3237 3521 3442 3590 Πατήρ
3468 3537 3484 3551 ⁸
3504 3521 3638 3576 ἀλλ’
3667 3523 3725 3575 οῖ
3749 3538 3807 3589 γε

2219 3614 2380 3668 τοῦτο
2412 3614 2472 3668 τὸ
2504 3614 2670 3686 ῥητὸν
2702 3614 2801 3684 τὴν
2835 3613 3045 3667 οἰκείαν
3095 3613 3388 3684 κρατύνειν
3435 3613 3695 3682 ἀμαθίαν
3725 3631 3806 3666 νο-

2225 3704 2494 3776 μίζοντες,
2525 3707 2704 3758 ἐκεῖνο
2731 3695 3174 3773 γινωσκέτωσανξ
3210 3705 3286 3770 ὡς
3322 3707 3382 3760 ὲν
3418 3701 3527 3770 οἷς,
3567 3707 3688 3770 τοῖς
3718 3706 3805 3759 τοῦ

2223 3798 2439 3852 Παύλου
2473 3799 2659 3869 ῥητοῖς
2699 3796 3177 3868 ὑπολαμϐάνουσιν
3222 3797 3654 3868 ὲπερείδεσθαι,
3689 3800 3806 3854 ἑαυ-

2218 3891 2347 3953 τοὺς
2400 3889 2600 3960 μᾶλλον
2648 3889 3068 3958 ἁμαρτάνοντας
3112 3889 3511 3960 ἐξελέγχουσιν.
3575 3892 3659 3947 Οὐ
3707 3893 3802 3962 γάρ

2219 3982 2418 4044 αὐτοὺς
2453 3984 2511 4035 ὲν
2541 3977 2624 4046 οἷς
2668 3980 2934 4052 κηρύσσει
2979 3981 3192 4046 Παῦλος
3244 3984 3627 4054 μεμφόμεθα·
3679 3987 3803 4040 ἀλλὰ

2219 4072 2290 4126 δι’
2317 4066 2394 4126 ὧν
2420 4071 2521 4135 τὰς
2549 4071 2762 4124 ἐκείνου
2795 4069 3188 4135 θεοπνεύστους
3216 4073 3400 4140 φωνὰς
3433 4079 3800 4147 παραχαράσο

2223 4181 2409 4220 σουσιν
2435 4162 2760 4233 αἰτιώμεθαο
2787 4164 2880 4217 καὶ
2907 4163 3215 4232 διότιπερ⁸ἃ
3242 4165 3380 4234 μήτε
3406 4161 3572 4219 εἶπεν
3631 4169 3787 4230 αὐτῦς,

2226 4258 2367 4328 μήτε
2401 4257 2534 4309 ποτὲ
2568 4255 2886 4326 ἐνενόησεν,
2921 4257 3003 4318 είς
3055 4257 3391 4328 κατηγορίαν
3438 4258 3623 4314 αὑτοῦ
3668 4265 3792 4316 am.

2225 4353 2514 4423 σχυντοῦσι
2543 4350 2898 4423 προκομίζειν
2915 4367 2928 4379 ·
2953 4351 3040 4404 διὰ
3062 4351 3220 4405 τοῦτο
3246 4352 3466 4406 δικαίαν
3495 4355 3666 4412 αὐτοὶ
3693 4355 3800 4412 καθ’

545 4447 662 4493 tum
701 4436 786 4491 vir
840 4436 925 4489 ille
959 4434 1098 4490 caelo
1127 4435 1402 4500 sublimis,
1456 4449 1486 4486 a
1518 4433 1678 4488 Patre
1717 4435 1946 4487 missum
2001 4448 2116 4488 esse

2224 4446 2434 4498 ὲαυτῶν
2466 4445 2776 4498 ἁλίσκονται
2805 4443 2904 4513 τὴν
2937 4443 3282 4512 κατάγνωσιν
3313 4446 3708 4518 ἐπιφέροντες.
3741 4451 3806 4502 Th

536 4531 699 4587 dixit.
748 4528 924 4582 Dicito
950 4536 1006 4581 et
1052 4536 1108 4581 tu
1140 4527 1386 4582 eamdem
1411 4543 1476 4581 ac
1517 4525 1718 4581 Paulus
1750 4542 1961 4581 vocem.
2027 4527 2116 4581 Est

2229 4538 2454 4609 Πνεῦμα
2479 4539 2659 4592 τοίνυν
2683 4536 2777 4591 τοῦ
2806 4536 2938 4590 Υἰοῦ
2959 4539 2988 4589 6
3021 4535 3314 4606 μετάρσιος
3339 4516 3644 4609 ἄνθρωπος
3667 4542 3804 4609 λέγει

539 4623 688 4680 enim
717 4621 832 4676 Filii
860 4622 1130 4692 Spiritus;
1155 4637 1282 4675 nam
1317 4636 1418 4674 nec
1444 4621 1674 4686 alienus,
1697 4636 1800 4675 nec
1827 4621 2122 4691 pugnantia

541 4715 801 4785 loquitur,
833 4723 928 4768 aut
951 4714 1003 4767 ei
1029 4713 1300 4767 contraria
1323 4712 1538 4766 sancire
1565 4711 1718 4766 visus
1743 4719 1827 4765 est
1847 4726 2118 4781 unquam:

541 4809 636 4863 sed
663 4807 788 4876 quia
816 4807 958 4861 sicut
978 4805 1223 4875 ejusdem
1252 4803 1506 4858 essentia:
1535 4818 1598 4858 ac
1631 4803 1848 4858 virtutis
1879 4813 2025 4869 sunt,
2048 4805 2122 4859 ita

540 4899 787 4968 ejusdem
834 4913 1051 4969 quoque
1101 4896 1314 4951 consilii
1346 4911 1411 4951 ac
1447 4897 1766 4959 voluntatis,
1816 4896 2122 4967 eodemque

543 4989 794 5044 similiter
815 4991 976 5045 modo
997 4989 1065 5044 ad
1091 5005 1256 5043 unum
1290 4989 1604 5043 referuntur
1634 4989 1762 5058 (qua
1804 4988 1940 5044 alter
1960 4997 2124 5044 natus

545 5088 652 5144 est,
681 5082 817 5136 alter
843 5081 1154 5152 processit).
1196 5080 1316 5135 Filii
1350 5080 1612 5151 Spiritum
1658 5082 2015 5150 nuncupavit.
2044 5082 2122 5135 Ita

547 5171 602 5226 hi
629 5187 845 5242 quoque
870 5173 1163 5242 loquantur
1196 5191 1210 5227 :
1258 5173 1550 5242 nullusque
1595 5171 1702 5226 erit
1725 5173 1815 5241 qui
1849 5173 2123 5227 hmreseos

547 5256 845 5320 insimulet.
873 5263 990 5318 Non
1023 5265 1178 5327 dixit,
1213 5264 1453 5318 Procedit
1486 5282 1520 5317 a
1561 5262 1699 5318 Filio
1733 5279 1752 5317 :
1783 5265 1926 5335 quod
1955 5265 1998 5320 si
2028 5265 2122 5334 qui

547 5354 892 5418 dicant,cum
925 5351 1072 5406 Pauli
1099 5354 1356 5408 doctrinae
1391 5353 1574 5424 injurii
1599 5361 1748 5418 sunt,
1777 5363 1889 5408 tum
1915 5370 1973 5409 se
2001 5355 2123 5424 upi-

545 5445 728 5500 nionis
759 5445 1028 5499 haeretica:
1051 5460 1170 5498 reos
1197 5445 1556 5499 constituunt.
1590 5443 1686 5499 Sin
1708 5454 1890 5500 autem
1919 5447 2122 5501 idcirco

544 5537 689 5607 quod
729 5536 929 5592 dicitur
975 5534 1205 5605 Spiritus
1246 5534 1398 5600 Filii,
1433 5537 1596 5590 etiam
1647 5538 1944 5606 procedere
1993 5553 2120 5592 cum

545 5627 895 5694 existimant,
927 5628 1145 5682 Patrem
1175 5639 1390 5696 quoque
1441 5641 1504 5682 ex
1527 5626 1666 5681 Filio
1696 5628 1992 5697 procedere
2021 5629 2119 5682 do-

617 5827 660 5857 ³³
688 5826 806 5881 Gal.
840 5843 914 5892 tv,
946 5827 1000 5881 6.

2227 4631 2565 4686 ἀπεστάλθαι
2596 4630 2749 4701 παρὰ
2785 4627 2880 4682 τοῦ
2912 4629 3145 4698 Πατρός·
3193 4630 3322 4699 λέγε
3355 4633 3452 4684 καὶ
3487 4633 3560 4687 σὺ
3589 4636 3696 4706 τὴν
3719 4635 3806 4688 αὖ-

2225 4722 2326 4793 τὴν
2374 4723 2454 4793 τῷ
2501 4722 2700 4790 Παύλῳ
2747 4722 2954 4791 φωνήν.
2997 4721 3151 4773 Ἔστι
3192 4723 3301 4792 γὰρ
3335 4721 3396 4775 τὸ
3434 4723 3671 4795 Πνεῦμα
3719 4725 3807 4778 τοῦ

2227 4813 2394 4880 Υίοῦ,
2443 4814 2567 4866 ἐπεὶ
2600 4813 2722 4884 μηδ’
2769 4812 3083 4882 ἀλλότριον,
3137 4813 3262 4882 μηδ’
3307 4813 3811 4888 ἁντιςρθεγγόμενον

2226 4907 2400 4977 αὐτῷ.
2455 4907 2578 4977 μηδ’
2629 4903 3080 4974 ἁντινομοθετοῦν
3135 4903 3292 4975 ὤφθη
3351 4907 3511 4959 ποτέο
3560 4908 3685 4962 ἀλλ’
3732 4912 3812 4963 ὅτι

2225 4997 2416 5067 ὥσπερ
2451 4998 2551 5066 τῆς
2588 4994 2758 5064 αὐτῆς
2801 4993 2989 5057 οὐσίας
3023 4993 3118 5046 καὶ
3171 4993 3488 5066 δυνάμεως,
3539 4998 3692 5052 οὕτω
3725 5002 3815 5054 καὶ

2225 5089 2330 5158 τῆς
2379 5089 2549 5158 αὐτῆς
2611 5086 2806 5157 βουλῆς
2861 5087 2956 5139 καὶ
3012 5085 3276 5155 γνώμης,
3337 5088 3433 5141 καὶ
3481 5089 3588 5161 τῆς
3636 5093 3815 5162 (χῶς

2226 5181 2426 5251 ὁμοίως
2457 5178 2592 5250 πρδς
2623 5177 2683 5234 τὸ
2709 5177 2790 5231 ἓν·
2823 5178 2880 5243 ἐξ
2907 5171 2992 5244 οὗ,
3025 5177 3085 5230 τὸ
3115 5179 3235 5248 μὲν,
3261 5179 3610 5250 γεγέννηται.
3638 5185 3710 5237 τὸ
3737 5185 3815 5245 δὲ,

2225 5269 2584 5340 ἐξεπορεύθη,
2613 5267 2974 5334 συννεύσεως,
3008 5264 3164 5321 εἶπεν
3192 5265 3331 5322 εἶναι
3363 5271 3426 5323 τὸ
3460 5273 3692 5344 Πνεῦμα
3718 5274 3816 5327 τοῦ

2225 5360 2380 5414 Υἱοῦ.
2409 5358 2567 5413 Οὕτω
2588 5359 2832 5412 κάκεῖνοι
2859 5359 3190 5428 λεγέτωσαν·
3218 5360 3394 5425 οὐδεὶς
3419 5363 3620 5428 αὐτοὺς
3653 5368 3813 5436 αἰρέ·

2228 5469 2366 5515 σεως
2394 5453 2423 5504 6
2455 5451 2823 5521 γραφόμενος.
2855 5452 2969 5504 υὺκ
3001 5448 3156 5504 εἶπεν
3176 5491 3192 5516 ,
3239 5453 3664 5522 Ἐκπορεύεται
3703 5459 3811 5510 τοῦ

2235 5543 2403 5596 Υἱοῦ·
2436 5542 2501 5595 ἂν
2531 5541 2692 5593 τοῦτό
2722 5557 2867 5604 τινες
2911 5540 3144 5609 λέγωσι,
3178 5543 3275 5596 καὶ
3317 5543 3418 5613 τὴν
3462 5545 3686 5599 Παύλου
3729 5548 3806 5598 δι-

2159 5631 2522 5693 ..δασκαλίαν
2566 5630 2852 5703 ὑϐρίζουσι
2878 5672 2894 5699 ,
2941 5631 3035 5688 καὶ
3075 5632 3236 5704 δόξης
3273 5634 3562 5706 αίρετικῆς
3603 5638 3805 5701 αὐτοὺς
