3930 6474
206 414 296 479 805

1330 410 1871 475 EPISTOLARUM
1902 410 2137 473 LIBER
2173 410 2226 471 Ι.

3320 406 3427 473 806

203 524 395 592 ἐνόχους
423 522 781 577 δεικνύουσιν.
836 523 901 578 El
933 522 982 576 δ’
1013 521 1096 576 ὅτι
1141 521 1360 590 λέγεται
1391 521 1459 575 τὸ
1509 521 1750 589 Πνεῦμα

1884 521 2074 575 ebunt.
2127 520 2340 591 Ubique
2373 518 2519 574 enim
2571 519 2726 573 Pater
2773 519 2895 574 Filii
2928 520 3129 575 dicitur
3155 539 3170 588 ;
3199 523 3427 579 multos-

201 612 294 665 τοῦ
330 611 466 664 Υἱοῦ
486 653 500 676 ,
531 611 619 664 διὰ
655 610 814 663 τοῦτο
838 610 1200 680 φαντάζονται
1239 610 1334 662 καὶ
1362 610 1422 663 τὸ
1449 612 1754 679 ἐκπορεύε-

202 702 344 755 σθαι·
390 703 485 755 καὶ
525 703 616 755 τὸν
646 703 866 774 Πατέρα
894 702 987 754 τοῦ
1033 702 1165 754 Υἱοῦ
1206 702 1629 771 δογματίσουσιν
1665 702 1756 752 ὲκ-

201 794 535 864 πορεύεσθαι.
580 796 813 864 Λέγεται
853 794 962 864 γάρ
1017 794 1047 845 ὁ
1096 794 1286 864 Πατὴρ
1335 791 1612 862 πανταχοῦ
1660 791 1755 845 τοῦ

201 882 342 937 Υἱοῦ.
387 885 498 937 Καὶ
533 885 764 947 πολλοὺς
797 883 941 938 δ’άν
970 883 1021 936 οἱ
1055 882 1289 936 τοιοῦτοι
1318 882 1619 953 προϐολὲας
1663 880 1758 935 καὶ⁹

199 975 335 1028 αἴτια
362 975 453 1028 τοῦ
486 976 800 1044 Πνεύματος
825 975 1241 1046 ὑποστήσονται.
1274 974 1509 1040 Λέγεται
1531 975 1639 1043 γάρ
1670 973 1759 1025 οὑ-

197 1064 279 1115 δὲν
298 1066 513 1116 ἔλαττον
531 1105 545 1127 ,
573 1066 668 1117 καὶ
696 1065 886 1133 σοφίας
925 1063 1169 1135 Πνεῦμα,
1201 1064 1299 1118 καὶ
1341 1064 1619 1132 γνώσεως,
1664 1062 1760 1116 καὶ

198 1155 492 1226 δυνάμεως,
538 1158 634 1209 καὶ
681 1158 942 1209 τοιούτων
980 1157 1301 1229 θεοπρεπῶν
1334 1156 1529 1210 ἄλλων.
1561 1157 1626 1209 El
1664 1152 1759 1208 οὖν

196 1250 319 1301 διότι
364 1252 569 1302 τούτων
600 1250 661 1300 τὸ
700 1248 924 1320 Πνεῦμα
968 1250 1187 1317 λέγεται
1213 1287 1228 1312 ,
1258 1249 1345 1302 διὰ
1376 1248 1537 1302 τοῦτο
1566 1249 1660 1302 καὶ
1700 1247 1761 1314 ἐξ

197 1342 372 1395 αὐτῶν
418 1341 743 1394 ἀπαιτοῦσιν
786 1342 1205 1412 ἐκπορεύεσθαι,
1237 1341 1371 1412 ὁρᾷν
1407 1340 1556 1393 ἔστιν
1582 1339 1762 1392 αὑτῶν

196 1435 256 1487 τὸ
285 1433 446 1503 σοφὸν
470 1435 569 1504 τῆς
593 1435 857 1501 ἐπινοίας,
881 1438 961 1496 εἰς
986 1430 1097 1488 οἷον
1128 1434 1401 1506 βάραθρον
1427 1432 1637 1502 πλάνης
1664 1432 1764 1485 αὑ-

193 1526 317 1588 τοὺς
343 1527 776 1596 κατακρημνίζει
802 1526 899 1579 καὶ
930 1526 1243 1596 άποπλανᾷ.

266 1614 363 1670 ΙΒ’.
391 1616 596 1686 Ἐτὲρῳ
619 1616 677 1668 δὲ
701 1616 890 1686 τρόπῳ
920 1616 1083 1668 πάλιν
1108 1615 1296 1683 ἓτερον
1321 1612 1639 1683 βλάσφημον
1662 1611 1765 1681 τῆς

195 1707 373 1759 αὑτῶν
401 1708 596 1777 ὁρᾶται
617 1707 775 1777 δόξης
812 1708 1206 1776 ἀναφυόμενον.
1242 1706 1304 1758 El
1337 1706 1443 1778 γάρ
1463 1704 1764 1774 ἐκπορεύε-

193 1813 284 1848 ται
324 1797 421 1865 μὲν
456 1797 519 1849 τὸ
544 1797 767 1867 Πνεῦμα
796 1799 860 1850 ὲκ
881 1797 975 1851 τοῦ
1006 1797 1163 1850 Υἱοῦ·
1185 1797 1285 1868 οὐχ
1321 1795 1550 1867 ὕστερον
1585 1796 1642 1849 δὲ
1664 1796 1765 1867 τῆς

194 1888 359 1941 αὑτοῦ
408 1890 712 1958 γεννήσεως
756 1890 880 1942 οὑδὲ
921 1889 1224 1961 πρότερον
1267 1890 1326 1941 ὲν
1368 1888 1479 1960 γάρ
1527 1890 1596 1960 τῇ
1626 1905 1765 1941 παν-

194 1978 327 2048 αγίᾳ
347 1978 539 2046 Τριάδι
578 1979 645 2031 τά
682 1979 909 2048 χρονικὰ
938 1978 1112 2031 ταῦτα
1161 1978 1525 2048 προσρήματα
1566 1994 1767 2030 παντε-

193 2069 303 2132 λῶς
329 2068 669 2140 ἀπελήλαται
693 2086 709 2101 ο
739 2070 788 2122 εἰ
817 2070 997 2122 τοίνυν
1015 2070 1132 2136 ἅμα
1159 2070 1260 2138 μὲν
1288 2068 1652 2140 ἐκπορεύεται
1672 2069 1768 2122 τοῦ

193 2163 430 2231 Πατρός,
460 2161 579 2231 ἅμα
605 2162 663 2216 δὲ
692 2162 784 2215 τοῦ
803 2162 958 2229 Υἱοῦ,
989 2161 1490 2232 συνδιαιρεθήσεται
1520 2165 1641 2224 ταῖς
1660 2161 1770 2216 τῶν

194 2254 653 2325 προϐαλλομένων
687 2255 1016 2308 ὑποστάσεσι
1066 2254 1162 2309 καὶ
1198 2254 1330 2307 αὐτὸ
1358 2254 1420 2308 τὸ
1465 2254 1771 2326 προϐαλλό-

197 2363 382 2418 μενον
411 2346 619 2400 καὶδύο
642 2348 758 2401 ἀνθ’
779 2347 899 2411 ἐνὸς
929 2348 1113 2410 αὑτοῖς
1146 2347 1298 2400 ἔσται
1337 2347 1399 2399 τὸ
1424 2347 1648 2418 Πνεῦμα
1668 2363 1684 2379 ’
1710 2347 1773 2401 τὸ

198 2440 326 2510 μὶν,
352 2439 449 2494 τοῦ
484 2440 732 2512 Πατρός*
772 2440 833 2494 τὸ
878 2440 956 2506 δὲ,
988 2440 1082 2494 τοῦ
1132 2441 1265 2494 Υἱοῦ
1311 2441 1771 2511 ἐκπορευόμενον.

194 2533 312 2587 Καὶ
343 2533 451 2604 γάρ
481 2532 634 2587 οὐδέν
658 2534 775 2586 ἐστι
804 2531 1047 2586 τοιοῦτον
1072 2531 1473 2602 καινιζόμενον,
1520 2532 1643 2585 οὑδὲ
1679 2532 1775 2585 ἐπὶ

190 2624 309 2678 τῶν
333 2624 423 2679 διὰ
462 2626 769 2696 γεννήσεως
797 2625 1072 2678 λαϐόντων
1098 2625 1196 2695 τὴν
1226 2623 1461 2693 ὓπαρξιν
1482 2638 1498 2654 ·
1540 2624 1777 2695 διαφορά

198 2715 305 2787 μὲν
338 2716 449 2788 γάρ
479 2717 616 2787 όρᾷν
657 2716 772 2769 ἐστι
799 2716 924 2769 καθ’
955 2716 1252 2769 ὑπόστασιν
1282 2719 1346 2769 ἐκ
1383 2715 1515 2783 μιᾶς
1562 2716 1778 2785 καὶτῆς

192 2808 371 2877 αὑτῆς
404 2809 665 2879 προῖόντα
699 2808 1050 2872 ὑποστάσεως
1073 2825 1088 2840 ο
1113 2809 1171 2862 ἒν
1204 2809 1262 2863 δὲ
1291 2809 1386 2862 καὶ
1409 2808 1472 2861 τὺ
1497 2808 1629 2862 αὑτὸ
1654 2808 1777 2862 καθ’

194 2900 503 2953 ὑπόστασιν
558 2902 624 2953 ὲκ
680 2900 955 2972 διαφόρων
988 2902 1259 2970 προϊέναι,
1307 2902 1402 2954 καὶ
1436 2902 1512 2973 μὴ
1539 2900 1779 2954 συνδιαι-

196 2992 422 3062 ρεῖσθαι
472 2994 595 3055 ταῖς
650 2992 1103 3062 προϐαλλομένων
1154 2993 1541 3057 ὑποστάσεσιν,
1584 2991 1777 3064 οὑτεή

192 3086 419 3154 γένεσις
435 3081 593 3148 οῑδεν,
632 3086 753 3139 οὑδὲ
775 3085 830 3137 εἴ
858 3101 911 3138 τι
948 3086 1196 3155 κρεῖττον
1220 3084 1318 3152 τῆς
1343 3082 1638 3153 γενέσεως.

268 3270 376 3322 1Γ’.
414 3270 524 3322 Καὶ
560 3269 668 3339 γὰρ
695 3268 884 3331 παῖδες
912 3266 1010 3339 μὲν
1040 3266 1225 3322 πολλοὶ
1249 3266 1532 3333 πολλάκις,
1555 3268 1619 3320 ἐκ
1649 3267 1779 3337 μιᾶς

197 3364 303 3417 καὶ
332 3366 430 3432 τῆς
466 3363 635 3430 αὐτῆς
658 3361 869 3428 νηδύος,
902 3360 998 3413 καὶ
1025 3360 1165 3429 ἅμα.
1212 3360 1309 3413 καὶ
1341 3362 1513 3430 χωρὶς
1542 3361 1779 3431 ὁρῶνται

194 3452 696 3524 τελεσφορούμενοι
719 3469 733 3481 ·
776 3453 873 3505 καὶ
902 3454 936 3523 ἡ
966 3452 1104 3521 αὑτὴ
1135 3453 1255 3522 χεὶρ
1300 3454 1395 3506 καὶ
1433 3451 1653 3515 τύπτει,
1684 3451 1782 3506 καὶ

194 3544 410 3616 γράφει
439 3545 533 3597 καὶ
565 3545 886 3614 εὐεργετεῖ,
924 3544 1018 3595 καὶ
1052 3544 1186 3612 πρὸς
1218 3545 1281 3596 τὸ
1318 3544 1472 3597 Θείον
1499 3543 1785 3596 ἀνατείνε-

192 3652 298 3689 ται
316 3651 330 3664 ·
364 3636 425 3687 τό
442 3634 676 3705 γράφειν
703 3636 760 3688 δὲ
781 3635 963 3705 χειρὸς
997 3634 1156 3705 ἔργον
1182 3635 1373 3705 ὁλόκλη
1384 3652 1475 3706 ρον
1506 3635 1616 3707 (12)
1648 3637 1782 3707 ὁρᾷν

194 3728 299 3779 καὶ
334 3726 493 3787 ποδὸς
515 3725 717 3795 ὁμοίως
740 3741 754 3755 ’
795 3726 828 3796 ἢ
856 3726 917 3778 τὸ
947 3724 1185 3795 βαδίζειν
1210 3724 1470 3787 ὡσαύτως
1492 3726 1601 3777 τῶν
1630 3728 1784 3794 εἰρη-

197 3819 390 3888 μένων
418 3816 759 3886 ﬁxam-£906,175
800 3816 861 3868 τὸ
893 3817 1110 3887 βλέπειν
1153 3817 1397 3887 ὄμματος
1440 3816 1533 3868 καί
1558 3817 1717 3879 ὠτὸς,
1747 3816 1783 3887 ἢ

192 3913 271 3963 τά
294 3910 540 3970 τοιαῦτα,
570 3911 671 3962 οὐκ
702 3910 767 3962 ἄν
788 3927 871 3971 τις
892 3908 1217 3978 καθαρεύων
1242 3907 1598 3977 ἀναισθησίας
1632 3907 1785 3977 νομί-

193 4020 356 4056 σειεν
376 4021 389 4034 -
431 4002 541 4053 ἀλλ’
569 4001 758 4070 ὥσπερ
779 4002 1024 4070 ἀλλήλων
1052 4001 1121 4053 τὰ
1153 4003 1294 4071 μέρη
1322 4005 1388 4071 τῇ
1413 4001 1590 4071 οἰκείᾳ
1624 4018 1786 4070 περι-

191 4096 396 4166 γραφῇ
432 4094 804 4161 διεστήκασιν,
866 4091 1009 4144 οὑτω
1057 4093 1154 4145 καὶ
1207 4094 1241 4161 ἡ
1270 4093 1503 4145 ἑκάστου
1535 4092 1787 4161 ἐνέργεια

191 4186 349 4255 πρὸς
370 4185 471 4254 τὴν
494 4184 601 4237 τῶν
634 4182 1000 4254 ἐνεργούντων
1026 4181 1189 4250 φύσιν
1223 4182 1635 4250 συνδιαιρεῖται,
1688 4180 1786 4232 καὶ

188 4278 320 4329 τῶν
345 4275 521 4329 ἄλλων
557 4275 1055 4327 συναποδιίσταται.
1086 4274 1195 4326 Καὶ
1226 4273 1321 4325 ἐπὶ
1361 4272 1472 4324 τῶν
1507 4272 1787 4335 παντελῶς

184 4369 257 4420 δὲ
299 4368 720 4436 κεχωρισμένην
749 4367 1023 4434 λαχόντων
1072 4365 1171 4435 τὴν
1204 4365 1524 4430 ὑπόστασιν,
1554 4365 1585 4417 ὁ
1623 4364 1787 4427 αὑτὸς

184 4459 403 4529 εἱρμὺς
437 4458 535 4528 τῆς
559 4458 792 4528 Θεωρίας
823 4457 1170 4521 διασώζεται.

1857 626 1965 681 que
1990 612 2045 665 hi
2078 612 2435 681 productores
2464 618 2519 665 et
2547 625 2742 668 causas
2773 613 2836 678 “,
2877 628 2972 668 seu
3002 621 3254 668 auctores
3302 616 3429 684 Spi-

1858 704 1997 756 ritus
2025 703 2384 758 constituent.
2420 700 2563 756 Nihil
2596 703 2743 756 enim
2782 704 2967 758 minus
2998 705 3163 759 etiam
3197 706 3433 774 Spiritus

1857 793 2140 863 sapientiae
2182 802 2239 848 et
2266 794 2529 858 scientias,
2560 794 2933 866 intelligentia:
2962 808 3017 851 et
3073 796 3433 859 fortitudinis,

1857 892 1915 938 et
1950 883 2183 939 aliorum
2210 884 2516 939 istiusmodi
2563 885 2871 939 divinorum
2904 887 3169 941 donorum
3209 888 3436 942 dicitur.

1860 973 1919 1030 Si
1953 976 2117 1047 igitur
2140 976 2284 1046 quod
2307 976 2501 1031 horum
2531 975 2767 1046 Spiritus
2784 977 3017 1042 dicatur,
3049 978 3250 1032 idcirco
3271 980 3435 1033 etiam

1858 1081 1927 1121 ex
1953 1065 2059 1120 illis
2084 1066 2382 1136 procedere
2419 1067 2663 1137 exigunt,
2712 1067 2841 1121 licet
2872 1068 3175 1140 intelligere
3204 1070 3256 1122 in
3292 1069 3436 1139 quod

1860 1172 1957 1213 eos
1984 1158 2191 1213 erroris
2213 1158 2532 1214 barathmm
2560 1158 2872 1229 praecipites
2893 1168 3035 1231 agat,
3062 1174 3251 1217 eorum
3282 1176 3438 1214 men-

1861 1248 1930 1304 tis
1950 1248 2189 1305 solertia.

1933 1620 2053 1676 Xll.
2091 1620 2215 1676 Alio
2256 1630 2518 1693 praaterea
2563 1620 2747 1688 modo,
2784 1621 2889 1675 alia
2941 1622 3139 1677 iterum
3186 1623 3444 1692 blaSphe-

1865 1714 1995 1779 mia,
2030 1728 2099 1769 ex
2126 1729 2315 1769 eorum
2340 1715 2603 1785 opinione
2631 1714 2761 1768 oriri
2787 1714 3050 1770 cernitur.
3082 1715 3215 1770 Nam
3244 1717 3287 1770 si
3319 1717 3440 1787 Spi-

1867 1808 2008 1862 ritus
2041 1821 2072 1860 a
2102 1802 2238 1862 Filio
2263 1807 2530 1877 procedit,
2569 1822 2678 1861 non
2710 1808 2899 1877 utique
2936 1808 3230 1877 posterius,
3266 1824 3450 1878 neque

1792 1869 1842 1931 Β
1870 1899 2023 1970 prius
2053 1897 2177 1952 Filii
2208 1898 2564 1970 generatione
2594 1899 2876 1968 procedet.
2911 1898 3141 1952 Prorsus
3166 1900 3312 1952 enim
3345 1900 3449 1953 eli-

1868 1990 2148 2045 minantur
2169 2004 2199 2043 a
2233 1989 2578 2044 sanctissima
2604 1989 2870 2045 Trinitate
2889 1990 3145 2044 adverbia
3175 1990 3292 2045 hau:
3315 2001 3450 2045 tem-

1867 2080 2036 2150 poris.
2074 2078 2132 2134 Si
2165 2078 2331 2150 igitur
2377 2078 2538 2134 simul
2565 2079 2785 2148 quidem
2821 2094 2852 2133 a
2882 2079 3061 2141 Patre,
3093 2080 3363 2150 simulque
3417 2096 3448 2135 a

1869 2170 2008 2226 Filio
2056 2172 2339 2242 procedit,
2389 2172 2457 2226 ab
2484 2171 2728 2241 utrisque
2782 2171 3199 2241 producentium
3249 2172 3452 2241 pariter

1870 2264 2168 2319 distinctus
2218 2263 2468 2334 personis
2509 2262 2615 2317 erit
2647 2280 2661 2316 :
2696 2277 2760 2316 ac
2796 2276 2896 2331 pro
2927 2277 3059 2325 uno,
3090 2261 3288 2330 duplex
3345 2262 3452 2317 illis

1871 2356 1979 2411 erit
2033 2355 2290 2426 Spiritus,
2326 2355 2466 2409 alter
2503 2353 2597 2424 qui
2645 2369 2676 2408 a
2706 2353 3071 2417 Patre,ralter
3105 2355 3196 2423 qui
3236 2368 3265 2407 a
3315 2354 3453 2409 Filio

1872 2447 2138 2519 procedit.
2198 2445 2341 2502 Sane
2362 2447 2511 2502 enim
2552 2446 2691 2501 nihil
2736 2446 2858 2515 ejus
2888 2446 3147 2502 novitatis
3190 2446 3449 2511 occurrit,

1874 2555 1980 2596 nec
2002 2540 2057 2594 in
2084 2540 2171 2595 his
2212 2540 2414 2610 quibus
2445 2553 2545 2609 per
2575 2538 2981 2609 generationem
3014 2547 3076 2593 ut
3114 2538 3225 2593 sint
3258 2538 3312 2592 in
3366 2553 3453 2592 re-

1876 2648 1997 2689 rum
2028 2641 2222 2686 natura
2250 2632 2540 2703 contingit.
2573 2630 2796 2685 Diversa
2821 2630 2967 2685 enim
2993 2630 3293 2684 secundum
3322 2629 3454 2683 sub-

1877 2723 2130 2778 stantiam
2185 2721 2371 2776 videre
2400 2721 2547 2785 licet,
2578 2736 2700 2790 quae
2724 2735 2793 2775 ex
2824 2735 2932 2774 una
2974 2720 3275 2788 eademque
3318 2720 3455 2773 sub-

1878 2816 2078 2871 stantia
2095 2815 2214 2886 (seu
2244 2812 2539 2885 hypostasi)
2573 2813 2897 2884 procedunt.
2938 2811 3096 2878 Quod
3131 2827 3260 2866 vero
3283 2828 3455 2866 unum

1879 2917 1935 2963 et
1956 2907 2100 2961 idem
2143 2905 2447 2960 secundum
2483 2903 2847 2959 substantiam
2881 2917 2949 2957 ex
2977 2902 3209 2957 diversis
3261 2917 3457 2971 proce-

1879 3000 1991 3061 dat,
2024 3012 2126 3053 nec
2142 2998 2255 3068 pari
2286 3010 2351 3051 ac
2380 2995 2748 3065 producentes
2767 2994 3089 3049 substantiae
3116 2992 3455 3048 distinctioui

1880 3090 2183 3160 subjaceat,
2232 3102 2412 3157 neque
2440 3086 2720 3158 generatio
2758 3095 3023 3155 ortusque
3080 3084 3460 3155 productionis

1804 3205 1850 3265 ο
1883 3192 2066 3232 rerum
2096 3174 2365 3246 agnoscit,
2388 3189 2491 3230 nec
2516 3175 2559 3229 si
2583 3174 2711 3243 quid
2736 3174 2828 3228 illo
2848 3174 3200 3243 praestantius
3222 3172 3457 3228 exsistit.

1950 3269 2094 3325 XIII.
2136 3269 2349 3325 Etenim
2389 3267 2484 3322 ﬁlii
2513 3265 2669 3321 multi
2710 3280 3088 3334 saepenumero
3113 3281 3180 3319 ex
3216 3280 3324 3318 uno
3357 3280 3457 3319 eo-

1879 3359 2111 3428 demque
2140 3365 2319 3421 utero,
2360 3363 2416 3411 et
2447 3355 2632 3421 simul,
2665 3362 2721 3409 et
2772 3357 2998 3407 seorsim
3048 3363 3349 3409 cernuntur
3395 3355 3451 3408 in

1879 3448 2057 3503 lucem
2090 3447 2175 3501 edi
2202 3463 2218 3511 ;
2259 3446 2558 3515 eademque
2588 3459 2781 3499 manus
2804 3454 2860 3498 et
2888 3444 3048 3498 caedit
3074 3454 3129 3499 et
3158 3446 3366 3509 scribit,
3403 3454 3459 3501 et

1881 3540 2143 3595 beneﬁcia
2198 3544 2438 3609 praestat,
2471 3546 2527 3593 et
2566 3538 2631 3592 ad
2665 3536 2835 3590 Deum
2887 3537 3171 3590 tenditur:
3218 3538 3459 3592 scribere

1883 3640 2066 3685 autem
2094 3646 2220 3685 cum
2247 3644 2443 3685 manus
2469 3629 2739 3699 integrum
2762 3642 2900 3698 opus
2931 3628 3133 3693 videre,
3171 3637 3283 3683 tum
3307 3629 3460 3683 simi-

1884 3723 2006 3777 liter
2034 3723 2224 3792 pedis:
2258 3730 2352 3775 aut
2396 3721 2678 3775 ambulare
2706 3719 2937 3789 perinde
2968 3720 3249 3789 utriusque
3284 3721 3461 3775 dicto-

1883 3831 2005 3869 rum
2041 3828 2240 3868 munus
2266 3827 2418 3877 esse,
2450 3812 2688 3880 itemque
2720 3810 2997 3865 oculorum
3020 3811 3343 3881 auriumque
3374 3812 3459 3865 vi-

1884 3908 2033 3971 dere,
2052 3914 2147 3960 aut
2169 3906 2216 3959 si
2252 3919 2359 3973 qua
2398 3903 2667 3972 ejusmodi
2723 3912 2871 3969 sunt,
2899 3917 3063 3957 nemo
3093 3918 3237 3957 same
3261 3906 3462 3960 mentis

1886 3994 2205 4067 putaverit:
2262 3994 2357 4048 sed
2413 3993 2875 4061 quemadmodum
2928 3994 3172 4048 membra
3212 4010 3309 4049 sua
3352 3995 3463 4050 cir-

1885 4085 2312 4155 cumscriptione
2364 4084 2469 4138 alia
2506 4083 2574 4137 ab
2617 4083 2738 4137 aliis
2786 4083 3038 4138 distincta
3083 4094 3232 4147 sunt,
3284 4088 3365 4141 sic
3407 4097 3465 4149 ct

1886 4177 2150 4246 cujusque
2168 4175 2247 4228 vis
2280 4189 2342 4229 ex
2361 4174 2704 4243 operantium
2733 4174 2913 4229 indole
2936 4175 3325 4240 condividitur,
3347 4188 3402 4232 et
3432 4195 3463 4233 a

1886 4269 2113 4340 reliquis
2129 4266 2606 4335 condistinguitur.
2634 4267 2811 4335 Atque
2832 4266 2969 4321 adeo
2993 4268 3046 4320 in
3067 4268 3134 4323 iis
3153 4270 3315 4324 etiam
3345 4288 3466 4341 qua:

1886 4361 2105 4431 penitus
2165 4361 2456 4415 discretam
2498 4368 2658 4413 nacta
2700 4367 2828 4413 sunt
2866 4360 3261 4429 substantiam,
3319 4366 3463 4420 idem

1889 4452 2364 4522 contemplationis
2394 4450 2530 4505 ordo
2562 4463 2831 4506 servatur.

276 4552 380 4605 Μ’.
410 4553 505 4614 Τίς
539 4551 634 4604 οὑν
660 4552 820 4620 ἑτέρα
849 4551 1124 4621 πρόφασις
1154 4551 1269 4612 τοῖς
1320 4548 1664 4621 βλασφημεῖν
1703 4548 1776 4601 αἱ·

1962 4544 2104 4600 Χιν.
2145 4544 2281 4610 Qua:
2310 4544 2473 4615 igitur
2499 4543 2602 4598 alia
2629 4544 2942 4600 volentibus
2972 4546 3345 4615 blasphemare
3377 4565 3466 4602 re-

181 4645 500 4719 ρουμένοις
538 4642 893 4695 ὑπολείπεται
924 4660 938 4708 ;
977 4643 1298 4712 Εὑμήχανον
1329 4640 1440 4712 γὰρ
1492 4642 1521 4691 ὁ
1549 4639 1786 4710 πονηρὸς

180 4741 289 4807 εἰς
325 4738 543 4806 ἀπάτην
565 4754 579 4766 ·
636 4734 737 4789 κᾶν
770 4737 804 4805 ἡ
834 4734 927 4788 τοῦ
983 4733 1381 4803 ἀκρογωνιαίου
1442 4731 1591 4784 λίθου
1625 4730 1788 4799 σοφία

182 4829 306 4883 καὶ
333 4826 586 4896 δύναμις,
640 4825 728 4878 διὰ
754 4826 863 4877 τῶν
888 4824 1053 4878 αὑτοῦ
1082 4822 1430 4896 θεραπόντων
1456 4820 1656 4892 ῥᾳδίως
1692 4819 1791 4872 αὑ-

1894 4637 2039 4706 liqua
2076 4636 2291 4691 occasio
2316 4636 2338 4688 ?
2366 4634 2545 4691 Facile
2573 4635 2719 4690 enim
2749 4637 2841 4705 qui
2888 4652 3053 4707 prava
3082 4649 3165 4693 cst
3193 4650 3373 4693 mente
3412 4641 3465 4694 in

1894 4743 2135 4783 errorem
2171 4728 2407 4794 labitur;
2440 4727 2651 4782 tametsi
2680 4728 2954 4797 angularis
2982 4728 3174 4797 lapidis
3201 4732 3465 4800 sapientia

1886 4837 1953 4876 ac
1974 4821 2167 4888 virtus,
2194 4838 2291 4892 per
2319 4837 2507 4877 servos
2533 4837 2681 4887 suos,
2715 4836 2903 4875 eorum
2952 4819 3107 4875 facile
3132 4824 3296 4877 elidat
3332 4842 3465 4878 eon-

178 4921 304 4976 τοῦ
349 4920 712 4991 καταθραύσῃ
754 4919 822 4974 τά
868 4920 1259 4992 μηχανήματα.
1303 4917 1465 4971 Ἀλλὰ
1503 4916 1557 4971 τί
1586 4914 1776 4976 τούτοις

1888 4914 2035 4970 silia.
2064 4914 2154 4980 At,
2189 4914 2321 4984 quid
2349 4915 2457 4970 illis
2483 4917 2549 4971 ad
2583 4912 2975 4984 blasphemiam
3009 4914 3325 4984 reliquum?
3361 4916 3466 4969 ι)οσ

266 5099 327 5131 ³⁵
368 5102 472 5159 lsa.
506 5117 582 5169 ιι,
613 5104 665 5159 1.

1712 5251 1950 5311 ΝΟΤΙΕ.

278 5421 403 5491 (1‘2)
476 5423 695 5489 Ἔργον
726 5420 1085 5487 ὀλόκληρον.
1125 5418 1323 5472 Metius
1349 5415 1564 5491 videtur
1602 5412 1797 5491 legisse

179 5486 603 5559 κατάλληλονο’
644 5493 812 5559 magis
860 5486 1145 5557 congruum
1198 5502 1367 5555 opus:
1419 5487 1514 5539 sed
1563 5486 1697 5559 nihil
1728 5486 1795 5538 ad

182 5580 329 5620 rem
373 5556 571 5615 reddit.
616 5556 825 5613 lnsulso
854 5556 1082 5613 Photius
1124 5565 1465 5626 argumento,
1501 5556 1641 5622 quod
1669 5570 1796 5609 sen-

180 5649 380 5688 suum
434 5632 625 5685 vitales
663 5632 1008 5698 operationes
1039 5625 1308 5682 distincta:
1330 5668 1344 5688 ,
1375 5634 1437 5698 et
1460 5642 1556 5678 sua
1596 5625 1796 5698 cuique

181 5701 463 5775 prOpria,
496 5697 741 5775 nee-una
775 5701 980 5775 integra
1020 5715 1088 5752 ex
1110 5698 1328 5775 duobus
1357 5697 1505 5749 exire
1534 5697 1722 5775 possit,
1748 5710 1794 5775 .a

180 5764 389 5829 inm-iu
434 5772 731 5831 ambulare,
766 5786 793 5822 a
842 5764 975 5836 pede
1020 5768 1277 5825 scribere,
1307 5776 1437 5827 etc.,
1474 5766 1615 5887 qluud
1668 5764 1795 5833 Spi—

186 5845 365 5887 ritu:
391 5857 420 5887 τι
466 5841 621 5887 Patre
650 5840 924 5887 nrmredat-
958 5854 1065 5887 non
1101 5853 1259 5887 nosse
1288 5846 1343 5887 et
1379 5852 1407 5887 ιι
1439 5834 1492 5887 Ft
1522 5835 1572 5887 i0
1606 5850 1795 5887 nroce-

186 5845 365 5898 ritus
391 5857 422 5895 a
464 5841 621 5895 l'atre
650 5834 924 5909 procedat,
958 5854 1065 5893 non
1101 5853 1259 5906 posse
1288 5846 1343 5890 et
1379 5852 1407 5889 a
1439 5834 1572 5887 Filio
1604 5850 1797 5905 proce-

1895 5416 2047 5475 dere,
2098 5414 2250 5483 quasi
2303 5413 2375 5468 sit
2420 5413 2634 5468 illorum
2687 5411 2959 5481 disparata
2989 5413 3160 5483 virtus
3206 5428 3313 5464 non
3364 5427 3469 5464 una

1895 5482 2328 5555 simplicissima,
2371 5492 2657 5555 qna_sunt
2704 5499 2873 5535 unum
2929 5482 3275 5555 principium,
3331 5497 3472 5555 llllllS

1894 5551 2104 5617 auctor,
2139 5570 2245 5607 una
2281 5551 2443 5607 causa
2487 5553 2745 5622 Spiritus,
2794 5551 3244 5606 veredormilans
3272 5562 3327 5603 ct
3354 5551 3471 5603 ine-

1894 5624 2371 5695 ptiensrsomniat.
2424 5624 2649 5695 Aliaque
2693 5623 3012 5695 hicinsulsa
3047 5622 3369 5683 deblaterat,
3398 5635 3471 5695 ne

1893 5691 2138 5747 'verilatis
2201 5694 2422 5763 quidem
2483 5693 2591 5746 ulla
2647 5692 2862 5762 specie,
2940 5700 2997 5746 ut
3054 5706 3242 5759 parum
3294 5691 3471 5744 cautis

1896 5766 2144 5833 obrepat.
