3930 6394
413 388 516 453 807

1574 376 1836 446 PHOTII
1870 372 2376 440 PATRIARCHIE
2410 374 2522 437 ΟΡ.

3570 362 3687 428 808

415 502 551 558 mini
579 500 752 573 ipsam
789 497 897 555 sibi
927 512 1118 555 vocem
1147 503 1437 565 usurpant,
1476 493 1632 564 quasi
1678 492 1864 548 minus
1890 487 2023 548 1ια-.

2125 487 2235 558 πρὸς
2263 484 2620 559 βλασφημίαν
2648 486 2975 553 ὕπόλοιπονς
3022 484 3136 556 Τὴν
3161 480 3454 556 Κυριακὴν

415 593 604 653 beant.
631 591 777 662 quod
810 589 916 661 ipsi
959 605 993 643 a
1030 604 1090 644 se
1122 587 1413 643 Dominum
1457 583 1862 654 blasphemant,
1891 580 1998 636 nisi

415 684 575 756 prius
607 698 733 737 eum
780 681 875 752 qui
902 680 1338 751 blasphematur,
1390 676 1512 745 eius
1538 675 1711 744 ipsius
1744 672 2002 742 blasphe-

424 779 550 831 mia:
587 775 971 845 Legislatorem
998 781 1163 841 atque
1191 778 1471 825 auctorem
1512 774 1833 823 arcessant:
1866 766 2003 820 dixit

425 870 597 930 enim,
632 839 805 927 aiunt,
845 839 1113 926 Salvator,
1148 863 1245 918 Ille
1285 870 1348 915 de
1374 877 1487 915 meo
1512 861 1754 930 accipiet,
1795 868 1846 913 et
1895 875 2000 913 an-

420 959 682 1014 nuntiubit
713 958 853 1011 vobis
876 958 942 1011 ³³.
974 957 1063 1020 At,
1090 956 1133 1011 si
1156 954 1374 1024 quidem
1400 953 1544 1009 istud
1564 968 1593 1006 a
1622 952 1781 1007 nobis
1806 952 2003 1006 adver-

421 1041 516 1105 sus
543 1051 664 1105 illos
701 1048 986 1109 aﬂeratur,
1022 1057 1085 1103 ut
1134 1046 1429 1117 probemus
1460 1044 1720 1114 Spiritum
1750 1059 1815 1098 ex
1844 1041 2004 1097 Patre

421 1142 692 1209 accipere,
721 1141 967 1210 atque'ex
987 1140 1101 1202 illo,
1131 1153 1243 1191 non
1262 1151 1392 1191 vero
1421 1152 1489 1191 ex
1519 1135 1654 1190 Filio
1683 1135 2000 1205 procedere,

422 1231 696 1300 quodnam
755 1228 900 1283 aliud
950 1227 1214 1297 cll'ugium
1261 1240 1332 1280 ne
1377 1233 1742 1294 coarguantur
1792 1225 2006 1294 passim

422 1318 791 1373 adinvenire?
824 1318 927 1379 Qui
983 1317 1150 1387 igitur
1182 1331 1246 1370 ea
1295 1331 1417 1384 quae
1457 1315 1745 1369 manifeste
1791 1314 2003 1369 illorum

424 1411 650 1466 haeresis
687 1410 963 1464 convincit
998 1408 1286 1473 insaniam,
1315 1409 1432 1463 haec
1455 1407 1701 1462 eamdem
1735 1406 1855 1474 ejus
1872 1422 2006 1461 con-

422 1502 705 1557 ﬁrmanda:
727 1516 891 1555 causa
937 1500 1237 1570 proferant,
1269 1500 1544 1569 quomodo
1575 1514 1686 1552 non
1715 1498 2005 1568 deploratae

422 1593 625 1647 mentis
650 1607 816 1646 sensu
843 1591 1027 1646 miseri
1059 1590 1295 1646 habendi
1323 1591 1454 1657 sint,
1479 1590 2007 1659 miserabilioresque

424 1684 631 1739 mentis
669 1684 943 1737 sententia
985 1692 1042 1737 et
1070 1682 1388 1739 voluntate?
1414 1682 1555 1752 Quid
1605 1683 1754 1737 enim
1807 1681 2009 1737 clarius

426 1772 711 1827 Dominica
765 1773 869 1827 hac
894 1786 1049 1836 voce,
1078 1771 1146 1826 ad
1192 1786 1380 1825 eorum
1427 1771 1523 1841 qui
1555 1770 1701 1827 illam
1748 1769 2003 1833 aderunt,

428 1865 736 1920 elidendam
761 1863 1154 1932 impudentiam
1179 1861 1202 1914 ‘!
1231 1859 1369 1927 Quid
1403 1862 1646 1932 apertius
1678 1860 1745 1915 ad
1770 1860 2006 1929 proban-

428 1958 559 2012 dum
616 1956 762 2025 quod
795 1971 906 2009 non
969 1969 1036 2010 ex
1074 1952 1231 2019 Filio,
1281 1953 1380 2009 sed
1415 1968 1484 2009 ex
1538 1954 1701 2009 Patre
1752 1952 2012 2024 procedat

429 2049 667 2120 Spiritus
694 2048 718 2101 ?

500 2138 618 2194 XV.
658 2137 877 2193 Etenim
929 2137 1075 2208 quod
1104 2137 1226 2191 aliis
1258 2136 1391 2192 locis
1419 2136 1557 2192 dixit
1595 2136 1863 2196 Salvator,
1886 2134 2010 2205 Spi-

430 2230 598 2285 ritum
631 2246 699 2284 ex
733 2228 895 2284 Patre
927 2229 1244 2298 procedere,
1281 2227 1387 2282 boc
1418 2229 1595 2298 ipsum
1628 2227 1856 2283 nuncin
1881 2243 2011 2298 pro-

430 2321 607 2393 posita
642 2321 805 2375 docet
858 2320 1204 2389 auctoritate,
1232 2320 1487 2385 dicendo,
1529 2317 1756 2390 Spiritus
1778 2320 1843 2373 de
1896 2334 2012 2373 meo

430 2412 674 2482 accipiet.
708 2409 827 2466 Non
861 2412 1007 2467 enim
1031 2413 1190 2479 dixit,
1225 2428 1291 2468 ex
1322 2427 1428 2480 me,
1465 2412 1581 2472 sed,
1611 2413 1675 2466 de
1696 2428 1830 2476 meo,
1863 2408 2014 2464 vide—

430 2501 559 2557 licet
604 2501 804 2567 Patre;
863 2504 968 2558 nisi
1005 2504 1144 2558 forte
1183 2505 1373 2569 velint,
1431 2503 1580 2558 aliud
1623 2501 1754 2570 quid
1797 2508 2015 2571 praeter-

431 2609 595 2663 quam
627 2593 845 2649 Patrem
872 2604 926 2649 et
966 2596 1230 2667 Spiritum
1259 2611 1378 2651 esse
1414 2595 1618 2666 pariter
1648 2608 1712 2648 ac
1733 2593 1838 2649 dici
1870 2592 2013 2647 Filii.

430 2682 491 2737 Si
532 2683 695 2754 igitur
747 2683 818 2738 ita
850 2693 1041 2754 aperta
1068 2694 1258 2740 contra
1306 2698 1426 2739 sese
1452 2690 1773 2750 argumenta
1802 2696 1902 2750 pro
1954 2695 2016 2736 se

431 2782 579 2831 stare
608 2783 822 2844 putant,
857 2775 1129 2829 undenam
1158 2789 1317 2845 opem
1346 2773 1504 2828 aliam
1532 2773 1780 2828 conferre
1807 2772 2019 2842 possint

432 2873 495 2919 nt
535 2881 754 2935 pravam
783 2874 1023 2919 mentem
1055 2881 1209 2919 suam
1239 2881 1303 2919 ac
1332 2865 1657 2919 sententiam
1696 2864 2018 2919 stabiliant?

438 2956 548 3012 Sed
588 2968 647 3013 ut
676 2959 912 3023 videtur,
938 2958 1027 3026 isti
1062 2974 1162 3013 nec
1210 2957 1424 3012 cunctis
1454 2966 1612 3011 notas
1635 2971 1795 3012 voces
1819 2956 2020 3012 intelli-

438 3061 655 3122 gentes,
684 3068 788 3106 nec
816 3052 903 3105 vel
940 3051 1206 3106 trivialem
1239 3066 1421 3105 rerum
1457 3050 1703 3104 notitiam
1732 3050 2017 3115 habentes,

2100 580 2287 643 αὐτοῖς
2314 578 2726 643 ὑποϐάλλονται,
2783 579 2885 633 οὐκ
2930 575 3218 646 ἀγαπητὸν
3273 574 3577 646 ⁴ἡγούμενοι
3617 569 3691 624 δι’

2102 671 2316 727 ἐαυτῶν
2343 673 2434 726 τὸν
2462 671 2742 742 Δεσπότην
2762 670 3085 741 δυσφημεῖν,
3123 670 3173 721 εί
3198 668 3274 740 μὴ
3314 667 3410 721 καὶ
3439 666 3537 719 τὸν
3556 665 3692 719 δυσ-

2103 765 2477 837 φημούμενον,
2524 764 2822 836 νομοθέτην
2867 763 2967 831 τῆς
3011 762 3325 833 δυσφημίας
3352 761 3449 814 καὶ
3478 758 3696 830 προλα-

2103 859 2290 921 ϐόντες
2318 858 2811 927 κατηγορήσουσιν.
2836 851 2974 908 Eine
3005 854 3135 925 γὰρ,
3160 855 3351 923 φησιν,
3397 853 3427 905 ὁ
3464 851 3689 921 Σωτὴρ,

2116 950 2374 1015 Ἐκεῖνος
2426 948 2498 1003 ἐκ
2550 947 2660 1002 τοῦ
2711 947 2859 1018 ἐμοῦ
2887 946 3168 1017 λήψεται,
3225 945 3326 999 καί
3365 939 3697 1013 ἀναγγελεῖ

2102 1042 2266 1113 ὑμῖν.
2309 1041 2451 1094 Ἀλλ’
2479 1041 2637 1112 εἴπερ
2661 1041 2796 1110 ἡμῖν
2824 1038 2985 1093 τοῦτο
3026 1039 3150 1093 κατ’
3187 1038 3368 1092 αὐτῶν
3397 1035 3697 1106 ἐκομίζετο

2104 1132 2243 1205 πρὸς
2299 1132 2593 1199 ἀπόδειξιν,
2645 1132 2729 1186 ὅτι
2775 1131 2841 1183 ἐκ
2876 1127 2985 1203 ,τοῦ
3045 1129 3259 1198 Πατρδς
3305 1127 3585 1198 λαμϐάνει
3633 1124 3698 1178 τὸ

2105 1223 2352 1296 Πνεῦμα,
2387 1224 2483 1279 καὶ
2521 1223 2581 1290 ἐξ
2614 1221 2804 1286 αὐτοῦ,
2835 1221 2953 1275 ἀλλ’
2980 1220 3083 1275 οὐκ
3131 1221 3195 1272 ἐκ
3236 1217 3333 1271 τοῦ
3359 1217 3494 1273 Υίοῦ
3532 1218 3700 1270 ἐκπο-

2108 1319 2321 1391 ρεύεται
2339 1358 2354 1383 ,
2371 1318 2492 1371 τίνα
2517 1317 2583 1371 ἃν
2608 1314 2897 1387 ἀποφυγὴν
2918 1312 3024 1368 τῶν
3042 1312 3284 1383 ἐλέγχων
3310 1312 3532 1372 ἑαυτοῖς
3559 1309 3692 1361 ἐπι-

2106 1415 2392 1484 νοήσαιντο
2423 1428 2439 1474 ;
2476 1412 2541 1464 Ἀ
2572 1410 2750 1463 τοίνυν
2782 1407 2962 1461 αὐτῶν
2995 1405 3314 1477 περιφανῶς
3347 1405 3565 1474 ἐλέγχει
3592 1402 3699 1473 τὴν

2107 1506 2293 1559 ἄνοιαν
2320 1505 2418 1574 τῆς
2442 1504 2730 1575 αἱρέσεως,
2751 1500 2930 1555 ταῦτα
2956 1501 3097 1569 πρὸς
3124 1499 3225 1567 τὴν
3252 1498 3423 1568 αὐτῆς
3455 1495 3700 1568 βεϐαίω-

2108 1614 2193 1650 σιν
2222 1594 2669 1666 προϐαλλόμενοι,
2731 1592 2851 1658 πῶς
2904 1592 3005 1648 οὐκ
3039 1592 3106 1645 ἂν
3153 1589 3347 1661 εἴησαν
3379 1589 3560 1644 ἄθλιοι
3593 1587 3700 1658 μὲν

2106 1689 2199 1742 τὸν
2229 1687 2374 1753 νοῦν,
2402 1686 2802 1756 ἀθλιώτεροιδέ
2833 1687 2934 1754 τὴν
2964 1685 3325 1757 προαίρεσιν;
3367 1681 3436 1737 Τί
3476 1681 3593 1753 γὰρ
3630 1679 3700 1734 ἂν

2107 1777 2191 1848 εἴη
2221 1778 2428 1846 ταύτης
2461 1778 2561 1846 τῆς
2590 1777 2927 1846 Δεσποτικῆς
2973 1777 3160 1846 φωνῆς
3187 1774 3538 1845 τρανότερον,
3584 1772 3703 1824 τῶν

2113 1868 2559 1940 προκομιζῶτων
2575 1868 2746 1938 αὐτὴν
2761 1867 3091 1921 καταϐαλεῖν
3105 1867 3206 1936 τὴν
3226 1865 3505 1918 ἀναίδειαν
3524 1881 3539 1931 ;
3557 1863 3633 1917 Ti
3646 1862 3707 1916 δέ

2107 1962 2459 2033 παραστῆσαι
2489 1959 2875 2033 φανερώτερον
2901 1959 2977 2022 ὡς
2997 1960 3099 2013 οὐκ
3126 1960 3191 2012 ἐκ
3238 1956 3332 2011 τοῦ
3363 1954 3522 2012 Υίοῦ.
3581 1954 3706 2009 ἀλλ’

2109 2057 2174 2108 ἐκ
2196 2052 2293 2107 τοῦ
2322 2053 2537 2125 Πατρδς
2558 2053 2620 2107 τὸ
2642 2052 2862 2122 Πνεῦμα
2895 2049 3291 2121 ἐκπορεύεται;

2180 2146 2285 2199 lE'.
2320 2145 2435 2198 Καὶ
2463 2143 2572 2216 γὰρ
2624 2145 2764 2215 ὅπερ
2797 2144 2858 2196 ἐν
2904 2142 3086 2206 ἄλλοις
3136 2137 3291 2193 εἶπεν
3327 2139 3354 2192 ὁ
3386 2137 3614 2209 Σωτὴρ,
3649 2138 3710 2190 τὸ

2110 2237 2337 2308 Πνεῦμα
2365 2237 2430 2290 ἐκ
2461 2236 2556 2290 τοῦ
2599 2234 2815 2306 Πατρὺς
2850 2234 3238 2305 ἐκπορεύεται,
3283 2230 3442 2286 τοῦτο
3474 2231 3577 2283 καὶ
3610 2228 3710 2282 νῦν

2110 2327 2198 2380 διὰ
2220 2327 2319 2395 τῆς
2344 2324 2713 2396 προκειμένης
2736 2324 3050 2378 ἐκδιδάσκει
3075 2325 3307 2393 ῥήσεως,
3331 2324 3403 2376 Τὸ
3428 2320 3710 2388 Πνεῦμα.

2111 2418 2306 2486 λέγων,
2339 2418 2408 2470 ἐκ
2460 2415 2571 2471 τοῦ
2613 2416 2761 2484 ἐμοῦ
2811 2414 3095 2484 λήψεται.
3129 2416 3204 2467 Οὐ
3230 2414 3340 2485 γὰρ
3392 2409 3571 2475 εἶπεν,
3618 2409 3712 2475 ἘΞ

2114 2508 2401 2580 ἐμοῦ,ἁλλ⁹
2434 2512 2536 2563 Ἐκ
2563 2509 2672 2563 τοῦ
2697 2507 2871 2577 ἐμοῦ·
2896 2507 3053 2578 δῆλον
3074 2507 3177 2570 ὅτι,
3204 2504 3297 2558 τοῦ
3318 2505 3541 2576 Πατρός
3564 2502 3707 2575 (15)’

2115 2602 2165 2653 εί
2191 2599 2268 2670 μή
2285 2616 2338 2652 τι
2367 2599 2475 2670 ἄρα
2507 2598 2780 2668 βούλοιντο
2801 2598 2990 2669 ἕτερον
3025 2598 3179 2668 παρὰ
3222 2596 3313 2650 τὸν
3352 2597 3579 2667 Πατέρα
3613 2596 3709 2648 καὶ

2114 2693 2176 2746 τὸ
2199 2693 2442 2765 Πνεῦμα,
2468 2689 2609 2745 εἷναί
2638 2709 2697 2745 τε
2727 2693 2823 2745 καὶ
2871 2689 3239 2761 ὀνομάζεσθαι
3290 2689 3387 2742 τοῦ
3420 2687 3585 2741 Υίοῦ.
3641 2687 3704 2742 Oi

2116 2784 2249 2854 γοῦν
2265 2787 2392 2849 τοὺς
2411 2783 2557 2838 οὕτω
2575 2786 2901 2855 περιφανεῖς
2927 2782 3049 2837 κατ’⁵
3072 2781 3251 2836 αὐτῶν
3278 2781 3539 2851 ἐλέγχους
3560 2779 3709 2850 ὑπὲρ

2118 2878 2298 2931 αὐτῶν
2333 2879 2646 2949 νομίζοντες
2680 2876 2957 2941 ἵστασθαι,
2989 2876 3137 2939 τίνος
3178 2874 3502 2945 συμμαχίαν
3534 2871 3709 2940 ἄλλην

2120 2970 2258 3040 πρὸς
2280 2969 2569 3040 βεϐαίωσιν
2597 2968 2691 3021 τοῦ
2719 2968 3137 3037 πεπλανημένον
3166 2969 3518 3038 φρονήματος
3536 2967 3713 3019 ἐκπο-

2124 3061 2393 3133 ρίσονταις
2421 3059 2564 3112 Ἀλλ’
2584 3058 2660 3121 ὡς
2680 3057 2878 3123 ἔοικεν,
2899 3058 3019 3111 οὐδὲ
3046 3058 3142 3121 τὰς
3167 3059 3332 3111 πᾶσιν
3350 3056 3715 3125 ἐγνωσμένοις

435 3144 642 3199 nedum
682 3160 792 3198 non
819 3142 1004 3199 ierunt
1032 3145 1100 3198 ab
1119 3144 1239 3199 aliis
1255 3144 1436 3201 doceri
1467 3158 1590 3214 qua:
1623 3144 1876 3214 ignorant
1895 3143 2016 3213 (etsi

2125 3151 2310 3219 φωνὰς
2377 3149 2644 3211 συνιέντες
2674 3142 2841 3212 οῦτοι,
2872 3146 2995 3199 οὐδέ
3048 3147 3159 3199 τῶν
3191 3148 3251 3199 ἐν
3280 3144 3442 3217 χερσὶ
3468 3145 3715 3215 μάθησιν

439 3251 599 3291 orare
620 3236 906 3301 deberent,
935 3247 992 3292 et
1021 3236 1213 3291 sedulo
1241 3251 1507 3307 quarrere,
1551 3236 1640 3304 qui
1664 3250 1731 3290 ex
1757 3234 2019 3305 ignoran-

2125 3241 2361 3310 ἔχοντες,
2392 3241 2454 3293 οὐ
2488 3239 2648 3310 μόνον
2675 3240 2776 3293 οὐκ
2799 3239 3082 3309 ἀνέχονται
3116 3239 3248 3310 παρ’
3271 3238 3477 3309 ἐτέρων
3515 3236 3720 3307 μαθεῖν

440 3329 532 3384 tiae
582 3327 854 3399 profundo
886 3329 1244 3398 extraheret),
1271 3338 1333 3382 ut
1372 3328 1473 3398 ipsi
1507 3327 1689 3399 potius
1711 3343 1931 3384 suorum
1961 3341 2023 3382 se

440 3420 758 3477 deliriorum
811 3422 1097 3492 magistros
1140 3422 1497 3477 constituant.
1545 3420 1833 3486 Quomodo
1876 3421 2022 3475 enim

440 3527 555 3566 non
597 3512 786 3581 pudet.
818 3512 1034 3568 dicente
1060 3513 1308 3576 Domino,
1339 3512 1570 3581 Spiritus
1609 3512 1675 3566 de
1723 3529 1838 3566 meo
1878 3513 2024 3565 acci-

441 3605 573 3674 piet,
608 3616 657 3658 et
684 3605 1022 3659 amtuutiabit
1053 3606 1213 3667 vobis.
1244 3622 1354 3660 non
1387 3607 1460 3660 ita
1492 3621 1558 3660 ac
1605 3605 1694 3661 ille
1720 3604 2024 3660 dixitistud

514 3763 561 3795 ³⁸
588 3760 748 3819 Joan.
784 3777 898 3829 xvi,
928 3760 1019 3825 14,
1044 3761 1133 3816 15.

2126 3333 2192 3387 τὸ
2253 3331 2654 3402 ἀγνοούμενον·
2708 3331 2952 3399 καίτοιγε
2987 3331 3327 3401 παρακαλεῖν
3382 3331 3580 3400 ἐχρῆν,
3618 3331 3720 3383 καὶ

2133 3424 2338 3494 σπουδῇ
2370 3422 2576 3495 ζητεῖν,
2605 3425 2731 3487 τοὺς
2758 3424 2952 3486 αὐτοὺς
2986 3421 3086 3492 τῆς
3112 3422 3333 3491 ἀγνοίας
3379 3422 3719 3476 ἁνελκύσον-

2135 3530 2236 3576 τας
2260 3529 2277 3545 ο
2306 3515 2356 3566 oi.
2382 3512 2464 3569 δὲ.
2497 3515 2592 3567 καὶ
2629 3511 2984 3575 διδασκάλους
3040 3510 3268 3573 ἑαυτοὺς
3327 3508 3438 3563 τῶν
3492 3508 3722 3562 οἰκείων

2127 3606 2573 3677 ἀναπλασμῶων
2627 3603 3044 3676 προκαθίζουσι.
3079 3600 3204 3665 Πῶς
3231 3600 3341 3673 γὰρ
3369 3601 3475 3652 οὐκ
3523 3596 3723 3667 αἰσχύσ

1965 3912 2201 3970 ΝΟΤᾸΕ.

515 4057 628 4126 (1⁸5)
669 4052 870 4122 Δῆλον
900 4054 1013 4117 ὅτι,
1039 4053 1171 4126 Δτοῦ
1198 4054 1454 4126 Πατρός,
1489 4053 1687 4124 Liquet
1717 4054 1772 4109 in
1802 4053 2039 4109 violenta
2078 4089 2088 4101 ~

444 4123 552 4185 hac
569 4125 931 4196 expositione,
958 4123 1062 4196 uni
1077 4125 1301 4196 propria
1314 4123 1530 4196 Pho‘tio,
1554 4123 1661 4194 qua
1683 4126 1763 4180 sic
1781 4126 2038 4192 exsultat,

446 4204 532 4255 sic
575 4194 899 4265 triumphat,
929 4209 993 4248 ac
1020 4194 1067 4248 si
1097 4195 1248 4248 locus
1290 4194 1379 4265 ille
1415 4194 1663 4257 Joannis,
1698 4206 2038 4265 telumcon-

447 4267 622 4323 vellat
644 4263 841 4334 dogma
865 4267 933 4320 de
957 4264 1308 4333 processione
1336 4263 1576 4335 Spiritus
1600 4266 1761 4318 etiam
1785 4280 1853 4335 ex
1878 4263 2035 4335 Filio,

444 4353 559 4394 non
583 4335 711 4390 illud
742 4343 948 4390 statuat
977 4334 1114 4388 falso
1140 4333 1419 4389 insimulat
1436 4335 1582 4404 quod
1597 4335 1658 4387 τὸ
1674 4333 1858 4405 ἐκῂτοῦ
1876 4334 2038 4405 ἐμοῦ,

449 4407 807 4476 depravarint
833 4405 1032 4476 Latini,
1051 4407 1217 4476 quasi
1244 4405 1364 4471 ejus
1392 4406 1511 4459 loro
1537 4404 1763 4476 situm?
1794 4404 2029 4474 legerint

448 4473 546 4533 aui
570 4476 910 4546 scripserint.
938 4474 1084 4546 Nihil
1123 4474 1200 4527 illi
1239 4475 1504 4543 ejusmodi
1540 4494 1553 4529 :
1581 4473 1814 4546 Cyrillus
1844 4473 2026 4546 tamen

449 4550 529 4603 sic
554 4534 696 4601 non.
722 4545 1170 4614 depravationem
1209 4534 1439 4614 putavit.
1483 4553 1544 4599 ut
1569 4534 1726 4613 quasi
1761 4544 1906 4599 idem
1955 4544 2029 4598 si—
2061 4534 2107 4590 D

449 4615 1108 4689 gnilicantibusvocibns
1137 4629 1271 4689 usus
1294 4616 1383 4669 sit.
1419 4614 1673 4689 Ingoan.
1712 4616 1854 4689 l._n,
1880 4615 1987 4689 c._i
2016 4632 2031 4667 :

452 4684 564 4741 Καὶ
606 4688 701 4755 εί,
731 4685 984 4754 καθάπερ
1032 4684 1196 4746 αὑτός
1234 4701 1423 4754 φησιν,
1484 4685 1576 4748 Ἐξ
1604 4686 1739 4754 ἐμοῦ
1768 4684 2037 4755 λαμϐάνει

449 4758 515 4810 τὸ
565 4754 823 4826 Πνεῦμα,
875 4753 1052 4807 καίτοι
1104 4753 1303 4808 πάντα
1345 4755 1532 4826 ἰσχῦον
1564 4753 1659 4808 καὶ
1711 4753 2034 4826 κατορθοῦν,

454 4827 574 4889 πῶς
607 4828 672 4880 ἂν
705 4822 867 4887 αὐτὸς
898 4826 999 4878 οὐκ
1027 4827 1214 4896 ἐχῃλτὸ
1242 4827 1328 4892 ἐφ’
1356 4822 1565 4878 ἅπασιν
1601 4825 1818 4896 ίσχυρόν
1839 4822 1862 4888 ;’
1886 4822 2038 4888 Quod

452 4898 503 4951 si
534 4902 552 4966 (
573 4905 628 4950 ut
651 4898 763 4965 ipse
792 4895 910 4966 ait)
938 4896 1001 4949 de
1020 4912 1080 4949 eo
1102 4894 1338 4966 Spiritus
1358 4894 1836 4964 accipit,-quanwis
1860 4897 2038 4948 omnia

455 4967 624 5037 possit
665 4965 994 5037 etimpleat,
1029 4965 1288 5036 quomodo
1316 4969 1428 5037 ipse
1465 4968 1701 5037 omnium
1730 4974 2039 5037 potestatem

456 5035 835 5105 nou/iubebit?
883 5035 1051 5105 Igitur
1092 5037 1175 5092 τὸ.
1211 5037 1277 5088 ἐκ
1308 5036 1404 5089 τοῦ
1436 5035 1593 5105 ἐμοῦ,
1642 5035 1785 5090 idem
1830 5037 1897 5105 ἐκ
1929 5036 2038 5087 τῶν

457 5103 618 5176 ἐμοῦ,
669 5106 893 5176 perinde
915 5103 1000 5176 ’ἐκ
1020 5106 1128 5176 τῶν
1158 5106 1400 5170 Πατρός,
1436 5103 1681 5176 exponit.
1714 5104 2037 5176 Λαμϐάνειν

455 5172 516 5227 τε
547 5172 690 5245 οῦτὼ
727 5177 788 5228 τὸ
814 5172 1039 5245 Πνεῦμα
1073 5192 1254 5244 φαμεν
1280 5177 1342 5230 ἐκ
1363 5193 1424 5228 τε
1453 5172 1548 5229 τοῦ
1574 5175 1788 5245 [ἰατρὸς
1810 5172 1916 5228 ’καὶ
1944 5173 2038 5227 τοῦ

458 5244 591 5297 Υίοῦ
618 5248 685 5316 τὰ
710 5244 1033 5316 αὑτῶ-Ἁούχ
1063 5246 1138 5307 ὡς
1167 5247 1299 5298 ποτὲ
1328 5247 1430 5316 μὲν
1455 5247 1561 5299 οὐκ
1597 5244 1740 5313 ἔχον.
1766 5247 1936 5316 Atque
1963 5245 2041 5297 ita

458 5331 552 5368 nos
583 5315 814 5368 dicemus
839 5312 1095 5381 Spiritum
1112 5312 1352 5385 accipere
1379 5333 1443 5371 ea:
1472 5312 1709 5385 Patreget
1732 5312 1891 5375 Filio,
1922 5329 2040 5385 qua:

459 5400 642 5456 eorum
671 5394 950 5456 suut,_uon
981 5384 1139 5456 quod,
1170 5383 1409 5456 el_e.i\'ec
1439 5388 1595 5440 aliter
1619 5383 2042 5456 Cbrysostornus

462 5453 606 5525 quod
643 5469 768 5525 una
799 5452 1147 5525 sithseientia
1201 5452 1321 5508 Filii
1367 5467 1422 5510 et
1456 5456 1694 5523 Spiritus
1714 5452 1748 5520 ;“
1765 5455 2042 5525 quomodo

464 5523 629 5596 etiam
649 5523 845 5596 filius
868 5522 1101 5584 dicitur,
1140 5538 1247 5596 non
1279 5539 1309 5577 a
1339 5541 1397 5581 se
1424 5526 1593 5596 loqui,
1621 5527 1717 5580 sed
1742 5522 1864 5595 quae
1892 5524 2045 5579 audi-

465 5592 547 5666 vit
574 5607 603 5645 a
645 5591 826 5657 Patre,
854 5604 1055 5666 αξιοι-[ιο
1089 5591 1706 5666 scilicetgener—atione,
1734 5591 1792 5650 εἰ
1815 5611 1923 5665 qua
1947 5595 2043 5648 οὑ-

469 5662 611 5733 σίαν,
645 5673 702 5719 et
722 5679 841 5731 (lu-.e
869 5663 1150 5733 ejussunt
1177 5662 1380 5727 omnia,
1412 5668 1622 5733 accepit
1654 5683 1667 5718 :
1700 5662 1886 5733 sicque
1906 5666 2044 5719 adeo

474 5681 611 5724 σιαν,
645 5681 702 5719 et
722 5681 841 5731 (pne
869 5681 988 5730 ejus
1020 5681 1150 5715 sunt
1177 5681 1380 5727 omnia,
1412 5681 1539 5721 accc
1580 5681 1622 5719 II.
1654 5683 1667 5718 :
1700 5681 1886 5733 Sicque
1906 5681 2044 5719 adeo

474 5732 896 5811 Spiritus_etiam
916 5748 944 5786 a
966 5730 1119 5797 Filio,
1143 5747 1511 5811 quanquama
1536 5681 1699 5811 βακε
1721 5744 1781 5811 u_t
1805 5752 2046 5804 προκατ-

474 5801 736 5869 αρκτικοῦ
777 5801 951 5855 αἰτίου
976 5842 992 5868 ,
1021 5816 1085 5857 ac
1120 5804 1277 5872 quasi
1306 5801 1494 5859 fontali
1526 5806 1798 5875 principio
1824 5801 1879 5860 et
1907 5826 1934 5859 ιι
1962 5822 2042 5870 se,

2137 4072 2263 4112 cum
2297 4051 2469 4113 Filius
2499 4058 2616 4128 ipse
2643 4072 2769 4113 cum
2798 4054 2958 4112 Patre
2989 4056 3319 4128 principium
3355 4055 3439 4128 sit_
3467 4064 3527 4111 et
3555 4072 3588 4128 α
3619 4056 3729 4112 Pa-

2137 4138 2242 4190 tre,
2273 4124 2550 4199 unumque
2580 4144 2705 4183 cum
2733 4129 2827 4184 illo
2871 4124 3198 4199 principium
3226 4126 3370 4197 quod
3400 4124 3586 4199 Graeci
3615 4128 3735 4183 fere

2140 4196 2516 4267 propositione
2562 4199 2674 4266 διὰ,
2704 4196 2890 4253 amant
2909 4198 3215 4267 explicare;
3248 4199 3478 4266 ipseque
3510 4196 3591 4251 ibi
3621 4200 3731 4267 Cy-

2137 4258 2324 4357 iilltis;
2370 4268 2587 4357 ’ξπεὲδῂ
2619 4258 3054 4357 ὁμοοούσιόνηέστι
3092 4268 3170 4354 τῶ
3375 4258 3471 4350 καὶ
3499 4258 3735 4357 πρόεισι

2138 4338 2460 4409 θεοπρεπῶς
2496 4335 2586 4392 δι”
2613 4335 2814 4400 αὐτοῦ,
2857 4339 3041 4391 πᾶσαν
3083 4335 3247 4409 αὖτοῦ
3288 4337 3389 4407 τὴν
3424 4335 3520 4409 eget
3544 4335 3731 4409 ἅπασι

2137 4405 2479 4481 τελειοτάτην
2507 4410 2630 4481 ἔχον
2654 4409 2933 4481 ἐνέργειαν
2951 4424 3013 4481 τε
3035 4410 3132 4461 καὶ
3158 4405 3413 4481 δύναμιν,
3442 4405 3536 4481 διὰ
3555 4407 3725 4481 τοῦτό

2134 4495 2322 4547 φησιν·
2351 4477 2479 4533 Ὅτι
2507 4477 2576 4533 ex
2606 4479 2713 4533 τοῦ
2748 4477 2898 4548 ἐμοῦ
2923 4477 3206 4546 λήψεται.
3242 4477 3578 4548 ’Υφεστόναι
3619 4478 3730 4547 γὰρ

2136 4542 2270 4603 aii-rb
2320 4549 2442 4602 καθ’
2485 4550 2648 4602 ἐαυτδ
2697 4542 3037 4617 τδ’Πνεῦμα
3085 4542 3437 4615 πιστεύομεν,
3474 4542 3639 4617 Δεἷναί
3669 4542 3727 4599 τε

2136 4620 2260 4672 κατ’
2282 4619 2561 4688 ἀλήθειαν,
2589 4617 2738 4671 τοῦθ’
2756 4618 2900 4688 ίόπερ
2923 4614 3042 4669 ἐστὶ
3072 4620 3166 4670 καὶ
3186 4614 3427 4683 λέγεται.
3456 4614 3727 4680 Quoniam

2137 4687 2600 4743 consubst’antialis
2628 4698 2705 4742 est
2738 4687 2881 4742 Filio
2913 4703 2978 4741 ac
2999 4689 3171 4741 divine
3196 4703 3291 4756 per
3310 4701 3432 4739 eum
3460 4689 3725 4754 procedit,

2136 4776 2341 4815 omnem
2369 4759 2483 4829 ejus
2522 4758 2957 4828 perfectissimam
2987 4758 3042 4811 in
3065 4761 3310 4829 omnibus
3330 4759 3591 4829 onerandi
3625 4758 3727 4810 rint

2136 4830 2332 4884 habens
2360 4828 2424 4882 ac
2454 4830 2778 4898 efﬁcaciam;
2805 4829 3003 4898 idcirco
3033 4829 3180 4888 dicit,
3212 4828 3348 4898 Quia
3376 4828 3445 4879 de
3472 4842 3600 4880 meo
3633 4842 3728 4898 ae—
3774 4872 3784 4881 .

2138 4901 2327 4968 cipiet.
2360 4896 2537 4967 Ipsum
2581 4899 2720 4953 enim
2746 4915 2838 4969 per
2858 4915 2913 4952 se
2936 4896 3196 4966 Spiritum
3231 4897 3513 4969 subsistere
3553 4896 3729 4969 credi-

2139 4966 2278 5034 mus,
2325 4966 2531 5024 etesse
2568 4966 2756 5022 revera
2796 4969 2852 5022 id
2890 4969 3029 5038 quod
3057 4977 3130 5021 est
3174 4977 3328 5038 atque
3367 4967 3602 5038 dicitur.
3635 4966 3727 5038 Sic

2139 5054 2250 5093 non
2277 5039 2425 5094 favet
2474 5039 2757 5093 Dominica
2778 5038 2868 5093 illa
2893 5034 2999 5092 vox
3030 5053 3185 5092 novae
3210 5034 3435 5091 Graeciae
3458 5044 3519 5090 et
3544 5036 3728 5091 Photii

2139 5124 2326 5164 errore
2347 5110 2694 5171 dementatte,
2717 5109 2812 5163 sed
2837 5108 2962 5162 tidei
2994 5107 3277 5162 veritatem
3299 5106 3510 5160 Graecis
3557 5108 3726 5161 etiam

2141 5179 2269 5251 olim
2310 5180 2571 5251 agnitam,
2620 5179 2835 5233 suadet.
2868 5178 3071 5251 Eadem
3120 5192 3257 5251 voce
3284 5177 3526 5251 πρόεισι,
3555 5179 3727 5231 etiam

2141 5249 2260 5303 Filii
2285 5246 2370 5303 εί
2384 5251 2540 5302 Patre
2567 5251 2971 5318 processionem
3016 5250 3161 5302 idem
3185 5247 3259 5318 ibi
3285 5246 3522 5316 Cyrillus
3547 5260 3730 5318 expo-

2142 5320 2246 5378 nit.
2274 5336 2345 5373 ne
2388 5320 2515 5389 quis
2555 5315 2647 5373 hic
2684 5319 2991 5381 cavilletur,
3018 5318 3171 5389 quasi
3200 5316 3283 5380 τὸ,
3321 5315 3728 5389 ἐκπορεύεσθαι

2143 5390 2323 5459 majus
2352 5386 2556 5459 aliquid
2595 5389 2686 5451 sit,
2720 5398 2777 5442 et
2804 5386 3388 5459 aeternae‘cmanationi
3420 5386 3731 5459 achlictum,

2144 5455 2268 5513 cum
2295 5455 2524 5515 alterum
2557 5462 2742 5528 potius
2764 5458 3021 5527 teSpiciat
3049 5458 3407 5528 temporalem,
3426 5455 3685 5528 effectum
3711 5474 3727 5507 :

2143 5544 2254 5599 quo
2278 5546 2335 5584 se
2360 5532 2544 5585 fucum
2563 5527 2743 5583 facere
2764 5536 2979 5599 putant,
3014 5528 3110 5599 qui
3129 5527 3483 5599 schismalico
3503 5527 3727 5599 spiritu,

2142 5595 2255 5653 non
2283 5602 2481 5663 lucem,
2511 5601 2607 5655 sed
2638 5595 2848 5653 fumum
2876 5613 2938 5652 ac
2964 5595 3220 5653 tenebras
3244 5596 3477 5651 labentis
3502 5595 3728 5651 Graeciae

2146 5671 2394 5733 fzecibus,
2440 5681 2565 5740 post
2600 5678 2748 5722 tanta
2780 5670 2900 5738 ejus
2938 5670 3066 5740 olim
3117 5668 3356 5733 lumina,
3389 5666 3725 5721 ministrant.

2145 5740 2250 5795 Sed
2278 5742 2393 5797 haec
2421 5739 2699 5811 prosequi,
2729 5740 2953 5795 alterius
2971 5739 3068 5797 otii
3094 5750 3256 5809 atque
3276 5753 3479 5808 Opera.
