3930 6464
269 410 365 473 809

1442 406 1976 469 EPISTOLARUM
2018 403 2249 467 LIBER
2289 407 2338 469 Ι.

3401 404 3508 465 810

271 542 465 589 νονται,
496 524 592 579 τοῦ
621 524 874 596 Σωτῆρος
923 523 1196 594 λέγοντος.
1243 525 1324 578 ὅτι
1375 524 1450 578 Τὸ
1482 524 1723 593 Πνεῦμα
1765 523 1833 578 ἐκ

1945 524 2003 576 de
2046 540 2159 576 meo
2209 524 2478 592 accipere,
2517 521 2613 577 sed
2645 522 2829 576 vitiata
2877 520 3085 581 littera,
3127 521 3247 591 ejus
3288 522 3406 577 loco
3450 538 3515 577 ea:

270 614 370 669 τοῦ
400 614 549 684 ἐμοῦ
584 616 867 684 λήψεται,
892 616 991 668 καί
1016 614 1338 684 ἀναγγελεῖ
1357 615 1529 685 ὑμῖν,
1562 616 1716 669 αὐτοὶ
1749 614 1830 675 τὸ,

272 709 331 760 ἐκ
359 708 455 761 τοῦ
503 708 663 778 ἐμοῦ,
709 708 809 778 οὑχ
850 706 928 770 ὡς
977 701 1181 762 εἴπενό
1212 707 1401 776 Σωτὴρ
1460 706 1832 771 ὲξακούοντες,

270 800 399 853 ἀλλά
448 798 606 852 τοῦτο
649 796 1157 869 παραγραφόμενοι,
1216 798 1332 851 ἀνθ’
1391 798 1623 860 ἐκείνου,
1683 798 1743 851 τὸ
1776 798 1836 862 ἐξ

273 893 401 964 ἐμοῦ
436 893 851 963 ἀντιγράφουσι.
903 892 1077 945 Τοῦτο
1127 891 1237 961 γὰρ
1290 892 1471 953 αὑτοῖς
1502 891 1633 954 ἴσως
1689 890 1837 953 ἔδοξε

272 986 702 1048 κατασκευάζων
758 986 815 1037 τὸ
856 983 1122 1056 βούλημα.
1180 986 1372 1037 Καίτοι
1436 986 1484 1036 εί
1538 985 1631 1036 καὶ
1664 984 1837 1045 οὑτως

271 1078 473 1147 εἴρητο,
497 1075 687 1147 ὥσπερ
722 1078 823 1129 οὐκ
848 1078 1082 1147 εἴρηται,
1117 1075 1225 1128 οὐδ’
1254 1074 1425 1138 οὕτως
1468 1075 1649 1138 αὑτοῖς
1691 1070 1837 1145 εἶχεν

274 1169 424 1238 in?»
456 1171 487 1237 ἡ
514 1170 767 1239 ὲπήρεια.
796 1168 873 1220 Οὐ
906 1168 1014 1237 γὰρ
1059 1169 1146 1220 ἀεὶ
1193 1167 1254 1219 τὺ
1294 1167 1593 1235 λαμϐάνειν
1622 1168 1702 1229 είς
1738 1165 1839 1237 τὴν

267 1261 358 1312 τοῦ
390 1258 788 1329 ἐκπορεύεσθαι
816 1258 1056 1311 διάνοιαν
1076 1257 1444 1327 λαμϐάνεται·
1470 1255 1584 1308 ἀλλ’
1618 1255 1729 1308 ἔσθ’
1750 1254 1841 1307 ὅτε

268 1352 360 1404 καὶ
390 1350 591 1421 πολλὴν
616 1349 714 1420 τὴν
744 1349 1101 1420 παραλλαγὴν
1124 1348 1519 1401 ὑπαινίττεται.
1547 1346 1710 1398 Ἀλλο
1730 1344 1840 1417 γάρ

268 1445 382 1496 ἐστι
416 1444 476 1495 τὸ
506 1442 826 1512 λαμϐάνειν,
856 1442 951 1494 καὶ
972 1440 1322 1507 ἀπαρύεσθαι
1350 1438 1442 1506 ἀφ’
1470 1438 1665 1509 ἑτέρας
1702 1437 1838 1490 ὑπο-

267 1536 508 1598 στάσεως
532 1534 725 1606 ἑτέραν
756 1533 1054 1586 ὑπόστασιν
1074 1549 1090 1564 ·
1120 1533 1210 1586 καὶ
1235 1530 1364 1586 ἄλλο
1394 1530 1453 1584 τὸ
1479 1531 1615 1599 πρὸς
1644 1530 1842 1583 οὐσίω-

267 1625 351 1677 σίν
373 1641 431 1677 τε
455 1625 551 1677 καὶ
572 1623 871 1677 ὑπόστασιν
899 1620 1319 1692 ἐκπορεύεσθαι.
1342 1619 1531 1681 Οὕτως
1560 1618 1680 1672 οὐδὲ
1712 1618 1841 1689 περὶ

264 1713 402 1783 αύτᾲ
431 1713 497 1765 τὰ
522 1712 894 1783 σημαινόμενα
925 1710 1036 1763 τῶν
1067 1710 1352 1781 ὀνομάτων
1396 1708 1843 1778 ἀπευθυνομένην

264 1788 447 1871 ἔχουσι
475 1800 576 1871 τὴν
599 1800 859 1854 διάνοιαν.
894 1800 1005 1852 Καὶ
1038 1800 1091 1851 εί
1110 1816 1164 1851 τι
1190 1798 1318 1853 ἄλλο
1342 1800 1473 1868 παρ’
1508 1796 1686 1850 αὐτῶν
1708 1814 1842 1869 προ-

1938 633 2021 669 me
2087 615 2437 671 rescribere?
2483 612 2688 684 Nempe
2731 628 2882 668 suam
2935 612 3062 667 inde
3103 614 3389 681 probatum
3448 617 3513 671 iri

1938 709 2263 762 sententiam
2294 708 2433 761 forte
2481 717 2762 776 putavere.
2794 704 3113 773 Quanquam
3164 706 3265 759 etsi
3311 706 3383 759 ita
3433 708 3518 761 di-

1937 808 2084 853 ctum
2116 807 2281 862 esset,
2312 797 2389 851 uti
2420 806 2567 852 certe
2598 810 2706 850 non
2739 795 2942 849 dictum
2975 804 3079 860 est,
3106 808 3174 848 ne
3194 794 3272 849 sic
3297 794 3517 863 quidem

1937 891 2101 944 ullam
2134 891 2253 958 ejus
2277 890 2385 943 vim
2411 887 2687 960 aggressio
2710 886 2952 941 haberet.
2986 886 3101 942 Non
3132 886 3278 940 enim
3302 897 3517 956 semper

1937 984 2207 1053 accipere,
2236 980 2483 1036 eamdem
2536 980 2706 1050 ipsam
2733 979 2840 1033 vim
2876 978 3041 1032 habet
3083 990 3145 1033 ac
3200 978 3515 1047 procedere,

1940 1079 2036 1133 sed
2072 1078 2400 1147 quandoque
2426 1077 2585 1143 longe
2633 1089 2885 1145 magnam
2920 1074 3290 1129 diversitatem
3320 1092 3382 1129 ac
3406 1076 3521 1130 dis-7

1942 1170 2356 1226 similitudinem
2377 1168 2611 1223 obscure
2648 1166 2871 1221 indicat.
2911 1166 3071 1219 Aliud
3106 1173 3189 1219 est
3212 1166 3356 1220 enim
3378 1166 3523 1220 acci-

1940 1276 2070 1331 pere
2108 1272 2269 1331 atque
2297 1261 2515 1316 haurire
2532 1272 2598 1314 ex
2625 1274 2732 1313 una
2757 1259 3059 1313 substantia
3080 1256 3239 1312 aliam
3268 1258 3523 1313 substan-

1941 1352 2096 1417 tiam,
2132 1361 2295 1420 atque
2343 1349 2490 1405 aliud
2516 1358 2575 1403 ut
2603 1347 2875 1403 exsistens
2907 1361 3037 1402 vere
3085 1346 3388 1400 substantia
3437 1352 3522 1400 at-

1942 1457 2049 1511 que
2082 1457 2310 1512 persona
2365 1441 2684 1511 procedere.
2717 1438 2806 1493 Sic
2845 1452 3022 1508 neque
3047 1439 3189 1492 circa
3245 1438 3391 1507 ipsas
3424 1452 3522 1492 vo-

1942 1544 2066 1589 cum
2108 1534 2537 1604 signiﬁcationes
2594 1539 2795 1584 rectam
2830 1529 3034 1583 habent
3076 1537 3337 1583 mentem.
3376 1528 3453 1581 Ac
3477 1527 3522 1580 si

1944 1625 2072 1694 quid
2127 1625 2273 1679 aliud
2317 1625 2386 1679 ab
2431 1624 2512 1679 eis
2535 1623 2759 1677 allatum
2803 1620 2967 1675 fuerit
2993 1619 3169 1673 eidem
3208 1620 3377 1673 haeret
3427 1620 3525 1673 de-

1944 1716 2164 1770 mentiae
2197 1734 2208 1768 :
2245 1715 2495 1784 ejusdem
2528 1726 2751 1783 germen
2800 1710 3031 1765 inscitiae
3056 1711 3318 1770 cernitur.
3351 1718 3408 1763 et
3457 1707 3522 1762 ad

1946 1806 2194 1860 eamdem
2231 1805 2459 1861 invertit
2501 1805 2641 1860 latsat
2674 1803 2891 1874 pietatis
2920 1802 3219 1873 perniciem
3276 1816 3341 1857 ac
3384 1802 3526 1855 inte-

264 1868 576 1966 adgnosci},
604 1896 705 1965 τῆς
726 1896 897 1963 αὐτῆς
932 1895 1035 1964 μὲν
1060 1893 1239 1963 ἔχεται
1262 1892 1582 1966 παρανοίας
1614 1892 1712 1961 τῆς
1737 1868 1841 1944 αὑ·
1874 1868 1917 1927 Β
1946 1900 2135 1955 ritum.

261 1988 362 2057 τῆς
386 1987 433 2040 δ’
471 1986 712 2058 ἀμαθίας
736 1986 1037 2054 καθορᾶται
1060 1984 1350 2055 βλάστημα
1375 2022 1391 2047 ,
1431 1984 1527 2037 καὶ
1569 1983 1706 2053 πρὸς
1744 1985 1844 2053 τὴν

260 2079 433 2150 αὐτὴν
457 2077 822 2149 καταστρέφει
859 2077 961 2147 τῆς
990 2077 1247 2138 ἀσεϐείας
1276 2074 1576 2132 ἀπώλειαν.

336 2171 458 2237 ις’.
485 2169 618 2233 Ναὶ,
652 2168 820 2238 φησίν
839 2186 853 2199 ·
877 2167 995 2222 ἀλλ’
1036 2168 1399 2240 Ἀμϐρόσιοςό
1421 2170 1591 2239 μέγας
1616 2169 1711 2223 καὶ
1738 2169 1846 2222 Αὐ-

261 2262 544 2329 γουστῖνος
566 2262 662 2314 καὶ
696 2259 1042 2331 Ἱερώνυμος,
1086 2260 1181 2314 καί
1212 2276 1356 2323 τινες
1395 2259 1611 2325 τούτοις
1641 2263 1844 2331 ὁμοτα-

263 2349 382 2416 γεϊς
410 2365 469 2401 τε
491 2351 587 2401 καὶ
611 2351 927 2413 ίσοστάσιοι,
955 2349 1098 2420 μέγα
1126 2349 1299 2419 ὄνομα
1320 2350 1575 2418 λαχόντες
1607 2352 1694 2403 ἐπ’
1717 2353 1846 2424 ἀρε-

261 2440 331 2509 τῇ
371 2440 469 2492 καὶ
494 2439 610 2509 βίου
644 2438 1011 2509 λαμπρότητι,
1044 2440 1102 2492 τὸ
1126 2438 1353 2509 Πνεῦμα
1391 2442 1456 2492 ἐκ
1485 2439 1579 2493 τοῦ
1616 2440 1746 2494 Υίοῦ
1786 2444 1845 2495 ἐν

264 2530 489 2594 πολλοῖς.
509 2530 689 2583 αὐτῶν
707 2531 888 2598 λόγοις
919 2531 1218 2595 συνέταξαν
1252 2530 1672 2602 ἐκπορεύεσθαι.
1735 2533 1846 2585 Καὶ

259 2625 328 2696 δὴ
358 2624 570 2688 τούτοις
591 2624 913 2704 πειθόμεθα,
942 2624 1087 2678 οὑτω
1109 2625 1203 2678 καὶ
1248 2625 1427 2694 λέγειν
1460 2626 1553 2679 καὶ
1598 2628 1843 2698 φρονεῖν’

259 2719 362 2771 καὶ
393 2717 469 2788 μὴ
493 2718 781 2789 ἀτιμάζειν
823 2718 1073 2788 πατέρας
1121 2719 1203 2782 είς
1232 2719 1519 2791 αἱρετικὴν
1544 2719 1703 2785 δόξαν
1731 2719 1844 2772 δια-

258 2809 576 2871 ϐάλλοντες.
612 2809 768 2860 Ἔστι
805 2807 864 2860 δὲ
920 2824 1136 2878 πρωτον
1186 2809 1283 2879 μὲν
1304 2810 1367 2863 τὸ
1412 2812 1546 2862 πᾶσι
1580 2810 1846 2880 πρόδηλον

256 2902 402 2971 πρὸς
426 2900 623 2963 αὐτοὺς
648 2901 847 2962 εἰπεῖν,
878 2899 955 2962 ὡς
989 2901 1037 2952 εί
1073 2899 1224 2967 δέκα,
1273 2901 1305 2970 ἢ
1356 2902 1450 2955 καὶ
1481 2901 1656 2954 εἴκοσι
1702 2902 1848 2964 τινὲς

256 2990 377 3043 τῶν
403 2990 666 3059 Πατέρων
682 2988 886 3058 ταύτην
910 2984 1064 3042 εῐπον
1090 2991 1190 3061 τὴν
1217 2990 1423 3060 φωνὴν,
1455 2991 1639 3063 μυρίοι
1662 2991 1719 3044 δὲ
1747 2992 1847 3045 οὐκ

252 3080 618 3147 ἐφθέγξαντο,
663 3081 808 3144 τίνες
855 3085 902 3136 oi
956 3080 1207 3153 Πατέρας
1262 3082 1673 3151 ἐξυϐρίζοντεςο
1705 3085 1755 3136 οί
1787 3084 1847 3137 τὸ

256 3176 374 3228 πᾶν
399 3174 578 3276 αὐτῶν
612 3175 712 3245 τῆς
747 3176 1031 3238 εὐσεϐείας
1059 3177 1116 3228 ὲν
1147 3174 1350 3243 ὀλίγοις
1384 3178 1845 3247 περιγράφοντες,
1870 3212 1914 3276 C

253 3265 357 3315 καὶ
388 3262 613 3326 τούτους
639 3263 1175 3333 ἀντιφθεγγομένους
1213 3265 1310 3317 καὶ
1353 3266 1845 3336 ἀντιτασσομένους

249 3357 667 3425 οἱκουμενικαίς
698 3357 959 3419 συνόδοις,
990 3354 1086 3407 καὶ
1110 3355 1467 3427 ἀναριθμήτῳ
1491 3356 1685 3427 πλήθει
1721 3358 1843 3410 θεο-

248 3447 449 3516 φόρων
474 3446 686 3518 ἀνδρῶν
716 3446 1173 3518 προϐαλλόμενοι,
1202 3447 1235 3517 ἢ
1284 3450 1334 3500 οί
1366 3448 1494 3511 τοὺς
1529 3448 1844 3501 πολλαπλα-

252 3538 413 3600 σίους
460 3538 792 3610 συνηγόρους
841 3537 1391 3610 παραλαμϐάνοντες.
1461 3538 1707 3610 ’Υϐρίζει
1757 3555 1844 3602 τις

250 3630 537 3700 Πατέρας,
564 3629 639 3693 ὡς
673 3630 802 3702 φὴς,
836 3632 911 3702 μὴ
945 3633 1120 3699 λέγων
1141 3632 1206 3685 τὸ
1233 3630 1457 3701 Πνεῦμα
1490 3631 1555 3683 ὲκ
1583 3631 1678 3684 τοῦ
1710 3629 1842 3684 Υίοῦ

246 3721 658 3793 ἐκπορεύεσθαι
684 3738 698 3753 ο
725 3724 820 3776 καὶ
850 3726 960 3795 γὰρ
993 3724 1171 3787 οὑτως
1226 3725 1425 3777 ἐκεῖνοι
1476 3723 1839 3793 ἐφθέγξαντοο

250 3820 357 3869 καὶ
391 3816 509 3880 πῶς
529 3815 629 3886 οὐχ
666 3815 878 3889 ὑϐρίζει
911 3815 1348 3879 πολλαπλασίους
1380 3818 1411 3869 6
1437 3816 1597 3869 τοῦτο
1639 3815 1837 3884 λέγωνς

244 3908 337 3962 Οὐ
360 3908 471 3977 γὰρ
498 3908 766 3977 οὐμενοῦν
784 3908 1022 3980 οὐδαμοῦ
1055 3908 1217 3962 τοῦτο
1259 3908 1593 3979 φθέγξασθαι
1626 3908 1845 3961 κατεδέ-

244 4002 391 4068 ξαντ
425 4042 442 4058 .
489 4001 625 4054 Ἀλλ’
650 4001 865 4073 ὑϐρίζει
922 4002 1172 4070 Πατέρας
1203 4003 1232 4055 6
1285 4002 1439 4073 παρὰ
1468 4000 1568 4072 τὴν
1620 4000 1842 4055 ἐκείνων

246 4110 446 4162 φωνην
470 4092 645 4161 λέγων
669 4111 684 4160 ;
718 4093 835 4156 πῶς
872 4093 971 4163 οὑχ
1000 4092 1213 4163 ὑϐρίζει
1238 4094 1330 4146 τὸν
1359 4095 1536 4147 κοινὸν
1563 4092 1841 4162 Δεσπότην

241 4188 277 4239 ὀ
314 4184 415 4256 τὴν
446 4185 657 4237 ἐκείνου
685 4184 1128 4256 παραχαράττων
1157 4184 1361 4255 φωνὴν,
1394 4185 1489 4237 καὶ
1522 4184 1841 4238 διδάσκαλον

240 4279 373 4334 ἀντ’
425 4278 637 4333 ἐκείνου
691 4277 853 4331 ἄλλον
898 4275 998 4344 τῆς
1036 4275 1320 4344 θεολογίας
1376 4264 1835 4346 προϐαλλόμενος.

254 4372 430 4426 Ἀλλά
453 4374 537 4434 τίς
561 4371 710 4441 λέγει
733 4372 914 4436 τοῦτο,
940 4370 1036 4432 Τίς
1064 4369 1216 4423 ἐστιν
1240 4371 1269 4422 6
1290 4368 1552 4443 ὑϐριστὴς
1578 4371 1689 4424 τῶν
1709 4370 1841 4443 περὶ

236 4468 619 4534 Αὑγουστίνον
648 4467 744 4521 τὸν
773 4467 920 4537 ἱερὸν
950 4468 1045 4522 καὶ
1088 4464 1412 4537 Ἱερώνυμον
1446 4466 1541 4519 καὶ
1584 4464 1838 4537 Ἀμϐρὼ-

2020 2174 2161 2231 XVI.
2196 2175 2348 2240 Esto,
2385 2174 2669 2244 inquiunt;
2720 2174 2871 2244 atqui
2909 2186 3141 2244 magnus
3191 2170 3519 2227 Ambrosius

1946 2278 2005 2324 et
2030 2266 2371 2340 Augustinus
2389 2276 2445 2321 et
2474 2266 2859 2335 Hieronymus,
2884 2264 3084 2334 aliique
3102 2262 3353 2317 nonnulli
3380 2262 3525 2332 paris

1948 2361 2129 2417 meriti
2156 2370 2323 2431 atque
2349 2359 2582 2423 ordinis,
2617 2358 2837 2414 virtutis
2860 2358 2984 2412 luce
3028 2372 3092 2411 ac
3124 2356 3248 2411 vitae
3277 2355 3525 2410 claritate

1947 2453 2108 2523 longe
2128 2452 2490 2522 conspicuum
2520 2466 2723 2505 nomen
2745 2451 3051 2510 consecuti,
3081 2444 3269 2503 multis
3300 2462 3521 2503 suarum

1948 2542 2386 2598 lucubrationum
2424 2541 2577 2607 locis,
2613 2539 2880 2610 Spiritum
2925 2555 2991 2595 ex
3036 2539 3175 2594 Filio
3226 2538 3524 2609 procedere

1949 2633 2303 2703 scripserunt.
2359 2634 2437 2687 Ac
2478 2649 2610 2688 sane
2644 2648 2855 2687 morem
2901 2633 3167 2703 gerimus,
3221 2638 3283 2686 ut
3330 2631 3410 2685 sic
3444 2630 3522 2686 illi

1949 2732 2005 2779 et
2031 2725 2217 2779 dicant
2251 2731 2305 2777 et
2354 2724 2634 2789 sentiant;
2688 2739 2791 2778 nec
2836 2732 3020 2778 tamen
3072 2723 3343 2777 haeretica:
3386 2721 3526 2776 labis

1949 2815 2280 2872 calumniam
2305 2831 2612 2885 noxamque
2642 2814 2894 2870 Patribus
2928 2814 3252 2869 inferamus.
3280 2813 3356 2868 Ac
3406 2814 3522 2883 pri-

1951 2923 2122 2975 mum,
2156 2908 2305 2977 quod
2354 2908 2568 2963 cunctis
2628 2908 2983 2962 manifestum
3042 2910 3146 2972 est,
3194 2906 3526 2977 respondere

1949 2998 2017 3053 ad
2051 3015 2147 3055 eos
2180 3000 2308 3055 licet
2346 3016 2360 3052 :
2394 2997 2451 3053 Si
2494 2998 2707 3064 decem,
2738 3014 2833 3054 seu
2862 2999 3027 3054 etiam
3068 2998 3257 3071 viginti
3290 3014 3327 3053 ε
3353 2997 3524 3052 Patri-

1950 3092 2056 3147 bus
2092 3091 2235 3146 hanc
2278 3106 2469 3146 vocem
2497 3092 2775 3156 dixerunt,
2810 3092 3058 3146 sexcenti
3090 3106 3221 3146 vero
3251 3104 3315 3146 ac
3359 3091 3525 3145 innu-

1951 3185 2085 3239 meri
2110 3201 2220 3241 non
2252 3185 2543 3249 dixerunt;
2574 3184 2797 3254 quinam
2826 3192 2957 3237 sunt
2987 3181 3080 3252 qui
3113 3180 3302 3236 Patres
3325 3179 3523 3249 injuria

1946 3274 2209 3338 adiciunt,
2253 3275 2363 3329 iine
2402 3274 2493 3344 qui
2522 3274 2673 3328 brevi
2710 3287 2940 3326 numero
2972 3278 3241 3341 quotquot
3275 3270 3362 3340 pic
3394 3284 3522 3324 sen-

1946 3374 2159 3432 serunt,
2187 3364 2668 3428 circumscribunt,
2703 3376 2907 3432 eosque
2931 3366 3180 3416 statuunt
3213 3361 3305 3431 qui
3368 3374 3523 3416 (ecu-

1946 3458 2175 3513 menicis
2227 3456 2447 3528 synodis
2501 3455 2953 3510 contradixerunt
3008 3454 3185 3524 iisque
3252 3453 3521 3508 adversati

1945 3562 2093 3614 sunt,
2126 3551 2545 3618 divinorumque
2575 3548 2818 3610 Patrum.
2850 3555 3053 3617 quanta
3099 3562 3203 3602 nec
3244 3546 3524 3600 numerari

1945 3651 2123 3712 potest
2152 3640 2493 3695 multitudini
2516 3648 2881 3708 anteponunt,
2904 3653 2972 3691 an
3029 3635 3121 3705 qui
3168 3636 3356 3692 multis
3395 3651 3518 3706 par-

1946 3734 2091 3788 tibus
2120 3733 2304 3802 plures
2343 3732 2442 3787 sibi
2476 3742 2737 3802 patronos
2781 3730 3098 3785 asciscant?
3150 3728 3351 3799 lnjuria
3400 3728 3523 3799 quis

1942 3822 2133 3880 Patres
2172 3826 2358 3891 aﬂicit,
2397 3825 2598 3895 inquis,
2639 3824 2732 3893 qui
2771 3822 3032 3892 Spiritum
3058 3836 3127 3877 ex
3160 3821 3299 3875 Filio
3330 3837 3522 3893 proce-

1943 3921 2073 3976 dere
2106 3935 2215 3975 non
2246 3920 2412 3975 dicit:
2447 3919 2648 3972 etenim
2682 3918 2761 3971 sic
2790 3917 2863 3969 illi
2894 3915 3058 3969 locuti
3086 3923 3244 3977 sunt;
3281 3922 3335 3967 et
3385 3928 3524 3983 quo-

1945 4014 2108 4067 modo
2139 4028 2249 4067 non
2277 4012 2437 4084 longe
2469 4012 2654 4081 plures
2681 4008 2883 4079 injuria
2913 4009 3101 4073 violat,
3141 4008 3233 4076 qui
3285 4007 3390 4060 hoc
3435 4006 3521 4061 di-

1943 4108 2053 4161 cit?
2080 4106 2368 4176 Nunquam
2419 4104 2563 4159 enim
2614 4104 2996 4157 sustinuerunt
3021 4110 3080 4155 ut
3110 4101 3218 4154 hoc
3250 4099 3518 4153 dicerent.

1942 4196 2479 4251 Enimvero'Patres
2532 4194 2733 4263 injuria
2787 4192 2975 4258 allicit,
3010 4192 3103 4261 qui
3158 4201 3520 4260 praeterquam

1940 4286 2087 4357 quod
2124 4286 2200 4340 illi
2237 4285 2403 4340 locuti
2448 4293 2597 4345 sunt,
2630 4282 2802 4337 dicit?
2842 4284 2913 4335 At
2942 4280 3216 4350 quomodo
3251 4295 3359 4333 non
3402 4295 3521 4334 ma-

1941 4380 2022 4450 gis
2055 4393 2115 4433 ea
2161 4391 2507 4432 communem
2544 4375 2830 4429 Dominum
2863 4373 3049 4438 aﬂicit,
3100 4373 3191 4443 qui
3228 4374 3373 4428 illius
3425 4373 3521 4428 de-

1943 4480 2134 4541 pravat
2177 4485 2242 4524 ac
2292 4468 2596 4536 corrumpit
2630 4482 2842 4531 vocem,
2895 4467 3123 4537 ejusque
3180 4466 3300 4521 loco
3351 4465 3516 4518 alium

236 4578 391 4616 σιον.
434 4561 493 4614 '0
534 4561 759 4625 τούτους
795 4559 1089 4623 ἀντιτιθεὶς
1138 4558 1220 4628 τῷ
1245 4557 1410 4627 κοινῷ
1450 4559 1694 4629 Δεσπάιῃ
1737 4558 1830 4611 καὶ

1945 4561 2045 4614 sibi
2071 4560 2351 4614 doctorem
2379 4573 2443 4611 ac
2477 4555 2763 4626 theologi-ae
2794 4555 3120 4625 magistrum
3151 4553 3415 4627 praeﬁcit!
3450 4556 3519 4607 At

232 4653 560 4724 διδασκάλῳ
587 4652 1116 4723 ἀντιφθεγγομένους
1138 4666 1152 4681 ⁸
1183 4649 1218 4721 ἢ
1246 4650 1274 4701 ὁ
1322 4649 1488 4720 μηδὲν
1531 4650 1631 4720 μὲν
1657 4649 1836 4703 τοιοῦ-

229 4762 346 4798 τον
370 4745 562 4809 ποιῶν,
586 4745 767 4799 κοινοῦ
797 4746 853 4799 δὲ
881 4745 1155 4799 Δεσπότου
1199 4740 1623 4799 κατακολουθεῖν
1666 4740 1835 4808 ἀξιῶν

231 4834 467 4900 πάντας
498 4834 576 4913 τῷ
605 4836 960 4907 θεσπίσματι.

324 5186 424 5239 IZ'.
475 5181 617 5235 Ἀλλ’
644 5182 693 5233 εί
714 5177 919 5243 καλῶς,
943 5178 1130 5247 φησὶν,
1160 5178 1550 5248 ὲδογμάτισαν,
1589 5178 1684 5231 καὶ
1732 5176 1840 5248 χρὴ

225 5279 310 5333 τὸ
342 5275 573 5329 ἐκείνων
601 5272 830 5326 θάλπειν
859 5272 1134 5340 φρόνημα,
1164 5272 1314 5333 τοὺς,
1337 5269 1454 5321 ὅσοι
1474 5268 1699 5329 τούτους
1731 5270 1840 5321 lla-

224 5372 415 5442 ⁸τέρας
444 5365 934 5439 ἐπιγράφουσιν-ἦ
977 5363 1253 5429 δυσσεϐῶς
1297 5362 1483 5431 εἷπον,
1522 5364 1617 5417 κα)⁸
1651 5363 1733 5416 δεῖ
1760 5361 1837 5431 τῷ

226 5460 517 5535 αἱρετικῷ
590 5459 903 5530 φρονήματι
968 5457 1254 5522 κάκείνους
1311 5456 1833 5512 συναποϐάλλεσθαι.

224 5558 437 5610 Ταῦτα
469 5555 519 5606 οἱ
544 5554 643 5624 τὴν
682 5550 937 5606 ἀσέϐειαν
964 5550 1305 5622 ἀδικώτεροι.
1353 5551 1428 5603 υὺ
1459 5549 1569 5622 γὰρ
1627 5549 1832 5612 αὐτοῖς,

224 5651 319 5713 ὡς
349 5648 523 5709 ἔοικε,
574 5644 716 5715 μέγα
751 5644 886 5714 πρὸς
934 5642 1189 5697 ἀσέϐειαν
1244 5641 1393 5694 δοκεῖ
1455 5640 1832 5711 κρατυνομένη

223 5739 379 5811 παρ’
408 5736 590 5790 αὑτῶν
622 5738 719 5802 τῆς
752 5736 1032 5804 θεολογίας
1061 5736 1089 5805 η
1125 5733 1421 5802 διαστροφή
1449 5749 1461 5762 ο
1497 5730 1611 5784 ἀλλ’
1645 5731 1833 5793 ἀτελὲς

229 5831 516 5903 ἡγοῦνται
570 5829 630 5880 τὸ
665 5826 1011 5896 σπούδασμα,
1048 5830 1098 5879 εί
1147 5827 1222 5897 μὴ
1252 5827 1346 5879 καὶ
1398 5825 1706 5896 ζητήσωσιν
1740 5824 1827 5877 εὑ-

568 5923 843 5984 ΡΑτιιοι..
888 5922 1004 5980 GR.
1051 5919 1177 5982 Cll.

1939 4651 2061 4721 quis
2091 4650 2195 4704 hoc
2216 4649 2386 4705 dicit?
2415 4649 2678 4714 Quisnam
2704 4648 2935 4717 injurius
2960 4661 3044 4705 est
3063 4660 3251 4704 contra
3268 4658 3519 4705 sanctum

1938 4742 2301 4814 Augustinum
2328 4749 2383 4795 et
2430 4739 2825 4810 Hieronymum
2854 4753 2909 4797 et
2958 4741 3352 4796 Ambrosium?
3399 4740 3518 4794 isne

1938 4833 2030 4901 qui
2057 4831 2336 4887 communi
2368 4830 2601 4884 Domino
2629 4839 2795 4903 atque
2816 4832 3078 4903 magistro
3108 4840 3365 4900 tanquam
3394 4844 3521 4884 con-

1940 4925 2103 4979 traria
2131 4924 2342 4975 locutos
2382 4922 2633 4991 Opponit.
2672 4942 2740 4979 an
2773 4925 2867 4994 qui
2914 4921 3334 4991 nihilejusmodi
3368 4921 3517 4985 facit,

1938 5020 2030 5069 sed
2050 5026 2311 5067 utmuues
2333 5021 2642 5073 communis
2663 5016 2873 5072 Domini
2898 5016 3178 5069 decretum
3199 5021 3518 5083 sequantur,

1942 5090 2131 5159 cupit?

2014 5180 2177 5235 XVII.
2242 5181 2313 5235 At
2374 5179 2662 5250 siquidem,
2720 5179 2920 5249 inquit,
2986 5182 3156 5250 probe
3217 5181 3523 5237 docuerunt

1941 5281 2104 5341 atque
2121 5280 2432 5347 senserunt,
2454 5285 2643 5324 eorum
2658 5285 2875 5339 quoque
2896 5270 3002 5323 illis
3016 5272 3272 5326 omnibus
3289 5273 3520 5327 fovenda

1940 5364 2211 5421 sententia
2242 5371 2347 5428 est,
2372 5362 2463 5431 qui
2495 5377 2591 5417 eos
2621 5361 2809 5417 Patres
2838 5374 3144 5432 agnoscunt
3170 5382 3181 5417 :
3214 5368 3297 5417 sin
3327 5373 3508 5419 autem

1941 5457 2105 5526 impie
2131 5456 2295 5510 locuti
2332 5465 2480 5518 sunt,
2513 5472 2619 5509 una
2663 5470 2787 5509 cum
2835 5456 3093 5510 haeretica
3119 5472 3286 5510 sensu
3342 5468 3398 5511 et
3440 5458 3514 5511 illi

1938 5547 2261 5618 explodcndi
2297 5555 2444 5601 sunt.
2480 5547 2605 5601 Haec
2631 5548 2705 5600 ita
2731 5549 2825 5616 qui
2870 5548 3059 5616 majori
3111 5550 3316 5603 scelere
3361 5549 3518 5603 litant

1937 5639 2237 5710 impietati:
2272 5639 2394 5693 Non
2424 5640 2571 5692 enim
2594 5639 2725 5709 ipsis
2756 5640 2838 5709 (ut
2884 5639 3011 5693 licet
3051 5639 3345 5708 conjicere)
3396 5654 3515 5694 ma-

1935 5747 2100 5803 gnum
2142 5732 2358 5786 videtur
2391 5732 2460 5785 ad
2505 5732 2863 5800 impietatem,
2910 5740 2969 5784 ut
3020 5746 3183 5799 quam
3247 5730 3517 5785 inducunt

1938 5823 2222 5895 theologia:
2304 5824 2713 5893 perversiouem
2760 5833 3040 5887 statuant,
3092 5822 3187 5875 sed
3246 5822 3391 5892 quod
3441 5822 3515 5877 ita

3160 5914 3240 5974 26
