3930 6464
528 385 633 450 811

1662 390 1920 451 ΡΗΟἸῚΙ
1959 383 2460 448 PATRIARCH/E
2494 385 2603 446 CP.

3601 408 3682 471 812

537 505 834 560 moliuntur
866 503 1243 575 imperfectum
1270 510 1600 573 existimant,
1633 507 1736 562 nisi
1760 506 1925 562 etiam
1955 518 2099 572 quae-

2209 499 2342 568 ρεῖν.
2377 495 2472 559 οὓς
2502 496 2749 566 Πατέρας
2777 495 3036 560 καλοῦσι,
3071 498 3160 551 διά
3197 499 3292 569 τῆς
3320 505 3534 577 τοιαύτης
3557 515 3687 583 dm,

533 608 656 654 rant
686 597 953 665 invenire,
992 614 1130 669 quos
1171 599 1364 658 Patres
1409 609 1630 666 vocant,
1674 597 1947 670 quomodo
1999 595 2103 648 im-

534 693 706 762 proba
732 706 798 746 ea
832 690 1085 762 indagine
1103 707 1167 748 ac
1187 695 1552 750 verendorum
1572 692 1880 748 delectione
1905 687 2106 758 injuria

543 782 781 837 aﬂiciant
836 799 849 835 :
893 780 996 836 hac
1031 797 1248 852 quoque
1271 793 1424 852 parte
1451 797 1607 838 veros
1635 782 1801 836 Cham
1841 779 1983 832 illius
2023 776 2106 831 di-

537 870 771 941 scipulos
799 885 919 926 sese
951 871 1292 928 exhibentes.
1316 873 1409 942 qui
1432 873 1633 927 nedum
1661 871 1829 940 patris
1867 867 2106 924 verenda

535 978 646 1018 non
668 963 901 1028 obtexit;
938 979 1125 1016 verum
1151 965 1310 1018 etiam
1347 964 1649 1033 impudenti
1697 977 1794 1018 ore
1841 960 2106 1028 vultuque

535 1054 910 1110 subsannavit.
945 1051 1116 1109 Secus
1136 1070 1266 1110 vero
1291 1055 1548 1110 Ecclesia:
1578 1053 1804 1118 alumni,
1825 1066 1929 1106 nec
1947 1050 2107 1120 quid-

533 1163 695 1220 quam
728 1162 883 1202 sacra
911 1148 1240 1202 documenta
1269 1148 1442 1214 obliti,
1475 1148 1602 1202 Sem
1640 1156 1697 1202 et
1739 1145 1940 1216 Japhet
1989 1145 2107 1198 ha:-

537 1247 720 1293 rentes
751 1238 1014 1309 vestigiis,
1049 1253 1173 1292 cum
1205 1247 1489 1308 paternam
1546 1238 1946 1308 turpitudinem
2002 1251 2106 1290 no-

535 1340 734 1388 verunt
757 1333 1054 1398 occultare,
1091 1342 1206 1387 tum
1252 1331 1422 1388 Cham
1471 1332 1616 1388 illius
1647 1332 1873 1387 aemulos
1917 1347 2106 1401 repro-

536 1424 664 1480 bare
702 1440 765 1479 ac
793 1425 1050 1479 aversari.

609 1515 801 1571 XVIII.
839 1516 1103 1572 Praeterea
1139 1533 1290 1580 vero,
1331 1517 1377 1572 si
1425 1533 1564 1588 quos
1607 1517 1863 1587 superius
1917 1518 2108 1572 Patres

537 1607 977 1671 memoravimus,
1013 1608 1153 1662 nihil
1181 1609 1463 1663 communi
1495 1607 1728 1663 Domino
1767 1608 2107 1662 contrarium

536 1695 856 1764 loquuntur,
887 1710 956 1749 ne
984 1711 1086 1750 nos
1113 1697 1334 1764 quidem
1365 1696 1474 1750 illis
1491 1697 1789 1777 loquemur
1808 1695 2104 1750 contraria.

537 1784 633 1838 Sin
662 1793 844 1839 autem
876 1799 974 1840 vos
999 1784 1179 1840 dicitis
1213 1785 1509 1842 Dominicse
1539 1801 1635 1839 eos
1660 1787 1777 1840 voci
1808 1785 2104 1850 adversari,

539 1885 778 1931 vestrum
807 1885 892 1932 est
934 1886 1077 1932 utet
1120 1877 1411 1933 Dominum
1443 1878 1549 1933 illis
1608 1877 1966 1947 postponatis,
2019 1878 2103 1946 ip-
2137 1851 2178 1906 Β

535 1983 733 2039 sosque
759 1969 925 2038 spreti
955 1967 1222 2024 Dominici
1264 1969 1520 2039 pra-cepti
1557 1984 1700 2034 reos,
1748 1970 1803 2022 in
1870 1969 2108 2024 inevita-

537 2059 660 2114 bilis
679 2059 863 2130 judicii
884 2076 1081 2114 noxam
1104 2077 1166 2115 ac
1190 2061 1590 2115 damnationem
1616 2059 1864 2114 trudatis.
1892 2059 2105 2125 Quanta

535 2165 664 2206 vero
697 2151 819 2220 quis
853 2149 952 2220 pro
974 2151 1144 2205 beatis
1162 2152 1270 2210 illis
1289 2153 1417 2204 viris
1435 2151 1604 2221 possit
1631 2151 1851 2206 dicere?
1878 2151 2106 2216 Quantae

534 2245 683 2302 enim
741 2259 924 2298 rerum
978 2245 1430 2316 negotiorumque
1474 2245 1862 2314 perplexitates
1905 2245 2106 2300 multos

531 2345 832 2409 coegerunt
887 2348 947 2391 ut
991 2338 1187 2408 partim
1243 2337 1381 2392 male
1441 2338 1943 2407 interpretarentur,
1978 2352 2104 2407 par-

534 2426 630 2483 tim
679 2425 1090 2496 dispensatione
1138 2427 1370 2496 quadam
1451 2426 1825 2496 loquerentur,
1877 2442 2000 2480 cum
2049 2431 2105 2479 et

533 2517 796 2572 increduli
820 2517 1257 2581 adversarentur,
1282 2519 1406 2571 etin
1435 2533 1596 2587 quam
1617 2518 1852 2587 prolapsi
1895 2527 2101 2582 essent,

534 2610 855 2680 ignorantia,
887 2617 954 2663 ut
974 2624 1033 2664 se
1061 2609 1264 2663 habent
1293 2625 1379 2663 res
1413 2610 1688 2663 humanae.
1731 2609 1884 2662 Alius
1949 2625 2104 2663 nam-

530 2717 637 2770 que
664 2701 950 2755 decertans
986 2701 1252 2755 adversus
1288 2701 1613 2766 haereticos;
1650 2701 1795 2754 alius
1827 2717 1928 2769 pro
1998 2716 2100 2753 au-

531 2794 771 2847 ditorum
822 2792 1192 2847 imbecillitate
1251 2793 1552 2862 composita
1608 2793 1879 2858 doctrina,
1938 2801 2102 2861 atque

528 2879 672 2934 alius
701 2879 850 2934 aliud
878 2879 1010 2950 quid
1043 2879 1295 2944 moliens,
1329 2891 1383 2935 et
1410 2896 1534 2935 cum
1557 2881 1747 2950 majori
1779 2881 1960 2951 aliquo
1996 2884 2102 2937 line

530 2970 601 3026 ab
630 2977 881 3026 accurata
906 2969 1193 3040 disciplina
1221 2985 1329 3024 non
1366 2971 1554 3040 paucis
1587 2972 1640 3025 in
1673 2973 1836 3027 rebus
1889 2983 2101 3044 tempe-

533 3076 655 3116 rare
704 3061 1137 3130 submissiusque
1181 3076 1339 3132 agere
1397 3072 1610 3132 tempus
1672 3065 1944 3128 suaderet,
1986 3077 2102 3120 tum

533 3153 698 3208 locuti
726 3161 875 3219 sunt,
912 3161 1098 3206 tumve
1143 3163 1390 3221 egerunt,
1437 3170 1557 3223 quze
1605 3155 1763 3211 nobis
1802 3171 1906 3210 nec
1953 3155 2100 3226 loqui

530 3261 634 3302 nec
668 3261 830 3316 agere
857 3247 1001 3302 licet.

600 3340 743 3396 XIX.
789 3340 856 3396 Et
889 3352 949 3397 ut
990 3342 1226 3413 reliquos
1253 3343 1523 3408 omittam,
1556 3341 1854 3412 perpende.
1892 3357 2098 3412 quaeso,

528 3431 914 3487 admirandum
946 3433 1176 3488 Paulum
1207 3449 1271 3488 ac
1289 3433 1437 3488 orbis
1459 3432 1780 3502 magistrum
1815 3432 2100 3487 utsancti-

530 3524 742 3590 ticatus,
783 3533 844 3579 ut
885 3541 1070 3592 rasus;
1102 3541 1198 3581 eos
1254 3525 1345 3595 qui
1402 3539 1594 3580 recens
1651 3525 1718 3578 ad
1758 3523 2100 3594 disciplinam

528 3612 774 3667 animum
802 3615 1156 3684 adiecissent,
1190 3631 1298 3669 non
1330 3615 1504 3671 solido
1532 3615 1675 3679 cibo,
1698 3614 1794 3669 sed
1824 3614 1962 3670 lacte
1989 3615 2101 3669 ale-

531 3709 634 3756 ret.
670 3701 746 3756 Ac
780 3702 827 3756 si
866 3702 990 3773 quis
1041 3703 1301 3773 deinceps
1355 3718 1634 3758 sacrorum
1689 3703 1930 3757 virorum
1968 3701 2100 3758 cho-

528 3808 650 3847 rum
680 3802 985 3863 percurrat,
1021 3795 1150 3850 vitae
1179 3811 1343 3850 omne
1377 3804 1595 3864 tempus
1624 3804 1762 3850 teret
1806 3795 1933 3849 talia
1972 3811 2100 3865 per-

527 3885 826 3950 censcndo,
865 3891 1010 3940 etut
1041 3901 1104 3941 ea
1132 3888 1462 3943 conscribat.
1502 3887 1558 3942 Si
1601 3886 1724 3956 quis
1769 3884 1918 3938 enim
1965 3901 2094 3942 vero

2208 605 2368 657 μονος
2391 587 2637 658 ἐρεύνης,
2657 589 2864 657 καὶτῆς
2883 588 2992 640 τῶν
3018 589 3334 658 ἀσχημόνων
3359 596 3688 677 ἀνακαλύψως,

2204 680 2352 743 ὅπως
2381 679 2678 751 ὑϐρίσωσι·
2728 680 3042 746 δεικνύντες
3094 682 3288 747 αὐτοὺς
3323 687 3560 748 κάνταῦθα
3594 715 3692 770 γνη.

2208 772 2358 834 σίους
2384 771 2480 824 τοῦ
2506 772 2637 842 Χάμ
2663 771 2930 842 μαθητὰς,
2958 772 3017 835 ὃς
3047 773 3147 842 τὴν
3172 773 3266 826 τοῦ
3292 779 3475 849 πατρὸς
3499 783 3693 857 ἀσχημο.

2207 862 2374 932 σύνην
2402 863 2463 914 ού
2485 861 2873 930 συνεκάλυψεν,
2898 863 3106 916 ἀναιδεῖ
3123 864 3182 916 δὲ
3201 865 3458 940 προσώπῳ
3477 871 3696 944 διεχλεύα.

2208 971 2320 1008 σεν.
2366 953 2505 1006 Ἀλλ’
2534 955 2584 1008 οί
2613 953 2712 1022 τῆς
2756 953 3083 1024 Ἐκκλησίας
3111 955 3392 1027 τρόφιμοι,
3423 963 3505 1016 καὶ
3534 967 3620 1020 τῶν
3643 971 3699 1022 is.

2209 1045 2320 1117 ρῶν
2345 1045 2682 1116 μαθημάτων
2707 1045 2807 1098 οὐκ
2837 1046 3218 1117 ἐπιλήσμονες,
3257 1052 3388 1104 κατὰ
3415 1053 3494 1107 τὸν
3513 1056 3609 1128 Σὴμ
3627 1063 3699 1115 καὶ

2217 1138 2420 1209 ’,ἀφεελ
2448 1140 2543 1194 καὶ
2562 1138 2661 1211 τὴν
2685 1139 2957 1211 πατρικὴν
2977 1140 3358 1212 ἀσχημοσύνην
3381 1145 3699 1206 ὲπικαλύπτειν

2204 1227 2544 1296 ἐπίστανται,
2598 1230 2694 1283 καὶ
2727 1231 2851 1295 τοὺς
2888 1231 3131 1301 μιμητὰς
3179 1230 3273 1284 τοῦ
3305 1233 3426 1304 Kay.
3447 1243 3694 1307 καταγινώ.

2207 1336 2426 1384 σκοντες
2453 1321 2913 1392 ἀποστρέφονται.

2276 1505 2382 1561 lH'.
2419 1505 2629 1568 Ἀλλως
2649 1523 2706 1558 τε
2731 1507 2808 1572 δὲ,
2844 1508 2891 1560 εί
2925 1507 3023 1576 μὲν
3046 1508 3230 1579 μηδὲν,
3265 1509 3356 1574 οὓς
3378 1511 3405 1563 ὁ
3435 1511 3571 1582 λόγος
3591 1516 3704 1572 ἄνω-

2207 1598 2298 1652 θεν
2329 1598 2433 1670 ἔφη
2453 1599 2722 1670 Πατέρας,
2739 1599 2818 1670 τῷ
2841 1601 3007 1672 κοινῷ
3026 1603 3272 1675 Δεσπότῃ
3300 1606 3703 1676 ἀντιφθέγγονται,

2206 1690 2315 1743 οὐδ’
2343 1692 2509 1760 ἡμεῖς
2529 1691 2738 1754 τούτοις
2766 1691 3238 1761 ἀντιφθεγξόμεθα
3255 1711 3271 1726 ο
3303 1697 3350 1748 εἰ
3375 1697 3417 1749 δ’
3443 1698 3582 1767 ὑμεῖς
3606 1719 3702 1770 φατε

2207 1780 2282 1843 ὡς
2309 1784 2376 1851 τῇ
2400 1782 2701 1852 Δεσποτικῇ
2729 1785 2880 1853 φωνῇ
2910 1784 3380 1853 ἀντιφθέγγονται,
3403 1789 3543 1859 ὑμῶν
3562 1793 3705 1849 ama

2208 1870 2302 1922 καὶ
2329 1869 2422 1921 τὸν
2450 1869 2726 1941 Δεσπότην
2749 1871 3004 1943 δεύτερον
3031 1874 3256 1928 ἐκείνων
3277 1880 3464 1943 ποιεῖν,
3483 1882 3704 1947 κάκείνους

2206 1959 2292 2013 διά
2321 1960 2380 2012 τὸ
2405 1959 2503 2030 τὴν
2531 1963 2865 2032 Δεσποτικὴν
2888 1966 3136 2035 παριδεῖν
3165 1968 3380 2038 ἐντολὴν
3404 2010 3418 2033 ,
3446 1973 3705 2028 ἀπελαύνειν

2207 2051 2288 2113 είς
2309 2051 2370 2104 τὸ
2403 2051 2497 2104 τοῦ
2543 2053 2809 2122 κρίματος
2857 2055 3258 2125 ἀπαραίτητον.
3311 2060 3452 2113 Πόσα
3500 2062 3540 2114 δ’
3582 2065 3705 2128 ἄντις

2208 2141 2464 2211 ύπέρτῶν
2482 2144 2768 2213 μακαρίων
2789 2146 2997 2214 ἀνδρων
3024 2149 3248 2202 ἐκείνων
3275 2150 3417 2205 εἴποι
3440 2168 3454 2218 ς
3475 2153 3619 2207 Πόσαι
3633 2158 3707 2226 γὰρ

2207 2233 2558 2300 περιστάσεις
2618 2235 2959 2304 πραγμάτων
3017 2239 3245 2302 πολλοὺς
3305 2241 3706 2307 ἐξεὸιάζοντο,τὰ

2209 2322 2306 2390 μὲν
2340 2324 2852 2395 παραφθέγξασθαι,
2879 2327 2947 2380 τά
2978 2327 3033 2381 δὲ
3069 2331 3202 2398 πρὸς
3235 2332 3538 2400 οἰκονομίαν
3565 2337 3706 2398 εἰπεῖν,

2204 2414 2275 2466 τά
2298 2413 2375 2478 δὲ,
2411 2415 2506 2468 καὶ
2537 2415 2646 2468 τῶν
2677 2418 3045 2473 ἀπειθούντων
3095 2423 3536 2490 ἐπαναστάντων,
3562 2427 3620 2480 τὰ
3655 2428 3706 2492 δὲ,

2205 2509 2300 2561 καὶ
2337 2509 2534 2580 ἀγνοίᾳ
2562 2503 2651 2563 οἷα
2673 2510 2736 2580 δὴ
2792 2512 3179 2582 περιολισθεῖσι
3211 2515 3542 2585 ἀνθρώπινα.
3571 2520 3710 2583 ’Ἄλλος

2205 2603 2310 2672 γὰρ
2336 2601 2472 2673 πρὸς
2505 2603 2630 2666 τοὺς
2659 2605 3029 2673 αίρετίζοντας
3059 2606 3486 2680 διαμαχόμενος·
3514 2612 3642 2674 ἄλλος
3662 2618 3706 2682 τῇ

2204 2693 2458 2766 ἀσθενείᾳ
2493 2695 2803 2765 συγκατιὼν
2855 2697 2966 2752 τῶν
3018 2701 3333 2771 ἀκροατῶν
3380 2703 3530 2766 ἄλλος
3555 2704 3651 2758 ἄλλο
3671 2722 3707 2758 τι

2205 2785 2714 2858 διαπραττόμενος,
2753 2789 2848 2843 καὶ
2898 2790 2991 2844 τὸν
3042 2792 3234 2862 καιρὸν
3285 2793 3424 2864 ἔχων
3478 2796 3620 2848 πολλὰ
3639 2796 3705 2864 τῆς

2206 2876 2492 2948 ἀκριϐείας
2525 2879 2852 2950 καθυφεῖναι
2881 2883 3308 2953 παρακαλοῦντα
3348 2887 3441 2938 ἐπὶ
3474 2888 3598 2941 τέλει
3629 2888 3709 2956 pti-

2206 2968 2320 3032 ξονι
2360 2970 2457 3023 καὶ
2488 2967 2631 3036 εἷπε,
2687 2973 2782 3025 καὶ
2837 2972 3094 3045 ἔπραξεν,
3145 2973 3182 3028 ἃ
3217 2977 3359 3046 μήτε
3411 2977 3576 3034 λαλεῖν
3597 2981 3708 3048 ἡμῖν,

2207 3059 2346 3128 μήτε
2377 3061 2636 3130 πράττειν
2663 3062 2859 3128 ἔξεστι.

2275 3337 2375 3391 16'.
2408 3339 2516 3392 Καὶ
2541 3340 2627 3392 ῖνα
2657 3340 2852 3404 ἄλλους
2879 3341 3049 3408 ἐάσω,
3087 3347 3258 3400 ἐννόει
3293 3366 3389 3419 μοι
3433 3348 3521 3403 τοῦ
3557 3349 3716 3419 θαυμα-

2205 3429 2322 3481 σίου
2342 3430 2552 3483 Παύλου
2575 3432 2669 3484 καὶ
2694 3432 3015 3488 διδασκάλου
3040 3438 3138 3506 τῆς
3163 3440 3585 3511 οίκουμένηςτδν
3605 3441 3717 3509 ἀγυι·

2203 3521 2362 3591 σμδν,
2413 3523 2473 3576 τὸ
2516 3522 2777 3596 ξύρεσθαι
2825 3527 2962 3597 (14)·
2998 3527 3062 3582 τὺ
3098 3529 3339 3597 γάλακτι
3377 3533 3582 3604 τρέφειν
3627 3534 3718 3595 τοὺς

2200 3612 2325 3683 ἄρτι
2351 3613 2782 3686 καθισταμένους
2818 3618 2956 3690 πρὸς
2995 3621 3255 3692 μάθησιν,
3298 3623 3395 3676 καὶ
3420 3624 3480 3676 οὐ
3507 3623 3714 3696 βρώματι.

2201 3703 2473 3758 Κάκεῖθεν
2502 3705 2701 3779 ἐφεξῆς
2733 3709 2887 3775 εῖτις
2907 3712 3016 3766 τῶν
3044 3712 3205 3784 ἱερῶν
3247 3713 3465 3786 ἀνδρῶν
3501 3717 3583 3769 τὸν
3603 3717 3716 3785 χορὸν

2149 3840 2151 3846 .
2199 3793 2420 3862 διέλθοι,
2456 3796 2578 3850 ὅλον
2609 3799 2897 3870 ἀνθρώπου
2933 3805 3257 3875 κατατρίφοι
3286 3806 3426 3877 βίον,
3455 3808 3522 3861 τὰ
3549 3807 3715 3860 τοιαῦτα

2203 3885 2536 3958 ἐξαριθμῶν,
2574 3891 2670 3944 καὶ
2723 3895 3090 3966 γραφόμενος.
3155 3897 3320 3952 Ἀλλά
3349 3899 3460 3970 γὰρ
3484 3900 3623 3964 εἴτις
3643 3901 3718 3952 τῶν

2033 4053 2265 4110 NOTAE.

599 4211 710 4279 (Η)
758 4210 869 4263 Τὸν
903 4210 1227 4281 ἁτιασμὸν,
1257 4208 1664 4281 τὸᾲξύρεσθαι.
1694 4208 1834 4281 Sunt
1871 4209 1986 4281 haec
2021 4209 2099 4281 le-

522 4281 683 4351 galia,
715 4295 835 4351 quae
874 4278 1486 4351 Paulus'ﬂierosolymis
1521 4279 1851 4344 observavit,
1877 4278 2099 4351 _.lacobo

522 4348 643 4419 ejus
689 4349 842 4422 urbis
877 4350 1134 4422 episcopo
1176 4350 1251 4403 illi
1283 4348 1526 4422 auctore,
1573 4349 1814 4422 quorum
1841 4348 2098 4422 observa-

525 4417 674 4474 tione
725 4417 1020 4489 placandos
1067 4417 1331 4490 'pulavere
1390 4417 1556 4472 Paulo
1585 4417 1944 4490 finl'ensiores
2000 4417 2098 4472 Ju-

2201 4208 2519 4286 fabricatur,
2546 4211 2662 4282 ipse
2683 4213 2772 4267 illa
2799 4228 2927 4286 vere
2949 4213 3221 4286 Chamita,
3253 4231 3368 4272 non
3395 4231 3529 4286 quos
3556 4212 3712 4286 ejusrti

2202 4279 2474 4336 virulento
2523 4279 2619 4337 ore
2669 4299 2731 4338 ac
2762 4283 2972 4339 calamo
3020 4285 3322 4342 insimulat.
3362 4279 3475 4341 Nec
3504 4279 3646 4342 aliter
3671 4283 3714 4337 id

2199 4348 2426 4429 Joannis
2471 4368 2625 4475 page:
2674 4353 2873 4433 legati,
2909 4355 2994 4410 vel
3023 4355 3111 4409 alii
3146 4355 3368 4420 Latini,
3407 4373 3531 4428 erga
3559 4355 3719 4412 Grauis

2201 4433 2488 4475 lusumque
2581 4423 2790 4475 hotium
2848 4424 3141 4475 videamur
3187 4426 3471 4475 habuisse-
3505 4443 3649 4475 mlam
3689 4433 3719 4475 ul

2201 4423 2508 4498 ipsumque
2536 4423 2790 4498 [fhotiuin
2848 4424 3141 4498 videantur
3187 4423 3649 4498 habuissefquam
3689 4433 3724 4477 ut

522 4488 1049 4581 dmorumLa‘nilmos‘,
1067 4488 1448 4581 J‘etsimconlatu
1504 4489 1675 4541 irrito.
1713 4490 1846 4581 Quae
1874 4488 2096 4581 dlispeln-
2129 4525 2173 4581 ο
2204 4491 2367 4542 taceri
2399 4488 2765 4581 indulgerent
2808 4509 2999 4574 vocem
3021 4495 3285 4578 Filioque,
3309 4499 3444 4551 dum
3474 4488 3648 4552 sensus
3669 4504 3722 4548 te-

524 4560 667 4614 satio
700 4560 836 4614 nihil
863 4560 992 4614 dum
1022 4562 1144 4614 lidei
1175 4559 1463 4619 alliciebat,
1489 4574 1611 4612 cum
1638 4559 1868 4612 necdum
1903 4558 2092 4626 legalia

522 4640 709 4686 essent
738 4631 1038 4693 mortifera,
1072 4632 1116 4684 si
1156 4631 1277 4698 quis
1311 4630 1363 4681 in
1393 4629 1473 4683 eis
1502 4644 1654 4697 spem
1686 4643 1793 4680 non
1811 4637 2091 4696 "poneret;

525 4701 623 4756 sed
669 4717 765 4770 per
795 4701 956 4754 Iidem
988 4701 1193 4754 Christi
1233 4699 1460 4770 salutem
1492 4699 1591 4752 sibi
1636 4706 1928 4770 armgaret.
1963 4698 2096 4762 Quae

523 4767 859 4839 dispensatio
891 4771 1024 4824 nihil
1067 4770 1258 4824 attinet
1290 4769 1354 4822 ad
1394 4770 1610 4839 relatos
1639 4767 1848 4829 Patres,
1883 4767 2095 4836 hocque

525 4838 786 4894 doctrinae
817 4843 1137 4910 capitulum,
1173 4841 1240 4894 ad
1266 4838 1410 4907 quod
1457 4838 1592 4892 nihil
1617 4840 1868 4910 cogehat,
1903 4853 2092 4889 eorum

523 4924 643 4973 quae
693 4908 915 4966 l’hotius
973 4919 1126 4965 tanto
1176 4910 1469 4964 verborum
1524 4908 1730 4962 ambitu
1785 4916 2090 4976 exaggerat.

523 4977 653 5031 Erat
683 4979 893 5033 illorum
924 4979 1353 5035 eruditissimum
1400 4977 1682 5040 saeculum,
1729 4993 1939 5030 summa
1993 4977 2093 5027 Ec-

522 5046 701 5100 clesiae
744 5064 841 5116 pax
893 5050 1067 5104 :nulli
1120 5049 1355 5118 tyranni,
1407 5047 1641 5102 haereses
1703 5060 1894 5118 magna
1937 5057 2093 5118 parte

523 5129 867 5194 compressae,
903 5119 1072 5194 libera
1121 5117 1479 5194 praedicatio“:
1515 5133 1636 5194 qua:
1681 5117 1874 5194 onniia
1907 5117 1991 5170 vel
2039 5117 2092 5194 _si

523 5185 860 5258 defuissent,
919 5191 1065 5242 nulla
1116 5185 1386 5258 ejusmodi
1437 5185 1655 5242 licentia
1713 5186 1963 5258 i’atribus
1998 5188 2092 5254 (in

526 5255 794 5326 theologia
836 5261 1067 5312 maxime
1092 5255 1160 5312 ac
1199 5258 1416 5313 deitatis
1450 5256 1735 5323 doctrina)
1781 5255 1874 5309 τοῦ
1908 5273 2091 5326 παρα-

525 5324 860 5396 φθέγγεσθαι
911 5327 1013 5396 (ut
1056 5327 1236 5382 Photii
1290 5330 1405 5396 ipsa
1450 5343 1584 5382 voce
1618 5330 1772 5394 utar)
1805 5335 1864 5379 ut
1899 5324 2091 5379 contra

524 5395 1162 5467 mentem'loquerentur,
1195 5408 1249 5451 et
1275 5395 1406 5452 falsa
1439 5413 1538 5467 pro
1566 5399 1709 5451 veris
1737 5397 2047 5466 ingererent
2077 5413 2088 5448 :

521 5481 678 5518 secus
706 5472 763 5518 ut
782 5466 1117 5520 subticerent
1135 5467 1354 5534 aliquid,
1387 5466 1484 5521 aut
1511 5467 1788 5520 Dominica
1819 5470 1932 5535 ipsa
1960 5481 2093 5520 voce

520 5535 759 5606 contenti
783 5544 991 5600 essent,
1025 5535 1254 5606 ejusque
1281 5536 1651 5606 simplicitate,
1679 5536 1829 5606 παρὰ
1856 5536 2089 5606 Πατρὸς,

521 5604 559 5655 Α
593 5604 802 5676 Patre:
829 5607 982 5676 quod
1026 5604 1220 5660 Filium
1271 5604 1407 5659 non_
1433 5607 1720 5660 excludere
1759 5604 1868 5676 ipsi
1907 5604 2094 5676 divino

521 5675 711 5727 eodem
749 5674 950 5742 Spiritu
1004 5685 1135 5730 sunt
1184 5676 1557 5742 interpretati,
1591 5692 1700 5745 quo
1729 5674 1948 5744 quidam
2001 5674 2090 5728 alii

519 5747 925 5812 οἰκονομοῦντες
951 5753 1187 5800 tacuere.
1214 5746 1450 5812 Haecque
1473 5761 1596 5797 vera
1621 5746 1930 5806 concordia,
1958 5759 2093 5798 neu-

520 5813 621 5865 tris
653 5815 933 5882 injuriosa,
984 5833 1089 5870 non
1118 5833 1276 5884 quant
1314 5815 1614 5882 Pythonico
1643 5815 1836 5883 Spiritu
1867 5814 2092 5868 Photius

2198 4570 2442 4625 neretur,
2499 4577 2602 4616 nec
2625 4563 2765 4628 ,inde
2797 4566 3022 4626 erroris,
3067 4563 3180 4620 seu'
3213 4567 3381 4621 etiam
3416 4568 3626 4622 haeresis
3659 4577 3722 4619 eos

2197 4638 2477 4707 notarent,
2523 4633 3218 4707 qui_eam_admitterent.
3275 4637 3400 4704 Qua
3445 4636 3724 4707 indulgentia

2196 4715 2299 4778 nec
2348 4702 2511 4778 modo
2549 4703 2749 4778 (etiam
2795 4703 3016 4778 Romae)
3047 4702 3514 4778 Graecgsﬂ'cogunt
3559 4702 3722 4765 Latini,

2199 4780 2259 4847 ιιι
2287 4769 2342 4822 in
2372 4772 2477 4847 ﬁde
2499 4769 2822 4847 explicatius
2851 4769 3085 4847 Spiritus
3112 4791 3177 4830 ex
3201 4775 3339 4831 Filio
3373 4769 3726 4847 processionein

2196 4839 2380 4895 edant.
2414 4839 2608 4895 Metius
2638 4845 2791 4898 valde
2811 4839 3172 4900 hallucinatus
3195 4856 3297 4911 est,
3318 4839 3449 4902 dum
3471 4849 3540 4902 ita
3576 4847 3724 4905 reddit,

2194 4911 2523 4982 quteAscribit
2588 4914 2651 4965 de
2697 4916 2963 4975 castitate,
3019 4916 3082 4969 de
3137 4919 3379 4972 radenda
3429 4917 3606 4982 barba,
3648 4927 3725 4970 etc.

2197 4978 2400 5056 Scribit
2448 4981 2646 5037 Paulus
2675 4983 2742 5036 de
2773 4985 3055 5056 castitate,
3104 4988 3200 5041 sed
3241 4988 3362 5056 ejus
3393 4978 3629 5042 doctrina
3650 4999 3729 5039 non

2196 5051 2543 5126 parvulorum
2568 5062 2677 5126 est,
2705 5055 3228 5126 sedperfectorum;
3267 5051 3319 5110 in
3353 5073 3462 5126 qua
3496 5073 3598 5110 non
3623 5059 3731 5126 οἰκο-

2196 5121 2359 5196 νομία
2391 5131 2495 5196 e_st,
2523 5121 2630 5196 _sed
2658 5121 2917 5196 ἀκρίϐεια
2946 5141 2959 5177 :
2989 5125 3056 5179 de
3081 5127 3249 5182 barba
3273 5121 3407 5196 quid
3444 5137 3499 5182 et
3525 5127 3607 5181 ubi
3630 5124 3732 5196 serio

2195 5190 2367 5257 pserit
2409 5190 2629 5257 Paulus,
2667 5190 2862 5248 vellera
2903 5205 3221 5250 annotasset
3247 5215 3260 5250 :
3288 5190 3400 5251 etsi
3433 5198 3565 5251 nihil
3593 5197 3667 5250 hic
3683 5195 3733 5248 de

2195 5260 2345 5339 Pauli
2376 5261 2693 5339 scriptione,
2726 5264 2822 5339 sed
2853 5265 2920 5320 de
2951 5264 3035 5318 his
3057 5282 3178 5339 quae
3211 5281 3307 5337 pro
3335 5268 3439 5321 loci
3470 5281 3534 5320 ac
3555 5277 3732 5339 tempo-

2196 5333 2271 5383 ris
2300 5333 2627 5407 necessitate
2651 5341 2745 5386 aut
2772 5333 3182 5407 circumstantia
3211 5333 3356 5406 'egit,
3387 5353 3509 5407 quae
3534 5337 3654 5391 alias
3671 5334 3734 5388 ίο·

2198 5410 2318 5475 rent
2349 5400 2562 5475 illicita,
2593 5411 2648 5455 et
2674 5418 2795 5471 quae
2826 5404 2879 5457 in
2909 5406 3219 5475 exemplum
3251 5400 3474 5461 trahe-re
3503 5423 3604 5460 non
3629 5420 3733 5460 con-

2197 5471 2364 5546 venit.
2418 5471 2598 5546 Malim
2651 5475 2947 5546 ἁγιασμόν,
3002 5471 3470 5546 puriﬁcationem,
3505 5491 3602 5544 qua
3630 5485 3733 5546 voce

2197 5541 2368 5612 Lucas
2393 5543 2571 5612 semel
2609 5551 2664 5595 et
2693 5541 2889 5597 iterum
2930 5541 3135 5612 uti—tur,
3157 5549 3276 5603 Act.
3312 5563 3432 5612 XXI,
3465 5541 3553 5599 αἱ.
3592 5541 3734 5612 ’Δγνίο

2198 5609 2354 5688 πθβτι
2385 5611 2483 5663 σὺν
2516 5611 2722 5688 αὐτοῖς,
2755 5613 2840 5665 ἵνα
2885 5609 3222 5688 ξυρίσωνται
3237 5616 3334 5686 τὴν
3368 5609 3621 5688 κεφαλήν.
3649 5609 3733 5667 Pu-

2195 5677 2404 5755 riﬁcare
2461 5698 2579 5755 cum
2614 5677 2740 5755 illis
2769 5699 2786 5735 :
2816 5693 2869 5736 ut
2899 5677 3074 5748 Vcizput
3126 5677 3342 5751 radan't,
3398 5677 3730 5740 Nazararorum

2197 5751 2338 5811 ritu;
2369 5766 2478 5803 non
2508 5753 2585 5806 sic
2613 5751 2854 5806 barbam.
