3930 6454
208 426 299 492 813

205 563 232 599 τ

204 626 477 702 ἀκροατῶν,
501 623 595 676 καὶ
619 622 718 689 τὴν
734 618 1051 687 οἰκονομίαν
1076 615 1171 669 τοῦ
1198 614 1379 681 λόγου·
1399 614 1499 684 τήν
1524 630 1581 664 τε
1613 612 1749 679 πρδς

204 700 309 780 τούς
356 711 843 781 ἀντιτεταγμένους
893 708 1072 778 μάχην
1104 704 1397 775 περιελὼν,
1424 702 1607 771 γυμνά
1642 700 1750 752 τῶν

203 808 497 883 εἰρημένων,
535 803 631 855 καὶ
663 801 738 863 ὠς
756 800 934 867 δόγμα
962 796 1257 869 προϐάλλοι
1282 798 1373 849 καὶ
1403 793 1747 865 περιθάλποι,

203 901 379 960 αὐτοὺς
410 894 651 956 δκείνους
696 892 821 954 τοὺς
849 890 920 942 τά
970 888 1197 942 τοιαῦτα
1232 888 1326 940 καὶ
1378 886 1629 946 εἰπόντας
1657 883 1752 936 καὶ

202 988 507 1063 πράξαντας,
532 984 753 1055 εὑρήσει
774 980 893 1034 κατ’
916 978 1080 1031 αὐτοῦ
1098 978 1195 1049 τὴν
1219 978 1541 1042 δικάζουσαν
1567 975 1754 1044 ἀφιέν-

199 1100 285 1145 τας
310 1080 502 1149 ψῆφον·

260 1175 336 1226 K'.
369 1169 483 1221 Ἔτι
512 1166 591 1229 δὲ,
625 1167 673 1218 εί
712 1164 811 1234 μὲν
844 1162 1284 1232 ὑπομνησθέντες
1311 1161 1440 1229 περὶ
1482 1158 1573 1213 τοῦ
1616 1175 1752 1228 προ-

197 1262 431 1333 κειμένου
464 1257 785 1325 κεφαλαίου,
802 1256 912 1309 τῶν
929 1258 1048 1325 είρη
1061 1256 1235 1325 μένων
1254 1252 1393 1305 Πατέ
1402 1268 1509 1321 ρων
1530 1252 1753 1303 ἀντεῖπε

196 1356 249 1408 τὸ
274 1353 572 1419 σύνταγμα,
612 1349 707 1400 καὶ
740 1347 875 1418 πρὸς
905 1346 1155 1398 ἔνστασιν
1196 1361 1316 1397 τινα
1346 1343 1443 1395 καὶ
1474 1341 1752 1395 ἀπείθειαν

193 1441 585 1511 ἀπεθρασύνετο
606 1457 617 1470 ·
645 1440 908 1492 διέτεινάν
933 1455 991 1490 τε
1020 1440 1087 1507 τῇ
1114 1436 1250 1506 αὐτῇ
1288 1436 1615 1505 παρατροπῇ
1654 1433 1753 1503 τῆς

192 1532 355 1601 δόξης,
411 1529 506 1582 καὶ
564 1530 649 1581 ἐπ’
690 1529 826 1598 αὐτῇ
860 1527 953 1579 τὸν
998 1526 1110 1596 βίον
1162 1526 1300 1596 μετά
1326 1525 1453 1587 τοὺς
1496 1523 1756 1592 ἐλέγχους

190 1616 571 1687 κατέστρεψαν,
609 1618 823 1684 ἀνάγκη
861 1615 1088 1690 τούτους
1116 1612 1623 1669 συναποϐάλλεσθαι
1676 1611 1754 1681 τῷ

192 1711 506 1782 φρονήματι.
536 1709 597 1760 Εἰ
617 1708 671 1760 δὲ
694 1707 1143 1777 παρεφθέγξαντο
1174 1708 1294 1775 μὲν,
1339 1706 1372 1776 ἢ
1406 1705 1495 1759 διά
1520 1720 1643 1758 τινα
1668 1706 1753 1757 αἰ-

186 1805 298 1857 τίαν
327 1800 420 1855 νῦν
446 1800 822 1870 ἀγνοουμένην
844 1801 976 1867 ἡμῖν
1002 1800 1104 1869 τῆς
1130 1798 1427 1869 εὐθύτητος
1456 1798 1755 1868 ἐξετράπη-

1362 399 1898 465 EPISTULARUM
1936 400 2164 460 LIBER
2206 400 2254 458 Ι.

233 538 430 597 οιούτων
483 530 663 597 λόγων
717 527 813 581 καὶ
844 525 1119 597 πράξεων,
1170 522 1271 593 τὴν
1319 521 1608 576 ἀσθένειαν
1642 518 1752 571 τῶν

1863 528 2107 587 exempta
2156 534 2220 571 ex
2267 514 2535 585 ejusmodi
2597 514 2943 568 sermonibus
2990 522 3154 582 atque
3218 512 3431 567 actibus

3324 395 3429 456 814

1856 610 2167 663 auditorum
2188 608 2580 670 imbecillitate,
2603 604 2977 674 doctrinaque
3000 604 3429 673 dispensatione.

1858 715 1958 754 nec
1992 716 2098 753 non
2127 699 2562 754 adversariorum
2620 712 2822 766 pugna,
2850 696 2937 750 his
2964 696 3115 749 nuda
3146 711 3267 764 quae
3289 695 3430 748 diem

1857 801 2002 855 sunt,
2024 802 2081 845 et
2101 800 2157 844 ut
2179 791 2372 860 dogma
2401 795 2668 857 proponat
2698 788 3003 856 foveatque,
3034 786 3154 841 illos
3184 785 3275 853 qui
3305 784 3431 839 talia

1858 883 1942 936 vel
1987 882 2150 936 locuti
2208 890 2334 936 sunt
2370 881 2451 934 vel
2495 889 2743 949 egerunt,
2792 879 2899 932 lata
2961 878 3015 932 in
3039 893 3163 932 eum
3204 886 3433 933 senten.

1860 974 1954 1037 tia,
1984 974 2157 1043 ipsum
2189 975 2447 1027 damnare
2475 971 2733 1025 inveniet.

1928 1153 2049 1208 XX.
2076 1153 2366 1217 Przeterea,
2398 1155 2441 1208 si
2477 1169 2600 1208 cum
2633 1153 3011 1208 meminissent
3055 1154 3313 1224 ιιι-οροεὶιί
3342 1170 3434 1209 ca-

1858 1247 2037 1315 pituli,
2083 1248 2353 1302 dictorum
2390 1247 2610 1300 Patrum
2658 1254 2836 1301 cmtus
2881 1246 3317 1307 contradixissct,
3382 1256 3439 1298 ct

1857 1346 1917 1392 ut
1975 1338 2375 1393 contentiosius
2461 1338 2799 1392 obsisterent
2845 1352 2948 1390 nec
2992 1337 3436 1406 obtemperarent

1859 1430 2070 1484 animos
2108 1430 2510 1496 obﬁrmassent,
2536 1437 2701 1498 atque
2762 1430 2819 1483 in
2860 1444 2922 1482 ea
2958 1444 3121 1498 prava
3179 1428 3437 1497 opinione

1860 1531 2333 1592 perseverassent,
2370 1524 2599 1592 ejusque
2649 1520 2985 1591 reprehensi,
3023 1520 3307 1583 sententi-ae
3354 1527 3436 1572 te-

1861 1630 2027 1670 uaces
2078 1614 2245 1669 vitam
2288 1630 2412 1669 ουιιι
2470 1622 2645 1668 morte
2687 1622 3152 1679 commutassent;
3210 1627 3437 1666 necesse

1861 1715 2006 1761 esset
2059 1714 2119 1760 ut
2147 1721 2270 1759 eum
2303 1720 2487 1760 errore
2521 1720 2797 1773 sensuque
2835 1719 2933 1757 suo
2988 1702 3432 1770 exploderentur.

1863 1799 1959 1852 Sin
1984 1808 2166 1853 autem
2194 1799 2331 1853 male
2353 1798 2570 1867 quidem
2589 1797 2753 1851 locuti
2783 1805 2931 1860 sunt,
2965 1794 3251 1865 autaliqua
3274 1811 3435 1849 causa

189 1911 278 1947 σαν
299 1910 314 1924 ’
338 1892 569 1961 οὐδεμία
599 1892 656 1944 δὲ
699 1891 926 1960 ζήτησις
952 1891 1135 1954 αὐτοῖς
1163 1892 1615 1961 προσενήνεκται,
1640 1890 1750 1943 οὐδ’

1863 1906 2004 1945 nunc
2031 1890 2192 1944 nobis
2232 1890 2413 1961 ignota
2437 1905 2471 1943 a
2511 1898 2661 1943 recto
2701 1887 2915 1942 tramite
2944 1886 3265 1953 deviarunt;
3290 1887 3435 1941 nulla

184 1986 257 2047 είς
275 1982 509 2052 μάθησιν
538 1984 637 2052 τῆς
662 1981 925 2051 ἀληθείας
953 1983 1130 2046 οὐδεὶς
1159 1983 1355 2047 αὐτοὺς
1388 1982 1753 2052 παρεκάλεσε,

187 2073 421 2142 Πατέρας
454 2074 555 2142 μὲν
581 2072 734 2126 οὐδὲν
776 2070 997 2125 ἔλαττον
1030 2074 1249 2136 αὐτοὺς,
1282 2074 1329 2125 εί
1360 2074 1456 2125 καὶ
1496 2071 1573 2143 μὴ
1599 2071 1758 2125 τοῦτο

182 2162 341 2231 εἷπον,
375 2166 826 2237 ἐπιγραψάμεθα,
861 2166 951 2219 διά
1012 2183 1070 2218 τε
1103 2165 1163 2218 τὸ
1188 2165 1283 2218 τοῦ
1336 2164 1453 2235 βίου
1482 2165 1753 2236 λαμπρὸν,

184 2260 265 2312 καὶ
323 2258 424 2327 τῆς
453 2260 662 2330 ἀρετῆς
720 2261 782 2315 τὸ
814 2262 1118 2329 αἰδέσιμον,
1149 2262 1245 2313 καί
1270 2260 1371 2330 τῆς
1401 2259 1569 2331 ἄλλης
1600 2261 1757 2313 εὐσε-

178 2350 323 2414 ϐείας
362 2351 426 2403 τὸ
480 2353 905 2420 ἀκατάγνωστον
928 2369 941 2383 ο
977 2355 1089 2412 τοῖς
1116 2351 1175 2403 δὲ
1204 2352 1387 2419 λόγοις
1421 2350 1648 2413 τούτων,
1699 2352 1758 2403 ὲν

179 2436 253 2505 οἷς
299 2442 755 2513 παρηνέχθησαν,
813 2444 911 2513 οὐχ
942 2443 1206 2513 ἑψόμεθα.
1261 2443 1419 2496 Ὅσοι
1448 2444 1504 2495 δὲ
1530 2442 1755 2505 τούτων,

177 2533 452 2602 βιάζονται
479 2536 563 2598 είς
585 2535 863 2588 ἀντίθετον
889 2534 1197 2606 μαρτυρίαν
1226 2534 1399 2588 ἐλθεῖν
1429 2536 1527 2604 τῆς
1555 2538 1757 2587 Δεσποο

176 2624 322 2693 τικῆς
352 2627 570 2694 φωνῆς,
595 2617 741 2679 οὗτοι
770 2625 915 2690 λέξει
944 2626 1041 2695 μὲν
1072 2628 1255 2697 γυμνῇ
1280 2625 1375 2679 τὸν
1400 2626 1617 2697 Πατέρα
1639 2626 1762 2680 τού-

175 2730 281 2778 τοις
303 2715 667 2785 χαρίζονται·
707 2716 857 2787 ἔργῳ
897 2717 957 2770 δὲ
990 2717 1087 2771 καὶ
1114 2717 1266 2788 πάσῃ
1307 2718 1511 2788 σπουδῇ
1552 2720 1631 2781 είς
1660 2718 1760 2788 τὴν

173 2805 272 2859 τῶν
303 2807 663 2878 πατραλοιῶν
683 2810 779 2863 καὶ
805 2808 1077 2879 πολεμίων
1092 2808 1279 2880 χώραν
1308 2810 1504 2873 αὐτοὺς
1520 2809 1762 2864 ἀπελαύ-

175 2913 369 2952 νουσιν.
413 2897 616 2969 Ἡμεῖς
638 2898 717 2961 δὲ,
748 2900 873 2952 ἐπεὶ
902 2900 995 2952 καί⁸
1032 2900 1227 2963 ἀλλους
1256 2902 1409 2965 τινάς
1440 2901 1550 2956 τῶν
1579 2920 1760 2971 μακα-

173 2985 295 3055 ρίων
317 2988 486 3058 ἡμῶν
515 2988 781 3059 Πατέρων
827 2990 922 3044 καὶ
946 2990 1284 3045 διδασκάλων
1302 3030 1317 3056 ,
1358 2993 1415 3044 ὲν
1466 2993 1681 3057 πολλοῖς
1699 3012 1761 3049 τε

169 3077 343 3143 ἄλλοις
377 3082 487 3151 τῆς
518 3080 812 3152 ἀκριϐείας
838 3082 946 3135 τῶν
983 3081 1159 3153 ὀρθῶν
1205 3083 1494 3153 δογμάτων
1556 3103 1762 3157 παρεν-

166 3166 419 3238 εχθέντας
478 3171 1018 3242 καταλαμϐάνοντες,
1068 3172 1129 3225 τὸ
1179 3172 1280 3244 μὲν
1314 3174 1664 3245 παρενεχθὲν,
1694 3176 1756 3229 οὐ

169 3231 492 3334 προσθήκην
545 3231 833 3333 δεχόμεθα,
866 3231 1016 3327 τοὺς⁷
1043 3231 1244 3336 ἀνδρας
1269 3265 1325 3318 δὲ
1360 3231 1752 3336 ἁσπαξόμεθαο
1782 3231 1826 3289 c

162 3351 300 3408 οὕτω
324 3354 426 3409 καὶ
452 3354 615 3419 τοὺς,
639 3355 692 3407 εῐ
709 3372 855 3418 τινες
877 3355 1263 3427 ὑπηνέχθησαν
1292 3359 1467 3410 είπεῖν
1500 3360 1560 3410 τὸ
1586 3358 1756 3411 Πνεῦ-

166 3461 239 3514 μα
262 3448 327 3500 ὲκ
359 3445 463 3500 τοῦ
490 3446 630 3501 Υίοῦ
666 3447 1063 3518 ἐκπορεύεσθαι
1083 3465 1096 3478 ο
1128 3448 1191 3500 τὸ
1222 3448 1323 3517 μὲν
1352 3448 1501 3519 παρά
1532 3451 1630 3521 τὴν
1656 3453 1755 3502 Δε-

160 3539 429 3609 σποτικὴν
461 3538 680 3609 φωνὴν,
713 3539 774 3591 οὐ
796 3539 1097 3609 δεχόμεθα·
1144 3540 1389 3604 ἐκείνους
1429 3540 1487 3595 δὲ
1517 3542 1617 3612 τῆς
1648 3542 1756 3595 τῶν

165 3627 426 3699 Πατέρων
453 3630 670 3700 ἀγέλης
702 3631 803 3683 οὐκ
830 3632 1223 3703 ἀποκρίνομεν.

223 3721 360 3775 KA'.
392 3722 518 3775 Καὶ
558 3721 667 3791 γὰρ
692 3723 784 3774 καὶ
810 3723 1086 3776 Διονύσιον
1113 3723 1206 3775 τὸν
1220 3723 1625 3795 Ἀλεξανδρείας
1645 3725 1755 3795 (15)

156 3807 228 3879 τῷ
258 3810 418 3881 χορῷ
450 3811 574 3864 τῶν
598 3812 771 3879 ἀγίων
801 3812 1065 3883 Πατέρων
1089 3815 1492 3880 συντάττοντες,
1527 3816 1625 3878 τὰς
1665 3816 1758 3869 ὐπ’

151 3902 318 3956 αὐτοῦ
343 3902 659 3974 λεχθείσας
677 3905 815 3974 πρὸς
844 3904 937 3957 τὸν
968 3904 1137 3957 Λίϐυν
1182 3904 1460 3958 Σαϐέλλιοι
1495 3906 1761 3977 ’Δρειανι-

158 3994 253 4059 κάς
281 3998 487 4065 φωνὰς
548 3996 816 4066 οὐμενοῦν
839 3998 902 4049 οὐ
937 3997 1435 4068 συναποδεχόμεθα,
1474 3999 1612 4052 ἀλλά
1665 4000 1761 4053 καὶ

152 4085 447 4148 παντελῶς
476 4084 891 4156 ἐκτρεπόμεθα.
943 4087 1052 4139 Καὶ
1086 4086 1179 4139 τὸν
1212 4090 1270 4141 ἐν
1301 4087 1539 4155 μάρτυσι
1588 4089 1762 4158 μέγαν

151 4176 466 4241 Μεθόδιον,
504 4176 571 4240 ὃς
597 4178 725 4241 τοὺς
753 4179 1171 4250 ἀρχιερατικοὺς
1206 4178 1299 4231 τοῦ
1334 4180 1605 4250 Πατάρων
1636 4179 1761 4250 θρό-

146 4285 238 4322 νου
300 4269 790 4341 έπιδαλιούχησεν
844 4272 1036 4335 οῐακας
1057 4288 1072 4303 ο
1105 4272 1184 4325 ἔτι
1210 4273 1311 4343 μὲν
1349 4274 1443 4326 καὶ
1470 4274 1767 4344 Εἰρηναῖον

1862 1994 2042 2040 tamen
2086 1984 2195 2038 illis
2244 1982 2474 2052 quazstio
2512 1982 2689 2037 oblata
2719 1990 2823 2045 est,
2874 1995 2979 2037 nec
3032 1980 3318 2050 quisquam
3364 1981 3431 2032 ad

1859 2074 2288 2131 condiscendam
2329 2073 2613 2128 veritatem
2663 2072 2785 2127 illos
2840 2056 3175 2141 provocavit,
3209 2070 3435 2140 perinde

1860 2170 1982 2225 illos
2006 2170 2059 2224 in
2088 2168 2308 2223 Patrum
2342 2169 2465 2223 albo
2496 2168 2852 2230 admittimus,
2881 2182 2944 2222 ac
2973 2167 3017 2220 si
3048 2167 3191 2221 istud
3213 2166 3436 2249 minime.

1860 2263 2147 2325 dixissent,
2180 2269 2403 2332 pr0pter
2445 2260 2568 2314 vita:
2613 2259 2914 2314 claritatem
2972 2273 3037 2314 ac
3084 2257 3434 2328 spectabilem

1858 2355 2138 2415 virtutem,
2178 2369 2276 2408 nec
2321 2370 2429 2407 non
2473 2354 2734 2423 reliquam
2781 2352 3113 2421 inculpatam
3165 2351 3327 2414 ﬁdem
3374 2366 3437 2403 ac

1860 2447 2118 2516 pietatem
2149 2464 2161 2499 :
2187 2446 2495 2501 doctrinam
2526 2462 2675 2513 vero,
2708 2446 2764 2499 in
2790 2460 2896 2514 qua
2916 2460 2946 2498 a
2968 2442 3215 2500 veritatis
3241 2443 3435 2497 semita

1862 2538 2206 2603 aberrarunt,
2238 2553 2347 2592 non
2377 2537 2677 2605 sequimur.
2706 2536 2986 2605 Quotquot
3032 2550 3163 2589 vero
3211 2544 3436 2604 cogunt.

1862 2637 1922 2683 ut
1961 2629 2242 2684 contraria
2271 2630 2597 2684 auctoritate
2649 2627 2950 2682 Dominica:
2988 2626 3107 2681 voci
3142 2625 3438 2680 adversen-

1870 2729 1978 2786 tur,
2018 2721 2071 2775 hi
2107 2722 2250 2774 nuda
2274 2721 2491 2791 quidem
2525 2735 2659 2775 voce
2691 2719 2867 2775 Patris
2909 2718 2989 2773 eis
3026 2718 3245 2773 titulum
3284 2716 3439 2772 dele-

1864 2823 2012 2877 runt,
2052 2812 2194 2867 facto
2243 2828 2373 2867 vero
2426 2813 2684 2883 omnique
2725 2827 2891 2881 opera
2941 2811 2996 2865 in
3038 2811 3435 2881 parricidarum

1862 2907 2025 2967 atque
2056 2900 2297 2953 hostium
2337 2914 2431 2953 eos
2455 2900 2687 2954 classem
2713 2899 3035 2953 detrudunt.
3081 2898 3193 2954 Nos
3233 2909 3439 2961 autem.

1864 2991 1958 3061 qui
1990 2991 2126 3045 alios
2156 3006 2374 3060 quoque
2415 2991 2712 3046 nonnullos
2761 2999 3076 3045 sanctorum
3126 3000 3441 3046 nostrorum

1863 3082 2082 3138 Patrum
2113 3098 2179 3137 ac
2206 3083 2589 3153 magistrorum
2620 3098 2647 3136 a
2681 3090 2953 3137 rectorum
2976 3084 3288 3154 dogmatun‘
3334 3082 3443 3137 ﬁde

1863 3175 2204 3229 exorbitasse
2232 3174 2625 3245 intelligamus,
2645 3174 2790 3243 quod
2808 3174 3026 3243 quidem
3045 3174 3440 3239 exorbitarunt,

1858 3265 1914 3319 in
1939 3266 2185 3319 doctrina
2229 3274 2436 3335 partem
2493 3280 2603 3319 non
2649 3265 3003 3328 assumimus,
3052 3264 3201 3318 viros
3258 3272 3441 3318 tamen

1856 3355 2277 3424 amplectimur:
2316 3355 2390 3407 ita
2419 3354 2585 3407 etiam
2622 3354 2669 3407 si
2696 3354 2896 3423 quibus
2940 3354 3183 3422 obrepsit
3218 3362 3278 3407 ut
3320 3351 3442 3423 Spi-

1858 3448 2022 3501 ritum
2070 3463 2101 3500 a
2157 3446 2296 3500 Filio
2351 3446 2649 3515 procedere
2692 3446 2973 3510 dicerent;
3012 3446 3156 3515 quod
3221 3446 3438 3515 quidem

1857 3539 2154 3594 Dominicze
2197 3538 2316 3592 voci
2362 3538 2688 3593 adversetur
2731 3553 2841 3592 non
2897 3538 3261 3603 admittimus,
3319 3538 3441 3592 illos

1860 3640 2041 3687 tamen
2072 3648 2103 3685 a
2133 3633 2350 3686 Patrum
2373 3640 2514 3686 ccetu
2541 3646 2647 3685 non
2670 3631 2968 3700 rejicimus.

1931 3718 2072 3772 XXI.
2131 3718 2345 3772 Etenim
2407 3718 2723 3788 Dionysium
2762 3735 2980 3789 quoque
3010 3719 3437 3774 Alexandrinum

1860 3820 2173 3865 sanctorum
2208 3809 2430 3864 Patrum
2461 3810 2630 3865 choro
2664 3822 3040 3874 accensentes,
3078 3811 3223 3864 haud
3252 3819 3436 3864 tamen

1860 3902 2034 3957 dictas
2073 3902 2142 3956 ab
2180 3917 2246 3955 eo
2291 3901 2574 3955 Arianicas
2618 3918 2781 3957 voces
2833 3904 3096 3959 adversus
3145 3904 3439 3961 Sabellium

1862 4001 2120 4072 Libycum
2144 4000 2370 4070 perinde
2396 4000 2711 4068 recipimus,
2745 4002 2878 4071 quin
2908 4003 3070 4057 etiam
3102 4019 3326 4074 prorsus
3354 4020 3439 4058 re-

1864 4093 2174 4164 pudiamus.
2218 4092 2467 4162 Magnum
2516 4091 2705 4146 itidem
2738 4092 3072 4148 Methodium
3114 4104 3437 4167 martyrem,

1864 4186 1958 4257 qui
1994 4184 2307 4239 Patarensis
2330 4182 2585 4238 Ecclesiae
2612 4184 2822 4238 clavum
2854 4185 3053 4255 praesul
3074 4186 3397 4257 gubernavit
3424 4203 3437 4239 :

1864 4289 2130 4352 praeterea
2158 4278 2321 4331 etiam
2355 4275 2617 4331 Irenaeum
2653 4276 3075 4348 Lugdunensem
3097 4282 3437 4351 episcopum,

1711 4457 1946 4514 ΝΟΤίΕ.

212 4584 334 4655 (15)
379 4587 735 4665 Διονύσιοζ
756 4590 1541 4665 τὸν⁹Αλεξανδρείᾳς.μοηεε
1571 4595 1756 4665 dispar

1863 4598 2004 4653 sedis
2041 4602 2097 4650 et
2130 4593 2456 4665 Apostolicae
2493 4594 2799 4663 summique
2830 4592 3021 4663 capitis
3060 4593 3283 4665 nomine
3341 4587 3437 4646 tibi

131 4654 283 4710 illius
312 4654 559 4731 causa,
603 4666 658 4731 et
702 4658 946 4723 Patrum,
985 4654 1215 4731 quorum
1254 4654 1753 4720 Pliotiusvaucto'ri-

130 4733 305 4805 tatem
329 4728 588 4795 excipit.
614 4728 836 4784 Errasse
862 4732 915 4785 in
961 4728 1230 4805 theologia
1258 4733 1548 4805 Dionysius
1573 4738 1758 4791 statim

125 4803 362 4873 agnitus
414 4805 549 4873 est_,_
593 4807 688 4852 aut
736 4810 887 4873 certe
931 4804 1271 4856 occasionem
1306 4803 1523 4857 dedisse
1562 4805 1642 4859 sic
1692 4806 1762 4860 de

125 4865 221 4918 illo
247 4866 576 4940 epinandi,
608 4884 769 4936 quam
796 4872 960 4924 etiam
995 4874 1305 4940 opinionem
1334 4873 1543 4927 studuit
1575 4876 1762 4931 eluere

122 4944 181 5016 et
224 4937 594 5016 satisfacere
623 4955 635 4989 :
669 4955 772 5016 qua
799 4940 915 5016 ipsa
940 4937 1223 5016 modestia,
1264 4953 1317 4996 et
1350 4944 1497 4996 cultu
1529 4944 1763 5016 Dionysii

117 5006 260 5085 item
316 5006 597 5085 Romani.
631 5006 916 5085 antistitis,
946 5011 1209 5085 Catholici
1248 5028 1445 5085 nomen
1483 5015 1584 5067 sibi
1625 5006 1759 5070 réti-

115 5076 375 5155 nuituet
431 5076 651 5155 Patris,
707 5082 923 5155 tametsi
960 5082 1139 5155 acrius
1180 5082 1235 5155 in
1290 5083 1439 5155 illum
1484 5085 1756 5139 invehitur

114 5141 399 5225 Basilius,
453 5147 785 5225 vindicant}:
838 5152 1157 5225 Athanasio.
1204 5153 1337 5217 Quis
1382 5158 1755 5225 vero_erroris

113 5216 530 5297 iri-theologia
586 5218 811 5297 notavit,
862 5220 1003 5288 quod
1046 5223 1099 5275 in
1134 5216 1483 5291 pro’eessione
1521 5223 1756 5297 Spiritus

114 5282 301 5363 Filius
334 5282 506 5338 Patri
548 5282 957 5363 adiungeretur,
981 5300 1035 5345 et
1066 5282 1390 5361 cx'iitroque
1419 5282 1715 5363 procedere
1736 5336 1753 5354 ν

112 5359 336 5408 nedum
380 5364 527 5432 tres_
572 5359 761 5432 relati;
800 5375 987 5432 verum
1026 5359 1402 5432 etiamAplu'res
1419 5359 1555 5419 aliis
1580 5365 1752 5420 Graeci

108 5435 337 5489 pariter
375 5440 460 5506 ac
502 5424 692 5480 Latini
728 5429 1152 5506 proﬁterentur?
1190 5424 1468 5506 O‘portuit
1499 5436 1754 5489 Photium

106 5508 335 5574 novum
360 5495 561 5575 sidus_
582 5495 822 5568 surgere,
847 5502 912 5575 ad
936 5500 1135 5575 findunt
1164 5495 1430 5575 errorem,
1458 5505 1751 5559 Dominicaa

104 5570 233 5618 voci
272 5570 696 5631 contrarium,
735 5577 789 5622 et
824 5570 908 5623 cui
942 5572 1269 5627 stabiliendo
1310 5590 1413 5628 nec
1442 5577 1590 5629 orbis
1623 5592 1755 5630 con-

98 5646 326 5686 sensus
384 5634 684 5714 sqtliciat:
736 5654 840 5692 una
886 5641 1027 5714 illius
1077 5643 1207 5714 luce
1263 5643 1624 5714 detegendum
1692 5661 1756 5699 ac

98 5705 611 5785 coarguendttin.
638 5706 766 5785 ﬂare
788 5718 875 5785 ψη
902 5710 1031 5785 lata,
1064 5711 1307 5766 Grmcia!
1343 5705 1537 5768 utvboc
1577 5716 1755 5785 capite

96 5784 325 5850 retineas
375 5774 612 5842 subjici
655 5779 768 5850 sedi
807 5780 967 5842 l’ctri,
1009 5792 1272 5850 putesque
1314 5794 1365 5836 te
1408 5795 1620 5838 nactam
1648 5774 1754 5838 ’γρ-

96 5846 369 5906 “tatem,
413 5862 449 5896 a
504 5860 628 5912 qua
668 5846 751 5899 illa
784 5846 1063 5914 cxeidcrit,
1096 5846 1267 5919 coquo
1307 5856 1527 5908 nomine
1569 5856 1756 5921 prima:

1860 4662 2194 4724 blandiaris.’
2216 4662 2573 4733 Reliquorum
2617 4662 3097 4733 errores,fpartim
3141 4664 3210 4716 ab
3267 4664 3442 4716 hare-

1866 4739 1989 4793 ticis
2022 4734 2248 4805 aspersi,
2291 4732 2487 4805 partim
2520 4735 2620 4789 aevi
2655 4732 3001 4805 simplicitate
3039 4733 3180 4805 nati,
3214 4733 3444 4785 minoris

1866 4749 1989 4793 llCIS
2022 4749 2248 4805 aspers'I,
2291 4749 2487 4856 parum
2520 4750 2620 4789 ενι
2655 4749 3001 4802 snnpucuate
3039 4749 3174 4795 nati,
3214 4749 3441 4785 minoris

1861 4809 1976 4864 fere
2032 4805 2330 4866 momenti,
2377 4820 2539 4872 quam
2588 4812 2649 4857 ut
2702 4801 3056 4872 theologiam“
3087 4803 3441 4872 attingerent.

1862 4881 1918 4933 in
1960 4892 2085 4946 qua,
2133 4884 2190 4928 et
2228 4871 2428 4946 Christi
2474 4872 2734 4946 mysterio
2782 4871 3112 4946 astruendis,
3160 4871 3445 4925 strenuam

1863 4951 1899 5003 ii
1940 4940 2130 5001 Patres
2184 4944 2440 5010 (maxime
2475 4940 2743 5009 Irenaeus)
2775 4941 3149 4993 adhibuerunt
3194 4956 3444 5010 operam,

1861 5035 1966 5088 qua
1996 5017 2159 5088 etiam
2194 5014 2505 5088 sanctisque
2539 5027 2725 5088 eorum
2762 5010 3009 5088 moribus
3040 5012 3102 5088 τὸ
3139 5011 3446 5088 θαυμάσιον

1864 5079 2225 5156 ἕξήστραψαν,
2283 5079 2489 5156 miram
2522 5083 2819 5156 claritatem
2873 5079 3055 5156 adepti
3094 5090 3248 5143 sunt,
3297 5090 3353 5134 et
3382 5086 3443 5133 ut

1866 5149 2045 5213 sancti
2073 5149 2259 5209 Patres
2287 5163 2343 5206 et
2371 5152 2624 5207 Ecclesiae
2638 5149 2893 5219 magistri
2927 5150 3267 5204 haberentnr
3292 5168 3305 5203 :
3333 5164 3441 5219 non

1863 5230 2006 5298 quod
2040 5227 2176 5280 male
2191 5224 2368 5298 reddit
2385 5222 2596 5285 Metius,
2635 5218 2767 5298 Vita}
2784 5220 3086 5298 innocentia
3101 5230 3150 5271 et
3175 5218 3443 5298 miraculis

1863 5287 2185 5351 claruerunt.
2238 5292 2367 5347 Nam
2418 5308 2545 5360 rogo
2596 5291 2739 5343 unde
2793 5288 3021 5360 Pbotjus
3072 5305 3137 5343 ea
3185 5287 3441 5341 miracula

1865 5370 2073 5427 habuit,
2126 5365 2208 5418 vel
2247 5363 2445 5431 Papize,
2484 5358 2568 5414 vel
2606 5360 2879 5433 aliorum?
2912 5358 3003 5413 Sic
3040 5360 3260 5427 quidem
3296 5364 3441 5433 nunc

1863 5437 2203 5493 vindicandis
2242 5428 2443 5488 salictis
2482 5446 2581 5483 nsu
2633 5428 2884 5482 Romano
2918 5437 3241 5497 quaeruntur
3279 5428 3440 5497 mira-

1862 5510 2001 5567 cula,
2038 5523 2104 5560 ne
2134 5504 2261 5574 quid
2289 5501 2819 5574 humanisubrepat.
2849 5508 2904 5574 et
2930 5492 3074 5574 quod
3108 5506 3214 5550 tam
3234 5492 3439 5574 multos

1862 5565 2294 5632 vindicare-non
2352 5572 2568 5625 intersit
2619 5565 3103 5627 rei—Christiana;
3154 5565 3246 5617 sed
3302 5576 3438 5637 quos

1862 5650 2004 5703 Deus
2036 5644 2330 5714 majoribus
2359 5641 2530 5714 signis
2556 5654 2682 5693 cum
2716 5640 2839 5714 vita:
2864 5638 3097 5714 lidejque
3128 5638 3437 5714 praestantia

1861 5706 2137 5772 clariones'
2165 5713 2383 5771 clliciat,
2410 5706 2669 5777 vvelitque
2716 5710 2829 5761 suis
2860 5706 3105 5758 ﬁdelibus
3142 5717 3266 5754 eum
3299 5710 3436 5768 prat-

1861 5790 1998 5842 sidio
2025 5802 2142 5841 esse
2165 5826 2178 5849 ,
2210 5795 2321 5837 tum
2354 5780 2624 5848 exemplo.
