3930 6430
514 391 626 453 815
898 401 927 434 ⁸

1656 385 1923 448 ΡΙΙΟΤΙΙ
1964 382 2475 444 ΡΑΤΒΙΑΚΟΗᾸΕ
2512 383 2623 444 CP.

3651 399 3735 464 816

522 524 623 564 nec
657 523 766 562 non
806 506 1029 576 Papiam
1077 505 1545 576 Hierapolitanum
1577 522 1590 557 :
1617 520 1686 558 ex
1728 502 1931 573 quibus
1973 500 2094 571 prio

2198 554 2199 558 η
2225 499 2320 552 τὸν
2352 497 2705 567 Λουγδούνων
2730 497 3050 562 ἐπίσκοπον,
3088 501 3182 554 καὶ
3218 501 3424 558 Παπὶαν
3455 507 3534 561 τὸν
3558 514 3639 584 τῆς
3666 518 3739 570 ἰε.

519 599 741 670 quidem
774 598 1016 668 martyrii
1051 612 1311 652 coronam
1349 604 1687 652 consecutus
1725 605 1832 661 est;
1867 591 1958 647 alii
1987 606 2119 645 vero

519 689 804 760 apostolici
842 688 943 742 viri
978 688 1256 750 exstitere,
1309 687 1666 756 moribusque
1717 703 1782 742 ac
1825 687 1933 740 vita
1980 683 2120 738 miro

519 783 815 853 splendore
835 781 1114 835 eli‘ulsere.
1149 779 1206 833 Si
1235 780 1368 849 quid
1402 789 1590 835 tamen
1617 777 1867 834 veritatis
1899 775 2120 830 tramite

521 890 618 946 per
657 874 1050 946 negligentiam
1097 873 1302 943 aliquid
1337 872 1712 936 offenderunt,
1751 880 1846 925 aut
1893 869 2122 923 aberra-

518 977 668 1028 runt.
700 978 761 1022 ut
808 967 1078 1022 adversus
1119 981 1471 1020 communem
1515 964 1776 1020 Ecclesiae
1811 963 2118 1018 doctrinam

515 1061 794 1132 quidpiam
823 1059 1200 1130 loquerentur,
1221 1059 1276 1113 in
1307 1059 1392 1113 his
1417 1059 1536 1112 illos
1561 1058 1788 1112 minime
1812 1055 2114 1124 sequimur,

515 1170 619 1209 nec
652 1171 715 1208 ea
752 1163 934 1208 tamen
966 1153 1177 1208 ratione
1231 1153 1402 1206 ullum
1449 1166 1640 1206 eorum
1694 1148 1869 1204 Patris
1908 1147 2119 1202 honore

513 1257 679 1318 atque
708 1247 878 1318 gloria
905 1246 1248 1301 abdicamus.

588 1339 757 1394 XXII.
803 1337 1029 1393 Deficiet
1054 1351 1143 1392 me
1171 1335 1291 1391 dies
1325 1341 1740 1406 percensentem
1766 1331 1934 1396 viros,
1978 1345 2118 1401 quos

512 1431 738 1488 Patrum
786 1429 1008 1501 quidem
1074 1431 1288 1484 honore
1343 1429 1716 1489 honestamus,
1779 1439 1881 1480 nec
1934 1434 2116 1479 tamen

511 1524 641 1590 illis,
676 1523 733 1578 in
770 1523 970 1592 quibus
1005 1537 1037 1577 a
1088 1521 1317 1576 veritate
1360 1520 1668 1583 deviarunt,
1710 1515 2112 1572 auscultamus.

513 1617 610 1674 Sic
661 1616 847 1686 itaque
888 1612 1102 1669 etiamsi
1145 1612 1239 1683 qui
1289 1621 1488 1682 praeter
1538 1607 1876 1664 Dominicam
1924 1619 2118 1660 vocem

413 1698 428 1714 ⁸
508 1717 739 1764 cunctos
762 1708 1053 1763 docentem
1082 1704 1345 1778 mysteria
1370 1703 1570 1758 dixisse
1593 1701 1908 1766 videantur,
1936 1697 2112 1769 Spiri-

519 1813 634 1857 tum
666 1817 696 1856 a
730 1801 868 1856 Filio
901 1799 1232 1869 procedere;
1265 1799 1567 1852 novitatem
1601 1794 1857 1864 quidem,
1890 1804 1950 1847 ut
1993 1807 2117 1862 quae

2225 589 2538 659 ραπόλεως·
2594 589 2687 642 τδν
2749 588 2870 660 μὲν,
2928 589 3024 644 τοῦ
3077 593 3375 666 μαρτυρίου
3418 597 3502 652 τὸν
3528 602 3742 673 στέφανον

2224 682 2665 753 ἁναδησάμενονδ
2703 683 2829 746 τοὺς
2854 682 2932 747 δὲ,
2963 684 3163 756 ἄνδρας
3200 685 3357 751 ὄντας
3394 690 3740 764 ἀποστολικοὺς,

2223 775 2317 828 καὶ
2361 777 2474 837 τοῖς
2525 774 2620 828 τοῦ
2663 774 2779 845 βίου
2830 776 3055 846 τρόποις
3109 777 3170 830 τὺ
3202 777 3492 850 θαυμάσιον
3532 787 3742 862 ἐξαστρά.

2222 883 2475 930 πτοντας.
2518 867 2660 920 Ἀλλ’
2686 864 2803 933 οὖν,
2845 869 2900 922 εἴ
2927 867 2979 922 τί
3006 886 3072 939 γε
3101 870 3202 940 τῆς
3229 871 3476 942 ἀληθείας
3509 877 3744 952 diti-(dim.

2223 977 2342 1022 σαν,
2372 960 2466 1014 καὶ
2498 961 2930 1032 παρηνέχθησαν
2960 962 3300 1032 φθέγξασθαι
3347 967 3648 1037 ἀπεναντίας
3671 977 3746 1028 τοῦ

2223 1048 2404 1102 κοινοῦ
2438 1051 2533 1103 καὶ
2559 1050 3026 1122 ὲκκλησιαστικοῦ
3049 1053 3342 1126 δόγματος,
3372 1059 3426 1110 ὲν
3451 1059 3634 1127 τούτοις
3672 1067 3749 1136 μὲν

2220 1141 2318 1211 οὺχ
2345 1141 2622 1210 ἑπόμεθα·
2663 1142 2764 1213 τῆς
2791 1145 3071 1216 πατρικῆς
3114 1147 3173 1200 δὲ
3204 1149 3366 1219 τιμῆς
3389 1153 3479 1203 καὶ
3499 1152 3640 1225 δόξης
3681 1160 3752 1212 οὗ.

2224 1231 2422 1301 μενοῦν
2448 1232 2601 1286 οὐδὲν
2626 1233 2812 1288 αὐτῶν
2835 1238 3267 1308 περικόπτομεν.

2293 1324 2423 1380 KB’.
2470 1325 2775 1395 Ἐπιλείψει
2807 1343 2877 1396 με
2917 1329 2952 1398 ἡ
2976 1330 3164 1398 ἡμέρα
3189 1331 3315 1386 τοὺς.⁵
3342 1331 3530 1402 ἄνδρας
3558 1334 3750 1408 ἀπαριη-

2223 1415 2516 1486 μούμενον,
2557 1417 2652 1481 οὓς
2684 1421 2751 1489 τῇ
2781 1419 2889 1488 μὲν
2920 1419 3030 1473 τῶν
3067 1421 3330 1492 Πατέρων
3373 1426 3499 1494 τιμῇ
3543 1427 3750 1494 σεμνύνο-

2223 1525 2323 1578 μεν
2343 1524 2356 1537 ο
2397 1509 2455 1562 ὲν
2482 1506 2564 1574 οἷς
2585 1511 2643 1564 δὲ
2673 1511 2774 1581 τῆς
2804 1511 3067 1580 ἀληθείας
3109 1514 3548 1583 παρηνέχθησαν,
3599 1518 3651 1570 οὐ
3679 1537 3748 1588 μι-

2222 1599 2476 1671 μούμεθα
2502 1619 2516 1633 ’
2541 1601 2684 1656 οὕτω
2713 1603 2845 1672 γοῦν
2874 1605 2968 1658 καὶ
2992 1603 3048 1657 εἴ
3066 1622 3212 1668 τινες
3255 1609 3471 1673 φανεῖεν
3519 1610 3649 1680 παρὰ
3675 1612 3748 1680 τὴν

2218 1692 2558 1762 Δεσποτικὴν
2580 1696 2766 1767 φωνὴν
2786 1695 2887 1767 τὴν
2918 1695 3128 1759 πάντας
3151 1697 3297 1766 ἡμᾶς
3323 1700 3746 1768 μυσταγωγοῦσαν,

2218 1786 2278 1836 τὸ
2313 1785 2536 1856 Πνεῦμα
2577 1788 2822 1849 εἰπόντες
2846 1789 2912 1840 ἐκ
2939 1787 3033 1840 τοῦ
3065 1788 3192 1841 Υίοῦ
3222 1789 3634 1860 ἐκπορεύεσθαι·
3679 1794 3747 1863 τὴν

517 1891 856 1947 Dominicam
918 1897 1241 1958 corrumpat
1282 1902 1473 1944 vocem
1521 1885 1750 1955 ejusque
1793 1880 2094 1954 depravatii

2221 1876 2321 1944 μὲν
2351 1876 2728 1946 καινοτομίαν,
2755 1877 2831 1940 ὡς
2860 1877 2961 1947 τὴν
2999 1878 3339 1948 Δεσποτικὴν
3364 1858 3550 1948 Ἵφωνὴν
3596 1858 3746 1951 inﬁtiti-

515 1983 765 2048 exsistat,
823 1996 1188 2046 aversamur;
1245 1979 1390 2034 illius
1435 1989 1617 2032 tamen
1661 1983 1968 2046 parentem,
2019 1971 2114 2043 qui

507 2075 745 2130 maxime
793 2074 971 2138 sileat,
1026 2087 1131 2127 nec
1171 2085 1328 2125 suam
1379 2085 1619 2140 praesens
1671 2082 1895 2122 causam
1949 2081 2112 2138 agere

509 2164 680 2234 possit
708 2173 802 2217 aut
830 2162 1222 2225 contradicere,
1241 2173 1583 2230 nequaquam
1603 2157 1945 2211 damnamus.
1970 2155 2110 2211 Cum

504 2255 650 2308 etiim
681 2255 774 2323 qui
819 2253 1072 2308 humanis
1110 2252 1277 2306 rebus
1327 2250 1667 2306 substractns
1715 2257 1819 2311 est,
1860 2263 1970 2302 non
2003 2249 2106 2310 sit.

507 2363 609 2402 nec
635 2348 757 2417 ipse
794 2363 890 2418 per
911 2362 990 2412 se,
1021 2361 1124 2401 nec
1151 2362 1250 2416 per
1269 2345 1406 2400 alios
1435 2345 1528 2414 qui
1557 2345 1678 2414 ejus
1709 2344 1894 2399 tuendi
1919 2354 2104 2414 partes

505 2453 815 2508 munusque
845 2437 1214 2510 susceperint,
1246 2436 1432 2492 nullus
1457 2436 1680 2506 quidem
1708 2419 1858 2492 sane:
1898 2436 2108 2493 mentis

507 2542 757 2587 actorem
792 2531 847 2586 in
875 2547 1002 2587 eum
1031 2545 1194 2602 agere
1216 2530 1370 2585 velit.
1395 2528 1556 2585 Nullo
1583 2543 1714 2584 vero
1734 2537 1980 2594 auctore,
2004 2544 2108 2585 nec

505 2625 780 2680 sententia
810 2624 918 2679 erit
945 2623 1190 2680 damnati
1221 2622 1488 2678 criminis.
1525 2622 1685 2676 Nulla
1719 2632 1904 2677 autem
1944 2623 2102 2678 dam-

509 2717 748 2771 nationis
789 2717 1090 2782 sententia,
1143 2715 1238 2786 qui
1279 2730 1405 2770 cum
1456 2715 1736 2770 incessere
1779 2715 1979 2770 audeat
2011 2715 2101 2785 qui

510 2810 611 2865 hos
637 2825 832 2864 omnes
861 2824 1022 2864 casus
1063 2807 1396 2870 excesserit,
1443 2823 1554 2861 non
1596 2807 1766 2877 magis
1821 2807 1875 2861 in
1923 2805 2099 2870 illum,

512 2914 678 2970 quam
715 2899 767 2952 in
804 2907 968 2968 caput
997 2898 1113 2968 ipse
1139 2912 1298 2952 suum
1331 2897 1715 2952 contumeliam
1748 2899 1933 2953 vertit.

581 2992 772 3046 XXII.
817 2991 1043 3058 Verum,
1069 2991 1246 3054 aiunt,
1277 2991 1535 3046 dixerunt
1560 2989 1748 3045 Patres
1774 2989 2038 3061 Spiritum
2071 3005 2101 3044 a

513 3084 649 3139 Filio
675 3082 1008 3155 procedere?
1039 3083 1110 3138 At
1145 3082 1307 3153 pauci
1338 3097 1569 3137 numero
1598 3097 1611 3135 :
1638 3082 1821 3151 plures
1851 3096 1983 3137 vero
2012 3081 2101 3137 di-

508 3192 633 3232 cere
699 3191 808 3230 nou
858 3175 1286 3230 sustinuerunt:
1334 3173 1592 3230 dixerunt
1641 3172 1835 3230 Patres
1867 3189 2098 3245 quorum

509 3271 668 3326 facile
699 3283 991 3324 numerum
1041 3268 1196 3323 ineas
1225 3290 1235 3322 :
1266 3267 1470 3322 etenim
1508 3277 1825 3322 sanctarum
1866 3267 2101 3339 synodo-

507 3378 630 3418 rum
657 3363 876 3418 decreta
899 3377 994 3416 eos
1023 3369 1379 3431 respuerunt,
1408 3359 1501 3430 qui
1529 3368 1732 3429 praeter
1755 3357 2098 3415 Dominicam

508 3469 699 3509 vocem
722 3451 890 3508 locuti
911 3460 1116 3507 essent.
1155 3451 1420 3505 Dixerunt
1447 3450 1664 3515 Patres;
1699 3453 1796 3504 sed
1815 3451 1945 3520 quid
1964 3463 2104 3519 opus

509 3547 578 3601 de
606 3547 822 3600 illorum
850 3559 1100 3608 numero,
1134 3543 1224 3614 qui
1251 3543 1531 3607 dixerunt,
1565 3543 1768 3596 anxius
1792 3558 2106 3597 sermonem

508 3637 773 3692 trahere?
806 3636 916 3692 Nec
955 3636 1000 3691 si
1045 3645 1296 3691 creatura
1355 3635 1610 3689 universa
1651 3649 1813 3687 unam
1864 3634 2105 3688 misisset

505 3749 717 3800 vocem,
758 3749 922 3788 nemo
967 3742 1146 3787 tamen
1177 3730 1488 3785 Conditoris
1525 3745 1586 3785 ac
1632 3728 1856 3798 Opiﬁcis
1913 3727 2103 3782 relicta

2218 1966 2482 2020 λεύουσαν
2507 1970 2602 2022 καὶ
2630 1969 3189 2039 παραχαράσσουσαν,
3210 1973 3746 2042 ἀποπρεφόμεθαοιεὺν

2214 2059 2426 2130 πατέρα
2454 2061 2511 2114 δὲ
2535 2059 2732 2130 αὐτῆς,
2761 2065 3003 2130 σιγῶντα
3032 2063 3272 2133 μάλιστα
3305 2067 3400 2117 καὶ
3435 2065 3505 2134 μὴ
3530 2067 3742 2136 παρόντα,

2216 2153 2339 2222 μηδ’
2371 2154 2751 2222 ἀντιλέγοντα,
2789 2156 3056 2225 οὐμενοῦν
3097 2157 3160 2210 οὑ
3209 2157 3643 2228 καταδικάζομεν.
3668 2161 3742 2212 Τοῦ

2211 2245 2318 2313 γὰρ
2348 2245 2640 2313 φεύγοντος
2675 2247 3104 2317 ι16)οὐκδντος,
3139 2248 3266 2302 οὔτε
3317 2249 3386 2302 δι’
3425 2249 3624 2315 ἑαυτοῦ,
3653 2249 3740 2303 οὔτε

2209 2331 2369 2389 δι’ὦν
2396 2337 2538 2408 ὑπὲρ
2571 2337 2740 2392 αὑτοῦ
2795 2339 2976 2408 λέγειν
3020 2339 3455 2411 προχειρίζεται,
3503 2342 3657 2405 οὐδεὶς
3697 2345 3739 2396 ἂν

2208 2430 2292 2500 εἴη
2315 2428 2440 2484 νοῦν
2462 2430 2600 2500 ἔχων
2639 2432 2968 2502 κατήγορος.
3011 2432 3373 2503 Κατηγορίας
3403 2432 3458 2488 δὲ
3483 2434 3574 2487 οὐκ
3597 2434 3738 2504 οὔσης,

2206 2522 2330 2576 οὐδὲ
2374 2523 2554 2593 ψῆφος
2602 2523 2934 2595 προέρχεται
2964 2524 3060 2578 τοῦ
3111 2527 3494 2597 ἐγκλήματος·
3525 2528 3737 2598 ψήφουδὲ

2208 2611 2684 2685 καταδικαζούσης
2711 2613 2786 2686 μὴ
2810 2613 3086 2687 δοθείσης,
3130 2617 3160 2670 ὁ
3191 2617 3410 2686 τολμῶν
3437 2615 3653 2687 ὑϐρίζειν
3674 2617 3736 2670 τὸν

2206 2706 2312 2773 ἔξω
2333 2705 2540 2760 τούτων
2573 2706 2896 2761 καθεστῶτα
2916 2710 3139 2764 πάντων
3168 2711 3282 2764 τῶν
3311 2712 3669 2781 περιστάσεων,
3690 2714 3734 2763 οὐ

2207 2797 2326 2850 κατ’
2359 2798 2571 2851 ἐκείνου
2605 2797 2828 2869 μᾶλλον,
2876 2799 2910 2869 ἢ
2943 2801 3068 2855 καθ’
3114 2801 3314 2856 ἑαυτοῦ
3339 2803 3634 2874 περιτρέπει
3666 2804 3733 2854 τίν

2203 2890 2426 2944 ὀνειδον.

2275 2981 2404 3037 Kl".
2453 2983 2593 3036 Ἀλλ’
2645 2981 2824 3045 εἷπον,
2882 2985 3041 3052 φασὶ,
3079 2985 3334 3055 Πατέρες
3386 2986 3450 3039 τὸ
3477 2987 3668 3055 Πνεῦμα
3691 2986 3736 3036 ἐκ

2203 3075 2302 3129 τοῦ
2342 3076 2472 3130 Υἰοῦ
2517 3075 2954 3150 ἐκπορεύεσθαι;
2983 3077 3150 3132 Ἀλλὰ
3183 3078 3413 3150 βραχεῖς
3432 3079 3506 3151 τῷ
3540 3079 3734 3150 ἀριθμῷ·

2204 3168 2320 3221 ἀλλ’
2355 3169 2404 3222 οἱ
2441 3168 2664 3232 πλείους
2695 3171 2872 3223 εἰπεῖν
2906 3169 3006 3223 οὑκ
3035 3171 3354 3241 ἠνέσχοντο.
3402 3169 3558 3226 Εἶπον
3597 3173 3736 3239 εὐαρί-

2203 3261 2400 3333 θμητοι
2424 3263 2688 3334 Πατέρες,
2707 3262 2844 3316 ἀλλὰ
2862 3263 3094 3316 συνόδων
3115 3265 3293 3332 ἁγίων
3308 3265 3630 3338 ψηφίσματα,
3644 3265 3734 3327 τοὺς

2201 3353 2349 3424 παρὰ
2380 3353 2479 3424 τὴν
2507 3355 2850 3427 Δεσποτικὴν
2879 3354 3068 3425 φωνὴν
3094 3356 3360 3421 εἰπόντας
3380 3399 3396 3424 ,
3437 3358 3733 3424 ἀποπέμπονο

2199 3463 2310 3499 ται.
2345 3440 2514 3500 Εἷπον
2545 3446 2814 3514 Πατέρες,
2844 3447 2982 3507 ἀλλὰ
3009 3447 3062 3501 τί
3092 3465 3161 3518 με
3193 3447 3282 3502 δεῖ
3305 3450 3626 3522 μικρολογεῖν
3639 3450 3732 3514 περὶ

2201 3541 2292 3594 τὸν
2322 3540 2557 3611 ἀριθμὸν
2585 3541 2694 3594 τῶν
2716 3541 3016 3607 εἰπόντωνς
3051 3543 3176 3596 Οὐδ’
3202 3542 3274 3597 ἂν
3318 3545 3366 3614 ἡ.
3386 3543 3554 3608 κτίσις
3596 3542 3729 3612 ἀφῆκε

2203 3635 2352 3686 πᾶσα
2383 3633 2518 3702 μίαν
2548 3632 2755 3704 φωνὴν,
2797 3633 3065 3703 οὐμενοῦν
3093 3634 3276 3700 οὐδεὶς
3304 3634 3400 3690 τοῦ
3432 3637 3642 3690 κτίστου
3665 3636 3728 3688 in).

2203 3724 2551 3798 Δημιουργοῦ
2607 3726 2930 3779 καταλιπὼν
2985 3726 3090 3797 τὴν
3123 3728 3539 3797 μυσταγωγίαν,
3586 3727 3664 3780 καὶ
3683 3733 3728 3775 τά

1915 3955 1926 3966 _
2027 3885 2262 3942 norm.

576 4043 689 4118 (16)
730 4041 842 4098 Τοῦ
859 4042 982 4118 ,γὰρ
1017 4042 1368 4118 φεύγοντος.
1405 4039 1596 4118 Reddo
1630 4057 1693 4118 ac
1719 4040 1765 4096 si
1798 4049 1946 4097 esset
1979 4057 2086 4108 φυ-

503 4111 713 4186 γόντος·
767 4122 828 4186 ut
858 4111 956 4186 ita_
971 4111 1148 4186 meet.
1187 4111 1278 4186 qui
1315 4111 1570 4165 humanis
1603 4112 1768 4165 rebus
1798 4121 2087 4186 exemptus

503 4181 611 4240 est.
657 4182 872 4238 Metius.
918 4181 1143 4248 Quando
1192 4181 1331 4235 enim
1375 4198 1495 4234 reus
1539 4198 1645 4235 non
1678 4191 1774 4244 est,
1816 4182 1906 4250 qui
1945 4184 2087 4236 forte

503 4256 668 4310 aliam
720 4269 907 4308 vocem
965 4253 1172 4306 habuit.
1199 4251 1363 4306 Ludit
1407 4269 1538 4307 vero
1581 4252 1697 4306 istis
1743 4251 1972 4308 Pholius
2023 4267 2088 4306 ac

505 4326 704 4390 illudit,
737 4323 892 4393 quasi
919 4323 992 4376 illi
1023 4323 1278 4378 deessent
1308 4324 1553 4392 exempla
1589 4337 1801 4393 eorum,
1835 4322 1925 4390 qui
1949 4323 2086 4393 vivis

507 4392 771 4465 exemde
826 4393 1098 4465 haereseos
1137 4393 1391 4465 damnati
1434 4392 1734 4465 sunt,_hubi
1778 4392 2085 4462 praesertim

506 4463 725 4521 illorum
758 4463 982 4517 hazresis
1007 4477 1227 4532 serpere
1253 4463 1560 4527 videbatur,
1599 4463 1925 4532 illorumque
1953 4477 2083 4517 auc-

509 4536 727 4590 toritate
758 4533 952 4604 fulciti.
991 4532 1082 4586 Sic
1113 4533 1165 4585 in
1219 4550 1250 4585 v
1288 4535 1481 4604 synod.
1511 4534 1751 4604 damnati
1795 4533 2079 4604 Origenes,

504 4605 825 4661 Theodorus
885 4599 1154 4672 Mopsuct.
1201 4599 1536 4673 etcftotque
1581 4603 1671 4657 alii
1717 4599 1974 4671 deinceps
2027 4603 2083 4656 in

501 4693 576 4758 vt_.
605 4673 849 4756 primarii
883 4674 1097 4758 ordinis
1123 4673 1222 4755 viri
1268 4675 1559 4758 magnique
1583 4674 1875 4758 antistites.
1907 4679 2086 4754 Atque

503 4743 642 4802 adeo
690 4745 735 4800 si
779 4759 906 4799 vere
939 4753 1102 4813 caput
1141 4745 1240 4812 τῆς
1275 4743 1554 4812 θεολογίας
1584 4753 1721 4807 erat,
1754 4743 1942 4813 sicque
1979 4743 2084 4798 im-

503 4817 672 4886 probe
704 4815 966 4869 adversus
1000 4811 1170 4884 ipsam
1201 4811 1548 4870 DominiCam
1585 4830 1772 4869 vocem
1814 4811 1865 4868 iii
1893 4811 2085 4868 Patres

507 4889 562 4941 in
588 4901 654 4939 eo
691 4896 1037 4956 erraverunt,
1075 4886 1272 4939 merito
1313 4886 1694 4956 compescendi
1738 4893 1896 4940 erant
1935 4903 1949 4938 :
1982 4899 2081 4956 pa-

503 4957 690 5028 risque
718 4955 938 5028 sceleris
965 4955 1044 5009 rei
1076 4956 1420 5017 videbantur,
1439 4955 1545 5028 :qui
1581 4955 1666 5010 vel
1691 4956 1746 5008 in
1777 4957 1857 5028 eis
1880 5024 1890 5028 _
1910 4955 2079 5028 velin

504 5024 956 5092 eoru'tnscriptis
1011 5034 1157 5079 tanta
1213 5024 1560 5081 successione
1601 5041 1716 5080 rem
1763 5024 2080 5080 dissimulan

507 5103 655 5175 runt.
701 5091 807 5146 Sed
835 5095 975 5175 nulla
1016 5095 1286 5175 ejusmodi
1315 5097 1538 5175 querela
1564 5105 1697 5175 erat.
1731 5095 2076 5175 donecPho-

509 5163 639 5225 tius,
688 5177 806 5234 eam
838 5163 1210 5234 _disceSSionis
1263 5163 1609 5222 occasionem
1669 5168 1816 5230 l'ecit,
1876 5165 2077 5234 illoque

505 5235 657 5311 pejor
683 5229 1020 5311 _Qerularius.
1054 5234 1220 5306 Urget
1257 5237 1360 5311 hoc
1392 5244 1772 5308 argumentum
1804 5229 2077 5311 Georgius

506 5302 794 5358 Mclochila
837 5315 904 5376 9x
945 5318 1095 5372 papa;
1122 5302 1398 5376 synodica,
1430 5302 1498 5363 de
1517 5324 1623 5376 qua
1655 5307 1934 5361 consultus
1961 5302 2076 5359 Ma-

506 5376 682 5428 ximus
715 5372 1024 5448 confessor,
1072 5372 1443 5448 addiarinum
1473 5372 1849 5448 presbyterum
1887 5376 2069 5448 Cypri.

504 5443 861 5522 exposuitque
898 5456 1119 5522 sensum
1151 5443 1612 5522 illius__nihil'tidei
1632 5443 2072 5522 :adversumfaut

504 5530 534 5569 a
556 5515 865 5586 Gragcorum
899 5515 1016 5580 ipso
1042 5529 1229 5586 sensu,
1259 5517 1415 5572 aliter
1437 5516 1598 5586 quam
1631 5519 1684 5571 in
1707 5517 1876 5586 modo
1895 5517 2066 5586 signi-

505 5584 723 5642 ﬁcandi,
755 5583 1050 5635 diversum.
1085 5583 1204 5638 Jam
1241 5595 1352 5640 tum
1393 5583 1520 5652 ergo
1551 5589 1790 5643 Ecclesia
1813 5583 2068 5642 CPlitana

505 5655 760 5727 Ecclesia:
808 5653 1065 5727 Romana:
1101 5657 1541 5727 communionem
1591 5674 1696 5712 non
1751 5659 2065 5727 respuebat,

501 5739 625 5775 cum
663 5724 760 5794 illa
811 5739 876 5773 cx
927 5722 1062 5776 Filio
1112 5724 1373 5793 Spiritum
1429 5728 1791 5794 proﬁteretur.
1843 5722 1951 5782 non
1997 5722 2060 5781 ei

503 5794 620 5844 Solo
663 5792 842 5850 Patre,
889 5792 1164 5863 unumque
1189 5798 1379 5848 ambos
1409 5792 1735 5864 Spiratorcm
1765 5809 1818 5852 et
1844 5815 2060 5853 causam

504 5878 601 5914 seu
642 5871 918 5915 auctorem
973 5867 1206 5933 Spiritus
1253 5872 1603 5936 agnosceret:
1655 5871 1752 5927 sed
1795 5884 1898 5936 qua
1946 5872 2059 5940 ipsa

2193 4042 2544 4114 confessione
2590 4058 2655 4114 ac
2696 4041 2922 4098 Maximi
2947 4042 3213 4114 ejusdem
3271 4042 3586 4114 auctoritate
3625 4039 3722 4094 facta

2197 4114 2329 4166 unio
2373 4112 2663 4170 Florentiae
2707 4122 2826 4168 est:
2868 4113 2958 4168 cui
2996 4112 3209 4168 utinam
3253 4113 3581 4168 zizaniorum
3618 4123 3718 4164 sator

2193 4199 2492 4254 paucorum
2541 4183 2849 4254 pervicacia
2893 4199 3005 4237 non
3051 4183 3382 4240 obstitisset.
3426 4183 3492 4239 Et
3531 4180 3718 4254 quainris

2196 4251 2307 4308 non
2359 4251 2561 4310 desint
2599 4270 2669 4310 ex
2721 4254 3041 4317 modernis,
3103 4255 3271 4309 etiam
3325 4254 3429 4310 viri
3481 4251 3712 4308 catholici.

2193 4324 2392 4394 quibus
2443 4340 2553 4380 non
2601 4325 2854 4380 videatur
2902 4324 3018 4379 haec
3068 4325 3303 4394 epistola
3353 4317 3474 4380 esse
3527 4320 3714 4394 Maximi.

2193 4391 2336 4464 quod
2394 4410 2686 4464 nusquam.
2717 4396 2924 4464 integra
2975 4391 3172 4460 exs1et,
3232 4405 3329 4450 aut
3377 4396 3517 4450 inter
3561 4391 3716 4458 reliqua

2193 4464 2314 4532 ejus
2367 4466 2665 4533 opuscula,
2715 4466 2903 4520 sedqu
2951 4466 3083 4519 satis
3141 4465 3396 4534 pluribus
3458 4465 3714 4534 Graecorum

2190 4531 2485 4606 Codicibus
2523 4535 2828 4606 descripta:
2874 4536 3044 4604 pluris
3091 4531 3276 4590 tainen
3315 4536 3447 4590 mihi
3482 4543 3560 4589 est
3589 4531 3713 4606 ﬂete

2191 4605 2352 4661 chitae
2380 4600 2724 4675 l’atrumque'
2742 4600 3178 4660 Florentinorum
3202 4607 3518 4665 auctoritas.
3542 4614 3591 4658 et
3611 4600 3712 4669 Quod

2190 4677 2260 4730 ita
2301 4675 2430 4748 olim
2468 4675 2677 4748 Graecis
2717 4676 2790 4731 sit
2829 4676 3036 4734 habita.
3071 4691 3174 4748 nec
3218 4679 3390 4748 stylus
3419 4676 3710 4731 abhorreat:

2187 4762 2291 4801 nec
2331 4746 2434 4801 alia
2466 4746 2635 4801 fuerit
2670 4761 2832 4800 causa
2871 4761 2971 4801 cur
2999 4746 3346 4802 desideretur
3380 4755 3508 4807 tota.
3537 4758 3626 4798 nec
3644 4754 3709 4792 ex-

2187 4825 2293 4888 stet
2335 4817 2390 4871 in
2434 4816 2716 4871 codicibus
2760 4816 3013 4888 Maximi,
3057 4833 3220 4888 quam
3267 4819 3413 4888 qnod
3454 4818 3580 4870 forte
3620 4825 3709 4880 pro-

2185 4886 2344 4942 lixior
2397 4895 2534 4950 erat,
2585 4895 2792 4957 utsunt
2831 4887 3016 4956 plures
3061 4886 3299 4941 Maximi
3325 4889 3575 4957 epistolaa,
3607 4897 3705 4950 prm-

2183 4957 2373 5011 sertim
2430 4956 2770 5028 dOgmaticaa,
2819 4966 2876 5011 et
2935 4958 3078 5026 quod
3140 4956 3707 5028 saepius’pluribusguc

2181 5022 2672 5096 exscriptumillud
2702 5022 3023 5097 excerptum
3045 5028 3114 5082 de
3141 5022 3490 5097 processione
3520 5022 3708 5097 Spiritu»

2179 5112 2247 5152 ex
2291 5097 2449 5152 Patre
2468 5105 2524 5150 et
2565 5097 2840 5166 Filio.pro
2861 5096 3177 5166 quaestionis
3205 5099 3538 5160 celebritate,
3569 5096 3706 5162 ipsum
3805 5131 3807 5141 ι

2178 5168 2358 5222 visum
2422 5174 2504 5221 est
2558 5165 3188 5241 sullicerequomodo
3244 5168 3502 5238 pleraque
3556 5171 3705 5241 auctir
3803 5167 3805 5241 ι

2177 5251 2299 5292 rum
2340 5245 2694 5308 monumenta
2729 5234 3134 5308 desiderantur,
3163 5234 3397 5308 quorum
3417 5234 3707 5308 quandoque

2176 5308 2324 5363 edita
2352 5316 2482 5362 sunt
2509 5307 2704 5362 electa.
2732 5308 2960 5362 Accedit
2985 5307 3118 5362 alias
3139 5302 3276 5364 alios
3299 5302 3508 5362 Maximi
3529 5302 3706 5360 codices

2175 5377 2380 5450 habere
2403 5377 2699 5450 epistolas:
2729 5377 2865 5432 alias
2892 5378 3092 5450 regios.
3121 5378 3258 5434 alias
3287 5379 3576 5450 vaticanos,
3601 5371 3707 5426 alias

2173 5445 2546 5510 Florentinos,
2597 5456 2794 5517 praeter
2839 5445 3130 5517 easfquas
3169 5464 3360 5504 eorum
3395 5445 3701 5517 aliquiwcoin-

2172 5533 2368 5573 munes
2399 5510 2635 5573 habent:
2667 5519 2866 5587 quibus
2901 5510 3158 5574 omnibus
3183 5519 3344 5575 ditari
3370 5510 3523 5574 veliin
3551 5510 3692 5568 Eccle-

2171 5590 2347 5660 siam;
2390 5590 2644 5660 pigetque
2674 5598 2828 5644 tanto
2865 5588 3049 5644 labore
3092 5593 3371 5660 quaesitas,
3415 5595 3690 5651 tantumque

2170 5659 2224 5712 in
2257 5675 2372 5713 rem
2402 5659 2836 5714 Ecclesiasticam
2877 5659 3150 5715 commodi
3189 5661 3446 5714 allaturas
3481 5667 3527 5712 et
3561 5666 3690 5708 oma-

2170 5729 2396 5802 menti,
2427 5729 2657 5802 necdum
2710 5731 2930 5785 licuisse
2977 5731 3119 5799 juris
3168 5731 3367 5802 publici
3427 5731 3585 5802 facere
3621 5735 3693 5790 per

2169 5799 2431 5868 temporis
2465 5799 2746 5868 injuriam,
2779 5798 3078 5869 eorumque
3115 5798 3388 5856 fastidium
3426 5799 3511 5868 qui
3543 5798 3696 5865 ξιιγωῖ

2166 5887 2326 5939 opera
2360 5880 2630 5940 poterant.
3102 5881 3116 5894 '
3789 5907 3791 5945 Ι
