3930 6466
236 484 328 545 817

1390 458 1945 549 ΙξΡιδΤΟιΑΒυΜ
1970 488 2206 548 LIBER
2248 490 2296 548 ι.

3386 483 3496 546 818

230 597 538 665 διδάγματα,
573 597 636 664 τῇ
694 596 1173 669 ἁντιφϐεγγομὲνῃ
1235 600 1411 653 κτίσει
1452 601 1532 673 τῷ
1588 601 1798 670 Κτίστῃ

1913 599 2205 653 sacratiore
2236 599 2485 654 doctrina
2515 614 2578 653 ac
2610 596 2939 663 initiatione,
2973 606 3238 652 creatura:
3265 597 3494 655 adversa

230 688 544 760 προσέθετοο
583 689 692 741 οὐδ’
715 690 961 760 ὑπέκυψε
994 692 1183 762 νόμοις
1217 691 1317 762 τῆς
1367 694 1631 763 κτίσεως,
1667 696 1797 757 τοὺς

229 781 315 834 τοῦ
351 780 583 834 κτίστου
604 782 701 836 καὶ
726 783 1075 855 Δημιουργοῦ
1120 783 1323 856 νόμους
1366 786 1799 857 παραγραφόμε-

226 892 327 936 νος.

290 966 412 1019 KA'.
442 964 692 1035 Πατέρας
716 966 901 1036 ζητεῖς
933 970 1272 1041 συνηγόρους
1311 972 1388 1042 τῷ
1442 972 1792 1043 φρονήματις

223 1056 308 1108 τὸν
333 1055 611 1126 Δεσπότην
668 1057 832 1111 αὐτὸν
882 1057 1062 1129 ἔχεις’
1097 1060 1206 1115 τῶν
1242 1064 1640 1133 οἰκουμενικῶν
1670 1082 1798 1118 συν-

223 1147 349 1200 όδων
374 1146 473 1208 τὰς
493 1145 736 1218 ψήφουςο
772 1150 933 1220 χορὸν
960 1151 1236 1221 Θεοφόρων
1265 1152 1528 1225 Πατέρων
1561 1155 1797 1227 ἀριθμοῦ

220 1235 500 1308 κρείττονα
525 1255 539 1269 ·
572 1239 631 1306 ἐξ
660 1232 734 1293 ὧν
762 1242 875 1311 (17)
908 1244 999 1295 καὶ
1027 1243 1077 1296 οἱ
1109 1244 1426 1316 λελεγμένοι
1458 1246 1667 1300 ἄνωθεν
1698 1249 1798 1320 τῆς

233 1327 445 1399 Ῥώμης
476 1331 755 1403 ἀρχιερεῖς
787 1335 1195 1407 ἐκδιδαχθέντες
1215 1379 1228 1401 ,
1266 1340 1358 1392 καὶ
1402 1338 1492 1393 διὰ
1520 1339 1615 1393 τοῦ
1646 1343 1802 1394 ἐκτε-

219 1422 465 1493 θειμὶνου
499 1422 600 1492 τῆς
626 1427 864 1488 πίστεως
902 1427 1058 1494 ἁγίου
1112 1428 1435 1500 μαθήματος
1465 1432 1532 1502 τῇ
1572 1430 1798 1502 Τριαδι-

218 1516 315 1584 κῆς
342 1514 766 1586 δμοουσιότητος
802 1518 1271 1591 ἁπαραχάρακτον
1300 1520 1361 1574 τὸ
1397 1521 1574 1593 δόγμα
1604 1539 1800 1594 παρει-

215 1605 463 1674 ληφότες,
500 1608 615 1669 τοῖς
648 1608 789 1661 κατὰ
816 1609 914 1680 τὴν
946 1610 1098 1665 δύσιν
1143 1614 1328 1666 πᾶσαν
1380 1613 1801 1685 παραδεδώκασι

218 1699 405 1769 μέρεσι
429 1715 445 1730 ο
472 1699 568 1751 καὶ
598 1699 659 1752 οὐ
688 1700 893 1769 μόνονὸ
917 1702 1062 1781 κατὰ
1084 1703 1184 1773 τὴν
1204 1705 1476 1776 τετάρτην
1501 1707 1597 1759 καὶ
1621 1709 1802 1760 οἰκου-

217 1788 443 1859 μενικὴν
477 1789 643 1858 ἁγίαν
674 1790 892 1844 σύνοδον
923 1793 1211 1864 ἐκλάμψας
1238 1796 1383 1867 ἱερὸς
1429 1796 1602 1864 Λέων,
1634 1798 1743 1851 οὐδ’
1774 1800 1803 1851 ὁ

212 1882 307 1952 τὴν
329 1882 621 1936 εὐσέϐειαν
654 1883 873 1954 ἐκείνῳ,
900 1884 1091 1958 ὥσπερ
1129 1888 1221 1941 καὶ
1252 1889 1312 1941 τὸ
1348 1889 1519 1960 ὄνομα
1550 1891 1800 1963 ἀπαράλ-

1901 690 2146 746 Creatori
2204 691 2487 761 loquenti,
2529 690 2772 744 animum
2815 688 3154 753 attenderet,
3197 700 3291 744 aut
3334 690 3471 745 Crea

1903 785 2038 839 toris
2079 800 2144 840 ac
2188 783 2414 855 Opiﬁcis
2451 781 2662 837 violatis
2711 782 2945 855 legibus.
2985 792 3250 838 creaturae
3282 783 3494 856 legibus

1900 888 1960 928 se
1995 875 2363 931 submitteret.

1973 966 2164 1023 XXIV.
2206 962 2396 1024 Patres
2422 969 2623 1039 quaeris
2654 975 2761 1024 tuae
2797 967 3086 1023 sententia:
3115 966 3389 1021 fautores?
3413 963 3498 1036 lp-

1901 1060 2023 1115 Lsum
2041 1058 2326 1115 Dominum
2347 1061 2538 1126 habes,
2554 1059 2945 1115 universalium
2960 1060 3286 1129 synodorum
3302 1060 3499 1115 sulIra-

1902 1154 2017 1225 gia;
2049 1154 2362 1209 divinorum
2407 1153 2629 1210 Patrum
2662 1155 2929 1219 chorum,
2980 1154 3069 1224 qui
3108 1164 3163 1208 et
3208 1170 3497 1209 numerum

1901 1246 2129 1301 excedat
2164 1264 2177 1300 :
2210 1263 2444 1317 quorum
2483 1248 2731 1303 doctrina
2778 1247 3017 1311 imbuti,
3064 1261 3202 1317 quos
3242 1246 3498 1317 superius

1902 1340 2199 1395 memoravi
2268 1340 2501 1396 Romani
2542 1340 2837 1403 antistites,
2880 1354 2944 1394 ac
2984 1352 3079 1408 per
3131 1338 3329 1393 editam
3375 1336 3501 1392 ﬁdei

1903 1442 2147 1487 sanctam
2184 1434 2450 1504 regulam,
2490 1434 2647 1488 trime
2687 1430 3269 1487 consubstantialitatis
3310 1431 3497 1484 incor-

1909 1531 2069 1593 rupta
2110 1534 2333 1594 accepta
2359 1524 2627 1587 doctrina,
2646 1526 2828 1579 cuncti
2860 1539 2958 1594 per
2978 1538 3168 1578 omnes
3184 1521 3497 1577 Occidentis

1905 1616 2092 1686 plagas
2125 1631 2245 1670 eam
2278 1617 2622 1671 tradiderunt
2652 1634 2666 1671 :
2700 1630 2801 1671 nec
2835 1615 3010 1670 solum
3048 1614 3157 1669 Leo
3192 1629 3367 1675 sacer,
3399 1614 3491 1683 qui

1904 1707 1963 1761 in
2012 1716 2205 1777 quarta
2245 1718 2302 1762 et
2352 1708 2692 1764 mcumenica
2748 1716 2934 1761 sancta
2990 1704 3196 1777 synodo
3262 1704 3499 1758 celebris

1908 1799 2028 1862 fuit,
2058 1800 2140 1855 vel
2180 1801 2225 1854 is
2254 1801 2419 1856 etiam
2450 1801 2545 1871 qui
2584 1804 2704 1872 pari
2731 1801 2808 1856 illi
2833 1800 3038 1871 pietate
3067 1842 3080 1864 ,
3113 1798 3304 1854 eodem
3339 1797 3503 1851 etiam

1908 1891 2131 1946 nomine
2176 1890 2358 1957 fulsit;
2390 1892 2747 1946 verumetiam
2788 1891 3060 1945 Adrianus
3091 1888 3207 1958 ille,
3234 1888 3325 1958 qui
3350 1900 3502 1940 eam-

212 1974 405 2036 λακτος
427 1989 441 2003 ο
477 1974 620 2028 ἀλλὰ
643 1978 738 2029 καὶ
773 1954 1286 2050 Ἀδριανὸς-ἐκεῖνος
1330 1981 1422 2034 τὸν
1443 1954 1628 2035 ἀὑτὸν
1671 1954 1799 2035 iitro-

1913 1982 2028 2038 dem
2079 1981 2435 2052 apostolicam
2475 1980 2661 2036 sedem
2693 1980 2862 2044 rexit,
2911 1978 2968 2032 in
2999 1977 3083 2033 his
3132 1989 3254 2046 quae
3282 1973 3349 2029 ad
3374 1987 3501 2028 san-

214 2064 461 2119 στολικδν
490 2066 740 2132 διιθύνας
768 2067 980 2141 θρόνον,
1018 2071 1074 2123 ἐν
1095 2065 1176 2133 οἷς
1216 2070 1351 2142 πρὸς
1376 2071 1466 2124 τὸν
1498 2071 1799 2141 ἁγιώτατον

210 2158 300 2211 καὶ
358 2157 793 2230 μακαριώτατον
850 2162 1125 2234 Ταράσιον
1152 2162 1241 2218 τὸν
1291 2163 1564 2235 ἡμέτερον
1591 2165 1798 2236 πατρό-

1907 2075 2213 2130 ctissimum
2230 2088 2293 2130 ac
2304 2073 2683 2130 beatissimum
2703 2074 2961 2142 majorem
2980 2079 3236 2142 patruum
3253 2074 3503 2123 nostrum

1908 2166 2195 2224 Tarasium
2240 2168 2553 2239 rescripsit,
2596 2176 2787 2238 aperte
2827 2181 2891 2221 ac
2947 2163 3241 2220 manifeste
3287 2161 3497 2218 sentire

1732 2389 1961 2445 ΝΟΤΑΞ.

276 2567 386 2639 (l7)
435 2566 544 2632 Ἐξ
566 2560 674 2639 ὧν,
702 2565 838 2621 Male
879 2567 1094 2639 Metius,
1136 2568 1376 2633 Quatuor
1401 2570 1623 2626 Romani
1659 2574 1799 2627 Pan-

209 2638 371 2708 tiﬁces'
414 2639 545 2693 inde
595 2638 786 2708 edocti,
828 2654 951 2691 cum
997 2638 1185 2694 Graeca
1238 2640 1448 2695 nullum
1504 2659 1795 2697 numerum

209 2707 611 2783 habeantused
634 2707 826 2783 solum
856 2708 1137 2783 indeﬁnite
1158 2751 1175 2783 ,_
1214 2712 1262 2763 οἱ
1288 2710 1496 2783 emes»
1531 2713 1797 2783 λελεγμέ-

207 2799 303 2847 vet,
332 2795 440 2834 nec
474 2777 719 2851 Photius
743 2779 985 2851 plurium
1014 2780 1325 2835 meminerit
1347 2798 1510 2850 quam
1538 2777 1796 2845 duorum.

210 2853 401 2925 Leonis
454 2850 627 2925 primi
669 2859 724 2903 et
766 2851 948 2925 tertii,
992 2866 1228 2925 quorum
1272 2852 1468 2905 iterum
1518 2864 1674 2925 urget
1702 2870 1800 2925 aue

207 2919 523 2994 ctoritateijn
562 2919 714 2994 :hoc
754 2920 931 2994 solum
978 2921 1120 2994 male
1165 2919 1612 2994 aggumentatus,
1654 2924 1801 2994 quod

204 3007 396 3046 eorum
439 2991 732 3062 silentium
786 2990 931 3044 illius
974 2991 1145 3062 vocis,
1191 2990 1449 3060 Filioque,
1489 2990 1801 3062 negationis

208 3063 477 3117 rationem
522 3061 727 3130 habere
760 3061 1076 3115 contendit:
1104 3076 1215 3130 quo
1251 3064 1443 3117 eodem
1483 3065 1618 3119 vitio
1658 3066 1801 3121 male

206 3140 425 3205 torquet
474 3129 972 3205 verbaDominica
994 3170 1010 3192 ,
1047 3129 1200 3205 παρὰ
1229 3133 1341 3205 τοῦῗ
1373 3134 1585 3205 Πατρὸς
1632 3137 1803 3189 ἐκπο-

210 3199 535 3273 ρευόμενον.
573 3200 675 3273 Qui
699 3199 920 3273 afatre
940 3203 1210 3268 procedit:
1243 3204 1417 3257 malus
1446 3199 1595 3259 certe
1644 3208 1801 3261 then-

1909 2591 1974 2629 ac
2026 2575 2173 2628 bono
2217 2589 2383 2627 sensu
2426 2574 2635 2635 valens,
2677 2574 2777 2627 sibi
2823 2571 2965 2640 quod
3002 2570 3202 2640 vellent
3241 2568 3504 2640 scribere,

1906 2645 2053 2697 nulla
2108 2643 2233 2697 inde
2276 2644 2642 2699 Ecclesiarum
2691 2638 2974 2697 scissione.
3013 2639 3286 2708 Mirorque
3324 2638 3503 2693 Pltotii

1905 2715 2151 2785 genium,
2192 2714 2286 2785 qui
2321 2714 2486 2769 tantis
2522 2722 2731 2785 urgeat.
2785 2713 2843 2785 36
2894 2713 2958 2764 ἐκ
2984 2710 3081 2785 τοῦ
3122 2710 3271 2785 Υὶοῢ,
3305 2709 3503 2785 adver-

1906 2779 2013 2839 sari
2041 2784 2156 2837 voci
2188 2779 2508 2848 Dominieze,
2547 2779 2812 2852 παρὰετοῦ
2832 2781 3083 2852 Πατρός,
3123 2779 3251 2852 quia
3279 2779 3505 2852 minime

1908 2857 2171 2925 scriptum
2212 2864 2331 2925 est;
2387 2870 2491 2925 nec
2542 2848 2788 2925 advertat
2831 2848 2973 2925 idem
3025 2848 3391 2925 urgeriposse
3445 2848 3503 2925 in

1904 2919 2036 2986 illo;
2088 2925 2175 2978 διὰ
2224 2924 2319 2977 τοῦ
2366 2924 2522 2989 Υἱοῦ,
2564 2924 2710 2992 quod
2753 2919 3370 2993 perindesvel'additio,
3418 2919 3503 2974 vel

1904 2995 2169 3065 expositio
2199 3005 2285 3065 est
2315 2996 2455 3063 ejus,
2507 2988 2651 3064 quod
2687 2988 2801 3064 ipsa
2836 3009 2948 3065 vox_
2983 2988 3261 3065 Dominica
3306 2990 3509 3065 virtute

1905 3059 2174 3121 continet.
2227 3064 2294 3136 Ut
2328 3059 2458 3136 ergo
2509 3059 2631 3136 pius
2658 3059 2722 3118 et‘
2753 3063 3093 3136 orthodoxus
3131 3059 3391 3136 Tal-asins
3425 3059 3504 3115 ita

1906 3136 2178 3195 scribens.
2215 3135 2293 3189 sic
2329 3131 2623 3194 et'Latini,
2660 3150 2770 3187 non
2808 3134 2966 3187 aliter
2994 3147 3154 3199 quam
3190 3131 3369 3200 phrasi
3392 3173 3404 3191 .
3442 3145 3508 3185 ac

1906 3205 2163 3275 loquendi
2187 3206 2348 3259 modo
2377 3222 2439 3259 ex
2467 3207 2734 3275 cujusque
2760 3203 2938 3275 gentis
2977 3202 3197 3275 proprio
3240 3200 3505 3275 idioinate

208 3270 380 3342 lngus,
448 3287 571 3356 nqn
628 3271 975 3356 intelligens,‘
1006 3287 1133 3356 quae
1178 3272 1415 3356 deuitat
1441 3291 1683 3356 'persona
1716 3276 1801 3356 di-
1828 3294 1873 3356 ρ
1908 3270 1993 3330 θὶί
2016 3292 2116 3356 eo,
2158 3290 2221 3356 ac
2271 3275 2476 3330 Graecis
2515 3270 2861 3356 antiqiiis'ita
2894 3272 3265 3356 loquentibus2
3303 3270 3507 3352 diversi

207 3355 429 3409 cuntur,
488 3342 566 3397 de
617 3341 743 3415 aliis
784 3341 1011 3415 perinde
1058 3342 1285 3415 intelligi
1331 3341 1465 3415 (ubi
1499 3347 1803 3415 praesertim

207 3415 390 3486 nullus
442 3420 542 3466 est
586 3412 857 3486 terminus
894 3412 1378 3486 excludensjnisi
1425 3412 1811 3486 sit-oppositio

205 3482 408 3555 aliqum.
463 3482 655 3552 qualis
694 3482 843 3555 nulla
893 3482 1171 3555 occurrit,_
1211 3484 1264 3555 in
1315 3500 1381 3539 eo
1436 3482 1814 3555 quod—Filius

206 3550 327 3607 cum
366 3550 548 3607 Patre
584 3566 727 3606 unus
767 3551 880 3623 sint
917 3561 1105 3607 auctor
1140 3552 1379 3623 Spiritus
1410 3550 1619 3623 sancti;
1656 3556 1815 3610 intel-

208 3624 342 3678 lecta
390 3623 687 3695 jamAFilii
727 3620 949 3695 a_Patre
976 3620 1382 3695 Aemanatione,
1432 3620 1814 3695 quasipriore

202 3692 444 3764 origine,
514 3693 647 3748 dum
702 3692 791 3748 vel
845 3693 922 3764 ita
976 3692 1124 3763 loqui
1178 3695 1354 3750 liceat.
1418 3692 1493 3750 De
1546 3692 1810 3759 Adriano,

203 3763 351 3836 quod
384 3766 465 3819 ita
512 3771 725 3836 asserte
754 3763 911 3836 ponit
940 3764 1191 3828 Pbotius,
1224 3766 1410 3833 σαφῶς
1434 3784 1495 3819 τε
1528 3767 1626 3820 καὶ
1658 3784 1814 3836 περι-

204 3835 392 3902 φανῶς
421 3835 720 3905 φαίνεται,
732 3835 908 3957 hquasi
947 3843 1127 3902 aperte
1174 3844 1223 3889 et
1253 3838 1530 3907 manifeste
1576 3838 1814 3890 noscitur

204 3922 262 3957 ac
283 3907 482 3957 liquet.
502 3919 619 3957 non
643 3914 704 3957 ut
787 3904 951 3957 etius.
982 3914 1161 3957 auerte
1186 3907 1412 3957 videtur.
1442 3908 1587 3957 idem
1623 3915 1811 3957 nutem

200 3922 262 3959 ac
283 3907 482 3976 liquet,
502 3919 619 3959 non
643 3914 704 3959 ut
732 3904 951 3971 Metius,
982 3914 1161 3974 aperte
1186 3904 1412 3971 videtur,
1442 3908 1587 3961 idem
1623 3915 1811 3976 putem

1883 3357 2007 3400 -aut
2041 3344 2392 3415 dissidentes.
2437 3345 2583 3415 quod
2626 3340 2796 3415 plane
2818 3340 3173 3415 intelleitisset
3206 3340 3507 3415 Photius_,si
3562 3376 3565 3379 -

1912 3417 2065 3471 velut
2105 3414 2235 3469 olim
2279 3409 2641 3475 Athan-asins,
2668 3414 2865 3483 Spiritu
2903 3413 3052 3481 pacis
3085 3412 3282 3483 ductus
3322 3409 3508 3466 Eccle-

1914 3488 2117 3541 siarum
2143 3484 2329 3538 unioni
2354 3487 2673 3550 stutluisset,
2702 3480 2817 3538 non
2846 3480 3150 3537 schismati.
3176 3480 3312 3535 Nota
3342 3496 3505 3552 quam

1914 3558 2000 3611 vir
2040 3555 2372 3627 apostolicus
2422 3556 2552 3627 περὶ
2581 3554 3068 3627 ’ὑποστάσεως-καὶ
3093 3551 3389 3618 προσώπου
3427 3566 3509 3605 se-

1915 3623 2088 3689 davit,
2138 3623 2535 3685 controversia.
2578 3624 2893 3679 Latinorum
2935 3623 3381 3692 Graecorumque,
3409 3636 3506 3675 seu

1916 3695 2353 3752 Occidentalium
2402 3705 2458 3750 et
2498 3695 2876 3753 Orientalium,
2934 3704 3292 3761 utrorumque
3334 3692 3387 3744 in
3428 3692 3509 3744 eis

1917 3784 2139 3823 sensum
2159 3766 2490 3828 sciscitatus,
2517 3777 2572 3821 et
2594 3781 2716 3819 cum
2743 3765 2848 3819 ﬁde
2863 3765 3163 3819 concordes
3188 3763 3505 3824 invenisset,

1918 3838 2019 3893 etsi
2072 3855 2137 3892 ex
2174 3838 2448 3892 idiomatis
2480 3847 2536 3891 et
2577 3835 2774 3905 lingua:
2817 3835 3144 3905 proprietate
3189 3832 3509 3905 viderentur

1917 3909 2235 3983 discordes:
2277 3908 2422 3983 quod
2458 3902 2946 3983 egregié__i_llustrat
2985 3902 3357 3983 Gregoriusin
3390 3903 3509 3983 ejus

199 3977 554 4046 dicendum:
583 3976 885 4046 Adrianum
915 3976 1158 4038 scilicet,
1210 3977 1304 4046 qui
1353 3976 1810 4032 lconoclastarum

201 4045 466 4102 haeresim
527 4044 867 4116 proﬂigatum
908 4046 974 4099 iri
1018 4044 1267 4115 cuperet,
1308 4047 1619 4102 Graecorum
1664 4063 1816 4101 more

200 4117 512 4186 scripsisse
562 4130 962 4188 suppressaea
1010 4132 1164 4188 voce,
1202 4116 1441 4188 Filioque
1467 4133 1536 4172 ne
1572 4132 1667 4187 per
1696 4117 1817 4188 ejus

201 4184 608 4250 occasionem,
634 4184 884 4240 haeretici
928 4201 993 4240 ac
1035 4184 1373 4241 schismatic'i
1417 4184 1588 4241 novas
1625 4187 1814 4242 turbas

198 4258 461 4325 cierent;
530 4257 677 4326 quod
700 4257 775 4327 ita
838 4256 893 4309 in
958 4272 1138 4310 causa:
1200 4257 1568 4326 patrocinium
1635 4259 1815 4327 rapiat

200 4329 466 4395 Pbotius,
529 4328 632 4382 sub
678 4326 772 4379 illo
810 4327 1196 4397 paralogismo,
1238 4344 1347 4397 quo
1387 4344 1497 4382 uno
1541 4336 1652 4383 tota
1696 4326 1819 4397 ejus

201 4409 390 4453 strues
433 4398 673 4452 nititur:
707 4398 792 4451 vel
832 4407 981 4467 certe
1015 4397 1205 4452 eadem
1243 4399 1671 4467 dispensatione,
1708 4413 1819 4467 qua

200 4470 440 4526 Adriani
504 4469 718 4524 litteras
768 4468 836 4522 ad
884 4465 1165 4522 Tarasium
1225 4465 1551 4523 trun-carunt
1597 4465 1769 4523 Graeci
1800 4509 1815 4532 ,

199 4542 435 4609 quibus'
463 4541 592 4609 ejus
631 4538 1048 4612 ordinationem
1074 4552 1140 4593 ex
1190 4539 1608 4612 laicisfactam,
1661 4540 1818 4607 quasi
1923 4544 2061 4612 dans
2103 4545 2250 4612 quod
2302 4541 2362 4594 τὸ
2401 4540 2696 4612 ἀδιάφορον
2735 4535 3131 4612 superioribus
3188 4535 3511 4612 patriarchis

200 4605 396 4665 minus
424 4605 766 4664 Ca'nonicam
804 4609 1116 4680 redarguit,
1144 4626 1216 4665 ne
1241 4610 1371 4679 quid
1395 4610 1483 4664 illa
1513 4610 1635 4677 ejus
1669 4605 1819 4663 seve-
1854 4658 1895 4680 n
1922 4605 2193 4667 CPlitanis
2218 4612 2491 4680 habitum,
2513 4605 2571 4664 in
2592 4605 2951 4680 quaestionem
2973 4605 3508 4680 dogmatistraxerit,

199 4658 437 4736 ὲῖίᾶξέι
452 4658 1562 4750 sese;eaeaeae;313555;,“53
1576 4658 1813 4749 quasi;
1853 4658 1896 4713 Β
1921 4658 3507 4750 ﬁt;1;;tias}:.'a'aa;ef;ﬁ{aianteiammeam;

198 4767 405 4807 vocem
444 4746 712 4821 Filioque,
745 4746 1039 4816 eraserim,
1069 4751 1336 4821 siquidem
1382 4766 1500 4804 eam
1535 4746 1813 4821 Adrianus
1916 4752 2218 4808 insectatus
2262 4752 2353 4814 sit,
2400 4751 2481 4805 sic
2516 4749 2658 4821 belle
2701 4746 2877 4821 posita
2911 4749 3109 4801 Photio
3137 4762 3257 4821 ova,
3302 4746 3511 4813 majore

197 4819 973 4893 scripseratabeﬁnitionem
1014 4817 1162 4876 'vero
1205 4822 1517 4893 synodicam
1550 4836 1675 4893 eam
1718 4820 1816 4893 ha-_-
1917 4824 2033 4893 ipse
2092 4824 2347 4893 superbia
2384 4817 2715 4893 ihazreticns:
2745 4819 3050 4893 (purpurae
3110 4817 3513 4885 rubrorumque

198 4889 428 4957 nuisse,
464 4892 572 4947 etsi
607 4892 891 4945 contendit
921 4890 1120 4947 Baron.
1170 4889 1260 4946 an'.
1296 4892 1421 4948 787.
1452 4908 1508 4946 n.
1546 4892 1636 4955 58,
1668 4890 1816 4959 quod
1916 4889 2229 4948 calceorum
2288 4892 2498 4946 ambitu
2527 4890 2545 4959 )
2601 4889 2899 4945 excludens
2956 4889 3131 4959 iisque
3199 4896 3508 4959 extgemum

200 4966 275 5016 ita
312 4956 513 5017 visum
548 4962 605 5016 in
635 4962 868 5016 cencilio
908 4960 1251 5023 Florentino,
1285 4978 1349 5017 ac
1376 4961 1584 5016 Latinis
1613 4956 1817 5031 proba-
1919 4964 2145 5021 Graecia:
2200 4964 2430 5019 exitium
2483 4956 2718 5031 patiens.
2783 4961 2961 5028 Atque
3023 4956 3236 5031 utinam
3298 4956 3511 5031 Psellus

197 5040 322 5087 tum
383 5032 731 5087 auctoritate
776 5031 1051 5087 Anastasii
1098 5042 1152 5087 et
1204 5032 1557 5087 vetustissimi
1611 5028 1818 5102 codicis
1919 5034 2180 5090 Oratione
2210 5050 2307 5093 sua
2353 5034 2419 5087 ad
2473 5028 2739 5102 synodum
2770 5039 3082 5102 contentus,
3124 5028 3280 5102 sicin
3308 5043 3370 5082 ea
3397 5029 3515 5102 suis

192 5106 487 5159 Actorum
520 5120 595 5156 vn
623 5103 836 5173 synodi,
872 5102 1007 5173 mihi
1040 5103 1156 5172 ipse
1179 5120 1287 5157 non
1318 5105 1453 5156 satis
1476 5101 1816 5173 persuadeo,
1920 5106 2197 5160 coloribus
2235 5098 2517 5173 expresso'
2537 5100 2819 5173 Cerulario
2857 5101 2875 5170 (
2903 5100 3068 5173 digno
3096 5099 3305 5173 scilicet
3335 5098 3508 5173 sghis-

194 5190 309 5229 nec
350 5173 623 5229 Julianus
645 5168 951 5245 Cardinalis
988 5168 1241 5245 magnam
1282 5174 1335 5245 in
1371 5188 1437 5227 eo
1464 5168 1593 5245 fecit
1616 5173 1725 5245 vim
1763 5172 1819 5245 in
1921 5176 2083 5230 matis
2110 5168 2355 5230 antistite
2385 5181 2546 5245 atque
2568 5172 2828 5245 auctore)
2863 5168 3301 5245 nec'dealbando

193 5248 353 5300 dicta
387 5245 636 5316 synodo,
675 5244 757 5298 vel
783 5238 1108 5316 Anastasius
1133 5244 1376 5316 apertius
1404 5242 1650 5316 noscitur
1676 5242 1819 5316 istud
1922 5262 2106 5315 opem,
2133 5246 2375 5316 levitatis
2402 5238 2501 5316 sibi
2527 5243 2797 5316 maculam
2808 5238 3170 5316 :aspersisset,
3202 5256 3266 5316 ac
3291 5238 3513 5316 curialis

198 5310 460 5370 testatus
513 5329 656 5380 esse,
692 5315 793 5368 etsi
828 5316 880 5385 in
932 5314 1052 5381 ejus
1082 5310 1335 5385 versione
1368 5314 1617 5368 habetur.
1660 5311 1823 5385 Certe
1923 5310 2218 5385 minuitque
2246 5313 2567 5377 Christiani,
2601 5326 2711 5385 non
2746 5312 2822 5366 illi
2845 5310 3024 5385 omnis
3050 5310 3273 5385 sceleris
3305 5325 3370 5385 ae
3407 5310 3512 5363 im-

192 5387 239 5440 si
277 5387 361 5441 ita
397 5393 603 5455 aperte
636 5386 691 5439 in
732 5383 856 5457 ﬁdei
891 5380 1075 5457 regula
1113 5384 1355 5457 positum
1387 5392 1555 5457 esset,
1592 5399 1705 5457 non
1739 5384 1820 5438 sic
1925 5380 2143 5457 pietatis
2177 5387 2355 5441 labem
2386 5383 2735 5457 abstersisset
2758 5386 2932 5457 ;_quin
2951 5382 3064 5457 sibi
3086 5383 3202 5452 ipse
3225 5380 3511 5457 schisma-

195 5458 371 5512 facile
401 5453 519 5525 per
548 5470 739 5511 omnes
762 5453 1001 5510 Orientis
1024 5453 1296 5511 Ecclesias
1315 5455 1524 5510 aboleri
1554 5453 1824 5523 potuisset

195 5538 377 5581 autve
412 5526 647 5581 mutari.
679 5526 792 5581 Nec
822 5541 950 5580 vero
971 5527 1341 5586 Anastasium,
1368 5526 1483 5580 sive
1517 5525 1680 5578 etiam
1703 5525 1825 5593 ejus

192 5596 431 5667 antiqui
465 5594 701 5667 Codicis
724 5596 1043 5666 scriptorem
1073 5598 1250 5651 ausim
1283 5596 1446 5667 plagii
1471 5594 1820 5667 insimulare:

194 5668 301 5723 sed
335 5665 423 5722 ita
457 5675 655 5735 putem
684 5665 854 5722 fuisse
878 5678 1237 5730 transactum,
1271 5665 1394 5721 eum
1434 5666 1564 5721 inde
1600 5665 1667 5719 lis
1705 5674 1823 5720 orta

193 5746 387 5802 esset,
435 5746 502 5791 et
546 5735 803 5792 Tarasius
844 5737 1127 5807 Graecique
1166 5737 1257 5791 διὰ
1299 5736 1454 5797 Υὶοῦ,
1496 5752 1588 5804 per
1625 5736 1827 5807 Filium

192 5810 503 5869 dicerent,
552 5823 725 5877 eaque
760 5806 1287 5877 particula’perinde
1338 5807 1576 5876 Spiritus
1615 5823 1644 5860 a
1689 5806 1828 5860 Filio

194 5880 588 5932 exsistettlem
629 5888 1010 5950 agnoscerent,
1058 5880 1231 5932 Latini
1288 5895 1351 5932 ex
1394 5878 1524 5931 Filio
1581 5878 1825 5943 mallent,

199 5950 476 6019 utrisque
534 5951 975 6021 perinissumceu
1017 5950 1333 6021 ἀδιάφορον,
1368 5950 1621 6019 idemque
1652 5964 1828 6019 reipsa

1918 3979 2273 4049 Panegyrico.
2295 3972 2421 4049 ’δραι
2458 3972 2649 4049 debuit
2677 3972 3180 4049 Pbotiussatanico
3210 3972 3401 4041 spiritu
3436 3972 3508 4026 ita

1918 4044 2221 4106 Sciiule'ndo
2255 4048 2359 4103 sibi
2391 4063 2591 4102 nomen
2621 4046 2820 4107 facere.
2850 4045 2929 4098 uti
2958 4045 3066 4113 jam
3098 4044 3302 4099 fecerat
3329 4052 3512 4113 tyran-

1918 4120 2040 4174 nica
2089 4122 2238 4176 sedis
2298 4119 2600 4173 invasione.
2654 4115 2886 4171 Perinde
2939 4114 3103 4168 etiam
3145 4129 3204 4167 se
3250 4114 3508 4169 habuisse

1920 4199 2105 4259 putem
2149 4190 2417 4246 Joannem
2462 4203 2659 4259 papam
2702 4186 2930 4259 ejusque
2969 4185 3197 4259 legatos,
3230 4199 3366 4259 quos
3386 4182 3511 4259 _sibi

1917 4253 2317 4336 concordesin
2348 4253 2498 4313 omni
2538 4253 2663 4336 ﬁdei
2695 4253 3506 4336 capitulogloriaturPhotius,

1919 4332 2165 4400 aliosque
2214 4332 2476 4397 deinceps
2532 4330 2824 4400 utriusque
2870 4326 3046 4400 sedis_
3080 4326 3358 4400 antistites
3384 4364 3399 4383 ,
3442 4330 3509 4400 ad

1919 4395 2237 4456 Michaelem
2289 4395 2464 4466 usque
2518 4395 2902 4460 Cerularium,
2963 4396 3119 4464 cujus
3177 4395 3254 4449 rei
3326 4395 3508 4466 gravis

1923 4472 2077 4526 testis
2106 4471 2317 4527 Micbae
2374 4465 2583 4523 Psellus
2614 4469 2669 4522 in
2702 4468 2820 4537 ejus
2852 4466 3203 4591 Paneggrico,
3238 4465 3363 4519 inde
3392 4465 3510 4518 lau-

1923 4544 2061 4591 dans
2103 4545 2250 4591 ειη(ιά
2302 4541 2362 4591 τὸ
2401 4540 2696 4591 ἀδιάωοοον
2754 4537 3023 4591 superiori
3068 4551 3131 4590 us
3188 4535 3510 4591 uatriarchis

1928 5450 2018 5512 iici
2059 5474 2124 5513 ac
2162 5456 2405 5512 haeretici
2434 5494 2449 5518 ,
2495 5469 2601 5523 qua
2659 5453 2736 5509 sic
2773 5450 3034 5508 haeretico
3067 5450 3130 5507 ac
3162 5450 3511 5523 schismatico

1926 5528 2095 5593 favet,
2126 5543 2327 5583 nomen
2368 5519 2686 5588 ascivisset;
2728 5524 2872 5592 quod
2920 5524 3053 5576 alias
3103 5521 3302 5593 Leonis
3324 5519 3510 5593 :Allatii

1928 5590 2267 5669 diligentiam
2298 5597 2512 5666 fugerat
2531 5610 2594 5669 ac
2627 5590 2994 5669 πολὺμαφίαν,
3026 5594 3080 5669 in
3104 5608 3204 5647 suo
3232 5592 3301 5646 de
3322 5590 3517 5669 Psellis

1931 5662 2315 5741 Synvtagmate,
2357 5662 2750 5721 émendaturus
2773 5662 2797 5727 ⁷,
2829 5664 2873 5719 si
2912 5663 3058 5733 quod
3082 5671 3315 5741 optarat,
3355 5662 3514 5715 lucu-

1927 5733 2327 5794 biatiunculam
2383 5746 2984 5807 augerepauctamque
3042 5733 3365 5807 producere,
3416 5746 3517 5800 per

1930 5825 2153 5880 gravem
2176 5818 2392 5880 atatem
2425 5804 2540 5861 sive
2569 5806 2732 5880 etiam
2754 5820 2850 5880 per
2867 5813 3093 5880 tempus
3120 5804 3513 5880 hominumque

1931 5872 2270 5935 Eruditarum
2295 5878 2415 5947 ejus
2432 5877 2649 5947 generis
2667 5872 2841 5947 ipsius
2867 5872 3304 5931 lucubrationum
3331 5872 3506 5929 inom-

1936 5952 2144 6007 ciosum
2188 5946 2488 6017 fastidium,
2524 5948 2573 6003 ei
2616 5946 2879 6002 licuisset.
