3930 6502
501 455 608 518 819

1643 448 1906 509 PI—IOTII
1945 438 2452 506 PATRIARCIUE
2491 439 2602 497 (ΖΡ.
3634 433 3716 498 320

438 570 440 574 ’
502 566 772 629 noscitur,
801 565 1067 636 Spiritum
1101 573 1348 619 sanctum
1389 579 1418 616 a
1462 561 1644 629 Patre,
1676 572 1732 616 et
1760 576 1866 616 non
1897 576 1926 614 a
1958 557 2085 613 Filic

2201 552 2346 605 θειον
2372 547 2701 618 ἀντέγραψε,
2725 547 2912 617 σαφῶς
2942 563 3002 600 τε
3043 543 3141 599 καὶ
3178 543 3482 613 περιφανῶς
3510 545 3718 610 φαίνεται

502 657 826 730 procedere.

573 837 742 894 XXV.
770 828 917 890 'lllud
937 834 1100 889 etiam
1127 833 1275 890 haud
1305 831 1438 888 mihi
1467 829 1685 886 videtur
1703 826 2090 890 omittendum,

502 933 603 987 etsi
636 930 891 986 omnibus
913 943 1014 998 pro
1042 927 1306 997 temporis
1327 939 1504 995 nuper
1527 920 1930 994 prOpinquitate
1955 933 2092 973 con-

501 1023 785 1094 spicuum;
823 1021 915 1091 qui
979 1020 1185 1075 nostris
1243 1015 1586 1087 temporibus
1640 1013 1826 1084 legati,
1885 1011 2089 1066 nedum

501 1115 689 1177 semel,
722 1115 816 1170 sed
840 1124 895 1169 et
933 1111 1093 1167 tertio
1121 1127 1185 1166 ex
1207 1109 1423 1166 seniore
1454 1107 1626 1160 Roma
1646 1113 1938 1165 venerunt,
1962 1118 2086 1157 cum

501 1206 568 1272 dc
599 1205 724 1270 ﬁde,
755 1214 814 1260 ut
841 1221 940 1274 par
973 1212 1078 1266 est,
1121 1217 1231 1256 non
1261 1216 1383 1255 cum
1409 1199 1518 1254 illis
1546 1212 1866 1252 sermonum
1893 1204 2094 1251 contu-

502 1296 777 1360 lissemus,
837 1294 872 1348 ii
900 1293 1039 1348 nihil
1070 1292 1344 1346 diversum
1378 1300 1542 1347 autve
1590 1289 1876 1343 dissonum
1909 1303 1937 1340 a
1965 1286 2091 1350 ﬁde,

502 1402 624 1453 qua:
651 1401 749 1455 per
781 1399 1001 1439 omnem
1035 1392 1302 1437 terrarum
1331 1380 1520 1436 orbem
1555 1379 1826 1449 explicata
1855 1387 1962 1442 est,
1996 1386 2095 1430 aut

501 1479 793 1541 dixerunt,
837 1487 927 1531 aut
969 1475 1175 1531 sentire
1246 1472 1575 1544 deprehensi
1626 1481 1756 1527 sunt
1797 1489 1811 1525 :
1848 1471 2098 1538 quinimo

501 1569 647 1624 clare
673 1569 959 1624 nobiscum
1001 1567 1246 1636 citraque
1286 1580 1505 1620 omnem
1533 1563 1932 1620 dubitationem
1966 1562 2084 1631 Spi-

503 1662 668 1717 ritum
704 1671 955 1716 sanctum
993 1676 1060 1714 ex
1111 1659 1274 1714 Patre
1306 1657 1604 1729 procedere
1636 1657 2090 1728 praedicaverunt.

503 1753 645 1818 Quin
675 1763 732 1810 et
760 1762 946 1808 coacta
971 1752 1179 1824 synodo
1201 1751 1561 1822 quorumdam
1586 1749 2090 1806 ecclesiastieorum

503 1847 744 1916 capitum
766 1861 951 1908 causa,
975 1845 1064 1915 qui
1096 1845 1225 1899 inde
1249 1843 1398 1898 missi
1434 1842 1655 1897 fuerant
1673 1842 1848 1896 sancti
1867 1840 2094 1895 Joannis

2192 642 2253 694 τὸ
2281 640 2507 711 Πνεῦμα
2535 639 2595 694 τὸ
2621 640 2775 706 ἅγιον
2803 638 3014 708 φρονῶν
3042 639 3108 690 ὲκ
3129 636 3223 690 τοῦ
3255 635 3476 705 [ἰατρὸς.
3506 636 3606 690 ἀλλ’
3641 639 3721 692 οὐκ

2194 735 2262 787 ὲκ
2289 735 2382 788 τοῦ
2416 732 2549 787 Υἱοῦ
2579 732 2998 803 ἐκπορεύεσθαι.

2266 824 2395 880 κε’.
2443 825 2561 879 Ούκ
2587 825 2769 879 ἐάσειν
2807 841 2895 894 μοι
2922 821 3085 884 δοκῶ,
3111 820 3214 874 κᾶν
3261 819 3376 872 ἐστι
3400 819 3552 871 πᾶσιν
3580 819 3634 871 ὲκ
3647 821 3724 875 τοῦ

2197 918 2391 990 χρόνου
2425 917 2661 985 ὑπόγυον
2712 913 3035 986 περιφανὲς,
3070 913 3196 975 τοὺς
3247 911 3308 964 ὲν
3337 912 3446 974 τοῖς
3477 909 3584 964 καθ’
3605 914 3724 983 ἡμᾶς

2197 1014 2413 1085 χρόνοις
2469 1007 2732 1080 πρέσϐεις
2783 1007 2845 1060 ού
2901 1007 3063 1077 μόνον
3092 1003 3260 1069 ἅπαξ,
3291 1002 3426 1057 ἀλλὰ
3475 1005 3560 1057 καὶ
3577 1006 3726 1076 τρίτον

2194 1107 2294 1176 τῆς
2333 1102 2714 1176 πρεσϐυτέρας
2761 1099 2984 1171 Ῥώμης
3038 1096 3484 1168 ἀναδραμόντας·
3534 1097 3580 1150 οἱ
3623 1101 3728 1169 περὶ

2195 1197 2297 1267 τῆς
2331 1195 2615 1258 εὐσεϐείας
2666 1189 2758 1247 οἷα
2791 1193 2940 1256 εἰκὸς
2991 1190 3149 1261 ἡμῶν
3184 1189 3324 1259 πρδς
3366 1189 3551 1253 αὐτοὺς
3573 1190 3728 1256 λόγους

2196 1290 2665 1360 ἀνακινησάντων,
2689 1287 2844 1340 οὐδὲν
2866 1284 3326 1356 παρηλλαγμένον
3353 1282 3450 1352 τῆς
3470 1282 3566 1336 ἀνὰ
3585 1284 3728 1338 πᾶσαν

2194 1383 2295 1451 τὴν
2317 1379 2644 1451 οἰκουμένην
2668 1376 3065 1448 έξηπλωμένης
3089 1373 3396 1437 εὐσεϐείας,
3438 1371 3554 1427 οὔτε
3587 1367 3726 1439 εἷπον,

2194 1473 2318 1527 οὔτε
2345 1470 2675 1544 φρονοῦντες
2703 1469 3051 1540 ἡλέγχθησαν
3071 1483 3085 1495 ⁸
3117 1464 3429 1520 τούναντίον
3461 1464 3536 1529 δὲ,
3557 1464 3728 1535 τρανῶς

2199 1564 2318 1635 μεθ’
2345 1563 2506 1635 ἡμῶν
2535 1563 2632 1616 καὶ
2683 1561 3027 1624 ἁδιστάκτως
3052 1557 3116 1612 τὸ
3164 1556 3392 1626 Πνεῦμα
3420 1554 3478 1608 τὸ
3525 1554 3658 1624 ἅγιον
3679 1557 3729 1609 ὲκ

2193 1657 2290 1710 τοῦ
2333 1656 2551 1727 Πατρὸς
2585 1652 2934 1726 ἀνεκήρυξαν
2983 1649 3406 1722 ἐκπορεύεσθαι.
3450 1647 3601 1701 Ἀλλὰ
3646 1647 3730 1718 γὰρ

2195 1750 2291 1802 καί
2319 1747 2538 1802 συνόδου
2571 1733 3043 1817 συγκροτηθείοτίς
3089 1742 3185 1796 έπί
3219 1758 3366 1794 τισιν
3398 1738 3728 1810 ἐκκλησιαστι-

2197 1843 2313 1904 κοῖς
2361 1839 2707 1909 κεφαλαίοις,
2755 1839 2806 1891 οἱ
2855 1835 3066 1890 ἐκεῖθεν
3123 1831 3523 1902 ἀπεσταλμένοι
3561 1827 3644 1883 τοῦ
3686 1832 3730 1882 ἐν

502 1952 656 2006 papa:
689 1936 899 2000 vicarii,
956 1946 1210 2004 tanquam
1241 1936 1331 1990 illo
1377 1935 1499 2004 ipso
1534 1942 1827 2004 praesente,
1874 1949 1935 1987 ac
1979 1948 2085 1985 una

2191 1932 2367 2001 ἁγίοις
2406 1931 2656 1984 Ἰωάννου
2681 1930 2840 1984 πάπα
2865 1925 3267 1998 τοποτηρηταὶ,
3296 1923 3372 1986 ὡς
3393 1921 3548 1977 αὑτοῦ
3570 1923 3729 1992 παρόν-

501 2023 785 2084 nobiscum
823 2035 1027 2080 rectam
1063 2026 1130 2080 de
1163 2023 1428 2078 Trinitate
1476 2023 1806 2079 sententiam
1863 2023 2084 2088 edente,

503 2115 627 2176 ﬁdei
665 2117 997 2187 symbolum,
1029 2118 1172 2188 quod
1215 2117 1462 2171 omnium
1493 2115 1884 2170 universalium
1921 2131 2086 2186 syno-

498 2207 693 2261 dorum
739 2208 982 2272 calculo,
1022 2220 1388 2264 consentanee
1439 2208 1560 2264 voci
1617 2208 1911 2264 Itominieae
1970 2218 2086 2264 turn

497 2297 846 2367 przedicatur,
881 2307 995 2355 tum
1022 2301 1188 2372 viget,
1228 2311 1486 2372 tanquam
1529 2301 1720 2356 codem
1773 2300 1875 2370 ipsi
1919 2316 2087 2356 sensu

497 2390 799 2462 eademque
845 2394 1151 2459 sententia,
1187 2410 1320 2450 voce
1362 2394 1566 2464 pariter
1607 2402 1661 2449 et
1703 2393 1906 2464 lingua,
1957 2409 2087 2464 pro-

497 2482 740 2552 priaeque
771 2501 966 2538 manus
999 2486 1423 2556 subscriptione,
1454 2485 1832 2539 ﬁrmaverunt.

571 2572 762 2628 XXVI.
807 2575 929 2629 Ihec
966 2591 1092 2630 cum
1123 2577 1195 2631 ita
1228 2593 1286 2632 se
1318 2576 1576 2638 habeant,
1613 2585 1666 2630 et
1701 2574 1946 2630 Romana
1979 2575 2087 2631 Ec-

496 2663 663 2720 clesia
691 2681 794 2718 una
815 2681 938 2719 cum
975 2666 1096 2721 aliis
1137 2677 1375 2736 quatuor
1395 2667 1848 2738 patriarcbalibus
1863 2666 2087 2721 sedibus

497 2757 693 2812 eadem
716 2759 934 2821 sentiat,
953 2760 1142 2829 eisque
1158 2776 1388 2816 concors
1421 2760 1668 2821 exsistat,
1690 2760 1964 2829 quomodo
1993 2759 2086 2829 qui

495 2846 768 2904 Chamum
815 2849 1165 2916 aemulentur,
1217 2849 1439 2905 Patrum
1485 2867 1710 2906 suorum
1747 2851 1830 2922 (ut
1866 2855 2084 2919 vocant)

507 2939 902 3008 turpitudinem
949 2941 1206 3011 detegere
1252 2957 1361 2995 non
1408 2952 1689 3006 verentur,
1732 2941 2087 3012 omniumque

499 3020 676 3087 oculis
713 3031 863 3101 ipsos
886 3032 1147 3088 ridendus
1177 3032 1494 3102 exponere?
1524 3032 1759 3088 Decebat
1785 3034 1930 3087 enim
1967 3049 2082 3100 eos,

497 3123 769 3192 siquidem
793 3123 1013 3178 Patrum
1052 3133 1304 3194 quaerunt
1345 3141 1525 3188 voces,
1572 3125 1639 3179 ad
1687 3125 1940 3196 synodica
1985 3126 2084 3181 de-

498 3223 646 3268 creta
687 3230 991 3280 recurrere;
1037 3216 1103 3271 ad
1149 3215 1518 3270 Romanorum
1569 3217 1877 3272 antistitum
1923 3235 2086 3274 voces

499 3315 741 3366 mentem
787 3307 1107 3374 intendere;
1141 3309 1206 3362 ad
1240 3309 1570 3378 reliquorum
1603 3320 1916 3365 sanctorum
1945 3311 2085 3366 divi-

499 3413 810 3467 norumque
847 3397 1071 3454 Patrum
1126 3401 1356 3454 chorum
1399 3401 1729 3471 confugere;
1777 3417 1886 3454 non
1924 3402 2087 3456 simul

497 3490 761 3558 quosdam
804 3489 996 3546 Patres
1039 3491 1241 3559 facere,
1276 3493 1582 3562 acerbeque
1613 3493 1733 3546 illos
1775 3493 2084 3557 criminari,

500 3589 760 3650 tanquam
791 3583 1054 3641 adversus
1085 3601 1430 3640 communem
1478 3587 1766 3642 Dominum
1814 3589 2083 3642 cervicem

499 3673 828 3729 cxsererint.
860 3689 924 3728 ac
949 3684 1065 3728 tum
1092 3677 1242 3731 velut
1268 3676 1464 3747 stylum
1496 3692 1559 3730 ac
1589 3677 1820 3732 indicem
1855 3678 2086 3748 ﬁdeique

499 3763 740 3831 regulam
781 3780 878 3819 eos
915 3767 1199 3822 adhibere.
1237 3766 1344 3822 Sed
1398 3778 1454 3822 et
1498 3767 1629 3822 illud
1661 3785 1756 3823 eos
1797 3769 2086 3824 advertere

498 3856 751 3924 decebat,
774 3859 935 3929 longe
959 3874 1018 3916 se
1050 3861 1298 3931 graviore
1331 3861 1528 3932 injuria
1565 3862 1799 3927 allicere,
1824 3879 1962 3933 quos
1987 3863 2084 3918 Do-

500 3949 652 4008 tnino
687 3950 1041 4006 adversantes
1079 3953 1364 4023 obiiciant,
1422 3971 1532 4008 non
1577 3955 1842 4010 honorem
1887 3955 2086 4011 habere

479 4056 636 4109 quos
666 4039 886 4098 Patrum
916 4043 1074 4098 titulo
1112 4054 1366 4114 augeant.
1404 4046 1701 4101 Enimvero
1738 4047 1822 4102 vel
1858 4046 1903 4101 si
1949 4046 2084 4100 nihil

498 4131 608 4188 illis
635 4149 781 4190 cura;
809 4143 895 4190 est
919 4135 1141 4189 Patrum
1177 4137 1402 4206 lnjuria,
1428 4137 1667 4198 timenda
1702 4148 1882 4193 tamen
1919 4147 2084 4208 atque

501 4225 773 4290 verenda‘,
811 4226 862 4281 ei
912 4228 1004 4298 qui
1051 4227 1264 4297 primus
1310 4229 1582 4298 parricida
1620 4230 1722 4285 fuit
1763 4247 1828 4286 ac
1860 4230 2084 4286 sceleris

498 4325 706 4381 auctor,
744 4317 955 4374 inﬂicta
978 4319 1074 4375 Dei
1102 4322 1317 4376 calculo
1341 4323 1647 4378 exsecratio
1672 4338 1736 4377 ac
1771 4323 2044 4378 sententia
2065 4364 2079 4388 ,

498 4425 599 4470 nec
626 4412 992 4468 aemulandum
1018 4415 1372 4470 maledictum
1393 4427 1581 4484 caput,
1605 4424 1701 4470 aut
1730 4417 1910 4485 magis
1933 4416 2082 4471 dete-

497 4501 754 4572 gendum,
785 4504 881 4559 sed
912 4504 1302 4576 obtegendum,
1336 4507 1381 4560 si
1406 4507 1536 4586 quid
1575 4507 1630 4560 in
1675 4508 1792 4562 suis
1823 4507 2082 4565 Patribus

496 4607 654 4665 turpe
679 4595 1176 4667 deprehendissent
1215 4608 1380 4670 atque
1405 4601 1731 4655 verendum.

2190 2042 2284 2086 τος
2317 2023 2530 2079 ἐκείνου
2558 2023 2655 2078 καὶ
2684 2021 3162 2090 συνθεολογοῦντος
3195 2021 3330 2090 ἡμῖν
3351 2019 3450 2087 τὴν
3472 2016 3726 2080 εὐσέϐειαν,

2189 2117 2268 2188 τῷ
2315 2115 2570 2186 συμϐόλῳ
2596 2117 2693 2185 τῆς
2726 2114 2964 2176 πίστεως
3015 2111 3098 2182 τῷ
3123 2110 3217 2166 διὰ
3249 2108 3439 2163 πασῶν
3466 2107 3568 2162 τῶν
3593 2109 3730 2162 οἰκω-

2194 2208 2436 2281 μενικῶν
2486 2208 2728 2260 συνόδων
2770 2207 2917 2261 κατὰ
2944 2205 3049 2274 τὴν
3078 2201 3424 2270 Δεσποτικὴν
3452 2199 3622 2268 φωνὴν
3661 2201 3728 2251 καὶ

2191 2297 2588 2372 κηρυσσομένῳ
2612 2298 2709 2352 καὶ
2739 2295 3158 2368 κρατυνομένῳ,
3192 2293 3271 2357 ὡς
3314 2293 3622 2363 ὁμόφρονες,
3661 2289 3727 2342 καί

2189 2398 2342 2468 φωνῇ
2379 2395 2474 2449 καὶ
2505 2393 2752 2466 γλώσσῃ,
2800 2392 2896 2446 καὶ
2934 2389 3207 2461 ίδιοχείρῳ
3238 2388 3434 2459 γραφῇ
3465 2384 3728 2452 καθυπεση·

2191 2489 2452 2560 μὴναντο.

2261 2583 2406 2648 KC’.
2429 2579 2648 2634 Τούτων
2678 2577 2852 2641 οὕτως
2876 2576 3134 2648 ἐχόντων,
3159 2573 3266 2644 τῆς
3302 2568 3607 2640 Ῥωμαῖκῆς
3638 2566 3729 2619 Ἐκ-

2189 2674 2417 2744 κλησίας
2453 2675 2570 2736 τοῖς
2599 2672 2782 2735 ἄλλοις
2807 2671 3103 2740 τέσσαρσιν
3137 2665 3548 2736 ἀρχιερατικοῖς
3564 2660 3731 2732 θρόνοις

2186 2765 2472 2836 ὀμοφώνου
2524 2783 2584 2820 τε
2629 2767 2722 2819 καὶ
2750 2763 3011 2834 ὁμοδόξου
3036 2758 3419 2828 καθεστώσης,
3455 2756 3564 2818 πῶς
3589 2754 3627 2806 οἱ
3653 2748 3726 2804 τού

2188 2857 2320 2927 Χᾶμ
2379 2857 2636 2926 μιμηταὶ,
2679 2854 2791 2906 τῶν
2822 2853 3084 2923 Πατέρων
3113 2849 3326 2913 αὐτῶν,
3360 2847 3437 2912 ῶς
3484 2861 3620 2916 φασι,
3652 2841 3728 2910 τὴν

2187 2949 2580 3020 ἀσχημοσύνην
2602 2948 2702 3002 ούκ
2734 2945 3063 3018 ὲρυθριῶσιν
3091 2941 3522 3000 ἀνακαλύπτειν,
3550 2937 3628 2990 καὶ
3669 2934 3730 2996 εἱς

2187 3041 2388 3113 χλεύην
2413 3043 2547 3095 πᾶσι
2572 3038 2913 3110 προτιθέναις
2951 3036 3151 3107 Ἐχρῆν
3177 3034 3297 3103 γὰρ
3345 3031 3540 3094 αὐτοὺς
3571 3029 3612 3082 εί
3656 3025 3728 3092 ζη-

2185 3136 2340 3190 τοῦσι
2364 3135 2624 3205 Πατέρων
2660 3132 2867 3203 φωνὰς,
2898 3130 3036 3202 πρὸς
3081 3128 3179 3192 τὰς
3225 3127 3513 3188 συνοδικὰς
3541 3122 3729 3194 ἀναδραο

2193 3230 2313 3298 μεῖν
2338 3226 2556 3296 ψήφους
2579 3242 2594 3256 ο
2633 3224 2772 3296 πρὸς
2803 3223 2903 3287 τὰς
2933 3222 3045 3275 τῶν
3072 3220 3390 3291 ἀρχιερέων
3414 3219 3508 3284 τῆς
3554 3212 3728 3282 Ῥώμης

2191 3316 2376 3386 φωνὰς
2423 3313 2864 3369 ἀπευθύνεσθαιο
2916 3311 3056 3383 πρὸς
3092 3310 3202 3363 τῶν
3252 3309 3434 3363 ἄλλων
3465 3305 3618 3375 ἁγίων
3658 3302 3729 3354 καὶ

2190 3408 2469 3478 θεοφόρων
2521 3406 2682 3477 ἡμῶν
2738 3404 3001 3476 Πατέρων
3047 3403 3142 3456 τὸν
3169 3400 3340 3472 χορὸν
3378 3395 3728 3466 καταφεύγειν

2188 3499 2328 3553 ἀλλὰ
2359 3499 2434 3570 μὴ
2459 3499 2576 3568 ἅμα
2599 3516 2655 3552 τε
2701 3499 2853 3560 τινὰς
2896 3496 3148 3566 Πατέρας
3190 3496 3393 3553 ποιεῖν,
3426 3491 3520 3544 καὶ
3561 3486 3730 3556 πικρῶς

2187 3591 2412 3655 τούτους
2433 3590 2822 3651 ἐνδιαϐάλλειν,
2846 3589 2934 3643 διὰ
2950 3589 3049 3658 τῆς
3075 3586 3216 3640 κατὰ
3243 3585 3346 3638 τοῦ
3367 3579 3543 3637 κοινοῦ
3566 3577 3726 3632 Δεσπό-

2187 3683 2286 3736 τοῦ
2311 3683 2762 3746 ἐπαναστάσεως,
2823 3675 2942 3734 εἶτα
2970 3678 3185 3740 τούτοις
3219 3676 3389 3730 πάλιν
3433 3673 3508 3734 ὡς
3536 3670 3728 3740 γνώμονι

2187 3779 2281 3831 καὶ
2315 3777 2503 3830 κανόνι
2559 3777 2660 3846 τῆς
2723 3775 2962 3837 πίστεως
2993 3771 3253 3844 χρῆσθαι.
3315 3768 3466 3822 Ἔδει
3493 3766 3545 3818 δὲ
3577 3763 3728 3822 αὐτοὺς

2195 3866 2482 3922 καὶτοῦτο
2513 3868 2768 3937 συνορᾷν.
2821 3867 2896 3930 ὡς
2939 3865 3077 3918 πολὺ
3125 3862 3332 3934 μᾶλλον
3382 3857 3722 3928 ἐξυϐρίζουσιν,

2191 3959 2285 4023 οὓς
2343 3961 2542 4023 αὐτοὺς
2624 3961 2766 4012 κατὰ
2844 3956 2938 4012 τοῦ
3017 3954 3293 4008 Δεσπότου
3355 3947 3727 4022 προκομίζωσιν

2189 4051 2308 4107 ἀλλ’
2339 4050 2461 4121 οὐχὶ
2483 4049 2718 4122 τιμῶσιν
2766 4048 2858 4110 οὓς
2890 4049 3143 4117 Πατέρας
3166 4046 3584 4118 ἐπιγράφονται.
3621 4037 3729 4092 Ἀἱ-λ’

2186 4145 2234 4195 εἰ
2264 4143 2357 4196 καὶ
2393 4141 2560 4213 μηδὲν
2611 4142 2796 4205 αὐτοῖς
2853 4140 2954 4210 τῆς
3003 4137 3290 4210 Πατρικῆς
3347 4135 3552 4208 ὕϐρεως
3592 4129 3721 4202 μέλειν

2185 4235 2354 4305 ἐχρῆν
2377 4234 2530 4303 ὅμως
2556 4232 2788 4287 δεδιέναι
2813 4250 2873 4285 τε
2893 4233 2991 4286 καὶ
3019 4231 3421 4284 διευλαϐεῖσθαι
3447 4231 3542 4298 τὴν
3559 4224 3643 4279 τού
3663 4240 3722 4275 κα·

2185 4327 2483 4398 τάρξαντος
2507 4326 2606 4395 τῆς
2635 4325 2970 4395 πατραλοίας
2989 4323 3102 4395 (I8)
3123 4322 3309 4377 θεόθεν
3337 4317 3725 4391 ἐπενηνεγμένην

2186 4418 2327 4489 ἀρὰν
2340 4418 2434 4472 καὶ
2450 4418 2655 4488 ψῆφον,
2673 4419 2769 4471 καὶ
2789 4417 3054 4487 μηδαμῶς
3068 4417 3159 4470 τὸν
3177 4415 3454 4486 ἐπάρατον
3468 4408 3724 4484 μιμεῖσθαι.

2188 4507 2312 4578 μηδ’
2343 4507 2748 4562 ἀνακαλύπτειν
2779 4507 3001 4578 μᾶλλον,
3029 4507 3146 4560 ἀλλ’
3177 4505 3586 4569 ὲπικαλύπτειν,
3608 4499 3728 4567 εἴπερ

2186 4616 2240 4652 τι
2277 4600 2393 4662 τοῖς
2426 4599 2607 4652 αὐτῶν
2635 4601 2914 4669 Πατράσιν
2933 4597 3121 4667 ἐώρων
3147 4595 3630 4667 ἀσχημονούμενον.

565 4685 778 4746 XXVII.
821 4689 1040 4746 Utinam
1085 4705 1214 4746 vero
1267 4706 1430 4746 nemo
1482 4692 1571 4749 vel
1625 4692 1768 4746 illius
1823 4692 2081 4748 facinoris

2262 4655 2392 4744 KZ'.
2447 4688 2589 4740 Ἀλλ’
2620 4689 2733 4742 εἴθε
2760 4655 2882 4757 ἐἴγε
2915 4655 3108 4758 μηδεὶς
3133 4655 3397 4758 είηῃμητε
3437 4655 3533 4754 ei};
3561 4680 3727 4734 ἐκεῖνον

500 4779 726 4838 .emulus
752 4782 1000 4844 exsistat,
1034 4783 1121 4838 vel
1151 4797 1279 4837 reus
1308 4782 1712 4842 maledictionis
1739 4803 1752 4838 :
1789 4784 1920 4854 quin
1952 4800 2083 4854 pro-

2190 4779 2438 4851 πράξεως
2466 4782 2735 4852 μιμητὴς,
2769 4782 2910 4852 μήτε
2935 4781 3121 4850 ἔνοχος
3145 4779 3248 4849 τῆς
3275 4781 3443 4851 ὀιρίίς⁸
3476 4775 3584 4830 ἀλλ’
3606 4773 3727 4828 ἵλεως

497 4866 661 4934 pitius
690 4870 761 4925 sit
787 4870 1039 4929 Christus
1068 4870 1213 4927 Deus
1240 4881 1450 4936 noster,
1487 4873 1590 4937 his,
1620 4873 1822 4942 quibus
1851 4871 2084 4942 parrici-

2190 4872 2285 4944 μὲν
2315 4873 2401 4944 εἴη
2432 4873 2667 4945 Χριστὸς
2695 4876 2724 4927 ό
2750 4873 2884 4936 Θεὸς
2907 4873 3085 4944 ἡμῶν,
3114 4875 3227 4936 τοῖς
3249 4889 3307 4926 τε
3331 4874 3398 4942 τῇ
3425 4869 3530 4924 τῶν
3553 4879 3725 4934 πατρα-

493 4959 682 5013 darum
721 4961 812 5016 illa
849 4965 1050 5036 injuria
1079 4966 1347 5036 obrepsit,
1385 4975 1442 5020 et
1470 4966 1564 5036 qui
1611 4967 1878 5021 adversus
1909 4966 2085 5036 ipsius

2190 4965 2348 5020 λοιῶν
2379 4967 2734 5038 ὑποσυρεῖσιν
2795 4964 2972 5034 ὕϐρει,
3034 4965 3129 5018 καὶ
3171 4967 3285 5027 τοῖς
3337 4956 3726 5027 κατεξαναστᾶσι

496 5054 668 5119 legem
713 5068 1014 5128 vocemque
1065 5057 1524 5113 insurrexerunt:
1557 5058 1926 5128 clementique
1975 5073 2072 5112 sua

2190 5058 2285 5128 τῆς
2319 5056 2489 5110 αὑτοῦ
2512 5057 2838 5128 νομοθεσίας
2869 5058 2966 5112 καὶ
3003 5058 3188 5128 φωνῆς
3209 5074 3224 5088 ο
3251 5057 3345 5110 καὶ
3372 5051 3726 5125 φιλανθρώπως

2049 5177 2284 5238 NOTAE.

569 5284 680 5368 (ιε)
717 5283 832 5368 Τοῐξ
855 5287 1270 5368 κατάρξαντος
1289 5292 1402 5362 τῆς
1428 5296 1817 5368 πατραλοίας.
1837 5295 2020 5368 Longe
2049 5314 2078 5351 a

493 5354 899 5439 Photiiuverbis
944 5354 1193 5439 et'sensu
1227 5354 1443 5439 metiris,
1476 5354 1567 5432 qui
1605 5354 1857 5439 advers”
1895 5354 2076 5439 parri-

494 5427 833 5509 cidasjllant
863 5427 1238 5509 promulgavit.
1280 5427 1762 5509 Nonpromnlgata
1793 5427 1948 5509 quasi
1971 5453 2072 5509 ge-

495 5501 758 5572 neratim_
807 5501 863 5552 in
943 5501 1242 5572 parricidas
1313 5501 1668 5572 maledictio:
1726 5501 1824 5563 sed
1889 5501 2078 5564 θεόθεν

492 5569 877 5650 ὲνηε.ρεγιῖι.ἐνη.Δ
897 5585 927 5623 a
983 5569 1098 5627 Deo
1127 5571 1273 5650 i|_l_a_ta
1313 5573 1368 5627 in
1396 5587 1578 5650 caput,
1613 5569 1757 5650 quod
1791 5579 1913 5648 ejus
1943 5595 2074 5633 auc-

493 5650 578 5697 tor
606 5637 831 5720 sceleris
854 5637 1022 5720 foret,
1043 5657 1138 5697 sua
1164 5643 1251 5703 illa
1284 5637 1508 5720 paterna
1520 5637 1788 5720 irrisione
1815 5637 1839 5701 ἶ
1857 5667 1884 5702 a
1914 5650 2072 5715 cujus
2183 5647 2476 5720 Theodoro
2510 5637 2728 5704 Studita
2768 5648 2872 5704 fuit
2900 5637 3164 5720 ’διεροὺυὲ
3202 5637 3520 5702 δὶι-πιυηόυέ
3555 5642 3605 5720 6n
3634 5650 3722 5720 με·

491 5709 740 5791 exemplo
759 5710 962 5765 insulse
991 5712 1233 5768 deterret
1257 5703 1370 5777 eos,
1398 5716 1488 5791 qui
1517 5717 1854 5791 Dontinicam
1878 5703 2071 5773 vocem
2180 5703 2524 5791 καρίτης,ξιο
2545 5721 2591 5775 si
2615 5703 2705 5790 qui
2729 5703 2994 5791 ejusmodi
3019 5719 3130 5772 veri
3155 5719 3476 5791 interpretes
3498 5703 3723 5791 ert-3097‘?

490 5795 556 5832 ex
609 5778 848 5863 Patrum“
885 5797 1053 5863 sensu
1110 5795 1274 5855 atque
1329 5778 1563 5863 vocibus
1616 5789 2068 5863 interpretentur,
2179 5778 2435 5863 εἰοὲῑίοῖξ
2457 5791 2538 5847 rei
2580 5778 2969 5850 ecclesiastica:
3004 5804 3228 5860 operam
3273 5778 3721 5845 ecclesiasticeln‘

493 5863 599 5930 pen
625 5851 734 5930 .qui
776 5851 849 5906 illi
890 5851 1082 5930 Patres
1115 5851 1431 5930 opponant:
1463 5856 1565 5914 nisi
1602 5869 1686 5912 est
1721 5851 1860 5915 idem
1903 5851 2074 5914 bardo
2178 5861 2378 5916 varint.

493 5918 696 5982 homini
743 5937 808 5978 ac
849 5923 1010 6000 plane
1057 5918 1225 5993 czeéo',
1254 5928 1562 5989 divinarum
1606 5943 1801 5989 vocum
1851 5930 2074 5989 divinus

2190 5298 2484 5366 interpres,
2507 5304 2562 5350 et
2594 5295 2942 5352 adversarius
2973 5296 3350 5366 malignusque
3387 5287 3723 5366 calumniator.

2187 5382 2254 5421 ac
2273 5359 2620 5436 de'pravator.
2643 5367 2728 5421 Ab
2749 5367 2869 5421 aliis
2897 5359 3347 5437 supersevdeofne
3365 5365 3480 5437 viro
3504 5359 3724 5437 insultat?

2185 5427 2394 5512 videar,
2441 5439 2553 5512 _qui
2616 5438 2807 5512 magis
2841 5427 3548 5512 illus-nissime'Annalium
3601 5427 3721 5512 Patri

2185 5507 2390 5580 Graeca:
2441 5500 2639 5580 linguae
2695 5500 2950 5580 notitiam
3007 5507 3267 5580 aliquam“
3298 5500 3723 5580 optaverim)!!!

2184 5579 2426 5650 melioris
2467 5575 2788 5650 interpretis
2831 5575 3303 5650 copiamiziqualis
3338 5575 3575 5650 denique
3597 5575 3641 5622 ei
3678 5576 3723 5616 In
