3930 6444
320 451 422 514 821

1481 456 2015 517 EPIS’I‘OLARUM
2056 456 2287 515 LIBER
2326 455 2408 514 ΙΙ.

3459 454 3567 518 822

324 558 631 629 μεταγάγοι
680 559 776 614 τοῦ
825 562 1157 631 σφάλματος,
1218 564 1311 617 καὶ
1352 566 1720 636 καταλλαγείη
1783 569 1897 629 τοῖς

2014 567 2241 622 bonitate
2278 581 2340 620 ac
2367 565 2737 619 misericordia
2780 565 2850 619 ab
2896 578 3082 618 errore
3111 564 3354 630 reducat,
3385 575 3438 620 et
3478 583 3567 622 re-

322 651 629 721 ὐϐρισταῖς,
668 651 763 704 καὶ
791 653 928 723 πρὸς
959 653 1249 722 διόρθωσιν
1288 655 1420 707 ἰδεῖν
1448 658 1859 726 παρασκευάσοι
1878 674 1892 688 ·

320 741 417 793 καὶ
472 744 539 811 τῇ
590 740 812 814 εὐλογίᾳ
864 744 970 797 τῶν
1002 745 1457 814 περιστειλάντων
1496 748 1593 819 τὴν
1624 750 1896 820 πατρικὴν

317 833 711 905 ἀσχημοσύνην
741 836 1042 905 περιλάϐοι·
1080 838 1173 890 καὶ
1207 838 1413 909 μηδένα
1443 838 1537 892 τοῦ
1568 840 1755 893 λοιποῦ
1786 858 1898 893 παι

323 928 638 997 ραχωρήσοι
672 928 927 997 γενέσθαι
966 929 1162 1000 βρῶμα
1194 931 1292 983 καὶ¹
1326 932 1550 1002 θήραμα
1606 933 1700 986 τοῦ
1727 933 1895 1005 ἀρχε-

320 1017 497 1071 κάκου
530 1018 714 1089 θηρός.
747 1021 860 1091 Τῆς
880 1023 979 1091 σῆς
1005 1023 1249 1091 κεφαλῆς
1274 1025 1446 1094 ἱερᾶς,
1476 1026 1603 1088 τοὺς
1634 1026 1772 1097 ὑπὲρ
1798 1027 1896 1096 τῆς

316 1110 545 1162 ἐκείνων
571 1112 848 1181 σωτηρίας
876 1111 1092 1180 ἀγῶνας
1140 1114 1547 1186 ἀναδεχομένης
1566 1156 1583 1183 ,
1618 1116 1713 1169 καὶ
1757 1119 1898 1171 κατά

316 1199 419 1252 τοῦ
446 1200 623 1253 κοινοῦ
668 1206 768 1272 τῆς
813 1203 1027 1271 φύσεως
1058 1204 1322 1275 πολεμίου
1351 1208 1857 1279 τροπαιοφορούσης
1882 1249 1895 1271 ,

316 1291 420 1341 καὶ
444 1292 541 1361 τὴν
565 1291 674 1343 τῶν
702 1292 1137 1365 πεπλανημένων
1170 1296 1445 1366 σωτηρίαν
1472 1297 1589 1368 Θεῷ
1618 1316 1901 1369 καρποφο-

318 1381 528 1451 ρούσης
556 1386 652 1435 καὶ
678 1386 1084 1458 προσαγούσης,
1110 1387 1176 1440 δι’
1193 1380 1265 1441 ὧν
1288 1389 1383 1440 καὶ
1410 1389 1439 1441 ὁ
1462 1390 1599 1457 πρὸς
1632 1391 1779 1459 ἡμᾶς
1801 1389 1899 1458 τῆς

316 1473 477 1537 θείας
528 1476 751 1547 ἀγάπης
796 1477 956 1548 ἔρως,
1006 1480 1272 1544 ἀσϐεστός
1323 1498 1381 1533 τε
1418 1482 1517 1543 καὶ
1536 1482 1901 1553 ἀδιάρῥηκτος

316 1568 713 1639 συντηρηθείη,
732 1570 790 1622 ἐν
814 1570 963 1640 αὑτῷ
988 1573 1208 1643 Χριστῷ
1233 1572 1311 1642 τῷ
1326 1572 1564 1643 ἀληθινῷ
1584 1574 1701 1643 Θεῷ
1722 1574 1897 1644 ἡμῶν·

314 1660 742 1732 πρεσϐευούσης
777 1664 876 1733 τῆς
927 1664 1233 1735 ὑπεραγίας
1277 1666 1575 1735 Δεσποίνης
1619 1667 1777 1736 ἡμῶν
1801 1668 1903 1737 τῆς

313 1753 591 1807 θεοτόκου
612 1770 626 1785 ·
665 1754 775 1807 τῶν
797 1755 1047 1809 θεοειδῶν
1079 1756 1327 1824 ἀγγέλων
1356 1798 1371 1820 ,
1416 1758 1509 1809 καὶ
1542 1759 1755 1811 πάντων
1794 1759 1903 1812 τῶν

312 1843 521 1909 ἁγίων.
573 1845 763 1914 Ἀμήν.

1995 658 2315 714 concilietur
2360 657 2437 712 sic
2476 657 2531 711 in
2576 656 2724 710 illum
2773 655 2971 725 injuria
3011 656 3332 725 procacibus
3359 698 3373 721 ,
3431 673 3570 727 pra:-

1994 760 2209 821 stctque
2235 759 2292 804 ut
2320 750 2595 805 emendari
2630 749 2904 815 studeant,
2929 757 3091 819 atque
3114 750 3251 804 intra
3275 765 3463 804 eorum
3496 752 3571 805 al-

1996 844 2134 915 legat
2168 852 2391 907 sortem,
2434 841 2526 911 qui
2579 850 2864 911 paternam
2902 841 3229 895 obtexerunt
3282 842 3571 911 turpitudi-

1994 951 2118 989 nem
2149 952 2164 989 :
2193 934 2576 1003 neminemque
2621 934 2880 1003 deinceps
2930 948 3109 987 escam
3164 934 3307 989 sinat
3352 934 3469 989 ﬁeri
3520 944 3573 988 et

1994 1027 2233 1097 praedam
2263 1026 2409 1091 ferae,
2450 1040 2569 1095 quae
2602 1025 2867 1078 malorum
2894 1034 3086 1079 auctor
3118 1040 3183 1079 ac
3210 1041 3414 1096 auspex
3448 1035 3569 1090 est;

1994 1117 2123 1172 dum
2154 1118 2526 1172 venerandum
2557 1125 2722 1186 caput
2770 1126 2945 1184 tuum,
2992 1134 3092 1188 pro
3138 1118 3354 1174 illorum
3396 1119 3573 1175 salute

1997 1209 2297 1263 certamina
2348 1209 2620 1274 sustinet,
2673 1220 2727 1264 et
2766 1210 3029 1265 adversus
3078 1225 3423 1266 communem
3470 1213 3571 1267 bu-

1996 1300 2145 1354 mani
2176 1301 2390 1370 generis
2418 1302 2630 1355 hostem
2668 1311 2869 1372 tropaea
2896 1304 3076 1374 erigit;
3109 1303 3458 1375 fructumque
3493 1319 3575 1359 sa-

1998 1388 2125 1443 lutis
2162 1404 2353 1443 eorum
2384 1390 2477 1460 qui
2511 1406 2696 1445 errore
2738 1392 2871 1461 lapsi
2919 1402 3048 1447 sunt
3080 1393 3190 1447 Deo
3239 1394 3374 1457 edit,
3417 1394 3575 1463 eique

1998 1480 2178 1545 aﬂ‘ert,
2225 1482 2423 1550 quibus
2463 1492 2517 1537 et
2564 1483 2759 1537 divime
2789 1484 3071 1540 cltaritatis
3111 1501 3237 1556 erga
3276 1500 3376 1540 nos
3422 1502 3576 1539 amor

2000 1571 2455 1643 inexstinguibilis
2491 1574 2960 1644 inconcussusque
2987 1576 3267 1642 consistat;
3298 1574 3352 1629 in
3384 1575 3573 1630 eodem

1999 1664 2215 1718 Christo
2255 1674 2309 1718 et
2339 1665 2449 1719 Deo
2482 1674 2694 1730 nostro,
2733 1666 3198 1721 intercedentibus
3237 1666 3572 1720 sanctissima

2003 1756 2229 1810 Domina
2258 1766 2443 1811 nostra
2463 1755 2555 1811 Dei
2575 1756 2872 1823 Genitrice,
2888 1758 3205 1828 angelisque
3221 1757 3578 1812 deilormibus

1929 1840 1974 1898 B
2004 1863 2065 1901 ac
2091 1847 2291 1903 sanctis
2324 1849 2596 1903 omnibus.
2628 1849 2820 1904 Amcn.

3457 2029 3558 2047 —

860 2166 1227 2243 I’HOTII
1311 2166 2037 2246 EPISTOLABUM
2102 2168 2406 2247 LIBER
2480 2167 3047 2247 SECUNDUS.

512 2345 865 2403 EPISTOLIE
912 2348 1004 2402 AD
1043 2348 1438 2411 EPISCOI’OS,
1474 2326 1836 2413 CLERICOS,
1881 2346 2273 2415 MONACHOS,
2308 2346 2934 2414 SANCTIMONIALES,
2960 2348 3381 2417 PLERUMQUE

1003 2464 1441 2531 FAMILIARES,
1472 2466 2074 2521 COMIIENDATITIIE
2119 2468 2261 2523 AUT
2307 2465 2895 2524 CONSOLATORUE.

1389 2797 1611 2847 SERIES
1648 2798 1863 2846 PRIMA.
1901 2825 1962 2833 —
1996 2798 2082 2847 ΔΙ)
2120 2797 2483 2848 El’ISCOPOS.

930 2940 1155 2994 ΕΠΙΣΤ.
1194 2940 1274 2994 Δ’.

577 3030 825 3101 Ἰωάννῃ
847 3035 1259 3102 μητροπολίτῃ
1299 3035 1661 3100 Ἡρακλείας.

2660 2938 2875 2994 EPIST.
2920 2940 2963 2994 Ι.

2331 3035 2526 3087 Joanm'
2568 3034 2909 3102 metropolita:
2948 3031 3236 3088 Heraclew.

1605 3147 1876 3195 Montacut.
1904 3148 2007 3210 (ep.
2038 3147 2086 3205 9,
2112 3162 2159 3209 p.
2196 3148 2298 3203 72).

407 3251 755 3324 Ἀπολοφύρῃ
806 3251 874 3305 τὰ
904 3254 970 3305 σὰ
990 3293 1005 3318 ,
1042 3252 1121 3305 ὃτι
1160 3253 1229 3305 τὰ
1259 3252 1503 3324 ἡμέτερα
1533 3256 1767 3321 ἀγνοεῖς.
1800 3254 1907 3306 Είδ’
1937 3260 1980 3318 (2

315 3346 361 3400 δ’
389 3345 693 3414 πάσχομεν,
723 3344 894 3414 ᾕδεις,
923 3345 1017 3397 καὶ
1050 3344 1186 3414 πρὸς
1219 3344 1363 3408 οἵους
1401 3344 1597 3409 ἄθλους
1624 3346 1743 3399 καθ’
1777 3346 1908 3400 ἐκά-

318 3454 463 3507 στην
497 3436 878 3507 ἀποδυόμεθα,
938 3431 1088 3506 οἶμαι
1132 3438 1195 3491 ἀν
1244 3454 1303 3490 σε
1335 3437 1527 3490 λυπεῖν
1577 3441 1638 3491 τὸ
1664 3439 1762 3502 τὰς
1813 3439 1911 3501 σὰς

318 3530 647 3599 ἐξαριθμεῖν
677 3529 771 3581 καὶ
802 3529 1020 3601 θρηνεῖν
1050 3530 1360 3600 συμφοράς.
1397 3530 1507 3583 Καὶ
1531 3530 1640 3583 τῶν
1675 3530 1914 3601 βροντῶν

317 3622 440 3690 γὰρ
476 3621 605 3684 τοὺς
646 3620 919 3685 ἐξαισίους
961 3622 1156 3692 ἥχους,
1190 3622 1409 3674 ἐπειδὰν
1459 3621 1594 3675 πολὺ
1629 3623 1911 3693 καταρρα-

318 3714 490 3781 γῶσι,
527 3711 767 3783 μείζους,
804 3716 915 3777 τοῖς
962 3714 1097 3766 ὠσὶν
1132 3713 1355 3777 ἀλύπως
1389 3716 1578 3783 φέρειν
1616 3714 1840 3783 μᾶλλον,
1875 3716 1909 3783 ἢ

320 3806 617 3876 πρότερον,
650 3805 963 3872 ἐθιζόμεθα.
998 3807 1062 3859 Τί
1095 3803 1189 3861 οὖν
1222 3807 1306 3860 δεῖ
1331 3809 1535 3874 ποιεῖν;
1563 3806 1596 3877 ἢ
1631 3808 1913 3878 καρτερῶς

328 3897 581 3952 ἐναθλεῖν
605 3900 718 3960 τοῖς
752 3898 1119 3965 ἐμπίπτουσιν
1141 3915 1155 3929 ·
1186 3897 1430 3967 ἀκριϐῶς
1466 3897 1694 3961 εἰδότας.
1728 3897 1849 3951 καθ’
1878 3896 1914 3951 ἃ

316 3990 388 4058 δή
425 4007 529 4041 που
562 3989 656 4042 καὶ
699 3989 769 4042 τά
797 3988 917 4042 θεῖα
949 3990 1042 4043 καὶ
1074 3990 1192 4061 ἱερὰ
1236 3989 1663 4060 διαμαρτύρεται
1706 3990 1909 4057 Λόγια,

318 4084 402 4142 ὡς
438 4083 467 4134 ὁ
489 4080 683 4153 παρὼν
729 4081 842 4151 βίος
862 4083 961 4135 οὑκ
1006 4082 1123 4135 ἐστι
1152 4082 1363 4151 τρυφῆς
1397 4082 1492 4135 καὶ
1519 4081 1786 4152 βραϐείων
1820 4083 1912 4134 καὶ

320 4171 605 4235 ἐπάθλων,
631 4173 746 4226 ἀλλ’
775 4171 1005 4241 ἀγώνων
1034 4173 1129 4225 καὶ
1159 4172 1337 4224 πόνων
1366 4174 1462 4225 καὶ
1488 4172 1908 4241 παλαισμάτωνο

318 4266 395 4317 τὰ
437 4265 493 4316 δέ
522 4264 681 4334 γέρα,
723 4266 816 4317 καὶ
854 4265 982 4328 τοὺς
1016 4264 1331 4333 στεφάνους,
1362 4268 1455 4318 καὶ
1484 4264 1582 4334 τὴν
1612 4264 1913 4317 ἀπόλαυσιν

318 4354 544 4408 ἐκεῖθεν
595 4355 873 4425 προσῆκεν
918 4357 1221 4425 ἐπιζητεῖν,
1276 4355 1524 4418 ἐκεῖθεν,
1565 4354 1614 4407 εί
1666 4354 1740 4425 μὴ
1770 4352 1915 4426 μέγα

317 4450 531 4514 εἰπεῖν,
562 4447 698 4501 Θεοῦ
728 4448 1113 4520 φιλανθρωπίᾳ
1140 4449 1237 4502 καὶ
1263 4449 1593 4518 εὑρήσομεν.

955 4734 1179 4787 ΕΠΙΣΤ.
1220 4734 1294 4788 Β’.

573 4827 884 4890 Εὑσταθίῳ
914 4824 1245 4896 πατριάρχῃ
1288 4824 1661 4892 Ἀντιοχείας.

2085 3253 2262 3307 Tuum
2297 3254 2467 3322 ipsius
2495 3252 2747 3322 deploras
2773 3258 2998 3313 statum,
3056 3266 3181 3305 nam
3214 3250 3430 3321 ignoras
3460 3266 3587 3305 nos-

2016 3352 2181 3398 trum.
2208 3345 2362 3410 Quod
2397 3343 2442 3399 si
2472 3344 2559 3397 illa
2589 3358 2968 3414 cognosceres,
3010 3358 3131 3412 qua:
3179 3358 3280 3397 nos
3324 3342 3580 3412 patimur,

2015 3446 2065 3487 cl
2101 3434 2167 3488 ad
2198 3448 2319 3503 quae
2350 3433 2647 3487 certamina
2675 3431 2921 3502 quotidie
2951 3430 3357 3498 descendimus,
3390 3430 3588 3501 opinor

2016 3534 2069 3578 te
2098 3523 2243 3578 nolle
2281 3523 2509 3577 ulterius
2535 3521 2785 3593 proprias
2810 3530 2929 3575 tuas
2952 3535 3275 3575 enumerare
3299 3520 3383 3573 vel
3402 3520 3589 3589 deplo-

2017 3628 2139 3667 rare
2168 3613 2435 3667 miserias.
2465 3612 2775 3667 Fulminum
2810 3620 2959 3666 certe
2991 3626 3156 3665 sonos
3190 3621 3243 3666 ct
3282 3610 3583 3666 tonitruum

2017 3706 2307 3768 infaustos,
2365 3705 2492 3779 dum
2543 3704 2749 3774 majore
2793 3718 2918 3758 cum
2958 3704 3189 3758 horrore
3227 3703 3586 3769 incutiantur,

2014 3814 2136 3851 cum
2164 3806 2315 3852 metu
2346 3795 2577 3851 sull‘erre
2617 3795 2912 3850 assuefacti
2954 3810 3145 3850 sumus
3198 3794 3391 3861 multo,
3422 3810 3589 3865 quam

2015 3889 2169 3953 olim,
2213 3888 2447 3942 minore.
2506 3885 2647 3953 Quid
2690 3885 2957 3958 agendum
3002 3884 3207 3957 igitur?
3248 3883 3395 3938 Nihil
3439 3893 3589 3938 certe

2014 3982 2162 4036 aliud
2181 3997 2345 4050 quam
2378 3978 2683 4034 animosius
2714 3978 2996 4033 colluctari
3036 3993 3161 4033 cum
3192 3977 3259 4033 iis
3300 3992 3423 4047 qua
3446 3976 3590 4031 acci-

2014 4074 2249 4126 derunt:
2280 4080 2341 4125 ut
2378 4070 2471 4140 qui
2494 4070 2734 4125 sciamus
2765 4069 2993 4139 optime,
3024 4068 3170 4139 quod
3219 4082 3372 4123 sacra
3431 4066 3591 4121 nobis

2015 4173 2070 4217 et
2104 4164 2288 4217 divina
2330 4161 2550 4216 oracula
2584 4169 2904 4231 suggerunt,
2948 4176 3057 4214 non
3089 4175 3209 4215 esse
3238 4160 3405 4214 vitam
3448 4158 3592 4213 hanc

2015 4264 2341 4325 praesentem
2370 4253 2501 4307 luxu
2529 4252 2940 4314 transeundam,
2975 4251 3121 4305 haud
3152 4251 3208 4304 in
3235 4250 3329 4304 illa
3360 4249 3597 4306 corollas

2014 4355 2072 4399 et
2109 4344 2337 4416 praemia
2376 4342 2830 4407 ccttdonari,-sed
2855 4342 3181 4404 certamina,
3216 4341 3452 4401 labores,
3477 4340 3590 4395 col—

2016 4438 2349 4492 luctamcnta
2427 4436 2748 4500 subeunda;
2826 4436 3267 4500 retributionem,
3336 4448 3587 4495 coronas,

2016 4529 2337 4586 fruitionem
2368 4528 2493 4583 inde
2518 4528 2907 4598 exspectanda,
2936 4526 3081 4582 unde
3108 4527 3295 4588 etiam,
3326 4525 3380 4579 id
3405 4533 3492 4579 est
3521 4524 3599 4579 de

1946 4620 1989 4675 D
2020 4624 2178 4688 caelo,
2213 4638 2310 4693 per
2344 4622 2583 4677 divinam
2620 4621 3048 4676 misericordiam
3093 4621 3183 4674 illa
3226 4619 3589 4674 inveniemus.

2647 4731 2861 4786 EPIST.
2902 4732 2967 4787 II.

2288 4824 2564 4879 Eustathio
2616 4825 2935 4895 patriarcha:
2982 4824 3323 4878 Antiocheam.

1618 4935 1886 4985 Montacut.
1914 4936 2016 4999 (ep.
2054 4936 2130 4996 11,
2156 4951 2206 4999 p.
2231 4936 2335 4997 73).

401 5049 516 5118 Τῆς
539 5046 659 5099 ὁδοῦ
692 5045 759 5098 τὸ
788 5045 986 5115 μῆκος,
1019 5046 1113 5097 καὶ
1152 5043 1260 5097 τῶν
1300 5045 1511 5116 ἐχθρῶν
1539 5046 1568 5097 ὁ
1597 5029 1783 5113 φόϐος,
1816 5046 1912 5099 λα-

311 5141 568 5203 κονίςειν
604 5140 740 5210 ἡμῖν
782 5136 1128 5190 ὑποτίθεται·
1174 5137 1269 5190 καὶ
1317 5139 1432 5205 εἴγε
1479 5136 1732 5207 ἀλλήλοις
1782 5153 1909 5189 συν-

308 5236 531 5300 έκειτο,
554 5231 650 5284 καὶ
695 5228 962 5283 σκυτάλαι
1013 5229 1081 5282 ἂν
1110 5229 1211 5299 τὴν
1250 5228 1543 5299 ἐπιστολὴν
1581 5226 1908 5298 διεκόμιζον.

308 5324 499 5378 Φασὶν
545 5322 638 5375 οὖν
694 5338 788 5374 σου
839 5321 939 5391 τὴν
993 5321 1272 5393 ἱερατικὴν
1323 5322 1642 5389 τελειότητα
1677 5323 1809 5393 ἐρᾷν
1849 5340 1912 5375 τε

312 5416 515 5487 ἡμῶν,
564 5414 661 5467 καὶ
716 5413 845 5467 ἰδεῖν
891 5413 1176 5483 ἐφίεσθαι·
1225 5415 1318 5469 καὶ
1352 5416 1514 5485 ἡμεῖς
1550 5414 1629 5481 δὲ,
1662 5416 1795 5480 ἴσθι,
1839 5415 1915 5479 ὡς

310 5509 489 5563 οὐδὲν
532 5507 755 5561 ἔλαττον
792 5507 875 5573 (τί
911 5506 1023 5577 γὰρ
1060 5509 1167 5579 χρὴ
1198 5509 1319 5561 νυνὶ
1350 5510 1810 5576 διαφιλονικεῖν;)
1840 5507 1917 5569 ὡς

315 5598 490 5669 παρὰ
521 5598 657 5651 πολὺ
688 5597 873 5663 πλέον,
907 5600 1051 5652 κατὰ
1069 5600 1163 5652 τὸν
1192 5600 1349 5652 Θεῖον
1372 5599 1561 5653 τοῦτον
1594 5599 1775 5669 ἔρωτα
1802 5599 1919 5652 δια-

318 5688 589 5760 κείμεθα.
644 5690 707 5743 Εί
745 5686 839 5743 οὖν
874 5693 986 5755 τοῖς
1024 5690 1205 5760 λόγοις
1238 5692 1333 5745 καὶ
1366 5692 1599 5763 ἀλήθεια
1651 5690 1919 5761 ἐπικάθη-

314 5802 449 5847 ται,
475 5781 535 5835 τὸ
564 5782 773 5836 κωλῦον
795 5782 947 5836 οὐδὲν
964 5783 1092 5847 τοὺς
1117 5783 1365 5852 ἀλλήλων
1387 5784 1648 5855 ἐραστὰς,
1686 5783 1835 5854 ἔργῳ
1854 5800 1913 5835 τε

316 5878 429 5931 τὸν
468 5874 634 5929 πόθον
663 5876 1034 5946 παραστῆσαι,
1065 5876 1157 5929 καὶ
1194 5875 1443 5947 ἀλλήλοις
1474 5875 1917 5947 ἐμφανισθῆναι,

2097 5046 2209 5100 Vite
2246 5045 2550 5116 longitudo,
2607 5053 2662 5099 et
2691 5045 2930 5100 hostium
2965 5053 3171 5110 metus,
3211 5054 3592 5116 argumentum

2020 5137 2376 5207 suppeditant
2416 5136 2722 5192 Iaconismi.
2761 5136 2828 5191 Et
2854 5145 3007 5193 certe
3035 5136 3081 5191 si
3112 5138 3217 5192 hoc
3234 5147 3424 5193 mutuo
3450 5139 3591 5209 pacti

2018 5229 2321 5293 fueramus,
2354 5228 2563 5283 scutale
2612 5229 2902 5299 epistolam
2957 5230 3277 5300 expeditam
3332 5233 3589 5287 traderet.

2022 5324 2219 5378 Fertur
2239 5324 2629 5379 sacerdotalem
2650 5333 2795 5379 tuam
2818 5324 3211 5395 perfectionem
3230 5342 3331 5383 nos
3349 5328 3592 5398 diligere,

2023 5426 2078 5470 et
2118 5425 2465 5485 conspectam
2512 5431 2746 5486 cupere:
2795 5416 3033 5495 noveris
3062 5426 3246 5472 autem
3297 5433 3397 5473 nos
3446 5419 3591 5488 (nam

2022 5508 2150 5579 quid
2182 5509 2270 5564 hic
2317 5523 2457 5578 opus
2494 5510 2893 5563 contestatione
2921 5508 2970 5578 ?)
3004 5524 3111 5562 non
3140 5510 3342 5574 minus,
3376 5510 3423 5564 si
3482 5525 3595 5563 non

2024 5599 2218 5668 magis,
2249 5599 2354 5653 hoc
2408 5598 2710 5653 secundum
2770 5598 2940 5653 Deum
2994 5598 3199 5653 aﬂ‘ectu
3240 5599 3493 5655 detineri.
3538 5600 3596 5652 Si

2031 5690 2217 5744 verbis
2250 5690 2415 5760 igitur
2445 5704 2633 5744 comes
2654 5690 2898 5744 adhaeret
2924 5690 3147 5755 veritas,
3182 5692 3316 5746 nihil
3350 5692 3597 5763 impedit.

2019 5783 2315 5852 quominus
2349 5783 2442 5853 qui
2473 5800 2533 5839 se
2577 5791 2769 5837 mutuo
2797 5781 3027 5859 diligunt
3056 5782 3239 5853 rcipsa
3266 5785 3599 5841 desiderium

2020 5874 2341 5944 adimplere,
2372 5875 2529 5931 alteri
2590 5874 2821 5928 alterum
2848 5870 3114 5941 pateﬁeri,
3146 5886 3202 5927 et
3249 5875 3379 5933 inde
3425 5874 3593 5932 resub
