3930 6418
223 448 327 509 825

1380 450 1913 513 EPISTOLARUM
1960 452 2191 512 LIBER
2232 453 2312 512 II.

3379 449 3485 514 826

218 576 307 629 τες
331 575 345 589 ·
379 559 480 611 καὶ
509 559 556 610 οἱ
604 558 705 628 μὲν
740 558 889 613 ἄλλοι
920 560 1264 630 θαυμάζουσι
1303 564 1606 634 χαίροντες.
1642 563 1790 619 Ἐσθ“

1902 561 1967 617 ad
1995 578 2095 618 nos
2128 578 2157 617 a
2182 562 2341 617 vobis
2380 562 2667 616 accedunt.
2702 562 2805 616 Alii
2833 560 3049 631 quidem
3075 575 3199 615 cum
3247 561 3483 617 admira-

215 652 305 705 ὅτε
337 651 476 720 γάρ,
507 650 799 714 ὑπνοῦντος
826 651 921 706 τοῦ
963 653 1179 723 φθόνου,
1210 656 1363 709 οὐδὲν
1400 652 1561 730 ἦττον
1591 656 1801 729 ἀνθρω-

1905 654 2053 709 tione
2094 654 2365 726 gaudent;
2431 655 2503 708 ita
2553 655 2700 708 enim
2736 653 3011 708 interdum
3051 652 3140 717 tit,
3198 660 3260 705 ut
3309 654 3485 722 sopito

221 760 309 799 ποι
360 745 479 804 τοῖς
526 742 797 813 ἀλλήλων.
834 744 866 815 ἢ
904 748 1015 810 τοίς
1046 748 1247 815 αὐτῶν,
1281 749 1564 819 ἠδύνονται
1605 770 1790 824 κατορ·

1905 745 2094 809 livore,
2135 761 2243 800 non
2270 746 2454 800 minus
2499 746 2730 800 aliorum
2764 759 2916 801 reete
2945 746 3104 800 factis
3151 762 3315 816 quam
3340 747 3481 800 suis-

220 832 495 901 θώμασιν.
558 834 700 903 Ἐγὼ
745 835 801 889 δὲ
835 836 1011 906 χαίρω
1044 840 1223 908 μόνον,
1263 840 1324 893 τὸ
1366 842 1667 914 θαυμάζειν
1702 846 1802 915 ἰφ-

218 925 439 993 έμενος.
482 926 556 979 Οὐ
597 927 706 998 γὰρ
752 929 980 998 ἠγνόουν
1010 947 1068 982 σε
1089 933 1329 989 τοιοῦτον
1356 934 1507 997 ὄντα.
1538 937 1650 991 οὐδ’
1677 939 1802 993 ἀνο-

224 1016 413 1086 μοίους
446 1018 614 1074 πάλαι
654 1022 752 1083 τάς
781 1022 1004 1085 ἐλπίδας
1037 1020 1185 1094 εἶχον
1215 1027 1343 1097 ὅσγε
1385 1029 1481 1082 καὶ
1512 1029 1683 1096 θείαις
1708 1047 1801 1085 τε·

219 1110 404 1173 λεταῖς
435 1116 876 1187 μυσταγωγήσας
904 1117 1136 1189 ἱέρωσα’
1162 1118 1461 1190 θαυμάζειν
1482 1123 1526 1176 δ’
1554 1123 1621 1177 ἀν
1645 1121 1799 1196 οἶμαι

224 1199 582 1271 προαχθείην,
630 1206 683 1258 εἴ
716 1204 766 1257 τί
797 1223 893 1259 σου
942 1208 1050 1260 τῶν
1097 1209 1333 1279 τρόπων,
1364 1213 1459 1266 καὶ
1499 1213 1594 1267 τοῦ
1627 1216 1798 1284 ἐγνω-

222 1294 429 1361 σμένου
460 1293 644 1363 ηθους,
677 1296 1098 1369 ἀλλοτριώτερον
1127 1301 1499 1373 διακούσαιμι.
1527 1306 1588 1359 Et
1609 1306 1688 1369 δὲ,
1723 1308 1797 1381 μὴ

220 1384 448 1451 φεύγειν
503 1387 602 1456 τὴν
646 1389 894 1459 ἐφορίαν,
941 1393 1025 1461 ἐφ’
1152 1393 1247 1446 νῦν
1301 1396 1568 1465 ἐτάχθης,
1616 1399 1799 1465 καλῶς

219 1475 596 1549 κατορθώσῃς,
630 1479 975 1547 λειποταξίαν
1021 1486 1222 1556 κρίνων
1256 1488 1354 1559 τὴν
1402 1490 1798 1564 ἐπαινουμένην

219 1565 385 1617 πάλαι
420 1568 654 1637 ἡσυχίαν
680 1586 694 1600 ο
744 1567 803 1626 εὖ
838 1576 969 1636 ῐσθι.
1008 1576 1085 1640 ὼς
1115 1578 1274 1633 τοῦτο
1319 1580 1386 1633 ἂν
1426 1580 1541 1653 ἅμα
1566 1584 1791 1655 χαίρων,

218 1656 312 1709 καὶ
344 1657 445 1711 σὺν
468 1660 551 1712 ὅτι
577 1661 812 1730 μάλιστα
835 1667 1044 1738 ἐπαίνῳ
1070 1668 1438 1742 θαυμάσαιμι.

815 1959 1039 2016 sum.
1085 1963 1177 2030 ς’.

228 2040 477 2131 Ἰιοῴςνη
530 2051 943 2131 μητροπολίζῃ
1003 2053 1376 2131 ᾞραξιλείας,
1416 2060 1529 2129 τῆς
1568 2062 1791 2120 ἐπανα-

276 2123 561 2252 ἷέἑὲἕως
608 2123 714 2186 τῆς
763 2123 915 2176 κατὰ
982 2124 1090 2194 τὴν
1152 2123 1791 2197 Ἀρμενίανρύνιστα-

1816 1902 1866 1963 Β

1901 846 2015 892 met
2044 837 2284 906 ipsorum
2319 836 2661 892 obiectantur
2690 838 2963 891 homines.
3006 835 3118 907 Ego
3149 836 3332 890 mirari
3362 837 3486 906 qui-

1902 930 2027 984 dem
2066 930 2243 994 mitto,
2292 938 2507 984 tantum
2532 929 2762 1000 gaudeo.
2795 928 2982 998 Neque
3012 928 3161 982 enim
3197 939 3272 994 te,
3305 928 3484 998 qualis

1906 1037 2069 1086 cras,
2117 1023 2460 1091 ignorabam,
2512 1038 2615 1077 nec
2672 1022 2966 1077 dissimiles
3007 1022 3119 1092 jam
3164 1021 3293 1076 olim
3358 1036 3485 1091 spes

1901 1113 2151 1168 fovebam
2178 1132 2193 1181 ;
2224 1115 2425 1184 quippe
2448 1114 2538 1184 qui
2574 1114 2744 1169 sacris
2765 1113 3202 1168 Christianorum
3220 1113 3482 1168 institutis

1899 1206 2216 1274 episcopum
2248 1206 2520 1261 ordinavi.
2552 1206 2634 1260 Ad
2677 1205 2990 1260 mirandum
3035 1219 3188 1267 vero,
3224 1205 3479 1269 arbitror,

1900 1299 2274 1368 procederem,
2316 1299 2360 1354 si
2408 1298 2537 1368 quid
2567 1298 2901 1368 accepissem
2934 1297 3101 1351 fando
3130 1297 3481 1350 immutatum

1898 1389 1965 1442 de
1997 1390 2276 1454 moribus,
2312 1398 2369 1443 et
2408 1390 2539 1443 mihi
2590 1399 2716 1445 nota
2767 1389 2901 1444 satis
2951 1388 3289 1453 conditione,
3346 1389 3479 1443 tuis.

1898 1483 2051 1549 Quod
2077 1483 2119 1537 si
2143 1500 2252 1537 non
2293 1483 2671 1554 subterfugere
2701 1482 3059 1552 provinciam,
3094 1484 3147 1537 in
3195 1498 3299 1553 qua
3344 1498 3478 1537 con-

1897 1576 2123 1629 stitutus
2135 1590 2216 1637 es,
2247 1584 2394 1630 recte
2419 1584 2597 1630 tecum
2623 1583 2856 1637 statuas,
2884 1574 3247 1629 desertionem
3276 1572 3481 1628 ordinis

1895 1666 2218 1723 existimans
2248 1666 2527 1721 laudatam
2568 1666 2665 1720 tibi
2696 1666 2826 1719 olim
2864 1665 3344 1736 tranquillitatem,
3377 1679 3481 1717 no-

1898 1764 2012 1809 tum
2066 1756 2163 1810 tibi
2207 1755 2281 1811 sit
2308 1756 2451 1825 quod
2493 1755 2744 1809 affectum
2782 1756 2947 1810 istum
2980 1771 3105 1811 cum
3158 1756 3376 1828 gaudio,
3424 1763 3481 1811 et

1894 1864 2088 1921 magna
2131 1848 2296 1905 etiam
2327 1863 2450 1903 cum
2479 1847 2639 1903 laude
2666 1847 2988 1904 admirarer.

2514 1959 2732 2016 EPIST.
2769 1960 2859 2017 VI.

1889 2052 2090 2107 Joanm’
2126 2054 2462 2108 Heracleensi
2492 2053 2836 2125 metropolita:
2859 2092 2876 2117 ,
2906 2070 3025 2110 cum
3055 2070 3150 2125 per
3173 2056 3477 2110 Armeniam

2386 2124 2610 2195 defectio
2633 2124 2949 2192 agitaretur.

1477 2298 1744 2353 Montacut.
1784 2306 1884 2372 (ep.
1914 2310 1993 2369 28,
2016 2323 2066 2371 p.
2089 2308 2194 2373 87).

296 2366 722 2462 ’ἀπηλγημένας
766 2373 944 2439 λύπας
973 2376 1229 2451 ἀριθμεῖς
1274 2382 1367 2438 ἐπὶ
1398 2391 1464 2459 τῇ
1500 2394 1642 2462 φορᾷ
1682 2395 1784 2452 τῶι

220 2456 513 2526 παρόντων
540 2462 745 2529 κακῶν,
780 2464 966 2537 ὥσπερ
997 2468 1138 2523 ἑκὼν
1183 2472 1282 2536 τὰς
1310 2456 1592 2547 αἰσθήσεις
1618 2456 1792 2551 μύων,

218 2551 304 2600 καὶ
333 2552 432 2601 οὐκ
465 2553 671 2606 ἐθέλων
713 2556 866 2627 ὁρᾷν.
915 2559 1129 2614 Σείεται
1162 2563 1349 2632 σχεδὸν
1381 2568 1413 2637 ἠ
1457 2568 1610 2623 Ἀσία
1646 2574 1793 2626 πᾶσα

219 2639 461 2737 ἐμφυλίῳ
512 2645 732 2737 στάσει.
778 2649 870 2700 καὶ
914 2650 1101 2716 πόλεις
1153 2653 1444 2728 αὔτανδροι
1475 2662 1795 2737 ὑποϐρύχιοι

218 2731 476 2828 adponat
507 2736 586 2806 τῷ
612 2738 789 2807 κακῷ,
824 2742 852 2793 ὁ
872 2742 973 2795 δὲά
999 2744 1098 2813 τὴν
1119 2748 1294 2818 φορὰν
1316 2752 1522 2823 ταύτην
1552 2731 1795 2828 ἐπισχεῖν

220 2823 421 2923 ἐλπίδες
445 2823 611 2923 ᾖσαν,
638 2831 735 2901 οὐχ
762 2833 843 2885 ὅτι
865 2834 1016 2889 οὐδὲν
1041 2838 1343 2909 ἐπικουρεῖ,
1374 2844 1509 2898 ἀλλά
1536 2849 1630 2901 καὶ

299 2916 575 3010 βαραθρΟν
628 2925 905 2989 συνωθῶν,
944 2930 1005 2979 οὐ
1041 2931 1212 3001 μικρά
1240 2935 1337 2988 ἐπὶ
1365 2938 1539 3010 τούτῳ
1584 2916 1788 3010 φρονεῖ.

221 3008 278 3058 Ol
304 3009 411 3078 γάρ
467 3014 870 3084 καθηγούμενον.
903 3018 996 3074 τοῦ
1045 3025 1297 3093 στρατοῦ,
1333 3028 1486 3082 αὐτοὶ
1512 3008 1656 3087 κατά
1685 3036 1793 3090 τῶν

218 3098 497 3169 δυσμενῶν
537 3106 607 3159 τά
653 3108 791 3161 ὅπλα
824 3111 1013 3182 φέρειν
1054 3115 1312 3183 μεθέντες
1343 3121 1450 3187 (ὲῶ
1487 3123 1545 3175 δὲ
1571 3126 1687 3192 νῦν,
1714 3128 1790 3193 ὡς

1973 2398 2237 2453 Mmrores
2291 2395 2601 2454 insensatos
2668 2412 2959 2454 enumeres
3005 2396 3475 2470 impraaswtium

1899 2491 2167 2544 malorum
2198 2490 2513 2552 diiiusione,
2581 2491 2812 2561 perinde
2862 2507 2926 2546 ac
2956 2492 3001 2546 si
3040 2507 3235 2546 sensus
3282 2490 3477 2545 volun-

1900 2584 2036 2638 tarie
2068 2584 2400 2648 occluseras,
2447 2599 2629 2653 neque
2669 2584 2888 2638 animus
2935 2592 3081 2638 esset
3109 2583 3282 2637 oculis
3315 2598 3476 2637 usur-

1904 2692 2060 2746 pare.
2105 2674 2367 2729 Universa
2400 2691 2536 2745 pene
2581 2675 2709 2729 Asia
2750 2676 3008 2730 intestina
3054 2674 3365 2729 concutitur
3388 2689 3477 2728 se-

1907 2766 2148 2831 ditione;
2182 2766 2428 2820 civitates
2463 2782 2586 2820 cum
2620 2774 2729 2820 tota
2778 2764 3078 2819 incolarum
3128 2764 3478 2819 multitudine

1896 2858 2041 2912 malo
2072 2856 2319 2911 feruntur
2349 2858 2601 2921 involuti,
2636 2868 2692 2913 et
2734 2856 2981 2912 suﬁocati
3019 2858 3201 2911 undis.
3234 2856 3337 2922 Qui
3363 2856 3479 2911 rui-

1894 2964 2022 3002 nam
2056 2948 2198 3003 hanc
2248 2959 2510 3020 concepta
2558 2966 2654 3020 spe
2698 2948 3080 3004 sufl‘ulciturus
3128 2948 3477 3013 credebatur,

1892 3056 2001 3095 non
2036 3040 2198 3093 modo
2224 3041 2356 3095 nihil
2390 3042 2573 3097 auxilii
2622 3052 2859 3111 prmstat,
2900 3039 2994 3097 sed
3027 3042 3078 3094 in
3116 3039 3478 3111 praecipitium

1899 3148 1991 3186 res
2036 3132 2310 3196 deturbat,
2369 3142 2530 3202 atque
2575 3149 2692 3187 eam
2734 3134 2803 3187 ob
2849 3149 2964 3187 rem
3019 3131 3255 3202 gloriose
3306 3130 3375 3186 de
3417 3145 3480 3186 se

220 3193 348 3288 κατὰ
382 3197 495 3288 τῆς
528 3198 665 3261 ίδίας
697 3203 940 3271 κεφαλῆς
986 3206 1081 3259 καὶ⁹
1105 3208 1286 3280 ἀρχῆς
1315 3213 1785 3287 ἐπανετείναντο),

1902 3223 2091 3279 sentit.
2148 3223 2492 3277 Exercituum
2525 3225 2795 3288 ductores,
2829 3224 3033 3278 omisso
3085 3224 3138 3276 in
3173 3223 3356 3277 hostes
3383 3237 3479 3275 ca-

219 3283 323 3380 ἀλλ’
348 3286 441 3340 οὖν
482 3291 603 3341 κατ’
634 3291 877 3363 ἀλλήλων
905 3295 1094 3366 φέρειν
1120 3299 1181 3353 τὸ
1214 3307 1607 3375 στρατιωτικὸν
1628 3283 1789 3380 ἐϐαρ-

219 3374 493 3468 δάρωσαν,
525 3380 646 3434 οὕτε
674 3384 908 3456 θεσμοὺς
933 3389 1129 3458 θείους,
1161 3374 1291 3448 οὔτε
1332 3397 1702 3468 ἀνθρωπίνους
1730 3374 1790 3456 εν

221 3465 351 3562 λογῳ
381 3475 767 3544 ποιησάμενοι.
818 3479 941 3543 Πῶς
977 3483 1076 3536 οῐει
1104 3483 1199 3554 τὴν
1226 3486 1382 3540 πόλιν
1414 3465 1508 3542 καὶ
1535 3492 1661 3555 τοὺς
1695 3492 1764 3562 βα

221 3560 372 3656 σιλείς
398 3564 626 3629 αὐτοὺς,
662 3570 710 3621 εί
734 3568 913 3640 βούλει
942 3572 999 3627 δὲ
1033 3575 1125 3630 καὶ
1152 3577 1319 3646 ἡμᾶς,
1362 3579 1458 3633 ἐπὶ
1485 3560 1790 3656 τηλικούτῳ

219 3649 517 3747 διακεῖσθαι
566 3660 762 3727 πείθεις
791 3665 887 3719 “Av
923 3665 980 3719 δὲ
1010 3667 1072 3720 τὸ
1099 3670 1277 3723 κοινὸν
1320 3649 1549 3747 λωφήση
1593 3649 1786 3746 κακὸν,

218 3743 444 3821 λωφήσει
485 3751 563 3816 δὲ,
618 3753 816 3825 (τοῦτο
845 3756 955 3829 γὰρ
986 3760 1048 3813 τὸ
1070 3761 1200 3816 εὐθὺ
1242 3764 1341 3834 τῆς
1369 3743 1658 3840 δίκηςνκαὶ
1700 3743 1789 3824 λέξ-

218 3852 323 3902 γειν
359 3842 676 3911 ἀναπείθει,
714 3849 808 3902 καὶ
856 3851 1087 3919 ἐννοεῖν)
1135 3855 1417 3928 οἰχήσεται
1464 3861 1559 3913 καὶ
1590 3862 1659 3915 τά
1704 3864 1791 3914 ὲν-

218 3931 479 4002 οχλοῦντα
528 3938 744 4009 ἑκάστῳ
792 3942 886 3995 καὶ
932 3943 1039 4016 ἰδίᾳ
1082 3944 1322 4018 λυπηρὰ,
1350 3950 1458 4003 τῶν
1484 3950 1664 4021 νόμων
1697 3954 1790 4008 ἐπὶ

219 4022 306 4091 τὴν
352 4026 497 4083 ἰδίαν
528 4029 681 4100 ἰσχὺν
709 4032 1128 4102 ἀνενεγκόντων,
1159 4039 1253 4093 καὶ
1295 4040 1404 4094 τῶν
1425 4042 1634 4096 ἀδικεῖν
1666 4045 1787 4098 ἐπι-

219 4117 561 4185 χειρούντων,
592 4122 623 4193 ἢ
659 4126 751 4176 καὶ
779 4127 1173 4196 ἀδικησάντων,
1210 4130 1310 4200 τὴν
1338 4130 1496 4202 δίκην
1526 4136 1788 4190 ἀπαιτου-

224 4207 405 4273 μένων.
439 4213 717 4285 "Eppium.

829 4485 1053 4541 ΕΠΙΣΤ.
1096 4486 1170 4543 Z'.

431 4570 708 4641 Θεοὸιίφῳ
740 4579 1152 4649 μητροπολίτῃ
1192 4581 1568 4651 Λαοδικείας.

1816 4582 1863 4641 D

1896 3313 2286 3383 pessendorum
2325 3330 2604 3368 armorum
2627 3324 2749 3369 actu
2784 3317 2907 3385 (nec
2935 3314 3113 3368 refero
3139 3322 3479 3383 quantopere

1897 3402 1955 3457 in
1986 3403 2269 3472 proprium
2328 3404 2571 3473 ipsorum
2625 3414 2787 3473 caput
2842 3414 2897 3459 et
2944 3404 3230 3473 imperium
3282 3403 3474 3471 conju-

1896 3499 2040 3555 rent)
2076 3497 2131 3551 in
2183 3507 2599 3560 semetmutuo.
2660 3500 3019 3554 barbarorum
3068 3514 3246 3563 more,
3296 3506 3473 3553 castra

1894 3601 2117 3646 movent
2141 3634 2157 3657 ,
2194 3592 2271 3645 nil
2298 3592 2444 3662 leges
2479 3592 2569 3647 Dei
2599 3592 2780 3655 veriti,
2816 3592 2895 3645 nil
2942 3592 3212 3645 humanos
3253 3590 3478 3645 reveriti

1897 3699 2096 3739 mores.
2147 3682 2437 3751 Quomodo
2497 3693 2677 3754 putas,
2734 3683 2886 3751 urbs,
2939 3683 3298 3752 imperatores
3343 3682 3474 3751 ipsi,

1896 3775 2056 3830 etiam
2092 3792 2212 3841 nos,
2245 3776 2287 3830 si
2337 3776 2492 3841 velis.
2524 3775 2791 3832 afﬁcimur
2821 3776 2925 3831 hac
2956 3783 3105 3830 tanta
3128 3774 3481 3829 calamitate?

1896 3865 2047 3929 Quod
2085 3864 2129 3919 si
2175 3880 2463 3919 commune
2511 3865 2617 3920 hoc
2664 3864 2908 3935 quiescat
2962 3865 3189 3926 malum,
3237 3862 3465 3917 omnino

1895 3966 2075 4010 autem
2110 3958 2467 4027 conquiescat
2516 3957 2615 4025 (ita
2659 3959 2809 4012 enim
2839 3966 2898 4012 ut
2930 3956 3215 4026 loquamur
3258 3969 3482 4026 persua-

1896 4050 1989 4104 det
2008 4049 2269 4121 justitia),
2289 4052 2451 4106 simul
2473 4052 2636 4107 etiam
2660 4053 2960 4108 evanitura:
2977 4061 3124 4118 sunt,
3144 4066 3264 4122 quae
3286 4066 3479 4121 quem—

1907 4141 2040 4195 libet
2066 4142 2329 4212 privatim
2360 4154 2560 4215 urgent
2590 4144 2937 4200 calamitates
2969 4160 2983 4208 ;
3016 4153 3258 4198 veterem
3286 4142 3395 4196 vim
3425 4152 3481 4198 et

1895 4231 2133 4287 debitam
2162 4234 2484 4291 obtinebunt
2512 4236 2699 4308 leges;
2725 4236 2793 4291 de
2832 4236 2896 4290 iis
2935 4235 3024 4304 qui
3060 4234 3244 4304 injusti
3276 4234 3477 4302 aliquid

1898 4333 2206 4391 patrarunt,
2235 4335 2290 4379 et
2321 4326 2525 4397 injuste
2551 4337 2770 4398 patrare
2798 4326 3133 4390 volentibus.
3154 4325 3477 4397 supplicium

1896 4424 2160 4471 sumetur.
2200 4416 2345 4473 Vale.

2503 4508 2719 4562 EPIST.
2762 4508 2874 4563 VII.

2208 4597 2468 4653 Theodoro
2501 4598 2843 4667 metropolitw
2873 4597 3163 4653 Laodicea.

1478 4676 1745 4731 Montacut.
1770 4684 1875 4748 (ep.
1907 4686 1986 4747 40,
2007 4700 2058 4750 p.
2083 4688 2190 4751 98).

284 4768 340 4823 El
402 4774 618 4829 στάδιόν
661 4777 809 4830 ἐστιν
857 4779 886 4831 ὁ
935 4779 1128 4850 παρὼν
1176 4780 1313 4851 βίος,
1362 4784 1613 4839 ἐπάθλων
1653 4788 1712 4842 δὲ
1746 4791 1780 4859 ἡ

1958 4793 2018 4851 Si
2077 4796 2315 4851 stadium
2388 4796 2497 4853 vita
2560 4812 2803 4869 praesens
2866 4794 3052 4855 fuerit.
3100 4791 3472 4864 praemiorum,

218 4855 415 4959 έκεῖθεν
461 4866 705 4920 πολιτεία
728 4886 741 4900 ·
774 4868 849 4940 μὴ
884 4869 1132 4940 θαύμαζε
1159 4874 1207 4926 εί
1237 4873 1348 4927 τῶν
1375 4875 1601 4929 δικαίων
1633 4855 1782 4944 τινὲς

1902 4899 2011 4953 quae
2040 4896 2269 4941 ventura
2316 4896 2423 4952 est,
2452 4855 2637 4959 politia
2667 4887 2792 4943 erit.
2829 4885 2947 4941 Noli
2983 4884 3168 4938 mirari
3200 4883 3250 4937 si
3290 4881 3443 4952 justo

219 4948 439 5009 ἐνταῦθα
486 4960 886 5031 ταλαιπωρίαις
934 4964 1253 5033 παλαίουσι,
1306 4967 1444 5021 ἀλλά
1498 4970 1699 5039 μᾶλλον
1732 4971 1788 5025 εἴ

1902 4994 2011 5033 rum
2061 4979 2227 5049 aliqui
2261 4995 2386 5034 cum
2432 4980 2669 5034 miseriis
2718 4979 2809 5033 hic
2860 4976 3256 5031 colluctentur:
3304 4972 3476 5043 magis

216 5055 351 5106 τινες
377 5048 487 5101 τῶν
533 5050 761 5119 ἀγώνων
805 5054 899 5106 καὶ
931 5055 1109 5109 ἄθλων
1137 5058 1231 5111 καὶ
1270 5059 1463 5126 καιρὸν
1492 5062 1587 5114 καὶ
1616 5061 1784 5116 τόπον

220 5139 507 5207 στεφάνων,
532 5143 746 5213 ἡμέραν
770 5147 863 5198 καὶ
882 5147 1242 5219 ἀναρρήσεως
1268 5150 1419 5223 βῆμα
1447 5153 1782 5224 νομίζουσιν.

836 5328 1059 5383 ΕΠΙΣΤ.
1093 5332 1172 5385 ιιι.

579 5420 835 5490 Ἰῖνατίῳ
881 5422 1196 5489 ἐπισκόπφ
1224 5427 1457 5495 ᾼόφων.

1894 5078 2080 5123 autem
2112 5070 2303 5135 multo,
2336 5069 2380 5124 si
2408 5070 2500 5134 qui
2533 5079 2724 5124 rentur
2770 5068 2912 5122 idem
2942 5080 3064 5120 esse
3100 5072 3315 5133 tempus
3351 5077 3474 5116 cer-

1888 5159 2155 5213 taminum
2185 5170 2240 5214 et
2260 5161 2442 5214 locum
2462 5175 2814 5221 coronarum,
2847 5156 2994 5212 diem
3022 5151 3479 5210 manifestationls

1887 5258 1943 5302 et
1969 5248 2159 5319 judicii
2190 5250 2449 5305 tribunal.

2496 5337 2718 5394 EPIST.
2761 5336 2879 5393 VIII

2246 5431 2460 5502 Ignatie
2511 5432 2811 5501 Lopharum
2860 5430 3119 5499 episcopo.

1442 5520 1716 5573 Montacut.
1746 5526 1848 5586 (ep.
1879 5518 1961 5587 69,
1994 5538 2045 5587 p.
2085 5524 2219 5585 ΗΟ).

285 5586 570 5664 Δυσφορεῖς
608 5598 703 5651 καὶ
742 5597 961 5670 θρηνεῖς
1003 5601 1096 5655 καὶ
1134 5602 1204 5656 τά
1235 5602 1351 5658 ἀνω
1406 5605 1555 5659 κάτω
1584 5608 1781 5674 ποιεῖς,

226 5670 297 5729 ὅτι
347 5698 404 5735 σε
454 5690 662 5760 ταχέως
716 5691 889 5758 οὕτως
946 5696 1037 5750 καί
1089 5694 1348 5769 ἀφειδῶς,
1398 5697 1472 5761 ὡς
1508 5670 1775 5768 νομίζειςέ

1964 5608 2101 5664 Male
2134 5619 2187 5664 te
2216 5606 2400 5673 habet,
2431 5607 2707 5676 deploras.
2758 5620 2977 5660 sursum
3003 5604 3257 5657 deorsum
3285 5598 3467 5653 omnia

1890 5702 2108 5766 misces,
2137 5701 2281 5771 quod
2317 5710 2371 5757 te
2413 5710 2525 5757 tam
2557 5699 2693 5763 cito,
2724 5709 2778 5755 et
2821 5708 2928 5753 tam
2982 5696 3336 5751 vehementer
3384 5692 3469 5765 (tu,

1511 5806 1597 5871 YA
1610 5806 1743 5866 BHE
1807 5806 2215 5869 LECTIONES.

283 5876 304 5919 δ
345 5883 426 5942 ῖσ.
463 5885 588 5951 ὦδε.
