3930 6450
314 405 417 504 82-7

1468 456 1732 519 PHOTII
1771 460 2271 524 PATRIARCHJE
2312 466 2418 528 (ΣΡ.

3467 472 3574 537 828

313 556 474 627 reris)
507 556 629 613 sine
659 571 914 632 respectu
939 564 1264 622 taxaverim.
1304 564 1417 639 Ego
1457 576 1511 624 te
1564 585 1677 624 non
1709 570 1890 626 minus

2000 573 2330 646 ἐπλήξαμεν.
2377 576 2518 647 Ἐγὼ
2545 578 2601 633 δέ
2635 579 2791 636 οὐδὲν
2819 581 3059 651 ἔλαττον,
3091 583 3175 637 ὅτι
3203 582 3432 638 σεαυτὸν
3459 601 3573 638 τοι-

313 649 528 715 incuso,
567 652 659 722 qui
709 663 764 710 te
803 655 1029 724 dignum
1059 658 1275 716 dederis
1321 661 1472 718 hisce
1513 663 1900 733 reprehensio-

311 741 496 808 nibus,
529 753 584 798 et
634 759 733 800 nos
774 747 1022 818 adegeris
1049 758 1111 805 ut
1139 751 1206 806 ad
1255 751 1359 807 ista
1413 753 1664 822 dicenda,
1697 763 1896 826 praeter

309 835 792 902 consuetudinem,
856 841 1266 899 accederemus.
1329 843 1384 898 Si
1453 855 1635 901 autem
1699 862 1894 904 revera

310 941 606 994 percussus
634 927 829 996 fueris,
855 938 912 985 et
944 931 1275 1001 profundius
1302 937 1674 1004 penetraverit
1699 952 1891 1008 repre-

307 1015 634 1072 hensionum
671 1021 876 1090 cuspis,
920 1031 1036 1077 tute
1067 1024 1370 1081 declarabis
1398 1069 1413 1092 ,
1451 1027 1581 1082 dum
1613 1029 1699 1083 illa
1734 1044 1894 1086 aver-

309 1108 468 1173 seris,
498 1124 620 1178 quze
653 1111 821 1166 telum
857 1113 960 1169 hoc
1006 1131 1037 1170 a
1083 1116 1242 1171 nobis
1273 1127 1637 1175 extorserunt.
1674 1121 1749 1175 lta
1778 1123 1899 1193 pla-

307 1217 427 1269 gam
487 1205 581 1259 tibi
631 1205 918 1277 ingestam,
957 1226 1050 1280 per
1107 1212 1198 1267 Dei
1248 1214 1677 1271 misericordiam
1709 1259 1724 1282 ,
1780 1234 1892 1273 non

305 1296 468 1352 modo
499 1302 839 1362 persanaturi
869 1319 1059 1358 sumus
1089 1345 1104 1368 ,
1138 1306 1234 1360 sed
1262 1307 1524 1380 deinceps
1549 1316 1602 1365 te
1632 1319 1694 1366 ut
1717 1326 1898 1366 mem-

304 1390 468 1448 brum
498 1395 669 1451 nostri
701 1397 946 1468 corporis
971 1400 1405 1459 confovebimus.

908 1489 1130 1564 ξπηδτ.
1197 1491 1290 1550 ιχ.

625 1577 887 1635 Theodoro
924 1583 1267 1654 metropolitce
1295 1583 1595 1643 Laodicew.

1565 1707 1834 1760 Montacut.
1865 1709 1972 1771 (ep.

377 1799 605 1856 Occasio
630 1818 797 1868 nunc,
831 1819 862 1858 ο
888 1803 1084 1871 amice,
1116 1805 1367 1873 offertur,
1395 1807 1440 1863 si
1479 1809 1596 1881 ipse
1615 1811 1875 1878 volueris,
1909 1819 1951 1874 Β

301 1901 354 1945 et
383 1901 572 1946 noster
594 1891 737 1947 ﬁlius
759 1893 1010 1961 exsistas,
1031 1895 1116 1950 vel
1143 1896 1369 1953 minime
1382 1899 1737 1956 reformidare
1753 1918 1892 1957 mor-

305 1985 496 2038 talium
535 1984 734 2049 minas,
763 1985 894 2042 dum
944 1987 1232 2046 immotum
1273 2001 1328 2047 te
1367 2001 1592 2062 praestes
1637 1995 1890 2051 veritatis

301 2075 587 2141 athletam,
620 2075 824 2132 illustre
872 2077 1096 2135 laudum
1132 2083 1465 2152 praeconium
1493 2085 1562 2140 de
1591 2085 1728 2141 coelo
1753 2103 1888 2142 con-

302 2165 476 2234 sequi,
505 2178 559 2220 et
589 2167 852 2222 victorem
877 2168 1079 2225 ibidem
1103 2171 1372 2228 declarari
1401 2193 1413 2228 :
1447 2175 1532 2230 vel
1561 2175 1691 2230 dum
1739 2177 1886 2232 veri-

304 2263 471 2311 tatem
523 2257 731 2328 prodis,
780 2267 838 2314 et
893 2262 1140 2331 proditor
1179 2265 1444 2330 censeris,
1488 2267 1781 2338 temporali
1821 2277 1882 2324 et

306 2349 471 2407 ﬂuida
509 2351 784 2424 voluptate
808 2363 866 2409 et
887 2353 1058 2426 gloria
1081 2356 1210 2413 frui.

827 2449 832 2454 ’
933 2447 1157 2504 EPIST.
1188 2448 1254 2503 X.

985 2543 1195 2599 Eidem.

1999 665 2172 720 ούτων
2201 666 2350 733 ἀξιον
2387 668 2829 740 παρεσκεύασας,
2863 672 2959 725 καὶ
2996 673 3144 744 ἡμᾶς
3181 672 3377 740 ἐλθεῖν,
3420 671 3575 744 παρὰ

1995 757 2059 812 τὸ
2094 759 2360 832 ἡμέτερον
2384 756 2535 832 ἦθος,
2566 764 2649 828 είς
2683 764 2812 824 τοὺς
2841 766 2968 835 περὶ
3003 765 3062 819 σὲ
3097 765 3290 835 λόγους
3327 765 3575 834 ἠνάγκα-

1998 867 2120 914 σας.
2151 852 2215 905 El
2247 851 2295 904 δ’
2319 852 2535 924 ἀληθῶς
2568 854 2836 925 ἐπλήγης,
2862 857 2953 910 καὶ
2982 856 3146 927 μέχρι
3180 854 3386 927 βάθους
3404 857 3439 927 ἠ
3463 853 3575 908 τῶν

1997 941 2236 1014 ἐλέγχων
2285 943 2437 1015 ἀκμὴ
2481 943 2736 1014 ἔφθασεν,
2771 945 2966 1010 δείξεις
2989 947 3173 1001 ἐκεῖνα
3202 945 3410 1015 φυγὼν,
3439 945 3507 999 δι’
3536 943 3576 999 ἀ

1998 1023 2061 1090 et
2091 1037 2242 1108 βέλος
2269 1038 2596 1110 ἀφήκαμεν·
2644 1038 2736 1090 καὶ
2770 1038 2864 1091 σοῦ
2895 1039 2994 1110 τὴν
3039 1039 3254 1112 πληγὴν
3279 1041 3377 1093 σὺν
3409 1039 3573 1108 εὐμέ-

1999 1129 2120 1202 νείᾳ
2164 1129 2300 1183 Θεοῦ
2329 1131 2389 1184 ού
2425 1131 2584 1202 μόνον
2615 1129 2962 1203 ἐξιασόμεθα,
3011 1132 3148 1187 ἀλλὰ
3180 1131 3353 1186 καὶτὸ
3389 1131 3587 1184 λοιπὸν-

1996 1221 2073 1286 dt;
2105 1221 2300 1292 μέλους
2329 1222 2809 1295 ἀντιποιησόμεθα.

2623 1488 2848 1544 ΕΠΙΣΤ.
2887 1487 2964 1540 ϐ’.

2209 1577 2485 1648 θεοδώρῳ
2515 1580 2926 1650 μητροπολίτῃ
2966 1578 3334 1644 Λαοδικείας.

1996 1702 2305 1768 ἹὈ,ρ.1Ἆη.

2049 1809 2164 1864 Νῦν
2193 1806 2406 1877 καιρὸς,
2437 1797 2484 1858 ὦ
2512 1803 2654 1874 φίλε,
2683 1804 2731 1854 εί
2763 1800 2946 1872 βούλει
2979 1801 3062 1864 δὲ,
3085 1800 3182 1853 καὶ
3207 1799 3402 1853 τέκνον
3433 1799 3576 1870 ἠμί-

1998 1921 2175 1975 τερον,
2205 1901 2240 1973 ἢ
2270 1901 2368 1964 τὰς
2392 1897 2452 1964 ἐξ
2473 1895 2779 1969 ἀνθρώπων
2811 1894 3042 1957 ἀπειλάς
3068 1893 3130 1947 ού
3159 1892 3388 1957 δεδιότα,
3419 1894 3578 1963 στερο

1998 1997 2091 2068 ῥὺν
2121 1994 2356 2065 ὀφθῆναι
2393 1993 2492 2064 τῆς
2520 1989 2780 2061 ἀληθείας
2812 1987 3154 2059 ύπέρμαχον,
3189 1985 3284 2039 καὶ
3313 1984 3578 2056 λαμπρᾶς

1993 2093 2179 2162 τυχεῖν
2225 2088 2328 2159 τῆς
2381 2085 2592 2140 ἐκεῖθεν
2629 2082 2906 2154 εὐφημίας
2954 2081 3048 2135 καὶ
3105 2079 3493 2152 ἀναρρήσεως·
3535 2077 3575 2149 ἢ

1994 2179 2316 2252 προσκαίρῳ
2347 2177 2443 2233 καὶ
2479 2175 2679 2248 ῥεούσῃ
2705 2175 2868 2245 ἡδονῇ
2901 2174 2996 2228 καὶ
3023 2171 3154 2245 δόξῃ
3182 2171 3450 2243 προδότην
3469 2168 3576 2239 τῆς

1989 2273 2163 2329 ἀϊδίου
2193 2273 2290 2328 καὶ
2316 2265 2460 2324 εἶναι
2483 2269 2578 2322 καὶ
2603 2265 2990 2338 ὀνομάζεσθαι.

2608 2452 2835 2507 ΕΠΙΣΤ.
2886 2453 2943 2507 ι’.

2631 2544 2716 2611 Τῷ
2753 2541 2936 2608 αὐτῷ.

1553 2640 1824 2693 Montacut.
1852 2643 1956 2706 (ep.
1981 2643 2062 2704 7t,
2086 2658 2134 2707 p.
2167 2643 2300 2703 120).

374 2739 431 2794 Si
491 2739 616 2798 linis
676 2742 941 2799 doctrinm
990 2751 1046 2798 et
1104 2744 1478 2801 institutionis
1540 2747 1613 2802 sit
1678 2747 1887 2818 pudore

301 2833 548 2903 suipsius
572 2836 766 2902 teneri,
786 2845 1042 2892 extrema:
1065 2835 1230 2892 fuerit
1255 2837 1637 2895 ineruditionis
1662 2855 1889 2896 necesse

300 2934 408 2991 est,
441 2926 594 2982 nullo
639 2927 871 2984 aliorum
930 2930 1136 2999 pudore
1195 2931 1425 2988 moveri.
1465 2933 1533 2986 At
1571 2932 1790 3004 gloriari
1818 2932 1887 2988 de

300 3016 367 3071 iis
397 3033 518 3088 qum
562 3019 883 3076 occultanda
913 3021 1093 3091 potius
1119 3021 1355 3086 fuerant,
1390 3024 1651 3079 terminos
1680 3023 1894 3080 excedit

302 3111 555 3166 humana:
588 3112 980 3182 improbitatis.

902 3205 1122 3263 EPIST.
1177 3207 1273 3262 XI.

597 3296 858 3353 Theodoro
897 3301 1243 3370 metropolitaz
1274 3300 1570 3356 Laodiceae.

2063 2751 2125 2805 Εί
2158 2750 2310 2813 τέλος
2349 2747 2596 2810 παιδείας
2619 2747 2681 2800 τὸ
2713 2744 2907 2800 ἑαυτὸν
2933 2741 3310 2814 αἰσχύνεσθαι,
3334 2741 3573 2813 ἐσχάτης

1990 2842 2348 2906 ἀπαιδευσίας
2389 2841 2450 2895 τὸ
2505 2839 2643 2911 μηδὲ
2682 2839 2809 2902 τοὺς
2853 2836 3052 2900 ἀλλους
3080 2833 3436 2907 αἰσχύνεσθαι
3459 2849 3477 2865 ο
3508 2833 3578 2887 τὸ

1992 2937 2047 2990 δὲ
2078 2935 2172 2990 καὶ
2202 2936 2287 3004 ἐφ’
2330 2927 2412 2997 οἷς
2456 2930 2900 3002 ἐγκαλύπτεσθαι
2944 2930 3224 3001 προσῆκεν
3249 2969 3263 2992 ,
3292 2923 3574 2994 ἐγκαλλω-

1994 3026 2272 3090 πίςεσθαι,
2300 3023 2593 3096 ὑπερόριον
2616 3024 2713 3077 καὶ
2739 3022 2840 3093 τῆς
2868 3019 3220 3092 ἀνθρωπίνης
3242 3017 3463 3079 κακίας.

2589 3199 2813 3254 ΕΠΙΣΤ.
2869 3197 2974 3252 IA'.

2215 3293 2490 3364 Θεοδώρῳ
2523 3292 2938 3364 μητροπολίτῃ
2978 3287 3360 3354 Λαοδικείας.

1561 3417 1826 3468 Montacut.
1854 3416 1958 3480 (ep.
1979 3417 2059 3479 87,
2079 3430 2130 3480 p.
2165 3415 2298 3478 152).

369 3520 504 3588 Quae
535 3521 604 3577 de
657 3532 711 3579 te
749 3523 911 3580 fando
942 3524 1270 3596 accepimus,
1297 3524 1342 3581 si
1363 3541 1490 3580 vera
1515 3534 1664 3590 sunt,
1697 3523 1882 3580 tardor

300 3613 544 3683 quidem,
581 3623 638 3669 et
681 3615 772 3670 vix
807 3625 862 3670 tu
889 3616 1065 3686 qualis
1102 3615 1198 3680 sis,
1248 3615 1532 3681 intellexi;
1578 3615 1662 3670 sin
1715 3613 1873 3680 falsa,

297 3705 427 3775 quis
457 3706 642 3762 fueras
684 3707 753 3763 ab
802 3708 962 3763 initio
1003 3707 1254 3780 cognovi.
1328 3708 1385 3762 ln
1431 3715 1700 3778 quantum
1753 3721 1885 3778 ergo

299 3797 476 3852 virum
508 3798 666 3854 decet
698 3815 818 3855 esse
840 3800 1046 3854 bonum
1086 3809 1141 3856 et
1173 3800 1486 3862 honestum.
1527 3814 1638 3854 non
1682 3799 1884 3853 malum

299 3901 357 3944 et
387 3892 718 3963 improbum,
737 3903 793 3949 et
813 3910 900 3949 me
929 3895 1187 3966 gaudere,
1228 3911 1340 3949 non
1373 3910 1513 3965 αλδινε
1535 3893 1702 3959 ferre,
1737 3893 1883 3963 quod

300 3995 355 4040 te
387 3986 625 4042 amicum
679 3987 815 4042 mihi
857 3989 1182 4054 conciliavi;
1211 3989 1264 4043 in
1301 3997 1511 4043 tantum
1565 3996 1618 4041 te
1668 3994 1886 4057 oportet

298 4079 505 4134 evitare
521 4079 632 4145 illa,
653 4096 775 4151 qua:
797 4097 984 4136 rumor
999 4091 1084 4137 est
1111 4090 1164 4136 te
1187 4093 1536 4152 perpetrare;
1560 4089 1679 4135 esto
1701 4087 1884 4134 autem

299 4171 481 4226 omnis
511 4173 628 4228 haec
661 4171 825 4237 fama,
851 4188 1066 4243 precor,
1098 4174 1330 4230 veritate
1354 4172 1640 4229 destituta.

899 4265 1120 4320 EPIST.
1160 4265 1276 4320 XII.

490 4351 777 4425 Eulampt'o
816 4357 1206 4429 archiepiscopo
1238 4369 1286 4412 et
1322 4355 1706 4427 scequhylaci.

2060 3523 2239 3591 Ἀπερ
2269 3519 2541 3590 ἀκούομεν
2566 3516 2696 3589 περὶ
2727 3513 2844 3582 σοῦ,
2874 3514 2923 3568 εί
2950 3513 3049 3580 μὲν
3074 3511 3249 3583 ἀληθῆ
3279 3511 3439 3576 εἰσιν,
3470 3509 3568 3580 ὀψὲ

1988 3615 2084 3669 καὶ
2111 3615 2264 3684 μόλις
2286 3611 2630 3682 γινώσκομεν
2653 3611 2803 3673 ὅστις
2833 3604 2911 3662 εἷ’
2937 3607 3064 3662 εἰδὲ
3089 3606 3282 3676 ψευδῆ,
3315 3604 3574 3676 ἀπαρχῆς

1989 3706 2234 3776 ἔγνωμεν
2263 3704 2372 3774 ἄρα
2411 3703 2561 3765 ὅστις
2593 3695 2663 3754 εἷ.
2697 3701 2849 3770 Ὀσῳ
2888 3693 2984 3752 οὖν
3009 3697 3257 3767 διαφέρει
3289 3695 3452 3749 καλὸν
3477 3693 3575 3746 καὶ

1989 3797 2194 3866 ἀγαθὸν
2243 3791 2382 3849 εῖναι
2439 3793 2531 3847 τοῦ
2581 3793 2784 3863 φαῦλον
2822 3792 2916 3846 καὶ
2957 3790 3229 3862 μοχθηρὸν
3283 3787 3530 3858 γίνεσθαι
3553 3805 3569 3821 ο

1991 3888 2135 3959 κάμὲ
2179 3886 2394 3958 χαίρειν
2444 3885 2566 3938 ἀντὶ
2615 3883 2708 3937 τοῦ
2761 3883 3074 3953 δυσφορεῖν,
3117 3881 3201 3951 ἐφ’
3249 3872 3294 3949 ᾧ
3329 3895 3389 3932 σε
3421 3877 3575 3948 φίλον

1981 3978 2344 4048 ἐποιησάμην,
2368 3977 2624 4030 τοσοῦτον
2648 3976 2728 4028 δεῖ
2752 3991 2811 4028 σε
2839 3976 3034 4042 φυγεῖν
3059 3974 3096 4027 ἆ
3120 3972 3180 4026 σέ
3207 3972 3342 4042 φασί
3368 3971 3565 4024 ποιεῖν·

1983 4070 2070 4142 εἴη
2128 4069 2222 4135 δὲ,
2278 4069 2497 4123 πάντων
2550 4067 2753 4132 ἕνεκα,
2800 4065 2902 4138 τῆς
2961 4065 3220 4136 ἀληθείας
3279 4063 3488 4134 ἦρεμος
3532 4062 3567 4131 ἡ

1983 4167 2165 4235 φήμη-

2589 4251 2813 4306 ΕΠΙΣΤ.
2869 4249 2970 4304 ΙΒ¹.

2054 4345 2384 4416 Εειλαμπίῳ
2413 4345 2866 4414 ἀρχιεπισκόπφ
2902 4343 2996 4395 καί
3031 4336 3465 4405 σκευοφύλακι.

1535 4471 1804 4522 Montacut.
1839 4469 1946 4534 (ep.
1973 4466 2056 4528 95,
2087 4480 2139 4529 p.
2175 4463 2308 4524 155).

370 4574 490 4632 Non
523 4589 759 4650 possunt
789 4580 1030 4636 tenebrae
1063 4593 1172 4635 una
1203 4595 1326 4635 cum
1363 4578 1486 4635 luce
1525 4578 1739 4644 adesse,
1763 4577 1881 4633 odit

2057 4571 2172 4626 Οὐκ
2199 4568 2376 4623 ἐθέλει
2418 4567 2497 4639 τῷ
2538 4567 2679 4637 φωτὶ
2709 4562 3082 4634 συμπαρεῖναι
3110 4561 3173 4615 τὸ
3216 4561 3410 4625 σκότος
3429 4576 3446 4592 ⁸
3478 4577 3576 4631 μι-

300 4667 447 4723 cnim
506 4671 709 4726 veritas
765 4685 1118 4741 congressum
1151 4669 1441 4725 mendacii.
1476 4667 1608 4724 Post
1653 4677 1808 4723 tuum
1855 4682 1886 4722 a

301 4760 459 4816 nobis
489 4760 813 4828 discessum,
847 4761 940 4833 qui
965 4761 1179 4816 titulum
1204 4761 1468 4815 mentitur
1485 4759 1640 4815 aﬂuit
1667 4759 1889 4814 Emma-

301 4852 452 4919 nuel,
498 4853 590 4924 qui
626 4869 688 4909 ea
744 4854 904 4910 nobis
935 4853 1308 4909 manifestavit
1340 4869 1462 4923 qua:
1495 4869 1596 4924 par
1647 4860 1703 4906 et
1754 4864 1884 4922 pro-

305 4946 482 5002 babile
522 4947 625 5004 fuit
661 4959 911 5005 acturum
958 4948 1132 5014 illum,
1189 4957 1242 5003 et
1289 4963 1412 5018 quae
1481 4962 1665 5002 mores
1701 4945 1879 5016 ipsius

303 5039 592 5094 decebant.

882 5141 1096 5200 EHST.
1159 5139 1300 5197 XIII.

608 5237 837 5291 Antonio
864 5235 1126 5303 Bosphori
1172 5235 1585 5305 archiepiscopo.

1991 4667 2076 4718 σεῖ
2098 4663 2155 4717 δὲ
2183 4662 2280 4716 καὶ
2306 4659 2406 4732 τὴν
2435 4658 2655 4713 σύνοδον
2683 4655 2778 4710 τοῦ
2806 4654 3038 4726 ψεύδους
3065 4655 3100 4726 ἡ
3133 4652 3388 4725 ἀλήθεια.
3417 4651 3579 4708 Μετά

1987 4756 2086 4827 τὴν
2127 4753 2226 4824 σὴν
2252 4753 2344 4823 ἀφ’
2372 4750 2533 4824 ἡμῶν
2565 4747 2937 4818 ἀναχώρησιν,
2966 4747 2995 4798 ὁ
3027 4744 3129 4815 τὴν
3167 4743 3362 4815 κλῆσιν
3383 4743 3574 4814 ψευδό-

1993 4864 2153 4919 μενος
2182 4845 2484 4916 ἐφέστηκεν
2525 4837 2898 4910 Ἑμμανουὴλ,
2923 4830 3016 4891 οἵα
3037 4835 3184 4900 εἰκὸς
3212 4831 3281 4907 ἦν
3313 4835 3574 4907 πράττειν

1991 4941 2158 4995 αὑτὸν
2199 4941 2293 4993 καὶ
2345 4938 2455 4991 τῶν
2499 4935 2718 4990 οἰκείων
2760 4932 2983 5003 τρόπων
3033 4929 3233 4998 ἀξίως,
3269 4925 3574 4984 ἐπιδεικνύ-

1997 5046 2178 5103 μενος.

2601 5131 2830 5187 ΕΠΙΣΤ.
2869 5132 2970 5187 II".

2222 5225 2506 5290 Ἀντωνίῳ
2536 5225 2990 5294 ἀρχιεπισκόπφ
3019 5222 3364 5291 Βοσφόρου.

1542 5350 1817 5401 Montacut.
1852 5350 1960 5412 (ep.
1989 5342 2071 5405 96,
2094 5357 2146 5406 ι).
2178 5339 2310 5405 156).

379 5454 518 5512 Olim
541 5465 660 5511 erat
683 5455 895 5509 Axinus
918 5452 1207 5526 Scythicus
1229 5461 1451 5524 pontus.
1483 5450 1619 5506 Nam
1650 5451 1890 5506 advenas

2066 5445 2178 5503 Ἦν
2219 5465 2352 5502 ποτε
2386 5445 2636 5512 ’Δξεινος
2679 5445 2709 5498 ό
2745 5441 3013 5506 Σκυθικὸς
3051 5441 3267 5503 πόντος.
3314 5437 3589 5491 Ἐποιεῖτο

307 5546 601 5611 intrantes,
624 5544 770 5616 quod
801 5541 966 5598 fando
992 5542 1275 5609 horribile,
1305 5542 1665 5598 devorabam.
1697 5539 1890 5595 Milesii

2000 5541 2108 5612 γὰρ
2154 5539 2342 5612 βορὰν,
2377 5537 2606 5610 φρικτὸν
2655 5535 2927 5601 ἀκοῦσαι,
2961 5533 3056 5588 καὶ
3085 5533 3215 5596 τοὺς
3249 5529 3589 5602 ἐμπλέοντας

310 5654 442 5693 vero
472 5639 528 5694 in
556 5637 829 5693 Euxinum
855 5634 1311 5696 transformarant
1344 5651 1443 5706 per
1493 5633 1804 5689 comitatem
1835 5641 1890 5689 et

2000 5635 2109 5690 τῶν
2140 5632 2328 5699 ξένων.
2361 5631 2622 5702 Μιλήσιοι
2648 5630 2705 5683 δὲ
2728 5627 2921 5700 φιλανθ
2933 5624 3114 5698 ρωπίᾳ
3145 5624 3241 5680 καὶ
3269 5623 3464 5694 ἡμέρῳ
3488 5637 3592 5675 πο-

312 5731 630 5790 civilitatem
697 5729 1090 5794 introductam,
1156 5728 1399 5784 cicurata
1477 5729 1758 5784 barbarica
1839 5735 1890 5783 et

2000 5727 2198 5800 λιτεία,
2243 5727 2306 5780 τὺ
2357 5743 2418 5779 τε
2469 5725 2737 5796 θηριῶδες
2765 5722 2861 5776 καὶ
2912 5719 3186 5792 βάρϐαρον
3227 5715 3592 5818 ἐξημέρωσαν

307 5822 1035 5881 bestialiconsuetudineJn
1059 5824 1314 5894 praesenti
1358 5839 1457 5893 per
1493 5832 1544 5877 te
1573 5831 1629 5876 ct
1645 5833 1766 5877 tuos
1793 5836 1890 5892 pro

2000 5817 2158 5892 ἦθος,
2187 5818 2282 5873 καὶ
2331 5818 2411 5881 εἰς
2455 5816 2710 5882 Εὔξεινον
2754 5814 2920 5870 αὑτὸν
2955 5811 3341 5886 μετεποίησαν.
3373 5807 3489 5861 Νῦν
3526 5805 3590 5859 δὲ

313 5915 514 5971 virtute
559 5923 842 5985 susceptos
879 5915 1095 5971 labores
1161 5925 1216 5971 et
1254 5914 1552 5972 certamina
1611 5924 1667 5971 et
1713 5913 1890 5970 multi-

2002 5911 2092 5967 διὰ
2130 5910 2262 5977 σοῦ,
2311 5911 2566 5975 καὶτοὺς
2615 5911 2742 5973 σοὺς
2789 5906 2934 5978 ὑπὲρ
2980 5904 3184 5976 ἀρετῆς
3233 5903 3450 5970 ἀγῶνας
3489 5903 3591 5952 mit
