3930 6420
257 475 369 537 89.9

1420 466 1960 530 EPISTOLARUM
2000 468 2235 527 LIBER
2284 468 2337 526 ii
2350 515 2363 527 .

3420 476 3530 539 830

259 590 462 651 πόνους
491 588 588 641 καὶ
633 588 731 657 τὴν
760 586 929 657 ἀλλην
960 587 1089 659 περὶ
1117 588 1178 641 τὸ
1207 587 1363 641 Θεῖον
1393 587 1710 657 θεραπείαν,
1742 586 1837 639 οὐκ

1947 586 2141 654 plicem
2172 585 2421 641 Numinis
2455 586 2682 649 cultum,
2711 602 2821 641 non
2854 585 3102 641 Euxinus
3132 588 3227 643 sed
3268 599 3322 645 et
3351 591 3528 649 Euse-

262 680 521 745 Εὔξεινος
557 682 739 749 μόνον,
790 679 926 733 ἀλλά
956 681 1051 734 καὶ
1082 680 1354 752 Εὐσεϐὴς,
1390 680 1527 749 μετὰ
1556 679 1651 732 τοῦ
1680 675 1840 742 εἶναι,

262 774 364 828 καὶ
390 771 714 843 ὀνομάζεται
738 772 781 827 ί.
805 773 983 843 Πόσης
1006 771 1109 826 οίει
1128 748 1417 844 με,’ταῦτα
1441 772 1534 825 καὶ
1559 771 1845 825 ἐννοῦοντα

262 866 359 917 καὶ
391 866 694 935 γράφοντα,
744 865 918 934 χαρᾶς
950 864 1044 916 καὶ
1084 863 1422 933 εὐφροσύνης
1468 860 1843 933 πληροῦσθαι;

264 957 325 1010 Ei
357 958 416 1010 δὲ
448 958 698 1020 καὶτοὺς
746 956 934 1010 αὐτόθι
989 955 1293 1021 Ἰουδαίους,
1338 957 1418 1018 είς
1449 956 1550 1024 τὴν
1595 952 1844 1024 ὑπακοὴν

260 1047 501 1119 Χριστοῦ
529 1046 963 1117 αἰχμαλωτίσας,
989 1048 1097 1101 ἀπὸ
1118 1047 1221 1118 τῆς
1246 1050 1404 1111 σκιᾶς
1426 1045 1636 1100 καὶτοῦ
1666 1045 1845 1116 γράμ-

262 1157 460 1209 ματος,
490 1140 583 1192 tui.
621 1138 722 1211 τὴν
771 1139 953 1210 χάριν,
989 1140 1064 1202 ὡς
1094 1139 1360 1212 ἔγραψας,
1408 1140 1769 1211 μεταστήσεις
1792 1140 1837 1201 ⁸,

258 1230 476 1302 ἀπέχω,
534 1232 632 1284 καὶ
683 1230 995 1301 περισσεύω
1054 1230 1162 1285 τῶν
1220 1230 1401 1285 καλῶν
1446 1230 1679 1283 ἐλπίδων
1713 1229 1840 1291 τοὺς

258 1322 500 1393 ὡραίους
524 1324 795 1394 καρποὺς,
821 1321 887 1385 ἀς
913 1322 1007 1376 ἐπὶ
1036 1324 1118 1376 σοὶ
1140 1322 1429 1387 διαπαντὸς
1466 1322 1713 1394 ἔτρεφον.

863 1439 1088 1492 ΕΠΙΣΤ.
1138 1436 1236 1493 ΙΔ’.

470 1529 739 1598 Ζαχαρίᾳ
763 1528 1174 1599 μητροπολίτῃ
1212 1525 1619 1597 Χαλκηδόνος.

1944 678 2060 741 bes,
2092 692 2214 731 cum
2244 678 2366 731 talis
2396 677 2646 741 exsistat,
2670 678 3007 734 nominatur.
3037 678 3251 745 Quanto
3278 698 3364 737 me
3394 700 3526 755 gan-

1944 763 2056 829 dio,
2093 778 2199 833 qua
2232 764 2592 834 iucunditate,
2626 766 2755 819 dum
2798 766 2900 821 hoc
2923 768 3101 837 ipsum
3138 770 3318 824 scribo
3345 774 3526 843 reple-

1944 863 2056 909 tum
2088 856 2394 910 arbitraris?
2423 855 2577 922 Quod
2631 857 2676 911 si
2705 856 2920 912 Juda-os
2970 860 3061 929 qui
3101 860 3234 916 inibi
3281 873 3410 917 sunt
3444 881 3527 919 ca-

1944 946 2123 1015 ptivos
2163 947 2218 1001 in
2249 946 2453 1002 Christi
2485 948 2848 1003 obedientiam
2877 951 3119 1017 duxeris,
3147 953 3213 1007 ab
3240 954 3431 1009 nmbra
3472 965 3528 1011 et

1938 1037 2138 1102 littera,
2167 1041 2621 1109 quemadmodum
2651 1042 2866 1106 scribis,
2915 1043 2969 1096 in
3022 1045 3250 1111 gratiam
3277 1055 3524 1103 transtu-

1938 1129 2088 1196 leris,
2125 1131 2391 1197 abstineo,
2429 1142 2632 1187 etcum
2673 1134 3005 1189 abundantia
3034 1136 3247 1203 fovebo,
3279 1150 3527 1195 maturos

1947 1221 2136 1277 illosce
2158 1224 2378 1294 optima:
2401 1226 2518 1296 spei
2546 1226 2775 1293 fructus,
2807 1242 2946 1297 quos
2974 1228 3237 1285 continuo
3266 1230 3333 1286 de
3357 1240 3529 1287 temet

1946 1315 2066 1386 ipso
2099 1317 2279 1375 foveo.

2528 1432 2747 1489 EPIST.
2789 1434 2930 1492 XIV.

2241 1523 2523 1580 Zacharia:
2551 1526 2899 1583 Chalcedonis
2938 1530 3216 1599 metropal.

1501 1619 1764 1668 Montacut.
1804 1616 1907 1679 (ep.
1943 1614 2051 1676 106,
2080 1631 2129 1679 p.
2162 1616 2294 1679 151).

327 1710 393 1763 Ei
424 1706 536 1776 ἐγὼ
578 1708 673 1762 τὸν
719 1707 851 1778 ἐμὸν
898 1705 1179 1777 Ζαχαρίαν
1230 1704 1433 1775 ἀγνοῶ,
1475 1707 1570 1757 καὶ
1599 1701 1837 1772 ἐμαυτοῦ

2018 1701 2073 1754 Si
2116 1717 2295 1755 meum
2323 1701 2568 1771 ignorem
2617 1702 2960 1769 Zachariam,
2994 1715 3051 1760 et
3112 1707 3333 1763 meimei
3384 1710 3529 1765 obli-

251 1798 625 1869 ἐπιλέλησμαι
644 1816 658 1829 ο
687 1797 804 1853 ἀλλ’
829 1798 1009 1868 ἡμῶν,
1042 1797 1117 1861 ὼς
1146 1798 1343 1862 ἔοικεν,
1373 1798 1581 1857 ἐκεῖνος
1610 1794 1706 1862 (οὐ
1734 1794 1845 1864 γὰρ

252 1892 361 1961 ἔχω
383 1890 439 1946 τί
479 1888 847 1963 μετριώτερον
870 1890 1092 1960 εῖπωιι)
1128 1888 1496 1960 ἐπιλέλησται,
1532 1887 1606 1940 Οὐ
1639 1887 1745 1955 γὰρ
1778 1884 1843 1938 ἂν

252 1985 405 2053 ἡμᾶς
435 1983 799 2047 ὐπετόπαζεν,
828 1982 1132 2054 ἀνθρώπων
1164 1980 1364 2049 λόγοις,
1392 1983 1491 2050 τῆς
1528 1979 1655 2050 περὶ
1681 1977 1843 2031 αὐτὸν

250 2075 447 2147 δόξης,
492 2077 559 2147 ἢν
601 2077 667 2129 ἐκ
708 2074 942 2130 παλαιοῦ
978 2075 1342 2145 φυλάττομεν,
1397 2069 1841 2142 παρασύρεσθαι.

263 2170 322 2223 Ὀ
350 2168 416 2222 δὲ
449 2171 542 2222 καὶ
572 2167 819 2238 φοϐεῖται
847 2168 937 2222 διὰ
966 2167 1141 2222 ταῦτα
1172 2166 1356 2237 φόϐον,
1391 2167 1448 2219 ἐν
1476 2159 1557 2229 οἷς
1585 2163 1647 2217 οὐ
1681 2163 1845 2233 μόνον

248 2262 349 2314 οὐκ
368 2260 491 2314 ἐστι
521 2260 705 2331 φόϐος,
729 2260 843 2313 ἀλλ’
872 2260 993 2313 οὐδέ
1019 2277 1101 2322 τις
1132 2260 1320 2329 φόϐου,
1352 2260 1466 2322 τοῖς
1490 2258 1641 2328 ἡμᾶς
1670 2256 1843 2324 ἐγνω-

251 2356 430 2420 κόσιν,
463 2354 708 2407 ὑπόνοια.
740 2354 805 2407 Ei
827 2354 935 2425 γὰρ
968 2354 1115 2423 ἡμᾶς
1138 2355 1166 2407 ό
1194 2353 1424 2425 μακρὸς,
1462 2353 1519 2406 ὃν
1558 2356 1624 2407 ἐκ
1650 2354 1842 2417 παιδὸς

252 2447 447 2517 σχεδὸν
473 2446 724 2518 ἕγνωμέν
752 2464 832 2512 σε,
865 2447 1079 2517 χρόνος,
1117 2448 1211 2500 καὶ
1237 2449 1265 2500 ό
1289 2447 1455 2510 πολὺς
1480 2448 1575 2500 καὶ
1605 2441 1670 2501 οὐ
1696 2448 1841 2518 μέγα

251 2539 415 2601 κλέος
444 2539 587 2611 ὑπὲρ
616 2539 795 2610 ἡμῶν,
829 2539 1031 2609 μᾶλλον
1052 2540 1108 2593 δὲ
1139 2539 1378 2611 Χριστοῦ
1408 2539 1501 2593 καὶ
1529 2540 1637 2592 τῶν
1674 2538 1841 2593 αὐτοῦ

251 2631 671 2701 θεσπισμάτων,
718 2630 869 2698 ἀγὼν
907 2632 1003 2686 καὶ
1032 2631 1252 2703 δρόμος,
1284 2630 1441 2685 οὔπω
1470 2636 1667 2705 πεῖραν
1694 2632 1841 2703 ἐχειν

246 2722 343 2793 τῆς
394 2723 502 2793 σῆς
546 2722 917 2793 ἐνεγύμνασεν
951 2724 1175 2796 ἀρετῆς,
1207 2725 1307 2777 οὐκ
1345 2720 1462 2777 οἶδα
1488 2726 1639 2788 ὅπως
1676 2727 1842 2797 ἡμεῖς

246 2831 303 2868 τε
335 2814 471 2885 οὐχὶ
504 2817 685 2876 κακοὶ,
726 2816 866 2886 μετά
905 2815 1000 2869 τοῦ
1037 2818 1289 2887 ἀνοήτου,
1319 2816 1575 2887 δόξαιμεν
1618 2818 1715 2873 ἄν’
1748 2818 1843 2872 καὶ

249 2908 295 2957 οἱ
315 2906 557 2970 δεδιότες
606 2908 680 2979 μή
725 2925 779 2961 τι
826 2906 1096 2977 πάθοιμεν
1123 2908 1389 2973 τοιοῦτον,
1420 2907 1482 2960 τὸ
1512 2910 1587 2979 μὴ
1623 2910 1841 2977 ἀγνοεῖν

251 2999 421 3067 ἡμᾶς,
479 2999 541 3052 οὐ
584 3000 849 3068 φυγόντες
898 2999 1012 3053 ἀλλ’
1039 3000 1162 3053 ani
1214 2999 1356 3071 πλὴν
1396 2999 1491 3052 τοῦ
1534 3001 1906 3106 χειρίστουςε

251 3093 447 3156 εἰπεῖν,
474 3091 894 3163 εὐπορήσουσιν.
930 3091 1093 3145 Ἀλλά
1117 3091 1323 3146 τούτων
1346 3110 1406 3145 τε
1433 3092 1597 3147 ἕνεκα
1621 3094 1835 3166 θάρρει,

253 3183 344 3235 καὶ
367 3184 547 3254 ἡμᾶς,
578 3183 768 3255 ὥσπερ
801 3188 913 3247 τοῖς
956 3183 1159 3248 ἄλλοις,
1192 3182 1336 3237 οὕτω
1363 3184 1460 3238 καὶ
1485 3184 1582 3239 τὸ]
1624 3186 1700 3256 μὴ
1730 3202 1837 3238 πα-

254 3270 594 3343 μσῦρεσθαι
614 3272 742 3335 τοὺς
759 3274 1077 3343 λογισμοὺς,
1109 3274 1199 3342 ὑφ’
1232 3272 1835 3345 ἐτέρων,ἱέπιγίνωσκε⁶

253 3364 334 3418 ἵνα
369 3365 453 3437 μὴ
485 3366 574 3420 διά
616 3368 768 3437 μιᾶς,
796 3366 859 3418 οὐ
891 3366 1277 3439 προσηκούσης
1310 3367 1657 3439 ὑπολήψεως,
1690 3368 1838 3438 ἡμᾶς

246 3472 301 3509 τε
344 3458 446 3511 καὶ
482 3457 682 3510 σαύτὸν
733 3458 956 3526 μᾶλλον,
1008 3459 1222 3530 ἐναιτίᾳ
1247 3459 1272 3498 ιι
1326 3459 1562 3530 ποίησῃς
1593 3457 1833 3529 μεγάλῃ·

248 3549 339 3601 καὶ
368 3548 503 3611 τοὺς
544 3547 832 3617 ἀδελφοὺς,
861 3549 916 3602 ετ
938 3566 995 3603 τι
1023 3549 1134 3619 ἀρα
1163 3549 1258 3604 καὶ
1280 3550 1623 3621 ἀνθρώπινον
1654 3550 1837 3615 αὐτοῖς

250 3639 545 3712 ὑποτρέχει
600 3640 773 3703 πάθος
797 3639 842 3707 1,
883 3644 999 3705 τοῖς
1032 3646 1146 3705 σοῖς
1190 3641 1674 3713 ἀνερεθιζομένους
1706 3658 1840 3711 προ-

246 3734 375 3803 τερή
386 3749 560 3802 μασιν
589 3732 897 3801 ἀδελφικῶς
928 3732 1064 3804 φέρε
1106 3734 1200 3787 καὶ
1227 3733 1590 3798 διαϐάσταζε’
1638 3734 1699 3787 οὐ
1727 3733 1838 3804 γὰρ

246 3824 331 3893 ἐφ’
358 3819 445 3889 οἷς
478 3826 633 3895 ἡμᾶς
669 3824 1014 3895 εὐχαριστεῖν
1048 3826 1162 3889 δεῖ,
1212 3825 1396 3889 ἄλλοις
1434 3824 1838 3896 ἀπεχθάνεσθαι

248 3920 377 3989 χρήκ
423 3918 535 3973 οὐδ’
576 3919 637 3984 ἐξ
662 3912 739 3972 ὧν
771 3917 889 3971 ἐστι
924 3918 1113 3972 λαϐεῖν
1145 3918 1421 3986 ἀπόδειξιν
1451 3918 1711 3989 λαμπρὰν
1741 3918 1837 3972 τοῦ

252 4008 556 4079 πρωτεύειν
605 4011 776 4080 ἡμᾶς,
826 4009 917 4062 διὰ
968 4009 1174 4063 τούτων
1201 4009 1493 4081 ὑφείλομεν
1536 4010 1673 4080 πρὸς
1713 4011 1839 4074 τοὺς

249 4099 460 4163 αἰτίους
489 4100 935 4171 δυσανασχετεῖν.
964 4101 1058 4155 καὶ
1086 4101 1147 4154 τὸ
1175 4102 1373 4170 ἄλογον
1408 4102 1603 4167 πάθος,
1631 4105 1713 4166 είς
1744 4100 1834 4155 εῦ-

247 4188 403 4260 λογον
440 4193 623 4257 αὐτοῖς
644 4192 943 4261 ἀπολογίαν
974 4196 1313 4264 μεταποιεῖν.
1363 4195 1523 4249 Ἀ).λά
1551 4198 1643 4249 καὶ
1666 4207 1704 4234 ω
1728 4194 1838 4248 τῶν

253 4283 585 4355 εἰρημένων,
616 4284 777 4339 ἄλλον
807 4284 917 4338 ίσθι
949 4286 1141 4339 τοῦτο’
1176 4287 1257 4339 ὅτι
1306 4287 1597 4358 ὀφείλομεν
1639 4290 1833 4359 ἡμεῖς,

248 4374 293 4425 οἱ
333 4374 555 4428 δυνατοὶ
594 4374 665 4427 τὰ
698 4375 1055 4444 ἀσθενήματα
1106 4374 1216 4427 τῶν
1258 4376 1536 4429 ἀδυνάτων
1560 4384 1586 4411 ιι
1637 4376 1836 4446 βαστά-

249 4462 393 4527 ζειν·
431 4467 529 4521 καὶ
572 4469 792 4523 πάντων
823 4468 882 4521 δέ
921 4468 1158 4538 μάλιστα
1186 4470 1366 4522 ἐκεῖνο
1405 4469 1494 4523 διὰ
1529 4469 1647 4540 βίου
1680 4469 1838 4540 μελέ-

250 4574 345 4626 την
387 4557 549 4611 ποιοῦ
576 4574 589 4587 ·
622 4559 683 4611 τὸ
712 4560 901 4624 ποῖον;
936 4559 1060 4613 Ὀτι
1089 4561 1122 4629 ἡ
1154 4559 1344 4631 ἀγάπη
1381 4561 1480 4614 οὐκ
1511 4562 1836 4632 ἀσχημονεῖ.

261 4648 490 4721 Ἐρεύνα
518 4650 698 4716 καλῶς
723 4652 776 4705 τί
815 4652 947 4707 ποτέ
977 4654 1095 4706 ἐστι
1125 4653 1206 4720 τὸ,
1238 4652 1339 4707 οὐκ
1369 4655 1705 4724 ἀσχημονεῖ·
1744 4653 1838 4723 βά-

249 4740 334 4805 θος
360 4745 475 4816 γὰρ
496 4745 705 4814 ἄφατον
726 4747 982 4817 εὑρήσεις
1009 4747 1322 4816 ὠφειλείας.
1350 4742 1507 4811 Εἶτα,
1538 4747 1628 4801 διὰ
1656 4748 1707 4801 τί
1738 4748 1839 4801 οὐκ

247 4833 566 4907 ἀσχημονεῖ,
603 4837 726 4891 Ὅτι
764 4838 826 4892 οὐ
856 4839 1041 4908 ζητεῖ,
1087 4838 1261 4909 φησὶ,
1304 4839 1371 4893 τὰ
1428 4840 1662 4909 ἑαυτῆς·
1696 4839 1837 4894 ἀλλά

248 4924 339 4976 καὶ
370 4925 550 4979 πάντα
581 4926 764 4994 στέγει
797 4927 975 4980 πάντα
1015 4927 1223 4992 ἐλπίζει
1253 4936 1277 4962 ⁰
1302 4944 1315 4957 ·
1350 4928 1532 4998 ὑψηλὰ
1561 4928 1660 4997 μὲν
1690 4926 1831 5000 [καὶ]

244 5014 416 5072 ταῦτα
444 5018 736 5089 ἀνέχεσθαι
773 5017 937 5090 βάρη,
968 5021 1063 5072 καὶ
1094 5019 1378 5089 βελτίωσιν
1412 5022 1500 5073 ἀεὶ
1533 5021 1627 5073 καὶ
1669 5037 1834 5089 μετα-

247 5105 407 5178 ϐολὴν
452 5111 546 5165 ἐπὶ
582 5112 643 5165 τὸ
677 5115 948 5183 κρεῖττον,
992 5102 1240 5178 ἐλπίζειν
1269 5112 1364 5167 τοῦ
1395 5114 1643 5184 πλησίον.
1676 5115 1741 5168 Τί
1776 5114 1833 5168 δὲ

246 5198 394 5265 ἄλλο,
417 5194 461 5254 ὦ
484 5203 698 5257 Παύλου
722 5204 904 5274 σοφία,
935 5203 1187 5273 πλοῦτος,
1214 5206 1310 5259 καὶ
1340 5206 1522 5277 χάρις,
1545 5207 1577 5275 ἡ
1605 5206 1828 5276 ἀγάπης

248 5290 430 5358 φησιν,
471 5293 728 5349 οὐδέποτε
760 5295 1041 5351 ἐκπίπτει.
1075 5289 1147 5346 Ὦ
1181 5294 1463 5366 μακαρίας
1494 5294 1701 5365 φωνῆς,
1734 5293 1831 5346 καὶ

251 5385 664 5455 μακαριωτέρου
711 5385 1002 5454 στόματος,
1042 5385 1138 5440 κα)¹
1186 5385 1458 5457 κρείσσων
1513 5385 1828 5455 ἐγκωμίων,

250 5474 339 5529 καὶ
383 5473 684 5546 θαύματος,
733 5475 966 5549 γνώμη·
1013 5478 1295 5543 οὐδέποτε,
1328 5478 1516 5548 φησὶν,
1548 5478 1827 5533 ἐκπίπτει.

249 5559 361 5615 Κᾶν
396 5569 757 5634 στασιάζωσιν
784 5570 935 5628 ἄλλοι
959 5587 974 5603 ⁸
1031 5569 1133 5625 κᾶν
1168 5570 1406 5642 χαίρωσι
1450 5569 1684 5640 μάχαις·
1724 5571 1829 5625 κᾶν

1945 1809 2217 1861 γιεοοτρτς
2247 1795 2343 1849 sed
2376 1796 2466 1850 ille
2501 1796 2611 1850 mei
2642 1802 2843 1866 (neque
2879 1798 3026 1852 enim
3059 1799 3212 1854 ell‘ari
3244 1801 3375 1871 quid
3397 1818 3525 1856 mo-

1945 1886 2187 1942 deratius
2232 1889 2478 1957 possum)
2517 1897 2572 1942 ut
2606 1888 2819 1943 videtur
2839 1890 3043 1945 oblitus
3068 1902 3149 1946 est
3175 1911 3191 1947 :
3219 1910 3321 1949 nec
3349 1894 3535 1965 suspi-

1944 1989 2099 2032 cetur
2128 1992 2215 2032 me
2240 1977 2381 2046 vulgi
2416 1994 2691 2043 sermone,
2724 1980 2793 2034 ab
2828 1981 2919 2035 illa
2948 1997 3110 2052 quam
3140 1982 3253 2051 jam
3285 1984 3416 2039 olim
3452 1984 3526 2040 de

1943 2090 2011 2130 eo
2062 2074 2167 2130 fovi
2211 2076 2530 2145 opinionem
2589 2077 2947 2133 abstractum.
2999 2079 3070 2132 At
3120 2078 3210 2134 ille
3245 2080 3317 2135 ibi
3368 2082 3530 2139 valde

1943 2171 2099 2225 timet
2124 2170 2214 2225 ubi
2237 2186 2349 2224 non
2385 2179 2597 2225 tantum
2624 2187 2735 2225 non
2754 2180 2839 2226 est
2892 2172 3076 2238 timor,
3107 2174 3203 2228 sed
3236 2190 3339 2230 nec
3364 2175 3526 2230 timo-

1943 2263 2018 2318 ris
2044 2263 2240 2333 aliqua,
2273 2263 2342 2318 ab
2370 2262 2437 2317 iis
2462 2263 2556 2333 qui
2581 2278 2667 2318 me
2688 2274 2975 2329 noverant,
3009 2266 3270 2335 suspicio.
3297 2266 3355 2321 Si
3375 2268 3526 2323 enim

1940 2355 2267 2409 diuturnum
2329 2354 2460 2409 illud
2550 2362 2768 2424 tempus
2843 2354 2899 2410 in
2950 2370 3060 2426 quo
3120 2366 3175 2412 te
3230 2373 3260 2412 a
3334 2359 3527 2428 pueris

1940 2446 2191 2519 cognovi,
2219 2460 2497 2516 magnum,
2525 2453 2582 2500 et
2606 2446 2765 2516 cujus
2793 2462 2986 2517 magna
3027 2447 3214 2518 gloria,
3244 2455 3524 2503 certamen

1941 2556 2041 2611 pro
2072 2539 2253 2599 nobis,
2306 2548 2403 2593 aut
2447 2537 2669 2592 Christo
2716 2539 2924 2607 potius,
2964 2549 3307 2608 susceptum,
3360 2549 3416 2594 et
3465 2540 3524 2596 in

1942 2632 2113 2702 ipsius
2150 2630 2422 2685 mandatis
2452 2645 2667 2695 cursus,
2701 2630 2943 2684 nondum
2975 2632 3045 2685 de
3076 2640 3167 2686 tua
3209 2633 3409 2687 virtute
3435 2647 3527 2688 me

1942 2724 2321 2779 conﬁrmatum
2374 2722 2631 2787 reddidit,
2689 2733 2845 2777 certe
2886 2740 2997 2778 non
3050 2724 3210 2779 video
3248 2727 3528 2794 quomodo

1941 2834 2074 2881 non,
2109 2833 2232 2872 cum
2273 2816 2589 2886 insipiente,
2644 2816 3020 2885 iniquissimus
3066 2817 3282 2883 videar;
3329 2827 3385 2873 et
3430 2819 3529 2889 qui

1941 2909 2261 2971 metuerint,
2287 2921 2359 2962 ne
2389 2907 2517 2976 quid
2555 2906 2662 2961 tale
2685 2908 2956 2977 patiamur
2981 2923 3103 2969 nos,
3133 2923 3199 2963 eo
3250 2909 3393 2978 quod
3423 2908 3525 2980 ipsi

1942 3016 2043 3054 nos
2067 3015 2177 3054 non
2217 2998 2551 3063 noverimus,
2582 2997 2931 3067 satisjustam
2966 2998 3249 3053 habebunt
3281 3014 3526 3068 causam,

1944 3102 2003 3146 ut
2032 3092 2176 3146 inter
2196 3091 2467 3160 pessimos
2515 3105 2606 3145 me
2633 3097 2979 3145 recenseant.
3042 3090 3147 3144 Sed
3180 3098 3237 3143 tu
3272 3090 3423 3145 hisce
3457 3091 3530 3148 de

1939 3185 2104 3239 rebus
2147 3184 2222 3238 sis
2267 3182 2737 3253 persuasissimus,
2770 3192 2827 3238 et
2873 3197 2962 3237 me
3011 3198 3310 3254 cognoscas
3337 3184 3523 3249 velim,

1936 3274 2080 3329 sicut
2126 3272 2248 3327 aliis
2289 3272 2457 3336 notis,
2513 3272 2588 3327 ita
2638 3272 2783 3341 quod
2834 3280 3073 3327 mentem
3121 3272 3381 3328 aliorsum
3428 3289 3531 3344 per

1937 3366 2072 3421 alios
2099 3364 2345 3435 pertrahi
2375 3366 2503 3419 nolo
2525 3381 2543 3417 :
2579 3365 2691 3419 noli
2722 3381 2853 3435 ergo
2880 3365 2951 3419 ob
2980 3365 3181 3419 nudam
3234 3381 3340 3421 nec
3384 3382 3521 3421 con-

1937 3472 2123 3527 gruam
2155 3456 2288 3511 satis
2324 3455 2691 3525 suspicionem
2741 3466 2798 3511 et
2834 3470 2925 3511 me
2947 3466 3003 3511 et
3040 3465 3093 3511 te
3135 3457 3319 3527 potius
3346 3457 3529 3529 ipsum

1938 3548 2221 3620 insigniter
2258 3564 2382 3603 reos
2412 3556 2691 3611 statuere;
2726 3548 2821 3603 sed
2869 3558 2926 3603 et
2952 3548 3146 3603 fratres
3176 3549 3337 3604 etiam
3394 3566 3527 3604 nos-

1941 3650 2077 3707 tros,
2115 3642 2159 3695 si
2188 3640 2318 3710 quid
2343 3640 2586 3695 humano
2614 3655 2765 3695 more
2799 3640 3095 3709 patiantur,
3127 3642 3234 3694 tuis
3262 3641 3531 3697 excitatos

1936 3731 2370 3805 praeeminentiis
2403 3731 2642 3787 fraterne
2677 3732 2908 3786 tolerato
2957 3741 3013 3786 et
3067 3732 3319 3796 suﬂerto,
3346 3750 3529 3803 neque

1938 3825 2085 3879 enim
2112 3840 2210 3893 par
2234 3833 2319 3878 est
2345 3831 2405 3877 ut
2436 3823 2557 3878 aliis
2610 3838 3035 3879 succenseamus
3073 3839 3171 3894 pro
3202 3823 3269 3878 iis
3300 3825 3368 3878 de
3406 3825 3531 3893 qui-

1938 3918 2040 3972 bus
2057 3916 2214 3971 nobis
2241 3914 2465 3987 agendae
2481 3915 2807 3987 suntgratiaa
2832 3934 2847 3981 ;
2888 3930 2991 3970 nec
3016 3930 3046 3969 e
3084 3914 3281 3984 quibus
3301 3914 3531 3969 demon-

1940 4008 2099 4062 strari
2155 4007 2363 4077 liquido
2415 4007 2634 4078 poterit,
2664 4023 2767 4063 nos
2814 4008 3068 4063 obtinere
3138 4006 3528 4077 principatum,

1940 4107 2194 4153 tenemur
2220 4099 2290 4154 ob
2325 4099 2414 4154 illa
2446 4115 2775 4156 succensere
2819 4099 2885 4154 iis
2924 4100 3015 4170 qui
3042 4099 3341 4169 culpabiles
3368 4107 3522 4161 sunt,

1941 4201 2002 4245 ut
2039 4190 2120 4246 sic
2150 4191 2520 4246 irrationalem
2544 4192 2852 4261 passionem
2902 4191 2956 4245 in
2989 4190 3363 4245 rationabilem
3393 4205 3528 4259 apo-

1939 4283 2135 4353 logiam
2165 4293 2588 4338 commutemus.
2624 4282 2731 4337 Sed
2766 4291 2823 4337 et
2850 4281 2994 4337 aliud
3021 4298 3053 4337 e
3077 4282 3241 4337 dictis
3277 4291 3329 4336 te
3363 4280 3530 4335 intel-

1944 4374 2111 4444 ligere
2144 4368 2466 4438 velim,'hoc
2518 4387 2739 4443 nempe,
2794 4374 2938 4443 quod
2977 4373 3245 4428 debemus
3288 4388 3389 4426 nos
3431 4370 3529 4442 qui

1945 4465 2239 4521 validiores
2274 4480 2488 4528 sumus,
2538 4464 2886 4520 inﬁrmitates
2929 4466 3271 4522 inﬁrmorum
3307 4472 3528 4535 portare

1943 4566 1999 4611 et
2027 4557 2323 4612 sustinere.
2360 4557 2636 4627 Imprimis
2668 4573 2765 4627 per
2814 4550 2951 4613 totae
2973 4558 3096 4612 vitae
3128 4574 3352 4613 cursum
3384 4558 3533 4612 illius

1942 4647 2143 4702 habeto
2184 4664 2395 4714 curam,
2425 4649 2574 4718 quod
2625 4648 2764 4703 nihil
2814 4649 3075 4705 indecore
3126 4650 3288 4704 faciat
3334 4658 3532 4705 cautus

1940 4754 2132 4807 amor;
2168 4739 2358 4795 sedulo
2419 4739 2633 4810 inquire
2668 4739 2798 4810 quid
2854 4740 2958 4795 sibi
3006 4740 3157 4804 velit,
3202 4740 3347 4795 Nihil
3399 4740 3533 4797 facit

1941 4831 2224 4898 indecore,
2258 4833 2427 4904 (certe
2458 4832 2781 4887 immensam
2805 4842 2861 4888 et
2888 4833 3248 4888 innarabilem
3276 4831 3529 4887 utilitatis

1933 4922 2184 4979 invenies
2208 4924 2686 4996 profunditatem.)
2717 4924 2990 4981 Nimirum
3010 4926 3156 4995 quod
3188 4941 3300 4979 non
3328 4925 3528 4995 quaerit

1933 5033 2055 5086 quae
2077 5033 2176 5073 sua
2202 5026 2352 5080 sunt,
2383 5018 2480 5073 sed
2520 5018 2705 5074 omnia
2737 5018 2894 5090 tegit,
2926 5029 3112 5089 sperat
3164 5018 3372 5083 omnia,
3428 5033 3525 5074 su-

1931 5109 2119 5165 blimia
2151 5119 2280 5165 sunt
2310 5110 2410 5163 ista
2458 5125 2626 5165 onera
2659 5109 2994 5178 suﬂ'erenda,
3036 5110 3353 5167 emendatio
3377 5124 3527 5165 sem-

1932 5217 2032 5272 per
2065 5212 2120 5257 et
2145 5203 2431 5259 conversio
2464 5204 2516 5257 in
2542 5202 2739 5260 melius
2762 5202 3037 5272 speranda
3064 5212 3150 5260 est
3169 5204 3236 5259 de
3257 5201 3526 5275 proximo.

1939 5297 2079 5363 Quid
2114 5298 2262 5353 aliud
2308 5298 2426 5353 vult
2480 5297 2633 5354 Pauli
2684 5297 2980 5368 sapientia,
3030 5297 3257 5362 divitiae,
3304 5295 3529 5369 gratia?

1939 5390 2217 5457 Charitas,
2270 5390 2471 5460 inquit,
2534 5404 2816 5460 nunquam
2886 5388 3306 5447 excidiubeata
3365 5388 3528 5458 plane

1940 5498 2066 5547 vox,
2097 5483 2267 5555 magis
2299 5483 2521 5537 beatum
2560 5498 2643 5548 os,
2680 5482 2960 5537 sententia
2991 5481 3182 5535 laudes
3210 5490 3265 5535 et
3290 5480 3525 5535 adrnira-

1939 5576 2147 5627 tionem
2194 5589 2413 5631 onmem
2464 5573 2756 5630 excedens.
2804 5572 3091 5644 Nunquam
3122 5572 3201 5627 ait
3229 5611 3247 5639 ,
3298 5572 3524 5639 excidit,

1574 5728 1815 5787 VARIE
1844 5729 2249 5788 LECTIONES.

388 5902 454 5951 π,
489 5888 825 5962 ὀνομαςέςω,
907 5892 931 5930 ς
1091 5891 1183 5941 καὶ
1224 5891 1282 5941 τὸ
1313 5892 1493 5962 σῶμα.

258 5951 440 6019 πάθος.
511 5966 551 5997 ω
588 5951 685 6011 ἵσζ
718 5961 801 6013 ἐκ.
883 5969 910 6001 ³³
942 5961 1369 6019 ἀδυνατούντων.

1597 5895 1620 5931 ‘1
1658 5895 1851 5946 εἰπεῖν.

1936 5903 1949 5930 ι
1990 5892 2077 5948 ἵσ.
2132 5892 2259 5947 ἄλλ’)
2285 5910 2354 5947 τι.
2436 5904 2447 5939 1
2484 5890 2581 5962 τῷ.
2661 5890 2686 5933 5
2726 5894 2811 5947 ϊσ.
2840 5892 2894 5945 ἐν
2932 5893 3103 5966 αἰτία.
3191 5891 3208 5934 ι
3253 5894 3506 5967 subrepit

1448 5972 1474 6000 ε
1512 5964 1689 6019 πάντα
1716 5961 1982 6019 πιστεύει.
