3930 6454
294 469 393 531 831

1420 470 1682 532 ΡΗΟΤΙΙ
1723 470 2228 531 PATRIARCIL‘E
2265 471 2374 530 (ΞΡ.

3449 468 3556 529 832

297 583 421 636 licet
453 578 858 635 tumultuentur
887 579 999 645 alii,
1030 579 1158 635 licet
1206 581 1710 638 concertationibus
1741 597 1862 651 gau-

1977 581 2048 632 τά
2075 580 2266 648 πρῶτα
2290 577 2493 648 ζητῶσι
2512 593 2524 606 ”
2550 577 2654 631 κᾶν
2680 577 2873 648 φθόνος
2899 577 3085 640 αὐτοῖς
3100 576 3388 646 άνερεθίζῃ
3407 595 3421 606 ·
3457 577 3552 628 καὶ

292 673 474 736 deant,
525 670 654 725 licet
704 671 956 740 primaria
1009 683 1297 740 quaerant,
1337 672 1464 727 licet
1505 673 1652 742 ipsos
1705 673 1873 727 exsti-

294 763 466 817 mulet
517 761 737 829 invidia,
778 762 904 818 licet
945 779 1137 819 manus
1176 765 1380 832 injuste
1427 765 1695 819 violentas
1744 764 1869 832 inji-

291 855 459 918 ciant,
488 853 615 910 licet
639 869 839 924 susque
871 857 1105 910 hal'eant
1143 856 1353 926 deque;
1385 871 1664 924 nunquam
1690 854 1872 909 chari-

293 958 373 1003 Ias
412 948 479 1002 de
509 963 605 1002 sua
639 948 873 1002 statione
903 949 1175 1017 dejicitur,
1215 963 1319 1002 nec
1344 947 1528 1003 delicit
1571 963 1602 1002 a
1645 947 1868 1012 virtute,

291 1051 400 1089 non
420 1036 696 1104 desperat,
729 1054 836 1092 non
868 1046 1152 1093 aversatur
1170 1037 1444 1102 dolentes;
1478 1053 1694 1108 semper
1716 1053 1870 1092 occa-

290 1127 472 1182 siones
501 1129 713 1197 quaerit,
743 1143 960 1199 semper
989 1144 1208 1184 onmem
1249 1137 1432 1184 movet
1463 1129 1721 1199 lapidem,
1751 1143 1869 1183 om-

292 1234 415 1273 nem
444 1219 544 1275 init
574 1221 889 1276 methodum
923 1230 984 1275 ut
998 1230 1149 1275 extra
1192 1237 1251 1276 se
1277 1220 1580 1276 desultores
1627 1220 1680 1273 in
1735 1235 1866 1288 pro-

293 1312 468 1380 prium
523 1313 926 1382 conjunctionis
973 1321 1029 1367 et
1084 1313 1306 1368 unionis
1359 1321 1572 1382 pratum
1619 1311 1864 1367 reducat.

295 1403 438 1472 llaec,
463 1420 496 1460 ο
528 1405 600 1459 (ili
633 1406 726 1470 mli,
749 1405 802 1460 in
828 1404 1046 1460 Christo
1076 1405 1360 1469 meditare,
1389 1411 1442 1458 et
1478 1404 1629 1459 hisce
1661 1413 1713 1457 te
1736 1419 1868 1457 con-

289 1495 495 1560 forma,
534 1495 628 1551 tibi
666 1497 981 1551 concinens.
1009 1495 1169 1550 Certe
1202 1495 1342 1549 bene
1365 1495 1516 1550 noris
1554 1495 1694 1564 ψωά
1732 1494 1868 1548 nihil

291 1588 377 1640 his
412 1589 648 1657 panariis
681 1589 849 1660 magis
876 1590 1005 1644 utile
1037 1588 1280 1659 reperire
1311 1588 1517 1659 poteris
1556 1608 1569 1644 :
1601 1597 1862 1644 caeterum

1971 671 2171 742 χειρῶν
2197 671 2442 740 ἄρχωσιν
2469 668 2686 722 ἀδίκων·
2711 669 2816 722 κᾶν
2838 668 2908 722 τὰ
2933 669 3045 723 ἄνω
3075 668 3349 737 στρέφωσι
3378 669 3554 720 κάτωο

1971 761 2228 814 οὐδέποτε
2256 763 2288 829 ή
2317 761 2505 831 ἀγάπη
2535 759 2635 828 τῆς
2661 759 2873 823 οίκείας
2907 758 3070 827 ἕδρας
3099 758 3193 810 καὶ
3222 757 3429 826 ἀρετῆς
3455 757 3553 810 ὲκ-

1973 852 2184 918 πίπτει,
2232 852 2340 906 οὐδ’
2385 850 2778 921 ἀπογινώσκει,
2813 851 2924 905 οὐδ’
2970 847 3377 920 ἀποστρέφεται
3423 849 3552 912 τοὺς

1969 947 2372 1019 λελυπηκότας·
2429 946 2546 1000 ἀλλ’
2603 946 2690 999 ἀεὶ
2751 945 3057 1016 προφάσεις
3111 941 3391 1012 ἐπιζητεῖ,
3451 940 3551 994 καὶ

1976 1040 2154 1094 πάντα
2179 1040 2348 1100 κινεῖ,
2382 1039 2475 1090 καὶ
2511 1036 2790 1107 μεθοδεύει
2810 1076 2825 1101 ,
2861 1035 2929 1088 δι’
2954 1029 3028 1088 ὧν
3062 1035 3260 1097 αὐτοὺς
3291 1033 3384 1085 καὶ
3415 1034 3553 1100 ἁπο-

1977 1130 2309 1204 σκιρτῶντας
2327 1131 2407 1194 εἰς
2429 1129 2520 1184 τὸν
2537 1131 2735 1182 οἰκεῖον
2754 1129 2852 1197 τῆς
2872 1129 3169 1197 συναφείας
3191 1127 3285 1180 καὶ
3306 1126 3552 1187 ὲνώσεως

1976 1221 2315 1293 συναγελάζῃ
2372 1219 2635 1291 λειμῶνα.
2676 1220 2898 1285 Ταῦτα,
2942 1220 3130 1273 τέκνον
3179 1218 3449 1288 ἡμέτερον
3488 1216 3553 1268 ἐν

1973 1315 2192 1386 Κυρίῳ,
2223 1313 2456 1384 μελέτα*
2497 1314 2592 1366 καὶ
2630 1314 2840 1374 τούτοις
2881 1311 3072 1366 ἑαυτὸν
3100 1311 3362 1383 ρύθμιζε,
3416 1325 3550 1362 κατ-

1973 1405 2207 1476 επᾴδων.
2237 1405 2404 1460 Οὐδὲν
2451 1406 2580 1476 γὰρ,
2625 1404 2687 1458 εὖ
2730 1403 2858 1468 ίσθι,
2896 1404 3005 1456 τῶν
3034 1403 3319 1468 παναρίων
3343 1400 3551 1454 τούτων

1973 1497 2230 1568 εὑρήσεις
2261 1497 2682 1568 ὠφελιμώτερον
2704 1512 2716 1526 ’
2763 1495 2831 1549 τά
2859 1495 2902 1548 δ’
2934 1495 3068 1549 ἄλλα
3115 1493 3354 1565 ἔρρωσο,
3390 1490 3551 1562 ἱερώ-

1973 1607 2125 1654 τατε,
2155 1590 2257 1662 τῆς
2288 1583 2444 1661 ἡμῶν
2482 1588 2917 1660 ύπερευχόμενος
2951 1586 3320 1659 μετριότητος.

289 1681 426 1746 vale,
451 1690 505 1736 et
543 1681 794 1752 precibus
827 1690 1069 1736 nostram
1096 1680 1526 1736 mediocritatem
1564 1681 1996 1737 commendatam
2035 1682 2194 1737 habe.

873 1777 1091 1835 EPIST.
1147 1780 1264 1836 XV.

967 1869 1171 1927 Eidem.

2578 1773 2805 1829 ΕΠΙΣΤ.
2846 1772 2949 1828 IE'.

2611 1862 2696 1933 Τῷ
2727 1865 2908 1932 αὐτῷ.

1537 1983 1806 2036 Monmout.
1841 1983 1945 2046 (ep.
1979 1981 2090 2044 107,
2122 1993 2173 2046 p.
2208 1980 2339 2045 152).

350 2083 534 2140 Gratia
563 2085 780 2142 Christo
812 2102 942 2142 vero
979 2087 1089 2145 Deo
1129 2098 1319 2145 nostro
1341 2089 1438 2160 qui
1485 2089 1543 2146 in
1597 2089 1856 2146 omnibus

2028 2087 2209 2160 Χάρις
2260 2085 2485 2158 Χριστῷ
2533 2085 2616 2157 τῷ
2660 2085 2905 2157 ἀληθινῷ
2951 2084 3073 2157 Θεῷ
3119 2084 3301 2156 ἡμῶν,
3341 2083 3418 2154 τῷ
3459 2085 3554 2137 ἐπὶ

283 2192 384 2231 nos
403 2175 739 2242 consolatur,
769 2177 863 2248 qui
891 2188 1114 2235 naturas
1134 2195 1429 2251 generosas
1457 2180 1506 2236 si
1533 2180 1620 2236 vel
1648 2180 1860 2251 aliqua-

285 2277 445 2323 tenus
469 2269 538 2323 ab
565 2269 750 2324 innata
778 2271 982 2326 virtute
1015 2271 1349 2337 exorbitent,
1383 2274 1655 2344 potestate
1670 2273 1859 2340 donat,

282 2371 342 2414 ut
361 2361 687 2430 quantocius
719 2378 882 2417 suum
916 2362 1130 2434 lapsum
1157 2363 1486 2437 intelligant,
1509 2373 1566 2421 et
1594 2365 1666 2420 ad
1703 2380 1859 2420 suam

281 2451 621 2506 nobilitatem
649 2461 708 2507 et
762 2452 1086 2524 dignitatem
1111 2455 1522 2527 regrediantur;
1557 2455 1654 2526 qui
1693 2455 1860 2511 etiam

282 2559 449 2609 nunc,
480 2560 589 2599 non
615 2560 861 2600 mearum
897 2547 1174 2603 rationum
1208 2557 1266 2604 et
1302 2549 1637 2616 orationum,
1661 2559 1723 2604 ut
1747 2558 1864 2604 tute

283 2642 462 2704 putes,
497 2634 548 2688 vi
583 2643 636 2690 et
668 2635 1063 2703 admonitione,
1093 2639 1323 2709 gratiam
1369 2640 1596 2711 largitus
1643 2648 1750 2706 est,
1803 2647 1864 2694 ut

283 2727 418 2781 viles
443 2736 500 2782 et
524 2726 761 2783 humiles
800 2744 926 2784 cum
974 2730 1241 2800 despectu
1269 2731 1482 2788 habitas
1508 2733 1864 2804 cogitationes

281 2817 524 2886 abjicias,
552 2817 648 2873 sed
687 2817 950 2876 facultate
971 2829 1029 2877 et
1079 2822 1278 2878 robore
1308 2832 1413 2878 tuae
1472 2823 1648 2894 ipsius
1697 2839 1862 2894 quam

283 2910 528 2979 possides
559 2911 1044 2981 magnanimitatis.
1081 2913 1142 2969 Si
1199 2925 1381 2970 autem
1407 2915 1592 2972 innata
1613 2927 1670 2972 et
1685 2932 1859 2987 appo-

282 3002 388 3055 sita
422 3003 658 3072 propriae
691 3005 987 3062 voluntatis
1016 3006 1318 3076 amplitudo
1346 3023 1469 3078 quae
1512 3008 1716 3078 optima
1751 3017 1856 3073 est,

283 3102 340 3147 et
371 3102 582 3152 caeteras
613 3107 718 3153 tum
749 3099 1204 3166 conversationis,
1241 3099 1361 3155 sine
1394 3099 1712 3157 difficultate
1766 3117 1858 3157 re-

281 3185 456 3251 duxit,
490 3196 766 3260 utcunque
795 3207 975 3247 rerum
1001 3192 1435 3264 contingentium
1458 3193 1697 3256 occasio,
1722 3194 1863 3249 mul-

285 3279 453 3350 tiplici
479 3297 566 3338 ine
594 3282 710 3338 alea
733 3283 997 3354 jactatum
1023 3285 1347 3350 turbaverit,
1386 3295 1445 3340 tu
1476 3294 1658 3342 tamen
1693 3302 1867 3358 usque

283 3374 338 3428 in
399 3374 637 3432 immota
695 3379 949 3435 amicitiae
1011 3379 1355 3437 instimtione
1426 3379 1690 3436 solidatus
1739 3393 1867 3451 per-

284 3469 466 3523 sistes.
497 3467 652 3536 Vale,
683 3471 755 3525 mi
785 3471 860 3526 ﬁli
904 3473 1296 3529 sacratissime.

870 3562 1090 3620 EPIST.
1129 3564 1275 3619 XVI.

608 3653 857 3725 Gregorio
889 3655 1168 3726 Syracusae
1199 3657 1510 3726 archiepisc.

1962 2179 2098 2236 πᾶσι
2130 2179 2540 2252 παρακαλοῦντι
2567 2179 2740 2250 ημᾶς,
2770 2180 2850 2249 τῷ
2881 2179 2976 2232 καὶ
2997 2177 3102 2242 τὰς
3136 2177 3396 2244 γενναίας
3442 2176 3553 2229 τῶν

1961 2274 2179 2344 φύσεων
2212 2271 2416 2344 (ἐπεῶ
2445 2271 2512 2327 ἂν
2544 2270 2644 2343 τῆς
2692 2271 2901 2332 οἰκείας
2945 2269 3147 2342 ἀρετῆς
3179 2267 3374 2339 μικρὸν
3418 2268 3554 2321 ἀπο-

1962 2364 2219 2434 κλίνωσι)
2267 2364 2461 2419 θᾶττόν
2508 2381 2569 2418 τι
2617 2364 2853 2434 συνορᾷν
2897 2360 3275 2432 δυναμοῦντιν
3325 2359 3388 2413 τὸ
3429 2359 3552 2412 ὀλί-

1964 2454 2174 2526 σθημα,
2202 2454 2297 2508 καὶ
2326 2453 2465 2525 πρὸς
2483 2453 2546 2506 τὸ
2565 2453 2766 2506 οἰκεῖον
2783 2455 2878 2506 καὶ
2899 2450 3120 2520 εὐγενὲς
3151 2448 3551 2519 ἑπανατρέχειν

1963 2548 2204 2618 ἀξίωμα.
2257 2547 2358 2610 Ὃς
2406 2545 2503 2598 καὶ
2532 2543 2647 2608 νῦν,
2689 2544 2751 2597 ού
2781 2546 2849 2615 τῇ
2887 2542 2999 2597 τῶν
3029 2543 3314 2614 ἡμετέρων
3357 2540 3550 2609 λόγων.

1963 2640 2040 2704 ὡς
2086 2639 2154 2694 ἂν
2193 2637 2358 2702 αὐτὸς
2385 2636 2574 2708 φαίης,
2617 2636 2849 2704 δυνᾶμει
2893 2636 2989 2689 xui.
3017 2635 3375 2707 παραινέσειο
3415 2633 3553 2687 ἀλλὰ

1963 2730 2063 2800 τῆς
2105 2729 2340 2793 οἴκοθεν,
2391 2729 2490 2783 καὶ
2520 2726 2578 2794 εξ
2625 2726 2792 2780 αὑτοῦ
2828 2743 2912 2780 σοι
2947 2723 3431 2797 παρὰσχεσθείσης
3456 2738 3552 2793 μισ

1964 2822 2273 2892 γαλονοίας,
2302 2823 2369 2890 τῇ
2400 2818 2560 2891 ῥώμῃ
2588 2819 2650 2872 τὸ
2673 2818 2888 2888 χυδαῖον
2917 2816 3018 2889 μὲν
3039 2815 3132 2871 καὶ
3156 2814 3420 2869 ταπεινὸν
3445 2814 3554 2867 τῶν

1963 2913 2241 2984 λογισμῶν
2257 2913 2561 2985 ἐχαρίτωσὲ
2590 2927 2650 2964 σε
2671 2909 3092 2964 διαπτύσασθαι.
3117 2909 3180 2962 Εί
3205 2908 3264 2961 δὲ
3291 2906 3354 2961 τὸ
3383 2915 3552 2977 προσ-

1966 3009 2100 3078 φυὲς
2127 3008 2223 3062 καὶ
2266 3005 2604 3078 κατάλληλον
2640 3004 2873 3077 μάγεθος
2901 3005 3000 3074 τῆς
3024 3002 3254 3075 ἀρίστης
3292 2997 3556 3071 προαιρέ-

1967 3113 2126 3164 σεως,
2161 3100 2380 3172 καὶτῆς
2415 3099 2584 3168 ἄλλης
2617 3098 2913 3164 πολιτείας,
2945 3099 3012 3151 ὲκ
3056 3096 3151 3150 τοῦ
3204 3095 3405 3167 ῥᾴστου
3453 3094 3552 3148 ἑπ-

1965 3193 2259 3262 ανήγαγεν,
2281 3191 2342 3244 ὲν
2371 3184 2454 3254 οἷς
2476 3190 2598 3260 εἴης
2633 3205 2727 3260 μοι
2754 3186 2858 3242 κᾶν
2887 3185 3118 3259 μυρίους
3150 3184 3353 3249 κύϐους
3382 3185 3418 3255 ἡ
3445 3181 3556 3236 τῶν

1969 3283 2313 3354 πραγμάτων
2357 3281 2689 3355 ἀναρρίπτοι
2725 3278 3078 3352 περιπέτεια,
3116 3278 3283 3342 αὐτὸς
3328 3277 3556 3331 διαπαν-

1966 3376 2057 3440 τὸς
2104 3379 2162 3431 ὲν
2201 3375 2489 3447 άκλονήτῳ
2525 3376 2627 3444 τῆς
2672 3373 2896 3446 ἀγάπης
2925 3371 3324 3440 ἐστηριγμένος
3349 3369 3555 3440 φρονή-

1892 3466 1940 3530 C
1976 3485 2133 3539 ματι.
2171 3468 2448 3540 Ἔρρωσθ,
2479 3468 2670 3521 τεκνον
2695 3465 2963 3537 ἡμέτερον
2991 3461 3306 3536 ἱερώτατον.

2103 3595 2114 3614 .
2569 3558 2795 3614 ΕΠίΣΤ.
2827 3559 2945 3614 ις’.

2569 3559 2795 3614 sum.
2827 3559 2847 3611 ι
2911 3563 2945 3612 ο.

2145 3654 2453 3724 Γρηγοριφ
2481 3559 2936 3723 ἀρχιεπαῖκόξφ
2963 3648 3386 3719 Συρακούσης.

1527 3771 1802 3824 Montacut.
1841 3773 1944 3837 (ep.
1978 3770 2089 3832 111,
2121 3783 2171 3834 p.
2205 3767 2339 3831 154).

351 3868 701 3942 Quaecunque
723 3871 1203 3945 archiepiscopalls
1222 3883 1312 3930 tua
1332 3876 1594 3933 sanctitas
1616 3879 1683 3934 ad
1733 3893 1869 3934 con-

281 3961 622 4017 stitutionem
649 3963 742 4018 Dei
767 3963 1023 4019 Ecclesiae
1061 3975 1337 4037 operatur,
1367 3968 1435 4022 ab
1463 3968 1580 4039 ipso
1598 3969 1868 4042 principio

280 4067 402 4109 mea
452 4054 799 4111 mediocritas
850 4064 1028 4111 tecum
1072 4057 1128 4112 in
1167 4057 1234 4113 iis
1280 4059 1591 4130 conspirat:
1653 4071 1714 4116 ut
1754 4063 1866 4118 fre-

279 4145 538 4215 quentius
567 4147 664 4202 tibi
701 4148 756 4201 in
790 4149 1111 4205 memoriam
1144 4164 1404 4206 revocare
1436 4167 1547 4207 non
1585 4152 1656 4208 sit
1688 4169 1862 4224 opus;

280 4252 428 4293 nunc
488 4241 748 4310 temporis
806 4241 1100 4312 praecipue,
1159 4257 1282 4298 cum
1344 4259 1479 4300 voce
1539 4260 1865 4318 quacunque

279 4330 480 4387 clarius
508 4341 565 4387 et
587 4335 1021 4390 consummatius
1048 4347 1150 4390 nos
1181 4335 1233 4391 id
1261 4336 1493 4393 doceant
1523 4353 1643 4408 quae
1671 4347 1865 4394 mutuo

277 4423 437 4480 nobis
480 4425 849 4496 contigerunt,
889 4443 954 4484 ac
997 4429 1280 4500 utriusque
1323 4440 1525 4487 statum
1571 4432 1858 4501 aqualem,

277 4515 528 4571 eumdem
573 4518 842 4587 animum,
890 4520 1251 4590 cogitationes
1284 4523 1505 4578 easdem
1546 4534 1859 4596 suggerant,

275 4607 584 4663 communis
640 4618 825 4665 nostra
881 4610 935 4665 in
1001 4611 1218 4668 Christo
1273 4629 1460 4679 causa,
1525 4613 1858 4686 persecutio,

276 4714 597 4756 communes
639 4701 942 4773 passiones,
982 4703 1292 4760 ineffabiles
1333 4706 1534 4778 quibus
1577 4723 1856 4763 meremur

274 4790 575 4847 conﬂictari
631 4803 857 4864 propter
912 4795 1375 4864 observationem,
1439 4807 1495 4854 et
1552 4799 1856 4856 custodiam

274 4884 655 4941 mandatorum
694 4885 909 4941 Domini
942 4887 1152 4943 nostri.
1196 4889 1424 4945 Intende
1456 4899 1638 4945 autem
1669 4908 1854 4963 porro,

274 4985 330 5032 et
351 4983 501 5032 recto
544 4979 763 5034 tramite
805 4978 1062 5045 incedito,
1107 4995 1304 5035 manus
1350 4981 1658 5052 imponens,
1701 4998 1858 5038 sacra

273 5081 560 5138 peragens,
589 5069 789 5126 Christi
819 5087 1037 5144 gregem
1066 5073 1434 5144 multiplicans
1463 5082 1518 5129 et
1557 5074 1854 5146 adaugens,

275 5162 477 5232 templa
524 5165 834 5220 veneranda
879 5174 1208 5222 construens
1242 5174 1297 5221 et
1328 5166 1624 5233 dedicans;
1664 5169 1857 5239 praeci-

274 5265 383 5323 pue
429 5267 551 5308 cum
587 5262 830 5325 tempora
875 5256 984 5311 sint
1020 5255 1322 5326 ejusmodi,
1360 5255 1414 5309 in
1449 5256 1646 5326 quibus
1675 5266 1861 5311 sacer-

273 5346 428 5401 dotes
451 5355 504 5400 ct
526 5347 914 5414 sacerdotium,
937 5363 1188 5420 magnam
1216 5359 1449 5420 partem,
1485 5350 1858 5405 miserandum

275 5439 329 5490 in
385 5437 608 5492 modum
663 5438 880 5493 silentio
937 5438 1270 5506 obruuntur,
1331 5448 1388 5494 et
1416 5455 1484 5495 ex
1542 5441 1858 5496 hominibus

275 5528 625 5585 climinantur
644 5546 658 5594 ;
679 5543 802 5583 cum
827 5529 1026 5598 templa
1053 5530 1252 5600 passim
1278 5530 1518 5586 desolata
1539 5531 1778 5600 iaceant,
1799 5539 1858 5585 et

271 5619 531 5675 demolita
578 5620 688 5675 sint
707 5629 802 5676 aut
840 5620 1096 5691 expilata,
1141 5636 1242 5691 pro
1276 5621 1368 5677 illo
1407 5621 1600 5678 ordine
1639 5630 1694 5677 et
1733 5621 1855 5692 pul-

2044 3873 2187 3928 Ὀσα
2213 3872 2350 3944 πρὸς
2380 3869 2755 3940 καταρτισμὸν
2773 3868 2872 3939 τῆς
2899 3865 2994 3921 τοῦ
3035 3854 3174 3922 θεοῧ
3227 3855 3553 3934 Ἓκκλησίας

1972 3966 2006 4036 ἡ
2035 3961 2396 4037 άρχιερατικὴ
2430 3959 2587 4032 ὑμῶν
2610 3959 3006 4032 διαπράττεται
3053 3956 3278 4028 ὁσιότης
3303 3998 3319 4022 ,
3350 3953 3557 4010 ἄνωθεν

1968 4059 2065 4110 καὶ
2098 4053 2336 4127 ὲξαρχῆς
2361 4057 2463 4124 τὴν
2507 4052 2786 4124 ἡμετέραν
2819 4051 2964 4122 ἔχεις
3022 4049 3427 4120 συμφωνοῦσαν
3459 4063 3557 4118 με-

1966 4149 2228 4219 τριότητα
2249 4163 2263 4178 ·
2294 4144 2487 4215 διόπερ
2517 4144 2576 4197 ού
2602 4143 2772 4197 δεῖται
2796 4137 3055 4212 συνεχοῦς
3084 4141 3180 4194 ἐπὶ
3197 4137 3412 4202 τούτοις
3427 4139 3549 4192 ὑπο

1970 4241 2255 4312 μνήσεως·
2293 4235 2532 4308 μάλιστά
2551 4250 2616 4305 γε
2636 4234 2752 4298 νῦν,
2784 4228 2875 4288 ὅτε
2927 4231 3113 4303 φωνῆς
3145 4232 3364 4298 ἁπάσης
3415 4229 3556 4316 λαμο

1964 4327 2233 4402 πρότερόν
2279 4343 2341 4380 τε
2395 4324 2493 4380 καὶ
2529 4324 2887 4396 τελειότερον,
2927 4321 3370 4377 ἀναδιδάσκουσιν
3403 4318 3556 4390 ἡμᾶς

1963 4423 2032 4477 τά
2057 4419 2327 4493 ἀλλήλων,
2361 4422 2457 4474 καὶ
2481 4421 2562 4482 είς
2598 4419 2728 4488 μίαν
2761 4416 2988 4487 γνώμην
3041 4414 3133 4469 καὶ
3161 4412 3221 4466 τὺ
3264 4411 3397 4465 αὐτὸ
3433 4429 3558 4465 συν-

1962 4514 2198 4570 άπτουσι
2225 4513 2480 4584 φρόνημα
2500 4525 2514 4542 ·
2545 4513 2634 4566 ὅτε
2667 4507 2847 4574 κοινὸς
2873 4507 3015 4581 ὑπὲρ
3034 4501 3270 4579 Χριστοῦ
3288 4501 3555 4574 διωγμὸς,

1962 4612 2059 4664 καὶ
2085 4609 2154 4663 τά
2187 4607 2343 4663 κοινὰ
2379 4607 2526 4679 πάθη
2557 4607 2654 4660 καὶ
2680 4604 3039 4675 άνιστόρητα,
3083 4594 3164 4667 οἷς
3191 4600 3439 4656 ὲναθλεῖν
3463 4599 3554 4653 διὰ

1959 4705 2062 4775 τὴν
2094 4703 2424 4773 συντήρησιν
2452 4699 2562 4754 τῶν
2585 4697 2920 4752 δεσποτικῶν
2948 4693 3184 4750 ὲντολῶν
3231 4691 3328 4748 καὶ
3375 4702 3554 4762 παρα-

1890 4765 1935 4821 D
1964 4765 2583 4865 cpokaxhv,':&£todp59a.
2618 4790 2863 4844 Ἐντεινε
2903 4786 3086 4842 τοίνυν
3119 4787 3216 4841 καὶ
3261 4780 3550 4838 κατευοδοῦ

1965 4887 2292 4960 χειροθετῶν
2323 4895 2382 4940 τε
2405 4885 2502 4940 καὶ
2529 4882 2844 4955 ίεροτελῶν,
2873 4881 2971 4936 καὶ
2996 4881 3060 4934 τὸ
3094 4879 3348 4950 ποίμνιον
3376 4873 3549 4940 αὔξων

1965 4981 2062 5035 καὶ
2089 4977 2378 5046 πληθύνων
2430 4975 2667 5048 Χριστοῦ
2691 4992 2705 5005 ·
2759 4974 2921 5038 ναούς
2949 4991 3010 5027 τε
3043 4972 3306 5034 σεπτοὺς*
3327 4968 3552 5039 ἐγείρων

1964 5069 2060 5122 καὶ
2095 5066 2489 5138 τελεσιουργῶν
2510 5083 2524 5098 ·
2553 5065 2668 5120 ἀλλ’
2703 5065 2843 5119 ὥστε
2877 5073 2905 5115 ιι
2930 5064 3024 5117 κα)⁸
3054 5062 3268 5134 καιροῖς
3293 5057 3554 5118 τοιούτοις

1965 5161 2024 5214 ὲν
2056 5155 2138 5223 οἷς
2168 5159 2332 5229 ἱερεῖς
2362 5169 2419 5210 τε
2453 5159 2545 5211 καὶ
2580 5155 2872 5226 ἱερωσύνη,
2908 5155 2969 5208 τὸ
2993 5153 3158 5223 μέρος
3191 5148 3418 5202 ἐκείνων
3444 5145 3552 5200 τῶν

1961 5249 2313 5321 τρισαθλίων,
2345 5249 2630 5318 σεσίγηται
2672 5249 2768 5302 καὶ
2797 5247 2858 5312 ἐξ
2883 5244 3189 5316 ἀνθρώπων
3209 5241 3506 5313 ἠφάνισται
3531 5251 3546 5268 ⁸

1962 5341 2107 5395 ναῶν
2143 5356 2203 5395 τε
2261 5340 2466 5412 ἐρημία
2516 5341 2611 5393 καὶ
2645 5341 2913 5412 πόρθησις
2944 5338 3065 5393 ἀντὶ
3091 5338 3193 5408 τῆς
3228 5335 3358 5405 πρὶν
3387 5333 3549 5386 εὐκο-

1964 5433 2152 5504 σμίας,
2181 5431 2245 5486 τὸ
2293 5431 2602 5502 Ῥωμαϊκὸν
2635 5431 2857 5502 κατέχει
2888 5428 3212 5497 πολίτευμα,
3237 5425 3331 5478 καὶ
3361 5439 3552 5494 μονον-

1959 5527 2080 5596 ουχὶ
2135 5526 2204 5579 τὰ
2249 5522 2600 5596 Χριστιανῶν
2644 5525 2710 5576 ὲκ
2761 5522 2979 5592 βάθρων
3027 5518 3209 5573 αὐτῶν
3242 5515 3549 5585 ἀνατέτρα-

1960 5635 2114 5674 πται*
2132 5609 2234 5684 οἷς,
2252 5617 2337 5681 τίς
2352 5615 2516 5683 ἀξίως
2533 5615 2691 5680 ἄλλος
2708 5616 2740 5686 ἢ
2759 5615 3028 5687 Ἱερεμίας
3047 5607 3420 5676 ἐπιστενάξειε
3462 5605 3548 5658 δυ-

1547 5777 1784 5837 νΑιιιιιΕ
1825 5777 2233 5836 LECTIONES.

356 5945 382 5988 ν
416 5937 511 5991 καὶ
549 5937 954 6010 ὲνδυναμοῦντι.
1035 5951 1063 5994 σι
1110 5943 1278 6007 ἄλλως
1318 5959 1395 5997 τε.
