  <div class='ocr_page' id='page_1' title='image "/cluster/home/n/w/nwhite01/storage/ocr_20150623/102:no.2/coo.31924054870062/432.png"; bbox 0 0 3930 6486; ppageno 0'>
   <div class='ocr_carea' id='block_1_1' title="bbox 246 396 3556 476">
    <p class='ocr_par' dir='ltr' id='par_1_1' title="bbox 246 396 3556 476">
     <span class='ocr_line' id='line_1_1' title="bbox 246 396 3556 476; baseline 0.011 -39"><span class='ocrx_word' id='word_1_1' title='bbox 246 407 371 468; x_wconf 69' lang='lat'><strong>833</strong></span> <span class='ocrx_word' id='word_1_2' title='bbox 1458 397 1678 456; x_wconf 84' lang='lat' dir='ltr'><strong>EPIST</strong></span> <span class='ocrx_word' id='word_1_3' title='bbox 1692 396 2009 461; x_wconf 79' lang='lat' dir='ltr'><strong>OLARUM</strong></span> <span class='ocrx_word' id='word_1_4' title='bbox 2051 396 2282 459; x_wconf 79' lang='lat' dir='ltr'>LIBER</span> <span class='ocrx_word' id='word_1_5' title='bbox 2322 401 2401 460; x_wconf 86' lang='grc' dir='ltr'><strong>ΙΙ.</strong></span> <span class='ocrx_word' id='word_1_6' title='bbox 3446 412 3556 476; x_wconf 76' lang='grc'><strong>834</strong></span> 
     </span>
    </p>
   </div>
   <div class='ocr_carea' id='block_1_2' title="bbox 243 510 1855 589">
    <p class='ocr_par' dir='ltr' id='par_1_2' title="bbox 243 510 1850 586">
     <span class='ocr_line' id='line_1_2' title="bbox 243 510 1850 586; baseline -0.007 -12"><span class='ocrx_word' id='word_1_7' title='bbox 243 520 431 582; x_wconf 73' lang='grc' dir='ltr'>νατὺς</span> <span class='ocrx_word' id='word_1_8' title='bbox 489 518 576 571; x_wconf 81' lang='grc' dir='ltr'><strong>ὣν</strong></span> <span class='ocrx_word' id='word_1_9' title='bbox 628 516 852 580; x_wconf 75' lang='grc' dir='ltr'>οίκείοις</span> <span class='ocrx_word' id='word_1_10' title='bbox 889 516 1104 586; x_wconf 81' lang='grc' dir='ltr'><strong>θρήνοις</strong></span> <span class='ocrx_word' id='word_1_11' title='bbox 1150 512 1481 582; x_wconf 70' lang='grc' dir='ltr'>τηλικαύτης</span> <span class='ocrx_word' id='word_1_12' title='bbox 1513 510 1747 581; x_wconf 80' lang='grc' dir='ltr'><strong>ἐρημίας</strong></span> <span class='ocrx_word' id='word_1_13' title='bbox 1784 511 1850 563; x_wconf 83' lang='grc' dir='ltr'>ὲκ</span> 
     </span>
    </p>
   </div>
   <div class='ocr_carea' id='block_1_3' title="bbox 1962 510 3557 589">
    <p class='ocr_par' dir='ltr' id='par_1_3' title="bbox 1986 511 3557 589">
     <span class='ocr_line' id='line_1_3' title="bbox 1986 511 3557 589; baseline 0.006 -25"><span class='ocrx_word' id='word_1_14' title='bbox 1986 511 2297 569; x_wconf 85' lang='lat' dir='ltr'><strong>chritudine</strong></span> <span class='ocrx_word' id='word_1_15' title='bbox 2342 530 2447 585; x_wconf 87' lang='lat' dir='ltr'><strong>qua</strong></span> <span class='ocrx_word' id='word_1_16' title='bbox 2492 516 2643 585; x_wconf 90' lang='lat' dir='ltr'><strong>prius</strong></span> <span class='ocrx_word' id='word_1_17' title='bbox 2680 517 2923 573; x_wconf 82' lang='lat' dir='ltr'><strong>Romana</strong></span> <span class='ocrx_word' id='word_1_18' title='bbox 2963 518 3265 589; x_wconf 85' lang='lat' dir='ltr'><strong>respublica</strong></span> <span class='ocrx_word' id='word_1_19' title='bbox 3309 518 3557 575; x_wconf 79' lang='lat' dir='ltr'><strong>florebat.</strong></span> 
     </span>
    </p>
   </div>
   <div class='ocr_carea' id='block_1_4' title="bbox 243 600 1855 682">
    <p class='ocr_par' dir='ltr' id='par_1_4' title="bbox 243 600 1855 682">
     <span class='ocr_line' id='line_1_4' title="bbox 243 600 1855 682; baseline -0.008 -17"><span class='ocrx_word' id='word_1_20' title='bbox 243 611 640 682; x_wconf 71' lang='grc' dir='ltr'>τραγῳδῆσαι</span> <span class='ocrx_word' id='word_1_21' title='bbox 696 608 791 661; x_wconf 77' lang='grc' dir='ltr'>καὶ</span> <span class='ocrx_word' id='word_1_22' title='bbox 832 605 1183 676; x_wconf 74' lang='grc' dir='ltr'><strong>παραστῆσαι</strong></span> <span class='ocrx_word' id='word_1_23' title='bbox 1228 604 1497 673; x_wconf 52' lang='grc' dir='ltr'>μέγεθος</span> <span class='ocrx_word' id='word_1_24' title='bbox 1532 601 1671 654; x_wconf 87' lang='grc' dir='ltr'><strong>ἀλλά</strong></span> <span class='ocrx_word' id='word_1_25' title='bbox 1711 600 1855 654; x_wconf 59' lang='lat' dir='ltr'><strong>Inﬁt:</strong></span> 
     </span>
    </p>
   </div>
   <div class='ocr_carea' id='block_1_5' title="bbox 1962 600 3563 682">
    <p class='ocr_par' dir='ltr' id='par_1_5' title="bbox 1990 603 3563 664">
     <span class='ocr_line' id='line_1_5' title="bbox 1990 603 3563 664; baseline 0.006 -9"><span class='ocrx_word' id='word_1_26' title='bbox 1990 610 2044 655; x_wconf 90' lang='lat' dir='ltr'><strong>et</strong></span> <span class='ocrx_word' id='word_1_27' title='bbox 2099 603 2549 661; x_wconf 87' lang='lat' dir='ltr'><strong>Christianismus</strong></span> <span class='ocrx_word' id='word_1_28' title='bbox 2596 615 2803 662; x_wconf 91' lang='lat' dir='ltr'><strong>tantum</strong></span> <span class='ocrx_word' id='word_1_29' title='bbox 2846 624 2954 662; x_wconf 91' lang='lat' dir='ltr'><strong>non</strong></span> <span class='ocrx_word' id='word_1_30' title='bbox 3003 623 3067 662; x_wconf 77' lang='lat' dir='ltr'><strong>ex</strong></span> <span class='ocrx_word' id='word_1_31' title='bbox 3118 608 3241 660; x_wconf 84' lang='lat' dir='ltr'><strong>imis</strong></span> <span class='ocrx_word' id='word_1_32' title='bbox 3281 610 3563 664; x_wconf 76' lang='lat' dir='ltr'><strong>subruitur</strong></span> 
     </span>
    </p>
   </div>
   <div class='ocr_carea' id='block_1_6' title="bbox 250 689 1855 771">
    <p class='ocr_par' dir='ltr' id='par_1_6' title="bbox 250 689 1855 769">
     <span class='ocr_line' id='line_1_6' title="bbox 250 689 1855 769; baseline -0.007 -13"><span class='ocrx_word' id='word_1_33' title='bbox 250 703 364 767; x_wconf 80' lang='grc' dir='ltr'><strong>μὲν</strong></span> <span class='ocrx_word' id='word_1_34' title='bbox 392 702 512 755; x_wconf 71' lang='grc' dir='ltr'>καὶ</span> <span class='ocrx_word' id='word_1_35' title='bbox 545 698 877 769; x_wconf 85' lang='grc' dir='ltr'>σιωπώμενα</span> <span class='ocrx_word' id='word_1_36' title='bbox 908 697 1202 767; x_wconf 81' lang='grc' dir='ltr'><strong>κέκραγεν.</strong></span> <span class='ocrx_word' id='word_1_37' title='bbox 1230 696 1299 746; x_wconf 74' lang='grc' dir='ltr'>Σὺ</span> <span class='ocrx_word' id='word_1_38' title='bbox 1331 694 1388 745; x_wconf 86' lang='grc' dir='ltr'><strong>δέ</strong></span> <span class='ocrx_word' id='word_1_39' title='bbox 1416 709 1505 761; x_wconf 90' lang='grc' dir='ltr'><strong>μοι</strong></span> <span class='ocrx_word' id='word_1_40' title='bbox 1547 693 1617 744; x_wconf 81' lang='grc' dir='ltr'><strong>τά</strong></span> <span class='ocrx_word' id='word_1_41' title='bbox 1643 708 1704 745; x_wconf 75' lang='grc' dir='ltr'><strong>τε</strong></span> <span class='ocrx_word' id='word_1_42' title='bbox 1742 689 1855 745; x_wconf 79' lang='grc' dir='ltr'>ἀλλ&lt;</span> 
     </span>
    </p>
   </div>
   <div class='ocr_carea' id='block_1_7' title="bbox 1962 689 3563 771">
    <p class='ocr_par' dir='ltr' id='par_1_7' title="bbox 1989 692 3563 771">
     <span class='ocr_line' id='line_1_7' title="bbox 1989 692 3563 771; baseline 0.006 -25"><span class='ocrx_word' id='word_1_43' title='bbox 1989 692 2380 751; x_wconf 72' lang='lat' dir='ltr'><strong>fundamentis.</strong></span> <span class='ocrx_word' id='word_1_44' title='bbox 2413 696 2774 768; x_wconf 75' lang='lat' dir='ltr'><strong>lngemisccre</strong></span> <span class='ocrx_word' id='word_1_45' title='bbox 2802 700 2868 753; x_wconf 90' lang='lat' dir='ltr'><strong>ad</strong></span> <span class='ocrx_word' id='word_1_46' title='bbox 2897 700 3034 764; x_wconf 73' lang='lat' dir='ltr'><strong>haec,</strong></span> <span class='ocrx_word' id='word_1_47' title='bbox 3066 715 3164 769; x_wconf 91' lang='lat' dir='ltr'><strong>pro</strong></span> <span class='ocrx_word' id='word_1_48' title='bbox 3202 701 3410 755; x_wconf 91' lang='lat' dir='ltr'><strong>meritis</strong></span> <span class='ocrx_word' id='word_1_49' title='bbox 3440 702 3563 771; x_wconf 87' lang='lat' dir='ltr'><strong>quis</strong></span> 
     </span>
    </p>
   </div>
   <div class='ocr_carea' id='block_1_8' title="bbox 244 783 1855 866">
    <p class='ocr_par' dir='ltr' id='par_1_8' title="bbox 244 784 1705 866">
     <span class='ocr_line' id='line_1_8' title="bbox 244 784 1705 866; baseline -0.005 -21"><span class='ocrx_word' id='word_1_50' title='bbox 244 794 521 866; x_wconf 70' lang='grc' dir='ltr'>ἔρρωσο,</span> <span class='ocrx_word' id='word_1_51' title='bbox 559 793 654 845; x_wconf 76' lang='grc' dir='ltr'>καὶ</span> <span class='ocrx_word' id='word_1_52' title='bbox 682 792 783 857; x_wconf 76' lang='grc' dir='ltr'>τῆς</span> <span class='ocrx_word' id='word_1_53' title='bbox 813 790 969 862; x_wconf 83' lang='grc' dir='ltr'>ήμῶν</span> <span class='ocrx_word' id='word_1_54' title='bbox 1000 786 1306 855; x_wconf 82' lang='grc' dir='ltr'>ὑπερεύχου</span> <span class='ocrx_word' id='word_1_55' title='bbox 1333 784 1705 854; x_wconf 74' lang='grc' dir='ltr'><strong>μετριότητος.</strong></span> 
     </span>
    </p>
   </div>
   <div class='ocr_carea' id='block_1_9' title="bbox 1962 783 3562 866">
    <p class='ocr_par' dir='ltr' id='par_1_9' title="bbox 1985 783 3562 858">
     <span class='ocr_line' id='line_1_9' title="bbox 1985 783 3562 858; baseline 0.005 -23"><span class='ocrx_word' id='word_1_56' title='bbox 1985 783 2124 837; x_wconf 90' lang='lat' dir='ltr'><strong>alius</strong></span> <span class='ocrx_word' id='word_1_57' title='bbox 2174 785 2452 841; x_wconf 67' lang='lat' dir='ltr'><strong>suffecerit</strong></span> <span class='ocrx_word' id='word_1_58' title='bbox 2495 803 2657 857; x_wconf 89' lang='lat' dir='ltr'><strong>quam</strong></span> <span class='ocrx_word' id='word_1_59' title='bbox 2708 787 2991 852; x_wconf 86' lang='lat' dir='ltr'><strong>Jeremias,</strong></span> <span class='ocrx_word' id='word_1_60' title='bbox 3044 788 3133 857; x_wconf 88' lang='lat' dir='ltr'><strong>qui</strong></span> <span class='ocrx_word' id='word_1_61' title='bbox 3174 788 3407 858; x_wconf 81' lang='lat' dir='ltr'><strong>prepriis</strong></span> <span class='ocrx_word' id='word_1_62' title='bbox 3448 791 3562 843; x_wconf 91' lang='lat' dir='ltr'><strong>suis</strong></span> 
     </span>
    </p>
   </div>
   <div class='ocr_carea' id='block_1_10' title="bbox 243 875 3560 951">
    <p class='ocr_par' dir='ltr' id='par_1_10' title="bbox 243 875 3560 951">
     <span class='ocr_line' id='line_1_10' title="bbox 243 875 3560 951; baseline -0.002 -9"><span class='ocrx_word' id='word_1_63' title='bbox 243 887 425 942; x_wconf 82' lang='lat' dir='ltr'><strong>lessis</strong></span> <span class='ocrx_word' id='word_1_64' title='bbox 485 896 550 940; x_wconf 91' lang='lat' dir='ltr'><strong>et</strong></span> <span class='ocrx_word' id='word_1_65' title='bbox 578 884 849 948; x_wconf 81' lang='lat' dir='ltr'><strong>lamentis,</strong></span> <span class='ocrx_word' id='word_1_66' title='bbox 894 890 1055 936; x_wconf 58' lang='lat' dir='ltr'><strong>tanta}</strong></span> <span class='ocrx_word' id='word_1_67' title='bbox 1096 880 1365 934; x_wconf 72' lang='lat' dir='ltr'><strong>vastitatis</strong></span> <span class='ocrx_word' id='word_1_68' title='bbox 1402 886 1456 931; x_wconf 87' lang='lat' dir='ltr'><strong>et</strong></span> <span class='ocrx_word' id='word_1_69' title='bbox 1500 875 1849 931; x_wconf 86' lang='lat' dir='ltr'><strong>desolationis</strong></span> <span class='ocrx_word' id='word_1_70' title='bbox 1896 876 2326 943; x_wconf 80' lang='lat' dir='ltr'><strong>magnitudinem</strong></span> <span class='ocrx_word' id='word_1_71' title='bbox 2364 888 2419 933; x_wconf 89' lang='lat' dir='ltr'><strong>et</strong></span> <span class='ocrx_word' id='word_1_72' title='bbox 2450 881 2757 950; x_wconf 84' lang='lat' dir='ltr'><strong>exprimere</strong></span> <span class='ocrx_word' id='word_1_73' title='bbox 2796 880 2985 950; x_wconf 85' lang='lat' dir='ltr'><strong>possit,</strong></span> <span class='ocrx_word' id='word_1_74' title='bbox 3026 890 3080 935; x_wconf 89' lang='lat' dir='ltr'><strong>et</strong></span> <span class='ocrx_word' id='word_1_75' title='bbox 3131 881 3333 950; x_wconf 65' lang='lat' dir='ltr'><strong>tragice</strong></span> <span class='ocrx_word' id='word_1_76' title='bbox 3368 882 3560 951; x_wconf 75' lang='lat' dir='ltr'><strong>deplo-</strong></span> 
     </span>
    </p>
   </div>
   <div class='ocr_carea' id='block_1_11' title="bbox 246 968 3558 1046">
    <p class='ocr_par' dir='ltr' id='par_1_11' title="bbox 246 968 3558 1046">
     <span class='ocr_line' id='line_1_11' title="bbox 246 968 3558 1046; baseline -0.002 -9"><span class='ocrx_word' id='word_1_77' title='bbox 246 1000 381 1037; x_wconf 81' lang='lat' dir='ltr'><strong>rare</strong></span> <span class='ocrx_word' id='word_1_78' title='bbox 405 983 433 1035; x_wconf 67' lang='grc' dir='ltr'><strong>ἶ)</strong></span> <span class='ocrx_word' id='word_1_79' title='bbox 504 981 604 1035; x_wconf 89' lang='lat' dir='ltr'><strong>sed</strong></span> <span class='ocrx_word' id='word_1_80' title='bbox 655 980 773 1034; x_wconf 69' lang='lat' dir='ltr'><strong>baac</strong></span> <span class='ocrx_word' id='word_1_81' title='bbox 817 978 1037 1033; x_wconf 90' lang='lat' dir='ltr'><strong>silentio</strong></span> <span class='ocrx_word' id='word_1_82' title='bbox 1084 991 1267 1046; x_wconf 89' lang='lat' dir='ltr'><strong>pressa</strong></span> <span class='ocrx_word' id='word_1_83' title='bbox 1313 974 1621 1028; x_wconf 78' lang='lat' dir='ltr'><strong>exclamant</strong></span> <span class='ocrx_word' id='word_1_84' title='bbox 1678 982 1883 1026; x_wconf 84' lang='lat' dir='ltr'><strong>tamen.</strong></span> <span class='ocrx_word' id='word_1_85' title='bbox 1950 968 2034 1024; x_wconf 87' lang='lat' dir='ltr'><strong>&#39;l‘u</strong></span> <span class='ocrx_word' id='word_1_86' title='bbox 2066 981 2261 1027; x_wconf 84' lang='lat' dir='ltr'><strong>caetera</strong></span> <span class='ocrx_word' id='word_1_87' title='bbox 2290 975 2431 1040; x_wconf 90' lang='lat' dir='ltr'><strong>vale,</strong></span> <span class='ocrx_word' id='word_1_88' title='bbox 2457 984 2514 1030; x_wconf 88' lang='lat' dir='ltr'><strong>et</strong></span> <span class='ocrx_word' id='word_1_89' title='bbox 2542 991 2641 1045; x_wconf 89' lang='lat' dir='ltr'><strong>pro</strong></span> <span class='ocrx_word' id='word_1_90' title='bbox 2668 991 2788 1030; x_wconf 88' lang='lat' dir='ltr'><strong>mea</strong></span> <span class='ocrx_word' id='word_1_91' title='bbox 2818 974 3190 1031; x_wconf 86' lang='lat' dir='ltr'><strong>mediocritate</strong></span> <span class='ocrx_word' id='word_1_92' title='bbox 3216 975 3358 1046; x_wconf 88' lang='lat' dir='ltr'><strong>apud</strong></span> <span class='ocrx_word' id='word_1_93' title='bbox 3388 973 3558 1030; x_wconf 87' lang='lat' dir='ltr'><strong>Deum</strong></span> 
     </span>
    </p>
   </div>
   <div class='ocr_carea' id='block_1_12' title="bbox 245 1072 867 1145">
    <p class='ocr_par' dir='ltr' id='par_1_12' title="bbox 245 1072 867 1145">
     <span class='ocr_line' id='line_1_12' title="bbox 245 1072 867 1145; baseline -0.003 -18"><span class='ocrx_word' id='word_1_94' title='bbox 245 1074 544 1145; x_wconf 85' lang='lat' dir='ltr'><strong>precibus</strong></span> <span class='ocrx_word' id='word_1_95' title='bbox 571 1072 867 1127; x_wconf 85' lang='lat' dir='ltr'><strong>intercede.</strong></span> 
     </span>
    </p>
   </div>
   <div class='ocr_carea' id='block_1_13' title="bbox 895 1204 1269 1262">
    <p class='ocr_par' dir='ltr' id='par_1_13' title="bbox 895 1204 1269 1262">
     <span class='ocr_line' id='line_1_13' title="bbox 895 1204 1269 1262; baseline -0.005 0"><span class='ocrx_word' id='word_1_96' title='bbox 895 1207 1117 1262; x_wconf 81' lang='grc' dir='ltr'><strong>ΕΠΙΣΤ.</strong></span> <span class='ocrx_word' id='word_1_97' title='bbox 1168 1204 1269 1260; x_wconf 69' lang='grc' dir='ltr'><strong>ιτ.</strong></span> 
     </span>
    </p>
   </div>
   <div class='ocr_carea' id='block_1_14' title="bbox 425 1294 1730 1369">
    <p class='ocr_par' dir='ltr' id='par_1_14' title="bbox 425 1294 1730 1369">
     <span class='ocr_line' id='line_1_14' title="bbox 425 1294 1730 1369; baseline -0.006 -15"><span class='ocrx_word' id='word_1_98' title='bbox 425 1299 713 1369; x_wconf 74' lang='grc' dir='ltr'>Ἰγνατίῳ</span> <span class='ocrx_word' id='word_1_99' title='bbox 736 1297 1145 1367; x_wconf 78' lang='grc' dir='ltr'>μητροπολίτῃ</span> <span class='ocrx_word' id='word_1_100' title='bbox 1172 1294 1730 1357; x_wconf 71' lang='grc' dir='ltr'>Κλαυδιουπόλεως.</span> 
     </span>
    </p>
   </div>
   <div class='ocr_carea' id='block_1_15' title="bbox 2549 1196 2961 1253">
    <p class='ocr_par' dir='ltr' id='par_1_15' title="bbox 2549 1196 2961 1253">
     <span class='ocr_line' id='line_1_15' title="bbox 2549 1196 2961 1253; baseline 0.002 -2"><span class='ocrx_word' id='word_1_101' title='bbox 2549 1196 2764 1252; x_wconf 74' lang='lat' dir='ltr'><strong>EPIST.</strong></span> <span class='ocrx_word' id='word_1_102' title='bbox 2805 1197 2961 1253; x_wconf 69' lang='lat' dir='ltr'><strong>XVII.</strong></span> 
     </span>
    </p>
   </div>
   <div class='ocr_carea' id='block_1_16' title="bbox 2286 1286 3275 1359">
    <p class='ocr_par' dir='ltr' id='par_1_16' title="bbox 2286 1286 3275 1359">
     <span class='ocr_line' id='line_1_16' title="bbox 2286 1286 3275 1359; baseline 0.001 -14"><span class='ocrx_word' id='word_1_103' title='bbox 2286 1286 2501 1359; x_wconf 74' lang='lat' dir='ltr'><strong>Izgnatio</strong></span> <span class='ocrx_word' id='word_1_104' title='bbox 2534 1299 2758 1359; x_wconf 83' lang='lat' dir='ltr'><strong>metrop.</strong></span> <span class='ocrx_word' id='word_1_105' title='bbox 2788 1289 3275 1358; x_wconf 78' lang='lat' dir='ltr'><strong>Claudiopolitano.</strong></span> 
     </span>
    </p>
   </div>
   <div class='ocr_carea' id='block_1_17' title="bbox 1514 1404 2311 1471">
    <p class='ocr_par' dir='ltr' id='par_1_17' title="bbox 1514 1404 2311 1471">
     <span class='ocr_line' id='line_1_17' title="bbox 1514 1404 2311 1471; baseline 0 -17"><span class='ocrx_word' id='word_1_106' title='bbox 1514 1406 1783 1456; x_wconf 82' lang='lat' dir='ltr'><strong>Montacut.</strong></span> <span class='ocrx_word' id='word_1_107' title='bbox 1817 1410 1921 1471; x_wconf 87' lang='lat' dir='ltr'><strong>(ep.</strong></span> <span class='ocrx_word' id='word_1_108' title='bbox 1951 1406 2061 1467; x_wconf 78' lang='grc'><strong>115,</strong></span> <span class='ocrx_word' id='word_1_109' title='bbox 2091 1420 2142 1469; x_wconf 92' lang='lat' dir='ltr'><strong>p.</strong></span> <span class='ocrx_word' id='word_1_110' title='bbox 2174 1404 2311 1466; x_wconf 77' lang='grc'><strong>156).</strong></span> 
     </span>
    </p>
   </div>
   <div class='ocr_carea' id='block_1_18' title="bbox 324 1510 1864 1585">
    <p class='ocr_par' dir='ltr' id='par_1_18' title="bbox 324 1510 1864 1585">
     <span class='ocr_line' id='line_1_18' title="bbox 324 1510 1864 1585; baseline 0.001 -18"><span class='ocrx_word' id='word_1_111' title='bbox 324 1510 455 1567; x_wconf 65' lang='grc' dir='ltr'>Ἠν</span> <span class='ocrx_word' id='word_1_112' title='bbox 502 1532 636 1568; x_wconf 87' lang='grc' dir='ltr'>ποτε</span> <span class='ocrx_word' id='word_1_113' title='bbox 668 1514 902 1584; x_wconf 83' lang='grc' dir='ltr'>φευκτὸν</span> <span class='ocrx_word' id='word_1_114' title='bbox 930 1515 1027 1568; x_wconf 70' lang='grc' dir='ltr'>καὶ</span> <span class='ocrx_word' id='word_1_115' title='bbox 1084 1514 1316 1585; x_wconf 69' lang='grc' dir='ltr'>φοϐερὸν</span> <span class='ocrx_word' id='word_1_116' title='bbox 1367 1513 1431 1566; x_wconf 80' lang='grc' dir='ltr'>τὸ</span> <span class='ocrx_word' id='word_1_117' title='bbox 1457 1515 1727 1585; x_wconf 88' lang='grc' dir='ltr'>ἀνάθεμα,</span> <span class='ocrx_word' id='word_1_118' title='bbox 1777 1516 1864 1568; x_wconf 81' lang='grc' dir='ltr'>ὅτε</span> 
     </span>
    </p>
   </div>
   <div class='ocr_carea' id='block_1_19' title="bbox 246 1606 1865 1678">
    <p class='ocr_par' dir='ltr' id='par_1_19' title="bbox 246 1606 1865 1678">
     <span class='ocr_line' id='line_1_19' title="bbox 246 1606 1865 1678; baseline -0.001 -17"><span class='ocrx_word' id='word_1_119' title='bbox 246 1607 408 1661; x_wconf 78' lang='grc' dir='ltr'><strong>κατά</strong></span> <span class='ocrx_word' id='word_1_120' title='bbox 439 1608 563 1659; x_wconf 83' lang='grc' dir='ltr'><strong>τῶν</strong></span> <span class='ocrx_word' id='word_1_121' title='bbox 589 1608 791 1677; x_wconf 82' lang='grc' dir='ltr'>ὲνὸχων</span> <span class='ocrx_word' id='word_1_122' title='bbox 814 1608 912 1678; x_wconf 84' lang='grc' dir='ltr'>τῆς</span> <span class='ocrx_word' id='word_1_123' title='bbox 951 1606 1226 1670; x_wconf 77' lang='grc' dir='ltr'>ἀσεϐείας.</span> <span class='ocrx_word' id='word_1_124' title='bbox 1261 1607 1402 1677; x_wconf 81' lang='grc' dir='ltr'>ὑπὲρ</span> <span class='ocrx_word' id='word_1_125' title='bbox 1429 1607 1537 1659; x_wconf 81' lang='grc' dir='ltr'><strong>τῶν</strong></span> <span class='ocrx_word' id='word_1_126' title='bbox 1559 1607 1660 1675; x_wconf 80' lang='grc' dir='ltr'>τῆς</span> <span class='ocrx_word' id='word_1_127' title='bbox 1706 1607 1865 1659; x_wconf 84' lang='grc' dir='ltr'>εὐσε-</span> 
     </span>
    </p>
   </div>
   <div class='ocr_carea' id='block_1_20' title="bbox 248 1692 1864 1771">
    <p class='ocr_par' dir='ltr' id='par_1_20' title="bbox 248 1692 1864 1771">
     <span class='ocr_line' id='line_1_20' title="bbox 248 1692 1864 1771; baseline 0.001 -19"><span class='ocrx_word' id='word_1_128' title='bbox 248 1700 421 1763; x_wconf 79' lang='grc' dir='ltr'>ϐείας</span> <span class='ocrx_word' id='word_1_129' title='bbox 455 1699 747 1771; x_wconf 83' lang='grc' dir='ltr'><strong>κηρύκων,</strong></span> <span class='ocrx_word' id='word_1_130' title='bbox 778 1700 1026 1769; x_wconf 76' lang='grc' dir='ltr'>ἐφέρετο.</span> <span class='ocrx_word' id='word_1_131' title='bbox 1071 1701 1188 1767; x_wconf 83' lang='grc' dir='ltr'><strong>Ἀφ’</strong></span> <span class='ocrx_word' id='word_1_132' title='bbox 1218 1692 1278 1751; x_wconf 74' lang='grc' dir='ltr'>οὗ</span> <span class='ocrx_word' id='word_1_133' title='bbox 1311 1699 1367 1752; x_wconf 80' lang='grc' dir='ltr'>δὲ</span> <span class='ocrx_word' id='word_1_134' title='bbox 1415 1700 1448 1769; x_wconf 86' lang='grc' dir='ltr'><strong>ή</strong></span> <span class='ocrx_word' id='word_1_135' title='bbox 1481 1700 1731 1768; x_wconf 87' lang='grc' dir='ltr'>τολμηρά</span> <span class='ocrx_word' id='word_1_136' title='bbox 1772 1701 1864 1753; x_wconf 75' lang='grc' dir='ltr'>καὶ</span> 
     </span>
    </p>
   </div>
   <div class='ocr_carea' id='block_1_21' title="bbox 2048 1512 3554 1587">
    <p class='ocr_par' dir='ltr' id='par_1_21' title="bbox 2048 1512 3554 1587">
     <span class='ocr_line' id='line_1_21' title="bbox 2048 1512 3554 1587; baseline 0.004 -21"><span class='ocrx_word' id='word_1_137' title='bbox 2048 1512 2176 1567; x_wconf 85' lang='lat' dir='ltr'><strong>Erat</strong></span> <span class='ocrx_word' id='word_1_138' title='bbox 2230 1513 2356 1566; x_wconf 81' lang='lat' dir='ltr'><strong>oliui</strong></span> <span class='ocrx_word' id='word_1_139' title='bbox 2425 1514 2667 1567; x_wconf 83' lang='lat' dir='ltr'><strong>terribile</strong></span> <span class='ocrx_word' id='word_1_140' title='bbox 2713 1515 3023 1579; x_wconf 88' lang='lat' dir='ltr'><strong>anathema,</strong></span> <span class='ocrx_word' id='word_1_141' title='bbox 3077 1525 3132 1569; x_wconf 91' lang='lat' dir='ltr'><strong>et</strong></span> <span class='ocrx_word' id='word_1_142' title='bbox 3206 1515 3554 1587; x_wconf 78' lang='lat' dir='ltr'><strong>fugiendum;</strong></span> 
     </span>
    </p>
   </div>
   <div class='ocr_carea' id='block_1_22' title="bbox 1974 1606 3557 1676">
    <p class='ocr_par' dir='ltr' id='par_1_22' title="bbox 1974 1606 3557 1676">
     <span class='ocr_line' id='line_1_22' title="bbox 1974 1606 3557 1676; baseline 0.004 -18"><span class='ocrx_word' id='word_1_143' title='bbox 1974 1620 2171 1675; x_wconf 87' lang='lat' dir='ltr'><strong>nempe</strong></span> <span class='ocrx_word' id='word_1_144' title='bbox 2223 1620 2347 1659; x_wconf 90' lang='lat' dir='ltr'><strong>cum</strong></span> <span class='ocrx_word' id='word_1_145' title='bbox 2381 1621 2412 1660; x_wconf 92' lang='lat' dir='ltr'><strong>a</strong></span> <span class='ocrx_word' id='word_1_146' title='bbox 2450 1606 2694 1660; x_wconf 80' lang='lat' dir='ltr'><strong>veritatis</strong></span> <span class='ocrx_word' id='word_1_147' title='bbox 2726 1608 3087 1676; x_wconf 65' lang='lat' dir='ltr'><strong>praeconibus,</strong></span> <span class='ocrx_word' id='word_1_148' title='bbox 3123 1618 3309 1662; x_wconf 84' lang='lat' dir='ltr'><strong>contra</strong></span> <span class='ocrx_word' id='word_1_149' title='bbox 3350 1625 3471 1664; x_wconf 89' lang='lat' dir='ltr'><strong>reos</strong></span> <span class='ocrx_word' id='word_1_150' title='bbox 3501 1620 3557 1665; x_wconf 89' lang='lat' dir='ltr'><strong>et</strong></span> 
     </span>
    </p>
   </div>
   <div class='ocr_carea' id='block_1_23' title="bbox 1980 1696 3559 1771">
    <p class='ocr_par' dir='ltr' id='par_1_23' title="bbox 1980 1696 3559 1771">
     <span class='ocr_line' id='line_1_23' title="bbox 1980 1696 3559 1771; baseline 0.004 -22"><span class='ocrx_word' id='word_1_151' title='bbox 1980 1696 2256 1767; x_wconf 86' lang='lat' dir='ltr'><strong>improbos</strong></span> <span class='ocrx_word' id='word_1_152' title='bbox 2287 1698 2585 1753; x_wconf 82' lang='lat' dir='ltr'><strong>ferebatur.</strong></span> <span class='ocrx_word' id='word_1_153' title='bbox 2638 1698 2713 1751; x_wconf 77' lang='lat' dir='ltr'><strong>Ex</strong></span> <span class='ocrx_word' id='word_1_154' title='bbox 2746 1713 2853 1767; x_wconf 87' lang='lat' dir='ltr'><strong>quo</strong></span> <span class='ocrx_word' id='word_1_155' title='bbox 2888 1713 3017 1752; x_wconf 81' lang='lat' dir='ltr'><strong>vero</strong></span> <span class='ocrx_word' id='word_1_156' title='bbox 3073 1699 3249 1754; x_wconf 78' lang='lat' dir='ltr'><strong>audax</strong></span> <span class='ocrx_word' id='word_1_157' title='bbox 3289 1710 3342 1754; x_wconf 92' lang='lat' dir='ltr'><strong>et</strong></span> <span class='ocrx_word' id='word_1_158' title='bbox 3381 1701 3559 1771; x_wconf 82' lang='lat' dir='ltr'><strong>impu-</strong></span> 
     </span>
    </p>
   </div>
   <div class='ocr_carea' id='block_1_24' title="bbox 246 1787 1855 1870">
    <p class='ocr_par' dir='ltr' id='par_1_24' title="bbox 246 1790 1855 1862">
     <span class='ocr_line' id='line_1_24' title="bbox 246 1790 1855 1862; baseline -0.001 -16"><span class='ocrx_word' id='word_1_159' title='bbox 246 1793 640 1862; x_wconf 85' lang='grc' dir='ltr'>ἀναίσχυντος</span> <span class='ocrx_word' id='word_1_160' title='bbox 694 1792 805 1845; x_wconf 85' lang='grc' dir='ltr'><strong>τῶν</strong></span> <span class='ocrx_word' id='word_1_161' title='bbox 862 1790 1179 1861; x_wconf 82' lang='grc' dir='ltr'><strong>ἀλαστόρων</strong></span> <span class='ocrx_word' id='word_1_162' title='bbox 1212 1791 1462 1857; x_wconf 80' lang='grc' dir='ltr'>ἀπόνοια,</span> <span class='ocrx_word' id='word_1_163' title='bbox 1510 1791 1659 1862; x_wconf 90' lang='grc' dir='ltr'><strong>παρά</strong></span> <span class='ocrx_word' id='word_1_164' title='bbox 1684 1792 1855 1845; x_wconf 84' lang='grc' dir='ltr'>πάντα</span> 
     </span>
    </p>
   </div>
   <div class='ocr_carea' id='block_1_25' title="bbox 1962 1787 3558 1870">
    <p class='ocr_par' dir='ltr' id='par_1_25' title="bbox 1969 1787 3558 1863">
     <span class='ocr_line' id='line_1_25' title="bbox 1969 1787 3558 1863; baseline 0.004 -22"><span class='ocrx_word' id='word_1_165' title='bbox 1969 1787 2106 1842; x_wconf 86' lang='lat' dir='ltr'><strong>dens</strong></span> <span class='ocrx_word' id='word_1_166' title='bbox 2142 1788 2436 1843; x_wconf 86' lang='lat' dir='ltr'><strong>alastorum</strong></span> <span class='ocrx_word' id='word_1_167' title='bbox 2478 1789 2837 1858; x_wconf 82' lang='lat' dir='ltr'><strong>quorumdam</strong></span> <span class='ocrx_word' id='word_1_168' title='bbox 2887 1789 3127 1855; x_wconf 75' lang='lat' dir='ltr'><strong>vesania,</strong></span> <span class='ocrx_word' id='word_1_169' title='bbox 3166 1800 3354 1846; x_wconf 86' lang='lat' dir='ltr'><strong>eontra</strong></span> <span class='ocrx_word' id='word_1_170' title='bbox 3411 1793 3558 1863; x_wconf 83' lang='lat' dir='ltr'><strong>leges</strong></span> 
     </span>
    </p>
   </div>
   <div class='ocr_carea' id='block_1_26' title="bbox 249 1882 1868 1953">
    <p class='ocr_par' dir='ltr' id='par_1_26' title="bbox 249 1882 1868 1953">
     <span class='ocr_line' id='line_1_26' title="bbox 249 1882 1868 1953; baseline -0.001 -16"><span class='ocrx_word' id='word_1_171' title='bbox 249 1883 477 1952; x_wconf 74' lang='grc' dir='ltr'>θεσμὸν</span> <span class='ocrx_word' id='word_1_172' title='bbox 514 1883 659 1937; x_wconf 83' lang='grc' dir='ltr'>θεῖόν</span> <span class='ocrx_word' id='word_1_173' title='bbox 685 1900 747 1937; x_wconf 86' lang='grc' dir='ltr'><strong>τε</strong></span> <span class='ocrx_word' id='word_1_174' title='bbox 786 1882 883 1937; x_wconf 76' lang='grc' dir='ltr'>καὶ</span> <span class='ocrx_word' id='word_1_175' title='bbox 926 1882 1290 1953; x_wconf 83' lang='grc' dir='ltr'>ἀνθρώπινον,</span> <span class='ocrx_word' id='word_1_176' title='bbox 1337 1883 1432 1935; x_wconf 73' lang='grc' dir='ltr'><strong>καὶ</strong></span> <span class='ocrx_word' id='word_1_177' title='bbox 1485 1882 1639 1953; x_wconf 86' lang='grc' dir='ltr'><strong>παρά</strong></span> <span class='ocrx_word' id='word_1_178' title='bbox 1689 1884 1868 1936; x_wconf 88' lang='grc' dir='ltr'>πάντα</span> 
     </span>
    </p>
   </div>
   <div class='ocr_carea' id='block_1_27' title="bbox 248 1974 1868 2047">
    <p class='ocr_par' dir='ltr' id='par_1_27' title="bbox 248 1974 1868 2047">
     <span class='ocr_line' id='line_1_27' title="bbox 248 1974 1868 2047; baseline -0.001 -19"><span class='ocrx_word' id='word_1_179' title='bbox 248 1977 433 2044; x_wconf 77' lang='grc' dir='ltr'><strong>λόγον¹</strong></span> <span class='ocrx_word' id='word_1_180' title='bbox 457 1974 780 2046; x_wconf 86' lang='grc' dir='ltr'>Ἑλληνικόν</span> <span class='ocrx_word' id='word_1_181' title='bbox 805 1993 865 2029; x_wconf 86' lang='grc' dir='ltr'><strong>τε</strong></span> <span class='ocrx_word' id='word_1_182' title='bbox 890 1976 986 2029; x_wconf 76' lang='grc' dir='ltr'>καὶ</span> <span class='ocrx_word' id='word_1_183' title='bbox 1009 1974 1305 2047; x_wconf 82' lang='grc' dir='ltr'>βάρϐαρον,</span> <span class='ocrx_word' id='word_1_184' title='bbox 1324 1974 1384 2027; x_wconf 80' lang='grc' dir='ltr'>τὸ</span> <span class='ocrx_word' id='word_1_185' title='bbox 1401 1976 1598 2027; x_wconf 82' lang='grc' dir='ltr'>οἰκεῖον</span> <span class='ocrx_word' id='word_1_186' title='bbox 1619 1975 1868 2044; x_wconf 78' lang='grc' dir='ltr'>ἀνάθεμα</span> 
     </span>
    </p>
   </div>
   <div class='ocr_carea' id='block_1_28' title="bbox 248 2062 1869 2135">
    <p class='ocr_par' dir='ltr' id='par_1_28' title="bbox 248 2062 1869 2135">
     <span class='ocr_line' id='line_1_28' title="bbox 248 2062 1869 2135; baseline 0.002 -21"><span class='ocrx_word' id='word_1_187' title='bbox 248 2062 405 2115; x_wconf 82' lang='grc' dir='ltr'>κατὰ</span> <span class='ocrx_word' id='word_1_188' title='bbox 426 2064 553 2116; x_wconf 86' lang='grc' dir='ltr'><strong>τῶν</strong></span> <span class='ocrx_word' id='word_1_189' title='bbox 574 2064 877 2135; x_wconf 81' lang='grc' dir='ltr'>προμάχων</span> <span class='ocrx_word' id='word_1_190' title='bbox 905 2063 1003 2133; x_wconf 84' lang='grc' dir='ltr'>τῆς</span> <span class='ocrx_word' id='word_1_191' title='bbox 1032 2063 1349 2134; x_wconf 83' lang='grc' dir='ltr'>ὀρθοδοξίας</span> <span class='ocrx_word' id='word_1_192' title='bbox 1380 2063 1742 2134; x_wconf 80' lang='grc' dir='ltr'>ἀναστρέφειν</span> <span class='ocrx_word' id='word_1_193' title='bbox 1775 2066 1869 2117; x_wconf 83' lang='grc' dir='ltr'><strong>ὲκ-</strong></span> 
     </span>
    </p>
   </div>
   <div class='ocr_carea' id='block_1_29' title="bbox 251 2155 1866 2229">
    <p class='ocr_par' dir='ltr' id='par_1_29' title="bbox 251 2155 1866 2229">
     <span class='ocr_line' id='line_1_29' title="bbox 251 2155 1866 2229; baseline 0.001 -21"><span class='ocrx_word' id='word_1_194' title='bbox 251 2156 579 2225; x_wconf 79' lang='grc' dir='ltr'>φρυάξατο,</span> <span class='ocrx_word' id='word_1_195' title='bbox 604 2158 698 2209; x_wconf 74' lang='grc' dir='ltr'><strong>καὶ</strong></span> <span class='ocrx_word' id='word_1_196' title='bbox 726 2157 824 2229; x_wconf 80' lang='grc' dir='ltr'>τὴν</span> <span class='ocrx_word' id='word_1_197' title='bbox 854 2156 1190 2228; x_wconf 76' lang='grc' dir='ltr'>βαρϐαρικὴν</span> <span class='ocrx_word' id='word_1_198' title='bbox 1229 2156 1427 2227; x_wconf 88' lang='grc' dir='ltr'>μανίαν</span> <span class='ocrx_word' id='word_1_199' title='bbox 1478 2155 1866 2227; x_wconf 77' lang='grc' dir='ltr'>ἐκκλησιαστι-</span> 
     </span>
    </p>
   </div>
   <div class='ocr_carea' id='block_1_30' title="bbox 249 2248 1867 2320">
    <p class='ocr_par' dir='ltr' id='par_1_30' title="bbox 249 2248 1867 2320">
     <span class='ocr_line' id='line_1_30' title="bbox 249 2248 1867 2320; baseline 0.003 -22"><span class='ocrx_word' id='word_1_200' title='bbox 249 2248 358 2316; x_wconf 83' lang='grc' dir='ltr'><strong>κὴν</strong></span> <span class='ocrx_word' id='word_1_201' title='bbox 383 2249 751 2319; x_wconf 80' lang='grc' dir='ltr'>παρανομίαν</span> <span class='ocrx_word' id='word_1_202' title='bbox 769 2249 1184 2320; x_wconf 77' lang='grc' dir='ltr'>ὲφιλόνείκησαν</span> <span class='ocrx_word' id='word_1_203' title='bbox 1205 2248 1645 2320; x_wconf 88' lang='grc' dir='ltr'>ἀπεργάσασθαι,</span> <span class='ocrx_word' id='word_1_204' title='bbox 1667 2250 1867 2303; x_wconf 84' lang='grc' dir='ltr'>αὐτίκα</span> 
     </span>
    </p>
   </div>
   <div class='ocr_carea' id='block_1_31' title="bbox 251 2334 1866 2413">
    <p class='ocr_par' dir='ltr' id='par_1_31' title="bbox 251 2334 1866 2413">
     <span class='ocr_line' id='line_1_31' title="bbox 251 2334 1866 2413; baseline 0.001 -22"><span class='ocrx_word' id='word_1_205' title='bbox 251 2339 355 2392; x_wconf 74' lang='grc' dir='ltr'>καὶ</span> <span class='ocrx_word' id='word_1_206' title='bbox 402 2341 473 2394; x_wconf 83' lang='grc' dir='ltr'><strong>τὸ</strong></span> <span class='ocrx_word' id='word_1_207' title='bbox 526 2341 759 2413; x_wconf 83' lang='grc' dir='ltr'>φρικτὸν</span> <span class='ocrx_word' id='word_1_208' title='bbox 796 2334 988 2396; x_wconf 66' lang='grc' dir='ltr'>’ἐκεῖνο</span> <span class='ocrx_word' id='word_1_209' title='bbox 1021 2342 1113 2395; x_wconf 80' lang='grc' dir='ltr'><strong>καὶ</strong></span> <span class='ocrx_word' id='word_1_210' title='bbox 1153 2341 1343 2411; x_wconf 82' lang='grc' dir='ltr'>ποινῆς</span> <span class='ocrx_word' id='word_1_211' title='bbox 1403 2341 1625 2408; x_wconf 86' lang='grc' dir='ltr'>ἀπάσης</span> <span class='ocrx_word' id='word_1_212' title='bbox 1688 2341 1866 2412; x_wconf 82' lang='grc' dir='ltr'>πέρας</span> 
     </span>
    </p>
   </div>
   <div class='ocr_carea' id='block_1_32' title="bbox 253 2427 1867 2503">
    <p class='ocr_par' dir='ltr' id='par_1_32' title="bbox 253 2427 1867 2503">
     <span class='ocr_line' id='line_1_32' title="bbox 253 2427 1867 2503; baseline 0.002 -21"><span class='ocrx_word' id='word_1_213' title='bbox 253 2427 525 2499; x_wconf 75' lang='grc' dir='ltr'>ισχατον,</span> <span class='ocrx_word' id='word_1_214' title='bbox 561 2433 642 2494; x_wconf 84' lang='grc' dir='ltr'><strong>είς</strong></span> <span class='ocrx_word' id='word_1_215' title='bbox 672 2431 877 2499; x_wconf 80' lang='grc' dir='ltr'>μύθους</span> <span class='ocrx_word' id='word_1_216' title='bbox 907 2432 1002 2485; x_wconf 77' lang='grc' dir='ltr'><strong>καὶ</strong></span> <span class='ocrx_word' id='word_1_217' title='bbox 1026 2430 1255 2499; x_wconf 84' lang='grc' dir='ltr'>παίγνια</span> <span class='ocrx_word' id='word_1_218' title='bbox 1285 2431 1706 2501; x_wconf 75' lang='grc' dir='ltr'>μεταπέπτωκεο</span> <span class='ocrx_word' id='word_1_219' title='bbox 1733 2432 1867 2503; x_wconf 81' lang='grc' dir='ltr'>μᾶλ-</span> 
     </span>
    </p>
   </div>
   <div class='ocr_carea' id='block_1_33' title="bbox 254 2524 1862 2598">
    <p class='ocr_par' dir='ltr' id='par_1_33' title="bbox 254 2524 1862 2598">
     <span class='ocr_line' id='line_1_33' title="bbox 254 2524 1862 2598; baseline 0.002 -21"><span class='ocrx_word' id='word_1_220' title='bbox 254 2524 348 2577; x_wconf 87' lang='grc' dir='ltr'><strong>λον</strong></span> <span class='ocrx_word' id='word_1_221' title='bbox 385 2525 474 2591; x_wconf 84' lang='grc' dir='ltr'><strong>δὲ,</strong></span> <span class='ocrx_word' id='word_1_222' title='bbox 506 2528 624 2589; x_wconf 86' lang='grc' dir='ltr'>τοῖς</span> <span class='ocrx_word' id='word_1_223' title='bbox 654 2525 916 2579; x_wconf 67' lang='grc' dir='ltr'>,εὐσεόέσι</span> <span class='ocrx_word' id='word_1_224' title='bbox 968 2527 1064 2581; x_wconf 76' lang='grc' dir='ltr'><strong>καὶ</strong></span> <span class='ocrx_word' id='word_1_225' title='bbox 1125 2527 1342 2597; x_wconf 75' lang='grc' dir='ltr'>αἱρετὸν</span> <span class='ocrx_word' id='word_1_226' title='bbox 1394 2527 1862 2598; x_wconf 82' lang='grc' dir='ltr'>παρεσκεύασται.</span> 
     </span>
    </p>
   </div>
   <div class='ocr_carea' id='block_1_34' title="bbox 255 2612 1865 2687">
    <p class='ocr_par' dir='ltr' id='par_1_34' title="bbox 255 2612 1865 2687">
     <span class='ocr_line' id='line_1_34' title="bbox 255 2612 1865 2687; baseline 0 -20"><span class='ocrx_word' id='word_1_227' title='bbox 255 2612 403 2667; x_wconf 79' lang='grc' dir='ltr'>Οὐδὲ</span> <span class='ocrx_word' id='word_1_228' title='bbox 433 2614 556 2683; x_wconf 88' lang='grc' dir='ltr'><strong>γάρ</strong></span> <span class='ocrx_word' id='word_1_229' title='bbox 584 2614 695 2667; x_wconf 80' lang='grc' dir='ltr'>οὐδ’</span> <span class='ocrx_word' id='word_1_230' title='bbox 751 2616 786 2686; x_wconf 86' lang='grc' dir='ltr'>ή</span> <span class='ocrx_word' id='word_1_231' title='bbox 824 2616 1125 2687; x_wconf 81' lang='grc' dir='ltr'>πάντολμος</span> <span class='ocrx_word' id='word_1_232' title='bbox 1175 2615 1284 2669; x_wconf 84' lang='grc' dir='ltr'><strong>τῶν</strong></span> <span class='ocrx_word' id='word_1_233' title='bbox 1315 2616 1525 2687; x_wconf 76' lang='grc' dir='ltr'>ἐχθρῶν</span> <span class='ocrx_word' id='word_1_234' title='bbox 1581 2620 1681 2687; x_wconf 79' lang='grc' dir='ltr'>τῆς</span> <span class='ocrx_word' id='word_1_235' title='bbox 1727 2616 1865 2687; x_wconf 81' lang='grc' dir='ltr'>ἀλη-</span> 
     </span>
    </p>
   </div>
   <div class='ocr_carea' id='block_1_35' title="bbox 259 2709 1868 2782">
    <p class='ocr_par' dir='ltr' id='par_1_35' title="bbox 259 2709 1868 2782">
     <span class='ocr_line' id='line_1_35' title="bbox 259 2709 1868 2782; baseline 0 -19"><span class='ocrx_word' id='word_1_236' title='bbox 259 2709 421 2775; x_wconf 87' lang='grc' dir='ltr'>θείας</span> <span class='ocrx_word' id='word_1_237' title='bbox 441 2711 670 2782; x_wconf 82' lang='grc' dir='ltr'>γνώμη,</span> <span class='ocrx_word' id='word_1_238' title='bbox 692 2710 791 2773; x_wconf 87' lang='grc' dir='ltr'>τὰς</span> <span class='ocrx_word' id='word_1_239' title='bbox 822 2713 1033 2778; x_wconf 82' lang='grc' dir='ltr'>ποινάς,</span> <span class='ocrx_word' id='word_1_240' title='bbox 1070 2711 1166 2764; x_wconf 77' lang='grc' dir='ltr'>καὶ</span> <span class='ocrx_word' id='word_1_241' title='bbox 1193 2711 1431 2781; x_wconf 80' lang='grc' dir='ltr'>μάλιστα</span> <span class='ocrx_word' id='word_1_242' title='bbox 1451 2713 1548 2774; x_wconf 85' lang='grc' dir='ltr'>τὰς</span> <span class='ocrx_word' id='word_1_243' title='bbox 1574 2711 1868 2781; x_wconf 75' lang='grc' dir='ltr'>ἐκκλησιαο</span> 
     </span>
    </p>
   </div>
   <div class='ocr_carea' id='block_1_36' title="bbox 256 2801 1866 2872">
    <p class='ocr_par' dir='ltr' id='par_1_36' title="bbox 256 2801 1866 2872">
     <span class='ocr_line' id='line_1_36' title="bbox 256 2801 1866 2872; baseline 0.001 -19"><span class='ocrx_word' id='word_1_244' title='bbox 256 2802 493 2868; x_wconf 77' lang='grc' dir='ltr'>στικάς,</span> <span class='ocrx_word' id='word_1_245' title='bbox 522 2804 666 2855; x_wconf 89' lang='grc' dir='ltr'>ποιεῖ</span> <span class='ocrx_word' id='word_1_246' title='bbox 685 2801 943 2872; x_wconf 76' lang='grc' dir='ltr'>φοϐερὰς,</span> <span class='ocrx_word' id='word_1_247' title='bbox 972 2802 1109 2855; x_wconf 89' lang='grc' dir='ltr'><strong>ἀλλά</strong></span> <span class='ocrx_word' id='word_1_248' title='bbox 1128 2801 1238 2856; x_wconf 85' lang='grc' dir='ltr'><strong>τῶν</strong></span> <span class='ocrx_word' id='word_1_249' title='bbox 1264 2802 1585 2872; x_wconf 84' lang='grc' dir='ltr'><strong>πασχόντων</strong></span> <span class='ocrx_word' id='word_1_250' title='bbox 1610 2801 1671 2854; x_wconf 85' lang='grc' dir='ltr'>τὸ</span> <span class='ocrx_word' id='word_1_251' title='bbox 1701 2801 1866 2855; x_wconf 81' lang='grc' dir='ltr'>ὑπεύ-</span> 
     </span>
    </p>
   </div>
   <div class='ocr_carea' id='block_1_37' title="bbox 258 2892 1866 2963">
    <p class='ocr_par' dir='ltr' id='par_1_37' title="bbox 258 2892 1866 2963">
     <span class='ocr_line' id='line_1_37' title="bbox 258 2892 1866 2963; baseline -0.001 -17"><span class='ocrx_word' id='word_1_252' title='bbox 258 2892 448 2961; x_wconf 85' lang='grc' dir='ltr'>θυνον,</span> <span class='ocrx_word' id='word_1_253' title='bbox 482 2894 566 2959; x_wconf 86' lang='grc' dir='ltr'><strong>ώς</strong></span> <span class='ocrx_word' id='word_1_254' title='bbox 594 2894 657 2947; x_wconf 81' lang='grc' dir='ltr'>τό</span> <span class='ocrx_word' id='word_1_255' title='bbox 686 2911 751 2963; x_wconf 87' lang='grc' dir='ltr'><strong>γε</strong></span> <span class='ocrx_word' id='word_1_256' title='bbox 773 2893 1065 2947; x_wconf 81' lang='grc' dir='ltr'>ἀνεύθυνον</span> <span class='ocrx_word' id='word_1_257' title='bbox 1088 2895 1179 2947; x_wconf 74' lang='grc' dir='ltr'>καὶ</span> <span class='ocrx_word' id='word_1_258' title='bbox 1228 2894 1309 2956; x_wconf 84' lang='grc' dir='ltr'><strong>είς</strong></span> <span class='ocrx_word' id='word_1_259' title='bbox 1343 2892 1545 2963; x_wconf 84' lang='grc' dir='ltr'><strong>χλεύην</strong></span> <span class='ocrx_word' id='word_1_260' title='bbox 1573 2894 1674 2955; x_wconf 84' lang='grc' dir='ltr'>τὰς</span> <span class='ocrx_word' id='word_1_261' title='bbox 1718 2893 1866 2946; x_wconf 82' lang='grc' dir='ltr'>ὲκεί-</span> 
     </span>
    </p>
   </div>
   <div class='ocr_carea' id='block_1_38' title="bbox 256 2984 1863 3059">
    <p class='ocr_par' dir='ltr' id='par_1_38' title="bbox 256 2984 1863 3059">
     <span class='ocr_line' id='line_1_38' title="bbox 256 2984 1863 3059; baseline -0.002 -18"><span class='ocrx_word' id='word_1_262' title='bbox 256 3006 368 3041; x_wconf 89' lang='grc' dir='ltr'><strong>νων</strong></span> <span class='ocrx_word' id='word_1_263' title='bbox 401 2989 689 3059; x_wconf 84' lang='grc' dir='ltr'>τιμωρίας</span> <span class='ocrx_word' id='word_1_264' title='bbox 711 2988 925 3058; x_wconf 85' lang='grc' dir='ltr'>τρέπει,</span> <span class='ocrx_word' id='word_1_265' title='bbox 951 2987 1046 3043; x_wconf 75' lang='grc' dir='ltr'>καὶ</span> <span class='ocrx_word' id='word_1_266' title='bbox 1088 2984 1211 3040; x_wconf 83' lang='grc' dir='ltr'>κατ’</span> <span class='ocrx_word' id='word_1_267' title='bbox 1236 2986 1464 3040; x_wconf 79' lang='grc' dir='ltr'>ἐκείνων</span> <span class='ocrx_word' id='word_1_268' title='bbox 1500 2985 1561 3039; x_wconf 84' lang='grc' dir='ltr'><strong>τὸ</strong></span> <span class='ocrx_word' id='word_1_269' title='bbox 1590 2985 1863 3055; x_wconf 84' lang='grc' dir='ltr'>δικαίωμα</span> 
     </span>
    </p>
   </div>
   <div class='ocr_carea' id='block_1_39' title="bbox 258 3077 1861 3151">
    <p class='ocr_par' dir='ltr' id='par_1_39' title="bbox 258 3077 1861 3151">
     <span class='ocr_line' id='line_1_39' title="bbox 258 3077 1861 3151; baseline -0.001 -18"><span class='ocrx_word' id='word_1_270' title='bbox 258 3081 361 3151; x_wconf 82' lang='grc' dir='ltr'><strong>τῆς</strong></span> <span class='ocrx_word' id='word_1_271' title='bbox 396 3080 682 3151; x_wconf 83' lang='grc' dir='ltr'>τιμωρίας</span> <span class='ocrx_word' id='word_1_272' title='bbox 715 3080 1069 3150; x_wconf 82' lang='grc' dir='ltr'>ἀναστρέφει,</span> <span class='ocrx_word' id='word_1_273' title='bbox 1098 3078 1191 3133; x_wconf 79' lang='grc' dir='ltr'><strong>καὶ</strong></span> <span class='ocrx_word' id='word_1_274' title='bbox 1226 3078 1304 3149; x_wconf 80' lang='grc' dir='ltr'>τῷ</span> <span class='ocrx_word' id='word_1_275' title='bbox 1342 3078 1436 3131; x_wconf 87' lang='grc' dir='ltr'><strong>ὑπ’</strong></span> <span class='ocrx_word' id='word_1_276' title='bbox 1474 3077 1655 3131; x_wconf 84' lang='grc' dir='ltr'>αὐτῶν</span> <span class='ocrx_word' id='word_1_277' title='bbox 1686 3096 1861 3148; x_wconf 86' lang='grc' dir='ltr'>τιμω-</span> 
     </span>
    </p>
   </div>
   <div class='ocr_carea' id='block_1_40' title="bbox 1970 1880 3555 1945">
    <p class='ocr_par' dir='ltr' id='par_1_40' title="bbox 1970 1880 3555 1945">
     <span class='ocr_line' id='line_1_40' title="bbox 1970 1880 3555 1945; baseline 0.004 -13"><span class='ocrx_word' id='word_1_278' title='bbox 1970 1894 2164 1934; x_wconf 90' lang='lat' dir='ltr'><strong>omnes</strong></span> <span class='ocrx_word' id='word_1_279' title='bbox 2188 1880 2404 1935; x_wconf 89' lang='lat' dir='ltr'><strong>divinas</strong></span> <span class='ocrx_word' id='word_1_280' title='bbox 2423 1891 2479 1935; x_wconf 86' lang='lat' dir='ltr'><strong>et</strong></span> <span class='ocrx_word' id='word_1_281' title='bbox 2503 1881 2800 1945; x_wconf 88' lang='lat' dir='ltr'><strong>humanas;</strong></span> <span class='ocrx_word' id='word_1_282' title='bbox 2833 1890 3025 1936; x_wconf 89' lang='lat' dir='ltr'><strong>contra</strong></span> <span class='ocrx_word' id='word_1_283' title='bbox 3043 1897 3257 1937; x_wconf 88' lang='lat' dir='ltr'><strong>omnem</strong></span> <span class='ocrx_word' id='word_1_284' title='bbox 3287 1884 3555 1939; x_wconf 83' lang='lat' dir='ltr'><strong>rationem</strong></span> 
     </span>
    </p>
   </div>
   <div class='ocr_carea' id='block_1_41' title="bbox 1970 1969 3555 2045">
    <p class='ocr_par' dir='ltr' id='par_1_41' title="bbox 1970 1969 3555 2045">
     <span class='ocr_line' id='line_1_41' title="bbox 1970 1969 3555 2045; baseline 0.003 -22"><span class='ocrx_word' id='word_1_285' title='bbox 1970 1969 2233 2034; x_wconf 68' lang='lat' dir='ltr'><strong>Graecam,</strong></span> <span class='ocrx_word' id='word_1_286' title='bbox 2271 1971 2579 2034; x_wconf 86' lang='lat' dir='ltr'><strong>barbaram,</strong></span> <span class='ocrx_word' id='word_1_287' title='bbox 2623 1970 2863 2041; x_wconf 88' lang='lat' dir='ltr'><strong>ipsorum</strong></span> <span class='ocrx_word' id='word_1_288' title='bbox 2908 1973 3196 2026; x_wconf 85' lang='lat' dir='ltr'><strong>anathema</strong></span> <span class='ocrx_word' id='word_1_289' title='bbox 3242 1973 3298 2026; x_wconf 93' lang='lat' dir='ltr'><strong>in</strong></span> <span class='ocrx_word' id='word_1_290' title='bbox 3349 1990 3555 2045; x_wconf 89' lang='lat' dir='ltr'><strong>propu-</strong></span> 
     </span>
    </p>
   </div>
   <div class='ocr_carea' id='block_1_42' title="bbox 1969 2062 3556 2132">
    <p class='ocr_par' dir='ltr' id='par_1_42' title="bbox 1969 2062 3556 2132">
     <span class='ocr_line' id='line_1_42' title="bbox 1969 2062 3556 2132; baseline 0.006 -20"><span class='ocrx_word' id='word_1_291' title='bbox 1969 2069 2219 2130; x_wconf 80' lang='lat' dir='ltr'><strong>gnatores</strong></span> <span class='ocrx_word' id='word_1_292' title='bbox 2275 2063 2589 2117; x_wconf 68' lang='lat' dir='ltr'><strong>orthodoxae</strong></span> <span class='ocrx_word' id='word_1_293' title='bbox 2645 2062 2858 2132; x_wconf 88' lang='lat' dir='ltr'><strong>pietatis</strong></span> <span class='ocrx_word' id='word_1_294' title='bbox 2912 2063 3080 2132; x_wconf 88' lang='lat' dir='ltr'><strong>jaciat</strong></span> <span class='ocrx_word' id='word_1_295' title='bbox 3125 2066 3449 2131; x_wconf 79' lang='lat' dir='ltr'><strong>insolenter,</strong></span> <span class='ocrx_word' id='word_1_296' title='bbox 3495 2076 3556 2122; x_wconf 85' lang='lat' dir='ltr'><strong>et</strong></span> 
     </span>
    </p>
   </div>
   <div class='ocr_carea' id='block_1_43' title="bbox 1971 2149 3554 2227">
    <p class='ocr_par' dir='ltr' id='par_1_43' title="bbox 1971 2149 3554 2227">
     <span class='ocr_line' id='line_1_43' title="bbox 1971 2149 3554 2227; baseline 0.006 -24"><span class='ocrx_word' id='word_1_297' title='bbox 1971 2149 2187 2205; x_wconf 89' lang='lat' dir='ltr'><strong>furores</strong></span> <span class='ocrx_word' id='word_1_298' title='bbox 2251 2153 2588 2216; x_wconf 89' lang='lat' dir='ltr'><strong>barbaricos,</strong></span> <span class='ocrx_word' id='word_1_299' title='bbox 2640 2154 3036 2209; x_wconf 88' lang='lat' dir='ltr'><strong>ecclesiasticas</strong></span> <span class='ocrx_word' id='word_1_300' title='bbox 3091 2159 3554 2227; x_wconf 82' lang='lat' dir='ltr'><strong>transgressiones</strong></span> 
     </span>
    </p>
   </div>
   <div class='ocr_carea' id='block_1_44' title="bbox 1969 2244 3554 2315">
    <p class='ocr_par' dir='ltr' id='par_1_44' title="bbox 1969 2244 3554 2315">
     <span class='ocr_line' id='line_1_44' title="bbox 1969 2244 3554 2315; baseline 0.006 -20"><span class='ocrx_word' id='word_1_301' title='bbox 1969 2257 2163 2313; x_wconf 77' lang='lat' dir='ltr'><strong>magna</strong></span> <span class='ocrx_word' id='word_1_302' title='bbox 2213 2246 2568 2299; x_wconf 82' lang='lat' dir='ltr'><strong>contentione</strong></span> <span class='ocrx_word' id='word_1_303' title='bbox 2608 2244 2884 2299; x_wconf 82' lang='lat' dir='ltr'><strong>habendas</strong></span> <span class='ocrx_word' id='word_1_304' title='bbox 2922 2248 3293 2315; x_wconf 78' lang='lat' dir='ltr'><strong>contendunt;</strong></span> <span class='ocrx_word' id='word_1_305' title='bbox 3324 2265 3355 2302; x_wconf 91' lang='lat' dir='ltr'><strong>e</strong></span> <span class='ocrx_word' id='word_1_306' title='bbox 3385 2252 3554 2305; x_wconf 78' lang='lat' dir='ltr'><strong>vesti-</strong></span> 
     </span>
    </p>
   </div>
   <div class='ocr_carea' id='block_1_45' title="bbox 1969 2334 3551 2409">
    <p class='ocr_par' dir='ltr' id='par_1_45' title="bbox 1969 2334 3551 2409">
     <span class='ocr_line' id='line_1_45' title="bbox 1969 2334 3551 2409; baseline 0.006 -22"><span class='ocrx_word' id='word_1_307' title='bbox 1969 2334 2055 2404; x_wconf 77' lang='lat' dir='ltr'><strong>gio</strong></span> <span class='ocrx_word' id='word_1_308' title='bbox 2100 2334 2233 2389; x_wconf 89' lang='lat' dir='ltr'><strong>illud</strong></span> <span class='ocrx_word' id='word_1_309' title='bbox 2284 2336 2707 2400; x_wconf 86' lang='lat' dir='ltr'><strong>formidandum,</strong></span> <span class='ocrx_word' id='word_1_310' title='bbox 2757 2346 2811 2391; x_wconf 84' lang='lat' dir='ltr'><strong>et</strong></span> <span class='ocrx_word' id='word_1_311' title='bbox 2861 2339 3104 2392; x_wconf 88' lang='lat' dir='ltr'><strong>omnium</strong></span> <span class='ocrx_word' id='word_1_312' title='bbox 3160 2342 3551 2409; x_wconf 90' lang='lat' dir='ltr'><strong>suppliciorum</strong></span> 
     </span>
    </p>
   </div>
   <div class='ocr_carea' id='block_1_46' title="bbox 1968 2426 3552 2503">
    <p class='ocr_par' dir='ltr' id='par_1_46' title="bbox 1968 2426 3552 2503">
     <span class='ocr_line' id='line_1_46' title="bbox 1968 2426 3552 2503; baseline 0.004 -22"><span class='ocrx_word' id='word_1_313' title='bbox 1968 2435 2299 2492; x_wconf 81' lang='lat' dir='ltr'><strong>extremum,</strong></span> <span class='ocrx_word' id='word_1_314' title='bbox 2342 2428 2395 2481; x_wconf 93' lang='lat' dir='ltr'><strong>in</strong></span> <span class='ocrx_word' id='word_1_315' title='bbox 2429 2426 2666 2482; x_wconf 89' lang='lat' dir='ltr'><strong>fabulam</strong></span> <span class='ocrx_word' id='word_1_316' title='bbox 2698 2438 2751 2482; x_wconf 90' lang='lat' dir='ltr'><strong>et</strong></span> <span class='ocrx_word' id='word_1_317' title='bbox 2784 2427 3077 2483; x_wconf 86' lang='lat' dir='ltr'><strong>ludibrium</strong></span> <span class='ocrx_word' id='word_1_318' title='bbox 3114 2435 3324 2486; x_wconf 87' lang='lat' dir='ltr'><strong>evasit:</strong></span> <span class='ocrx_word' id='word_1_319' title='bbox 3369 2436 3552 2503; x_wconf 90' lang='lat' dir='ltr'><strong>potius</strong></span> 
     </span>
    </p>
   </div>
   <div class='ocr_carea' id='block_1_47' title="bbox 1967 2518 3552 2594">
    <p class='ocr_par' dir='ltr' id='par_1_47' title="bbox 1967 2518 3552 2594">
     <span class='ocr_line' id='line_1_47' title="bbox 1967 2518 3552 2594; baseline 0.005 -23"><span class='ocrx_word' id='word_1_320' title='bbox 1967 2519 2067 2572; x_wconf 87' lang='lat' dir='ltr'><strong>viri</strong></span> <span class='ocrx_word' id='word_1_321' title='bbox 2100 2519 2174 2589; x_wconf 90' lang='lat' dir='ltr'><strong>pii</strong></span> <span class='ocrx_word' id='word_1_322' title='bbox 2211 2518 2342 2573; x_wconf 90' lang='lat' dir='ltr'><strong>illud</strong></span> <span class='ocrx_word' id='word_1_323' title='bbox 2374 2520 2781 2589; x_wconf 82' lang='lat' dir='ltr'><strong>exoptaverint;</strong></span> <span class='ocrx_word' id='word_1_324' title='bbox 2824 2535 2933 2573; x_wconf 89' lang='lat' dir='ltr'><strong>non</strong></span> <span class='ocrx_word' id='word_1_325' title='bbox 2973 2521 3117 2574; x_wconf 89' lang='lat' dir='ltr'><strong>enim</strong></span> <span class='ocrx_word' id='word_1_326' title='bbox 3149 2523 3416 2576; x_wconf 87' lang='lat' dir='ltr'><strong>sententia</strong></span> <span class='ocrx_word' id='word_1_327' title='bbox 3456 2541 3552 2594; x_wconf 90' lang='lat' dir='ltr'><strong>per</strong></span> 
     </span>
    </p>
   </div>
   <div class='ocr_carea' id='block_1_48' title="bbox 1968 2611 3547 2683">
    <p class='ocr_par' dir='ltr' id='par_1_48' title="bbox 1968 2611 3547 2683">
     <span class='ocr_line' id='line_1_48' title="bbox 1968 2611 3547 2683; baseline 0.005 -20"><span class='ocrx_word' id='word_1_328' title='bbox 1968 2611 2363 2666; x_wconf 86' lang='lat' dir='ltr'><strong>audacissimos</strong></span> <span class='ocrx_word' id='word_1_329' title='bbox 2425 2612 2668 2666; x_wconf 79' lang='lat' dir='ltr'><strong>veritatis</strong></span> <span class='ocrx_word' id='word_1_330' title='bbox 2725 2613 2911 2666; x_wconf 86' lang='lat' dir='ltr'><strong>hostes</strong></span> <span class='ocrx_word' id='word_1_331' title='bbox 2958 2614 3062 2667; x_wconf 87' lang='lat' dir='ltr'><strong>lata</strong></span> <span class='ocrx_word' id='word_1_332' title='bbox 3118 2630 3306 2683; x_wconf 62' lang='lat' dir='ltr'><strong>pinnas</strong></span> <span class='ocrx_word' id='word_1_333' title='bbox 3358 2619 3547 2674; x_wconf 78' lang='lat' dir='ltr'><strong>saltem</strong></span> 
     </span>
    </p>
   </div>
   <div class='ocr_carea' id='block_1_49' title="bbox 1967 2704 3549 2768">
    <p class='ocr_par' dir='ltr' id='par_1_49' title="bbox 1967 2704 3549 2768">
     <span class='ocr_line' id='line_1_49' title="bbox 1967 2704 3549 2768; baseline 0.007 -11"><span class='ocrx_word' id='word_1_334' title='bbox 1967 2705 2361 2760; x_wconf 88' lang='lat' dir='ltr'><strong>ecclesiasticas</strong></span> <span class='ocrx_word' id='word_1_335' title='bbox 2392 2704 2762 2759; x_wconf 83' lang='lat' dir='ltr'><strong>formidabiles</strong></span> <span class='ocrx_word' id='word_1_336' title='bbox 2798 2706 2947 2763; x_wconf 80' lang='lat' dir='ltr'><strong>facit.</strong></span> <span class='ocrx_word' id='word_1_337' title='bbox 2997 2711 3091 2764; x_wconf 77' lang='lat' dir='ltr'><strong>sed</strong></span> <span class='ocrx_word' id='word_1_338' title='bbox 3136 2726 3318 2767; x_wconf 82' lang='lat' dir='ltr'><strong>reatus</strong></span> <span class='ocrx_word' id='word_1_339' title='bbox 3360 2732 3549 2768; x_wconf 86' lang='lat' dir='ltr'><strong>eorum</strong></span> 
     </span>
    </p>
   </div>
   <div class='ocr_carea' id='block_1_50' title="bbox 1968 2794 3547 2874">
    <p class='ocr_par' dir='ltr' id='par_1_50' title="bbox 1968 2794 3547 2874">
     <span class='ocr_line' id='line_1_50' title="bbox 1968 2794 3547 2874; baseline 0.008 -26"><span class='ocrx_word' id='word_1_340' title='bbox 1968 2794 2023 2848; x_wconf 89' lang='lat' dir='ltr'><strong>in</strong></span> <span class='ocrx_word' id='word_1_341' title='bbox 2054 2812 2192 2864; x_wconf 88' lang='lat' dir='ltr'><strong>quos</strong></span> <span class='ocrx_word' id='word_1_342' title='bbox 2220 2797 2621 2866; x_wconf 89' lang='lat' dir='ltr'><strong>intorquentur.</strong></span> <span class='ocrx_word' id='word_1_343' title='bbox 2653 2797 2812 2863; x_wconf 81' lang='lat' dir='ltr'><strong>Quod</strong></span> <span class='ocrx_word' id='word_1_344' title='bbox 2841 2800 2883 2855; x_wconf 89' lang='lat' dir='ltr'><strong>si</strong></span> <span class='ocrx_word' id='word_1_345' title='bbox 2908 2799 3177 2858; x_wconf 80' lang='lat' dir='ltr'><strong>innocens</strong></span> <span class='ocrx_word' id='word_1_346' title='bbox 3203 2807 3326 2874; x_wconf 84' lang='lat' dir='ltr'><strong>quis</strong></span> <span class='ocrx_word' id='word_1_347' title='bbox 3359 2808 3547 2871; x_wconf 67' lang='lat' dir='ltr'><strong>fuerit,</strong></span> 
     </span>
    </p>
   </div>
   <div class='ocr_carea' id='block_1_51' title="bbox 1967 2886 3551 2966">
    <p class='ocr_par' dir='ltr' id='par_1_51' title="bbox 1967 2886 3551 2966">
     <span class='ocr_line' id='line_1_51' title="bbox 1967 2886 3551 2966; baseline 0.009 -26"><span class='ocrx_word' id='word_1_348' title='bbox 1967 2886 2224 2943; x_wconf 86' lang='lat' dir='ltr'><strong>ridendas</strong></span> <span class='ocrx_word' id='word_1_349' title='bbox 2246 2889 2459 2943; x_wconf 90' lang='lat' dir='ltr'><strong>illorum</strong></span> <span class='ocrx_word' id='word_1_350' title='bbox 2486 2905 2675 2959; x_wconf 55' lang='lat' dir='ltr'><strong>poenas</strong></span> <span class='ocrx_word' id='word_1_351' title='bbox 2715 2895 2986 2963; x_wconf 85' lang='lat' dir='ltr'><strong>propinat,</strong></span> <span class='ocrx_word' id='word_1_352' title='bbox 3021 2906 3078 2950; x_wconf 92' lang='lat' dir='ltr'><strong>et</strong></span> <span class='ocrx_word' id='word_1_353' title='bbox 3104 2898 3156 2949; x_wconf 94' lang='lat' dir='ltr'><strong>in</strong></span> <span class='ocrx_word' id='word_1_354' title='bbox 3194 2898 3551 2966; x_wconf 87' lang='lat' dir='ltr'><strong>ipsorummet</strong></span> 
     </span>
    </p>
   </div>
   <div class='ocr_carea' id='block_1_52' title="bbox 1961 2978 3552 3056">
    <p class='ocr_par' dir='ltr' id='par_1_52' title="bbox 1961 2978 3552 3056">
     <span class='ocr_line' id='line_1_52' title="bbox 1961 2978 3552 3056; baseline 0.009 -24"><span class='ocrx_word' id='word_1_355' title='bbox 1961 2978 2227 3047; x_wconf 79' lang='lat' dir='ltr'><strong>judicium</strong></span> <span class='ocrx_word' id='word_1_356' title='bbox 2263 2990 2455 3044; x_wconf 88' lang='lat' dir='ltr'><strong>mutat,</strong></span> <span class='ocrx_word' id='word_1_357' title='bbox 2497 2982 2569 3036; x_wconf 88' lang='lat' dir='ltr'><strong>illi</strong></span> <span class='ocrx_word' id='word_1_358' title='bbox 2613 2997 2794 3039; x_wconf 91' lang='lat' dir='ltr'><strong>autem</strong></span> <span class='ocrx_word' id='word_1_359' title='bbox 2841 3004 3001 3056; x_wconf 85' lang='lat' dir='ltr'><strong>quem</strong></span> <span class='ocrx_word' id='word_1_360' title='bbox 3058 2991 3354 3044; x_wconf 87' lang='lat' dir='ltr'><strong>multarunt</strong></span> <span class='ocrx_word' id='word_1_361' title='bbox 3394 3009 3552 3047; x_wconf 87' lang='lat' dir='ltr'><strong>coro-</strong></span> 
     </span>
    </p>
   </div>
   <div class='ocr_carea' id='block_1_53' title="bbox 1966 3073 3551 3155">
    <p class='ocr_par' dir='ltr' id='par_1_53' title="bbox 1966 3073 3551 3155">
     <span class='ocr_line' id='line_1_53' title="bbox 1966 3073 3551 3155; baseline 0.011 -33"><span class='ocrx_word' id='word_1_362' title='bbox 1966 3085 2090 3123; x_wconf 86' lang='lat' dir='ltr'><strong>nam</strong></span> <span class='ocrx_word' id='word_1_363' title='bbox 2142 3073 2671 3141; x_wconf 83' lang='lat' dir='ltr'><strong>immarccscibilem,</strong></span> <span class='ocrx_word' id='word_1_364' title='bbox 2709 3086 2763 3131; x_wconf 88' lang='lat' dir='ltr'><strong>et</strong></span> <span class='ocrx_word' id='word_1_365' title='bbox 2798 3078 3157 3135; x_wconf 88' lang='lat' dir='ltr'><strong>immortalem</strong></span> <span class='ocrx_word' id='word_1_366' title='bbox 3195 3082 3415 3152; x_wconf 87' lang='lat' dir='ltr'><strong>gloriam</strong></span> <span class='ocrx_word' id='word_1_367' title='bbox 3452 3102 3551 3155; x_wconf 88' lang='lat' dir='ltr'><strong>pro</strong></span> 
     </span>
    </p>
   </div>
   <div class='ocr_carea' id='block_1_54' title="bbox 262 3160 1855 3243">
    <p class='ocr_par' dir='ltr' id='par_1_54' title="bbox 262 3168 1855 3240">
     <span class='ocr_line' id='line_1_54' title="bbox 262 3168 1855 3240; baseline -0.001 -17"><span class='ocrx_word' id='word_1_368' title='bbox 262 3171 531 3240; x_wconf 81' lang='grc' dir='ltr'>ρουμένῳ</span> <span class='ocrx_word' id='word_1_369' title='bbox 560 3171 857 3239; x_wconf 81' lang='grc' dir='ltr'>στεφάνους</span> <span class='ocrx_word' id='word_1_370' title='bbox 895 3170 1224 3240; x_wconf 86' lang='grc' dir='ltr'>ἀκηράτους,</span> <span class='ocrx_word' id='word_1_371' title='bbox 1251 3169 1342 3222; x_wconf 75' lang='grc' dir='ltr'><strong>καὶ</strong></span> <span class='ocrx_word' id='word_1_372' title='bbox 1372 3168 1640 3222; x_wconf 84' lang='grc' dir='ltr'>ἀθάνατον</span> <span class='ocrx_word' id='word_1_373' title='bbox 1676 3168 1855 3235; x_wconf 81' lang='grc' dir='ltr'>δόξαν,</span> 
     </span>
    </p>
   </div>
   <div class='ocr_carea' id='block_1_55' title="bbox 1962 3160 3550 3243">
    <p class='ocr_par' dir='ltr' id='par_1_55' title="bbox 1964 3164 3550 3243">
     <span class='ocr_line' id='line_1_55' title="bbox 1964 3164 3550 3243; baseline 0.011 -28"><span class='ocrx_word' id='word_1_374' title='bbox 1964 3164 2245 3233; x_wconf 85' lang='lat' dir='ltr'><strong>suppliciis</strong></span> <span class='ocrx_word' id='word_1_375' title='bbox 2286 3175 2557 3233; x_wconf 82' lang='lat' dir='ltr'><strong>procurat.</strong></span> <span class='ocrx_word' id='word_1_376' title='bbox 2593 3167 2857 3234; x_wconf 83' lang='lat' dir='ltr'><strong>Quocirca</strong></span> <span class='ocrx_word' id='word_1_377' title='bbox 2887 3172 3116 3242; x_wconf 88' lang='lat' dir='ltr'><strong>quisque</strong></span> <span class='ocrx_word' id='word_1_378' title='bbox 3162 3175 3284 3243; x_wconf 92' lang='lat' dir='ltr'><strong>pius</strong></span> <span class='ocrx_word' id='word_1_379' title='bbox 3316 3185 3370 3230; x_wconf 86' lang='lat' dir='ltr'><strong>et</strong></span> <span class='ocrx_word' id='word_1_380' title='bbox 3421 3193 3550 3231; x_wconf 83' lang='lat' dir='ltr'><strong>san-</strong></span> 
     </span>
    </p>
   </div>
   <div class='ocr_carea' id='block_1_56' title="bbox 260 3260 1857 3334">
    <p class='ocr_par' dir='ltr' id='par_1_56' title="bbox 260 3260 1857 3334">
     <span class='ocr_line' id='line_1_56' title="bbox 260 3260 1857 3334; baseline 0 -19"><span class='ocrx_word' id='word_1_381' title='bbox 260 3263 384 3315; x_wconf 74' lang='grc' dir='ltr'>ἀντὶ</span> <span class='ocrx_word' id='word_1_382' title='bbox 420 3264 647 3334; x_wconf 84' lang='grc' dir='ltr'>ποινῆς,</span> <span class='ocrx_word' id='word_1_383' title='bbox 695 3262 1090 3333; x_wconf 76' lang='grc' dir='ltr'>ἀπεργάζεται.</span> <span class='ocrx_word' id='word_1_384' title='bbox 1149 3262 1226 3313; x_wconf 85' lang='grc' dir='ltr'><strong>Δι’</strong></span> <span class='ocrx_word' id='word_1_385' title='bbox 1278 3260 1307 3314; x_wconf 83' lang='grc' dir='ltr'><strong>ὃ</strong></span> <span class='ocrx_word' id='word_1_386' title='bbox 1359 3262 1457 3313; x_wconf 76' lang='grc' dir='ltr'><strong>καὶ</strong></span> <span class='ocrx_word' id='word_1_387' title='bbox 1488 3260 1722 3325; x_wconf 76' lang='grc' dir='ltr'>ἕκαστος</span> <span class='ocrx_word' id='word_1_388' title='bbox 1746 3262 1857 3315; x_wconf 88' lang='grc' dir='ltr'><strong>τῶν</strong></span> 
     </span>
    </p>
   </div>
   <div class='ocr_carea' id='block_1_57' title="bbox 259 3350 1860 3424">
    <p class='ocr_par' dir='ltr' id='par_1_57' title="bbox 259 3350 1860 3424">
     <span class='ocr_line' id='line_1_57' title="bbox 259 3350 1860 3424; baseline -0.001 -17"><span class='ocrx_word' id='word_1_389' title='bbox 259 3355 519 3409; x_wconf 75' lang='grc' dir='ltr'>εὐσεὸῶν</span> <span class='ocrx_word' id='word_1_390' title='bbox 547 3355 640 3409; x_wconf 80' lang='grc' dir='ltr'>καὶ</span> <span class='ocrx_word' id='word_1_391' title='bbox 670 3355 863 3424; x_wconf 79' lang='grc' dir='ltr'>ἁγίων,</span> <span class='ocrx_word' id='word_1_392' title='bbox 892 3354 984 3408; x_wconf 85' lang='grc' dir='ltr'>ὑπ’</span> <span class='ocrx_word' id='word_1_393' title='bbox 1013 3352 1190 3407; x_wconf 82' lang='grc' dir='ltr'>αὐτῶν</span> <span class='ocrx_word' id='word_1_394' title='bbox 1227 3350 1679 3422; x_wconf 78' lang='grc' dir='ltr'>ἠλλοτριωμένων</span> <span class='ocrx_word' id='word_1_395' title='bbox 1722 3353 1860 3423; x_wconf 88' lang='grc' dir='ltr'>Χρι-</span> 
     </span>
    </p>
   </div>
   <div class='ocr_carea' id='block_1_58' title="bbox 262 3439 1856 3517">
    <p class='ocr_par' dir='ltr' id='par_1_58' title="bbox 262 3439 1856 3517">
     <span class='ocr_line' id='line_1_58' title="bbox 262 3439 1856 3517; baseline -0.003 -20"><span class='ocrx_word' id='word_1_396' title='bbox 262 3444 417 3512; x_wconf 83' lang='grc' dir='ltr'>στοῦ,</span> <span class='ocrx_word' id='word_1_397' title='bbox 448 3446 717 3517; x_wconf 82' lang='grc' dir='ltr'>μυριάκις</span> <span class='ocrx_word' id='word_1_398' title='bbox 748 3446 983 3517; x_wconf 78' lang='grc' dir='ltr'>αἱρεῖται</span> <span class='ocrx_word' id='word_1_399' title='bbox 1029 3439 1562 3513; x_wconf 74' lang='grc' dir='ltr'>προπηλακίζεσθαι,</span> <span class='ocrx_word' id='word_1_400' title='bbox 1597 3439 1691 3493; x_wconf 70' lang='grc' dir='ltr'>καὶ</span> <span class='ocrx_word' id='word_1_401' title='bbox 1726 3442 1856 3492; x_wconf 86' lang='grc' dir='ltr'>ἀνα-</span> 
     </span>
    </p>
   </div>
   <div class='ocr_carea' id='block_1_59' title="bbox 260 3532 1858 3609">
    <p class='ocr_par' dir='ltr' id='par_1_59' title="bbox 260 3532 1858 3609">
     <span class='ocr_line' id='line_1_59' title="bbox 260 3532 1858 3609; baseline -0.003 -20"><span class='ocrx_word' id='word_1_402' title='bbox 260 3536 666 3607; x_wconf 74' lang='grc' dir='ltr'>θεματίζεσθαι</span> <span class='ocrx_word' id='word_1_403' title='bbox 697 3538 730 3609; x_wconf 83' lang='grc' dir='ltr'>ἢ</span> <span class='ocrx_word' id='word_1_404' title='bbox 771 3539 886 3600; x_wconf 85' lang='grc' dir='ltr'>τοῖς</span> <span class='ocrx_word' id='word_1_405' title='bbox 932 3534 1113 3590; x_wconf 79' lang='grc' dir='ltr'>αὐτῶν</span> <span class='ocrx_word' id='word_1_406' title='bbox 1138 3533 1505 3605; x_wconf 72' lang='grc' dir='ltr'>μισοχρίστοις</span> <span class='ocrx_word' id='word_1_407' title='bbox 1539 3533 1633 3585; x_wconf 77' lang='grc' dir='ltr'>καὶ</span> <span class='ocrx_word' id='word_1_408' title='bbox 1664 3532 1858 3587; x_wconf 82' lang='grc' dir='ltr'>θεστυ-</span> 
     </span>
    </p>
   </div>
   <div class='ocr_carea' id='block_1_60' title="bbox 261 3622 1856 3702">
    <p class='ocr_par' dir='ltr' id='par_1_60' title="bbox 261 3622 1856 3702">
     <span class='ocr_line' id='line_1_60' title="bbox 261 3622 1856 3702; baseline -0.002 -21"><span class='ocrx_word' id='word_1_409' title='bbox 261 3627 417 3696; x_wconf 89' lang='grc' dir='ltr'>γέσιν</span> <span class='ocrx_word' id='word_1_410' title='bbox 456 3630 604 3700; x_wconf 83' lang='grc' dir='ltr'><strong>μετά</strong></span> <span class='ocrx_word' id='word_1_411' title='bbox 649 3629 911 3702; x_wconf 78' lang='grc' dir='ltr'>λαμπρᾶς</span> <span class='ocrx_word' id='word_1_412' title='bbox 948 3628 1050 3698; x_wconf 79' lang='grc' dir='ltr'>τῆς</span> <span class='ocrx_word' id='word_1_413' title='bbox 1084 3626 1358 3697; x_wconf 80' lang='grc' dir='ltr'>εὐφημίας</span> <span class='ocrx_word' id='word_1_414' title='bbox 1400 3622 1726 3696; x_wconf 83' lang='grc' dir='ltr'>κοινωνῆσαι</span> <span class='ocrx_word' id='word_1_415' title='bbox 1762 3642 1856 3678; x_wconf 79' lang='grc' dir='ltr'>πο-</span> 
     </span>
    </p>
   </div>
   <div class='ocr_carea' id='block_1_61' title="bbox 258 3706 631 3793">
    <p class='ocr_par' dir='ltr' id='par_1_61' title="bbox 258 3706 631 3793">
     <span class='ocr_line' id='line_1_61' title="bbox 258 3706 631 3793; baseline 0.011 -20"><span class='ocrx_word' id='word_1_416' title='bbox 258 3706 631 3793; x_wconf 85' lang='grc' dir='ltr'>νηρεύμασιν.</span> 
     </span>
    </p>
   </div>
   <div class='ocr_carea' id='block_1_62' title="bbox 458 3796 1246 3867">
    <p class='ocr_par' dir='ltr' id='par_1_62' title="bbox 458 3796 1246 3867">
     <span class='ocr_line' id='line_1_62' title="bbox 458 3796 1246 3867; baseline 0.003 -2"><span class='ocrx_word' id='word_1_417' title='bbox 458 3796 461 3797; x_wconf 65' lang='grc'><strong><em>⁷</em></strong></span> <span class='ocrx_word' id='word_1_418' title='bbox 876 3814 1100 3867; x_wconf 84' lang='grc' dir='ltr'><strong>ΕΠΙΣΤ.</strong></span> <span class='ocrx_word' id='word_1_419' title='bbox 1136 3813 1246 3867; x_wconf 74' lang='lat' dir='ltr'><strong>m&#39;.</strong></span> 
     </span>
    </p>
   </div>
   <div class='ocr_carea' id='block_1_63' title="bbox 536 3902 1615 3977">
    <p class='ocr_par' dir='ltr' id='par_1_63' title="bbox 536 3902 1615 3977">
     <span class='ocr_line' id='line_1_63' title="bbox 536 3902 1615 3977; baseline -0.003 -16"><span class='ocrx_word' id='word_1_420' title='bbox 536 3906 780 3977; x_wconf 78' lang='grc' dir='ltr'><strong>Μιχαὴλ</strong></span> <span class='ocrx_word' id='word_1_421' title='bbox 802 3906 1213 3976; x_wconf 78' lang='grc' dir='ltr'>μητροπολίτῃ</span> <span class='ocrx_word' id='word_1_422' title='bbox 1242 3902 1615 3972; x_wconf 70' lang='grc' dir='ltr'>Μιτυλήνης.</span> 
     </span>
    </p>
   </div>
   <div class='ocr_carea' id='block_1_64' title="bbox 1963 3252 3547 3339">
    <p class='ocr_par' dir='ltr' id='par_1_64' title="bbox 1963 3252 3547 3339">
     <span class='ocr_line' id='line_1_64' title="bbox 1963 3252 3547 3339; baseline 0.01 -29"><span class='ocrx_word' id='word_1_423' title='bbox 1963 3267 2086 3311; x_wconf 90' lang='lat' dir='ltr'><strong>ctus</strong></span> <span class='ocrx_word' id='word_1_424' title='bbox 2130 3259 2211 3311; x_wconf 90' lang='lat' dir='ltr'><strong>vir</strong></span> <span class='ocrx_word' id='word_1_425' title='bbox 2242 3252 2388 3314; x_wconf 68' lang='lat' dir='ltr'><strong>mille</strong></span> <span class='ocrx_word' id='word_1_426' title='bbox 2422 3261 2599 3315; x_wconf 91' lang='lat' dir='ltr'><strong>modis</strong></span> <span class='ocrx_word' id='word_1_427' title='bbox 2634 3264 2920 3331; x_wconf 80' lang='lat' dir='ltr'><strong>optaverit,</strong></span> <span class='ocrx_word' id='word_1_428' title='bbox 2962 3267 3141 3334; x_wconf 89' lang='lat' dir='ltr'><strong>potius</strong></span> <span class='ocrx_word' id='word_1_429' title='bbox 3173 3268 3242 3323; x_wconf 89' lang='lat' dir='ltr'><strong>ab</strong></span> <span class='ocrx_word' id='word_1_430' title='bbox 3289 3271 3353 3323; x_wconf 92' lang='lat' dir='ltr'><strong>iis</strong></span> <span class='ocrx_word' id='word_1_431' title='bbox 3390 3273 3482 3339; x_wconf 91' lang='lat' dir='ltr'><strong>qui</strong></span> <span class='ocrx_word' id='word_1_432' title='bbox 3517 3288 3547 3327; x_wconf 91' lang='lat' dir='ltr'><strong>a</strong></span> 
     </span>
    </p>
   </div>
   <div class='ocr_carea' id='block_1_65' title="bbox 1960 3345 3547 3416">
    <p class='ocr_par' dir='ltr' id='par_1_65' title="bbox 1960 3345 3547 3416">
     <span class='ocr_line' id='line_1_65' title="bbox 1960 3345 3547 3416; baseline 0.01 -16"><span class='ocrx_word' id='word_1_433' title='bbox 1960 3345 2183 3401; x_wconf 87' lang='lat' dir='ltr'><strong>Christo</strong></span> <span class='ocrx_word' id='word_1_434' title='bbox 2224 3349 2385 3403; x_wconf 87' lang='lat' dir='ltr'><strong>alieni</strong></span> <span class='ocrx_word' id='word_1_435' title='bbox 2444 3359 2575 3403; x_wconf 89' lang='lat' dir='ltr'><strong>sunt</strong></span> <span class='ocrx_word' id='word_1_436' title='bbox 2626 3353 2972 3407; x_wconf 90' lang='lat' dir='ltr'><strong>contumeliis</strong></span> <span class='ocrx_word' id='word_1_437' title='bbox 3011 3354 3170 3416; x_wconf 78' lang='lat' dir='ltr'><strong>allici.</strong></span> <span class='ocrx_word' id='word_1_438' title='bbox 3224 3368 3277 3411; x_wconf 92' lang='lat' dir='ltr'><strong>et</strong></span> <span class='ocrx_word' id='word_1_439' title='bbox 3320 3360 3547 3416; x_wconf 85' lang='lat' dir='ltr'><strong>anathe-</strong></span> 
     </span>
    </p>
   </div>
   <div class='ocr_carea' id='block_1_66' title="bbox 1960 3437 3546 3519">
    <p class='ocr_par' dir='ltr' id='par_1_66' title="bbox 1960 3437 3546 3519">
     <span class='ocr_line' id='line_1_66' title="bbox 1960 3437 3546 3519; baseline 0.012 -30"><span class='ocrx_word' id='word_1_440' title='bbox 1960 3446 2106 3491; x_wconf 91' lang='lat' dir='ltr'><strong>mate</strong></span> <span class='ocrx_word' id='word_1_441' title='bbox 2149 3437 2320 3505; x_wconf 89' lang='lat' dir='ltr'><strong>feriri,</strong></span> <span class='ocrx_word' id='word_1_442' title='bbox 2364 3456 2525 3509; x_wconf 91' lang='lat' dir='ltr'><strong>quam</strong></span> <span class='ocrx_word' id='word_1_443' title='bbox 2571 3456 2695 3495; x_wconf 89' lang='lat' dir='ltr'><strong>cum</strong></span> <span class='ocrx_word' id='word_1_444' title='bbox 2744 3442 3036 3512; x_wconf 88' lang='lat' dir='ltr'><strong>splendore</strong></span> <span class='ocrx_word' id='word_1_445' title='bbox 3079 3456 3135 3501; x_wconf 92' lang='lat' dir='ltr'><strong>ct</strong></span> <span class='ocrx_word' id='word_1_446' title='bbox 3176 3451 3436 3519; x_wconf 87' lang='lat' dir='ltr'><strong>applausu</strong></span> <span class='ocrx_word' id='word_1_447' title='bbox 3478 3454 3546 3508; x_wconf 87' lang='lat' dir='ltr'><strong>de</strong></span> 
     </span>
    </p>
   </div>
   <div class='ocr_carea' id='block_1_67' title="bbox 1958 3528 3539 3613">
    <p class='ocr_par' dir='ltr' id='par_1_67' title="bbox 1958 3528 3539 3613">
     <span class='ocr_line' id='line_1_67' title="bbox 1958 3528 3539 3613; baseline 0.011 -30"><span class='ocrx_word' id='word_1_448' title='bbox 1958 3528 2201 3600; x_wconf 88' lang='lat' dir='ltr'><strong>ipsorum</strong></span> <span class='ocrx_word' id='word_1_449' title='bbox 2225 3532 2594 3603; x_wconf 84' lang='lat' dir='ltr'><strong>impietatibus</strong></span> <span class='ocrx_word' id='word_1_450' title='bbox 2613 3536 2956 3608; x_wconf 89' lang='lat' dir='ltr'><strong>participare,</strong></span> <span class='ocrx_word' id='word_1_451' title='bbox 2986 3541 3077 3611; x_wconf 90' lang='lat' dir='ltr'><strong>qui</strong></span> <span class='ocrx_word' id='word_1_452' title='bbox 3098 3540 3319 3598; x_wconf 89' lang='lat' dir='ltr'><strong>Christo</strong></span> <span class='ocrx_word' id='word_1_453' title='bbox 3341 3547 3539 3613; x_wconf 82' lang='lat' dir='ltr'><strong>odiosi,</strong></span> 
     </span>
    </p>
   </div>
   <div class='ocr_carea' id='block_1_68' title="bbox 1962 3622 2526 3682">
    <p class='ocr_par' dir='ltr' id='par_1_68' title="bbox 1962 3622 2526 3682">
     <span class='ocr_line' id='line_1_68' title="bbox 1962 3622 2526 3682; baseline 0.005 -5"><span class='ocrx_word' id='word_1_454' title='bbox 1962 3631 2019 3677; x_wconf 83' lang='lat' dir='ltr'><strong>et</strong></span> <span class='ocrx_word' id='word_1_455' title='bbox 2052 3622 2161 3678; x_wconf 86' lang='lat' dir='ltr'><strong>Deo</strong></span> <span class='ocrx_word' id='word_1_456' title='bbox 2192 3624 2351 3681; x_wconf 89' lang='lat' dir='ltr'><strong>invisi</strong></span> <span class='ocrx_word' id='word_1_457' title='bbox 2380 3637 2526 3682; x_wconf 88' lang='lat' dir='ltr'><strong>sunt.</strong></span> 
     </span>
    </p>
   </div>
   <div class='ocr_carea' id='block_1_69' title="bbox 2523 3830 2969 3889">
    <p class='ocr_par' dir='ltr' id='par_1_69' title="bbox 2523 3830 2969 3889">
     <span class='ocr_line' id='line_1_69' title="bbox 2523 3830 2969 3889; baseline 0.009 -4"><span class='ocrx_word' id='word_1_458' title='bbox 2523 3830 2741 3887; x_wconf 86' lang='lat' dir='ltr'><strong>EPIST.</strong></span> <span class='ocrx_word' id='word_1_459' title='bbox 2782 3834 2969 3889; x_wconf 78' lang='lat' dir='ltr'><strong>XVIII.</strong></span> 
     </span>
    </p>
   </div>
   <div class='ocr_carea' id='block_1_70' title="bbox 2278 3919 3232 3998">
    <p class='ocr_par' dir='ltr' id='par_1_70' title="bbox 2278 3919 3232 3998">
     <span class='ocr_line' id='line_1_70' title="bbox 2278 3919 3232 3998; baseline 0.013 -27"><span class='ocrx_word' id='word_1_460' title='bbox 2278 3919 2523 3977; x_wconf 66' lang='lat' dir='ltr'><strong>Illic/laeti</strong></span> <span class='ocrx_word' id='word_1_461' title='bbox 2557 3925 2831 3997; x_wconf 65' lang='lat' dir='ltr'><strong>Mitylene:</strong></span> <span class='ocrx_word' id='word_1_462' title='bbox 2870 3930 3232 3998; x_wconf 74' lang='lat' dir='ltr'><strong>metropolitw.</strong></span> 
     </span>
    </p>
   </div>
   <div class='ocr_carea' id='block_1_71' title="bbox 1502 4013 2307 4094">
    <p class='ocr_par' dir='ltr' id='par_1_71' title="bbox 1502 4013 2307 4094">
     <span class='ocr_line' id='line_1_71' title="bbox 1502 4013 2307 4094; baseline 0.022 -31"><span class='ocrx_word' id='word_1_463' title='bbox 1502 4013 1772 4065; x_wconf 78' lang='lat' dir='ltr'><strong>Montacut.</strong></span> <span class='ocrx_word' id='word_1_464' title='bbox 1809 4013 1912 4081; x_wconf 89' lang='lat' dir='ltr'><strong>(ep.</strong></span> <span class='ocrx_word' id='word_1_465' title='bbox 1946 4021 2055 4088; x_wconf 85' lang='grc'><strong>116,</strong></span> <span class='ocrx_word' id='word_1_466' title='bbox 2087 4040 2140 4089; x_wconf 91' lang='lat' dir='ltr'><strong>p.</strong></span> <span class='ocrx_word' id='word_1_467' title='bbox 2175 4028 2307 4094; x_wconf 82' lang='grc'><strong>157).</strong></span> 
     </span>
    </p>
   </div>
   <div class='ocr_carea' id='block_1_72' title="bbox 328 4120 1849 4193">
    <p class='ocr_par' dir='ltr' id='par_1_72' title="bbox 328 4120 1849 4193">
     <span class='ocr_line' id='line_1_72' title="bbox 328 4120 1849 4193; baseline 0.002 -19"><span class='ocrx_word' id='word_1_468' title='bbox 328 4121 550 4192; x_wconf 80' lang='grc' dir='ltr'>Ὠσπερ</span> <span class='ocrx_word' id='word_1_469' title='bbox 570 4121 698 4184; x_wconf 85' lang='grc' dir='ltr'>τοὺς</span> <span class='ocrx_word' id='word_1_470' title='bbox 714 4120 810 4175; x_wconf 78' lang='grc' dir='ltr'>τοῦ</span> <span class='ocrx_word' id='word_1_471' title='bbox 838 4123 1109 4176; x_wconf 82' lang='grc' dir='ltr'>Δεσπότου</span> <span class='ocrx_word' id='word_1_472' title='bbox 1136 4120 1385 4193; x_wconf 84' lang='grc' dir='ltr'>μαθητὰς</span> <span class='ocrx_word' id='word_1_473' title='bbox 1410 4120 1472 4175; x_wconf 82' lang='grc' dir='ltr'><strong>τὸ</strong></span> <span class='ocrx_word' id='word_1_474' title='bbox 1500 4123 1849 4193; x_wconf 85' lang='grc' dir='ltr'>μισόχριστον</span> 
     </span>
    </p>
   </div>
   <div class='ocr_carea' id='block_1_73' title="bbox 258 4210 1845 4283">
    <p class='ocr_par' dir='ltr' id='par_1_73' title="bbox 258 4210 1845 4283">
     <span class='ocr_line' id='line_1_73' title="bbox 258 4210 1845 4283; baseline 0.002 -21"><span class='ocrx_word' id='word_1_475' title='bbox 258 4212 367 4265; x_wconf 82' lang='grc' dir='ltr'><strong>τῶν</strong></span> <span class='ocrx_word' id='word_1_476' title='bbox 396 4212 676 4268; x_wconf 84' lang='grc' dir='ltr'>Ἰουδαίων</span> <span class='ocrx_word' id='word_1_477' title='bbox 696 4212 977 4283; x_wconf 84' lang='grc' dir='ltr'>συνέδριον.</span> <span class='ocrx_word' id='word_1_478' title='bbox 995 4210 1460 4280; x_wconf 80' lang='grc' dir='ltr'>ἀποσυναγώγους</span> <span class='ocrx_word' id='word_1_479' title='bbox 1499 4215 1845 4283; x_wconf 84' lang='grc' dir='ltr'>ποιήσαντες,</span> 
     </span>
    </p>
   </div>
   <div class='ocr_carea' id='block_1_74' title="bbox 2008 4131 3533 4214">
    <p class='ocr_par' dir='ltr' id='par_1_74' title="bbox 2008 4131 3533 4214">
     <span class='ocr_line' id='line_1_74' title="bbox 2008 4131 3533 4214; baseline 0.011 -27"><span class='ocrx_word' id='word_1_480' title='bbox 2008 4131 2477 4199; x_wconf 77' lang='lat' dir='ltr'><strong>Quemadmodum</strong></span> <span class='ocrx_word' id='word_1_481' title='bbox 2497 4142 2793 4214; x_wconf 82' lang='lat' dir='ltr'><strong>discipulos</strong></span> <span class='ocrx_word' id='word_1_482' title='bbox 2806 4146 3017 4202; x_wconf 88' lang='lat' dir='ltr'><strong>Domini</strong></span> <span class='ocrx_word' id='word_1_483' title='bbox 3036 4148 3206 4202; x_wconf 88' lang='lat' dir='ltr'><strong>nostri</strong></span> <span class='ocrx_word' id='word_1_484' title='bbox 3223 4148 3533 4205; x_wconf 70' lang='lat' dir='ltr'><strong>Judaeorum</strong></span> 
     </span>
    </p>
   </div>
   <div class='ocr_carea' id='block_1_75' title="bbox 1952 4223 3535 4312">
    <p class='ocr_par' dir='ltr' id='par_1_75' title="bbox 1952 4223 3535 4312">
     <span class='ocr_line' id='line_1_75' title="bbox 1952 4223 3535 4312; baseline 0.012 -33"><span class='ocrx_word' id='word_1_485' title='bbox 1952 4223 2378 4285; x_wconf 79' lang='lat' dir='ltr'><strong>Christiosorum</strong></span> <span class='ocrx_word' id='word_1_486' title='bbox 2399 4236 2713 4303; x_wconf 77' lang='lat' dir='ltr'><strong>synedrium</strong></span> <span class='ocrx_word' id='word_1_487' title='bbox 2733 4254 2763 4293; x_wconf 87' lang='lat' dir='ltr'><strong>e</strong></span> <span class='ocrx_word' id='word_1_488' title='bbox 2788 4242 3077 4312; x_wconf 74' lang='lat' dir='ltr'><strong>synagogis</strong></span> <span class='ocrx_word' id='word_1_489' title='bbox 3091 4242 3395 4311; x_wconf 79' lang='lat' dir='ltr'><strong>ejicientes,</strong></span> <span class='ocrx_word' id='word_1_490' title='bbox 3413 4243 3535 4298; x_wconf 90' lang='lat' dir='ltr'><strong>illos</strong></span> 
     </span>
    </p>
   </div>
   <div class='ocr_carea' id='block_1_76' title="bbox 260 4308 1855 4405">
    <p class='ocr_par' dir='ltr' id='par_1_76' title="bbox 260 4308 1845 4380">
     <span class='ocr_line' id='line_1_76' title="bbox 260 4308 1845 4380; baseline 0.003 -21"><span class='ocrx_word' id='word_1_491' title='bbox 260 4308 513 4373; x_wconf 76' lang='grc' dir='ltr'>ἐκείνους</span> <span class='ocrx_word' id='word_1_492' title='bbox 562 4308 661 4379; x_wconf 83' lang='grc' dir='ltr'>μὲν</span> <span class='ocrx_word' id='word_1_493' title='bbox 714 4310 917 4378; x_wconf 80' lang='grc' dir='ltr'>μᾶλλον</span> <span class='ocrx_word' id='word_1_494' title='bbox 945 4327 1025 4379; x_wconf 82' lang='grc' dir='ltr'>τῳ</span> <span class='ocrx_word' id='word_1_495' title='bbox 1075 4308 1393 4379; x_wconf 82' lang='grc' dir='ltr'>Διδασκάλῳ</span> <span class='ocrx_word' id='word_1_496' title='bbox 1447 4308 1543 4362; x_wconf 74' lang='grc' dir='ltr'>καὶ</span> <span class='ocrx_word' id='word_1_497' title='bbox 1597 4309 1845 4380; x_wconf 78' lang='grc' dir='ltr'>Δεσπότῃ</span> 
     </span>
    </p>
   </div>
   <div class='ocr_carea' id='block_1_77' title="bbox 1962 4308 3535 4405">
    <p class='ocr_par' dir='ltr' id='par_1_77' title="bbox 1962 4308 3535 4405">
     <span class='ocr_line' id='line_1_77' title="bbox 1962 4308 3535 4405; baseline 0.011 -33"><span class='ocrx_word' id='word_1_498' title='bbox 1962 4334 2017 4373; x_wconf 74' lang='lat' dir='ltr'><strong>eo</strong></span> <span class='ocrx_word' id='word_1_499' title='bbox 2050 4318 2193 4376; x_wconf 84' lang='lat' dir='ltr'><strong>facto</strong></span> <span class='ocrx_word' id='word_1_500' title='bbox 2216 4365 2230 4388; x_wconf 94' lang='lat'><strong>,</strong></span> <span class='ocrx_word' id='word_1_501' title='bbox 2273 4327 2447 4395; x_wconf 77' lang='lat' dir='ltr'><strong>magis</strong></span> <span class='ocrx_word' id='word_1_502' title='bbox 2486 4328 2753 4399; x_wconf 79' lang='lat' dir='ltr'><strong>magistro</strong></span> <span class='ocrx_word' id='word_1_503' title='bbox 2779 4308 2835 4385; x_wconf 80' lang='lat' dir='ltr'><strong>et</strong></span> <span class='ocrx_word' id='word_1_504' title='bbox 2870 4308 3101 4386; x_wconf 76' lang='lat' dir='ltr'><strong>Domino</strong></span> <span class='ocrx_word' id='word_1_505' title='bbox 3122 4308 3325 4389; x_wconf 84' lang='lat' dir='ltr'><strong>dedere</strong></span> <span class='ocrx_word' id='word_1_506' title='bbox 3365 4351 3535 4405; x_wconf 84' lang='lat' dir='ltr'><strong>copu-</strong></span> 
     </span>
    </p>
   </div>
   <div class='ocr_carea' id='block_1_78' title="bbox 264 4397 1851 4470">
    <p class='ocr_par' dir='ltr' id='par_1_78' title="bbox 264 4397 1851 4470">
     <span class='ocr_line' id='line_1_78' title="bbox 264 4397 1851 4470; baseline 0.006 -24"><span class='ocrx_word' id='word_1_507' title='bbox 264 4397 715 4469; x_wconf 82' lang='grc' dir='ltr'>προσῳκείωσαν,</span> <span class='ocrx_word' id='word_1_508' title='bbox 750 4398 977 4462; x_wconf 80' lang='grc' dir='ltr'>ἑαυτοὺς</span> <span class='ocrx_word' id='word_1_509' title='bbox 1005 4399 1061 4452; x_wconf 79' lang='grc' dir='ltr'>δὲ</span> <span class='ocrx_word' id='word_1_510' title='bbox 1090 4398 1272 4453; x_wconf 79' lang='grc' dir='ltr'>τέλεον</span> <span class='ocrx_word' id='word_1_511' title='bbox 1293 4399 1388 4451; x_wconf 68' lang='grc' dir='ltr'><strong>καὶ</strong></span> <span class='ocrx_word' id='word_1_512' title='bbox 1417 4398 1517 4467; x_wconf 84' lang='grc' dir='ltr'><strong>τῆς</strong></span> <span class='ocrx_word' id='word_1_513' title='bbox 1545 4398 1707 4463; x_wconf 82' lang='grc' dir='ltr'>θείας</span> <span class='ocrx_word' id='word_1_514' title='bbox 1746 4417 1851 4470; x_wconf 65' lang='grc' dir='ltr'>μυρ-</span> 
     </span>
    </p>
   </div>
   <div class='ocr_carea' id='block_1_79' title="bbox 266 4488 1846 4562">
    <p class='ocr_par' dir='ltr' id='par_1_79' title="bbox 266 4488 1846 4562">
     <span class='ocr_line' id='line_1_79' title="bbox 266 4488 1846 4562; baseline 0.006 -26"><span class='ocrx_word' id='word_1_515' title='bbox 266 4488 602 4556; x_wconf 83' lang='grc' dir='ltr'>σταγωγίας,</span> <span class='ocrx_word' id='word_1_516' title='bbox 627 4490 725 4544; x_wconf 78' lang='grc' dir='ltr'><strong>καὶ</strong></span> <span class='ocrx_word' id='word_1_517' title='bbox 750 4490 848 4561; x_wconf 81' lang='grc' dir='ltr'>τῆς</span> <span class='ocrx_word' id='word_1_518' title='bbox 872 4489 1119 4562; x_wconf 80' lang='grc' dir='ltr'>οὐρανῶν</span> <span class='ocrx_word' id='word_1_519' title='bbox 1151 4488 1432 4560; x_wconf 83' lang='grc' dir='ltr'>βασιλείας</span> <span class='ocrx_word' id='word_1_520' title='bbox 1457 4489 1846 4560; x_wconf 79' lang='grc' dir='ltr'>ὴλλοτρίωσαν.</span> 
     </span>
    </p>
   </div>
   <div class='ocr_carea' id='block_1_80' title="bbox 264 4575 1849 4651">
    <p class='ocr_par' dir='ltr' id='par_1_80' title="bbox 264 4575 1849 4651">
     <span class='ocr_line' id='line_1_80' title="bbox 264 4575 1849 4651; baseline 0.004 -24"><span class='ocrx_word' id='word_1_521' title='bbox 264 4575 420 4631; x_wconf 76' lang='grc' dir='ltr'>Οὕτω</span> <span class='ocrx_word' id='word_1_522' title='bbox 452 4580 549 4633; x_wconf 77' lang='grc' dir='ltr'><strong>καὶ</strong></span> <span class='ocrx_word' id='word_1_523' title='bbox 597 4579 693 4634; x_wconf 81' lang='grc' dir='ltr'><strong>νῦν</strong></span> <span class='ocrx_word' id='word_1_524' title='bbox 740 4584 789 4634; x_wconf 93' lang='grc' dir='ltr'><strong>οί</strong></span> <span class='ocrx_word' id='word_1_525' title='bbox 828 4581 937 4637; x_wconf 85' lang='grc' dir='ltr'><strong>τῶν</strong></span> <span class='ocrx_word' id='word_1_526' title='bbox 984 4582 1255 4641; x_wconf 86' lang='grc' dir='ltr'>Ἰουδαίων</span> <span class='ocrx_word' id='word_1_527' title='bbox 1294 4582 1552 4651; x_wconf 76' lang='grc' dir='ltr'>μιμηταὶ,</span> <span class='ocrx_word' id='word_1_528' title='bbox 1584 4583 1712 4644; x_wconf 81' lang='grc' dir='ltr'>τοὺς</span> <span class='ocrx_word' id='word_1_529' title='bbox 1742 4582 1849 4634; x_wconf 89' lang='grc' dir='ltr'><strong>τῶν</strong></span> 
     </span>
    </p>
   </div>
   <div class='ocr_carea' id='block_1_81' title="bbox 259 4668 1845 4746">
    <p class='ocr_par' dir='ltr' id='par_1_81' title="bbox 259 4668 1845 4746">
     <span class='ocr_line' id='line_1_81' title="bbox 259 4668 1845 4746; baseline 0.004 -25"><span class='ocrx_word' id='word_1_530' title='bbox 259 4668 579 4725; x_wconf 84' lang='grc' dir='ltr'>ἀποστόλων</span> <span class='ocrx_word' id='word_1_531' title='bbox 629 4673 877 4745; x_wconf 78' lang='grc' dir='ltr'>ζηλωτὰς</span> <span class='ocrx_word' id='word_1_532' title='bbox 904 4715 918 4737; x_wconf 94' lang='grc'><strong>,</strong></span> <span class='ocrx_word' id='word_1_533' title='bbox 974 4674 1437 4744; x_wconf 82' lang='grc' dir='ltr'>ἀποσυναγώγους</span> <span class='ocrx_word' id='word_1_534' title='bbox 1497 4675 1845 4746; x_wconf 80' lang='grc' dir='ltr'>ποιήσαντες,</span> 
     </span>
    </p>
   </div>
   <div class='ocr_carea' id='block_1_82' title="bbox 262 4761 1851 4833">
    <p class='ocr_par' dir='ltr' id='par_1_82' title="bbox 262 4761 1851 4833">
     <span class='ocr_line' id='line_1_82' title="bbox 262 4761 1851 4833; baseline 0.001 -15"><span class='ocrx_word' id='word_1_535' title='bbox 262 4761 409 4828; x_wconf 81' lang='grc' dir='ltr'>ἡμᾶς</span> <span class='ocrx_word' id='word_1_536' title='bbox 443 4764 543 4833; x_wconf 85' lang='grc' dir='ltr'>μὲν</span> <span class='ocrx_word' id='word_1_537' title='bbox 565 4768 678 4829; x_wconf 83' lang='grc' dir='ltr'>τοῖς</span> <span class='ocrx_word' id='word_1_538' title='bbox 707 4765 1017 4830; x_wconf 86' lang='grc' dir='ltr'>θεσπεσίοις</span> <span class='ocrx_word' id='word_1_539' title='bbox 1047 4767 1278 4831; x_wconf 75' lang='grc' dir='ltr'>ἐκείνοις</span> <span class='ocrx_word' id='word_1_540' title='bbox 1298 4767 1395 4819; x_wconf 72' lang='grc' dir='ltr'>καὶ</span> <span class='ocrx_word' id='word_1_541' title='bbox 1421 4766 1720 4831; x_wconf 80' lang='grc' dir='ltr'>αὐτόπταις</span> <span class='ocrx_word' id='word_1_542' title='bbox 1750 4767 1851 4827; x_wconf 64' lang='grc' dir='ltr'>τοῦ</span> 
     </span>
    </p>
   </div>
   <div class='ocr_carea' id='block_1_83' title="bbox 262 4852 1846 4931">
    <p class='ocr_par' dir='ltr' id='par_1_83' title="bbox 262 4852 1846 4931">
     <span class='ocr_line' id='line_1_83' title="bbox 262 4852 1846 4931; baseline 0.007 -28"><span class='ocrx_word' id='word_1_543' title='bbox 262 4852 460 4921; x_wconf 77' lang='grc' dir='ltr'>Λόγου,</span> <span class='ocrx_word' id='word_1_544' title='bbox 489 4857 733 4929; x_wconf 77' lang='grc' dir='ltr'>συνῆψάν</span> <span class='ocrx_word' id='word_1_545' title='bbox 766 4876 827 4912; x_wconf 89' lang='grc' dir='ltr'><strong>τε</strong></span> <span class='ocrx_word' id='word_1_546' title='bbox 861 4861 1064 4929; x_wconf 79' lang='grc' dir='ltr'>μᾶλλον</span> <span class='ocrx_word' id='word_1_547' title='bbox 1102 4860 1199 4913; x_wconf 77' lang='grc' dir='ltr'>καὶ</span> <span class='ocrx_word' id='word_1_548' title='bbox 1241 4861 1582 4930; x_wconf 83' lang='grc' dir='ltr'>συνήνωσαν.</span> <span class='ocrx_word' id='word_1_549' title='bbox 1639 4859 1699 4914; x_wconf 85' lang='grc' dir='ltr'>Ἡ</span> <span class='ocrx_word' id='word_1_550' title='bbox 1736 4861 1846 4931; x_wconf 81' lang='grc' dir='ltr'><strong>γάρ</strong></span> 
     </span>
    </p>
   </div>
   <div class='ocr_carea' id='block_1_84' title="bbox 265 4948 1845 5023">
    <p class='ocr_par' dir='ltr' id='par_1_84' title="bbox 265 4948 1845 5023">
     <span class='ocr_line' id='line_1_84' title="bbox 265 4948 1845 5023; baseline 0.009 -32"><span class='ocrx_word' id='word_1_551' title='bbox 265 4948 516 5001; x_wconf 86' lang='grc' dir='ltr'>κοινωνία</span> <span class='ocrx_word' id='word_1_552' title='bbox 566 4948 676 5002; x_wconf 85' lang='grc' dir='ltr'><strong>τῶν</strong></span> <span class='ocrx_word' id='word_1_553' title='bbox 706 4949 898 5003; x_wconf 88' lang='grc' dir='ltr'>παθῶν</span> <span class='ocrx_word' id='word_1_554' title='bbox 948 4950 1349 5021; x_wconf 76' lang='grc' dir='ltr'>ἀκριὸεστέραν</span> <span class='ocrx_word' id='word_1_555' title='bbox 1382 4954 1615 5005; x_wconf 85' lang='grc' dir='ltr'>ποιεῖται</span> <span class='ocrx_word' id='word_1_556' title='bbox 1640 4952 1740 5023; x_wconf 83' lang='grc' dir='ltr'>τὴν</span> <span class='ocrx_word' id='word_1_557' title='bbox 1785 4954 1845 5005; x_wconf 85' lang='grc' dir='ltr'>ὲν</span> 
     </span>
    </p>
   </div>
   <div class='ocr_carea' id='block_1_85' title="bbox 260 5028 1843 5111">
    <p class='ocr_par' dir='ltr' id='par_1_85' title="bbox 260 5028 1843 5111">
     <span class='ocr_line' id='line_1_85' title="bbox 260 5028 1843 5111; baseline 0.004 -24"><span class='ocrx_word' id='word_1_558' title='bbox 260 5028 359 5102; x_wconf 85' lang='grc' dir='ltr'>βίῳ</span> <span class='ocrx_word' id='word_1_559' title='bbox 389 5037 482 5089; x_wconf 76' lang='grc' dir='ltr'>καὶ</span> <span class='ocrx_word' id='word_1_560' title='bbox 519 5038 699 5091; x_wconf 86' lang='grc' dir='ltr'>πίστει</span> <span class='ocrx_word' id='word_1_561' title='bbox 729 5041 1046 5108; x_wconf 87' lang='grc' dir='ltr'>συνάφειαν·</span> <span class='ocrx_word' id='word_1_562' title='bbox 1084 5040 1315 5103; x_wconf 80' lang='grc' dir='ltr'>ἑαυτοὺς</span> <span class='ocrx_word' id='word_1_563' title='bbox 1330 5039 1386 5092; x_wconf 80' lang='grc' dir='ltr'>δὲ</span> <span class='ocrx_word' id='word_1_564' title='bbox 1437 5041 1532 5093; x_wconf 78' lang='grc' dir='ltr'>καὶ</span> <span class='ocrx_word' id='word_1_565' title='bbox 1559 5044 1661 5111; x_wconf 85' lang='grc' dir='ltr'><strong>τῆς</strong></span> <span class='ocrx_word' id='word_1_566' title='bbox 1694 5042 1843 5094; x_wconf 76' lang='grc' dir='ltr'>ὲκεί-</span> 
     </span>
    </p>
   </div>
   <div class='ocr_carea' id='block_1_86' title="bbox 260 5128 1839 5203">
    <p class='ocr_par' dir='ltr' id='par_1_86' title="bbox 260 5128 1839 5203">
     <span class='ocr_line' id='line_1_86' title="bbox 260 5128 1839 5203; baseline 0.003 -21"><span class='ocrx_word' id='word_1_567' title='bbox 260 5135 364 5175; x_wconf 69' lang='grc' dir='ltr'>νωτ</span> <span class='ocrx_word' id='word_1_568' title='bbox 418 5128 766 5195; x_wconf 82' lang='grc' dir='ltr'>διδασκαλίας</span> <span class='ocrx_word' id='word_1_569' title='bbox 797 5171 814 5197; x_wconf 94' lang='grc'><strong>,</strong></span> <span class='ocrx_word' id='word_1_570' title='bbox 873 5134 966 5184; x_wconf 79' lang='grc' dir='ltr'>καὶ</span> <span class='ocrx_word' id='word_1_571' title='bbox 1006 5132 1107 5203; x_wconf 83' lang='grc' dir='ltr'>τῆς</span> <span class='ocrx_word' id='word_1_572' title='bbox 1171 5132 1447 5203; x_wconf 78' lang='grc' dir='ltr'>ἡμετέρας</span> <span class='ocrx_word' id='word_1_573' title='bbox 1504 5132 1839 5203; x_wconf 78' lang='grc' dir='ltr'>ὀρθοδοξίας,</span> 
     </span>
    </p>
   </div>
   <div class='ocr_carea' id='block_1_87' title="bbox 262 5209 1841 5294">
    <p class='ocr_par' dir='ltr' id='par_1_87' title="bbox 262 5209 1841 5294">
     <span class='ocr_line' id='line_1_87' title="bbox 262 5209 1841 5294; baseline 0.01 -34"><span class='ocrx_word' id='word_1_574' title='bbox 262 5209 509 5282; x_wconf 79' lang='grc' dir='ltr'>ἐλεεινῶς</span> <span class='ocrx_word' id='word_1_575' title='bbox 536 5238 597 5274; x_wconf 87' lang='grc' dir='ltr'><strong>τε</strong></span> <span class='ocrx_word' id='word_1_576' title='bbox 628 5223 723 5276; x_wconf 77' lang='grc' dir='ltr'>καὶ</span> <span class='ocrx_word' id='word_1_577' title='bbox 753 5221 957 5287; x_wconf 83' lang='grc' dir='ltr'>ἀθλίως</span> <span class='ocrx_word' id='word_1_578' title='bbox 1016 5222 1353 5293; x_wconf 81' lang='grc' dir='ltr'>ἐναπέτεμον</span> <span class='ocrx_word' id='word_1_579' title='bbox 1377 5238 1389 5251; x_wconf 76' lang='grc'><strong>⁸</strong></span> <span class='ocrx_word' id='word_1_580' title='bbox 1445 5222 1540 5276; x_wconf 77' lang='grc' dir='ltr'>καὶ</span> <span class='ocrx_word' id='word_1_581' title='bbox 1574 5223 1672 5292; x_wconf 85' lang='grc' dir='ltr'>τῆς</span> <span class='ocrx_word' id='word_1_582' title='bbox 1702 5224 1746 5275; x_wconf 83' lang='grc' dir='ltr'><strong>Χ</strong></span> <span class='ocrx_word' id='word_1_583' title='bbox 1757 5240 1841 5294; x_wconf 86' lang='grc' dir='ltr'>ρι-</span> 
     </span>
    </p>
   </div>
   <div class='ocr_carea' id='block_1_88' title="bbox 266 5309 1839 5387">
    <p class='ocr_par' dir='ltr' id='par_1_88' title="bbox 266 5309 1839 5387">
     <span class='ocr_line' id='line_1_88' title="bbox 266 5309 1839 5387; baseline 0.01 -32"><span class='ocrx_word' id='word_1_584' title='bbox 266 5309 492 5365; x_wconf 82' lang='grc' dir='ltr'>στιανῶν</span> <span class='ocrx_word' id='word_1_585' title='bbox 516 5312 651 5377; x_wconf 83' lang='grc' dir='ltr'>ὅλως</span> <span class='ocrx_word' id='word_1_586' title='bbox 685 5314 780 5368; x_wconf 56' lang='grc' dir='ltr'><strong>καί⁸</strong></span> <span class='ocrx_word' id='word_1_587' title='bbox 808 5314 1054 5385; x_wconf 84' lang='grc' dir='ltr'>κλήσεως</span> <span class='ocrx_word' id='word_1_588' title='bbox 1079 5315 1174 5368; x_wconf 78' lang='grc' dir='ltr'><strong>καὶ</strong></span> <span class='ocrx_word' id='word_1_589' title='bbox 1197 5315 1473 5379; x_wconf 84' lang='grc' dir='ltr'>πολιτείας</span> <span class='ocrx_word' id='word_1_590' title='bbox 1498 5316 1597 5387; x_wconf 82' lang='grc' dir='ltr'><strong>τὴν</strong></span> <span class='ocrx_word' id='word_1_591' title='bbox 1630 5317 1839 5370; x_wconf 81' lang='grc' dir='ltr'>ἑαυτῶν</span> 
     </span>
    </p>
   </div>
   <div class='ocr_carea' id='block_1_89' title="bbox 267 5396 1837 5477">
    <p class='ocr_par' dir='ltr' id='par_1_89' title="bbox 267 5396 1837 5477">
     <span class='ocr_line' id='line_1_89' title="bbox 267 5396 1837 5477; baseline -0.001 -17"><span class='ocrx_word' id='word_1_592' title='bbox 267 5396 455 5464; x_wconf 80' lang='grc' dir='ltr'>μοῖραν</span> <span class='ocrx_word' id='word_1_593' title='bbox 484 5400 818 5471; x_wconf 75' lang='grc' dir='ltr'>δικάσαντες,</span> <span class='ocrx_word' id='word_1_594' title='bbox 844 5406 924 5468; x_wconf 88' lang='grc' dir='ltr'><strong>είς</strong></span> <span class='ocrx_word' id='word_1_595' title='bbox 952 5407 1051 5477; x_wconf 77' lang='grc' dir='ltr'><strong>τὴν</strong></span> <span class='ocrx_word' id='word_1_596' title='bbox 1081 5406 1190 5459; x_wconf 86' lang='grc' dir='ltr'><strong>τῶν</strong></span> <span class='ocrx_word' id='word_1_597' title='bbox 1239 5406 1528 5472; x_wconf 87' lang='grc' dir='ltr'>Ἰουδαίων,</span> <span class='ocrx_word' id='word_1_598' title='bbox 1572 5406 1665 5469; x_wconf 81' lang='grc' dir='ltr'>οὓς</span> <span class='ocrx_word' id='word_1_599' title='bbox 1693 5424 1837 5477; x_wconf 85' lang='grc' dir='ltr'>παρ-</span> 
     </span>
    </p>
   </div>
   <div class='ocr_carea' id='block_1_90' title="bbox 263 5480 1836 5568">
    <p class='ocr_par' dir='ltr' id='par_1_90' title="bbox 263 5480 1836 5568">
     <span class='ocr_line' id='line_1_90' title="bbox 263 5480 1836 5568; baseline 0.006 -29"><span class='ocrx_word' id='word_1_600' title='bbox 263 5480 557 5554; x_wconf 77' lang='grc' dir='ltr'>εζήλωσαν,</span> <span class='ocrx_word' id='word_1_601' title='bbox 582 5494 675 5544; x_wconf 76' lang='grc' dir='ltr'>καὶ</span> <span class='ocrx_word' id='word_1_602' title='bbox 704 5496 1100 5566; x_wconf 85' lang='grc' dir='ltr'>χριστομαχίαν</span> <span class='ocrx_word' id='word_1_603' title='bbox 1130 5497 1225 5551; x_wconf 76' lang='grc' dir='ltr'>καὶ</span> <span class='ocrx_word' id='word_1_604' title='bbox 1249 5496 1568 5567; x_wconf 86' lang='grc' dir='ltr'>μιαιφονίαν</span> <span class='ocrx_word' id='word_1_605' title='bbox 1597 5497 1836 5568; x_wconf 71' lang='grc' dir='ltr'>φερόμε-</span> 
     </span>
    </p>
   </div>
   <div class='ocr_carea' id='block_1_91' title="bbox 164 5578 804 5641">
    <p class='ocr_par' dir='ltr' id='par_1_91' title="bbox 164 5578 804 5641">
     <span class='ocr_line' id='line_1_91' title="bbox 164 5578 804 5641; baseline 0.03 -21"><span class='ocrx_word' id='word_1_606' title='bbox 164 5614 167 5621; x_wconf 90' lang='grc'>.</span> <span class='ocrx_word' id='word_1_607' title='bbox 271 5586 338 5625; x_wconf 67' lang='grc' dir='ltr'>θοι</span> <span class='ocrx_word' id='word_1_608' title='bbox 362 5578 804 5641; x_wconf 81' lang='grc' dir='ltr'>ὲκπεπτώκασιν.</span> 
     </span>
    </p>
   </div>
   <div class='ocr_carea' id='block_1_92' title="bbox 1953 4408 3533 4497">
    <p class='ocr_par' dir='ltr' id='par_1_92' title="bbox 1953 4408 3533 4497">
     <span class='ocr_line' id='line_1_92' title="bbox 1953 4408 3533 4497; baseline 0.013 -36"><span class='ocrx_word' id='word_1_609' title='bbox 1953 4408 2115 4476; x_wconf 87' lang='lat' dir='ltr'><strong>latos,</strong></span> <span class='ocrx_word' id='word_1_610' title='bbox 2156 4421 2215 4467; x_wconf 90' lang='lat' dir='ltr'><strong>at</strong></span> <span class='ocrx_word' id='word_1_611' title='bbox 2246 4416 2465 4486; x_wconf 83' lang='lat' dir='ltr'><strong>seipsos</strong></span> <span class='ocrx_word' id='word_1_612' title='bbox 2517 4421 2741 4489; x_wconf 76' lang='lat' dir='ltr'><strong>penitus</strong></span> <span class='ocrx_word' id='word_1_613' title='bbox 2783 4437 2821 4475; x_wconf 90' lang='lat' dir='ltr'><strong>a</strong></span> <span class='ocrx_word' id='word_1_614' title='bbox 2852 4423 3061 4477; x_wconf 71' lang='lat' dir='ltr'><strong>caelesti</strong></span> <span class='ocrx_word' id='word_1_615' title='bbox 3102 4427 3431 4497; x_wconf 74' lang='lat' dir='ltr'><strong>mystagogia</strong></span> <span class='ocrx_word' id='word_1_616' title='bbox 3476 4436 3533 4482; x_wconf 86' lang='lat' dir='ltr'><strong>et</strong></span> 
     </span>
    </p>
   </div>
   <div class='ocr_carea' id='block_1_93' title="bbox 1952 4507 3529 4574">
    <p class='ocr_par' dir='ltr' id='par_1_93' title="bbox 1952 4507 3529 4574">
     <span class='ocr_line' id='line_1_93' title="bbox 1952 4507 3529 4574; baseline 0.013 -20"><span class='ocrx_word' id='word_1_617' title='bbox 1952 4517 2119 4572; x_wconf 81' lang='lat' dir='ltr'><strong>regno</strong></span> <span class='ocrx_word' id='word_1_618' title='bbox 2171 4507 2436 4564; x_wconf 60' lang='lat' dir='ltr'><strong>caelorum</strong></span> <span class='ocrx_word' id='word_1_619' title='bbox 2501 4512 2712 4568; x_wconf 90' lang='lat' dir='ltr'><strong>alienos</strong></span> <span class='ocrx_word' id='word_1_620' title='bbox 2780 4516 3087 4571; x_wconf 86' lang='lat' dir='ltr'><strong>reddidere.</strong></span> <span class='ocrx_word' id='word_1_621' title='bbox 3140 4518 3221 4572; x_wconf 85' lang='lat' dir='ltr'><strong>Ad</strong></span> <span class='ocrx_word' id='word_1_622' title='bbox 3272 4520 3529 4574; x_wconf 86' lang='lat' dir='ltr'><strong>eumdem</strong></span> 
     </span>
    </p>
   </div>
   <div class='ocr_carea' id='block_1_94' title="bbox 1949 4594 3527 4676">
    <p class='ocr_par' dir='ltr' id='par_1_94' title="bbox 1949 4594 3527 4676">
     <span class='ocr_line' id='line_1_94' title="bbox 1949 4594 3527 4676; baseline 0.011 -31"><span class='ocrx_word' id='word_1_623' title='bbox 1949 4594 2170 4649; x_wconf 92' lang='lat' dir='ltr'><strong>modum</strong></span> <span class='ocrx_word' id='word_1_624' title='bbox 2205 4606 2260 4651; x_wconf 92' lang='lat' dir='ltr'><strong>et</strong></span> <span class='ocrx_word' id='word_1_625' title='bbox 2287 4615 2437 4654; x_wconf 89' lang='lat' dir='ltr'><strong>nunc</strong></span> <span class='ocrx_word' id='word_1_626' title='bbox 2462 4600 2773 4657; x_wconf 54' lang='lat' dir='ltr'><strong>Iudaeorum</strong></span> <span class='ocrx_word' id='word_1_627' title='bbox 2811 4605 3113 4660; x_wconf 87' lang='lat' dir='ltr'><strong>imitatores</strong></span> <span class='ocrx_word' id='word_1_628' title='bbox 3157 4607 3527 4676; x_wconf 88' lang='lat' dir='ltr'><strong>apostolorum</strong></span> 
     </span>
    </p>
   </div>
   <div class='ocr_carea' id='block_1_95' title="bbox 1948 4683 3529 4779">
    <p class='ocr_par' dir='ltr' id='par_1_95' title="bbox 1948 4683 3529 4779">
     <span class='ocr_line' id='line_1_95' title="bbox 1948 4683 3529 4779; baseline 0.011 -43"><span class='ocrx_word' id='word_1_629' title='bbox 1948 4683 2153 4739; x_wconf 87' lang='lat' dir='ltr'><strong>zelotas</strong></span> <span class='ocrx_word' id='word_1_630' title='bbox 2184 4702 2287 4743; x_wconf 91' lang='lat' dir='ltr'><strong>nos</strong></span> <span class='ocrx_word' id='word_1_631' title='bbox 2328 4704 2359 4744; x_wconf 93' lang='lat' dir='ltr'><strong>e</strong></span> <span class='ocrx_word' id='word_1_632' title='bbox 2388 4693 2684 4779; x_wconf 78' lang='lat' dir='ltr'><strong>synagogis</strong></span> <span class='ocrx_word' id='word_1_633' title='bbox 2700 4695 3006 4765; x_wconf 84' lang='lat' dir='ltr'><strong>ejicientes,</strong></span> <span class='ocrx_word' id='word_1_634' title='bbox 3043 4711 3109 4751; x_wconf 92' lang='lat' dir='ltr'><strong>eo</strong></span> <span class='ocrx_word' id='word_1_635' title='bbox 3146 4696 3291 4752; x_wconf 81' lang='lat' dir='ltr'><strong>facto</strong></span> <span class='ocrx_word' id='word_1_636' title='bbox 3328 4698 3529 4753; x_wconf 90' lang='lat' dir='ltr'><strong>divinis</strong></span> 
     </span>
    </p>
   </div>
   <div class='ocr_carea' id='block_1_96' title="bbox 1948 4774 3529 4861">
    <p class='ocr_par' dir='ltr' id='par_1_96' title="bbox 1948 4774 3529 4861">
     <span class='ocr_line' id='line_1_96' title="bbox 1948 4774 3529 4861; baseline 0.011 -33"><span class='ocrx_word' id='word_1_637' title='bbox 1948 4774 2073 4841; x_wconf 85' lang='lat' dir='ltr'><strong>illis,</strong></span> <span class='ocrx_word' id='word_1_638' title='bbox 2126 4788 2183 4835; x_wconf 83' lang='lat' dir='ltr'><strong>et</strong></span> <span class='ocrx_word' id='word_1_639' title='bbox 2238 4779 2402 4837; x_wconf 84' lang='lat' dir='ltr'><strong>Verbi</strong></span> <span class='ocrx_word' id='word_1_640' title='bbox 2444 4774 2713 4841; x_wconf 75' lang='lat' dir='ltr'><strong>incarnati</strong></span> <span class='ocrx_word' id='word_1_641' title='bbox 2758 4789 3158 4858; x_wconf 86' lang='lat' dir='ltr'><strong>spectatoribus</strong></span> <span class='ocrx_word' id='word_1_642' title='bbox 3199 4806 3299 4845; x_wconf 91' lang='lat' dir='ltr'><strong>nos</strong></span> <span class='ocrx_word' id='word_1_643' title='bbox 3356 4791 3529 4861; x_wconf 78' lang='lat' dir='ltr'><strong>magis</strong></span> 
     </span>
    </p>
   </div>
   <div class='ocr_carea' id='block_1_97' title="bbox 1946 4868 3525 4951">
    <p class='ocr_par' dir='ltr' id='par_1_97' title="bbox 1946 4868 3525 4951">
     <span class='ocr_line' id='line_1_97' title="bbox 1946 4868 3525 4951; baseline 0.011 -33"><span class='ocrx_word' id='word_1_644' title='bbox 1946 4868 2270 4937; x_wconf 86' lang='lat' dir='ltr'><strong>conjunctos</strong></span> <span class='ocrx_word' id='word_1_645' title='bbox 2320 4873 2681 4943; x_wconf 77' lang='lat' dir='ltr'><strong>adunierunt;</strong></span> <span class='ocrx_word' id='word_1_646' title='bbox 2727 4878 2995 4949; x_wconf 90' lang='lat' dir='ltr'><strong>siquidem</strong></span> <span class='ocrx_word' id='word_1_647' title='bbox 3040 4896 3357 4936; x_wconf 89' lang='lat' dir='ltr'><strong>communes</strong></span> <span class='ocrx_word' id='word_1_648' title='bbox 3399 4896 3525 4951; x_wconf 90' lang='lat' dir='ltr'><strong>pas-</strong></span> 
     </span>
    </p>
   </div>
   <div class='ocr_carea' id='block_1_98' title="bbox 1944 4956 3523 5043">
    <p class='ocr_par' dir='ltr' id='par_1_98' title="bbox 1944 4956 3523 5043">
     <span class='ocr_line' id='line_1_98' title="bbox 1944 4956 3523 5043; baseline 0.01 -31"><span class='ocrx_word' id='word_1_649' title='bbox 1944 4956 2150 5025; x_wconf 87' lang='lat' dir='ltr'><strong>siones,</strong></span> <span class='ocrx_word' id='word_1_650' title='bbox 2203 4965 2608 5023; x_wconf 82' lang='lat' dir='ltr'><strong>exactissimam</strong></span> <span class='ocrx_word' id='word_1_651' title='bbox 2648 4969 2772 5026; x_wconf 65' lang='lat' dir='ltr'><strong>vita:</strong></span> <span class='ocrx_word' id='word_1_652' title='bbox 2818 4980 2874 5026; x_wconf 89' lang='lat' dir='ltr'><strong>et</strong></span> <span class='ocrx_word' id='word_1_653' title='bbox 2914 4971 3038 5028; x_wconf 83' lang='lat' dir='ltr'><strong>ﬁdei</strong></span> <span class='ocrx_word' id='word_1_654' title='bbox 3077 4973 3523 5043; x_wconf 75' lang='lat' dir='ltr'><strong>coniunctionem</strong></span> 
     </span>
    </p>
   </div>
   <div class='ocr_carea' id='block_1_99' title="bbox 1944 5061 3524 5133">
    <p class='ocr_par' dir='ltr' id='par_1_99' title="bbox 1944 5061 3524 5133">
     <span class='ocr_line' id='line_1_99' title="bbox 1944 5061 3524 5133; baseline 0.011 -32"><span class='ocrx_word' id='word_1_655' title='bbox 1944 5062 2278 5120; x_wconf 81' lang='lat' dir='ltr'><strong>aperantur;</strong></span> <span class='ocrx_word' id='word_1_656' title='bbox 2318 5065 2493 5112; x_wconf 91' lang='lat' dir='ltr'><strong>semet</strong></span> <span class='ocrx_word' id='word_1_657' title='bbox 2523 5068 2704 5115; x_wconf 89' lang='lat' dir='ltr'><strong>autem</strong></span> <span class='ocrx_word' id='word_1_658' title='bbox 2747 5061 2898 5133; x_wconf 90' lang='lat' dir='ltr'><strong>ipsos</strong></span> <span class='ocrx_word' id='word_1_659' title='bbox 2931 5062 3000 5118; x_wconf 92' lang='lat' dir='ltr'><strong>ab</strong></span> <span class='ocrx_word' id='word_1_660' title='bbox 3031 5078 3223 5117; x_wconf 91' lang='lat' dir='ltr'><strong>eorum</strong></span> <span class='ocrx_word' id='word_1_661' title='bbox 3252 5063 3524 5132; x_wconf 89' lang='lat' dir='ltr'><strong>doctrina,</strong></span> 
     </span>
    </p>
   </div>
   <div class='ocr_carea' id='block_1_100' title="bbox 1942 5143 3522 5217">
    <p class='ocr_par' dir='ltr' id='par_1_100' title="bbox 1942 5143 3522 5217">
     <span class='ocr_line' id='line_1_100' title="bbox 1942 5143 3522 5217; baseline 0.013 -25"><span class='ocrx_word' id='word_1_662' title='bbox 1942 5150 1999 5193; x_wconf 90' lang='lat' dir='ltr'><strong>et</strong></span> <span class='ocrx_word' id='word_1_663' title='bbox 2036 5143 2337 5201; x_wconf 79' lang='lat' dir='ltr'><strong>orthodoxa</strong></span> <span class='ocrx_word' id='word_1_664' title='bbox 2372 5156 2561 5205; x_wconf 89' lang='lat' dir='ltr'><strong>nostra</strong></span> <span class='ocrx_word' id='word_1_665' title='bbox 2594 5152 2718 5217; x_wconf 86' lang='lat' dir='ltr'><strong>fide,</strong></span> <span class='ocrx_word' id='word_1_666' title='bbox 2751 5154 3011 5210; x_wconf 88' lang='lat' dir='ltr'><strong>miserum</strong></span> <span class='ocrx_word' id='word_1_667' title='bbox 3044 5165 3100 5213; x_wconf 87' lang='lat' dir='ltr'><strong>et</strong></span> <span class='ocrx_word' id='word_1_668' title='bbox 3148 5156 3522 5212; x_wconf 87' lang='lat' dir='ltr'><strong>miserandum</strong></span> 
     </span>
    </p>
   </div>
   <div class='ocr_carea' id='block_1_101' title="bbox 1941 5227 3521 5315">
    <p class='ocr_par' dir='ltr' id='par_1_101' title="bbox 1941 5227 3521 5315">
     <span class='ocr_line' id='line_1_101' title="bbox 1941 5227 3521 5315; baseline 0.011 -33"><span class='ocrx_word' id='word_1_669' title='bbox 1941 5227 1996 5282; x_wconf 89' lang='lat' dir='ltr'><strong>in</strong></span> <span class='ocrx_word' id='word_1_670' title='bbox 2041 5232 2262 5288; x_wconf 91' lang='lat' dir='ltr'><strong>modum</strong></span> <span class='ocrx_word' id='word_1_671' title='bbox 2291 5237 2670 5307; x_wconf 87' lang='lat' dir='ltr'><strong>absciderunt;</strong></span> <span class='ocrx_word' id='word_1_672' title='bbox 2710 5251 2767 5296; x_wconf 89' lang='lat' dir='ltr'><strong>et</strong></span> <span class='ocrx_word' id='word_1_673' title='bbox 2808 5258 2931 5297; x_wconf 88' lang='lat' dir='ltr'><strong>cum</strong></span> <span class='ocrx_word' id='word_1_674' title='bbox 2971 5244 3204 5315; x_wconf 85' lang='lat' dir='ltr'><strong>separati</strong></span> <span class='ocrx_word' id='word_1_675' title='bbox 3239 5256 3366 5300; x_wconf 91' lang='lat' dir='ltr'><strong>sunt</strong></span> <span class='ocrx_word' id='word_1_676' title='bbox 3399 5261 3521 5300; x_wconf 88' lang='lat' dir='ltr'><strong>om-</strong></span> 
     </span>
    </p>
   </div>
   <div class='ocr_carea' id='block_1_102' title="bbox 1939 5316 3623 5403">
    <p class='ocr_par' dir='ltr' id='par_1_102' title="bbox 1939 5316 3623 5403">
     <span class='ocr_line' id='line_1_102' title="bbox 1939 5316 3623 5403; baseline 0.012 -34"><span class='ocrx_word' id='word_1_677' title='bbox 1939 5316 2073 5373; x_wconf 89' lang='lat' dir='ltr'><strong>nino</strong></span> <span class='ocrx_word' id='word_1_678' title='bbox 2100 5334 2133 5373; x_wconf 91' lang='lat' dir='ltr'><strong>a</strong></span> <span class='ocrx_word' id='word_1_679' title='bbox 2170 5321 2608 5382; x_wconf 81' lang='lat' dir='ltr'><strong>Christianorum</strong></span> <span class='ocrx_word' id='word_1_680' title='bbox 2646 5329 2872 5386; x_wconf 90' lang='lat' dir='ltr'><strong>nomine</strong></span> <span class='ocrx_word' id='word_1_681' title='bbox 2902 5343 2959 5386; x_wconf 89' lang='lat' dir='ltr'><strong>et</strong></span> <span class='ocrx_word' id='word_1_682' title='bbox 2986 5332 3172 5402; x_wconf 86' lang='lat' dir='ltr'><strong>politia</strong></span> <span class='ocrx_word' id='word_1_683' title='bbox 3192 5374 3209 5403; x_wconf 84' lang='grc'><strong>,</strong></span> <span class='ocrx_word' id='word_1_684' title='bbox 3241 5333 3522 5389; x_wconf 75' lang='lat' dir='ltr'><strong>inJuda-o-</strong></span> <span class='ocrx_word' id='word_1_685' title='bbox 3608 5360 3623 5371; x_wconf 87' lang='lat'><strong>-</strong></span> 
     </span>
    </p>
   </div>
   <div class='ocr_carea' id='block_1_103' title="bbox 1939 5414 3518 5494">
    <p class='ocr_par' dir='ltr' id='par_1_103' title="bbox 1939 5414 3518 5494">
     <span class='ocr_line' id='line_1_103' title="bbox 1939 5414 3518 5494; baseline 0.014 -35"><span class='ocrx_word' id='word_1_686' title='bbox 1939 5421 2061 5461; x_wconf 87' lang='lat' dir='ltr'><strong>rum</strong></span> <span class='ocrx_word' id='word_1_687' title='bbox 2122 5426 2260 5479; x_wconf 85' lang='lat' dir='ltr'><strong>quos</strong></span> <span class='ocrx_word' id='word_1_688' title='bbox 2317 5414 2433 5471; x_wconf 82' lang='lat' dir='ltr'><strong>zelo</strong></span> <span class='ocrx_word' id='word_1_689' title='bbox 2493 5417 2816 5486; x_wconf 90' lang='lat' dir='ltr'><strong>imitantur,</strong></span> <span class='ocrx_word' id='word_1_690' title='bbox 2875 5424 3270 5494; x_wconf 87' lang='lat' dir='ltr'><strong>oppositionem</strong></span> <span class='ocrx_word' id='word_1_691' title='bbox 3326 5434 3518 5483; x_wconf 85' lang='lat' dir='ltr'><strong>contra</strong></span> 
     </span>
    </p>
   </div>
   <div class='ocr_carea' id='block_1_104' title="bbox 1936 5497 3516 5644">
    <p class='ocr_par' dir='ltr' id='par_1_104' title="bbox 1936 5497 3516 5644">
     <span class='ocr_line' id='line_1_104' title="bbox 1936 5497 3516 5644; baseline 0.015 -94"><span class='ocrx_word' id='word_1_692' title='bbox 1936 5497 2239 5644; x_wconf 53' lang='lat' dir='ltr'><strong>ﬁbristum,</strong></span> <span class='ocrx_word' id='word_1_693' title='bbox 2291 5517 2346 5561; x_wconf 90' lang='lat' dir='ltr'><strong>et</strong></span> <span class='ocrx_word' id='word_1_694' title='bbox 2395 5508 2675 5567; x_wconf 88' lang='lat' dir='ltr'><strong>homicidii</strong></span> <span class='ocrx_word' id='word_1_695' title='bbox 2720 5513 3077 5584; x_wconf 88' lang='lat' dir='ltr'><strong>pollutionem</strong></span> <span class='ocrx_word' id='word_1_696' title='bbox 3112 5516 3321 5588; x_wconf 88' lang='lat' dir='ltr'><strong>abrepti</strong></span> <span class='ocrx_word' id='word_1_697' title='bbox 3369 5518 3516 5572; x_wconf 78' lang='lat' dir='ltr'><strong>exci-</strong></span> 
     </span>
     <span class='ocr_line' id='line_1_105' title="bbox 1973 5602 2151 5644; baseline 0 0"><span class='ocrx_word' id='word_1_698' title='bbox 1973 5602 2151 5644; x_wconf 82' lang='lat' dir='ltr'><strong>erunt-</strong></span> 
     </span>
    </p>
   </div>
   <div class='ocr_carea' id='block_1_105' title="bbox 1973 5602 2151 5649">
    <p class='ocr_par' dir='ltr' id='par_1_105' title="bbox 1973 5602 2151 5649">
     <span class='ocr_line' id='line_1_106' title="bbox 1973 5602 2151 5649; baseline 0.028 -5"><span class='ocrx_word' id='word_1_699' title='bbox 1973 5602 2151 5649; x_wconf 84' lang='lat' dir='ltr'><strong>erunt.</strong></span> 
     </span>
    </p>
   </div>
   <div class='ocr_carea' id='block_1_106' title="bbox 1626 5855 2097 5874">
    <p class='ocr_par' dir='ltr' id='par_1_106' title="bbox 1626 5855 2097 5874">
     <span class='ocr_line' id='line_1_107' title="bbox 1626 5855 2097 5874; baseline 0 -5"><span class='ocrx_word' id='word_1_700' title='bbox 1626 5855 2097 5874; x_wconf 47' lang='grc' dir='ltr'><strong>ρ--α-ροσ-ῄ</strong></span> 
     </span>
    </p>
   </div>
  </div>
