3930 6440
331 375 438 439 835
1473 363 1737 427 PI-IOTII
1776 360 2278 424 PATRIARCHzE
2315 359 2421 418 ΟΡ.
3498 346 3605 411 836

924 480 1144 538 EPIST.
1167 479 1312 534 XIX.
1946 477 1999 535 Α

1946 477 1999 535 Α
2636 470 2861 526 ΕΠΙΣΤ.
2894 470 2991 523 ΙΘ’.

661 577 1006 635 Eusclwmom'
1041 585 1092 631 et
1123 572 1344 643 Georgio
1378 581 1599 638 metrop.
2173 571 2213 623 Ε

2173 564 2531 638 [εὐσχήμονι
2560 565 2657 620 καὶ
2681 564 2954 634 Γεωρτιῳ
2980 558 3468 633 μητροπολίτας.

1564 685 1832 734 Montacut.
1870 681 1974 746 (ep.
2007 683 2120 746 126,
2150 697 2199 746 p.
2233 683 2367 747 166).

410 801 530 857 Non
572 799 890 870 despondeo
917 797 1164 854 animum
1183 837 1200 863 ,
1225 795 1353 851 dum
1387 794 1603 850 intueor
1631 801 1927 864 tempesta-

2099 796 2212 850 Οὐκ
2235 793 2451 865 ἀθυμῶ,
2484 793 2584 866 τὴν
2620 792 2868 864 χειμῶνα
2904 791 3013 844 τῶν
3050 789 3239 846 κακῶν
3267 789 3363 843 καὶ
3384 787 3486 858 τῆς
3513 805 3610 840 τυ-

337 903 506 950 tatem
533 893 798 948 malorum
818 933 834 958 ,
880 900 936 947 et
963 888 1261 962 tyrannidis
1302 885 1707 951 intensionem;
1761 885 1888 940 audi

2057 889 2274 952 ναννίδος
2313 888 2718 956 ἐπιτεινόμενον
2749 885 2984 956 βλέπων.
3015 886 3152 948 Ταῖς
3199 883 3308 955 γὰρ
3352 883 3433 946 είς
3473 881 3609 935 Θεὸν

338 985 488 1040 enim
536 999 634 1038 vos
674 997 772 1053 per
815 981 976 1036 ﬁdem
1029 979 1084 1034 in
1139 979 1250 1034 Deo
1301 987 1529 1043 certam,
1574 985 1630 1031 et
1668 975 1890 1047 pietater

2060 978 2230 1044 λπίσι,
2284 979 2382 1031 καὶ
2410 981 2476 1049 τῇ
2533 978 2786 1048 εὐσεϐείᾳ
2841 975 3132 1039 ἀνθοῦντας
3163 975 3310 1045 ὑμᾶς
3343 975 3434 1026 καὶ
3466 974 3612 1043 ἐαρί-

340 1075 747 1131 eﬁlorescentes
784 1081 842 1127 et
872 1080 1164 1126 vernantes
1200 1088 1213 1123 :
1247 1069 1358 1123 imo
1388 1068 1574 1123 lzetitia
1620 1067 1828 1123 afﬁcior
1855 1081 1892 1121 ei

2059 1088 2222 1134 οντας
2250 1070 2468 1124 ἀκούω⁹
2504 1070 2707 1140 μᾶλλον
2735 1068 2793 1122 δὲ
2827 1068 2923 1123 καὶ
2943 1069 3142 1140 χαίρω,
3173 1068 3255 1122 ὅτι
3287 1068 3381 1121 καὶ
3411 1067 3611 1139 ὡραιοο

341 1168 489 1240 quod
519 1167 732 1220 illorum
755 1179 969 1220 summa
1000 1161 1363 1232 impudentia,
1384 1161 1476 1232 qui
1503 1162 1744 1216 dedecus
1775 1160 1893 1215 vobi

2059 1162 2218 1234 ἐρους
2273 1165 2370 1216 καὶ
2427 1161 2834 1232 δοκιμωτέρους
2883 1162 2916 1232 ἠ
2969 1161 3077 1214 τῶν
3103 1158 3466 1230 καταισχῦναι
3515 1158 3611 1212 καὶ

341 1269 400 1316 et
435 1257 825 1330 turpitudinem
845 1255 1101 1309 volebant
1138 1254 1409 1313 aﬁ‘ricare.
1432 1268 1530 1308 vos
1559 1261 1615 1308 et
1654 1251 1893 1323 pulchric

2059 1255 2412 1327 ampovﬁcat
2457 1253 2865 1308 σπουδασόντων
2888 1253 3032 1323 ὑμᾶς
3078 1252 3281 1317 ἔδειξεν
3316 1253 3611 1321 ἀναισχυν-

343 1367 432 1408 res
462 1350 714 1413 reddidit,
743 1359 798 1404 et
838 1347 1194 1418 probatiores.
1231 1345 1338 1400 Sed
1361 1386 1377 1412 ,
1405 1361 1439 1398 ο
1471 1360 1568 1401 vos
1600 1343 1782 1409 amici,
1809 1343 1895 1398 ﬁlii

2059 1349 2135 1403 ία.
2183 1347 2343 1412 Ἀλλ’,
2373 1340 2420 1400 ὧ
2457 1346 2602 1416 φίλοι
2634 1347 2729 1400 καὶ
2753 1348 2922 1399 τέκνα
2956 1345 3050 1398 καὶ
3076 1344 3316 1412 ἀδελφοὶ,
3345 1343 3441 1396 καὶ
3478 1341 3532 1395 εί
3557 1359 3611 1393 τι

345 1444 563 1506 fratres,
599 1450 656 1497 et
685 1441 731 1496 si
771 1439 900 1510 quid
939 1454 1139 1494 nomen
1178 1438 1324 1493 ﬁliali
1368 1453 1554 1494 amore
1597 1447 1654 1493 et
1691 1437 1897 1494 natura]

2059 1441 2264 1514 τοργῆς
2303 1440 2397 1494 καὶ
2437 1439 2675 1510 σχέσεως
2706 1437 2946 1508 φυσικῆς
2990 1437 3355 1506 οἰκειότερον,
3387 1435 3490 1494 ἕως
3519 1436 3611 1487 τέ-

345 1533 633 1590 affectione
666 1530 839 1600 magis
870 1529 1135 1584 familiare
1160 1529 1253 1593 sit,
1296 1544 1466 1600 usque
1497 1530 1565 1585 ad
1596 1529 1758 1585 ﬁnem
1791 1546 1894 1585 con

2063 1551 2155 1596 ους
2182 1531 2302 1601 Θεῷ
2319 1531 2419 1602 τὴν
2451 1530 2624 1602 αὐτὴν
2676 1527 3100 1598 εὐγνωμοσύνην
3148 1526 3244 1581 καὶ
3275 1525 3337 1579 τὸ
3390 1524 3611 1595 φίλτρον

345 1635 677 1680 summatum
724 1623 780 1676 in
828 1619 996 1675 Deum
1050 1620 1199 1675 hunc
1253 1621 1497 1676 animum
1551 1629 1608 1676 et
1665 1622 1897 1676 affecturi

2061 1624 2386 1694 ιασώσωμεν
2411 1638 2426 1653 ο
2450 1623 2543 1675 καὶ
2570 1622 2709 1692 ὅπερ
2751 1619 2869 1674 Ἰὼϐ
2895 1622 2923 1672 ό
2960 1621 3204 1688 γενναῖος
3235 1618 3334 1689 τὴν
3363 1618 3613 1687 καθηγη-

345 1730 738 1773 conservemus
784 1730 798 1770 :
845 1720 902 1768 et
932 1712 1394 1783 quemadmodum
1432 1711 1606 1767 Jobus
1639 1713 1730 1767 ille
1757 1729 1894 1784 gene

2063 1714 2130 1785 ὴν
2157 1714 2339 1768 αὐτῶν
2377 1713 2688 1768 πεπονθότα
2715 1722 2760 1777 ι’,
2815 1711 2905 1767 διὰ
2932 1715 3030 1783 τῆς
3067 1711 3376 1782 θαυμασίας
3397 1709 3613 1778 ἐκείνης

347 1821 502 1861 rosus
529 1843 544 1870 ,
593 1805 835 1875 ipsorum
871 1802 1067 1857 ducem
1112 1802 1418 1866 diabolum,
1443 1817 1559 1873 :per
1600 1805 1899 1874 stupendan

2069 1808 2310 1878 πομονῆς
2377 1806 2469 1860 καὶ
2531 1805 2784 1877 ἀνδρείας
2852 1805 3257 1876 ἐθριάμϐευσε·
3306 1803 3464 1856 τοῦτο
3521 1803 3615 1856 καὶ

304 1941 308 1947 .
349 1894 495 1950 illam
547 1893 864 1966 patientiam
895 1901 950 1948 et
979 1892 1354 1948 fortitudinem
1403 1895 1681 1965 triumpho
1735 1895 1856 1949 duxi

2061 1900 2330 1971 μεῖς.καὶ
2355 1899 2482 1962 λαὸς
2535 1900 2688 1968 ἆγιος
2748 1898 2842 1953 τοῦ
2881 1898 3143 1971 Χριστοῦ,
3197 1896 3292 1951 καὶ
3343 1896 3613 1968 βασίλειον

348 1985 422 2042 ita
459 2001 553 2042 vos
604 1995 664 2041 ut
709 1984 910 2042 Christi
953 1985 1188 2056 populus
1226 1986 1316 2040 ille
1360 1995 1604 2049 sanctus,
1646 1986 1895 2056 regalequ

2059 1994 2360 2067 εράτευμα,
2396 1993 2586 2064 ὥσπερ
2628 1993 2792 2064 μέχρι
2836 1992 2952 2058 νῦν,
2975 1991 3118 2045 οὕτω
3151 1991 3246 2045 καὶ
3297 1989 3611 2052 διαπαντὸς,

349 2078 735 2143 sacerdotium,
774 2086 833 2132 ut
863 2086 917 2132 et
947 2077 1096 2139 olim,
1130 2078 1204 2130 ita
1231 2077 1530 2132 etiamnum
1558 2078 1756 2133 istosce
1785 2077 1898 2132 illiu

2060 2087 2284 2140 τουτουσὶ
2307 2087 2433 2150 τοὺς
2462 2087 2674 2139 ἐκείνου
2701 2085 2958 2155 γνησίους
2993 2086 3084 2138 καὶ
3131 2083 3464 2154 κορυφαίους
3507 2100 3612 2154 μα-

348 2183 637 2239 germanos
688 2169 1054 2240 primipilares
1109 2168 1426 2239 discipulos,
1485 2185 1611 2224 cum
1668 2170 1825 2226 lessis
1876 2185 1900 2224 ε

2057 2178 2225 2250 ῠητάς,
2258 2177 2617 2249 ὀδυρομένους
2641 2179 2736 2230 καὶ
2775 2175 3192 2248 ἀμηχανοῦντας
3246 2174 3609 2245 ἐπιδείξομεν.

349 2260 624 2322 lamentis,
677 2275 780 2315 nec
829 2276 939 2330 quo
979 2275 1040 2316 se
1089 2261 1378 2316 conferant
1413 2263 1670 2328 scientes,
1712 2262 1901 2332 public

2064 2270 2148 2322 Lat
2181 2269 2310 2340 γάρ,
2339 2269 2413 2332 ὡς
2440 2269 2537 2322 καὶ
2566 2269 2724 2340 ὑμεῖς
2745 2268 3170 2332 συνεπίστασθε,
3205 2267 3315 2323 τῶν
3346 2271 3427 2331 είς
3462 2267 3616 2330 τέλος

350 2352 676 2424 spectandos
712 2353 1114 2408 exhibebimus.
1155 2353 1288 2408 Nam
1319 2355 1466 2424 quod
1497 2369 1592 2409 vos
1636 2356 1802 2424 probe
1830 2369 1901 2409 no

1921 2383 1932 2395 ·
2037 2362 2455 2434 ἀγωνιζομένων
2481 2361 2602 2416 ἐστὶ
2628 2363 2697 2415 τά
2728 2360 2959 2432 βραδεῖα
2993 2362 3087 2414 καὶ
3110 2361 3160 2414 οἱ
3195 2360 3473 2430 στέφανοι.

349 2442 448 2495 stis
490 2458 646 2528 mque
697 2451 864 2510 atque
900 2457 1003 2513 ego
1027 2482 1042 2506 ,
1077 2443 1266 2497 brabia
1300 2454 1356 2497 et
1375 2458 1592 2498 corona:
1621 2454 1940 2514 exspectant

350 2548 467 2597 eos,
493 2533 586 2603 qui
617 2548 785 2602 usque
808 2537 874 2587 ad
903 2535 1064 2588 linem
1089 2534 1393 2589 decertant.

957 2647 1174 2706 EPIST.
1211 2647 1328 2704 ΧΧ.

2655 2643 2882 2699 ΕΠΙΣΤ.
2914 2645 2998 2700 κ’.

677 2741 941 2798 Theodoro
975 2745 1248 2811 metropol.
1285 2743 1577 2796 Laodicew.

2275 2737 2553 2807 Θεοδώρῳ
2575 2739 2988 2808 μητροπολίτῃ
3025 2736 3396 2802 Λαοδικείας.

1585 2861 1855 2912 Montacut.
1891 2863 1995 2924 (ep.
2028 2860 2138 2923 140,
2169 2875 2218 2924 p.
2255 2859 2386 2922 198).

428 2969 555 3025 Scio
570 2968 836 3040 plurimos
850 2969 1088 3026 ﬁdelium
1113 2969 1186 3024 ita
1203 2971 1431 3026 aﬂ'ectos
1446 2985 1591 3037 esse,
1611 2980 1670 3026 ut
1693 2972 1936 3028 occasio-
1965 2984 1980 3034 t

2110 2967 2240 3024 Οἶδα
2274 2967 2504 3032 πολλοὺς
2537 2966 2645 3021 τῶν
2674 2967 2887 3021 πιστῶν
2909 2966 3142 3039 ἀνδρῶν,
3181 2965 3374 3038 καιρὸν
3399 2965 3621 3038 Crito-5‘.-

354 3077 481 3118 Izem
509 3078 727 3117 omnem
766 3071 1042 3133 quaerant,
1075 3078 1182 3134 qua
1210 3063 1422 3135 possint
1455 3064 1688 3134 propria:
1718 3064 1904 3119 virtuti

2069 3082 2156 3130 ας,
2195 3065 2279 3134 ἐφ’
2311 3063 2371 3116 δν
2398 3062 2498 3133 τῆς
2525 3061 2732 3124 οἰκείας
2783 3060 2986 3132 ἀρετῆς
3015 3061 3075 3114 τὸ
3135 3061 3368 3130 μέγεθος
3419 3061 3619 3114 ἐπιδεί-

357 3156 565 3211 illustre
607 3155 878 3225 quoddam
921 3156 1198 3225 specimen
1232 3155 1530 3223 exhibere;
1584 3166 1640 3211 et
1672 3165 1906 3230 martyre

2065 3171 2255 3217 ,αιντο’
2293 3157 2387 3211 καὶ
2422 3156 2549 3219 τοὺς
2575 3155 2860 3225 μάρτυρας
2911 3155 3319 3225 μακαρίζοντας
3340 3194 3356 3220 ,
3405 3153 3488 3206 ὅτι
3522 3170 3617 3206 τυ-

357 3247 543 3302 felices
567 3247 883 3318 praedicare,
914 3249 1059 3318 quod
1101 3248 1389 3303 barbaram
1421 3258 1772 3321 tyrannorum
1807 3265 1904 3305 cru

2068 3251 2250 3305 πάννων
2271 3249 2428 3320 ἔσχον
2450 3248 2710 3319 ὡμότητα
2740 3249 2838 3318 τὴν
2866 3247 3117 3318 ἀνδρείαν
3141 3247 3322 3301 αὐτῶν
3345 3247 3426 3310 είς
3450 3247 3620 3303 αἰῶνα

354 3340 632 3396 delitateni
661 3341 809 3397 nacti
844 3343 1080 3408 fuerant,
1121 3358 1229 3414 qua
1277 3343 1490 3414 possint
1527 3342 1582 3397 in
1627 3352 1894 3399 aeternum

2069 3343 2477 3416 τηλιτεύουσαν.
2529 3342 2865 3413 Ἐφέστηκεν
2895 3336 3052 3404 οὗτος
3103 3342 3132 3395 ό
3171 3341 3382 3411 καιρὸς,
3434 3342 3484 3394 εί
3525 3343 3621 3394 καὶ

356 3449 512 3489 suam
542 3435 785 3506 ipsorum
815 3435 982 3508 animi
1013 3437 1439 3508 magnitudinem
1485 3437 1638 3509 quasi
1667 3439 1908 3494 columna

2069 3437 2220 3502 ςλέον,
2257 3435 2289 3506 ἢ
2321 3435 2445 3488 ὅσον
2475 3434 2540 3488 ἂν
2577 3435 2673 3487 καὶ
2702 3437 2730 3486 ό
2760 3434 3139 3504 γενναιότατος
3169 3433 3367 3506 ἤλπισε
3393 3449 3407 3464 ο
3438 3431 3621 3485 stem.-

359 3525 688 3595 insculptam
730 3527 995 3582 stabilire.
1032 3525 1176 3582 Sane
1203 3529 1356 3583 adest
1391 3529 1508 3585 haec
1535 3529 1649 3600 ipsa
1699 3529 1911 3585 occasio

2069 3545 2140 3581 ιαι
2165 3527 2244 3592 δὲ,
2276 3527 2351 3590 ὠς
2382 3526 2692 3580 τελευταῖον
2731 3526 2827 3579 καὶ
2859 3526 3118 3595 μέγιστον
3169 3528 3268 3595 τῆς
3298 3523 3434 3588 ἰδίας
3465 3522 3621 3576 ἁσθ--

355 3615 442 3671 vel
471 3617 646 3686 major
685 3618 886 3688 potius,
935 3635 1098 3689 quam
1147 3627 1398 3690 speraret
1427 3621 1590 3676 etiam
1629 3621 1906 3676 valentissi

2065 3621 2208 3687 stag,
2244 3619 2338 3673 καὶ
2369 3619 2465 3674 τοῦ
2499 3619 2756 3691 θράσους,
2795 3620 2826 3672 ό
2858 3621 2925 3690 τῇ
2969 3621 3036 3690 σῇ
3075 3620 3417 3690 γενναιότητι
3447 3622 3617 3690 ὲπαρ-

356 3723 496 3763 mus.
528 3708 775 3774 Conﬁdo,
805 3719 988 3766 autem
1018 3710 1162 3782 quod
1193 3711 1287 3782 qui
1326 3723 1525 3768 contra
1580 3721 1729 3769 tuam
1770 3729 1906 3785 gcne

2059 3715 2156 3779 Ιεὶς
2190 3711 2640 3785 προσενεχθῆναι,
2694 3711 3024 3782 ἀείμνηστον
3056 3713 3149 3766 τὸν
3175 3712 3397 3783 ἔλεγχον
3427 3713 3611 3766 δώσει·

359 3801 634 3856 rositatem
678 3801 996 3870 insurrexit,
1021 3805 1291 3869 ultimam,
1321 3805 1634 3872 maximam,
1660 3815 1715 3860 et
1742 3822 1911 3876 perper

2067 3808 2134 3860 :ati.
2158 3807 2257 3877 τὴν
2290 3806 2389 3878 σὴν
2423 3805 2763 3876 στερῤότητα
2802 3804 3202 3872 καταπλαγεὶς,
3233 3807 3330 3858 καὶ
3360 3805 3470 3858 τῶν
3519 3807 3619 3857 λοι-

357 3901 451 3948 ιιιο
479 3895 886 3952 memorandam
921 3897 1303 3951 confusionem
1340 3897 1605 3964 incurret,
1647 3897 1701 3951 in
1737 3913 1909 3968 appro

2070 3897 2161 3950 ιῶν
2191 3896 2600 3966 ὲκτραπήσεται
2629 3894 2729 3964 τὴν
2751 3897 2948 3966 πεῖραν
2967 3911 2982 3926 ·
3015 3892 3089 3958 ὡς
3117 3893 3234 3965 ἅμα
3271 3893 3368 3947 δύο
3415 3894 3486 3948 τὰ
3532 3895 3622 3966 μὲ-

355 3983 536 4039 brium
591 3987 826 4057 propriae
859 4003 986 4042 cum
1040 3988 1382 4042 inlirmitatis
1416 3997 1531 4042 tum
1561 3987 1821 4043 audaciae.
1863 3987 1907 4041 lt

2074 3984 2203 4039 ἰστά
2255 4000 2341 4046 σε,
2378 3983 2446 4035 δι’
2478 3981 2595 4046 ἑνὸς
2637 3983 2870 4052 ἀγῶνος,
2921 3983 3291 4054 κατορθῶσαι,
3335 3986 3626 4058 νικηφόρον

356 4085 420 4131 ιιι
448 4077 672 4133 immota
702 4089 792 4134 tua
810 4079 1102 4135 formidine
1128 4079 1434 4150 perculsus,
1473 4079 1703 4134 ulterius
1732 4079 1908 4150 aliqui.

2075 4093 2102 4128 ε
2160 4075 2573 4148 ἀναῤῥηθῆναιο
2631 4076 2726 4130 καὶ
2757 4078 2870 4140 τοῖς
2903 4077 3156 4146 ἀδελφοῖς
3184 4079 3294 4131 τῶν
3316 4081 3625 4150 ἐπικρεμα-

355 4173 628 4223 attentare
653 4169 908 4226 cessabit.
934 4169 1012 4226 lta
1035 4186 1132 4241 per
1159 4171 1300 4226 hanc
1330 4171 1548 4226 unicam
1577 4171 1907 4226 concertatio

2075 4169 2224 4222 ιένων
2253 4169 2440 4222 κακῶν
2469 4167 2570 4239 τὴν
2601 4168 2926 4238 ὑπερϐολὴν,
2957 4169 3201 4235 καὶτοὺς
3225 4170 3454 4234 πολλοὺς
3478 4181 3502 4210 ³
3526 4171 3627 4223 πό-

358 4272 507 4322 nem,
559 4259 670 4314 duo
719 4259 935 4332 egregia
991 4275 1329 4331 consequere
1383 4261 1626 4332 trophtea
1645 4301 1661 4328 ,
1713 4275 1838 4315 cum
1881 4276 1910 4314 υ

1383 4261 1626 4332 trophtea
1645 4301 1661 4328 ,
1713 4275 1838 4315 cum
1881 4269 1942 4315 ut
2042 4278 2190 4328 νους,
2220 4262 2370 4325 ἰδίοις
2396 4261 2602 4326 ἄθλοις,
2633 4263 2911 4331 κουφίσαι.

357 4351 532 4408 victor
556 4352 915 4423 proclamere,
964 4363 1079 4410 tum
1103 4363 1164 4410 ut
1189 4355 1452 4413 fratribus
1476 4355 1744 4412 malorum
1760 4355 2194 4426 impendentium
2262 4359 2545 4431 gravitate,
2585 4367 2642 4411 et
2704 4358 2919 4418 labores
2987 4357 3207 4424 multos,
3247 4353 3480 4427 propriis
3520 4353 3630 4408 tuis

357 4449 747 4508 certaminibus
769 4451 1014 4508 allevies.

959 4539 1182 4598 EPIST.
1206 4541 1352 4598 XXI.
1970 4553 2016 4608 ι)

1970 4553 2016 4608 ι)
2647 4547 2872 4602 ΕΠΙΣΤ.
2900 4548 3031 4600 KA'.

1051 4632 1262 4688 Eidem.

2681 4635 2764 4702 T6)
2811 4635 2995 4702 αὐτῷ.

1589 4747 1858 4798 Hontacut.
1893 4748 1996 4810 (ep.
2030 4747 2138 4810 ul,
2171 4762 2222 4812 p.
2258 4747 2394 4809 199).

430 4853 738 4910 Generosos
757 4855 919 4926 plane
937 4855 1168 4912 stadium
1186 4865 1499 4928 exspectat:
1525 4872 1688 4912 nemo
1703 4857 1940 4912 feminea

2125 4858 2396 4912 Γενναίων
2416 4857 2586 4922 δντως
2620 4856 2831 4928 ἀνδρῶν
2872 4857 2933 4910 τὸ
2969 4856 3184 4911 στάδιον
3208 4854 3413 4908 δεῖταιο
3447 4851 3621 4925 μηδεὶς

361 4944 732 5000 teneritudine
780 4947 1076 5012 emollitus,
1124 4946 1379 5002 introeat.
1428 4947 1584 5014 Quod
1615 4949 1660 5004 si
1702 4949 1828 5019 quis
1869 4948 1913 5004 si

2080 4955 2235 5008 ίσίτω
2269 4951 2560 5024 θηλυδρίας
2586 4968 2602 4981 ⁸
2633 4950 2700 5004 ἂν
2755 4951 2800 5004 δ’
2831 4949 3182 5022 είσεπήδησε,
3245 4948 3442 5001 θᾶττον
3504 4949 3626 4999 ἀπο-

361 5033 454 5105 (ιυί
480 5035 763 5103 exsilierit,
786 5039 1002 5093 recedat
1031 5039 1389 5109 quantocius;
1419 5041 1505 5096 vel
1539 5055 1570 5094 a
1587 5055 1687 5095 sua
1710 5049 1913 5096 senten‘

2077 5050 2232 5118 ττήτω
2251 5063 2265 5077 ο
2292 5047 2327 5117 ἢ
2357 5045 2458 5117 τῆς
2482 5043 2730 5115 γνώμης,
2763 5045 2796 5116 ἢ
2826 5045 2934 5098 τῶν
2966 5044 3388 5114 παλαισμάτων.
3427 5041 3502 5096 Οὐ
3530 5041 3629 5108 γὰρ

363 5127 457 5193 tia,
489 5127 574 5182 vel
602 5144 632 5183 a
662 5130 1069 5186 colluctatione.
1101 5132 1289 5203 Neque
1327 5133 1474 5188 enim
1500 5133 1715 5189 labores
1745 5134 1909 5188 talibu

2075 5139 2160 5193 τῶν
2198 5139 2458 5192 τοιούτων
2486 5139 2537 5191 οἱ
2570 5139 2743 5191 πόνοι.
2784 5137 2944 5191 Ἀλλά
2977 5136 3100 5208 μηδ’
3134 5138 3162 5188 ό
3195 5133 3384 5208 χρυσῷ
3412 5133 3505 5187 τὸν
3521 5131 3627 5200 βίον

363 5232 691 5292 congruunt.
731 5222 839 5279 Sed
874 5241 1053 5296 neque
1081 5227 1150 5282 ab
1181 5243 1317 5283 auro
1349 5229 1598 5286 onustis:
1635 5245 1735 5286 nec
1771 5230 1915 5284 ambi

2076 5229 2430 5301 ιεόαρημένος
2455 5243 2472 5260 ο
2529 5228 2653 5300 μηδ’
2692 5230 2720 5282 ό
2749 5230 2887 5302 πρὸς
2933 5231 3096 5294 κενάς
3127 5228 3285 5295 δόξας
3321 5228 3628 5294 ἀνεπτερω-

364 5313 512 5368 tione
558 5315 781 5371 inflatis.
839 5315 1075 5372 Omnino
1118 5320 1211 5388 qui
1254 5321 1536 5392 corporeis
1577 5322 1916 5394 voluptatibu

2077 5323 2234 5388 ιένος.
2257 5323 2362 5375 Τὸν
2387 5321 2498 5394 γὰρ
2524 5322 2661 5393 πρὸς
2685 5322 2784 5386 τὰς
2814 5322 2909 5375 τοῦ
2938 5321 3190 5392 σώματος
3222 5317 3413 5390 ἡδονὰς
3432 5317 3629 5380 ἐπτοη-

365 5404 559 5472 inhiat,
590 5417 651 5462 ut
680 5407 815 5462 milii
855 5417 965 5463 stat
995 5412 1292 5479 sententia,
1333 5429 1404 5468 ne
1447 5430 1507 5470 se
1553 5423 1848 5486 componat
1879 5431 1917 5469 at

2075 5415 2234 5478 ιένον,
2283 5415 2397 5468 οὐδ’
2433 5413 2812 5470 ἀποδύσασθαι
2868 5415 3005 5487 πρὸς
3055 5415 3147 5466 τον
3175 5411 3364 5481 ἀγῶνα
3407 5406 3627 5478 νομίζω.

367 5509 669 5554 certamen:
698 5499 860 5554 velim
886 5515 987 5572 ego
1017 5501 1176 5575 longe
1202 5506 1495 5572 removeri,
1526 5507 1574 5561 si
1598 5521 1707 5560 non
1739 5521 1919 5577 prazve

2081 5506 2221 5560 Αλλά
2256 5507 2352 5561 καὶ
2382 5507 2614 5579 εὔχομαι
2647 5509 2838 5581 πόρρω
2863 5507 3215 5570 καθεστάναι,
3247 5505 3296 5557 εἰ
3322 5502 3400 5575 μὴ
3431 5500 3633 5573 προλα-

366 5588 476 5643 niat
502 5589 568 5651 is,
591 5597 648 5644 et
681 5590 904 5660 impleat
931 5601 1116 5648 votum
1149 5608 1352 5648 meum.

2048 5597 2162 5650 όὼν
2191 5598 2513 5670 ἐπλήρωσεν
2544 5599 2605 5638 ⁸*
2629 5601 2836 5664 ἐκεῖνος
2866 5599 2962 5668 τὴν
2987 5599 3175 5669 εὐχήν.

1665 5708 1904 5766 VARl/E
1957 5710 2366 5769 LECTIONES.

433 5827 449 5850 τ
481 5817 567 5865 ιον.
605 5811 895 5882 γεγονότα.
980 5827 999 5852 ³
1041 5818 1277 5872 πολλῶν.
1365 5823 1410 5857 ⁸·
1447 5821 1628 5892 ἡμῶν.
