3930 6472
204 402 310 465 837
1422 393 1756 454 EPISTOL:

2002 395 2235 455 LIBER
2283 397 2364 456 II.
3415 403 3522 467 838

842 508 1068 563 ΕΙΙΙΣΤ.
1110 508 1246 561 KB’.
1869 517 1914 569 Α

1869 517 1914 569 Α
2520 513 2742 570 EPIST.
2785 515 2952 570 XXII.

544 604 820 675 Εὐθυμίᾳ)
841 602 1251 674 μητροπολίτῃ
1287 599 1584 666 Κατάνης.
1954 628 1963 631 -

1954 628 1963 631 -
2283 601 2561 674 Eutltymio
2590 604 2875 662 Catanensi
2905 608 3182 677 metropol.

1480 718 1751 767 Montacut.
1788 727 1892 780 (ep.
1931 716 2040 776 148,
2072 731 2123 780 p.
2156 718 2290 781 205).

281 832 577 887 Γενέσθαι
605 832 704 902 μὲν
733 828 859 899 ἐμοὶ
898 826 1116 897 σχολὴν,
1142 825 1283 879 ὥστε
1306 824 1376 879 τά
1405 823 1473 878 σά
1501 824 1829 895 διηγεῖσθαι,

2004 824 2137 879 Esse
2169 825 2301 879 mihi
2334 828 2528 893 otium,
2564 840 2626 883 ut
2652 845 2739 885 res
2778 836 2899 884 tuas
2931 846 3181 886 enarrem
3206 872 3219 893 .
3254 842 3414 902 opto;
3466 847 3517 889 at

209 927 559 996 ἀπεύχομαι
580 926 599 961 ί
624 941 638 955 ⁸
672 921 929 993 γενέσθαι
962 921 1039 985 δέ,
1071 919 1210 973 ὥστε
1242 919 1366 989 μηδ’
1396 916 1653 981 ἀκοῦσαι,
1683 935 1758 990 πρ

1964 929 2003 968 ιε
2036 914 2441 985 easintelligam
2460 919 2842 988 praeveniendo
2873 921 3085 975 cavisti.
3106 922 3242 987 Quid
3272 928 3516 978 causaris

211 1019 446 1081 ἔλαϐες.
484 1017 556 1071 Τί
582 1012 678 1070 οὖν
702 1016 901 1085 αίτιᾷς,
929 1013 1009 1066 ὅτι
1040 1012 1159 1083 μηδ’
1183 1010 1329 1081 ειπερ
1358 1010 1763 1081 ἦλπισα,ἧκουσ

1962 1023 2083 1079 rgo,
2115 1010 2260 1079 quod
2296 1026 2418 1080 quae
2464 1027 2573 1065 non
2614 1014 2936 1083 sperabam,
2988 1016 3236 1082 audiam;
3277 1027 3332 1072 et
3369 1020 3514 1088 quod

210 1112 311 1167 καὶ
356 1113 453 1165 ὅτι
510 1110 671 1179 σιγὴν
717 1108 943 1178 ἐθέμην,
990 1098 1073 1168 οἷς
1128 1104 1263 1175 μηδὲ
1310 1105 1410 1174 τὴν
1441 1105 1609 1173 ἀκοὴν
1658 1104 1762 1174 ἡδέι

1966 1102 2151 1157 ilentio
2177 1104 2491 1170 texerimus,
2512 1121 2633 1175 qua!
2660 1106 2835 1161 libens
2859 1106 3020 1160 fando
3047 1125 3153 1161 non
3175 1111 3518 1180 acciperem?

210 1199 471 1272 ἡνέῳξα.
515 1199 661 1253 Ἀλλ’
699 1200 771 1263 εί,
816 1198 951 1251 διότι
988 1197 1121 1260 ὅλως
1175 1195 1275 1267 τὴν
1313 1194 1482 1266 ἀκοὴν
1521 1194 1628 1249 τῶν
1656 1212 1762 1248 τοιο

1962 1190 2087 1257 juod
2122 1192 2164 1247 si
2198 1201 2402 1256 autem,
2431 1196 2558 1263 quia
2596 1195 2759 1250 fando
2796 1200 3106 1254 necessario
3140 1204 3358 1270 accepi.
3394 1204 3514 1273 dig-

208 1306 323 1342 των
361 1289 692 1358 ὑπέμεινα,
739 1290 840 1357 τῆς
884 1286 1010 1356 περὶ
1051 1284 1240 1353 φίλους
1288 1284 1583 1353 ὀλιγωρίας
1614 1300 1760 1354 γραφ

1958 1299 2035 1337 IIIS
2067 1299 2187 1338 sum
2222 1287 2310 1339 cui
2351 1286 2526 1341 dicam
2563 1290 2837 1343 scribatur
2866 1298 3196 1363 contempta:
3238 1297 3510 1352 amicitiae.

213 1378 413 1448 ἔνοχος
450 1377 791 1447 γράφεσθαι·
824 1376 876 1430 τί
917 1377 983 1430 ἂν
1015 1376 1273 1446 δράσειαν
1320 1377 1368 1428 oi
1392 1373 1619 1428 τοιαῦτα
1647 1374 1765 1443 δεδρ

1958 1377 2069 1441 )uid
2098 1386 2154 1431 et
2180 1378 2254 1431 illi
2289 1378 2510 1443 faciant,
2538 1380 2629 1448 qui
2656 1381 2780 1435 talia
2810 1382 3037 1447 faciunt,
3070 1400 3192 1453 quae
3218 1395 3274 1440 et
3305 1388 3510 1443 amicos

213 1471 382 1534 κότες
402 1509 419 1533 ,
458 1470 536 1523 δι’
559 1464 635 1524 ὧν
670 1470 765 1523 καὶ
790 1469 915 1532 τοὺς
939 1468 1127 1537 φίλους
1157 1468 1258 1538 τῆς
1292 1465 1434 1537 ὑπὲρ
1464 1465 1643 1520 αὐτῶν
1671 1467 1729 1517 ἐν
1758 1484 1765 1500 ι

1962 1469 2180 1524 ibertate
2214 1473 2435 1540 privent
2459 1488 2559 1543 pro
2582 1474 2715 1543 ipsis
2744 1474 2984 1540 dicendi,
3012 1484 3067 1531 et
3090 1478 3385 1536 malevolas
3410 1481 3514 1534 lin-

214 1565 412 1632 λέγειν
442 1562 771 1634 παρῤησίας
790 1604 805 1628 ,
834 1560 1242 1632 ἀπεστέρησαν,
1283 1559 1382 1611 καὶ
1410 1557 1519 1611 τῶν
1550 1558 1766 1629 δυσμενι

1963 1575 2067 1617 :uas
2098 1576 2210 1615 non
2250 1570 2461 1617 tantum
2493 1564 2546 1617 in
2575 1564 2741 1634 ipsos.
2767 1567 2863 1621 sed
2907 1567 2959 1621 in
3002 1583 3096 1623 eos
3122 1570 3285 1625 etiam
3317 1573 3515 1641 quibus

664 1616 938 1721 γλωσσας,
970 1616 1204 1705 05.1.0.0,
1228 1616 1450 1703 ’ἑαυτῶν
1488 1616 1669 1718 μόνον,
1696 1647 1768 1700 ἀλῖ

2412 1616 2459 1617 η
2516 1616 2545 1617 η
2768 1616 2863 1621 _-_
3006 1616 3095 1623 η-
3124 1616 3285 1625 ---_...
3318 1616 3516 1641 .,....,...,

1968 1656 2061 1710 lim
2101 1657 2399 1712 utebantur
2460 1658 2820 1725 familiariter,
2868 1672 3161 1718 exacuunt.
3206 1665 3345 1730 Quid
3387 1682 3516 1737 ergo

218 1751 317 1805 καὶ
359 1747 499 1802 κατ’
531 1747 758 1800 ἐκείνων
786 1746 839 1798 οἵ
873 1762 1007 1798 ποτε
1046 1745 1153 1799 τῶν
1187 1741 1643 1814 πεπλησιακότων
1668 1736 1770 1811 ἦσα

1963 1748 2281 1802 aciendum?
2335 1748 2449 1805 Hoc
2506 1753 2571 1806 ad
2610 1762 2663 1806 te
2693 1763 2903 1823 spectat
2936 1756 2992 1825 (o
3030 1772 3141 1825 quo
3192 1766 3244 1812 te
3292 1736 3515 1814 nomine

215 1844 542 1915 ἠκόνησαν.
588 1842 654 1895 Τί
686 1837 781 1895 οὖν
811 1840 893 1893 δεῖ
920 1841 1132 1904 ποιεῖν;
1167 1838 1260 1891 σόν
1290 1839 1461 1901 ἐστιν,
1494 1830 1571 1903 (ὦ
1608 1833 1727 1897 πῶς

1960 1840 2249 1908 ompellem
2277 1842 2317 1910 ί)
2352 1850 2426 1902 et,
2458 1843 2588 1897 mihi
2618 1844 2922 1899 libertatem
2971 1847 3302 1914 condonare,
3349 1850 3395 1905 si
3460 1851 3512 1905 id

219 1936 569 2007 προσείπω)
620 1934 714 1988 καὶ
766 1934 901 2004 ⁴ἡμῖν
951 1933 1092 2003 ὺπέρ
1130 1932 1261 1992 σοῦ,
1316 1930 1416 1982 εἴθ’
1463 1929 1690 1999 ὄφελες,
1736 1947 1771 1982 τε

2026 1931 2213 1994 cuerit,
2242 1932 2371 1986 satis
2408 1932 2625 1987 abunde
2660 1934 2772 2003 jam
2807 1935 2935 1989 olim
2968 1935 3168 2004 habui;
3206 1948 3262 1993 et
3289 1948 3349 1993 ut
3376 1940 3513 1994 nihil
3576 1964 3578 1967 ·

220 2030 584 2099 παρρησίαν,
610 2029 675 2099 ἣν
700 2027 942 2097 εἴχομεν,
969 2025 1282 2079 ἀποδοῦναι·
1308 2023 1402 2076 καὶ
1423 2022 1588 2093 μηδὲν
1610 2021 1772 2073 ἀκούε

1959 2026 2000 2078 le
2038 2034 2089 2078 te
2117 2025 2332 2078 audiam
2371 2026 2515 2095 quod
2545 2026 2769 2082 minime
2800 2029 3016 2098 placet;
3053 2031 3150 2086 sed
3178 2041 3235 2086 tu
3262 2033 3328 2086 ad
3364 2034 3511 2103 prio-

219 2122 389 2193 ἀηδές
427 2123 571 2193 περὶ
616 2120 711 2174 σοῦ
740 2137 754 2151 ·
788 2119 923 2173 ἀλλά
973 2121 1068 2172 καὶ
1101 2118 1225 2180 τοὺς
1271 2116 1457 2178 κακῶς
1487 2130 1546 2165 σε
1577 2113 1771 2180 λέγοντι

1959 2131 2053 2169 'em
2085 2116 2536 2171 constitutionem
2570 2120 2916 2185 revolvendo,
2959 2137 3145 2177 eorum
3186 2139 3280 2179 ora
3319 2124 3413 2194 qui
3461 2136 3511 2178 te

219 2214 337 2279 νῦν,
388 2213 798 2282 ἐπιστομίσαι,
853 2214 933 2275 είς
975 2211 1073 2282 τὴν
1108 2209 1342 2281 ἀρχαίαν
1380 2204 1771 2277 ἐπαναδραμόν·

1149 2209 1342 2281 ρχαίαν
1380 2204 1836 2277 ἐπαναδραμόντα
1932 2224 2079 2262 nunc
2103 2207 2367 2274 lacerant,
2402 2209 2701 2264 obturabis.

222 2308 604 2360 κατάστασιν.

841 2397 1067 2451 ΕΠΙΣΤ.
1105 2396 1233 2450 ΚΡ.

2494 2387 2707 2442 EI’IST.
2756 2389 2940 2445 XXIII.

431 2491 724 2560 Γεωργίῳ
758 2489 1171 2560 μητροπολίτῃ
1208 2484 1624 2556 Νικομηδείας.

2204 2480 2424 2549 Georgio
2460 2484 2807 2551 met‘ropolilw
2831 2484 3238 2540 Nicomediensi.

1492 2598 1760 2647 Montacut.
1797 2591 1903 2656 (ep.
1936 2590 2047 2650 169,
2078 2606 2128 2655 p.
2157 2592 2290 2653 2L3).

297 2712 433 2766 Εἴθε
462 2729 563 2781 μοι
594 2710 706 2765 τῶν
732 2712 841 2765 σῶν
866 2705 935 2781 ἦν
964 2709 1229 2780 ἐνάμιλλα
1251 2707 1428 2777 λόγων
1456 2707 1526 2759 τὰ
1553 2706 1709 2775 ἔργα·
1735 2704 1833 2774 οὐχ

2016 2702 2228 2757 Utinam
2260 2694 2521 2771 ex'aaquo
2556 2703 2737 2757 verbis
2781 2705 2888 2759 tuis
2919 2721 3082 2775 opera
3118 2721 3237 2761 mea
3284 2723 3513 2778 respon-

232 2802 314 2857 ἵνα
330 2802 505 2865 κλέος
541 2800 692 2865 ὄντες
715 2799 1079 2870 ἀκεστορίδων
1122 2797 1357 2868 Γαληνὸς
1392 2796 1484 2849 καὶ
1527 2794 1784 2864 Ἰπποκρά

1961 2796 2150 2861 Ierent,
2182 2810 2293 2849 non
2326 2805 2386 2853 ut
2413 2796 2789 2850 Aeestoridum
2820 2798 3010 2866 gloria,
3038 2797 3271 2853 Galenus
3300 2809 3354 2854 et
3384 2800 3513 2869 Ilip-

226 2909 327 2963 της
349 2931 365 2956 ,
404 2892 486 2957 ὡς
541 2893 703 2957 αὐτὸς
737 2892 885 2961 ἡμᾶς
918 2888 1154 2952 Θειάζων
1184 2889 1437 2959 γράφεις,
1472 2883 1778 2949 Ύπεξίστα·

1963 2896 2209 2953 iocrates,
2242 2899 2301 2943 ut
2333 2898 2449 2943 tute
2488 2904 2577 2943 me
2608 2890 2871 2943 eneomiis
2891 2906 3093 2945 ornans
3128 2891 3341 2955 scribis,
3378 2892 3515 2946 mihi

227 2984 317 3037 ταί
353 3002 453 3055 μοι
493 2984 610 3038 τῶν
659 2984 964 3055 πρωτείωνο
1001 2983 1107 3035 οὐδ’
1139 2982 1225 3034 ἴνα
1264 2979 1373 3033 τῶν
1417 2978 1779 3047 Ἀσκληπιαδᾶ

1961 2981 2193 3035 :edeutes
2219 2981 2423 3050 primas
2461 2982 2657 3036 darent
2700 2998 2803 3037 nec
2834 2991 2893 3036 ut
2933 2981 3123 3053 ingens
3159 2982 3293 3037 illud
3328 2984 3513 3037 Ascle-

231 3076 291 3128 τὸ
321 3077 471 3146 μέγα
509 3077 682 3147 ὄνομα
710 3075 787 3146 τῷ
813 3076 1068 3146 ἡμετέρῳ
1091 3070 1492 3143 καταχωσοείη·
1520 3068 1633 3121 ἀλλ’
1660 3068 1734 3130 ὡς
1762 3068 1783 3120 ὃ

1961 3072 2217 3127 ιίιιᾱιιηιιιι
2244 3089 2447 3128 nomen
2477 3082 2663 3127 n0stro
2699 3074 2918 3127 nomine
2946 3075 3291 3139 obrueretur,
3326 3075 3420 3129 sed
3453 3085 3513 3129 ut

237 3167 375 3239 εῐην,
405 3172 459 3222 εί
494 3169 594 3222 καὶ
633 3169 710 3239 μὴ
747 3168 882 3238 πρὸς
903 3166 1089 3236 ἕτερόν
1117 3182 1260 3229 τινα,
1298 3162 1412 3216 ἀλλ’
1441 3157 1532 3214 οὖν
1567 3162 1623 3213 ἐν
1653 3159 1789 3212 τούτι

1963 3172 2241 3227 ιιαξειειιιι,
2271 3164 2393 3217 licet
2418 3179 2525 3218 non
2557 3164 2622 3219 ad
2667 3166 2812 3219 aliud
2838 3165 3140 3235 quidpiam,
3177 3164 3367 3219 saltem
3411 3164 3515 3220 hac

240 3274 302 3326 γε
329 3260 412 3332 τῷ
448 3260 611 3331 μέρει
647 3259 819 3331 μικρά
847 3276 931 3322 τις
969 3257 1110 3312 κατά
1142 3255 1250 3309 τῶν
1280 3251 1607 3324 σωματικῶν
1642 3250 1792 3303 παθῶ

1962 3272 1991 3309 ιι
2034 3264 2186 3325 parte
2237 3256 2491 3326 exiguum
2530 3257 2662 3326 quid
2714 3258 2894 3326 quoad
2935 3256 3184 3327 corporis
3230 3257 3514 3328 passiones

238 3354 348 3415 τοῖς
376 3354 559 3422 φίλοις
601 3352 699 3406 καὶ
738 3352 1023 3415 συνάθλοις
1050 3348 1358 3420 ἐπικουρία.

1323 3365 1358 3401 ι.
1934 3348 2125 3402 amicis
2156 3355 2210 3401 et
2239 3349 2559 3419 synathletis
2590 3348 2875 3402 auxilium.

840 3449 1062 3504 ΕΠΙΣΤ.
1115 3450 1239 3501 KA'.

2496 3443 2714 3500 EPIST.
2759 3442 2926 3501 XXIV

456 3540 741 3611 Θεοδώρῳ
783 3541 1193 3611 μητροπολίτῃ
1227 3538 1602 3601 Λαοδικείας.

2232 3536 2493 3590 Theodoro
2528 3536 2875 3606 metropolitw
2909 3536 3224 3593 Laodiceno.

1486 3655 1754 3703 Montacut.
1790 3654 1891 3715 (ep.
1926 3652 2035 3712 171,
2067 3665 2118 3715 p.
2152 3651 2283 3715 244).

322 3763 575 3837 Ἀρότρῳ
610 3768 725 3836 μὲν,
759 3765 835 3831 ὡς
880 3768 914 3838 ἡ
954 3765 1226 3837 παροιμία
1269 3767 1456 3836 φησὶν.
1487 3765 1787 3828 ἀκοντίζεις
1810 3804 1825 3831 υ

2003 3766 2220 3825 Aratro,
2260 3763 2405 3832 quod
2430 3762 2733 3832 proverbiis
2762 3772 3077 3833 usurpatur,
3109 3760 3386 3832 jacularis,
3415 3761 3510 3831 qui

240 3853 363 3907 ἀντὶ
400 3858 500 3910 τοῦ
546 3861 826 3927 μετανοεῖν
848 3858 1266 3929 θρασυνόμενος.
1299 3857 1373 3911 Οὐ
1402 3856 1510 3926 γὰρ
1542 3856 1792 3927 μετανοία

1950 3873 2056 3911 :um
2088 3857 2287 3912 debeas
2328 3856 2615 3926 pcenitere,
2657 3856 2937 3910 audaciam
2979 3870 3162 3922 urges.
3203 3852 3316 3909 Nec
3354 3855 3502 3909 enim

239 3945 352 4001 ἀλλ’
382 3949 687 4014 ἀπονοίας,
741 3950 921 4021 ἐαυτῷ
964 3951 1073 4004 τῶν
1110 3951 1466 4021 ἐσφαλμένων
1513 3948 1791 4018 ἐπιτρέπει

1957 3950 2277 4014 ιωιιίιειιιὶε,
2309 3950 2405 4004 sed
2452 3950 2777 4005 insanientis
2812 3961 2895 4005 est
2934 3950 3149 4005 sibimet
3191 3949 3509 4019 permittere

240 4038 335 4110 τὴν
370 4041 735 4113 συγγνώμην.
768 4043 833 4096 Εί
861 4043 917 4095 δέ
952 4060 1034 4095 σοι
1065 4044 1159 4095 καὶ
1180 4043 1368 4113 ληρεῖν
1400 4041 1638 4110 δόξαιμι,
1671 4040 1792 4093 ἐστα

1949 4060 2176 4097 ιιι-οιιιιιι
2195 4044 2666 4098 condonationem.
2691 4042 2847 4109 Quod
2864 4044 2909 4097 si
2929 4043 3024 4098 tibi
3046 4041 3230 4095 videro
3246 4041 3414 4095 delira
3424 4056 3501 4103 re,

244 4145 323 4183 σοι
346 4132 452 4186 οὐκ
480 4134 564 4195 εἰς
593 4133 811 4203 μακρὰν
838 4134 900 4185 τὸ
925 4132 1316 4203 παροιμιῶδες,
1351 4132 1591 4202 συνεχῶς
1621 4132 1706 4184 ἐπ’
1733 4131 1795 4199 ἐρ

1958 4150 1982 4186 n
2007 4141 2059 4187 te
2084 4133 2432 4203 proverbium
2470 4133 2616 4203 quod
2656 4149 2763 4186 non
2796 4132 2870 4186 ita
2923 4132 3126 4186 dudum
3160 4146 3303 4200 saepe
3335 4130 3510 4199 jacta—

246 4236 357 4287 γοις
385 4224 675 4296 ᾀδόμενον,
706 4225 868 4295 Ἀρτι
893 4222 995 4292 μῦς
1025 4224 1219 4295 πίττης
1247 4224 1488 4292 γεύεται.

1923 4236 2037 4280 tum
2068 4226 2357 4296 quadravit
2399 4243 2412 4279 :
2443 4226 2559 4280 Mus
2582 4213 2788 4280 scilicet
2821 4225 2996 4294 picem
3027 4224 3282 4296 gustavit.

835 4329 1056 4382 ΕΠΙΣΤ.
1102 4326 1228 4382 ΚΕ’.

2504 4330 2717 4385 EPIST.
2762 4328 2930 4385 XXV.

385 4419 745 4491 Εὐσχήμονι
792 4422 1242 4490 ἀοχιεπισκόπω
1278 4420 1659 4486 Καισαρείας.
1857 4407 1900 4463 D

1857 4407 1900 4463 ί)
2181 4419 2526 4475 Euschemoni
2557 4422 2813 4476 Caesarea:
2842 4422 3245 4492 archiepiscopo.

1479 4532 1745 4581 Montacut.
1786 4533 1887 4595 (ep.
1922 4532 2033 4593 175,
2064 4547 2115 4596 p.
2148 4533 2283 4597 245).

313 4637 489 4694 Ούδέν
542 4641 875 4711 θαυμαστὸν,
934 4645 981 4697 εί
1035 4643 1109 4715 μὴ
1158 4648 1271 4707 τοῖς
1318 4643 1546 4706 δικαίοις
1590 4645 1830 4706 ἆπαντες

2002 4643 2196 4698 Mirum
2239 4659 2348 4698 non
2382 4654 2487 4709 est,
2527 4644 2571 4699 si
2604 4645 2765 4715 justis
2792 4644 3104 4699 hominibus
3127 4642 3364 4714 plerique
3392 4658 3507 4698 om-

249 4730 562 4802 χαίρουσιν·
611 4733 727 4787 ἀλλ’
772 4738 949 4789 ἐκεῖνο
995 4735 1308 4806 Θαυμαστὸν
1347 4737 1412 4789 ἂν
1459 4731 1527 4805 ἦν
1573 4735 1669 4789 καὶ
1708 4735 1797 4788 λία

1954 4750 2027 4790 les
2060 4736 2204 4791 haud
2235 4737 2394 4807 plane
2432 4737 2792 4792 delectantur.
2825 4737 2960 4792 Illud
2989 4745 3166 4790 autem
3200 4736 3506 4791 mirandum

249 4820 494 4891 ἐνδίκως,
531 4825 580 4877 εί
612 4826 815 4891 πάντες
858 4827 951 4880 ὑπ’
985 4827 1284 4899 ὀφθαλμοῖς
1316 4829 1415 4898 τῆς
1455 4827 1611 4897 δίκης
1642 4827 1797 4880 ἐπολι

1957 4829 2120 4899 uagis,
2150 4829 2195 4884 si
2246 4839 2503 4898 tanquam
2536 4830 2590 4883 in
2620 4842 2918 4899 conspectu
2944 4829 3188 4897 iustitiae,
3223 4844 3415 4885 omnes
3452 4840 3509 4884 et

246 4914 489 4971 τεύοντο.
533 4917 838 4989 Ἀγαπητὸν
880 4919 923 4973 δ’
952 4921 1111 4992 ἐμοὶ,
1148 4921 1251 4974 κᾶν
1282 4922 1330 4974 οί
1374 4920 1592 4982 πλείους
1636 4920 1796 4989 εῖησα

1954 4920 2127 4989 iuguli
2159 4922 2285 4977 vita:
2310 4936 2528 4976 cursum
2561 4922 2870 4975 instituant.
2892 4921 3017 4975 Mihi
3052 4920 3250 4975 sullicit
3280 4922 3323 4975 si
3355 4921 3506 4990 plus-

250 5006 405 5079 (ὅπερ
438 5010 539 5062 οὐκ
568 5011 718 5083 ἐστὶ)
770 5012 912 5081 φίλοι
940 5013 1033 5066 τοῦ
1073 5014 1306 5067 δικαίου.
1340 5012 1552 5083 Μερίδα
1585 5012 1685 5082 μὲν
1718 5012 1802 5083 γάι

1951 5010 2035 5065 :uli
2074 5011 2217 5078 sint;
2251 5018 2310 5064 ut
2335 5020 2483 5066 certe
2525 5011 2682 5081 pauci
2732 5019 2864 5064 sunt
2904 5010 3057 5074 tales,
3102 5011 3195 5080 qui
3238 5011 3503 5079 justitiam

251 5098 435 5172 ὀλίγην
463 5104 575 5176 ὁρῶ
609 5105 884 5176 ῥέπουσαν
928 5108 1007 5171 εἰς
1030 5107 1398 5176 δικαιοσύνην,
1428 5107 1489 5159 τὸ
1534 5106 1592 5159 δὲ
1625 5104 1803 5175 πλῆθος

1952 5111 2335 5157 :onsectantur.
2369 5102 2582 5157 Partem
2605 5117 2737 5156 sane
2760 5118 2868 5156 non
2888 5117 3134 5172 magnam
3157 5102 3222 5156 ad
3240 5101 3504 5172 justitiam

254 5187 571 5260 ὲπισύρεται
597 5198 631 5265 ἡ
657 5196 860 5250 ἀδικία.
892 5197 1024 5250 Ὅτε
1061 5198 1243 5251 τοίνυν
1273 5196 1449 5259 οὕτως
1475 5195 1589 5267 ἔχει
1617 5193 1790 5248 ταῦτα

1956 5194 2212 5249 :olendam
2231 5208 2534 5265 propensos
2554 5193 2734 5257 video,
2757 5193 3167 5248 multitudinem
3193 5194 3259 5247 ad
3284 5208 3342 5247 se
3367 5194 3508 5262 rapit

252 5280 304 5332 τί
335 5280 536 5353 δήποτε
571 5288 752 5353 ἀλύεις
783 5289 847 5342 σὺ
896 5289 992 5342 καὶ
1023 5289 1349 5359 ἀσχάλλεις,
1386 5289 1467 5342 ὃτι
1496 5288 1558 5341 τὸ
1594 5286 1803 5339 δίκαιον

1952 5285 2220 5356 njustitia.
2248 5284 2375 5339 Haec
2398 5285 2471 5339 ita
2502 5300 2561 5340 se
2587 5285 2811 5350 habere,
2847 5284 2976 5354 quid
3007 5292 3122 5339 tute
3152 5284 3385 5346 haesitas,
3412 5284 3503 5351 qui

258 5364 337 5435 οἷς
369 5376 517 5429 ἐστιν
548 5377 767 5443 οἰκεῖον,
799 5381 1107 5452 ἀπονέμων,
1138 5381 1243 5434 ὑπὸ
1271 5380 1381 5433 τῶν
1409 5379 1477 5432 τά
1508 5378 1694 5432 δίκαια
1734 5393 1810 5447 μι·

1954 5393 2057 5432 :um
2093 5377 2240 5448 juste
2285 5377 2553 5446 justitiam
2598 5376 2687 5431 cui
2728 5377 2959 5432 debetur
3019 5376 3384 5431 administras.
3439 5375 3506 5425 ab

261 5463 493 5520 σούντων
525 5469 626 5539 τὴν
668 5470 789 5539 ἴσην
821 5471 979 5543 ὕϐριν
1012 5474 1329 5544 ὑπομένεις.
1360 5471 1681 5525 Τοὺνάντιον
1720 5469 1813 5538 γὰρ

1954 5469 2040 5523 llis
2069 5469 2267 5538 quibus
2292 5469 2502 5538 justum
2541 5468 2686 5537 quod
2720 5478 2822 5529 est,
2860 5467 3106 5522 odiosum
3147 5476 3250 5528 est,
3304 5464 3506 5534 pariter

260 5551 421 5627 ὲχρῆν
452 5577 512 5613 σε
547 5560 964 5633 σκυθρωπάζειν
1006 5567 1097 5618 καὶ
1137 5565 1320 5635 ζητεῖν
1345 5562 1500 5617 λύσιν
1529 5560 1708 5632 εὑρεῖν
1732 5558 1812 5612 τοῐ

1955 5570 2183 5631 'eportas
2221 5559 2632 5615 contumeliam.
2674 5560 2909 5616 Omnino
2938 5569 2989 5613 te
3016 5557 3198 5613 decuit
3232 5555 3507 5611 contrario

1572 5715 1807 5770 ἾΑΒΗΕ
1846 5714 2255 5771 LECTIONES.

373 5857 392 5891 ι
423 5856 742 5927 ἐπεύχομαι.
