3930 6426
1348 470 1468 529 ΕΓ]
1477 470 1563 528 ST
1573 465 1770 527 OLAR

1875 461 1892 522 l
1928 460 2159 521 LIBER
2197 461 2280 520 II.
3322 450 3430 513 842

181 487 279 553 841
1348 487 1464 529 Μ’]
1478 487 1770 528 aluum

178 602 328 651 λυται
349 610 363 623 ·
403 593 488 663 μὴ
510 590 689 645 τοίνυν
720 590 918 657 ἀθύμει
942 586 1145 652 ταύτην
1163 582 1325 652 ὁρῶν,
1357 580 1421 634 τὸ
1447 578 1759 647 λεγόμενον,

1875 487 1892 522 ι
1928 487 2159 521 ιιιῡιδιι
2198 487 2280 520 ιι.
3322 487 3430 513 usta

1875 581 1971 636 Lur,
2002 571 2325 640 quantocius
2373 568 2688 637 dissipatur.
2725 562 2846 618 Noli
2894 562 3146 633 quocirca
3196 561 3432 633 despon-

175 687 355 757 γυμνῇ
372 654 448 754 τῇ
476 654 688 752 κεφαλῇ
706 654 1114 750 θρασυνομένην
1149 675 1244 728 καὶ
1263 667 1764 741 ἀπηρυθριασμένῳ

1875 664 1996 717 dere
2022 662 2288 727 animum,
2320 662 2363 715 si
2406 660 2551 731 quod
2598 658 2703 713 dici
2740 657 2896 721 solet,
2921 664 3108 727 aperte
3157 662 3211 709 et
3235 654 3438 710 nudato

506 746 646 828 κατὰ
662 746 913 826 ππάντων
950 746 1390 834 ’ἀσελγαίνουσαν
1413 779 1429 795 ο
1476 760 1677 831 βραχὺς
1736 760 1766 811 6

1875 754 2061 823 sapite,
2114 754 2399 808 audaciam
2447 752 2594 807 illam
2642 749 2830 804 videas
2878 746 3324 814 insolescentem,
3379 753 3439 802 et

175 848 387 941 χρόνος,
424 867 522 920 καὶ
557 869 639 928 εἰς
695 863 991 935 διαφθορὰν
1022 859 1191 929 αὐτὴν
1235 856 1377 925 ὄψει,
1405 854 1504 906 σὺν
1546 848 1767 921 μεγάλῳ

176 968 290 1036 ἤχῳ
327 961 860 1034 καταστρέφουσαν·
936 956 1080 1026 ἔχεις
1104 954 1162 1007 δὲ
1206 949 1422 1005 καὶτὸν
1472 946 1766 1017 Προφήτην

176 1056 298 1125 ἐμοὶ
363 1053 911 1125 συμφθεγγόμενονθ⁸
952 1045 1133 1102 Εἶδον
1185 1044 1291 1098 τὸν
1344 1040 1533 1109 ἀσεϐῆ
1582 1040 1765 1105 ὑπερ-

177 1149 532 1216 υψούμενον
561 1145 659 1198 καί
697 1142 1105 1210 ἐπαιρόμενον,
1136 1139 1216 1203 ὡς
1242 1135 1349 1201 τὰς
1382 1132 1631 1200 κέδρους
1654 1127 1761 1182 τοῦ

178 1238 462 1299 Λιϐάνου.
492 1238 593 1292 καὶ
622 1235 927 1305 παρῆλθεν
941 1243 992 1299 ιι,
1029 1232 1129 1287 καὶ
1158 1230 1288 1284 ἰδοὺ
1335 1229 1446 1283 οὐκ
1468 1223 1546 1297 ἦν
1565 1242 1578 1254 ·
1630 1222 1759 1291 ἐζή-

178 1349 330 1400 τησα
365 1331 580 1397 αὑτὸν,
620 1330 715 1383 καὶ
757 1330 869 1396 οὺχ
906 1326 1121 1394 εὑρέθη
1160 1326 1194 1377 ὁ
1229 1322 1412 1386 τόπος
1447 1316 1657 1373 αὐτοῦ.

818 1568 1039 1622 ΕΙΙΙΣΤ.
1076 1568 1155 1619 A'.

399 1664 664 1733 Ζαχαρία
701 1660 1109 1730 μητροπολίτῃ
1158 1658 1530 1725 Ἀντιοχείας.

1861 844 1917 897 in
1946 854 2243 913 conspectu
2297 854 2487 899 contra
2515 858 2704 897 omnes
2744 855 2857 897 non
2904 839 3257 894 erubescente
3283 838 3439 913 vultu

1862 936 2255 991 lascivientem.
2296 935 2533 1006 Tempus
2559 936 2725 990 breve
2753 924 3117 996 interveniet;
3139 947 3263 987 cum
3288 910 3437 986 illam

1868 1026 2082 1082 videbis
2117 1043 2245 1082 cum
2294 1028 2499 1098 ingenti
2528 1027 2710 1082 sonitu
2758 1026 2814 1079 in
2849 1024 3146 1095 perniciem
3187 1023 3437 1094 prmcipi-

1869 1128 2059 1174 tatam.
2116 1121 2295 1190 Atque
2338 1119 2427 1174 hic
2459 1118 2592 1174 mihi
2631 1117 3061 1174 consentientem
3107 1116 3438 1186 Prophetam

1867 1207 2063 1264 habes.
2098 1209 2239 1276 Vidi,
2279 1210 2458 1263 aiebat
2504 1208 2613 1273 ille,
2649 1208 2867 1277 impium
2904 1206 2958 1260 in
2990 1206 3201 1259 sublimi
3232 1205 3438 1259 exalta-

1863 1313 1998 1367 tum,
2051 1311 2099 1356 et
2128 1311 2383 1372 tanquam
2415 1320 2442 1356 e
2500 1303 2665 1356 cedria
2706 1301 2896 1355 Libani
2939 1301 3175 1361 elatum;
3222 1308 3438 1367 prwter-

1859 1394 2005 1447 ibam
2034 1410 2173 1459 vero,
2228 1402 2277 1447 et
2307 1410 2419 1447 ecce
2449 1411 2550 1446 non
2576 1403 2689 1447 erat
2710 1411 2728 1448 :
2759 1395 3057 1465 qurerebam
3095 1408 3231 1457 eum,
3259 1400 3305 1445 et
3336 1399 3440 1444 non

1871 1494 1944 1537 est
1978 1485 2216 1538 inventus
2244 1484 2384 1538 locus
2418 1485 2531 1553 ejus
2569 1485 2607 1537 '.

2438 1574 2654 1630 EPIST.
2694 1572 2859 1628 XXX.

2146 1664 2421 1721 Zacharia:
2452 1666 2793 1735 metropolitw
2818 1665 3153 1719 Antiaclzeno.

1421 1776 1689 1826 Montacut.
1718 1776 1823 1840 (ep.
1846 1776 1952 1839 191,
1988 1794 2036 1842 p.
2064 1782 2198 1846 289).

270 1891 312 1941 Ο
345 1890 622 1959 μακάριος
652 1888 748 1942 καὶ
780 1888 921 1951 θεῖος
956 1887 1190 1952 Παῦλος,
1217 1890 1246 1942 6
1274 1887 1383 1941 τῶν
1426 1887 1596 1940 ἐθνῶν
1627 1885 1763 1939 ἀπό-

1936 1889 2136 1946 Beatus
2187 1900 2243 1947 et
2285 1893 2502 1948 divinus
2554 1891 2773 1959 Paulus,
2835 1894 3079 1963 gentium
3136 1890 3435 1958 apostolus,

182 1983 385 2045 στολος,
424 1983 527 2035 καὶ
564 1981 664 2050 τῆς
694 1981 1020 2052 οἰκουμένης
1054 1981 1399 2045 διδάσκαλος,
1428 1982 1457 2033 6
1479 1979 1571 2031 τὸν
1598 1977 1765 2048 γύρον

184 2078 390 2129 ἅπαντα
437 2075 544 2144 τῆς
587 2075 690 2143 γῆς
730 2073 1039 2145 περιλαϐὼν
1066 2072 1143 2143 τῷ
1172 2076 1513 2143 κηρύγματι,
1554 2061 1710 2133 οὗτος
1739 2073 1767 2123 ὁ

182 2167 253 2236 τῷ
276 2166 523 2237 οὐρανίῳ
556 2166 865 2229 παιδευθεὶς
893 2164 1248 2235 διδασκαλείῳ
1270 2164 1363 2216 καὶ
1385 2162 1493 2216 τῶν
1521 2164 1765 2235 ἀπορρή-

185 2276 284 2312 των
310 2259 541 2312 ἐκείνων
562 2262 629 2331 ρη
641 2258 1064 2329 μάτωνεπρῶτος
1088 2257 1437 2328 ἀνθρωπίνην
1457 2256 1627 2326 ἀκοὴν
1647 2256 1765 2307 ἐπι-

185 2353 354 2419 δείξας
394 2354 689 2423 κατήκοον,
734 2351 1001 2421 πολλαχοῦ
1033 2353 1156 2414 τοὺς
1189 2349 1437 2421 μαθητὰς
1481 2350 1581 2418 τῆς
1628 2349 1765 2419 μετά

188 2444 285 2497 τῶν
338 2444 567 2512 φαύλων
616 2443 901 2512 διατριϐῆς
951 2442 1265 2512 ἁπείργων,
1309 2441 1470 2502 αὐτὸς
1506 2440 1566 2492 ού
1607 2444 1765 2509 μόνον

190 2537 343 2606 συνῆν
366 2536 463 2589 καὶ
494 2535 973 2604 συνανεστρέφετο,
999 2533 1135 2586 ἀλλὰ
1159 2535 1251 2585 καί
1272 2531 1395 2597 τοῖς
1421 2534 1667 2600 ἀνόμοις
1689 2532 1769 2597 ὠς

190 2629 402 2696 ἄνομος
416 2628 853 2681 συνδιετιθετο.
872 2628 937 2680 Τί
954 2627 1140 2691 τοῦτο;
1170 2628 1261 2694 Μὴ
1279 2635 1388 2697 γάρ
1405 2626 1508 2679 ἀπε
1516 2643 1547 2697 ρ
1565 2625 1770 2696 ἑτέροις

189 2722 517 2791 ἀπέτρεπεν,
550 2720 711 2782 αὐτὸς
734 2720 858 2773 καθ’
888 2719 1080 2789 ἡδονὴν
1129 2719 1425 2789 ἐπραττεν;
1453 2719 1485 2788 ἢ
1524 2718 1634 2769 τῶν
1664 2734 1767 2785 μα-

191 2812 359 2881 θητῶν
416 2814 524 2883 μὲν
554 2814 613 2864 τὸ
652 2812 892 2879 ἀσφαλὲς
920 2810 1199 2870 διετίθετο,
1235 2808 1414 2878 ἑαυτῷ
1438 2810 1493 2861 δὲ
1523 2809 1622 2877 τὴν
1648 2807 1770 2876 βλά-

190 2905 281 2974 ϐην
308 2906 634 2974 εἰσέφερεν;
673 2904 899 2973 ἢλήθην
933 2903 1070 2972 ἔχων
1105 2896 1178 2955 ὧν
1229 2901 1421 2962 ἄλλους
1464 2901 1767 2961 ἐπαίδευεν,

191 2996 337 3060 αὐτὸς
372 2997 643 3049 τάναντία
660 2996 920 3066 ἕστεργε;
973 2995 1048 3065 μὴ
1082 2996 1291 3062 γένοιτο
1323 2992 1470 3047 Ῑάλλ’
1511 2994 1771 3061 ἑκάτερον

193 3089 383 3143 τούτων
434 3089 688 3159 ἀκριϐῶς
737 3088 1120 3153 συνεπιστατο,
1170 3087 1265 3139 καὶ
1319 3086 1382 3137 τὸ
1426 3084 1549 3137 καθ’
1582 3085 1771 3139 ἑαυτὸν

197 3182 411 3249 τέλειον,
449 3183 552 3236 καὶ
621 3182 758 3251 πρὸς
811 3180 1012 3235 κακίαν
1064 3180 1491 3250 ἀμετακίνητον,
1534 3179 1769 3234 καὶτῶν

198 3275 398 3327 πολλῶν
449 3275 513 3327 τὸ
550 3274 739 3337 ἀτελὲς
777 3275 873 3327 καὶ
904 3273 1043 3343 πρὸς
1079 3272 1147 3326 τά
1185 3272 1353 3344 χείρω
1393 3274 1762 3343 εύέμπτωτον.

198 3363 369 3419 Ταῦτα
389 3366 448 3418 δὲ
488 3364 672 3426 καλῶς
724 3363 881 3426 εἰδὼς
907 3366 1002 3419 καὶ
1031 3364 1508 3431 συνεπιστάμενος,
1541 3363 1770 3419 ἐκείνοις

201 3457 289 3525 μὲν
329 3459 428 3523 τὰς
458 3462 525 3513 ὲκ
558 3460 669 3512 τῶν
700 3456 1015 3525 ἐπισφαλῶς
1041 3454 1299 3526 βιούντων
1335 3453 1538 3523 βλασὰς
1571 3452 1768 3506 ἀνακό-

200 3566 336 3603 πτων
386 3552 481 3605 καὶ
532 3549 977 3619 ἁποκρουόμενος
1013 3548 1115 3615 τῆς
1164 3546 1280 3617 μετ’
1335 3545 1512 3598 αὐτῶν
1559 3546 1769 3613 διαίτης

199 3646 285 3698 καὶ
321 3646 675 3716 ἀναστροφῆς
696 3643 992 3697 διεκώλυεν
1010 3659 1023 3673 ’
1052 3642 1242 3694 ἑαυτὸν
1270 3641 1325 3693 δὲ
1350 3642 1444 3693 καὶ
1468 3643 1548 3703 είς
1571 3640 1769 3711 μέσους

208 3738 376 3806 φέρων
418 3740 607 3810 ἠφίει,
656 3737 752 3791 καὶ
787 3736 1115 3807 ὁμοῤῥόφιος
1142 3736 1325 3797 αὐτοῖς
1354 3734 1637 3798 πολλάκις,
1678 3734 1771 3785 καὶ

202 3829 495 3898 ὁμοδίαιτος
535 3830 931 3901 ἐχρημάτιζεν·
971 3829 1033 3881 οὐ
1071 3828 1256 3890 δεδίως
1294 3828 1581 3897 μετασχεῖν
1615 3824 1771 3896 κηλῖ-

200 3920 281 3985 δος
304 3923 404 3993 τῆς
443 3923 578 3993 παρ’
612 3925 821 3976 αὐτῶν·
848 3920 1067 3994 θαρρῶν
1098 3921 1155 3974 δὲ
1186 3922 1276 3974 καὶ
1312 3918 1641 3990 μεταδώσειν
1672 3919 1773 3989 τῆς

204 4012 415 4085 ἐνούσης
438 4014 811 4086 καθαρότητος
825 4031 840 4048 ο
860 4012 1004 4067 οὓτω
1024 4012 1314 4082 τοιγαροῦν
1331 4014 1358 4067 6
1375 4013 1534 4075 αὐτὸς
1551 4012 1772 4077 σκοπὸς,

204 4107 233 4175 ή
258 4106 373 4159 τῶν
401 4109 613 4179 ψυχῶν,
647 4109 809 4179 φημὶ,
857 4107 1121 4177 σωτηρία,
1150 4106 1237 4159 διὰ
1266 4106 1373 4159 τῶν
1404 4107 1663 4159 ἐναντίων
1698 4105 1774 4175 τῷ

209 4202 451 4272 μακαρίῳ
495 4201 693 4272 Παύλῳ
735 4200 1087 4272 ὲπεραίνετο’
1124 4197 1288 4252 αὐτοῦ
1357 4198 1455 4269 μὲν
1507 4186 1616 4251 τῶν
1674 4199 1774 4250 οὐκ

207 4287 405 4357 εὐαγῶς
456 4292 717 4363 βιούντων
765 4293 863 4363 τὴν
913 4290 1150 4357 σύνοδον,
1204 4292 1295 4344 ἐπὶ
1338 4291 1622 4361 διορθώσει
1666 4292 1774 4344 τῶν

210 4379 465 4436 συνόντων
508 4383 570 4434 οὐ
616 4384 1097 4453 παραιτουμένουο
1148 4384 1275 4445 τοὺς
1304 4382 1361 4436 δὲ
1399 4383 1647 4455 μαθητὰς
1676 4384 1776 4436 οῦκ

210 4466 390 4535 ἐῶντος
422 4474 821 4543 παραπλησίως
843 4474 1123 4544 πράττειν,
1154 4473 1239 4525 ἵνα
1273 4474 1347 4544 μὴ
1381 4474 1617 4544 χρηστὸν
1644 4470 1775 4545 ἦθος

213 4564 392 4653 tta-fati;
418 4564 660 4634 ὁμιλίαις
695 4564 1172 4653 ὲνδιαφθείροιντο.
1199 4564 1345 4633 Πρὸς
1379 4564 1432 4616 τί
1463 4564 1521 4617 δέ
1552 4582 1643 4635 μοι
1674 4569 1776 4634 ἀφ-
1804 4593 1858 4653 D

212 4647 304 4716 0ρᾷ
328 4650 354 4701 6
376 4654 557 4720 λόγος,
595 4656 691 4709 καί⁷
719 4658 772 4708 τί
807 4655 1096 4727 βούλεται;
1135 4652 1171 4728 ἦ
1204 4655 1362 4723 δῆλον
1395 4656 1477 4710 ὅτι
1524 4660 1585 4712 τὸ
1636 4669 1786 4732 παρά

212 4736 302 4828 τῆς
322 4737 473 4806 ὑμῶν
504 4745 841 4815 τελειότητος
861 4744 1070 4798 διαλύει
1098 4746 1537 4816 προτεινόμενον.
1575 4751 1785 4828 Ὥσπερ

213 4824 313 4896 γὰρ
355 4832 456 4885 οὐκ
504 4829 574 4902 ἦν
619 4834 720 4902 μὲν
771 4840 884 4900 τοῖς
917 4838 1166 4892 ἀτελέσιν
1212 4841 1299 4891 ἐπ’
1329 4838 1576 4906 ἐξουσίας
1615 4824 1781 4918 ἔχειν,

220 4920 349 4982 μετὰ
369 4923 476 4975 τῶν
506 4925 725 4993 φαύλων
759 4929 1268 5002 συναναφύρεσθαν
1298 4931 1506 4997 Παῦλος
1535 4934 1591 4988 δὲ
1614 4938 1786 5007 πράτ-

214 5022 333 5071 των,
360 5011 495 5083 ὃπερ
533 5015 762 5085 ἀπεῖργε
783 5058 798 5082 ,
831 5022 925 5073 καὶ
968 5022 1471 5094 διοικονομούμενος
1520 5031 1783 5099 κατεφαί-

218 5116 348 5199 νετο,
380 5107 674 5199 κερδαίνων
704 5112 902 5179 μᾶλλον
932 5113 992 5178 ἐξ
1018 5108 1091 5168 ὧν
1116 5115 1296 5180 ἀλλοις
1338 5118 1550 5191 ὑπῆρχε
1582 5122 1643 5174 τὸ
1663 5124 1788 5175 ὲπι-

218 5188 424 5282 ζὴμιον·
470 5197 611 5251 οῦτω
651 5201 757 5271 χρὴ
795 5204 890 5256 καὶ
932 5207 1175 5274 περὶτοῦ
1224 5188 1630 5280 διορισμοῦντῆς
1668 5230 1789 5282 τρι-

220 5281 359 5371 stic;
402 5284 731 5355 λογίζεσθαι,
767 5292 834 5361 ἢν
870 5294 963 5345 ἐπὶ
987 5294 1093 5347 τῶν
1113 5298 1448 5367 προσιόντων
1491 5300 1568 5371 τῷ
1604 5281 1791 5371 μονάδι

223 5365 317 5459 βίῳ
341 5374 368 5425 ὁ
404 5377 639 5449 ἀκριϐὴς
669 5380 823 5448 λόγος
856 5365 1166 5450 διωρίσατο,
1201 5386 1341 5449 Τοὺς
1387 5387 1486 5457 μὲν
1662 5391 1793 5443 πολ-

221 5455 335 5526 λοὺς
372 5472 463 5522 καὶ
500 5469 787 5541 δεομένους
817 5476 1280 5546 προκαθάρσεως,
1321 5455 1545 5549 ἄμεινον
1582 5455 1793 5538 ὲτκεῖθεν

294 5615 472 5678 ‘Psal.
496 5641 681 5693 xxxvi,
724 5629 815 5684 55.
890 5631 958 5685 ‘1
994 5634 1121 5690 Cor.
1156 5652 1231 5701 ix,
1274 5638 1365 5693 2i.

1812 3235 1836 3255 π
1873 3185 2140 3239 deteriora
2183 3204 2194 3237 :

1866 1986 2056 2039 mundi
2090 1987 2301 2049 doctor,
2344 1987 2435 2057 qui
2466 1995 2609 2041 totos
2642 1995 2802 2041 terra:
2843 1985 3068 2056 angulos
3098 1984 3441 2054 praedicando

1866 2078 2291 2132 circumiit:ille
2330 2079 2536 2133 caelesti
2580 2077 2890 2148 magisterio
2942 2076 3187 2139 edoctus,
3242 2084 3298 2130 et
3354 2075 3442 2129 in-

1867 2171 2254 2225 enarrabilium
2301 2185 2614 2226 sermonum
2665 2158 2940 2240 princeps,
2977 2169 3240 2220 humanas
3283 2178 3443 2219 aures

1867 2264 2154 2319 audientes
2186 2264 2417 2328 habens,
2447 2263 2633 2318 multis
2667 2263 2719 2315 in
2761 2262 2895 2317 locis
2923 2260 3218 2329 discipulos
3242 2274 3273 2312 a
3307 2272 3443 2311 con-

1866 2356 2175 2410 versatione
2202 2356 2494 2426 impiorum
2524 2354 2837 2415 excludens,
2880 2368 2988 2406 non
3020 2360 3228 2404 tantum
3257 2364 3439 2404 versa-

1869 2454 1955 2498 tus
1975 2454 2058 2499 est
2082 2446 2197 2515 ipse
2220 2462 2342 2499 cum
2365 2444 2717 2515 ejuscemodi,
2739 2443 2831 2497 sed
2852 2451 2906 2496 et
2926 2443 3036 2494 sine
3067 2441 3176 2512 lege
3204 2441 3445 2495 eminen-

1868 2539 2003 2591 tibus
2048 2539 2183 2591 velut
2225 2537 2375 2591 exlex
2439 2536 2663 2589 convirit
2690 2536 2733 2588 ’.
2789 2534 2928 2600 Quid
2966 2534 3201 2587 autem?
3254 2536 3334 2587 An
3383 2544 3445 2588 ut

1868 2630 1987 2699 ipse
2026 2629 2257 2683 libenter
2293 2637 2494 2698 ageret,
2551 2626 2695 2695 quod
2742 2625 2961 2694 reliquis
3004 2640 3111 2679 non
3157 2623 3446 2694 permisit?

1871 2737 1939 2774 an
1980 2720 2369 2789 discipulorum
2418 2718 2697 2773 securitati
2731 2727 2787 2770 ut
2815 2717 3145 2786 provideret,
3175 2717 3290 2786 ipse
3337 2716 3445 2771 sibi

1872 2818 2130 2871 damnum
2165 2817 2368 2871 creavit
2396 2816 2418 2869 ?
2442 2832 2510 2868 an
2558 2816 2759 2869 oblitus
2796 2829 2985 2867 eorum
3013 2829 3133 2882 qua?
3163 2827 3447 2883 suggesse-

1872 2918 1974 2973 rat,
2012 2910 2131 2963 aliis
2166 2910 2432 2964 contraria
2468 2907 2684 2962 obivit?
2722 2907 2897 2961 absit!
2928 2914 3221 2974 utrumque
3246 2904 3450 2974 optime

1872 3011 2116 3065 noverat,
2140 3016 2197 3053 se
2227 3000 2616 3069 perfectionem
2652 3009 2963 3052 assecutum
3013 2996 3345 3051 immobilem
3381 2995 3446 3048 ad

1872 3092 2095 3156 malum,
2127 3092 2357 3145 aliorum
2404 3090 2846 3161 imperfectiones
2891 3100 2945 3143 et
2972 3103 3134 3158 quam
3171 3087 3356 3141 labiles
3384 3086 3452 3140 ad

2252 3184 2446 3237 horum
2502 3182 2756 3237 conscius
2800 3191 2853 3235 et
2900 3181 3241 3251 intelligens,
3285 3178 3451 3234 disci-

1874 3279 2012 3348 pulis
2052 3278 2290 3332 inhibuit
2323 3292 2677 3347 congressum
2715 3285 2771 3330 et
2799 3274 3268 3330 conversationem
3327 3286 3454 3325 cum

1875 3369 2139 3439 improbis
2172 3412 2187 3434 ,
2242 3368 2544 3439 praecidens
2599 3382 2795 3437 nempe
2845 3367 3041 3421 damna
3089 3373 3145 3419 et
3191 3363 3456 3418 amoliens

1875 3462 2072 3516 exinde
2133 3458 2312 3514 futura
2347 3478 2359 3513 :
2388 3460 2624 3529 scipsum
2656 3458 2868 3511 medius
2892 3456 3094 3517 intulit,
3128 3454 3230 3509 sub
3264 3454 3457 3509 eodem

1878 3570 2019 3624 saepe
2075 3536 2374 3608 tecto'eum
2424 3551 2513 3615 iis,
2568 3549 2844 3605 eteadem
2896 3562 3084 3603 mensa
3136 3546 3458 3601 familiarius

1874 3655 2166 3700 versatus:
2212 3658 2390 3712 neque
2439 3642 2586 3697 enim
2628 3640 2897 3696 maculam
2935 3641 3003 3695 ab
3042 3640 3107 3694 iis
3144 3639 3455 3692 metuebat:

1879 3736 1989 3790 imo
2020 3736 2550 3790 communicaturum
2584 3748 2642 3787 se
2663 3731 2944 3787 conﬁdens
2961 3731 3029 3786 de
3060 3732 3294 3801 puritate
3324 3746 3457 3785 sua:

1880 3838 2040 3897 atque
2090 3828 2164 3881 ita
2202 3826 2492 3881 contrariis
2518 3825 2621 3879 viis
2645 3825 2709 3878 ad
2745 3824 2992 3877 eumdem
3034 3822 3193 3875 finem
3229 3831 3461 3875 conten-

1878 3922 2043 3975 debat
2088 3918 2308 3983 Paulus,
2352 3933 2455 3973 nec
2503 3916 2796 3972 declinavit
2846 3915 3155 3970 convictum
3210 3914 3461 3983 improbe

1880 4010 2199 4075 viventium,
2227 4010 2297 4063 ob
2327 4008 2725 4063 correctionem
2761 4021 2947 4060 secum
2983 4004 3335 4069 versantinm,
3371 4020 3464 4074 pa-

1880 4104 1960 4157 ria
1983 4102 2267 4157 admittere
2298 4116 2406 4153 non
2434 4100 2621 4155 sineris
2658 4098 2970 4168 discipulos,
3008 4112 3078 4151 ne
3107 4095 3235 4151 boni
3280 4110 3463 4150 mores

1880 4197 2039 4251 malis
2066 4193 2570 4250 conversationibus
2600 4200 3105 4261 corrumperentur.
3153 4187 3272 4252 Quo
3333 4201 3462 4257 spe-

1881 4298 2011 4355 ctat,
2040 4288 2170 4358 quid
2189 4287 2306 4342 vult
2335 4285 2436 4345 sibi
2476 4287 2591 4341 hzec
2622 4284 2798 4339 oratio
2825 4285 2847 4336 ?
2877 4293 3025 4339 certe
3048 4281 3205 4337 solvit
3225 4295 3254 4334 a
3284 4290 3463 4334 vestra

1882 4382 2214 4454 perfectione
2264 4379 2620 4450 quaestionem
2674 4376 3050 4446 propositam;
3084 4372 3217 4427 Nam
3248 4380 3308 4425 ut
3359 4372 3465 4423 im-

1882 4474 2109 4545 perfecti
2136 4473 2447 4527 facultatem
2472 4486 2580 4524 non
2607 4469 2882 4523 habebant
2907 4468 3077 4522 libere
3102 4480 3226 4520 cum
3256 4466 3462 4531 impro-

1883 4568 1965 4623 bis
1996 4564 2259 4620 miscendi
2290 4579 2348 4619 se
2375 4578 2391 4617 :
2422 4572 2480 4616 at
2527 4561 2727 4617 Paulus
2790 4561 2993 4615 faciens
3031 4558 3174 4628 quod
3205 4556 3461 4625 prohibe—

1884 4658 1995 4723 bat,
2028 4668 2081 4709 et
2106 4657 2251 4725 quod
2295 4654 2473 4708 facere
2499 4652 2845 4715 cernebatur,
2898 4659 2957 4703 ut
3000 4645 3341 4702 lucrifaceret
3371 4658 3458 4708 eo,

1884 4750 2027 4820 quod
2054 4748 2173 4801 aliis
2221 4747 2481 4801 damnum
2526 4752 2777 4799 crearet:
2812 4745 2886 4796 ita
2920 4749 3132 4810 Oportet
3156 4747 3212 4792 et
3252 4738 3319 4793 de
3365 4737 3466 4791 tria

1886 4842 2015 4896 enni
2059 4839 2439 4909 exploratione
2479 4844 2720 4892 statuere
2762 4876 2777 4901 ,
2826 4849 2989 4904 quam
3047 4830 3237 4886 statuit
3274 4838 3464 4883 exacta

1885 4932 2169 5002 disciplina
2210 4947 2335 5003 erga
2367 4928 2727 4984 monasticam
2758 4925 3154 4997 professionem
3187 4920 3459 4976 facturos:

1884 5025 2106 5088 multos,
2164 5032 2352 5092 utp0te
2379 5020 2757 5091 purificatione
2790 5017 3110 5088 indigentes,
3139 5014 3333 5067 melius
3381 5019 3467 5065 est

1885 5116 2070 5172 subire
2126 5115 2272 5168 illam
2314 5112 2741 5182 explorationem
2771 5126 2787 5174 ;
2820 5118 2875 5161 at
2922 5107 3013 5177 qui
3045 5120 3105 5160 se
3132 5103 3284 5174 prius
3330 5118 3466 5173 pur-

1885 5218 2072 5281 gantes
2124 5208 2290 5262 vitam
2346 5208 2535 5260 ineunt
2586 5201 3035 5275 philosophicam,
3084 5212 3194 5253 non
3239 5212 3467 5252 necesse

1887 5303 2089 5357 habent
2139 5302 2365 5372 praecise
2400 5300 2531 5355 illud
2569 5308 2784 5367 tempus
2816 5296 3105 5351 observare
3135 5312 3148 5347 :
3204 5291 3465 5362 quemad-

1888 5392 2109 5447 modum
2164 5392 2220 5446 in
2248 5392 2317 5446 iis
2346 5391 2439 5460 qui
2467 5390 2608 5445 hanc
2640 5388 2808 5445 vitam
2860 5385 3171 5452 instituunt,
3196 5383 3364 5437 multa
3413 5390 3468 5436 et

1892 5500 2088 5555 magna
2124 5483 2432 5540 diiIerentia
2474 5480 2770 5547 invenitur,
2824 5488 2879 5536 et
2916 5479 3129 5534 diversa
3177 5483 3467 5545 eaproptcr

1559 5767 1796 5827 VARUS
1824 5764 2229 5824 LECTIONES.

409 5912 497 5968 ῑσ.
538 5919 840 5990 παρῆλθον.

458 6009 727 6076 Parion.
768 6015 883 6075 Gn.
915 6012 1040 6077 Cll.

3150 5995 3231 6061 27
