3930 6440
372 456 481 520 843

1451 417 1456 422 ’
1513 469 1773 530 ΡΠΟΤΠ
1814 463 2312 539 PATRIARCI—LE
2352 471 2461 533 cr.

3513 477 3623 542 8M

370 567 671 636 exploratio
726 573 1078 628 conceditur:
1131 576 1201 630 ita
1233 577 1451 646 etquod
1485 593 1579 633 eos
1601 579 1789 650 tangit,
1841 580 1926 647 qui

2037 579 2134 650 τὴν
2166 580 2490 651 δοκιμασίαν
2518 584 2863 654 ἐπιδέχεσθαι
2883 603 2898 618 ο
2929 585 3046 640 ὅσοι
3077 587 3136 641 δὲ
3175 588 3374 653 αὐτοὺς
3395 605 3617 659 προκα-

369 663 777 726 pracponuntur.
808 670 861 716 et
883 663 1255 720 iuformationi
1284 667 1512 722 aliorum
1541 669 1933 738 praeficiuntur,

372 761 480 801 non
512 752 700 805 eadem
730 754 1017 822 prudentia
1045 767 1138 812 aut
1187 758 1414 814 facultas
1441 760 1726 814 erudiendi
1754 769 1937 815 osten-

369 839 528 894 datur
578 860 590 896 :
621 846 874 914 quocirca
901 858 1182 918 praestaret
1214 861 1274 906 ut
1317 851 1695 922 simpliciores,
1734 853 1869 907 nihil
1906 869 1936 908 a

369 946 468 987 suo
495 933 712 1006 ingenio
745 937 964 1010 faciant,
990 943 1085 1000 sed
1113 945 1292 1000 omnia
1330 954 1512 1017 agant,
1542 945 1767 1002 canonis
1789 946 1948 1016 judi-,

367 1024 513 1079 cium
557 1028 834 1087 intuentes
861 1043 918 1088 et
957 1050 1023 1090 eo
1062 1037 1436 1094 collimantes:
1467 1037 1739 1108 praepositi
1786 1055 1934 1104 vero,

365 1114 478 1181 qui,
528 1117 616 1171 vel
674 1133 772 1188 per
815 1139 1001 1180 rerum
1041 1125 1401 1182 humanarum
1451 1128 1841 1198 experientiam
1884 1139 1938 1183 et

365 1207 704 1274 exercitium,
739 1214 824 1268 vel
851 1231 952 1286 per
990 1219 1213 1289 gratiam
1257 1229 1312 1274 et
1339 1220 1665 1290 adjutorium
1699 1221 1932 1289 caeleste,

366 1297 498 1351 satis
543 1299 794 1356 instructi
850 1316 980 1361 sunt
1038 1309 1104 1362 ad
1153 1309 1574 1365 discernendum
1619 1310 1846 1367 affectus
1883 1322 1939 1366 et

366 1387 752 1457 dispositiones
785 1395 1266 1464 admittendorum,
1316 1401 1405 1467 iis,
1437 1411 1495 1457 ut
1518 1417 1638 1457 mea
1671 1403 1777 1458 fert
1811 1419 1938 1460 sen-

373 1481 562 1546 tentia,
594 1498 707 1539 non
736 1497 819 1542 est
849 1503 988 1560 opus
1037 1501 1098 1547 ut
1139 1494 1359 1548 triennii
1409 1496 1677 1573 terminus.
1713 1500 1937 1568 praecise

364 1571 641 1641 expleatur
663 1575 961 1645 injunctus,
1009 1597 1112 1638 nec
1134 1598 1174 1638 a-
1199 1585 1385 1656 regula
1413 1586 1630 1644 deﬁciet
1673 1571 1934 1659 multum,

361 1663 557 1755 quisic
607 1664 956 1736 iudicaverit,
976 1674 1170 1744 judicii
1195 1687 1252 1731 et
1275 1679 1622 1736 conscientiae
1671 1685 1936 1755 cujusque

361 1750 600 1808 calculus
657 1765 714 1811 et
765 1759 1043 1830 discretio,
1085 1765 1141 1821 in
1167 1768 1234 1824 iis
1260 1771 1352 1841 qui
1381 1773 1563 1828 omnia
1589 1773 1658 1829 ad
1704 1777 1934 1831 salutem

359 1844 740 1906 administrare
781 1853 971 1910 volunt
997 1866 1052 1912 et
1092 1861 1316 1931 gratiam
1347 1864 1415 1920 de
1437 1867 1576 1921 coelo
1607 1866 1832 1938 insuper
1872 1885 1936 1925 ac

2039 672 2334 742 θάραντες,
2379 673 2552 739 οὕτως
2605 677 2742 746 πρὸς
2789 676 2881 730 τὸν
2921 677 3214 748 φιλόσοφον
3257 679 3371 750 βίον
3411 681 3624 734 διαϐαι-

2037 764 2239 828 νοῦσιν,
2251 767 2351 819 οὐκ
2366 767 2670 836 ἀναγκαίαν
2683 768 2864 840 έχουσι
2880 769 2979 841 τὴν
2999 771 3191 842 ὁμοίαν
3211 773 3621 844 παρατήρησιν.

2039 855 2247 929 Ὠσπερ
2292 857 2350 911 δὲ
2398 859 2626 912 ἐπὶτῶν
2668 859 3002 931 προσιόντων
3040 863 3108 933 τῇ
3148 862 3425 933 φιλοσόφῳ
3470 863 3626 918 πολι-

2035 949 2157 1020 τείᾳ
2178 949 2369 1020 ταύτῃ,
2400 949 2570 1019 πολλὴ
2600 949 2694 1002 καὶ
2707 949 2931 1021 ,μεγάλη
2953 950 3251 1022 καθορᾶται
3273 953 3308 1023 ἡ
3340 952 3574 1024 διαφορὰ
3599 993 3620 1018 ,

2038 1038 2132 1090 καὶ
2175 1039 2263 1093 διὰ
2308 1037 2467 1092 τοῦτο
2519 1037 2776 1110 διάφορος
2819 1042 3182 1112 συγχωρεῖται
3223 1043 3258 1112 ἠ
3304 1041 3622 1114 δοκιμασία,

2037 1128 2176 1180 οὕτω
2204 1129 2298 1180 καὶ
2329 1128 2416 1181 ἐπ’
2444 1128 2625 1182 αὐτῶν
2643 1127 2750 1181 τῶν
2780 1132 3261 1202 προτεταγμένων,
3284 1135 3380 1188 καὶ
3410 1138 3628 1208 καταρ-

2040 1219 2321 1291 ρυθμίζειν
2362 1223 2486 1284 τοὺς
2529 1221 2724 1285 ἄλλους
2750 1221 3087 1295 ἀξιωμένων,
3115 1227 3214 1296 οὐχ
3232 1228 3266 1297 η
3289 1228 3425 1298 αὐτὴ
3456 1227 3628 1283 δύνα-

2042 1327 2133 1380 μις
2177 1312 2272 1364 καὶ
2313 1313 2476 1382 σοφία
2523 1314 2618 1367 τοῦ
2665 1314 3041 1384 παιδαγωγεῖν
3092 1318 3480 1373 ἐπιδείκνυται.
3525 1323 3620 1374 Διὸ

2036 1401 2162 1464 τοὺς
2209 1402 2575 1475 ἀπλούστερόν
2626 1422 2742 1468 πως
2786 1405 3165 1476 διακειμένους
3198 1408 3404 1478 βέλτιον
3435 1410 3499 1463 ἂν
3529 1411 3620 1481 εἴη

2041 1493 2205 1564 μηδὲν
2249 1498 2378 1566 παρ’
2416 1497 2622 1550 ἑαυτῶν
2670 1501 3069 1567 προσεπινοεῖν,
3122 1501 3302 1555 πάντα
3337 1502 3395 1555 δὲ
3443 1507 3620 1574 πράτ-

2037 1601 2150 1638 τειν
2198 1585 2334 1656 πρὸς
2376 1586 2472 1657 τὴν
2521 1587 2614 1641 τοῦ
2663 1589 2887 1652 κανόνος
2925 1589 3106 1660 κρίσιν
3148 1591 3472 1662 ἀφορῶντας
3521 1593 3620 1648 καὶ

2037 1675 2459 1742 ἀπευθύνοντας.
2478 1679 2632 1734 Ὅσοι
2651 1680 2708 1734 δὲ
2737 1682 2846 1734 τῶν
2868 1684 3304 1754 προεστηκότων,
3327 1687 3484 1741 τοῦτο
3513 1689 3618 1756 μὲν

2036 1766 2144 1819 τῶν
2188 1768 2544 1840 ἀνθρωπίνων
2599 1771 2765 1841 πείρᾳ
2812 1771 2980 1842 πολλῇ
3034 1773 3130 1827 καὶ
3191 1779 3576 1851 συγγυμνασίᾳ
3601 1797 3620 1809 ·

2036 1857 2191 1911 τοῦτο
2217 1858 2273 1912 δὲ
2303 1863 2368 1931 τῇ
2404 1860 2608 1914 ἄνωθεν
2664 1865 2848 1934 χάριτι
2901 1868 2995 1919 καὶ
3039 1867 3368 1940 ἐπικουρίᾳ,
3417 1871 3622 1931 ἱκανῶς

359 1938 680 2032 sapientiam
718 1959 1045 2017 acceperunt
1068 1953 1136 2008 ab
1162 1957 1499 2026 experientia
1529 1980 1542 2015 :
1570 1970 1626 2016 et
1651 1936 1781 2032 quid
1832 1963 1926 2017 im-

2038 1946 2228 2018 έλαχον
2257 1949 2461 2019 κρίνειν
2507 1969 2566 2005 τε
2604 1954 2700 2006 καὶ
2733 1953 3037 2024 διακρίνειν
3065 1957 3164 2022 τάς
3195 1936 3373 2030 ὁρμάς
3405 1978 3488 2026 τε,
3521 1962 3625 2015 καὶ

359 2027 546 2120 primis
572 2047 750 2089 causae
799 2041 1088 2097 mutationi
1127 2043 1289 2114 favet,
1330 2059 1386 2104 et
1414 2051 1626 2107 veniam
1671 2065 1930 2120 meretur,

356 2116 520 2187 hujus
551 2125 814 2193 temporis
865 2133 1194 2189 necessitate
1233 2139 1695 2211 constringantur,
1726 2142 1781 2196 in
1823 2159 1933 2213 quo

353 2209 587 2266 volucres
636 2225 684 2269 et
730 2219 926 2288 vulpes,
958 2223 1003 2277 si
1037 2225 1119 2281 vis
1146 2225 1278 2297 lupi,
1327 2229 1613 2300 dracones,
1659 2236 1928 2304 pardales,

355 2310 437 2371 et,
468 2311 528 2357 ut
550 2307 718 2363 verbo
749 2311 1218 2380 dieam,belluinis
1249 2323 1490 2379 moribus
1517 2326 1764 2383 homines
1791 2345 1930 2399 prae-

352 2393 475 2460 diti,
497 2397 736 2457 illustres
767 2413 822 2458 et
850 2407 1057 2476 amplas
1086 2409 1277 2466 domos
1297 2413 1556 2481 incolunt,
1586 2393 1928 2477 etlicentiam

348 2489 452 2544 sibi
480 2504 784 2562 assumunt,
815 2497 1078 2569 quidquid
1101 2503 1368 2573 placuerit
1396 2509 1586 2578 agendi
1617 2526 1631 2560 :
1670 2512 1925 2583 discipuli

350 2595 482 2635 vero
510 2593 566 2638 et
623 2584 926 2646 imitatores
957 2591 1078 2648 Filii
1121 2596 1361 2654 hominis
1435 2617 1539 2655 non
1567 2604 1792 2659 habeant
1839 2608 1928 2660 ubi

347 2674 601 2732 reclinant
631 2683 808 2750 capita
837 2683 879 2751 ³,
901 2700 1005 2740 nec
1033 2688 1197 2744 ullius
1223 2690 1301 2746 rei
1331 2707 1492 2747 usum
1523 2694 1774 2763 liberum,
1805 2698 1924 2753 sine

345 2777 458 2832 quo
500 2766 610 2822 vita
664 2785 776 2824 non
807 2782 892 2828 est
935 2775 1138 2834 vitalis.
1187 2778 1237 2835 Is
1268 2782 1360 2851 qui
1392 2784 1556 2839 rebus
1607 2789 1928 2843 necessariis

347 2855 623 2924 privatur,
646 2861 738 2930 qui
767 2879 871 2920 nec
914 2866 1083 2922 libere
1115 2885 1296 2926 aerem
1331 2873 1541 2944 Spirare
1570 2879 1923 2946 permittitur,

345 2951 623 3018 quomodo
677 2955 746 3009 ad
790 2955 1062 3030 integrum
1109 2963 1424 3033 triennium,
1455 2968 1711 3024 virtutem
1743 2971 1926 3027 addis-

343 3055 472 3099 cere
497 3045 743 3104 volentes
770 3061 1078 3123 praestruet,
1098 3065 1152 3112 et
1180 3059 1498 3116 exercitium
1522 3061 1629 3118 illis
1657 3063 1927 3120 describet

344 3135 595 3192 asceticae
649 3138 893 3196 futurae?
921 3145 1119 3203 suﬂicit
1163 3149 1250 3204 vel
1305 3163 1630 3222 quocunque
1657 3155 1817 3210 modo
1858 3157 1926 3211 de

343 3229 586 3298 nequitia
615 3233 900 3304 multiplici
922 3247 1230 3297 extractum
1252 3244 1377 3299 vitae
1406 3245 1795 3317 philosophica
1833 3265 1926 3304 co-

342 3319 550 3388 pulare.
602 3322 704 3380 Ubi
733 3328 838 3382 erit
863 3329 994 3386 illud
1045 3333 1520 3405 phrontisterium,
1573 3339 1628 3392 in
1658 3355 1766 3410 quo
1827 3357 1926 3411 per

343 3411 640 3469 triennium
683 3417 808 3487 quis
837 3423 1042 3476 versari
1094 3424 1285 3494 possit,
1321 3441 1445 3482 eum
1483 3428 1686 3499 passim
1733 3430 1926 3487 diffusa

343 3504 416 3558 sit
467 3511 825 3576 persecutio:
879 3530 1004 3570 cum
1034 3532 1139 3573 nec
1182 3519 1239 3574 in
1280 3521 1581 3588 montibus,
1628 3524 1922 3595 speluncis,

343 3605 501 3652 terrae
553 3598 917 3660 foraminibus
948 3607 1068 3664 sine
1098 3611 1384 3668 vexatione
1432 3614 1617 3670 vivere
1645 3616 1750 3686 piis
1797 3633 1923 3688 per-

340 3689 631 3747 mittatur?
655 3693 760 3750 Ubi
790 3697 924 3752 ordo
965 3709 1021 3754 et
1052 3701 1396 3774 obsequium,
1439 3706 1638 3775 quibus
1670 3709 1921 3765 monachi

340 3777 554 3836 labores
598 3785 866 3840 asceticos
903 3789 1165 3858 subeunt,
1196 3807 1322 3849 cum
1361 3802 1607 3853 torrente
1655 3800 1924 3854 malorum

339 3877 450 3924 tam
503 3871 713 3944 ingenti
765 3879 950 3934 omnia
998 3882 1628 3953 corripiantur?Rebus
1676 3903 1810 3945 sane
1855 3891 1923 3946 ad

334 3961 674 4019 voluntatem
707 3965 1161 4037 ﬂuentibus,-nec
1204 3975 1382 4046 aliqua
1416 3989 1644 4049 urgente
1675 3985 1921 4038 necessi-

336 4060 480 4118 tate,
528 4067 775 4113 exactam
819 4061 1166 4133 disciplinam
1209 4067 1567 4138 impediente,
1612 4081 1915 4143 praestaret,

333 4143 550 4212 opinor,
581 4147 812 4204 formam
842 4156 1216 4227 praescriptam
1245 4159 1552 4231 cuicunque
1581 4164 1869 4218 observare
1901 4180 1917 4218 :

334 4236 433 4290 sed
463 4253 584 4292 cum
612 4241 666 4294 in
695 4246 983 4312 proverbio
1002 4257 1085 4302 est
1116 4249 1310 4305 :Retro
1335 4253 1581 4320 ﬂumina,
1600 4255 1776 4309 omnia
1801 4258 1922 4309 sub-

333 4343 484 4382 uersa
504 4332 627 4400 sint,
663 4336 858 4391 melius
901 4339 1085 4407 fuerit,
1118 4341 1174 4396 in
1203 4355 1468 4413 quantum
1507 4356 1592 4402 est
1639 4348 1917 4418 possibile,

331 4428 390 4472 et
437 4418 493 4473 in
546 4434 809 4492 quantum
839 4445 928 4484 res
965 4433 1191 4501 patitur,
1229 4436 1459 4494 salutem
1516 4440 1709 4508 quovis
1759 4441 1920 4495 modo

320 4523 649 4581 procurare,
703 4533 865 4588 quam
920 4523 1063 4578 nudo
1108 4527 1315 4581 nomini
1364 4538 1567 4585 exactae
1620 4530 1920 4602 disciplina:

2038 2040 2134 2102 τὰς
2181 2041 2451 2106 διαθέσεις
2499 2043 2606 2098 τῶν
2648 2046 3088 2116 είσαγουμένωνο
3152 2051 3362 2116 τούτοις
3403 2054 3503 2107 οὐκ
3547 2055 3618 2109 ἂν

2039 2134 2122 2202 εἴη
2159 2131 2292 2186 πολὺ
2333 2134 2431 2204 τῆς
2475 2134 2769 2206 εὐθύτητος
2831 2138 3263 2210 ἀπολειπόμενον
3308 2145 3619 2215 κριτήριον,

2037 2218 2212 2293 οἶμαι,
2228 2225 2332 2278 κᾶν
2351 2227 2379 2278 ὁ
2400 2226 2497 2296 τῆς
2511 2227 2751 2298 τριετίας
2765 2229 2826 2282 οὐ
2855 2233 3378 2303 συμπαρεκτείνοιτο
3395 2236 3616 2306 χρόνος,

2036 2317 2069 2385 ἡ
2104 2316 2203 2385 τῆς
2229 2317 2434 2381 οἰκείας
2459 2318 2685 2389 γνώμης
2710 2320 2801 2372 καὶ
2827 2321 3186 2392 συνειδήσεως
3210 2322 3388 2395 ψῆφος
3409 2327 3502 2379 καὶ
3520 2327 3622 2380 ἐπὶ

2035 2409 2102 2479 τῇ
2146 2407 2256 2461 τῶν
2301 2409 2604 2481 ἀνθρώπων
2658 2411 2901 2483 σωτηρίᾳ
2933 2413 2992 2465 οὐ
3025 2415 3186 2484 μόνον
3226 2416 3427 2470 σκοπὸν
3469 2418 3620 2471 τιθε-

2039 2501 2242 2568 μένοις,
2268 2500 2406 2554 ἀλλά
2429 2501 2526 2555 καὶ
2554 2503 2713 2573 χάριν
2742 2503 2969 2571 ἀνωθεν,
3002 2506 3096 2559 καὶ
3121 2509 3312 2576 σοφίαν
3342 2508 3402 2575 ἐξ
3417 2514 3618 2581 ἐμπει-

2039 2593 2158 2662 ρίας
2179 2594 2586 2666 προσειληφόσι.
2607 2596 2718 2649 Καὶ
2739 2597 2798 2650 τὸ
2822 2597 2887 2668 δὴ
2913 2598 3169 2669 μέγιστον
3196 2603 3291 2655 καὶ
3316 2604 3618 2673 ἀναγκαιό-

2033 2703 2191 2748 τατον
2221 2688 2301 2749 είς
2335 2687 2628 2756 μεθάθεσιν
2654 2689 2852 2754 αἰτίας,
2894 2691 2988 2744 καί¹
3010 2694 3345 2764 παραίτησιν
3370 2695 3618 2764 συγγνώ-

2037 2797 2164 2850 μης,
2195 2781 2224 2833 ὁ
2263 2781 2453 2853 παρὼν
2483 2781 2672 2852 καιρὸς
2691 2823 2706 2847 ,
2733 2783 2810 2847 ὡς
2855 2785 2924 2838 τά
2955 2785 3055 2854 μὲν
3103 2786 3347 2840 πετεινὰ
3375 2789 3471 2842 καὶ
3505 2787 3618 2855 τὰς

2032 2873 2379 2942 ἀλώπηκας,
2409 2877 2457 2928 εί
2488 2875 2668 2945 βούλει
2697 2875 2754 2929 δὲ
2780 2876 2876 2930 καὶ
2927 2877 3056 2941 τοὺς
3100 2877 3319 2947 λύκους,
3350 2881 3444 2933 καὶ
3487 2882 3618 2944 τοὺς

2031 2965 2353 3036 δράκοντας,
2392 2967 2488 3020 καὶ
2527 2967 2628 3032 τὰς
2667 2967 2983 3038 παρδάλεις,
3017 2969 3112 3023 καὶ
3143 2969 3331 3035 ἁπλῶς
3358 2973 3485 3035 τοὺς
3517 2973 3620 3039 θη-

2036 3056 2356 3128 ριοτρόπους
2376 3059 2485 3112 τῶν
2506 3058 2810 3130 ἀνθρώπων
2827 3060 3109 3131 λαμπραῖς
3135 3061 3232 3115 καὶ
3257 3063 3618 3133 περιφανέσιν

2032 3147 2232 3210 οἰκίαις
2275 3147 2664 3216 ὲγκατοικίζει,
2715 3151 2810 3204 καὶ
2849 3152 3030 3204 πᾶσαν
3076 3153 3262 3216 αὐτοῖς
3304 3153 3620 3226 ἐλευθερίαν

2032 3239 2292 3308 πράττειν
2324 3238 2361 3293 ἃ
2400 3239 2467 3293 ἂν
2503 3240 2727 3304 ἕλοιντο,
2769 3243 3036 3314 παρέχειδ
3080 3246 3194 3308 τοῖς
3240 3245 3299 3297 δὲ
3347 3245 3620 3316 μαθηταῖς

2027 3329 2120 3382 καὶ
2139 3331 2404 3400 μιμηταῖς
2419 3329 2512 3382 τοῦ
2535 3329 2664 3383 Υίοῦ
2684 3329 2778 3385 τοῦ
2804 3331 3118 3400 ἀνθρώπου,
3137 3333 3264 3388 οὐδ’
3279 3333 3446 3404 ἔχειν
3463 3333 3619 3389 ὅπου

2027 3420 2232 3475 κλῖναι
2257 3420 2374 3490 τὴν
2393 3421 2693 3492 κεφαλὴν,
2711 3423 2820 3477 οὐδ’
2838 3417 2912 3478 ὧν
2932 3424 3060 3478 ἀνευ
3085 3426 3206 3479 οὐδὲ
3223 3426 3320 3498 ζῇν
3354 3427 3500 3481 ἐστιν
3527 3428 3619 3479 οὐ-

2026 3511 2456 3585 δενὸς,ούδεμίαν
2471 3514 2652 3569 ἄδειαν
2668 3516 2975 3586 ἐπιτρέπει.
2989 3515 3115 3581 Πῶς
3138 3515 3254 3584 οὖν,
3273 3520 3302 3572 ό
3317 3519 3412 3574 καὶ
3437 3519 3617 3573 αὐτῶν

2027 3603 2140 3658 τῶν
2173 3605 2490 3674 ἀναγκαίων
2517 3606 2982 3678 ἀπεστερημένος,
3002 3609 3096 3662 καὶ
3110 3609 3246 3679 μηδὲ
3279 3612 3426 3682 σπᾷν
3447 3610 3619 3670 ἀδεῶς

2025 3695 2116 3748 τδν
2131 3695 2271 3768 ἀέρα
2289 3713 2611 3769 συγκεχωρη
2621 3697 2798 3767 μένος,
2814 3699 2900 3767 ἐφ’
2919 3698 3016 3752 ὅλα
3028 3699 3155 3770 τρία
3181 3700 3279 3772 ἔτη
3305 3702 3399 3756 τὸν
3423 3701 3613 3772 μαθεῖν

2025 3787 2281 3842 ἐθέλοντα
2327 3787 2428 3859 τὴν
2465 3789 2668 3860 ἀρετὴν
2701 3790 3153 3862 προκαταρτίσει,
3181 3793 3277 3845 καὶ
3313 3791 3610 3861 γυμνάσιον

2026 3879 2174 3951 αὐτῷ
2201 3881 2302 3952 τῆς
2337 3879 2639 3952 μελλούσης
2680 3881 2968 3952 ἀσκήσεως
3007 3881 3405 3954 προδιαχήσει;
3450 3884 3613 3949 Ἀγασ-

2025 3972 2198 4044 πητὺν
2225 3971 2335 4042 γὰρ
2360 3973 2454 4025 καὶ
2479 3974 2784 4044 ὁτῳδήποτε
2821 3974 3009 4043 τρόπῳ
3054 3973 3154 4044 τῆς
3202 3973 3404 4041 πολλῆς
3463 3971 3614 4038 ἐξελ-

2024 4064 2197 4127 κύσας
2223 4080 2288 4132 γε
2315 4064 2537 4129 κακίας,
2567 4067 2637 4135 τῇ
2680 4064 2958 4135 φιλοσόφῳ
2997 4063 3252 4136 δυνηθείη
3295 4061 3408 4134 ζωῆ
3459 4063 3610 4116 ἐνδε-

2029 4155 2260 4231 σμῆσαι.
2294 4157 2406 4210 Ποῦ
2427 4157 2538 4229 γὰρ
2565 4156 2628 4210 τὸ
2693 4157 3128 4228 φροντιστήριον,
3161 4157 3218 4208 ὲν
3244 4149 3288 4223 ᾧ
3313 4157 3346 4226 ἡ
3372 4154 3466 4208 τοῦ
3490 4171 3613 4225 τρι-

2024 4249 2180 4314 ετοῦς
2217 4251 2410 4321 χρόνου
2441 4250 2712 4321 διατριϐὴ,
2733 4249 2948 4304 ἅπαντα
2980 4249 3075 4302 τοῦ
3105 4247 3344 4318 διωγμοῦ
3367 4247 3610 4301 καταλα-

2024 4340 2228 4404 ϐόντος,
2254 4339 2350 4394 καὶ
2393 4340 2515 4393 οὐδὲ
2550 4343 2662 4405 τοῖς
2719 4339 2930 4411 ὄρεσιν,
2986 4339 3020 4410 ἢ
3069 4341 3184 4401 τοῖς
3239 4335 3607 4406 σπηλαίοις,ἢ

2021 4431 2143 4493 ταῖς
2197 4431 2358 4493 ὀπαῖς
2405 4430 2506 4499 τῆς
2549 4431 2654 4500 γῆς
2701 4428 3130 4500 ἀνεπηρεάστως
3173 4427 3458 4496 παροικεῖν
3479 4426 3609 4488 τοὺς

2024 4520 2270 4583 εὐσεϐεῖς
2317 4520 2755 4591 συγχωροῦντος;
2788 4518 2892 4572 ποῦ
2943 4518 3000 4572 δὲ
3044 4519 3077 4587 ἡ
3116 4515 3253 4586 ἄλλη
3299 4515 3451 4579 τάξις
3511 4516 3602 4568 καὶ

332 4605 682 4679 adhaerendo,
734 4615 1044 4685 proditores
1072 4621 1379 4677 animarum
1427 4624 1807 4693 humanarum,
1862 4635 1918 4681 et

2030 4611 2338 4676 ἀκολουθία,
2365 4612 2488 4665 καθ’
2531 4613 2598 4682 ἣν
2631 4611 2692 4664 τὺ
2724 4611 3012 4682 μοναδικὸν
3041 4609 3168 4672 τοὺς
3196 4610 3296 4678 τῆς
3320 4607 3600 4693 ἀσκήσεφς

329 4699 501 4755 malos
560 4703 965 4774 dispensatores
994 4710 1211 4778 prodire
1268 4731 1282 4767 :
1331 4715 1587 4784 quocirca
1646 4714 1918 4787 archiepi-

322 4791 572 4858 scopalis
602 4803 782 4849 vestra
810 4797 1076 4867 perfectio
1105 4815 1230 4854 cum
1256 4800 1486 4857 sufﬁciat
1509 4802 1754 4872 judicare
1799 4817 1920 4874 quae

329 4884 680 4952 conveniunt,
715 4895 770 4942 et
810 4896 1160 4961 tempestates
1204 4892 1337 4948 istas
1379 4893 1692 4949 consideret
1737 4896 1920 4951 omnia

335 4977 522 5024 contra
548 4977 956 5034 accurationem
979 4991 1384 5051 promoventes,
1414 4982 1638 5038 omnino
1666 4983 1736 5038 ad
1768 4992 1922 5039 tuum

335 5059 595 5128 judicium
643 5081 759 5121 rem
812 5069 1076 5142 integram
1110 5071 1460 5129 deferendam
1491 5074 1688 5141 sentio,
1734 5083 1795 5129 ut
1853 5089 1918 5132 ea

331 5147 501 5204 facias
521 5161 844 5221 potestatem
873 5161 1287 5231 sanctiﬁcando,
1320 5179 1441 5235 qua:
1462 5164 1794 5220 conscientia
1818 5164 1915 5220 tibi

332 5254 497 5309 .pura,
522 5251 616 5297 aut
639 5247 820 5314 potius
847 5250 1084 5321 Spiritus
1134 5255 1304 5324 gratia
1355 5270 1454 5325 per
1509 5255 1910 5311 immaculatam

324 5332 718 5391 conscientiam
749 5350 970 5409 operata
1005 5345 1354 5415 suggesserit.

2017 4702 2278 4755 ὑπεδύετο
2303 4702 2502 4766 πόνους
2519 4744 2534 4768 ,
2585 4703 2842 4756 ἀπάντων
2861 4700 2939 4771 τῷ
2968 4698 3217 4769 τοσούτῳ
3239 4696 3470 4762 ῥεύματι
3494 4690 3599 4743 τῶν

2016 4791 2204 4846 κακῶν
2263 4789 2732 4862 συγκεχυμένων;
2785 4789 2908 4844 Τῶν
2965 4789 3068 4858 μὲν
3111 4786 3224 4854 γὰρ
3265 4781 3596 4852 πραγμάτων

2017 4885 2162 4940 κατὰ
2200 4884 2328 4957 ῥοῦν
2387 4886 2735 4956 φερομένων,
2775 4885 2867 4937 καὶ
2904 4880 3179 4955 μηδεμιᾶς
3225 4877 3591 4948 περιστάσεως

2017 4976 2118 5049 τὴν
2157 4977 2444 5050 ἀκρίϐειαν
2479 4975 2978 5048 παραποδιζούσης,
3010 4973 3236 5044 ἄμεινον
3255 4965 3409 5038 οῐμαι
3437 4964 3594 5022 παντὶ

2023 5071 2152 5134 τοὺς
2186 5070 2444 5134 τεθέντας
2479 5067 2846 5138 φυλάττεσθαι
2893 5067 3096 5126 τύπους
3114 5077 3130 5092 ·
3155 5062 3312 5116 "Arcto
3334 5057 3404 5113 δὲ
3421 5073 3597 5112 ποτα-

2018 5161 2170 5232 μῶν,
2215 5162 2294 5225 ὡς
2325 5163 2359 5232 ἡ
2406 5160 2697 5231 παροιμία,
2753 5159 2996 5213 πάντων
3043 5148 3593 5221 ἀνατετραμμένων,

2021 5254 2140 5317 πῶς
2173 5252 2274 5306 οὐκ
2325 5252 2546 5323 ἄμεινον
2573 5291 2588 5316 ,
2632 5251 2755 5305 καθ’
2792 5251 2916 5302 ὅσον
2951 5240 3063 5300 οἷόν
3106 5261 3203 5310 τε,
3243 5245 3338 5298 καὶ
3363 5245 3429 5311 ὲφ
3469 5243 3593 5295 ὅσον

2017 5347 2292 5416 ἐγχωρεῖ,
2333 5343 2432 5414 τὴν
2493 5343 2643 5396 τῶν*
2669 5341 2943 5412 σωτηρίαν
3013 5333 3503 5406 διεικονομεῖσθαι,
3560 5333 3592 5403 ἢ

317 5417 459 5487 ψιλῷ
516 5420 594 5491 τῷ
621 5424 720 5494 τῆς
781 5428 1068 5497 ἀκριΰείας
1125 5431 1352 5502 ὀνόματι
1397 5434 1888 5507 περικαθημένους,
1931 5434 2196 5505 προδότας
2223 5430 2412 5502 ψυχῶν
2455 5429 2813 5501 ἀνθρωπίνων
2876 5425 2972 5480 καὶ
3010 5425 3216 5486 κακοὺς
3269 5423 3587 5492 οἰκονόμους

319 5510 769 5584 ἀπελεγχθῆναις.
805 5515 883 5571 διδ
911 5519 1007 5573 καὶ
1034 5520 1132 5592 τὴν
1179 5523 1454 5596 ὑμετέραν
1481 5527 1874 5598 ἀρχιερατικὴν
1910 5526 2247 5594 τελειότητα,
2296 5523 2490 5594 ἱκανήν
2535 5537 2596 5574 τε
2633 5515 2798 5576 οὖσαν
2862 5516 3068 5589 κρίνειν
3128 5515 3197 5569 τὰ
3241 5513 3432 5570 δέοντα
3471 5511 3592 5563 ἐπιι

383 5671 422 5702 ·³’
450 5671 641 5728 Matth.
676 5687 798 5744 vm,
833 5675 923 5734 20.

1603 5791 1840 5850 VARLE
1884 5791 2292 5852 LECTIONES.

392 5906 433 5970 ἶ
451 5898 530 5953 ίσ,
587 5901 795 5957 ἑαυτῶν
812 5954 815 5956 ,
