  <div class='ocr_page' id='page_1' title='image "/cluster/home/n/w/nwhite01/storage/ocr_20150623/102:no.2/coo.31924054870062/438.png"; bbox 0 0 3930 6488; ppageno 0'>
   <div class='ocr_carea' id='block_1_1' title="bbox 156 480 3477 555">
    <p class='ocr_par' dir='ltr' id='par_1_1' title="bbox 156 480 3477 555">
     <span class='ocr_line' id='line_1_1' title="bbox 156 480 3477 555; baseline 0.003 -10"><span class='ocrx_word' id='word_1_1' title='bbox 156 482 296 545; x_wconf 68' lang='grc'><strong>845</strong></span> <span class='ocrx_word' id='word_1_2' title='bbox 1392 489 1930 549; x_wconf 84' lang='lat' dir='ltr'><strong>EPISTOLARUM</strong></span> <span class='ocrx_word' id='word_1_3' title='bbox 1968 489 2203 551; x_wconf 83' lang='lat' dir='ltr'><strong>LIBER</strong></span> <span class='ocrx_word' id='word_1_4' title='bbox 2240 488 2326 549; x_wconf 93' lang='lat' dir='ltr'><strong>II.</strong></span> <span class='ocrx_word' id='word_1_5' title='bbox 3370 480 3477 555; x_wconf 67' lang='lat'><strong>846</strong></span> 
     </span>
    </p>
   </div>
   <div class='ocr_carea' id='block_1_2' title="bbox 146 596 3477 673">
    <p class='ocr_par' dir='ltr' id='par_1_2' title="bbox 146 596 3477 673">
     <span class='ocr_line' id='line_1_2' title="bbox 146 596 3477 673; baseline 0.001 -23"><span class='ocrx_word' id='word_1_6' title='bbox 146 598 511 666; x_wconf 74' lang='grc' dir='ltr'>στάμενος,</span> <span class='ocrx_word' id='word_1_7' title='bbox 579 596 795 651; x_wconf 73' lang='grc' dir='ltr'>καὶτὸν</span> <span class='ocrx_word' id='word_1_8' title='bbox 858 601 1049 671; x_wconf 78' lang='grc' dir='ltr'>καιρὸν</span> <span class='ocrx_word' id='word_1_9' title='bbox 1088 602 1228 671; x_wconf 84' lang='grc' dir='ltr'>ὁρῶν</span> <span class='ocrx_word' id='word_1_10' title='bbox 1262 602 1518 656; x_wconf 84' lang='grc' dir='ltr'>τάναντία</span> <span class='ocrx_word' id='word_1_11' title='bbox 1552 604 1729 657; x_wconf 83' lang='grc' dir='ltr'>πάντα</span> <span class='ocrx_word' id='word_1_12' title='bbox 1770 602 1873 673; x_wconf 80' lang='grc' dir='ltr'>τῆς</span> <span class='ocrx_word' id='word_1_13' title='bbox 1910 602 2197 673; x_wconf 77' lang='grc' dir='ltr'>ἀκριϐείας</span> <span class='ocrx_word' id='word_1_14' title='bbox 2244 601 2739 671; x_wconf 86' lang='grc' dir='ltr'>ἀναφθεγγόμενον,</span> <span class='ocrx_word' id='word_1_15' title='bbox 2779 600 2907 671; x_wconf 82' lang='grc' dir='ltr'>ὅλην</span> <span class='ocrx_word' id='word_1_16' title='bbox 2960 598 3057 653; x_wconf 79' lang='grc' dir='ltr'><strong>ἐπὶ</strong></span> <span class='ocrx_word' id='word_1_17' title='bbox 3094 598 3178 652; x_wconf 72' lang='grc' dir='ltr'><strong>σοὶ</strong></span> <span class='ocrx_word' id='word_1_18' title='bbox 3214 598 3307 652; x_wconf 85' lang='grc' dir='ltr'><strong>τοῦ</strong></span> <span class='ocrx_word' id='word_1_19' title='bbox 3350 606 3477 671; x_wconf 73' lang='grc' dir='ltr'>πρὸ·</span> 
     </span>
    </p>
   </div>
   <div class='ocr_carea' id='block_1_3' title="bbox 143 680 3472 767">
    <p class='ocr_par' dir='ltr' id='par_1_3' title="bbox 143 680 3472 767">
     <span class='ocr_line' id='line_1_3' title="bbox 143 680 3472 767; baseline 0.001 -23"><span class='ocrx_word' id='word_1_20' title='bbox 143 688 477 757; x_wconf 80' lang='grc' dir='ltr'>κειμένου</span> <span class='ocrx_word' id='word_1_21' title='bbox 508 688 601 759; x_wconf 82' lang='grc' dir='ltr'>τὴν</span> <span class='ocrx_word' id='word_1_22' title='bbox 658 689 838 758; x_wconf 85' lang='grc' dir='ltr'><strong>κρίσιν</strong></span> <span class='ocrx_word' id='word_1_23' title='bbox 867 692 1159 763; x_wconf 87' lang='grc' dir='ltr'>ἀνατίθημι</span> <span class='ocrx_word' id='word_1_24' title='bbox 1214 695 1397 746; x_wconf 86' lang='grc' dir='ltr'>ἐκεῖνα</span> <span class='ocrx_word' id='word_1_25' title='bbox 1461 693 1721 765; x_wconf 76' lang='grc' dir='ltr'>πράττειν</span> <span class='ocrx_word' id='word_1_26' title='bbox 1773 695 1874 763; x_wconf 85' lang='grc' dir='ltr'>τὴν</span> <span class='ocrx_word' id='word_1_27' title='bbox 1943 693 2194 758; x_wconf 80' lang='grc' dir='ltr'>ἐξουσίαν</span> <span class='ocrx_word' id='word_1_28' title='bbox 2244 694 2484 766; x_wconf 87' lang='grc' dir='ltr'>ἀφιερῶν</span> <span class='ocrx_word' id='word_1_29' title='bbox 2539 692 2683 767; x_wconf 76' lang='grc' dir='ltr'>ἅπερ</span> <span class='ocrx_word' id='word_1_30' title='bbox 2731 694 2798 747; x_wconf 84' lang='grc' dir='ltr'>ἂν</span> <span class='ocrx_word' id='word_1_31' title='bbox 2842 692 2905 745; x_wconf 86' lang='grc' dir='ltr'><strong>τὸ</strong></span> <span class='ocrx_word' id='word_1_32' title='bbox 2930 680 3171 760; x_wconf 83' lang='grc' dir='ltr'>καθαρὸν</span> <span class='ocrx_word' id='word_1_33' title='bbox 3201 693 3472 764; x_wconf 80' lang='grc' dir='ltr'>συνειδὸς,</span> 
     </span>
    </p>
   </div>
   <div class='ocr_carea' id='block_1_4' title="bbox 150 783 3164 860">
    <p class='ocr_par' dir='ltr' id='par_1_4' title="bbox 150 783 3164 860">
     <span class='ocr_line' id='line_1_4' title="bbox 150 783 3164 860; baseline 0.002 -26"><span class='ocrx_word' id='word_1_34' title='bbox 150 783 411 849; x_wconf 82' lang='grc' dir='ltr'>μᾶλλον</span> <span class='ocrx_word' id='word_1_35' title='bbox 469 785 523 838; x_wconf 79' lang='grc' dir='ltr'><strong>δὲ</strong></span> <span class='ocrx_word' id='word_1_36' title='bbox 558 786 592 855; x_wconf 79' lang='grc' dir='ltr'><strong>ἡ</strong></span> <span class='ocrx_word' id='word_1_37' title='bbox 628 786 722 838; x_wconf 87' lang='grc' dir='ltr'><strong>τοῦ</strong></span> <span class='ocrx_word' id='word_1_38' title='bbox 770 788 925 855; x_wconf 82' lang='grc' dir='ltr'>ἁγίου</span> <span class='ocrx_word' id='word_1_39' title='bbox 1001 790 1315 860; x_wconf 80' lang='grc' dir='ltr'>Πνεύματος</span> <span class='ocrx_word' id='word_1_40' title='bbox 1370 792 1528 860; x_wconf 83' lang='grc' dir='ltr'>χάρις</span> <span class='ocrx_word' id='word_1_41' title='bbox 1577 789 1663 843; x_wconf 86' lang='grc' dir='ltr'>διὰ</span> <span class='ocrx_word' id='word_1_42' title='bbox 1694 789 1787 843; x_wconf 91' lang='grc' dir='ltr'><strong>τοῦ</strong></span> <span class='ocrx_word' id='word_1_43' title='bbox 1825 788 2069 859; x_wconf 78' lang='grc' dir='ltr'>καθαροῦ</span> <span class='ocrx_word' id='word_1_44' title='bbox 2139 789 2438 849; x_wconf 86' lang='grc' dir='ltr'>συνειδότος</span> <span class='ocrx_word' id='word_1_45' title='bbox 2500 788 2800 859; x_wconf 84' lang='grc' dir='ltr'>ἐνεργοῦσα</span> <span class='ocrx_word' id='word_1_46' title='bbox 2829 785 3164 857; x_wconf 78' lang='grc' dir='ltr'>ἐπιτρέψειν.</span> 
     </span>
    </p>
   </div>
   <div class='ocr_carea' id='block_1_5' title="bbox 818 892 2906 956">
    <p class='ocr_par' dir='ltr' id='par_1_5' title="bbox 818 892 2906 956">
     <span class='ocr_line' id='line_1_5' title="bbox 818 892 2906 956; baseline 0 -3"><span class='ocrx_word' id='word_1_47' title='bbox 818 902 1043 955; x_wconf 67' lang='lat' dir='ltr'><strong>eum.</strong></span> <span class='ocrx_word' id='word_1_48' title='bbox 1084 904 1210 956; x_wconf 86' lang='lat' dir='ltr'><strong>AA&#39;.</strong></span> <span class='ocrx_word' id='word_1_49' title='bbox 1820 892 1868 945; x_wconf 77' lang='grc' dir='ltr'><strong>Α</strong></span> <span class='ocrx_word' id='word_1_50' title='bbox 2448 898 2670 955; x_wconf 89' lang='lat' dir='ltr'><strong>EPIST.</strong></span> <span class='ocrx_word' id='word_1_51' title='bbox 2711 899 2906 953; x_wconf 78' lang='lat' dir='ltr'><strong>XXXI.</strong></span> 
     </span>
    </p>
   </div>
   <div class='ocr_carea' id='block_1_6' title="bbox 427 988 1776 1062">
    <p class='ocr_par' dir='ltr' id='par_1_6' title="bbox 427 988 1581 1062">
     <span class='ocr_line' id='line_1_6' title="bbox 427 988 1581 1062; baseline 0.005 -20"><span class='ocrx_word' id='word_1_52' title='bbox 427 988 709 1058; x_wconf 78' lang='grc' dir='ltr'><strong>Θεοδώρῳ</strong></span> <span class='ocrx_word' id='word_1_53' title='bbox 754 994 1165 1062; x_wconf 78' lang='grc' dir='ltr'>μητροπολίτῃ</span> <span class='ocrx_word' id='word_1_54' title='bbox 1213 994 1581 1061; x_wconf 83' lang='grc' dir='ltr'><strong>Λαοδικείας.</strong></span> 
     </span>
    </p>
   </div>
   <div class='ocr_carea' id='block_1_7' title="bbox 1890 988 3185 1062">
    <p class='ocr_par' dir='ltr' id='par_1_7' title="bbox 2209 990 3185 1059">
     <span class='ocr_line' id='line_1_7' title="bbox 2209 990 3185 1059; baseline 0.003 -14"><span class='ocrx_word' id='word_1_55' title='bbox 2209 992 2468 1046; x_wconf 82' lang='lat' dir='ltr'><strong>Theodoro</strong></span> <span class='ocrx_word' id='word_1_56' title='bbox 2494 991 2838 1059; x_wconf 75' lang='lat' dir='ltr'><strong>metropolitte</strong></span> <span class='ocrx_word' id='word_1_57' title='bbox 2860 990 3185 1049; x_wconf 77' lang='lat' dir='ltr'><strong>Laodiceitsi.</strong></span> 
     </span>
    </p>
   </div>
   <div class='ocr_carea' id='block_1_8' title="bbox 1451 1100 2243 1164">
    <p class='ocr_par' dir='ltr' id='par_1_8' title="bbox 1451 1100 2243 1164">
     <span class='ocr_line' id='line_1_8' title="bbox 1451 1100 2243 1164; baseline -0.005 -12"><span class='ocrx_word' id='word_1_58' title='bbox 1451 1104 1722 1153; x_wconf 84' lang='lat' dir='ltr'><strong>Montacut.</strong></span> <span class='ocrx_word' id='word_1_59' title='bbox 1760 1105 1865 1164; x_wconf 88' lang='lat' dir='ltr'><strong>(ep.</strong></span> <span class='ocrx_word' id='word_1_60' title='bbox 1891 1100 1999 1162; x_wconf 67' lang='grc'><strong>194,</strong></span> <span class='ocrx_word' id='word_1_61' title='bbox 2035 1114 2083 1163; x_wconf 93' lang='lat' dir='ltr'><strong>p.</strong></span> <span class='ocrx_word' id='word_1_62' title='bbox 2109 1100 2243 1161; x_wconf 71' lang='lat'><strong>295).</strong></span> 
     </span>
    </p>
   </div>
   <div class='ocr_carea' id='block_1_9' title="bbox 240 1201 1793 1281">
    <p class='ocr_par' dir='ltr' id='par_1_9' title="bbox 240 1201 1793 1281">
     <span class='ocr_line' id='line_1_9' title="bbox 240 1201 1793 1281; baseline 0.005 -28"><span class='ocrx_word' id='word_1_63' title='bbox 240 1201 509 1274; x_wconf 80' lang='grc' dir='ltr'><strong>Μελέτη</strong></span> <span class='ocrx_word' id='word_1_64' title='bbox 543 1203 643 1274; x_wconf 80' lang='grc' dir='ltr'><strong>μὲν</strong></span> <span class='ocrx_word' id='word_1_65' title='bbox 674 1206 857 1276; x_wconf 84' lang='grc' dir='ltr'><strong>μήτηρ</strong></span> <span class='ocrx_word' id='word_1_66' title='bbox 885 1207 1184 1278; x_wconf 76' lang='grc' dir='ltr'>εὐπραξίας</span> <span class='ocrx_word' id='word_1_67' title='bbox 1206 1224 1219 1236; x_wconf 72' lang='grc'><strong><em>⁸</em></strong></span> <span class='ocrx_word' id='word_1_68' title='bbox 1246 1208 1390 1280; x_wconf 74' lang='grc' dir='ltr'>ὁρμὴ</span> <span class='ocrx_word' id='word_1_69' title='bbox 1422 1210 1466 1261; x_wconf 80' lang='grc' dir='ltr'>δ’</span> <span class='ocrx_word' id='word_1_70' title='bbox 1495 1210 1793 1281; x_wconf 78' lang='grc' dir='ltr'>ἀπερίσκε-</span> 
     </span>
    </p>
   </div>
   <div class='ocr_carea' id='block_1_10' title="bbox 163 1293 1798 1369">
    <p class='ocr_par' dir='ltr' id='par_1_10' title="bbox 163 1293 1798 1369">
     <span class='ocr_line' id='line_1_10' title="bbox 163 1293 1798 1369; baseline 0.006 -27"><span class='ocrx_word' id='word_1_71' title='bbox 163 1302 324 1353; x_wconf 81' lang='grc' dir='ltr'>πτος</span> <span class='ocrx_word' id='word_1_72' title='bbox 385 1293 569 1360; x_wconf 75' lang='grc' dir='ltr'>ἐγγὺς</span> <span class='ocrx_word' id='word_1_73' title='bbox 615 1295 915 1365; x_wconf 87' lang='grc' dir='ltr'>ἁμαρτίας.</span> <span class='ocrx_word' id='word_1_74' title='bbox 960 1298 1035 1350; x_wconf 82' lang='grc' dir='ltr'><strong>Οὐ</strong></span> <span class='ocrx_word' id='word_1_75' title='bbox 1079 1299 1186 1368; x_wconf 86' lang='grc' dir='ltr'>χρὴ</span> <span class='ocrx_word' id='word_1_76' title='bbox 1235 1298 1525 1369; x_wconf 79' lang='grc' dir='ltr'>τοιγαροῦν</span> <span class='ocrx_word' id='word_1_77' title='bbox 1562 1300 1798 1367; x_wconf 82' lang='grc' dir='ltr'>ἀφέντας</span> 
     </span>
    </p>
   </div>
   <div class='ocr_carea' id='block_1_11' title="bbox 165 1382 1798 1462">
    <p class='ocr_par' dir='ltr' id='par_1_11' title="bbox 165 1382 1798 1462">
     <span class='ocr_line' id='line_1_11' title="bbox 165 1382 1798 1462; baseline 0.006 -29"><span class='ocrx_word' id='word_1_78' title='bbox 165 1382 236 1434; x_wconf 79' lang='grc' dir='ltr'>τὸ</span> <span class='ocrx_word' id='word_1_79' title='bbox 289 1383 677 1452; x_wconf 84' lang='grc' dir='ltr'>βουλεύεσθαι</span> <span class='ocrx_word' id='word_1_80' title='bbox 723 1390 811 1441; x_wconf 81' lang='grc' dir='ltr'>ἐπ’</span> <span class='ocrx_word' id='word_1_81' title='bbox 843 1390 1021 1443; x_wconf 85' lang='grc' dir='ltr'>ἐκεῖνο</span> <span class='ocrx_word' id='word_1_82' title='bbox 1058 1391 1309 1462; x_wconf 84' lang='grc' dir='ltr'>δραμεῖν,</span> <span class='ocrx_word' id='word_1_83' title='bbox 1337 1392 1406 1445; x_wconf 82' lang='grc' dir='ltr'>δι’</span> <span class='ocrx_word' id='word_1_84' title='bbox 1436 1384 1498 1444; x_wconf 75' lang='grc' dir='ltr'>οὗ</span> <span class='ocrx_word' id='word_1_85' title='bbox 1530 1392 1666 1462; x_wconf 75' lang='grc' dir='ltr'>μετὰ</span> <span class='ocrx_word' id='word_1_86' title='bbox 1703 1389 1798 1443; x_wconf 92' lang='grc' dir='ltr'><strong>τοῦ</strong></span> 
     </span>
    </p>
   </div>
   <div class='ocr_carea' id='block_1_12' title="bbox 1965 1203 3475 1274">
    <p class='ocr_par' dir='ltr' id='par_1_12' title="bbox 1965 1203 3475 1274">
     <span class='ocr_line' id='line_1_12' title="bbox 1965 1203 3475 1274; baseline -0.001 -15"><span class='ocrx_word' id='word_1_87' title='bbox 1965 1204 2250 1260; x_wconf 83' lang='lat' dir='ltr'><strong>Meditatio</strong></span> <span class='ocrx_word' id='word_1_88' title='bbox 2289 1214 2461 1259; x_wconf 80' lang='lat' dir='ltr'><strong>mater</strong></span> <span class='ocrx_word' id='word_1_89' title='bbox 2497 1213 2581 1259; x_wconf 90' lang='lat' dir='ltr'><strong>est</strong></span> <span class='ocrx_word' id='word_1_90' title='bbox 2623 1203 2961 1274; x_wconf 75' lang='lat' dir='ltr'><strong>operationis</strong></span> <span class='ocrx_word' id='word_1_91' title='bbox 3003 1213 3185 1269; x_wconf 69' lang='lat' dir='ltr'><strong>rectae,</strong></span> <span class='ocrx_word' id='word_1_92' title='bbox 3236 1203 3475 1273; x_wconf 89' lang='lat' dir='ltr'><strong>impetus</strong></span> 
     </span>
    </p>
   </div>
   <div class='ocr_carea' id='block_1_13' title="bbox 1895 1295 3474 1366">
    <p class='ocr_par' dir='ltr' id='par_1_13' title="bbox 1895 1295 3474 1366">
     <span class='ocr_line' id='line_1_13' title="bbox 1895 1295 3474 1366; baseline -0.001 -16"><span class='ocrx_word' id='word_1_93' title='bbox 1895 1297 2222 1366; x_wconf 83' lang='lat' dir='ltr'><strong>improvisus</strong></span> <span class='ocrx_word' id='word_1_94' title='bbox 2250 1311 2375 1350; x_wconf 90' lang='lat' dir='ltr'><strong>cum</strong></span> <span class='ocrx_word' id='word_1_95' title='bbox 2407 1303 2631 1365; x_wconf 83' lang='lat' dir='ltr'><strong>peccato</strong></span> <span class='ocrx_word' id='word_1_96' title='bbox 2669 1295 2861 1349; x_wconf 54' lang='lat' dir='ltr'><strong>haeret.</strong></span> <span class='ocrx_word' id='word_1_97' title='bbox 2893 1295 3164 1360; x_wconf 83' lang='lat' dir='ltr'><strong>Quocirca</strong></span> <span class='ocrx_word' id='word_1_98' title='bbox 3225 1295 3474 1362; x_wconf 81' lang='lat' dir='ltr'><strong>neglecto</strong></span> 
     </span>
    </p>
   </div>
   <div class='ocr_carea' id='block_1_14' title="bbox 1897 1385 3475 1457">
    <p class='ocr_par' dir='ltr' id='par_1_14' title="bbox 1897 1385 3475 1457">
     <span class='ocr_line' id='line_1_14' title="bbox 1897 1385 3475 1457; baseline -0.003 -13"><span class='ocrx_word' id='word_1_99' title='bbox 1897 1388 2130 1444; x_wconf 90' lang='lat' dir='ltr'><strong>consilio</strong></span> <span class='ocrx_word' id='word_1_100' title='bbox 2182 1404 2293 1442; x_wconf 91' lang='lat' dir='ltr'><strong>non</strong></span> <span class='ocrx_word' id='word_1_101' title='bbox 2338 1395 2556 1457; x_wconf 79' lang='lat' dir='ltr'><strong>oportet</strong></span> <span class='ocrx_word' id='word_1_102' title='bbox 2598 1388 2652 1440; x_wconf 91' lang='lat' dir='ltr'><strong>in</strong></span> <span class='ocrx_word' id='word_1_103' title='bbox 2712 1386 2846 1441; x_wconf 88' lang='lat' dir='ltr'><strong>illud</strong></span> <span class='ocrx_word' id='word_1_104' title='bbox 2898 1400 3246 1456; x_wconf 82' lang='lat' dir='ltr'><strong>procurrere,</strong></span> <span class='ocrx_word' id='word_1_105' title='bbox 3306 1385 3475 1450; x_wconf 90' lang='lat' dir='ltr'><strong>unde,</strong></span> 
     </span>
    </p>
   </div>
   <div class='ocr_carea' id='block_1_15' title="bbox 172 1470 1799 1554">
    <p class='ocr_par' dir='ltr' id='par_1_15' title="bbox 172 1470 1799 1554">
     <span class='ocr_line' id='line_1_15' title="bbox 172 1470 1799 1554; baseline 0.007 -27"><span class='ocrx_word' id='word_1_106' title='bbox 172 1474 412 1543; x_wconf 78' lang='grc' dir='ltr'>μηδὲν,</span> <span class='ocrx_word' id='word_1_107' title='bbox 455 1470 529 1530; x_wconf 83' lang='grc' dir='ltr'>ὧν</span> <span class='ocrx_word' id='word_1_108' title='bbox 574 1479 948 1550; x_wconf 80' lang='grc' dir='ltr'>σπουδάζομεν</span> <span class='ocrx_word' id='word_1_109' title='bbox 984 1483 1168 1536; x_wconf 84' lang='grc' dir='ltr'>ἀνύειν</span> <span class='ocrx_word' id='word_1_110' title='bbox 1216 1485 1310 1538; x_wconf 74' lang='grc' dir='ltr'><strong>καὶ</strong></span> <span class='ocrx_word' id='word_1_111' title='bbox 1355 1485 1540 1547; x_wconf 84' lang='grc' dir='ltr'>ἀνοίας</span> <span class='ocrx_word' id='word_1_112' title='bbox 1578 1484 1799 1554; x_wconf 79' lang='grc' dir='ltr'>ἔλεγχον</span> 
     </span>
    </p>
   </div>
   <div class='ocr_carea' id='block_1_16' title="bbox 168 1565 842 1639">
    <p class='ocr_par' dir='ltr' id='par_1_16' title="bbox 168 1565 842 1639">
     <span class='ocr_line' id='line_1_16' title="bbox 168 1565 842 1639; baseline 0.016 -23"><span class='ocrx_word' id='word_1_113' title='bbox 168 1565 557 1639; x_wconf 81' lang='grc' dir='ltr'>ἁλισκόμεθα</span> <span class='ocrx_word' id='word_1_114' title='bbox 589 1571 842 1635; x_wconf 83' lang='grc' dir='ltr'>διδόντες.</span> 
     </span>
    </p>
   </div>
   <div class='ocr_carea' id='block_1_17' title="bbox 811 1749 1201 1805">
    <p class='ocr_par' dir='ltr' id='par_1_17' title="bbox 811 1749 1201 1805">
     <span class='ocr_line' id='line_1_17' title="bbox 811 1749 1201 1805; baseline 0.008 -4"><span class='ocrx_word' id='word_1_115' title='bbox 811 1749 1035 1805; x_wconf 86' lang='grc' dir='ltr'><strong>ΕΠΙΣΤ.</strong></span> <span class='ocrx_word' id='word_1_116' title='bbox 1078 1751 1201 1804; x_wconf 84' lang='lat' dir='ltr'><strong>AB&#39;.</strong></span> 
     </span>
    </p>
   </div>
   <div class='ocr_carea' id='block_1_18' title="bbox 443 1841 1578 1912">
    <p class='ocr_par' dir='ltr' id='par_1_18' title="bbox 443 1841 1578 1912">
     <span class='ocr_line' id='line_1_18' title="bbox 443 1841 1578 1912; baseline 0.003 -18"><span class='ocrx_word' id='word_1_117' title='bbox 443 1841 798 1911; x_wconf 73' lang='grc' dir='ltr'>Ἀμφιλοχίῳ</span> <span class='ocrx_word' id='word_1_118' title='bbox 844 1844 1255 1912; x_wconf 76' lang='grc' dir='ltr'>μητροπολίτῃ</span> <span class='ocrx_word' id='word_1_119' title='bbox 1305 1843 1578 1905; x_wconf 79' lang='grc' dir='ltr'>Κυζίκου.</span> 
     </span>
    </p>
   </div>
   <div class='ocr_carea' id='block_1_19' title="bbox 1898 1477 3479 1550">
    <p class='ocr_par' dir='ltr' id='par_1_19' title="bbox 1898 1477 3479 1550">
     <span class='ocr_line' id='line_1_19' title="bbox 1898 1477 3479 1550; baseline -0.002 -16"><span class='ocrx_word' id='word_1_120' title='bbox 1898 1490 2264 1550; x_wconf 69' lang='lat' dir='ltr'><strong>praeterquam</strong></span> <span class='ocrx_word' id='word_1_121' title='bbox 2315 1480 2460 1549; x_wconf 91' lang='lat' dir='ltr'><strong>quod</strong></span> <span class='ocrx_word' id='word_1_122' title='bbox 2504 1479 2642 1532; x_wconf 84' lang='lat' dir='ltr'><strong>nihil</strong></span> <span class='ocrx_word' id='word_1_123' title='bbox 2687 1493 2876 1533; x_wconf 91' lang='lat' dir='ltr'><strong>eorum</strong></span> <span class='ocrx_word' id='word_1_124' title='bbox 2931 1477 3300 1548; x_wconf 86' lang='lat' dir='ltr'><strong>perficiemus,</strong></span> <span class='ocrx_word' id='word_1_125' title='bbox 3355 1492 3479 1546; x_wconf 67' lang='lat' dir='ltr'><strong>quae</strong></span> 
     </span>
    </p>
   </div>
   <div class='ocr_carea' id='block_1_20' title="bbox 1903 1571 3477 1643">
    <p class='ocr_par' dir='ltr' id='par_1_20' title="bbox 1903 1571 3477 1643">
     <span class='ocr_line' id='line_1_20' title="bbox 1903 1571 3477 1643; baseline -0.003 -16"><span class='ocrx_word' id='word_1_126' title='bbox 1903 1573 2146 1627; x_wconf 78' lang='lat' dir='ltr'><strong>studiose</strong></span> <span class='ocrx_word' id='word_1_127' title='bbox 2169 1572 2483 1643; x_wconf 80' lang='lat' dir='ltr'><strong>sategimus,</strong></span> <span class='ocrx_word' id='word_1_128' title='bbox 2521 1571 2855 1641; x_wconf 69' lang='lat' dir='ltr'><strong>insipientia:</strong></span> <span class='ocrx_word' id='word_1_129' title='bbox 2903 1572 3123 1643; x_wconf 87' lang='lat' dir='ltr'><strong>culpam</strong></span> <span class='ocrx_word' id='word_1_130' title='bbox 3175 1572 3477 1627; x_wconf 89' lang='lat' dir='ltr'><strong>incurrisse</strong></span> 
     </span>
    </p>
   </div>
   <div class='ocr_carea' id='block_1_21' title="bbox 1900 1661 2221 1717">
    <p class='ocr_par' dir='ltr' id='par_1_21' title="bbox 1900 1661 2221 1717">
     <span class='ocr_line' id='line_1_21' title="bbox 1900 1661 2221 1717; baseline 0.003 -2"><span class='ocrx_word' id='word_1_131' title='bbox 1900 1661 2221 1717; x_wconf 82' lang='lat' dir='ltr'><strong>videbimur.</strong></span> 
     </span>
    </p>
   </div>
   <div class='ocr_carea' id='block_1_22' title="bbox 2446 1750 2929 1809">
    <p class='ocr_par' dir='ltr' id='par_1_22' title="bbox 2446 1750 2929 1809">
     <span class='ocr_line' id='line_1_22' title="bbox 2446 1750 2929 1809; baseline -0.002 0"><span class='ocrx_word' id='word_1_132' title='bbox 2446 1752 2669 1809; x_wconf 89' lang='lat' dir='ltr'><strong>EPIST.</strong></span> <span class='ocrx_word' id='word_1_133' title='bbox 2710 1750 2929 1808; x_wconf 85' lang='lat' dir='ltr'><strong>XXXII.</strong></span> 
     </span>
    </p>
   </div>
   <div class='ocr_carea' id='block_1_23' title="bbox 2202 1845 3166 1919">
    <p class='ocr_par' dir='ltr' id='par_1_23' title="bbox 2202 1845 3166 1919">
     <span class='ocr_line' id='line_1_23' title="bbox 2202 1845 3166 1919; baseline 0.004 -21"><span class='ocrx_word' id='word_1_134' title='bbox 2202 1845 2564 1915; x_wconf 81' lang='lat' dir='ltr'><strong>Amphilochia</strong></span> <span class='ocrx_word' id='word_1_135' title='bbox 2591 1847 2935 1917; x_wconf 70' lang='lat' dir='ltr'><strong>metropolitaz</strong></span> <span class='ocrx_word' id='word_1_136' title='bbox 2972 1846 3166 1919; x_wconf 80' lang='lat' dir='ltr'><strong>Cyzici.</strong></span> 
     </span>
    </p>
   </div>
   <div class='ocr_carea' id='block_1_24' title="bbox 1446 1957 2242 2023">
    <p class='ocr_par' dir='ltr' id='par_1_24' title="bbox 1446 1957 2242 2023">
     <span class='ocr_line' id='line_1_24' title="bbox 1446 1957 2242 2023; baseline 0 -16"><span class='ocrx_word' id='word_1_137' title='bbox 1446 1958 1713 2009; x_wconf 85' lang='lat' dir='ltr'><strong>Montacut.</strong></span> <span class='ocrx_word' id='word_1_138' title='bbox 1748 1959 1851 2023; x_wconf 89' lang='lat' dir='ltr'><strong>(ep.</strong></span> <span class='ocrx_word' id='word_1_139' title='bbox 1883 1958 1992 2017; x_wconf 85' lang='lat'><strong>198,</strong></span> <span class='ocrx_word' id='word_1_140' title='bbox 2024 1973 2074 2021; x_wconf 91' lang='lat' dir='ltr'><strong>p.</strong></span> <span class='ocrx_word' id='word_1_141' title='bbox 2110 1957 2242 2021; x_wconf 77' lang='lat'><strong>295).</strong></span> 
     </span>
    </p>
   </div>
   <div class='ocr_carea' id='block_1_25' title="bbox 267 2054 1776 2130">
    <p class='ocr_par' dir='ltr' id='par_1_25' title="bbox 267 2054 1776 2129">
     <span class='ocr_line' id='line_1_25' title="bbox 267 2054 1776 2129; baseline 0.005 -23"><span class='ocrx_word' id='word_1_142' title='bbox 267 2054 350 2107; x_wconf 86' lang='grc' dir='ltr'><strong><em>Ἦ</em></strong></span> <span class='ocrx_word' id='word_1_143' title='bbox 402 2054 590 2108; x_wconf 81' lang='grc' dir='ltr'>δικαία</span> <span class='ocrx_word' id='word_1_144' title='bbox 616 2054 808 2118; x_wconf 85' lang='grc' dir='ltr'>πειθὼ,</span> <span class='ocrx_word' id='word_1_145' title='bbox 836 2056 895 2108; x_wconf 84' lang='grc' dir='ltr'><strong>ού</strong></span> <span class='ocrx_word' id='word_1_146' title='bbox 931 2057 1032 2126; x_wconf 83' lang='grc' dir='ltr'>τῆς</span> <span class='ocrx_word' id='word_1_147' title='bbox 1075 2056 1168 2111; x_wconf 88' lang='grc' dir='ltr'><strong>τοῦ</strong></span> <span class='ocrx_word' id='word_1_148' title='bbox 1212 2058 1462 2129; x_wconf 83' lang='grc' dir='ltr'>λέγοντός</span> <span class='ocrx_word' id='word_1_149' title='bbox 1490 2061 1607 2113; x_wconf 89' lang='grc' dir='ltr'>ἐστι</span> <span class='ocrx_word' id='word_1_150' title='bbox 1635 2061 1776 2115; x_wconf 77' lang='grc' dir='ltr'><strong>δυνά</strong></span> 
     </span>
    </p>
   </div>
   <div class='ocr_carea' id='block_1_26' title="bbox 1890 2054 3476 2130">
    <p class='ocr_par' dir='ltr' id='par_1_26' title="bbox 1966 2058 3476 2130">
     <span class='ocr_line' id='line_1_26' title="bbox 1966 2058 3476 2130; baseline 0.002 -17"><span class='ocrx_word' id='word_1_151' title='bbox 1966 2058 2119 2113; x_wconf 85' lang='lat' dir='ltr'><strong>Justa</strong></span> <span class='ocrx_word' id='word_1_152' title='bbox 2151 2059 2434 2130; x_wconf 87' lang='lat' dir='ltr'><strong>persuasio</strong></span> <span class='ocrx_word' id='word_1_153' title='bbox 2472 2075 2584 2113; x_wconf 94' lang='lat' dir='ltr'><strong>non</strong></span> <span class='ocrx_word' id='word_1_154' title='bbox 2608 2069 2719 2115; x_wconf 89' lang='lat' dir='ltr'><strong>tam</strong></span> <span class='ocrx_word' id='word_1_155' title='bbox 2760 2060 3009 2130; x_wconf 82' lang='lat' dir='ltr'><strong>procedit</strong></span> <span class='ocrx_word' id='word_1_156' title='bbox 3052 2075 3083 2115; x_wconf 89' lang='lat' dir='ltr'><strong>a</strong></span> <span class='ocrx_word' id='word_1_157' title='bbox 3109 2060 3342 2116; x_wconf 88' lang='lat' dir='ltr'><strong>dicentis</strong></span> <span class='ocrx_word' id='word_1_158' title='bbox 3389 2060 3476 2116; x_wconf 52' lang='lat' dir='ltr'><strong>fai-</strong></span> 
     </span>
    </p>
   </div>
   <div class='ocr_carea' id='block_1_27' title="bbox 182 2148 1798 2219">
    <p class='ocr_par' dir='ltr' id='par_1_27' title="bbox 182 2148 1798 2219">
     <span class='ocr_line' id='line_1_27' title="bbox 182 2148 1798 2219; baseline 0.004 -20"><span class='ocrx_word' id='word_1_159' title='bbox 182 2164 378 2217; x_wconf 81' lang='grc' dir='ltr'>μεως,</span> <span class='ocrx_word' id='word_1_160' title='bbox 425 2148 628 2217; x_wconf 82' lang='grc' dir='ltr'>μᾶλλον</span> <span class='ocrx_word' id='word_1_161' title='bbox 674 2148 707 2219; x_wconf 82' lang='grc' dir='ltr'>ἢ</span> <span class='ocrx_word' id='word_1_162' title='bbox 748 2148 848 2217; x_wconf 82' lang='grc' dir='ltr'><strong>τῆς</strong></span> <span class='ocrx_word' id='word_1_163' title='bbox 876 2149 971 2202; x_wconf 90' lang='grc' dir='ltr'><strong>τοῦ</strong></span> <span class='ocrx_word' id='word_1_164' title='bbox 1011 2149 1306 2215; x_wconf 87' lang='grc' dir='ltr'>ἀκούοντος</span> <span class='ocrx_word' id='word_1_165' title='bbox 1332 2152 1643 2216; x_wconf 78' lang='grc' dir='ltr'>διαθέσεως.</span> <span class='ocrx_word' id='word_1_166' title='bbox 1691 2153 1798 2206; x_wconf 83' lang='grc' dir='ltr'><strong>Οὐ-</strong></span> 
     </span>
    </p>
   </div>
   <div class='ocr_carea' id='block_1_28' title="bbox 184 2239 1793 2315">
    <p class='ocr_par' dir='ltr' id='par_1_28' title="bbox 184 2239 1793 2315">
     <span class='ocr_line' id='line_1_28' title="bbox 184 2239 1793 2315; baseline 0.004 -22"><span class='ocrx_word' id='word_1_167' title='bbox 184 2239 337 2293; x_wconf 68' lang='grc' dir='ltr'>κοῦν</span> <span class='ocrx_word' id='word_1_168' title='bbox 375 2241 487 2293; x_wconf 77' lang='grc' dir='ltr'><strong>οὐκ</strong></span> <span class='ocrx_word' id='word_1_169' title='bbox 526 2240 637 2309; x_wconf 86' lang='grc' dir='ltr'><strong>ἐγὼ</strong></span> <span class='ocrx_word' id='word_1_170' title='bbox 663 2242 873 2311; x_wconf 80' lang='grc' dir='ltr'>κινήσω</span> <span class='ocrx_word' id='word_1_171' title='bbox 898 2242 1109 2310; x_wconf 83' lang='grc' dir='ltr'>γέλωτα</span> <span class='ocrx_word' id='word_1_172' title='bbox 1144 2244 1236 2296; x_wconf 82' lang='grc' dir='ltr'><strong>τὸν</strong></span> <span class='ocrx_word' id='word_1_173' title='bbox 1266 2243 1467 2315; x_wconf 83' lang='grc' dir='ltr'>ἀπειθῆ</span> <span class='ocrx_word' id='word_1_174' title='bbox 1497 2244 1793 2312; x_wconf 85' lang='grc' dir='ltr'>νουθετῶν,</span> 
     </span>
    </p>
   </div>
   <div class='ocr_carea' id='block_1_29' title="bbox 1896 2150 3493 2223">
    <p class='ocr_par' dir='ltr' id='par_1_29' title="bbox 1896 2150 3493 2223">
     <span class='ocr_line' id='line_1_29' title="bbox 1896 2150 3493 2223; baseline -0.002 -17"><span class='ocrx_word' id='word_1_175' title='bbox 1896 2153 2119 2216; x_wconf 87' lang='lat' dir='ltr'><strong>cultate,</strong></span> <span class='ocrx_word' id='word_1_176' title='bbox 2163 2167 2324 2223; x_wconf 88' lang='lat' dir='ltr'><strong>quam</strong></span> <span class='ocrx_word' id='word_1_177' title='bbox 2370 2152 2728 2222; x_wconf 78' lang='lat' dir='ltr'><strong>dispositione</strong></span> <span class='ocrx_word' id='word_1_178' title='bbox 2782 2151 3080 2206; x_wconf 86' lang='lat' dir='ltr'><strong>audientis.</strong></span> <span class='ocrx_word' id='word_1_179' title='bbox 3136 2150 3273 2205; x_wconf 84' lang='lat' dir='ltr'><strong>Nolo</strong></span> <span class='ocrx_word' id='word_1_180' title='bbox 3300 2151 3493 2206; x_wconf 71' lang='lat' dir='ltr'><strong>risum.</strong></span> 
     </span>
    </p>
   </div>
   <div class='ocr_carea' id='block_1_30' title="bbox 1895 2244 3472 2312">
    <p class='ocr_par' dir='ltr' id='par_1_30' title="bbox 1895 2244 3472 2312">
     <span class='ocr_line' id='line_1_30' title="bbox 1895 2244 3472 2312; baseline -0.001 -13"><span class='ocrx_word' id='word_1_181' title='bbox 1895 2260 2117 2299; x_wconf 82' lang='lat' dir='ltr'><strong>movere</strong></span> <span class='ocrx_word' id='word_1_182' title='bbox 2168 2245 2457 2299; x_wconf 86' lang='lat' dir='ltr'><strong>indocilem</strong></span> <span class='ocrx_word' id='word_1_183' title='bbox 2491 2244 2815 2309; x_wconf 81' lang='lat' dir='ltr'><strong>informans,</strong></span> <span class='ocrx_word' id='word_1_184' title='bbox 2869 2246 2913 2299; x_wconf 90' lang='lat' dir='ltr'><strong>si</strong></span> <span class='ocrx_word' id='word_1_185' title='bbox 2967 2259 3077 2297; x_wconf 90' lang='lat' dir='ltr'><strong>non</strong></span> <span class='ocrx_word' id='word_1_186' title='bbox 3127 2258 3472 2312; x_wconf 65' lang='lat' dir='ltr'><strong>persuasero,</strong></span> 
     </span>
    </p>
   </div>
   <div class='ocr_carea' id='block_1_31' title="bbox 181 2330 1776 2408">
    <p class='ocr_par' dir='ltr' id='par_1_31' title="bbox 181 2330 1776 2407">
     <span class='ocr_line' id='line_1_31' title="bbox 181 2330 1776 2407; baseline 0.006 -27"><span class='ocrx_word' id='word_1_187' title='bbox 181 2332 234 2380; x_wconf 80' lang='grc' dir='ltr'>εἰ</span> <span class='ocrx_word' id='word_1_188' title='bbox 278 2330 367 2399; x_wconf 81' lang='grc' dir='ltr'>μὴ</span> <span class='ocrx_word' id='word_1_189' title='bbox 400 2331 598 2394; x_wconf 85' lang='grc' dir='ltr'>πείσω,</span> <span class='ocrx_word' id='word_1_190' title='bbox 626 2331 743 2383; x_wconf 85' lang='grc' dir='ltr'>ἀλλ’</span> <span class='ocrx_word' id='word_1_191' title='bbox 773 2334 802 2383; x_wconf 87' lang='grc' dir='ltr'>ὁ</span> <span class='ocrx_word' id='word_1_192' title='bbox 832 2332 1095 2397; x_wconf 84' lang='grc' dir='ltr'>ἀπειθῶν,</span> <span class='ocrx_word' id='word_1_193' title='bbox 1134 2334 1246 2388; x_wconf 73' lang='grc' dir='ltr'>εἴθε</span> <span class='ocrx_word' id='word_1_194' title='bbox 1278 2336 1512 2403; x_wconf 82' lang='grc' dir='ltr'>γέλωτα,</span> <span class='ocrx_word' id='word_1_195' title='bbox 1553 2336 1687 2390; x_wconf 86' lang='grc' dir='ltr'><strong>ἀλλά</strong></span> <span class='ocrx_word' id='word_1_196' title='bbox 1719 2337 1776 2407; x_wconf 70' lang='lat' dir='ltr'><strong>pi</strong></span> 
     </span>
    </p>
   </div>
   <div class='ocr_carea' id='block_1_32' title="bbox 1890 2330 3472 2408">
    <p class='ocr_par' dir='ltr' id='par_1_32' title="bbox 1894 2334 3472 2402">
     <span class='ocr_line' id='line_1_32' title="bbox 1894 2334 3472 2402; baseline -0.001 -12"><span class='ocrx_word' id='word_1_197' title='bbox 1894 2336 1989 2390; x_wconf 89' lang='lat' dir='ltr'><strong>sed</strong></span> <span class='ocrx_word' id='word_1_198' title='bbox 2015 2334 2265 2400; x_wconf 89' lang='lat' dir='ltr'><strong>indoclis,</strong></span> <span class='ocrx_word' id='word_1_199' title='bbox 2336 2335 2546 2389; x_wconf 88' lang='lat' dir='ltr'><strong>utinam</strong></span> <span class='ocrx_word' id='word_1_200' title='bbox 2594 2335 2764 2389; x_wconf 90' lang='lat' dir='ltr'><strong>risum</strong></span> <span class='ocrx_word' id='word_1_201' title='bbox 2799 2335 3174 2389; x_wconf 87' lang='lat' dir='ltr'><strong>tantummodo</strong></span> <span class='ocrx_word' id='word_1_202' title='bbox 3203 2334 3472 2402; x_wconf 88' lang='lat' dir='ltr'><strong>incurrat,</strong></span> 
     </span>
    </p>
   </div>
   <div class='ocr_carea' id='block_1_33' title="bbox 184 2422 1659 2500">
    <p class='ocr_par' dir='ltr' id='par_1_33' title="bbox 184 2422 1659 2500">
     <span class='ocr_line' id='line_1_33' title="bbox 184 2422 1659 2500; baseline 0.006 -26"><span class='ocrx_word' id='word_1_203' title='bbox 184 2423 292 2475; x_wconf 57' lang='grc' dir='ltr'><strong>καὶ</strong></span> <span class='ocrx_word' id='word_1_204' title='bbox 318 2422 435 2493; x_wconf 77' lang='grc' dir='ltr'><strong>τὴν</strong></span> <span class='ocrx_word' id='word_1_205' title='bbox 465 2424 701 2495; x_wconf 78' lang='grc' dir='ltr'>ἐσχάτην</span> <span class='ocrx_word' id='word_1_206' title='bbox 730 2424 938 2477; x_wconf 84' lang='grc' dir='ltr'>ἐκεῖθεν</span> <span class='ocrx_word' id='word_1_207' title='bbox 973 2426 1329 2499; x_wconf 80' lang='grc' dir='ltr'>προσοφλήσῃ</span> <span class='ocrx_word' id='word_1_208' title='bbox 1366 2429 1659 2500; x_wconf 86' lang='grc' dir='ltr'>τιμωρίαν.</span> 
     </span>
    </p>
   </div>
   <div class='ocr_carea' id='block_1_34' title="bbox 813 2562 1200 2618">
    <p class='ocr_par' dir='ltr' id='par_1_34' title="bbox 813 2562 1200 2618">
     <span class='ocr_line' id='line_1_34' title="bbox 813 2562 1200 2618; baseline 0.005 -5"><span class='ocrx_word' id='word_1_209' title='bbox 813 2562 1036 2618; x_wconf 84' lang='grc' dir='ltr'><strong>ΕΠΙΣΤ.</strong></span> <span class='ocrx_word' id='word_1_210' title='bbox 1078 2563 1200 2617; x_wconf 83' lang='lat' dir='ltr'><strong>AI&quot;.</strong></span> 
     </span>
    </p>
   </div>
   <div class='ocr_carea' id='block_1_35' title="bbox 421 2652 1570 2725">
    <p class='ocr_par' dir='ltr' id='par_1_35' title="bbox 421 2652 1570 2725">
     <span class='ocr_line' id='line_1_35' title="bbox 421 2652 1570 2725; baseline 0.007 -23"><span class='ocrx_word' id='word_1_211' title='bbox 421 2652 696 2720; x_wconf 75' lang='grc' dir='ltr'><strong>Γεωργὶῳ</strong></span> <span class='ocrx_word' id='word_1_212' title='bbox 720 2654 1129 2722; x_wconf 79' lang='grc' dir='ltr'>μητροπολίτῃ</span> <span class='ocrx_word' id='word_1_213' title='bbox 1157 2655 1570 2725; x_wconf 80' lang='grc' dir='ltr'>Νικομηδείας.</span> 
     </span>
    </p>
   </div>
   <div class='ocr_carea' id='block_1_36' title="bbox 1892 2427 3126 2498">
    <p class='ocr_par' dir='ltr' id='par_1_36' title="bbox 1892 2427 3126 2498">
     <span class='ocr_line' id='line_1_36' title="bbox 1892 2427 3126 2498; baseline -0.002 -16"><span class='ocrx_word' id='word_1_214' title='bbox 1892 2434 1949 2482; x_wconf 89' lang='lat' dir='ltr'><strong>et</strong></span> <span class='ocrx_word' id='word_1_215' title='bbox 1964 2443 2074 2483; x_wconf 91' lang='lat' dir='ltr'><strong>non</strong></span> <span class='ocrx_word' id='word_1_216' title='bbox 2103 2430 2158 2483; x_wconf 90' lang='lat' dir='ltr'><strong>in</strong></span> <span class='ocrx_word' id='word_1_217' title='bbox 2188 2428 2372 2483; x_wconf 87' lang='lat' dir='ltr'><strong>futuro</strong></span> <span class='ocrx_word' id='word_1_218' title='bbox 2397 2442 2655 2498; x_wconf 89' lang='lat' dir='ltr'><strong>supremo</strong></span> <span class='ocrx_word' id='word_1_219' title='bbox 2688 2427 2952 2498; x_wconf 90' lang='lat' dir='ltr'><strong>supplicio</strong></span> <span class='ocrx_word' id='word_1_220' title='bbox 2978 2427 3126 2481; x_wconf 82' lang='lat' dir='ltr'><strong>luat!</strong></span> 
     </span>
    </p>
   </div>
   <div class='ocr_carea' id='block_1_37' title="bbox 2449 2562 2949 2620">
    <p class='ocr_par' dir='ltr' id='par_1_37' title="bbox 2449 2562 2949 2620">
     <span class='ocr_line' id='line_1_37' title="bbox 2449 2562 2949 2620; baseline -0.002 0"><span class='ocrx_word' id='word_1_221' title='bbox 2449 2563 2670 2620; x_wconf 85' lang='lat' dir='ltr'><strong>EPIST.</strong></span> <span class='ocrx_word' id='word_1_222' title='bbox 2711 2562 2949 2619; x_wconf 79' lang='lat' dir='ltr'><strong>XXXIII.</strong></span> 
     </span>
    </p>
   </div>
   <div class='ocr_carea' id='block_1_38' title="bbox 2205 2656 3168 2729">
    <p class='ocr_par' dir='ltr' id='par_1_38' title="bbox 2205 2656 3168 2729">
     <span class='ocr_line' id='line_1_38' title="bbox 2205 2656 3168 2729; baseline -0.004 -15"><span class='ocrx_word' id='word_1_223' title='bbox 2205 2658 2426 2729; x_wconf 82' lang='lat' dir='ltr'><strong>Georgio</strong></span> <span class='ocrx_word' id='word_1_224' title='bbox 2460 2658 2805 2727; x_wconf 74' lang='lat' dir='ltr'><strong>metropolitw</strong></span> <span class='ocrx_word' id='word_1_225' title='bbox 2830 2656 3168 2712; x_wconf 78' lang='lat' dir='ltr'><strong>Nicomediw.</strong></span> 
     </span>
    </p>
   </div>
   <div class='ocr_carea' id='block_1_39' title="bbox 1447 2766 2231 2832">
    <p class='ocr_par' dir='ltr' id='par_1_39' title="bbox 1447 2766 2231 2832">
     <span class='ocr_line' id='line_1_39' title="bbox 1447 2766 2231 2832; baseline 0.004 -17"><span class='ocrx_word' id='word_1_226' title='bbox 1447 2766 1715 2816; x_wconf 80' lang='lat' dir='ltr'><strong>Montacut.</strong></span> <span class='ocrx_word' id='word_1_227' title='bbox 1744 2767 1849 2828; x_wconf 88' lang='lat' dir='ltr'><strong>(ep.</strong></span> <span class='ocrx_word' id='word_1_228' title='bbox 1877 2766 1987 2830; x_wconf 83' lang='lat'><strong>199,</strong></span> <span class='ocrx_word' id='word_1_229' title='bbox 2010 2783 2060 2832; x_wconf 91' lang='lat' dir='ltr'><strong>p.</strong></span> <span class='ocrx_word' id='word_1_230' title='bbox 2096 2769 2231 2831; x_wconf 77' lang='lat'><strong>295).</strong></span> 
     </span>
    </p>
   </div>
   <div class='ocr_carea' id='block_1_40' title="bbox 263 2863 1794 2942">
    <p class='ocr_par' dir='ltr' id='par_1_40' title="bbox 263 2863 1794 2942">
     <span class='ocr_line' id='line_1_40' title="bbox 263 2863 1794 2942; baseline 0.006 -27"><span class='ocrx_word' id='word_1_231' title='bbox 263 2863 333 2916; x_wconf 84' lang='grc' dir='ltr'><strong>Εἰ</strong></span> <span class='ocrx_word' id='word_1_232' title='bbox 383 2864 547 2935; x_wconf 84' lang='grc' dir='ltr'>δῆλόν</span> <span class='ocrx_word' id='word_1_233' title='bbox 576 2868 747 2931; x_wconf 87' lang='grc' dir='ltr'>ἐστιν,</span> <span class='ocrx_word' id='word_1_234' title='bbox 798 2868 873 2930; x_wconf 82' lang='grc' dir='ltr'><strong>ὡς</strong></span> <span class='ocrx_word' id='word_1_235' title='bbox 900 2869 953 2921; x_wconf 80' lang='grc' dir='ltr'>ετ</span> <span class='ocrx_word' id='word_1_236' title='bbox 990 2885 1074 2933; x_wconf 90' lang='grc' dir='ltr'><strong>τις</strong></span> <span class='ocrx_word' id='word_1_237' title='bbox 1120 2869 1384 2933; x_wconf 86' lang='grc' dir='ltr'>νουθετεῖ,</span> <span class='ocrx_word' id='word_1_238' title='bbox 1418 2870 1579 2940; x_wconf 82' lang='grc' dir='ltr'>δόξης</span> <span class='ocrx_word' id='word_1_239' title='bbox 1618 2872 1794 2942; x_wconf 87' lang='grc' dir='ltr'>θήραν</span> 
     </span>
    </p>
   </div>
   <div class='ocr_carea' id='block_1_41' title="bbox 193 2959 1789 3033">
    <p class='ocr_par' dir='ltr' id='par_1_41' title="bbox 193 2959 1789 3033">
     <span class='ocr_line' id='line_1_41' title="bbox 193 2959 1789 3033; baseline 0.006 -27"><span class='ocrx_word' id='word_1_240' title='bbox 193 2959 779 3028; x_wconf 84' lang='grc' dir='ltr'>πραγματευόμενος,</span> <span class='ocrx_word' id='word_1_241' title='bbox 837 2959 985 3026; x_wconf 76' lang='grc' dir='ltr'>ἄξιός</span> <span class='ocrx_word' id='word_1_242' title='bbox 1025 2962 1142 3014; x_wconf 84' lang='grc' dir='ltr'>ἐστι</span> <span class='ocrx_word' id='word_1_243' title='bbox 1197 2961 1441 3032; x_wconf 86' lang='grc' dir='ltr'>μεγάλης</span> <span class='ocrx_word' id='word_1_244' title='bbox 1495 2963 1789 3033; x_wconf 75' lang='grc' dir='ltr'>μέμψεως·</span> 
     </span>
    </p>
   </div>
   <div class='ocr_carea' id='block_1_42' title="bbox 195 3048 1795 3118">
    <p class='ocr_par' dir='ltr' id='par_1_42' title="bbox 195 3048 1795 3118">
     <span class='ocr_line' id='line_1_42' title="bbox 195 3048 1795 3118; baseline 0.004 -18"><span class='ocrx_word' id='word_1_245' title='bbox 195 3048 355 3101; x_wconf 81' lang='grc' dir='ltr'>οὐδὲν</span> <span class='ocrx_word' id='word_1_246' title='bbox 389 3050 581 3103; x_wconf 83' lang='grc' dir='ltr'>καινὸν</span> <span class='ocrx_word' id='word_1_247' title='bbox 610 3052 718 3104; x_wconf 85' lang='grc' dir='ltr'>οὐδ’</span> <span class='ocrx_word' id='word_1_248' title='bbox 747 3051 1070 3108; x_wconf 80' lang='grc' dir='ltr'>ἀνέλπιστον</span> <span class='ocrx_word' id='word_1_249' title='bbox 1114 3056 1275 3118; x_wconf 81' lang='grc' dir='ltr'>εἴτις</span> <span class='ocrx_word' id='word_1_250' title='bbox 1303 3055 1571 3109; x_wconf 85' lang='grc' dir='ltr'>νουθετῶν</span> <span class='ocrx_word' id='word_1_251' title='bbox 1608 3056 1795 3118; x_wconf 88' lang='grc' dir='ltr'>κακῶς</span> 
     </span>
    </p>
   </div>
   <div class='ocr_carea' id='block_1_43' title="bbox 196 3140 1796 3217">
    <p class='ocr_par' dir='ltr' id='par_1_43' title="bbox 196 3140 1796 3217">
     <span class='ocr_line' id='line_1_43' title="bbox 196 3140 1796 3217; baseline 0.006 -25"><span class='ocrx_word' id='word_1_252' title='bbox 196 3140 399 3195; x_wconf 85' lang='grc' dir='ltr'>ἀκούει</span> <span class='ocrx_word' id='word_1_253' title='bbox 450 3143 543 3195; x_wconf 77' lang='grc' dir='ltr'><strong>κάὶ</strong></span> <span class='ocrx_word' id='word_1_254' title='bbox 576 3143 915 3213; x_wconf 87' lang='grc' dir='ltr'>διασύρεται.</span> <span class='ocrx_word' id='word_1_255' title='bbox 951 3146 1051 3201; x_wconf 82' lang='grc' dir='ltr'>Διά</span> <span class='ocrx_word' id='word_1_256' title='bbox 1093 3147 1273 3212; x_wconf 88' lang='grc' dir='ltr'>τοῦτο,</span> <span class='ocrx_word' id='word_1_257' title='bbox 1306 3147 1431 3217; x_wconf 84' lang='grc' dir='ltr'>μηδ’</span> <span class='ocrx_word' id='word_1_258' title='bbox 1469 3148 1631 3211; x_wconf 78' lang='grc' dir='ltr'>αὐτὸς</span> <span class='ocrx_word' id='word_1_259' title='bbox 1664 3148 1796 3202; x_wconf 77' lang='grc' dir='ltr'>θαυ·</span> 
     </span>
    </p>
   </div>
   <div class='ocr_carea' id='block_1_44' title="bbox 1962 2866 3472 2941">
    <p class='ocr_par' dir='ltr' id='par_1_44' title="bbox 1962 2866 3472 2941">
     <span class='ocr_line' id='line_1_44' title="bbox 1962 2866 3472 2941; baseline -0.001 -18"><span class='ocrx_word' id='word_1_260' title='bbox 1962 2870 2018 2924; x_wconf 90' lang='lat' dir='ltr'><strong>Si</strong></span> <span class='ocrx_word' id='word_1_261' title='bbox 2068 2880 2216 2941; x_wconf 88' lang='lat' dir='ltr'><strong>patet</strong></span> <span class='ocrx_word' id='word_1_262' title='bbox 2269 2871 2423 2935; x_wconf 85' lang='lat' dir='ltr'><strong>illud,</strong></span> <span class='ocrx_word' id='word_1_263' title='bbox 2458 2870 2603 2940; x_wconf 91' lang='lat' dir='ltr'><strong>quod</strong></span> <span class='ocrx_word' id='word_1_264' title='bbox 2652 2868 2698 2923; x_wconf 89' lang='lat' dir='ltr'><strong>si</strong></span> <span class='ocrx_word' id='word_1_265' title='bbox 2738 2868 2864 2938; x_wconf 83' lang='lat' dir='ltr'><strong>quis</strong></span> <span class='ocrx_word' id='word_1_266' title='bbox 2903 2866 3191 2923; x_wconf 89' lang='lat' dir='ltr'><strong>consilium</strong></span> <span class='ocrx_word' id='word_1_267' title='bbox 3242 2866 3355 2928; x_wconf 83' lang='lat' dir='ltr'><strong>dat.</strong></span> <span class='ocrx_word' id='word_1_268' title='bbox 3403 2866 3472 2921; x_wconf 81' lang='lat' dir='ltr'><strong>ut</strong></span> 
     </span>
    </p>
   </div>
   <div class='ocr_carea' id='block_1_45' title="bbox 1891 2959 3470 3035">
    <p class='ocr_par' dir='ltr' id='par_1_45' title="bbox 1891 2959 3470 3035">
     <span class='ocr_line' id='line_1_45' title="bbox 1891 2959 3470 3035; baseline -0.002 -18"><span class='ocrx_word' id='word_1_269' title='bbox 1891 2964 2119 3035; x_wconf 79' lang='lat' dir='ltr'><strong>gloriam</strong></span> <span class='ocrx_word' id='word_1_270' title='bbox 2155 2971 2405 3029; x_wconf 90' lang='lat' dir='ltr'><strong>venetur,</strong></span> <span class='ocrx_word' id='word_1_271' title='bbox 2453 2960 2882 3032; x_wconf 88' lang='lat' dir='ltr'><strong>reprehensione</strong></span> <span class='ocrx_word' id='word_1_272' title='bbox 2913 2960 3195 3014; x_wconf 86' lang='lat' dir='ltr'><strong>acerbiore</strong></span> <span class='ocrx_word' id='word_1_273' title='bbox 3228 2959 3470 3028; x_wconf 79' lang='lat' dir='ltr'><strong>dignus:</strong></span> 
     </span>
    </p>
   </div>
   <div class='ocr_carea' id='block_1_46' title="bbox 1891 3054 3475 3128">
    <p class='ocr_par' dir='ltr' id='par_1_46' title="bbox 1891 3054 3475 3128">
     <span class='ocr_line' id='line_1_46' title="bbox 1891 3054 3475 3128; baseline -0.003 -15"><span class='ocrx_word' id='word_1_274' title='bbox 1891 3059 1987 3113; x_wconf 89' lang='lat' dir='ltr'><strong>sed</strong></span> <span class='ocrx_word' id='word_1_275' title='bbox 2017 3059 2162 3128; x_wconf 91' lang='lat' dir='ltr'><strong>quod</strong></span> <span class='ocrx_word' id='word_1_276' title='bbox 2187 3058 2311 3126; x_wconf 89' lang='lat' dir='ltr'><strong>quis</strong></span> <span class='ocrx_word' id='word_1_277' title='bbox 2330 3073 2430 3127; x_wconf 89' lang='lat' dir='ltr'><strong>pro</strong></span> <span class='ocrx_word' id='word_1_278' title='bbox 2458 3057 2690 3112; x_wconf 87' lang='lat' dir='ltr'><strong>consilio</strong></span> <span class='ocrx_word' id='word_1_279' title='bbox 2719 3056 2846 3111; x_wconf 89' lang='lat' dir='ltr'><strong>dato</strong></span> <span class='ocrx_word' id='word_1_280' title='bbox 2873 3055 3014 3109; x_wconf 90' lang='lat' dir='ltr'><strong>male</strong></span> <span class='ocrx_word' id='word_1_281' title='bbox 3041 3054 3247 3117; x_wconf 86' lang='lat' dir='ltr'><strong>audiat,</strong></span> <span class='ocrx_word' id='word_1_282' title='bbox 3276 3063 3333 3109; x_wconf 89' lang='lat' dir='ltr'><strong>et</strong></span> <span class='ocrx_word' id='word_1_283' title='bbox 3375 3055 3475 3109; x_wconf 67' lang='lat' dir='ltr'><strong>de»</strong></span> 
     </span>
    </p>
   </div>
   <div class='ocr_carea' id='block_1_47' title="bbox 1890 3148 3473 3217">
    <p class='ocr_par' dir='ltr' id='par_1_47' title="bbox 1890 3148 3473 3217">
     <span class='ocr_line' id='line_1_47' title="bbox 1890 3148 3473 3217; baseline 0.001 -14"><span class='ocrx_word' id='word_1_284' title='bbox 1890 3149 2122 3215; x_wconf 87' lang='lat' dir='ltr'><strong>ridetur,</strong></span> <span class='ocrx_word' id='word_1_285' title='bbox 2152 3165 2257 3204; x_wconf 88' lang='lat' dir='ltr'><strong>nec</strong></span> <span class='ocrx_word' id='word_1_286' title='bbox 2280 3164 2504 3212; x_wconf 89' lang='lat' dir='ltr'><strong>novum,</strong></span> <span class='ocrx_word' id='word_1_287' title='bbox 2537 3164 2641 3203; x_wconf 88' lang='lat' dir='ltr'><strong>nec</strong></span> <span class='ocrx_word' id='word_1_288' title='bbox 2670 3149 3109 3217; x_wconf 81' lang='lat' dir='ltr'><strong>inexspectatum</strong></span> <span class='ocrx_word' id='word_1_289' title='bbox 3149 3158 3256 3203; x_wconf 93' lang='lat' dir='ltr'><strong>est.</strong></span> <span class='ocrx_word' id='word_1_290' title='bbox 3317 3148 3473 3215; x_wconf 85' lang='lat' dir='ltr'><strong>Quo-</strong></span> 
     </span>
    </p>
   </div>
   <div class='ocr_carea' id='block_1_48' title="bbox 202 3231 1776 3326">
    <p class='ocr_par' dir='ltr' id='par_1_48' title="bbox 202 3231 1776 3326">
     <span class='ocr_line' id='line_1_48' title="bbox 202 3231 1776 3326; baseline 0.005 -41"><span class='ocrx_word' id='word_1_291' title='bbox 202 3231 432 3326; x_wconf 78' lang='grc' dir='ltr'>μάσῃς,</span> <span class='ocrx_word' id='word_1_292' title='bbox 490 3236 538 3288; x_wconf 87' lang='grc' dir='ltr'><strong>εί</strong></span> <span class='ocrx_word' id='word_1_293' title='bbox 597 3235 903 3306; x_wconf 85' lang='grc' dir='ltr'>Πετρώνιος</span> <span class='ocrx_word' id='word_1_294' title='bbox 959 3238 1377 3309; x_wconf 86' lang='grc' dir='ltr'>νουθετούμενος</span> <span class='ocrx_word' id='word_1_295' title='bbox 1427 3241 1776 3311; x_wconf 70' lang='grc' dir='ltr'>τραχυτέρους</span> 
     </span>
    </p>
   </div>
   <div class='ocr_carea' id='block_1_49' title="bbox 1890 3231 3471 3326">
    <p class='ocr_par' dir='ltr' id='par_1_49' title="bbox 1896 3240 3471 3311">
     <span class='ocr_line' id='line_1_49' title="bbox 1896 3240 3471 3311; baseline -0.001 -14"><span class='ocrx_word' id='word_1_296' title='bbox 1896 3244 2038 3298; x_wconf 92' lang='lat' dir='ltr'><strong>circa</strong></span> <span class='ocrx_word' id='word_1_297' title='bbox 2069 3243 2256 3297; x_wconf 89' lang='lat' dir='ltr'><strong>mirari</strong></span> <span class='ocrx_word' id='word_1_298' title='bbox 2300 3242 2510 3305; x_wconf 90' lang='lat' dir='ltr'><strong>desine,</strong></span> <span class='ocrx_word' id='word_1_299' title='bbox 2541 3240 2588 3296; x_wconf 91' lang='lat' dir='ltr'><strong>si</strong></span> <span class='ocrx_word' id='word_1_300' title='bbox 2618 3240 2912 3296; x_wconf 86' lang='lat' dir='ltr'><strong>Petronius</strong></span> <span class='ocrx_word' id='word_1_301' title='bbox 2942 3241 3255 3295; x_wconf 88' lang='lat' dir='ltr'><strong>admonitus</strong></span> <span class='ocrx_word' id='word_1_302' title='bbox 3308 3256 3471 3311; x_wconf 59' lang='lat' dir='ltr'><strong>aspe-s</strong></span> 
     </span>
    </p>
   </div>
   <div class='ocr_carea' id='block_1_50' title="bbox 196 3319 1776 3403">
    <p class='ocr_par' dir='ltr' id='par_1_50' title="bbox 196 3319 1776 3403">
     <span class='ocr_line' id='line_1_50' title="bbox 196 3319 1776 3403; baseline 0.006 -27"><span class='ocrx_word' id='word_1_303' title='bbox 196 3319 403 3391; x_wconf 76' lang='grc' dir='ltr'>λόγους</span> <span class='ocrx_word' id='word_1_304' title='bbox 432 3326 575 3379; x_wconf 88' lang='grc' dir='ltr'><strong>κατά</strong></span> <span class='ocrx_word' id='word_1_305' title='bbox 615 3328 717 3398; x_wconf 82' lang='grc' dir='ltr'><strong>τῆς</strong></span> <span class='ocrx_word' id='word_1_306' title='bbox 746 3329 846 3398; x_wconf 83' lang='grc' dir='ltr'>σῆς</span> <span class='ocrx_word' id='word_1_307' title='bbox 888 3330 1084 3400; x_wconf 88' lang='grc' dir='ltr'>ἀφίησι</span> <span class='ocrx_word' id='word_1_308' title='bbox 1116 3331 1453 3402; x_wconf 85' lang='grc' dir='ltr'>τελειότητος</span> <span class='ocrx_word' id='word_1_309' title='bbox 1477 3349 1490 3363; x_wconf 77' lang='grc'><strong><em>⁸</em></strong></span> <span class='ocrx_word' id='word_1_310' title='bbox 1529 3333 1664 3403; x_wconf 80' lang='grc' dir='ltr'>μηδὲ</span> <span class='ocrx_word' id='word_1_311' title='bbox 1705 3332 1776 3386; x_wconf 80' lang='grc' dir='ltr'>διέ</span> 
     </span>
    </p>
   </div>
   <div class='ocr_carea' id='block_1_51' title="bbox 1890 3319 3324 3403">
    <p class='ocr_par' dir='ltr' id='par_1_51' title="bbox 1890 3330 3324 3402">
     <span class='ocr_line' id='line_1_51' title="bbox 1890 3330 3324 3402; baseline -0.005 -9"><span class='ocrx_word' id='word_1_312' title='bbox 1890 3336 2124 3393; x_wconf 89' lang='lat' dir='ltr'><strong>rioribus</strong></span> <span class='ocrx_word' id='word_1_313' title='bbox 2180 3333 2362 3388; x_wconf 86' lang='lat' dir='ltr'><strong>verbis</strong></span> <span class='ocrx_word' id='word_1_314' title='bbox 2409 3341 2556 3386; x_wconf 91' lang='lat' dir='ltr'><strong>tuam</strong></span> <span class='ocrx_word' id='word_1_315' title='bbox 2597 3330 2991 3401; x_wconf 82' lang='lat' dir='ltr'><strong>perfectionem</strong></span> <span class='ocrx_word' id='word_1_316' title='bbox 3048 3332 3263 3402; x_wconf 84' lang='lat' dir='ltr'><strong>excepit</strong></span> <span class='ocrx_word' id='word_1_317' title='bbox 3311 3351 3324 3386; x_wconf 92' lang='lat'><strong>:</strong></span> 
     </span>
    </p>
   </div>
   <div class='ocr_carea' id='block_1_52' title="bbox 198 3416 1793 3495">
    <p class='ocr_par' dir='ltr' id='par_1_52' title="bbox 198 3416 1793 3495">
     <span class='ocr_line' id='line_1_52' title="bbox 198 3416 1793 3495; baseline 0.009 -30"><span class='ocrx_word' id='word_1_318' title='bbox 198 3416 400 3470; x_wconf 75' lang='grc' dir='ltr'>τούτου</span> <span class='ocrx_word' id='word_1_319' title='bbox 452 3420 589 3489; x_wconf 89' lang='grc' dir='ltr'>μήτε</span> <span class='ocrx_word' id='word_1_320' title='bbox 619 3421 720 3491; x_wconf 83' lang='grc' dir='ltr'>τῆς</span> <span class='ocrx_word' id='word_1_321' title='bbox 759 3423 841 3485; x_wconf 82' lang='grc' dir='ltr'><strong>είς</strong></span> <span class='ocrx_word' id='word_1_322' title='bbox 886 3424 1129 3487; x_wconf 83' lang='grc' dir='ltr'>ἐκεῖνον,</span> <span class='ocrx_word' id='word_1_323' title='bbox 1171 3424 1308 3494; x_wconf 84' lang='grc' dir='ltr'>μήτε</span> <span class='ocrx_word' id='word_1_324' title='bbox 1341 3425 1439 3495; x_wconf 82' lang='grc' dir='ltr'>τῆς</span> <span class='ocrx_word' id='word_1_325' title='bbox 1488 3428 1567 3488; x_wconf 87' lang='grc' dir='ltr'><strong>είς</strong></span> <span class='ocrx_word' id='word_1_326' title='bbox 1601 3426 1793 3489; x_wconf 81' lang='grc' dir='ltr'>ἄλλους</span> 
     </span>
    </p>
   </div>
   <div class='ocr_carea' id='block_1_53' title="bbox 196 3506 1791 3585">
    <p class='ocr_par' dir='ltr' id='par_1_53' title="bbox 196 3506 1791 3585">
     <span class='ocr_line' id='line_1_53' title="bbox 196 3506 1791 3585; baseline 0.007 -28"><span class='ocrx_word' id='word_1_327' title='bbox 196 3506 568 3579; x_wconf 70' lang='grc' dir='ltr'>ἓφειλομένης</span> <span class='ocrx_word' id='word_1_328' title='bbox 613 3510 857 3581; x_wconf 74' lang='grc' dir='ltr'>ὑπερορᾷ</span> <span class='ocrx_word' id='word_1_329' title='bbox 907 3514 1309 3582; x_wconf 80' lang='grc' dir='ltr'>παραινέσεως.</span> <span class='ocrx_word' id='word_1_330' title='bbox 1374 3515 1525 3567; x_wconf 73' lang='grc' dir='ltr'>Ἐπεὶ</span> <span class='ocrx_word' id='word_1_331' title='bbox 1566 3515 1791 3585; x_wconf 85' lang='grc' dir='ltr'>δόξομεν</span> 
     </span>
    </p>
   </div>
   <div class='ocr_carea' id='block_1_54' title="bbox 200 3598 1792 3677">
    <p class='ocr_par' dir='ltr' id='par_1_54' title="bbox 200 3598 1792 3677">
     <span class='ocr_line' id='line_1_54' title="bbox 200 3598 1792 3677; baseline 0.008 -28"><span class='ocrx_word' id='word_1_332' title='bbox 200 3598 267 3650; x_wconf 84' lang='grc' dir='ltr'><strong>ἂν</strong></span> <span class='ocrx_word' id='word_1_333' title='bbox 320 3601 439 3671; x_wconf 81' lang='grc' dir='ltr'><strong>πρὸ</strong></span> <span class='ocrx_word' id='word_1_334' title='bbox 477 3600 704 3654; x_wconf 86' lang='grc' dir='ltr'>ἐκείνων</span> <span class='ocrx_word' id='word_1_335' title='bbox 742 3603 898 3655; x_wconf 82' lang='grc' dir='ltr'>αὐτοὶ</span> <span class='ocrx_word' id='word_1_336' title='bbox 950 3606 1180 3669; x_wconf 79' lang='grc' dir='ltr'>ἑαυτοὺς</span> <span class='ocrx_word' id='word_1_337' title='bbox 1228 3606 1411 3672; x_wconf 83' lang='grc' dir='ltr'>ἀξίους</span> <span class='ocrx_word' id='word_1_338' title='bbox 1468 3609 1792 3677; x_wconf 81' lang='grc' dir='ltr'>ἀποφαίνειν</span> 
     </span>
    </p>
   </div>
   <div class='ocr_carea' id='block_1_55' title="bbox 199 3692 1792 3774">
    <p class='ocr_par' dir='ltr' id='par_1_55' title="bbox 199 3692 1792 3774">
     <span class='ocr_line' id='line_1_55' title="bbox 199 3692 1792 3774; baseline 0.009 -32"><span class='ocrx_word' id='word_1_339' title='bbox 199 3692 624 3764; x_wconf 81' lang='grc' dir='ltr'>ἐπιτιμήσεως,</span> <span class='ocrx_word' id='word_1_340' title='bbox 683 3696 779 3749; x_wconf 73' lang='grc' dir='ltr'>καὶ</span> <span class='ocrx_word' id='word_1_341' title='bbox 823 3696 922 3766; x_wconf 82' lang='grc' dir='ltr'>τὴν</span> <span class='ocrx_word' id='word_1_342' title='bbox 975 3699 1171 3767; x_wconf 81' lang='grc' dir='ltr'>ἄλογον</span> <span class='ocrx_word' id='word_1_343' title='bbox 1219 3702 1400 3755; x_wconf 82' lang='grc' dir='ltr'>αὐτῶν</span> <span class='ocrx_word' id='word_1_344' title='bbox 1440 3702 1662 3774; x_wconf 82' lang='grc' dir='ltr'>μομφὴν</span> <span class='ocrx_word' id='word_1_345' title='bbox 1710 3703 1792 3766; x_wconf 85' lang='grc' dir='ltr'><strong>είς</strong></span> 
     </span>
    </p>
   </div>
   <div class='ocr_carea' id='block_1_56' title="bbox 203 3783 1062 3858">
    <p class='ocr_par' dir='ltr' id='par_1_56' title="bbox 203 3783 1062 3858">
     <span class='ocr_line' id='line_1_56' title="bbox 203 3783 1062 3858; baseline 0.012 -24"><span class='ocrx_word' id='word_1_346' title='bbox 203 3783 387 3837; x_wconf 77' lang='grc' dir='ltr'>αἰτίαν</span> <span class='ocrx_word' id='word_1_347' title='bbox 418 3790 734 3853; x_wconf 86' lang='grc' dir='ltr'>μεταποιεῖν</span> <span class='ocrx_word' id='word_1_348' title='bbox 764 3787 1062 3858; x_wconf 81' lang='grc' dir='ltr'>ἀξιόλογον.</span> 
     </span>
    </p>
   </div>
   <div class='ocr_carea' id='block_1_57' title="bbox 796 3914 1187 3975">
    <p class='ocr_par' dir='ltr' id='par_1_57' title="bbox 796 3914 1187 3975">
     <span class='ocr_line' id='line_1_57' title="bbox 796 3914 1187 3975; baseline 0.015 -7"><span class='ocrx_word' id='word_1_349' title='bbox 796 3914 1024 3971; x_wconf 83' lang='grc' dir='ltr'><strong>ΕΠΙΣΤ.</strong></span> <span class='ocrx_word' id='word_1_350' title='bbox 1065 3917 1187 3975; x_wconf 86' lang='grc' dir='ltr'><strong>ΛΔ’.</strong></span> 
     </span>
    </p>
   </div>
   <div class='ocr_carea' id='block_1_58' title="bbox 3376 3333 3471 3388">
    <p class='ocr_par' dir='ltr' id='par_1_58' title="bbox 3376 3333 3471 3388">
     <span class='ocr_line' id='line_1_58' title="bbox 3376 3333 3471 3388; baseline 0.032 -3"><span class='ocrx_word' id='word_1_351' title='bbox 3376 3333 3471 3388; x_wconf 89' lang='lat' dir='ltr'><strong>sed</strong></span> 
     </span>
    </p>
   </div>
   <div class='ocr_carea' id='block_1_59' title="bbox 1884 3424 3468 3495">
    <p class='ocr_par' dir='ltr' id='par_1_59' title="bbox 1884 3424 3468 3495">
     <span class='ocr_line' id='line_1_59' title="bbox 1884 3424 3468 3495; baseline -0.004 -9"><span class='ocrx_word' id='word_1_352' title='bbox 1884 3431 1999 3486; x_wconf 90' lang='lat' dir='ltr'><strong>noli</strong></span> <span class='ocrx_word' id='word_1_353' title='bbox 2058 3437 2120 3483; x_wconf 88' lang='lat' dir='ltr'><strong>tu</strong></span> <span class='ocrx_word' id='word_1_354' title='bbox 2168 3427 2370 3482; x_wconf 90' lang='lat' dir='ltr'><strong>idcirco</strong></span> <span class='ocrx_word' id='word_1_355' title='bbox 2419 3426 2860 3481; x_wconf 81' lang='lat' dir='ltr'><strong>exhortationem</strong></span> <span class='ocrx_word' id='word_1_356' title='bbox 2899 3424 3165 3491; x_wconf 87' lang='lat' dir='ltr'><strong>debitam,</strong></span> <span class='ocrx_word' id='word_1_357' title='bbox 3228 3424 3313 3479; x_wconf 89' lang='lat' dir='ltr'><strong>vel</strong></span> <span class='ocrx_word' id='word_1_358' title='bbox 3339 3441 3468 3495; x_wconf 84' lang='lat' dir='ltr'><strong>erga</strong></span> 
     </span>
    </p>
   </div>
   <div class='ocr_carea' id='block_1_60' title="bbox 1886 3515 3471 3584">
    <p class='ocr_par' dir='ltr' id='par_1_60' title="bbox 1886 3515 3471 3584">
     <span class='ocr_line' id='line_1_60' title="bbox 1886 3515 3471 3584; baseline -0.005 -7"><span class='ocrx_word' id='word_1_359' title='bbox 1886 3523 2067 3584; x_wconf 90' lang='lat' dir='ltr'><strong>illum,</strong></span> <span class='ocrx_word' id='word_1_360' title='bbox 2129 3519 2215 3573; x_wconf 89' lang='lat' dir='ltr'><strong>vel</strong></span> <span class='ocrx_word' id='word_1_361' title='bbox 2272 3518 2441 3571; x_wconf 88' lang='lat' dir='ltr'><strong>alium</strong></span> <span class='ocrx_word' id='word_1_362' title='bbox 2507 3516 2802 3571; x_wconf 84' lang='lat' dir='ltr'><strong>omittere.</strong></span> <span class='ocrx_word' id='word_1_363' title='bbox 2836 3516 2914 3570; x_wconf 89' lang='lat' dir='ltr'><strong>lla</strong></span> <span class='ocrx_word' id='word_1_364' title='bbox 2964 3515 3110 3570; x_wconf 89' lang='lat' dir='ltr'><strong>enim</strong></span> <span class='ocrx_word' id='word_1_365' title='bbox 3164 3515 3471 3570; x_wconf 88' lang='lat' dir='ltr'><strong>videbimur</strong></span> 
     </span>
    </p>
   </div>
   <div class='ocr_carea' id='block_1_61' title="bbox 1886 3607 3457 3680">
    <p class='ocr_par' dir='ltr' id='par_1_61' title="bbox 1886 3607 3457 3680">
     <span class='ocr_line' id='line_1_61' title="bbox 1886 3607 3457 3680; baseline -0.003 -13"><span class='ocrx_word' id='word_1_366' title='bbox 1886 3629 1989 3667; x_wconf 91' lang='lat' dir='ltr'><strong>nos</strong></span> <span class='ocrx_word' id='word_1_367' title='bbox 2027 3611 2149 3680; x_wconf 87' lang='lat' dir='ltr'><strong>ipsi,</strong></span> <span class='ocrx_word' id='word_1_368' title='bbox 2177 3610 2498 3679; x_wconf 86' lang='lat' dir='ltr'><strong>priusquam</strong></span> <span class='ocrx_word' id='word_1_369' title='bbox 2524 3608 2597 3662; x_wconf 91' lang='lat' dir='ltr'><strong>illi</strong></span> <span class='ocrx_word' id='word_1_370' title='bbox 2632 3608 2687 3661; x_wconf 91' lang='lat' dir='ltr'><strong>id</strong></span> <span class='ocrx_word' id='word_1_371' title='bbox 2715 3607 2937 3672; x_wconf 80' lang='lat' dir='ltr'><strong>faciant,</strong></span> <span class='ocrx_word' id='word_1_372' title='bbox 2969 3607 3163 3678; x_wconf 83' lang='lat' dir='ltr'><strong>dignos</strong></span> <span class='ocrx_word' id='word_1_373' title='bbox 3193 3608 3457 3663; x_wconf 82' lang='lat' dir='ltr'><strong>exhibere</strong></span> 
     </span>
    </p>
   </div>
   <div class='ocr_carea' id='block_1_62' title="bbox 1890 3697 3469 3774">
    <p class='ocr_par' dir='ltr' id='par_1_62' title="bbox 1890 3697 3469 3774">
     <span class='ocr_line' id='line_1_62' title="bbox 1890 3697 3469 3774; baseline -0.003 -16"><span class='ocrx_word' id='word_1_374' title='bbox 1890 3701 2341 3774; x_wconf 87' lang='lat' dir='ltr'><strong>reprehensione.</strong></span> <span class='ocrx_word' id='word_1_375' title='bbox 2375 3708 2431 3753; x_wconf 89' lang='lat' dir='ltr'><strong>et</strong></span> <span class='ocrx_word' id='word_1_376' title='bbox 2458 3699 2857 3753; x_wconf 86' lang='lat' dir='ltr'><strong>incusationem</strong></span> <span class='ocrx_word' id='word_1_377' title='bbox 2885 3699 3127 3767; x_wconf 88' lang='lat' dir='ltr'><strong>ipsorum</strong></span> <span class='ocrx_word' id='word_1_378' title='bbox 3176 3697 3310 3751; x_wconf 89' lang='lat' dir='ltr'><strong>alias</strong></span> <span class='ocrx_word' id='word_1_379' title='bbox 3363 3699 3469 3753; x_wconf 88' lang='lat' dir='ltr'><strong>mi-</strong></span> 
     </span>
    </p>
   </div>
   <div class='ocr_carea' id='block_1_63' title="bbox 1886 3788 3381 3848">
    <p class='ocr_par' dir='ltr' id='par_1_63' title="bbox 1886 3788 3381 3848">
     <span class='ocr_line' id='line_1_63' title="bbox 1886 3788 3381 3848; baseline -0.003 0"><span class='ocrx_word' id='word_1_380' title='bbox 1886 3795 2036 3848; x_wconf 90' lang='lat' dir='ltr'><strong>nime</strong></span> <span class='ocrx_word' id='word_1_381' title='bbox 2063 3791 2443 3847; x_wconf 88' lang='lat' dir='ltr'><strong>rationabilem</strong></span> <span class='ocrx_word' id='word_1_382' title='bbox 2475 3791 2533 3845; x_wconf 91' lang='lat' dir='ltr'><strong>in</strong></span> <span class='ocrx_word' id='word_1_383' title='bbox 2565 3790 2944 3844; x_wconf 90' lang='lat' dir='ltr'><strong>rationabilem</strong></span> <span class='ocrx_word' id='word_1_384' title='bbox 2973 3788 3381 3844; x_wconf 85' lang='lat' dir='ltr'><strong>transformare.</strong></span> 
     </span>
    </p>
   </div>
   <div class='ocr_carea' id='block_1_64' title="bbox 2418 3924 2928 3982">
    <p class='ocr_par' dir='ltr' id='par_1_64' title="bbox 2418 3924 2928 3982">
     <span class='ocr_line' id='line_1_64' title="bbox 2418 3924 2928 3982; baseline 0.002 -4"><span class='ocrx_word' id='word_1_385' title='bbox 2418 3924 2639 3982; x_wconf 84' lang='lat' dir='ltr'><strong>EPIST.</strong></span> <span class='ocrx_word' id='word_1_386' title='bbox 2681 3924 2928 3979; x_wconf 81' lang='lat' dir='ltr'><strong>XXXIV.</strong></span> 
     </span>
    </p>
   </div>
   <div class='ocr_carea' id='block_1_65' title="bbox 200 4008 1783 4094">
    <p class='ocr_par' dir='ltr' id='par_1_65' title="bbox 200 4008 1783 4094">
     <span class='ocr_line' id='line_1_65' title="bbox 200 4008 1783 4094; baseline 0.008 -28"><span class='ocrx_word' id='word_1_387' title='bbox 200 4015 477 4085; x_wconf 62' lang='grc' dir='ltr'>Γεωργτίῳ</span> <span class='ocrx_word' id='word_1_388' title='bbox 537 4019 949 4094; x_wconf 61' lang='grc' dir='ltr'>,ιιῃτροξτολίςῃ</span> <span class='ocrx_word' id='word_1_389' title='bbox 1019 4008 1451 4094; x_wconf 81' lang='grc' dir='ltr'>Νικομηδειάς,</span> <span class='ocrx_word' id='word_1_390' title='bbox 1500 4028 1783 4093; x_wconf 77' lang='grc' dir='ltr'>τελευτή-</span> 
     </span>
    </p>
   </div>
   <div class='ocr_carea' id='block_1_66' title="bbox 263 4085 1783 4164">
    <p class='ocr_par' dir='ltr' id='par_1_66' title="bbox 263 4085 1783 4164">
     <span class='ocr_line' id='line_1_66' title="bbox 263 4085 1783 4164; baseline 0.008 -27"><span class='ocrx_word' id='word_1_391' title='bbox 263 4103 497 4164; x_wconf 62' lang='grc' dir='ltr'>σαντος</span> <span class='ocrx_word' id='word_1_392' title='bbox 530 4085 691 4164; x_wconf 59' lang='grc' dir='ltr'>αὐτῷ</span> <span class='ocrx_word' id='word_1_393' title='bbox 719 4085 794 4164; x_wconf 52' lang='grc' dir='ltr'><strong>ἐνί</strong></span> <span class='ocrx_word' id='word_1_394' title='bbox 834 4085 1238 4164; x_wconf 59' lang='grc' dir='ltr'>ζῇῦπερορξςί</span> <span class='ocrx_word' id='word_1_395' title='bbox 1276 4085 1589 4161; x_wconf 36' lang='lat' dir='ltr'><strong>xlv—praem},</strong></span> <span class='ocrx_word' id='word_1_396' title='bbox 1633 4085 1783 4164; x_wconf 67' lang='grc' dir='ltr'>μεέὰ</span> 
     </span>
    </p>
   </div>
   <div class='ocr_carea' id='block_1_67' title="bbox 255 4156 1783 4295">
    <p class='ocr_par' dir='ltr' id='par_1_67' title="bbox 255 4156 1783 4295">
     <span class='ocr_line' id='line_1_67' title="bbox 260 4156 1783 4235; baseline 0.007 -25"><span class='ocrx_word' id='word_1_397' title='bbox 260 4157 387 4224; x_wconf 77' lang='grc' dir='ltr'><strong>τὴν</strong></span> <span class='ocrx_word' id='word_1_398' title='bbox 414 4156 747 4224; x_wconf 74' lang='grc' dir='ltr'>γενομένην</span> <span class='ocrx_word' id='word_1_399' title='bbox 769 4156 1060 4226; x_wconf 62' lang='grc' dir='ltr'>ἐπ’ὶιὺτῷ</span> <span class='ocrx_word' id='word_1_400' title='bbox 1087 4156 1194 4215; x_wconf 77' lang='grc' dir='ltr'><strong>τοῦ</strong></span> <span class='ocrx_word' id='word_1_401' title='bbox 1226 4156 1649 4233; x_wconf 55' lang='grc' dir='ltr'>πρεσέυτέρὸύ</span> <span class='ocrx_word' id='word_1_402' title='bbox 1661 4185 1783 4235; x_wconf 82' lang='grc' dir='ltr'>χει-</span> 
     </span>
     <span class='ocr_line' id='line_1_68' title="bbox 255 4231 564 4295; baseline -0.003 -11"><span class='ocrx_word' id='word_1_403' title='bbox 255 4231 564 4295; x_wconf 75' lang='grc' dir='ltr'>ροτονίαν.</span> 
     </span>
    </p>
   </div>
   <div class='ocr_carea' id='block_1_68' title="bbox 1887 4029 3465 4106">
    <p class='ocr_par' dir='ltr' id='par_1_68' title="bbox 1887 4029 3465 4106">
     <span class='ocr_line' id='line_1_69' title="bbox 1887 4029 3465 4106; baseline -0.003 -15"><span class='ocrx_word' id='word_1_404' title='bbox 1887 4035 2110 4103; x_wconf 79' lang='lat' dir='ltr'><strong>Georgio</strong></span> <span class='ocrx_word' id='word_1_405' title='bbox 2172 4034 2582 4106; x_wconf 75' lang='lat' dir='ltr'><strong>metropolitano</strong></span> <span class='ocrx_word' id='word_1_406' title='bbox 2643 4029 2964 4087; x_wconf 73' lang='lat' dir='ltr'><strong>Nicomedia:</strong></span> <span class='ocrx_word' id='word_1_407' title='bbox 3008 4033 3176 4106; x_wconf 72' lang='lat' dir='ltr'><strong>cujus</strong></span> <span class='ocrx_word' id='word_1_408' title='bbox 3246 4033 3465 4106; x_wconf 72' lang='lat' dir='ltr'><strong>clericus</strong></span> 
     </span>
    </p>
   </div>
   <div class='ocr_carea' id='block_1_69' title="bbox 1958 4104 3466 4174">
    <p class='ocr_par' dir='ltr' id='par_1_69' title="bbox 1958 4104 3466 4174">
     <span class='ocr_line' id='line_1_70' title="bbox 1958 4104 3466 4174; baseline -0.001 -17"><span class='ocrx_word' id='word_1_409' title='bbox 1958 4121 2173 4174; x_wconf 79' lang='lat' dir='ltr'><strong>peregre</strong></span> <span class='ocrx_word' id='word_1_410' title='bbox 2217 4106 2356 4157; x_wconf 85' lang='lat' dir='ltr'><strong>diem</strong></span> <span class='ocrx_word' id='word_1_411' title='bbox 2412 4104 2675 4157; x_wconf 83' lang='lat' dir='ltr'><strong>clauserat</strong></span> <span class='ocrx_word' id='word_1_412' title='bbox 2725 4104 3047 4167; x_wconf 71' lang='lat' dir='ltr'><strong>extremam,</strong></span> <span class='ocrx_word' id='word_1_413' title='bbox 3087 4111 3201 4171; x_wconf 80' lang='lat' dir='ltr'><strong>post</strong></span> <span class='ocrx_word' id='word_1_414' title='bbox 3248 4105 3466 4156; x_wconf 40' lang='lat' dir='ltr'><strong>ordiua“</strong></span> 
     </span>
    </p>
   </div>
   <div class='ocr_carea' id='block_1_70' title="bbox 1960 4177 2896 4244">
    <p class='ocr_par' dir='ltr' id='par_1_70' title="bbox 1960 4177 2896 4244">
     <span class='ocr_line' id='line_1_71' title="bbox 1960 4177 2896 4244; baseline 0.003 -17"><span class='ocrx_word' id='word_1_415' title='bbox 1960 4177 2151 4228; x_wconf 83' lang='lat' dir='ltr'><strong>tionem</strong></span> <span class='ocrx_word' id='word_1_416' title='bbox 2174 4177 2338 4244; x_wconf 77' lang='lat' dir='ltr'><strong>ipsius</strong></span> <span class='ocrx_word' id='word_1_417' title='bbox 2365 4177 2435 4228; x_wconf 85' lang='lat' dir='ltr'><strong>ad</strong></span> <span class='ocrx_word' id='word_1_418' title='bbox 2461 4179 2896 4244; x_wconf 80' lang='lat' dir='ltr'><strong>presbyteratum.</strong></span> 
     </span>
    </p>
   </div>
   <div class='ocr_carea' id='block_1_71' title="bbox 1444 4348 2219 4418">
    <p class='ocr_par' dir='ltr' id='par_1_71' title="bbox 1444 4348 2219 4418">
     <span class='ocr_line' id='line_1_72' title="bbox 1444 4348 2219 4418; baseline 0.01 -22"><span class='ocrx_word' id='word_1_419' title='bbox 1444 4348 1706 4399; x_wconf 78' lang='lat' dir='ltr'><strong>Montacut.</strong></span> <span class='ocrx_word' id='word_1_420' title='bbox 1739 4351 1840 4415; x_wconf 90' lang='lat' dir='ltr'><strong>(ep.</strong></span> <span class='ocrx_word' id='word_1_421' title='bbox 1870 4354 1981 4409; x_wconf 77' lang='grc'><strong>201.</strong></span> <span class='ocrx_word' id='word_1_422' title='bbox 2004 4370 2053 4418; x_wconf 91' lang='lat' dir='ltr'><strong>p.</strong></span> <span class='ocrx_word' id='word_1_423' title='bbox 2085 4356 2219 4417; x_wconf 80' lang='lat' dir='ltr'><strong>29h).</strong></span> 
     </span>
    </p>
   </div>
   <div class='ocr_carea' id='block_1_72' title="bbox 276 4449 1776 4527">
    <p class='ocr_par' dir='ltr' id='par_1_72' title="bbox 276 4449 1775 4521">
     <span class='ocr_line' id='line_1_73' title="bbox 276 4449 1775 4521; baseline 0.003 -19"><span class='ocrx_word' id='word_1_424' title='bbox 276 4449 619 4521; x_wconf 79' lang='grc' dir='ltr'>Ἐϐουλόμην</span> <span class='ocrx_word' id='word_1_425' title='bbox 672 4451 932 4521; x_wconf 80' lang='grc' dir='ltr'>ἀπαρχῆς</span> <span class='ocrx_word' id='word_1_426' title='bbox 978 4450 1078 4520; x_wconf 85' lang='grc' dir='ltr'>τῆς</span> <span class='ocrx_word' id='word_1_427' title='bbox 1127 4450 1464 4520; x_wconf 79' lang='grc' dir='ltr'>σκυθρωπῆς</span> <span class='ocrx_word' id='word_1_428' title='bbox 1515 4453 1775 4521; x_wconf 81' lang='grc' dir='ltr'>ἀγγελίας</span> 
     </span>
    </p>
   </div>
   <div class='ocr_carea' id='block_1_73' title="bbox 1890 4449 3461 4527">
    <p class='ocr_par' dir='ltr' id='par_1_73' title="bbox 1954 4455 3461 4527">
     <span class='ocr_line' id='line_1_74' title="bbox 1954 4455 3461 4527; baseline 0.001 -17"><span class='ocrx_word' id='word_1_429' title='bbox 1954 4457 2253 4527; x_wconf 83' lang='lat' dir='ltr'><strong>Cupiebam</strong></span> <span class='ocrx_word' id='word_1_430' title='bbox 2300 4458 2368 4512; x_wconf 87' lang='lat' dir='ltr'><strong>ab</strong></span> <span class='ocrx_word' id='word_1_431' title='bbox 2410 4468 2634 4526; x_wconf 83' lang='lat' dir='ltr'><strong>accepto</strong></span> <span class='ocrx_word' id='word_1_432' title='bbox 2676 4469 2862 4509; x_wconf 88' lang='lat' dir='ltr'><strong>amaro</strong></span> <span class='ocrx_word' id='word_1_433' title='bbox 2915 4455 3129 4520; x_wconf 86' lang='lat' dir='ltr'><strong>nuntio,</strong></span> <span class='ocrx_word' id='word_1_434' title='bbox 3170 4456 3317 4525; x_wconf 90' lang='lat' dir='ltr'><strong>quod</strong></span> <span class='ocrx_word' id='word_1_435' title='bbox 3352 4458 3461 4512; x_wconf 86' lang='lat' dir='ltr'><strong>uti-</strong></span> 
     </span>
    </p>
   </div>
   <div class='ocr_carea' id='block_1_74' title="bbox 202 4545 1776 4623">
    <p class='ocr_par' dir='ltr' id='par_1_74' title="bbox 202 4545 1774 4618">
     <span class='ocr_line' id='line_1_75' title="bbox 202 4545 1774 4618; baseline 0.003 -21"><span class='ocrx_word' id='word_1_436' title='bbox 202 4545 302 4610; x_wconf 82' lang='grc' dir='ltr'><strong>(ὼς</strong></span> <span class='ocrx_word' id='word_1_437' title='bbox 361 4546 474 4599; x_wconf 76' lang='grc' dir='ltr'>εἴθε</span> <span class='ocrx_word' id='word_1_438' title='bbox 513 4548 588 4618; x_wconf 86' lang='grc' dir='ltr'>μὴ</span> <span class='ocrx_word' id='word_1_439' title='bbox 636 4546 829 4615; x_wconf 77' lang='grc' dir='ltr'>ὄφελεν</span> <span class='ocrx_word' id='word_1_440' title='bbox 877 4549 1030 4618; x_wconf 88' lang='grc' dir='ltr'>ἐμοῖς</span> <span class='ocrx_word' id='word_1_441' title='bbox 1069 4546 1202 4599; x_wconf 80' lang='grc' dir='ltr'>ὠσὶν</span> <span class='ocrx_word' id='word_1_442' title='bbox 1250 4547 1559 4617; x_wconf 83' lang='grc' dir='ltr'>ἐπελθεῖν),</span> <span class='ocrx_word' id='word_1_443' title='bbox 1593 4547 1774 4616; x_wconf 84' lang='grc' dir='ltr'>λόγοις</span> 
     </span>
    </p>
   </div>
   <div class='ocr_carea' id='block_1_75' title="bbox 1890 4545 3471 4623">
    <p class='ocr_par' dir='ltr' id='par_1_75' title="bbox 1890 4545 3471 4623">
     <span class='ocr_line' id='line_1_76' title="bbox 1890 4545 3471 4623; baseline 0.001 -24"><span class='ocrx_word' id='word_1_444' title='bbox 1890 4562 2012 4599; x_wconf 87' lang='lat' dir='ltr'><strong>nam</strong></span> <span class='ocrx_word' id='word_1_445' title='bbox 2066 4545 2121 4599; x_wconf 91' lang='lat' dir='ltr'><strong>in</strong></span> <span class='ocrx_word' id='word_1_446' title='bbox 2185 4560 2336 4600; x_wconf 82' lang='lat' dir='ltr'><strong>meas</strong></span> <span class='ocrx_word' id='word_1_447' title='bbox 2391 4561 2554 4599; x_wconf 89' lang='lat' dir='ltr'><strong>aures</strong></span> <span class='ocrx_word' id='word_1_448' title='bbox 2604 4561 2717 4600; x_wconf 90' lang='lat' dir='ltr'><strong>non</strong></span> <span class='ocrx_word' id='word_1_449' title='bbox 2742 4545 3009 4609; x_wconf 78' lang='lat' dir='ltr'><strong>venisset,</strong></span> <span class='ocrx_word' id='word_1_450' title='bbox 3047 4545 3471 4623; x_wconf 86' lang='lat' dir='ltr'><strong>consulentibus</strong></span> 
     </span>
    </p>
   </div>
   <div class='ocr_carea' id='block_1_76' title="bbox 201 4637 1776 4712">
    <p class='ocr_par' dir='ltr' id='par_1_76' title="bbox 201 4641 1774 4712">
     <span class='ocr_line' id='line_1_77' title="bbox 201 4641 1774 4712; baseline 0.004 -24"><span class='ocrx_word' id='word_1_451' title='bbox 201 4641 593 4710; x_wconf 82' lang='grc' dir='ltr'>παρακλήσεως</span> <span class='ocrx_word' id='word_1_452' title='bbox 654 4641 715 4694; x_wconf 79' lang='grc' dir='ltr'><strong>τὸ</strong></span> <span class='ocrx_word' id='word_1_453' title='bbox 771 4643 829 4694; x_wconf 90' lang='grc' dir='ltr'><strong>ἐν</strong></span> <span class='ocrx_word' id='word_1_454' title='bbox 889 4643 972 4695; x_wconf 73' lang='grc' dir='ltr'>σοὶ</span> <span class='ocrx_word' id='word_1_455' title='bbox 1024 4642 1292 4712; x_wconf 82' lang='grc' dir='ltr'>πραΰνειν</span> <span class='ocrx_word' id='word_1_456' title='bbox 1334 4641 1533 4710; x_wconf 83' lang='grc' dir='ltr'>ἄλγος,</span> <span class='ocrx_word' id='word_1_457' title='bbox 1579 4644 1672 4696; x_wconf 74' lang='grc' dir='ltr'>καὶ</span> <span class='ocrx_word' id='word_1_458' title='bbox 1713 4641 1774 4695; x_wconf 79' lang='grc' dir='ltr'><strong>τὸ</strong></span> 
     </span>
    </p>
   </div>
   <div class='ocr_carea' id='block_1_77' title="bbox 1890 4637 3459 4712">
    <p class='ocr_par' dir='ltr' id='par_1_77' title="bbox 1890 4637 3459 4708">
     <span class='ocr_line' id='line_1_78' title="bbox 1890 4637 3459 4708; baseline -0.001 -15"><span class='ocrx_word' id='word_1_459' title='bbox 1890 4640 2061 4694; x_wconf 77' lang='lat' dir='ltr'><strong>verbis</strong></span> <span class='ocrx_word' id='word_1_460' title='bbox 2116 4640 2361 4694; x_wconf 90' lang='lat' dir='ltr'><strong>dolorem</strong></span> <span class='ocrx_word' id='word_1_461' title='bbox 2415 4648 2570 4693; x_wconf 87' lang='lat' dir='ltr'><strong>tuum</strong></span> <span class='ocrx_word' id='word_1_462' title='bbox 2623 4637 2893 4708; x_wconf 80' lang='lat' dir='ltr'><strong>mitigare,</strong></span> <span class='ocrx_word' id='word_1_463' title='bbox 2932 4647 2987 4692; x_wconf 84' lang='lat' dir='ltr'><strong>et</strong></span> <span class='ocrx_word' id='word_1_464' title='bbox 3016 4637 3214 4707; x_wconf 89' lang='lat' dir='ltr'><strong>quibus</strong></span> <span class='ocrx_word' id='word_1_465' title='bbox 3238 4652 3459 4706; x_wconf 90' lang='lat' dir='ltr'><strong>possem</strong></span> 
     </span>
    </p>
   </div>
   <div class='ocr_carea' id='block_1_78' title="bbox 199 4724 1776 4805">
    <p class='ocr_par' dir='ltr' id='par_1_78' title="bbox 199 4724 1775 4805">
     <span class='ocr_line' id='line_1_79' title="bbox 199 4724 1775 4805; baseline 0.005 -26"><span class='ocrx_word' id='word_1_466' title='bbox 199 4724 398 4781; x_wconf 78' lang='grc' dir='ltr'>λυποῦν</span> <span class='ocrx_word' id='word_1_467' title='bbox 443 4734 718 4803; x_wconf 85' lang='grc' dir='ltr'>ἀφαιρεῖν,</span> <span class='ocrx_word' id='word_1_468' title='bbox 762 4727 849 4797; x_wconf 73' lang='grc' dir='ltr'><strong>αἷς</strong></span> <span class='ocrx_word' id='word_1_469' title='bbox 889 4734 1018 4805; x_wconf 85' lang='grc' dir='ltr'>ἐν’ἧν</span> <span class='ocrx_word' id='word_1_470' title='bbox 1055 4751 1144 4803; x_wconf 88' lang='grc' dir='ltr'><strong>μοι</strong></span> <span class='ocrx_word' id='word_1_471' title='bbox 1184 4734 1573 4805; x_wconf 86' lang='grc' dir='ltr'>παρηγορίαις.</span> <span class='ocrx_word' id='word_1_472' title='bbox 1620 4735 1775 4787; x_wconf 74' lang='grc' dir='ltr'>Ἐπεὶ</span> 
     </span>
    </p>
   </div>
   <div class='ocr_carea' id='block_1_79' title="bbox 1890 4724 3460 4805">
    <p class='ocr_par' dir='ltr' id='par_1_79' title="bbox 1890 4728 3460 4794">
     <span class='ocr_line' id='line_1_80' title="bbox 1890 4728 3460 4794; baseline -0.001 -8"><span class='ocrx_word' id='word_1_473' title='bbox 1890 4732 2088 4786; x_wconf 77' lang='lat' dir='ltr'><strong>solatiis</strong></span> <span class='ocrx_word' id='word_1_474' title='bbox 2129 4730 2476 4785; x_wconf 86' lang='lat' dir='ltr'><strong>alllictionem</strong></span> <span class='ocrx_word' id='word_1_475' title='bbox 2531 4740 2680 4785; x_wconf 89' lang='lat' dir='ltr'><strong>tuam</strong></span> <span class='ocrx_word' id='word_1_476' title='bbox 2731 4730 2930 4785; x_wconf 89' lang='lat' dir='ltr'><strong>lenire.</strong></span> <span class='ocrx_word' id='word_1_477' title='bbox 2962 4729 3049 4794; x_wconf 57' lang='lat' dir='ltr'><strong>,At</strong></span> <span class='ocrx_word' id='word_1_478' title='bbox 3080 4743 3205 4783; x_wconf 91' lang='lat' dir='ltr'><strong>cum</strong></span> <span class='ocrx_word' id='word_1_479' title='bbox 3259 4728 3460 4784; x_wconf 88' lang='lat' dir='ltr'><strong>iisdem</strong></span> 
     </span>
    </p>
   </div>
   <div class='ocr_carea' id='block_1_80' title="bbox 199 4817 1776 4897">
    <p class='ocr_par' dir='ltr' id='par_1_80' title="bbox 199 4817 1773 4897">
     <span class='ocr_line' id='line_1_81' title="bbox 199 4817 1773 4897; baseline 0.006 -26"><span class='ocrx_word' id='word_1_480' title='bbox 199 4817 250 4871; x_wconf 74' lang='grc' dir='ltr'>δὲ</span> <span class='ocrx_word' id='word_1_481' title='bbox 294 4824 418 4884; x_wconf 86' lang='grc' dir='ltr'>ταῖς</span> <span class='ocrx_word' id='word_1_482' title='bbox 465 4823 609 4888; x_wconf 78' lang='grc' dir='ltr'>ἴσαις</span> <span class='ocrx_word' id='word_1_483' title='bbox 663 4826 823 4888; x_wconf 77' lang='grc' dir='ltr'>αὐτὸς</span> <span class='ocrx_word' id='word_1_484' title='bbox 860 4824 950 4897; x_wconf 87' lang='grc' dir='ltr'>(ού</span> <span class='ocrx_word' id='word_1_485' title='bbox 991 4826 1097 4896; x_wconf 81' lang='grc' dir='ltr'>γὰρ</span> <span class='ocrx_word' id='word_1_486' title='bbox 1129 4824 1194 4879; x_wconf 85' lang='grc' dir='ltr'>ἂν</span> <span class='ocrx_word' id='word_1_487' title='bbox 1227 4827 1437 4896; x_wconf 83' lang='grc' dir='ltr'>εἴποιμι</span> <span class='ocrx_word' id='word_1_488' title='bbox 1470 4827 1629 4880; x_wconf 84' lang='grc' dir='ltr'>πλέον</span> <span class='ocrx_word' id='word_1_489' title='bbox 1655 4842 1668 4856; x_wconf 92' lang='grc'><strong>·</strong></span> <span class='ocrx_word' id='word_1_490' title='bbox 1711 4826 1773 4880; x_wconf 88' lang='grc' dir='ltr'><strong>ού</strong></span> 
     </span>
    </p>
   </div>
   <div class='ocr_carea' id='block_1_81' title="bbox 1890 4817 3456 4897">
    <p class='ocr_par' dir='ltr' id='par_1_81' title="bbox 1890 4820 3456 4893">
     <span class='ocr_line' id='line_1_82' title="bbox 1890 4820 3456 4893; baseline -0.001 -16"><span class='ocrx_word' id='word_1_491' title='bbox 1890 4838 1978 4893; x_wconf 71' lang='lat' dir='ltr'><strong>ego</strong></span> <span class='ocrx_word' id='word_1_492' title='bbox 2006 4824 2122 4891; x_wconf 91' lang='lat' dir='ltr'><strong>ipse</strong></span> <span class='ocrx_word' id='word_1_493' title='bbox 2146 4822 2399 4877; x_wconf 90' lang='lat' dir='ltr'><strong>hebetior</strong></span> <span class='ocrx_word' id='word_1_494' title='bbox 2420 4837 2597 4877; x_wconf 89' lang='lat' dir='ltr'><strong>essem</strong></span> <span class='ocrx_word' id='word_1_495' title='bbox 2628 4821 2878 4876; x_wconf 88' lang='lat' dir='ltr'><strong>redditus</strong></span> <span class='ocrx_word' id='word_1_496' title='bbox 2898 4820 3057 4875; x_wconf 89' lang='lat' dir='ltr'><strong>malis</strong></span> <span class='ocrx_word' id='word_1_497' title='bbox 3086 4835 3190 4875; x_wconf 89' lang='lat' dir='ltr'><strong>nec</strong></span> <span class='ocrx_word' id='word_1_498' title='bbox 3221 4820 3456 4875; x_wconf 86' lang='lat' dir='ltr'><strong>aliorum</strong></span> 
     </span>
    </p>
   </div>
   <div class='ocr_carea' id='block_1_82' title="bbox 199 4910 1774 4987">
    <p class='ocr_par' dir='ltr' id='par_1_82' title="bbox 199 4910 1774 4987">
     <span class='ocr_line' id='line_1_83' title="bbox 199 4910 1774 4987; baseline 0.004 -22"><span class='ocrx_word' id='word_1_499' title='bbox 199 4910 290 4981; x_wconf 79' lang='grc' dir='ltr'>τὴν</span> <span class='ocrx_word' id='word_1_500' title='bbox 319 4912 598 4981; x_wconf 82' lang='grc' dir='ltr'>ἀλήθειαν,</span> <span class='ocrx_word' id='word_1_501' title='bbox 639 4918 738 4986; x_wconf 82' lang='grc' dir='ltr'>τὴν</span> <span class='ocrx_word' id='word_1_502' title='bbox 798 4917 843 4969; x_wconf 84' lang='grc' dir='ltr'>δ’</span> <span class='ocrx_word' id='word_1_503' title='bbox 873 4917 1135 4971; x_wconf 87' lang='grc' dir='ltr'>ἀπιστίαν</span> <span class='ocrx_word' id='word_1_504' title='bbox 1176 4917 1597 4987; x_wconf 80' lang='grc' dir='ltr'>εὐλαϐούμενος,</span> <span class='ocrx_word' id='word_1_505' title='bbox 1642 4935 1774 4971; x_wconf 87' lang='grc' dir='ltr'>κατ-</span> 
     </span>
    </p>
   </div>
   <div class='ocr_carea' id='block_1_83' title="bbox 162 5005 1771 5082">
    <p class='ocr_par' dir='ltr' id='par_1_83' title="bbox 162 5005 1771 5082">
     <span class='ocr_line' id='line_1_84' title="bbox 162 5005 1771 5082; baseline 0.007 -30"><span class='ocrx_word' id='word_1_506' title='bbox 162 5016 167 5021; x_wconf 66' lang='grc'><strong><em>’</em></strong></span> <span class='ocrx_word' id='word_1_507' title='bbox 201 5005 478 5075; x_wconf 83' lang='grc' dir='ltr'>ετεινόμην</span> <span class='ocrx_word' id='word_1_508' title='bbox 505 5008 794 5077; x_wconf 79' lang='grc' dir='ltr'>ἀλγηδόσιν</span> <span class='ocrx_word' id='word_1_509' title='bbox 817 5051 832 5076; x_wconf 88' lang='grc'><strong>,</strong></span> <span class='ocrx_word' id='word_1_510' title='bbox 863 5012 958 5063; x_wconf 72' lang='grc' dir='ltr'><strong>καὶ</strong></span> <span class='ocrx_word' id='word_1_511' title='bbox 991 5010 1092 5081; x_wconf 86' lang='grc' dir='ltr'>τὴν</span> <span class='ocrx_word' id='word_1_512' title='bbox 1128 5010 1308 5082; x_wconf 79' lang='grc' dir='ltr'>ψυχὴν</span> <span class='ocrx_word' id='word_1_513' title='bbox 1339 5011 1594 5081; x_wconf 82' lang='grc' dir='ltr'>χαλεπῶς</span> <span class='ocrx_word' id='word_1_514' title='bbox 1631 5011 1771 5064; x_wconf 77' lang='grc' dir='ltr'>ἔπα-</span> 
     </span>
    </p>
   </div>
   <div class='ocr_carea' id='block_1_84' title="bbox 203 5099 1770 5175">
    <p class='ocr_par' dir='ltr' id='par_1_84' title="bbox 203 5099 1770 5175">
     <span class='ocr_line' id='line_1_85' title="bbox 203 5099 1770 5175; baseline 0.005 -26"><span class='ocrx_word' id='word_1_515' title='bbox 203 5099 358 5168; x_wconf 61' lang='grc' dir='ltr'>σχον)</span> <span class='ocrx_word' id='word_1_516' title='bbox 426 5100 767 5171; x_wconf 79' lang='grc' dir='ltr'>ἀμϐλύτερός</span> <span class='ocrx_word' id='word_1_517' title='bbox 831 5122 945 5167; x_wconf 87' lang='grc' dir='ltr'>πως</span> <span class='ocrx_word' id='word_1_518' title='bbox 997 5104 1265 5175; x_wconf 78' lang='grc' dir='ltr'>κατέστην</span> <span class='ocrx_word' id='word_1_519' title='bbox 1325 5104 1528 5173; x_wconf 83' lang='grc' dir='ltr'>ἐτέρων</span> <span class='ocrx_word' id='word_1_520' title='bbox 1595 5104 1770 5167; x_wconf 77' lang='grc' dir='ltr'>λύπας</span> 
     </span>
    </p>
   </div>
   <div class='ocr_carea' id='block_1_85' title="bbox 203 5186 1769 5266">
    <p class='ocr_par' dir='ltr' id='par_1_85' title="bbox 203 5186 1769 5266">
     <span class='ocr_line' id='line_1_86' title="bbox 203 5186 1769 5266; baseline 0.005 -26"><span class='ocrx_word' id='word_1_521' title='bbox 203 5189 469 5260; x_wconf 83' lang='grc' dir='ltr'>ἀφαιρεῖν,</span> <span class='ocrx_word' id='word_1_522' title='bbox 504 5186 579 5243; x_wconf 81' lang='grc' dir='ltr'>ὧν</span> <span class='ocrx_word' id='word_1_523' title='bbox 610 5193 773 5256; x_wconf 81' lang='grc' dir='ltr'>αὐτὸς</span> <span class='ocrx_word' id='word_1_524' title='bbox 803 5195 1151 5264; x_wconf 78' lang='grc' dir='ltr'>παραμύθιον</span> <span class='ocrx_word' id='word_1_525' title='bbox 1200 5198 1299 5265; x_wconf 77' lang='grc' dir='ltr'>οὐχ</span> <span class='ocrx_word' id='word_1_526' title='bbox 1326 5195 1597 5266; x_wconf 78' lang='grc' dir='ltr'>εὕρισκον.</span> <span class='ocrx_word' id='word_1_527' title='bbox 1642 5195 1769 5264; x_wconf 75' lang='grc' dir='ltr'><strong>Ὀψὲ</strong></span> 
     </span>
    </p>
   </div>
   <div class='ocr_carea' id='block_1_86' title="bbox 201 5282 1769 5360">
    <p class='ocr_par' dir='ltr' id='par_1_86' title="bbox 201 5282 1769 5360">
     <span class='ocr_line' id='line_1_87' title="bbox 201 5282 1769 5360; baseline 0.004 -25"><span class='ocrx_word' id='word_1_528' title='bbox 201 5282 249 5335; x_wconf 81' lang='grc' dir='ltr'>δὲ</span> <span class='ocrx_word' id='word_1_529' title='bbox 275 5285 367 5337; x_wconf 76' lang='grc' dir='ltr'>καὶ</span> <span class='ocrx_word' id='word_1_530' title='bbox 401 5285 554 5355; x_wconf 86' lang='grc' dir='ltr'>μόλις</span> <span class='ocrx_word' id='word_1_531' title='bbox 583 5288 708 5350; x_wconf 75' lang='grc' dir='ltr'>τοὺς</span> <span class='ocrx_word' id='word_1_532' title='bbox 734 5289 1026 5356; x_wconf 75' lang='grc' dir='ltr'>λογισμοὺς</span> <span class='ocrx_word' id='word_1_533' title='bbox 1055 5290 1382 5357; x_wconf 85' lang='grc' dir='ltr'>ἀνενεγκὼν,</span> <span class='ocrx_word' id='word_1_534' title='bbox 1416 5291 1635 5343; x_wconf 85' lang='grc' dir='ltr'>κάκεῖνο</span> <span class='ocrx_word' id='word_1_535' title='bbox 1663 5291 1769 5360; x_wconf 87' lang='grc' dir='ltr'><strong>πρὸ</strong></span> 
     </span>
    </p>
   </div>
   <div class='ocr_carea' id='block_1_87' title="bbox 202 5376 1767 5451">
    <p class='ocr_par' dir='ltr' id='par_1_87' title="bbox 202 5376 1767 5451">
     <span class='ocr_line' id='line_1_88' title="bbox 202 5376 1767 5451; baseline 0.006 -27"><span class='ocrx_word' id='word_1_536' title='bbox 202 5376 298 5427; x_wconf 86' lang='grc' dir='ltr'><strong>τῶν</strong></span> <span class='ocrx_word' id='word_1_537' title='bbox 339 5377 514 5430; x_wconf 83' lang='grc' dir='ltr'>ἄλλων</span> <span class='ocrx_word' id='word_1_538' title='bbox 554 5379 901 5449; x_wconf 75' lang='grc' dir='ltr'>ἐνθυμηθεὶς,</span> <span class='ocrx_word' id='word_1_539' title='bbox 926 5381 1001 5444; x_wconf 82' lang='grc' dir='ltr'>ὡς</span> <span class='ocrx_word' id='word_1_540' title='bbox 1031 5381 1113 5433; x_wconf 83' lang='grc' dir='ltr'>ὅτι</span> <span class='ocrx_word' id='word_1_541' title='bbox 1144 5382 1423 5451; x_wconf 85' lang='grc' dir='ltr'>περίεστιν</span> <span class='ocrx_word' id='word_1_542' title='bbox 1448 5384 1480 5451; x_wconf 84' lang='grc' dir='ltr'>ἡ</span> <span class='ocrx_word' id='word_1_543' title='bbox 1508 5383 1767 5451; x_wconf 81' lang='grc' dir='ltr'>ἀρχιερα-</span> 
     </span>
    </p>
   </div>
   <div class='ocr_carea' id='block_1_88' title="bbox 201 5466 1762 5543">
    <p class='ocr_par' dir='ltr' id='par_1_88' title="bbox 201 5466 1762 5543">
     <span class='ocr_line' id='line_1_89' title="bbox 201 5466 1762 5543; baseline 0.004 -27"><span class='ocrx_word' id='word_1_544' title='bbox 201 5466 315 5537; x_wconf 82' lang='grc' dir='ltr'>τικὴ</span> <span class='ocrx_word' id='word_1_545' title='bbox 349 5469 443 5521; x_wconf 74' lang='grc' dir='ltr'><strong>καὶ</strong></span> <span class='ocrx_word' id='word_1_546' title='bbox 472 5470 607 5536; x_wconf 86' lang='grc' dir='ltr'>ἁγία</span> <span class='ocrx_word' id='word_1_547' title='bbox 631 5471 748 5541; x_wconf 78' lang='grc' dir='ltr'>χεὶρ</span> <span class='ocrx_word' id='word_1_548' title='bbox 784 5472 963 5541; x_wconf 83' lang='grc' dir='ltr'>ἐκείνη</span> <span class='ocrx_word' id='word_1_549' title='bbox 989 5472 1105 5538; x_wconf 79' lang='grc' dir='ltr'>(καὶ</span> <span class='ocrx_word' id='word_1_550' title='bbox 1133 5474 1349 5543; x_wconf 88' lang='grc' dir='ltr'>περιείη</span> <span class='ocrx_word' id='word_1_551' title='bbox 1376 5490 1437 5540; x_wconf 89' lang='grc' dir='ltr'><strong>γε</strong></span> <span class='ocrx_word' id='word_1_552' title='bbox 1466 5473 1558 5525; x_wconf 72' lang='grc' dir='ltr'><strong>ἐπὶ</strong></span> <span class='ocrx_word' id='word_1_553' title='bbox 1582 5473 1762 5537; x_wconf 83' lang='grc' dir='ltr'>πλέον,</span> 
     </span>
    </p>
   </div>
   <div class='ocr_carea' id='block_1_89' title="bbox 202 5552 1765 5633">
    <p class='ocr_par' dir='ltr' id='par_1_89' title="bbox 202 5552 1765 5633">
     <span class='ocr_line' id='line_1_90' title="bbox 202 5552 1765 5633; baseline 0.004 -24"><span class='ocrx_word' id='word_1_554' title='bbox 202 5552 231 5622; x_wconf 82' lang='grc' dir='ltr'>ἢ</span> <span class='ocrx_word' id='word_1_555' title='bbox 273 5557 395 5610; x_wconf 84' lang='grc' dir='ltr'>ὅσον</span> <span class='ocrx_word' id='word_1_556' title='bbox 440 5558 765 5627; x_wconf 80' lang='grc' dir='ltr'>διεγέγονεν,</span> <span class='ocrx_word' id='word_1_557' title='bbox 819 5563 852 5632; x_wconf 84' lang='grc' dir='ltr'>ἡ</span> <span class='ocrx_word' id='word_1_558' title='bbox 886 5561 1162 5625; x_wconf 88' lang='grc' dir='ltr'>τοιούτους</span> <span class='ocrx_word' id='word_1_559' title='bbox 1193 5565 1325 5633; x_wconf 82' lang='grc' dir='ltr'>ἡμῖν</span> <span class='ocrx_word' id='word_1_560' title='bbox 1362 5562 1765 5616; x_wconf 84' lang='grc' dir='ltr'>διαπλάττουσα</span> 
     </span>
    </p>
   </div>
   <div class='ocr_carea' id='block_1_90' title="bbox 203 5646 1763 5724">
    <p class='ocr_par' dir='ltr' id='par_1_90' title="bbox 203 5646 1763 5724">
     <span class='ocr_line' id='line_1_91' title="bbox 203 5646 1763 5724; baseline 0.008 -28"><span class='ocrx_word' id='word_1_561' title='bbox 203 5646 284 5697; x_wconf 72' lang='grc' dir='ltr'><strong>καὶ</strong></span> <span class='ocrx_word' id='word_1_562' title='bbox 328 5648 706 5720; x_wconf 63' lang='grc' dir='ltr'>διαμορφοῦσα</span> <span class='ocrx_word' id='word_1_563' title='bbox 758 5652 886 5715; x_wconf 74' lang='grc' dir='ltr'>τοὺς</span> <span class='ocrx_word' id='word_1_564' title='bbox 932 5654 1030 5722; x_wconf 82' lang='grc' dir='ltr'><strong>τῆς</strong></span> <span class='ocrx_word' id='word_1_565' title='bbox 1072 5655 1226 5724; x_wconf 81' lang='grc' dir='ltr'>ἱερᾶς</span> <span class='ocrx_word' id='word_1_566' title='bbox 1277 5654 1435 5723; x_wconf 79' lang='grc' dir='ltr'>ἡμῶν</span> <span class='ocrx_word' id='word_1_567' title='bbox 1486 5654 1763 5723; x_wconf 81' lang='grc' dir='ltr'>ὑπηρέτας</span> 
     </span>
    </p>
   </div>
   <div class='ocr_carea' id='block_1_91' title="bbox 204 5732 1760 5814">
    <p class='ocr_par' dir='ltr' id='par_1_91' title="bbox 204 5732 1760 5814">
     <span class='ocr_line' id='line_1_92' title="bbox 204 5732 1760 5814; baseline 0.004 -26"><span class='ocrx_word' id='word_1_568' title='bbox 204 5732 495 5807; x_wconf 79' lang='grc' dir='ltr'>ἀγιστίας),</span> <span class='ocrx_word' id='word_1_569' title='bbox 524 5739 603 5792; x_wconf 78' lang='grc' dir='ltr'>ἔτι</span> <span class='ocrx_word' id='word_1_570' title='bbox 651 5740 852 5809; x_wconf 73' lang='grc' dir='ltr'>μᾶλλον</span> <span class='ocrx_word' id='word_1_571' title='bbox 906 5744 1174 5813; x_wconf 86' lang='grc' dir='ltr'>ἐγενόμην</span> <span class='ocrx_word' id='word_1_572' title='bbox 1222 5743 1461 5814; x_wconf 80' lang='grc' dir='ltr'>ἐμαυτοῦ</span> <span class='ocrx_word' id='word_1_573' title='bbox 1484 5785 1498 5808; x_wconf 95' lang='grc'><strong>,</strong></span> <span class='ocrx_word' id='word_1_574' title='bbox 1533 5746 1627 5797; x_wconf 73' lang='grc' dir='ltr'><strong>καὶ</strong></span> <span class='ocrx_word' id='word_1_575' title='bbox 1666 5744 1760 5797; x_wconf 88' lang='grc' dir='ltr'><strong>τοῦ</strong></span> 
     </span>
    </p>
   </div>
   <div class='ocr_carea' id='block_1_92' title="bbox 202 5822 1763 5906">
    <p class='ocr_par' dir='ltr' id='par_1_92' title="bbox 202 5822 1763 5906">
     <span class='ocr_line' id='line_1_93' title="bbox 202 5822 1763 5906; baseline -0.004 -12"><span class='ocrx_word' id='word_1_576' title='bbox 202 5822 472 5898; x_wconf 68' lang='grc' dir='ltr'>δυσφορεῖν</span> <span class='ocrx_word' id='word_1_577' title='bbox 506 5830 891 5901; x_wconf 82' lang='grc' dir='ltr'>ὑπερανέσχον,</span> <span class='ocrx_word' id='word_1_578' title='bbox 944 5837 1040 5886; x_wconf 79' lang='grc' dir='ltr'><strong>καὶ</strong></span> <span class='ocrx_word' id='word_1_579' title='bbox 1080 5834 1216 5906; x_wconf 75' lang='grc' dir='ltr'>πρὸς</span> <span class='ocrx_word' id='word_1_580' title='bbox 1247 5835 1344 5904; x_wconf 83' lang='grc' dir='ltr'>τὴν</span> <span class='ocrx_word' id='word_1_581' title='bbox 1375 5835 1544 5905; x_wconf 81' lang='grc' dir='ltr'>αὐτὴν</span> <span class='ocrx_word' id='word_1_582' title='bbox 1577 5834 1763 5887; x_wconf 78' lang='grc' dir='ltr'>λοιπὸν</span> 
     </span>
    </p>
   </div>
   <div class='ocr_carea' id='block_1_93' title="bbox 204 5912 1762 5998">
    <p class='ocr_par' dir='ltr' id='par_1_93' title="bbox 204 5912 1762 5998">
     <span class='ocr_line' id='line_1_94' title="bbox 204 5912 1762 5998; baseline 0.008 -32"><span class='ocrx_word' id='word_1_583' title='bbox 204 5912 424 5971; x_wconf 83' lang='grc' dir='ltr'>διάθεσιν</span> <span class='ocrx_word' id='word_1_584' title='bbox 455 5922 554 5993; x_wconf 83' lang='grc' dir='ltr'><strong>τὴν</strong></span> <span class='ocrx_word' id='word_1_585' title='bbox 610 5924 880 5993; x_wconf 73' lang='grc' dir='ltr'>ὑμετέραν</span> <span class='ocrx_word' id='word_1_586' title='bbox 922 5924 1206 5994; x_wconf 79' lang='grc' dir='ltr'>μεθέλκειν</span> <span class='ocrx_word' id='word_1_587' title='bbox 1252 5926 1531 5998; x_wconf 75' lang='grc' dir='ltr'>ἐθάρρησα</span> <span class='ocrx_word' id='word_1_588' title='bbox 1563 5926 1762 5979; x_wconf 74' lang='grc' dir='ltr'>τελειό-</span> 
     </span>
    </p>
   </div>
   <div class='ocr_carea' id='block_1_94' title="bbox 1876 4913 3458 4983">
    <p class='ocr_par' dir='ltr' id='par_1_94' title="bbox 1876 4913 3458 4983">
     <span class='ocr_line' id='line_1_95' title="bbox 1876 4913 3458 4983; baseline 0.001 -15"><span class='ocrx_word' id='word_1_589' title='bbox 1876 4914 2129 4971; x_wconf 87' lang='lat' dir='ltr'><strong>tristitias</strong></span> <span class='ocrx_word' id='word_1_590' title='bbox 2158 4914 2482 4979; x_wconf 88' lang='lat' dir='ltr'><strong>auferendo,</strong></span> <span class='ocrx_word' id='word_1_591' title='bbox 2516 4930 2639 4969; x_wconf 89' lang='lat' dir='ltr'><strong>cum</strong></span> <span class='ocrx_word' id='word_1_592' title='bbox 2669 4915 2785 4983; x_wconf 88' lang='lat' dir='ltr'><strong>ipse</strong></span> <span class='ocrx_word' id='word_1_593' title='bbox 2817 4914 2955 4968; x_wconf 86' lang='lat' dir='ltr'><strong>meis</strong></span> <span class='ocrx_word' id='word_1_594' title='bbox 3002 4913 3256 4968; x_wconf 87' lang='lat' dir='ltr'><strong>solatium</strong></span> <span class='ocrx_word' id='word_1_595' title='bbox 3299 4928 3458 4983; x_wconf 86' lang='lat' dir='ltr'><strong>repe-</strong></span> 
     </span>
    </p>
   </div>
   <div class='ocr_carea' id='block_1_95' title="bbox 1876 5007 3454 5076">
    <p class='ocr_par' dir='ltr' id='par_1_95' title="bbox 1876 5007 3454 5076">
     <span class='ocr_line' id='line_1_96' title="bbox 1876 5007 3454 5076; baseline 0.001 -16"><span class='ocrx_word' id='word_1_596' title='bbox 1876 5007 1984 5061; x_wconf 87' lang='lat' dir='ltr'><strong>rire</strong></span> <span class='ocrx_word' id='word_1_597' title='bbox 2006 5008 2331 5076; x_wconf 88' lang='lat' dir='ltr'><strong>nequirem:</strong></span> <span class='ocrx_word' id='word_1_598' title='bbox 2368 5008 2440 5061; x_wconf 89' lang='lat' dir='ltr'><strong>ita</strong></span> <span class='ocrx_word' id='word_1_599' title='bbox 2504 5008 2650 5061; x_wconf 88' lang='lat' dir='ltr'><strong>enim</strong></span> <span class='ocrx_word' id='word_1_600' title='bbox 2699 5018 2806 5060; x_wconf 87' lang='lat' dir='ltr'><strong>tam</strong></span> <span class='ocrx_word' id='word_1_601' title='bbox 2846 5022 3060 5061; x_wconf 86' lang='lat' dir='ltr'><strong>mecum</strong></span> <span class='ocrx_word' id='word_1_602' title='bbox 3090 5016 3208 5061; x_wconf 88' lang='lat' dir='ltr'><strong>erat</strong></span> <span class='ocrx_word' id='word_1_603' title='bbox 3238 5023 3454 5074; x_wconf 81' lang='lat' dir='ltr'><strong>revera,</strong></span> 
     </span>
    </p>
   </div>
   <div class='ocr_carea' id='block_1_96' title="bbox 1872 5098 3457 5169">
    <p class='ocr_par' dir='ltr' id='par_1_96' title="bbox 1872 5098 3457 5169">
     <span class='ocr_line' id='line_1_97' title="bbox 1872 5098 3457 5169; baseline 0.001 -17"><span class='ocrx_word' id='word_1_604' title='bbox 1872 5113 1943 5153; x_wconf 88' lang='lat' dir='ltr'><strong>ne</strong></span> <span class='ocrx_word' id='word_1_605' title='bbox 1992 5099 2122 5168; x_wconf 91' lang='lat' dir='ltr'><strong>quid</strong></span> <span class='ocrx_word' id='word_1_606' title='bbox 2160 5098 2375 5169; x_wconf 84' lang='lat' dir='ltr'><strong>gravius</strong></span> <span class='ocrx_word' id='word_1_607' title='bbox 2422 5099 2600 5153; x_wconf 88' lang='lat' dir='ltr'><strong>dicam</strong></span> <span class='ocrx_word' id='word_1_608' title='bbox 2653 5113 2798 5153; x_wconf 89' lang='lat' dir='ltr'><strong>:nec</strong></span> <span class='ocrx_word' id='word_1_609' title='bbox 2829 5114 3023 5153; x_wconf 83' lang='lat' dir='ltr'><strong>vereor</strong></span> <span class='ocrx_word' id='word_1_610' title='bbox 3044 5114 3117 5152; x_wconf 90' lang='lat' dir='ltr'><strong>ne</strong></span> <span class='ocrx_word' id='word_1_611' title='bbox 3162 5098 3295 5153; x_wconf 83' lang='lat' dir='ltr'><strong>fides</strong></span> <span class='ocrx_word' id='word_1_612' title='bbox 3320 5099 3457 5155; x_wconf 86' lang='lat' dir='ltr'><strong>mihi</strong></span> 
     </span>
    </p>
   </div>
   <div class='ocr_carea' id='block_1_97' title="bbox 1872 5192 3455 5262">
    <p class='ocr_par' dir='ltr' id='par_1_97' title="bbox 1872 5192 3455 5262">
     <span class='ocr_line' id='line_1_98' title="bbox 1872 5192 3455 5262; baseline 0.001 -17"><span class='ocrx_word' id='word_1_613' title='bbox 1872 5208 1981 5246; x_wconf 91' lang='lat' dir='ltr'><strong>non</strong></span> <span class='ocrx_word' id='word_1_614' title='bbox 2020 5192 2361 5252; x_wconf 85' lang='lat' dir='ltr'><strong>adhibeatur.</strong></span> <span class='ocrx_word' id='word_1_615' title='bbox 2398 5193 2491 5261; x_wconf 90' lang='lat' dir='ltr'><strong>qui</strong></span> <span class='ocrx_word' id='word_1_616' title='bbox 2535 5193 2837 5258; x_wconf 65' lang='lat' dir='ltr'><strong>veritatem}</strong></span> <span class='ocrx_word' id='word_1_617' title='bbox 2862 5192 2984 5247; x_wconf 91' lang='lat' dir='ltr'><strong>dico</strong></span> <span class='ocrx_word' id='word_1_618' title='bbox 3021 5210 3036 5246; x_wconf 89' lang='lat'><strong>:</strong></span> <span class='ocrx_word' id='word_1_619' title='bbox 3069 5201 3232 5262; x_wconf 44' lang='lat' dir='ltr'><strong>certei</strong></span> <span class='ocrx_word' id='word_1_620' title='bbox 3259 5208 3455 5247; x_wconf 64' lang='lat' dir='ltr'><strong>excru-</strong></span> 
     </span>
    </p>
   </div>
   <div class='ocr_carea' id='block_1_98' title="bbox 1872 5282 3451 5339">
    <p class='ocr_par' dir='ltr' id='par_1_98' title="bbox 1872 5282 3451 5339">
     <span class='ocr_line' id='line_1_99' title="bbox 1872 5282 3451 5339; baseline 0.003 -4"><span class='ocrx_word' id='word_1_621' title='bbox 1872 5282 2054 5337; x_wconf 89' lang='lat' dir='ltr'><strong>ciabar</strong></span> <span class='ocrx_word' id='word_1_622' title='bbox 2098 5283 2380 5337; x_wconf 87' lang='lat' dir='ltr'><strong>doloribus</strong></span> <span class='ocrx_word' id='word_1_623' title='bbox 2414 5292 2507 5337; x_wconf 89' lang='lat' dir='ltr'><strong>:et</strong></span> <span class='ocrx_word' id='word_1_624' title='bbox 2564 5283 2745 5336; x_wconf 91' lang='lat' dir='ltr'><strong>animo</strong></span> <span class='ocrx_word' id='word_1_625' title='bbox 2807 5283 2949 5338; x_wconf 91' lang='lat' dir='ltr'><strong>male</strong></span> <span class='ocrx_word' id='word_1_626' title='bbox 2996 5283 3227 5339; x_wconf 69' lang='lat' dir='ltr'><strong>affectus</strong></span> <span class='ocrx_word' id='word_1_627' title='bbox 3278 5299 3451 5339; x_wconf 89' lang='lat' dir='ltr'><strong>eram.</strong></span> 
     </span>
    </p>
   </div>
   <div class='ocr_carea' id='block_1_99' title="bbox 1870 5374 3448 5445">
    <p class='ocr_par' dir='ltr' id='par_1_99' title="bbox 1870 5374 3448 5445">
     <span class='ocr_line' id='line_1_100' title="bbox 1870 5374 3448 5445; baseline 0.001 -17"><span class='ocrx_word' id='word_1_628' title='bbox 1870 5374 2115 5445; x_wconf 90' lang='lat' dir='ltr'><strong>Cumque</strong></span> <span class='ocrx_word' id='word_1_629' title='bbox 2147 5391 2266 5431; x_wconf 90' lang='lat' dir='ltr'><strong>sero</strong></span> <span class='ocrx_word' id='word_1_630' title='bbox 2303 5392 2365 5429; x_wconf 89' lang='lat' dir='ltr'><strong>ac</strong></span> <span class='ocrx_word' id='word_1_631' title='bbox 2388 5375 2475 5429; x_wconf 79' lang='lat' dir='ltr'><strong>vix</strong></span> <span class='ocrx_word' id='word_1_632' title='bbox 2506 5376 2724 5429; x_wconf 89' lang='lat' dir='ltr'><strong>tandem</strong></span> <span class='ocrx_word' id='word_1_633' title='bbox 2771 5376 2837 5429; x_wconf 89' lang='lat' dir='ltr'><strong>ad</strong></span> <span class='ocrx_word' id='word_1_634' title='bbox 2883 5376 3125 5431; x_wconf 86' lang='lat' dir='ltr'><strong>animum</strong></span> <span class='ocrx_word' id='word_1_635' title='bbox 3156 5376 3448 5441; x_wconf 88' lang='lat' dir='ltr'><strong>redieram,</strong></span> 
     </span>
    </p>
   </div>
   <div class='ocr_carea' id='block_1_100' title="bbox 1873 5466 3449 5539">
    <p class='ocr_par' dir='ltr' id='par_1_100' title="bbox 1873 5466 3449 5539">
     <span class='ocr_line' id='line_1_101' title="bbox 1873 5466 3449 5539; baseline 0 -20"><span class='ocrx_word' id='word_1_636' title='bbox 1873 5466 2006 5521; x_wconf 91' lang='lat' dir='ltr'><strong>illud</strong></span> <span class='ocrx_word' id='word_1_637' title='bbox 2032 5467 2300 5536; x_wconf 90' lang='lat' dir='ltr'><strong>imprimis</strong></span> <span class='ocrx_word' id='word_1_638' title='bbox 2318 5468 2622 5539; x_wconf 78' lang='lat' dir='ltr'><strong>cOgitabam</strong></span> <span class='ocrx_word' id='word_1_639' title='bbox 2664 5485 2675 5519; x_wconf 96' lang='lat'>:</span> <span class='ocrx_word' id='word_1_640' title='bbox 2712 5468 2888 5522; x_wconf 89' lang='lat' dir='ltr'><strong>adhuc</strong></span> <span class='ocrx_word' id='word_1_641' title='bbox 2919 5478 3199 5539; x_wconf 87' lang='lat' dir='ltr'><strong>superstes</strong></span> <span class='ocrx_word' id='word_1_642' title='bbox 3251 5476 3331 5522; x_wconf 90' lang='lat' dir='ltr'><strong>est</strong></span> <span class='ocrx_word' id='word_1_643' title='bbox 3360 5483 3449 5520; x_wconf 86' lang='lat' dir='ltr'><strong>ar-</strong></span> 
     </span>
    </p>
   </div>
   <div class='ocr_carea' id='block_1_101' title="bbox 1868 5556 3449 5631">
    <p class='ocr_par' dir='ltr' id='par_1_101' title="bbox 1868 5556 3449 5631">
     <span class='ocr_line' id='line_1_102' title="bbox 1868 5556 3449 5631; baseline 0.001 -22"><span class='ocrx_word' id='word_1_644' title='bbox 1868 5556 2287 5631; x_wconf 77' lang='lat' dir='ltr'><strong>chiepiscopalis</strong></span> <span class='ocrx_word' id='word_1_645' title='bbox 2335 5566 2391 5611; x_wconf 91' lang='lat' dir='ltr'><strong>et</strong></span> <span class='ocrx_word' id='word_1_646' title='bbox 2444 5568 2631 5612; x_wconf 89' lang='lat' dir='ltr'><strong>sancta</strong></span> <span class='ocrx_word' id='word_1_647' title='bbox 2675 5559 2765 5611; x_wconf 89' lang='lat' dir='ltr'><strong>illa</strong></span> <span class='ocrx_word' id='word_1_648' title='bbox 2806 5574 3001 5612; x_wconf 85' lang='lat' dir='ltr'><strong>manus</strong></span> <span class='ocrx_word' id='word_1_649' title='bbox 3032 5558 3107 5626; x_wconf 90' lang='lat' dir='ltr'><strong>(et</strong></span> <span class='ocrx_word' id='word_1_650' title='bbox 3145 5557 3235 5611; x_wconf 84' lang='lat' dir='ltr'><strong>diu</strong></span> <span class='ocrx_word' id='word_1_651' title='bbox 3270 5556 3449 5611; x_wconf 83' lang='lat' dir='ltr'><strong>adhuc</strong></span> 
     </span>
    </p>
   </div>
   <div class='ocr_carea' id='block_1_102' title="bbox 1868 5647 3449 5720">
    <p class='ocr_par' dir='ltr' id='par_1_102' title="bbox 1868 5647 3449 5720">
     <span class='ocr_line' id='line_1_103' title="bbox 1868 5647 3449 5720; baseline 0.001 -19"><span class='ocrx_word' id='word_1_652' title='bbox 1868 5649 2107 5716; x_wconf 90' lang='lat' dir='ltr'><strong>supersit</strong></span> <span class='ocrx_word' id='word_1_653' title='bbox 2132 5664 2346 5718; x_wconf 88' lang='lat' dir='ltr'><strong>precor,</strong></span> <span class='ocrx_word' id='word_1_654' title='bbox 2375 5666 2497 5719; x_wconf 61' lang='lat' dir='ltr'><strong>quat</strong></span> <span class='ocrx_word' id='word_1_655' title='bbox 2532 5652 2670 5705; x_wconf 88' lang='lat' dir='ltr'><strong>tales</strong></span> <span class='ocrx_word' id='word_1_656' title='bbox 2696 5651 2854 5706; x_wconf 90' lang='lat' dir='ltr'><strong>nobis</strong></span> <span class='ocrx_word' id='word_1_657' title='bbox 2870 5650 3095 5720; x_wconf 79' lang='lat' dir='ltr'><strong>deﬁngit</strong></span> <span class='ocrx_word' id='word_1_658' title='bbox 3115 5656 3170 5703; x_wconf 92' lang='lat' dir='ltr'><strong>et</strong></span> <span class='ocrx_word' id='word_1_659' title='bbox 3199 5647 3449 5702; x_wconf 71' lang='lat' dir='ltr'><strong>eﬂormat</strong></span> 
     </span>
    </p>
   </div>
   <div class='ocr_carea' id='block_1_103' title="bbox 1864 5738 3439 5809">
    <p class='ocr_par' dir='ltr' id='par_1_103' title="bbox 1864 5738 3439 5809">
     <span class='ocr_line' id='line_1_104' title="bbox 1864 5738 3439 5809; baseline 0.002 -19"><span class='ocrx_word' id='word_1_660' title='bbox 1864 5738 2178 5793; x_wconf 89' lang='lat' dir='ltr'><strong>sacerdotes</strong></span> <span class='ocrx_word' id='word_1_661' title='bbox 2196 5754 2379 5792; x_wconf 89' lang='lat' dir='ltr'><strong>rerum</strong></span> <span class='ocrx_word' id='word_1_662' title='bbox 2404 5740 2759 5795; x_wconf 86' lang='lat' dir='ltr'><strong>administros</strong></span> <span class='ocrx_word' id='word_1_663' title='bbox 2786 5740 3092 5809; x_wconf 88' lang='lat' dir='ltr'><strong>sacrarum)</strong></span> <span class='ocrx_word' id='word_1_664' title='bbox 3116 5739 3289 5809; x_wconf 77' lang='lat' dir='ltr'><strong>magis</strong></span> <span class='ocrx_word' id='word_1_665' title='bbox 3317 5754 3439 5793; x_wconf 87' lang='lat' dir='ltr'><strong>me-</strong></span> 
     </span>
    </p>
   </div>
   <div class='ocr_carea' id='block_1_104' title="bbox 1865 5827 3443 5900">
    <p class='ocr_par' dir='ltr' id='par_1_104' title="bbox 1865 5827 3443 5900">
     <span class='ocr_line' id='line_1_105' title="bbox 1865 5827 3443 5900; baseline 0 -19"><span class='ocrx_word' id='word_1_666' title='bbox 1865 5828 2159 5897; x_wconf 86' lang='lat' dir='ltr'><strong>metipsum</strong></span> <span class='ocrx_word' id='word_1_667' title='bbox 2200 5828 2473 5900; x_wconf 80' lang='lat' dir='ltr'><strong>recollegi,</strong></span> <span class='ocrx_word' id='word_1_668' title='bbox 2504 5845 2606 5885; x_wconf 91' lang='lat' dir='ltr'><strong>nec</strong></span> <span class='ocrx_word' id='word_1_669' title='bbox 2635 5831 2865 5884; x_wconf 87' lang='lat' dir='ltr'><strong>ulterius</strong></span> <span class='ocrx_word' id='word_1_670' title='bbox 2896 5828 3134 5898; x_wconf 77' lang='lat' dir='ltr'><strong>graviter</strong></span> <span class='ocrx_word' id='word_1_671' title='bbox 3158 5827 3404 5898; x_wconf 88' lang='lat' dir='ltr'><strong>patiebar</strong></span> <span class='ocrx_word' id='word_1_672' title='bbox 3427 5868 3443 5892; x_wconf 93' lang='lat'><strong>,</strong></span> 
     </span>
    </p>
   </div>
   <div class='ocr_carea' id='block_1_105' title="bbox 1865 5920 3444 5993">
    <p class='ocr_par' dir='ltr' id='par_1_105' title="bbox 1865 5920 3444 5993">
     <span class='ocr_line' id='line_1_106' title="bbox 1865 5920 3444 5993; baseline 0 -18"><span class='ocrx_word' id='word_1_673' title='bbox 1865 5930 1919 5975; x_wconf 88' lang='lat' dir='ltr'><strong>et</strong></span> <span class='ocrx_word' id='word_1_674' title='bbox 1954 5922 2021 5975; x_wconf 90' lang='lat' dir='ltr'><strong>ad</strong></span> <span class='ocrx_word' id='word_1_675' title='bbox 2051 5920 2295 5977; x_wconf 87' lang='lat' dir='ltr'><strong>eamdem</strong></span> <span class='ocrx_word' id='word_1_676' title='bbox 2341 5937 2557 5978; x_wconf 90' lang='lat' dir='ltr'><strong>mecum</strong></span> <span class='ocrx_word' id='word_1_677' title='bbox 2606 5923 3020 5993; x_wconf 86' lang='lat' dir='ltr'><strong>dispositionem</strong></span> <span class='ocrx_word' id='word_1_678' title='bbox 3049 5921 3444 5993; x_wconf 87' lang='lat' dir='ltr'><strong>perfectionem</strong></span> 
     </span>
    </p>
   </div>
  </div>
