3930 6496
256 454 368 517 849

1414 448 1949 512 EPISTULARUM
1988 445 2218 506 LIBER
2258 446 2338 505 Π.

3393 437 3507 503 85θ

254 571 389 638 ἐμοὶ
422 568 519 622 καὶ
547 568 640 623 τοῦ
668 569 805 623 Θεοῦ
829 570 1141 641 ἄνθρωπος·
1186 572 1300 625 ἀλλ’
1327 572 1404 634 εἰς
1427 569 1687 641 οὐρανὸν,
1721 567 1835 622 ἀλλ’

1939 580 2147 630 narras,
2175 580 2285 617 non
2314 561 2559 633 pavidam
2586 560 2883 614 amicorum
2908 572 3118 621 curam,
3152 572 3255 611 nec
3307 558 3507 611 tolera-

252 661 339 721 είς
372 660 466 713 τὸν
494 661 671 713 κοινὸν
718 662 1018 731 Δεσπότην,
1047 661 1183 715 ἀλλὰ
1213 661 1330 732 μετ’
1360 660 1609 729 ἀγγέλων
1642 657 1835 728 χορεύ-

256 769 396 818 σων,
445 751 563 804 ἀλλ’
590 754 889 823 ίερουργός.
930 753 998 804 Ὢ
1029 753 1201 823 πόσην
1229 746 1383 821 εὗρον
1418 754 1474 804 ἐν
1513 750 1688 820 τούτῳ
1728 767 1836 803 πα-

252 840 555 910 ραψυχήνῐ
598 841 745 896 Ἔδει
793 842 922 912 γάρ,
968 840 1075 893 ἔδει
1122 842 1216 893 καὶ
1248 840 1345 911 τὴν
1382 839 1539 911 ήμῶν
1583 839 1838 910 ἀπαρχὴν

252 932 409 1002 ὑπὲρ
452 932 603 1002 ἱερᾶς
637 931 829 1001 δόξης,
875 932 971 985 καὶ⁴
1017 934 1198 1003 νόμων
1254 934 1414 1002 ίερῶν
1457 932 1835 1003 διωκομένων,

254 1025 561 1096 ἱερουργδν
593 1023 713 1094 Θεῷ
762 1026 1201 1095 προσταχθῆναι·
1240 1025 1541 1099 ίερουργὸς,
1590 1024 1839 1094 ἐμφράτ-

250 1132 375 1167 των
405 1113 547 1183 μετά
566 1113 809 1177 πλείονος
829 1114 927 1185 τῆς
957 1113 1273 1186 παρρησίας
1305 1115 1547 1185 στόματα
1574 1113 1835 1184 βεϐήλων,

251 1205 362 1257 καὶ
407 1204 644 1275 χαλινῶν
670 1205 921 1274 γλώσσας
950 1206 1085 1259 κενά
1124 1206 1493 1276 ἐπισταμένας
1522 1220 1547 1247 ι
1574 1222 1589 1237 ·
1630 1208 1837 1276 ἱερουρ-

248 1297 382 1365 γὸς,
418 1296 524 1349 κᾶν
570 1296 735 1368 μὴτὸ
765 1298 982 1369 ἀνίερον
1018 1297 1277 1369 βούλοιτο.
1311 1298 1377 1351 Τί
1427 1297 1541 1363 Erl;
1587 1297 1840 1367 Ἐπήνθει

250 1388 417 1459 αὐτῷ
450 1389 518 1442 τὰ
547 1390 640 1461 τῆς
670 1390 876 1460 ἀρετῆς
924 1390 1141 1445 ἅπαντα
1160 1406 1173 1421 ·
1206 1390 1295 1444 διὰ
1324 1390 1479 1443 τοῦτο
1506 1391 1616 1460 γὰρ
1645 1391 1839 1442 θᾶττον

248 1482 344 1543 εἰς
405 1481 507 1551 τὴν
569 1482 887 1553 ἀμάραντον
934 1483 1303 1553 ἀπεφοίτησεν
1356 1481 1451 1535 τοῦ
1509 1482 1839 1553 παραδείσου

247 1573 569 1642 πολιτείαν,
604 1575 691 1629 ἶνα
721 1576 889 1646 μηδὲν
909 1574 1058 1645 αὐτῷ
1086 1576 1193 1629 τῶν
1225 1573 1677 1646 κατορθωθέντων
1704 1576 1840 1628 ἀπο⁹

250 1670 541 1739 μαρανθῇ.
581 1670 644 1722 El
694 1669 801 1739 γὰρ
835 1668 1007 1731 οὐδεὶς
1057 1668 1165 1722 ἀπὸ
1212 1667 1386 1738 ῥύπου
1433 1666 1695 1737 καθαρὸς,
1729 1665 1839 1719 οὐδ’

247 1760 329 1813 ἂν
356 1759 540 1830 ήμέρα
573 1761 670 1830 μία
690 1762 719 1812 ό
746 1760 856 1830 βίος
887 1760 1073 1825 αὐτοῦ,
1107 1761 1136 1813 ὁ
1163 1760 1355 1814 θᾶττον
1382 1760 1472 1813 τὸν
1501 1759 1714 1813 δίαυλον
1740 1758 1837 1813 τοῦ

248 1850 395 1930 βίου.
413 1844 667 1917 ἐξελθὼν,
698 1852 760 1904 τὸ
796 1851 1048 1904 πλεῖστον
1076 1851 1215 1921 ἔφθη
1239 1851 1334 1905 τοῦ
1358 1850 1529 1923 ῥύπου
1560 1850 1836 1920 ἐκφυγών.

246 1944 457 1996 Κοινὺν
485 1939 552 2015 ἦν
572 1943 681 1999 τῶν
709 1944 1079 1998 εὐσεϐούντων
1109 1946 1388 2015 στήριγμα
1411 1962 1425 1976 ·
1454 1944 1619 1998 καλὸν
1655 1944 1837 2006 αὐτοῖς

244 2033 593 2088 ἀπολέλοιπε
616 2037 817 2089 κανόνα
845 2037 939 2091 καὶ
972 2036 1142 2089 τύπον
1172 2039 1231 2089 ἐν
1254 2038 1367 2100 τοῖς
1390 2036 1529 2105 ὐπέρ
1555 2035 1837 2099 εὐσεϐείας

244 2126 446 2189 πόνοις
466 2127 527 2180 τὸ
543 2126 641 2197 ζῇν
666 2127 925 2183 ἐκλιπών.
951 2128 1066 2181 Οὐκ
1086 2121 1225 2180 εἶδεν
1247 2126 1345 2196 τὴν
1358 2126 1457 2189 τῆς
1487 2126 1831 2196 Ἑκκλησίας,

245 2218 402 2288 ὑπὲρ
443 2213 511 2290 ἦς
554 2219 798 2290 ἐνήθλει,
830 2222 1310 2275 ἀποκατάστασιν·
1364 2220 1453 2273 διὰ
1499 2218 1659 2285 τοῦτο
1707 2219 1833 2271 ἀκε-

246 2310 449 2380 ραίους
479 2311 690 2366 ἐκεῖθεν
724 2312 839 2384 ἔχει
860 2314 967 2367 τῶν
996 2315 1176 2368 πόνων
1204 2313 1331 2377 τοὺς
1357 2311 1604 2383 μισθούς.
1628 2311 1703 2363 Τὸ
1725 2311 1833 2381 γὰρ

242 2401 373 2455 ἀνθ’
401 2395 476 2457 ὧν
497 2404 824 2471 ἀγωνίζεταί
848 2422 953 2470 τις,
986 2406 1326 2476 εὐφροσύνης
1362 2403 1595 2457 ἐνταῦθα
1628 2406 1831 2473 τυχεῖν,

245 2494 624 2564 ὑποτέμνεται
644 2497 744 2565 τῆς
765 2496 974 2551 ἐκεῖθεν
1007 2498 1409 2568 μακαριότητος
1438 2496 1537 2559 τὰς
1577 2495 1830 2566 ἀμοιϐάς.

246 2588 373 2641 Οὐκ
404 2583 513 2640 εῐδε
544 2588 643 2658 τὴν
689 2589 1135 2642 ἀποκατάστασιν
1193 2588 1473 2659 αἰσθητοῖς
1510 2589 1832 2659 ὀφθαλμοῖς,

246 2680 371 2733 ἀλλ’
406 2683 506 2752 ὁρᾷ
537 2682 653 2734 νυνὶ
682 2686 795 2743 τοῖς
833 2686 1069 2753 νοητοῖς·
1131 2682 1245 2738 ἀλλ’
1288 2684 1419 2747 ἴσως
1451 2682 1835 2754 πλησιαίτερον

246 2770 497 2839 γεγονὼς
530 2771 664 2824 Θεοῦ
687 2815 702 2836 ,
734 2773 962 2843 ταύτην,
996 2776 1111 2837 τοῖς
1160 2775 1218 2825 ἐν
1250 2773 1501 2843 αἰσθήσει
1534 2773 1835 2843 στρεφομέ-

250 2879 389 2928 νοις,
423 2865 503 2917 ἔτι
539 2862 605 2917 ἂν
654 2865 762 2934 ἄρα
808 2863 1084 2935 συμφέρον
1117 2866 1449 2935 ὲπιταχυνεῖ.
1486 2866 1638 2934 Ἔχει
1666 2865 1837 2932 τάφος

250 2955 316 3007 τὸ
356 2955 551 3024 σῶμα,
604 2956 719 3010 ἀλλ’
754 2957 996 3033 οὐράνιοι
1040 2957 1271 3027 θάλαμοι
1309 2958 1411 3025 τὴν
1445 2956 1659 3027 ψυχήν·
1694 2958 1728 3026 ή
1764 2952 1835 3027 γῆ

249 3046 355 3117 τὴν
380 3047 551 3113 κόνιν,
578 3047 691 3103 ἀλλ’
732 3047 1076 3119 ’Δϐραμιαῖοι
1104 3048 1294 3101 κόλποι
1318 3049 1379 3102 τὸ
1401 3048 1637 3119 πνεῦμα.
1664 3049 1838 3101 Φίλων

254 3139 551 3211 ἐστερήθη,
589 3140 704 3193 ἀλλ’
737 3134 863 3212 εὗρε
893 3141 1020 3203 τοὺς
1047 3141 1362 3212 κρείττους·
1399 3141 1623 3211 εὑρήσει
1656 3140 1713 3192 δὲ
1743 3141 1837 3193 καὶ

1941 670 2122 715 torum
2152 655 2706 713 commiserationem.
2745 653 2826 707 Ab
2858 652 3031 706 oculis
3075 648 3321 704 onmium
3376 649 3507 709 abiit

1940 750 2194 821 publicus
2224 748 2481 803 Ecclesia":
2536 746 2678 800 filius
2706 764 2716 798 :
2741 744 3032 814 praeclarus
3059 742 3148 796 ille
3172 741 3290 808 Dei,
3328 750 3382 795 et
3407 756 3507 803 no-

1940 855 2055 901 ster
2094 846 2257 900 homo
2298 862 2310 898 :
2352 842 2445 899 sed
2475 843 2531 896 in
2554 842 2741 904 caelos,
2769 840 2838 895 ad
2855 853 3197 895 communem
3219 836 3508 891 Dominum

1940 938 2093 1002 abiit,
2117 937 2211 991 sed
2236 935 2434 990 choros
2475 949 2600 989 cum
2636 933 2842 1003 angelis
2880 931 3380 993 concelebraturus,
3414 928 3510 982 sed

1940 1030 2212 1085 sacerdos.
2258 1027 2369 1097 Ego
2408 1036 2591 1081 autem
2635 1036 2900 1095 quantum
2932 1024 2988 1077 in
3024 1022 3129 1077 hoc
3179 1035 3291 1075 uno
3331 1018 3510 1075 solatii

1939 1122 2229 1177 adinvenil
2265 1121 2342 1175 lta
2378 1121 2526 1175 enim
2558 1134 2657 1189 par
2680 1118 2782 1173 fuit
2812 1125 2874 1171 ut
2906 1115 3158 1171 sacerdos
3197 1113 3309 1168 Deo
3342 1111 3511 1167 offer-

1942 1224 2110 1281 retur,
2153 1213 2517 1284 primitiarum
2562 1211 2702 1275 loco,
2733 1208 2932 1263 divinis
2950 1206 3179 1277 legibus,
3230 1207 3347 1275 {pro
3413 1203 3525 1256 Dei

1940 1307 2107 1378 gloria
2149 1322 2336 1376 passus
2394 1304 2829 1376 persecutionem
2868 1321 2882 1358 :
2924 1301 3176 1358 sacerdos
3228 1308 3408 1355 autem
3443 1299 3509 1363 is,

1939 1400 2031 1469 qui
2062 1413 2184 1454 cum
2234 1399 2403 1452 multa
2432 1398 2679 1451 libertate
2706 1394 2950 1466 profanis
2975 1392 3285 1448 hominibus
3319 1407 3381 1446 os
3413 1392 3512 1445 ob-

1939 1501 2150 1546 struere
2176 1498 2375 1560 potest,
2408 1498 2464 1543 et
2496 1488 2711 1543 frenum
2744 1486 2968 1557 injicere
3014 1485 3213 1557 linguis
3240 1484 3514 1539 meditan-

1940 1584 2074 1637 tium
2112 1596 2250 1637 vana
2281 1600 2294 1635 :
2325 1580 2601 1643 sacerdos,
2648 1578 2819 1633 velint
2853 1577 3028 1632 nolint
3075 1575 3313 1647 profani.
3371 1575 3512 1642 Quid

1943 1674 2201 1729 ulterius?
2239 1672 2447 1728 Virtute
2502 1671 2731 1728 ﬂorebat
2763 1671 3023 1739 undique.
3044 1668 3310 1734 Quocirca
3353 1668 3527 1723 citius

1940 1769 2069 1822 hinc
2104 1766 2269 1822 abit-it
2314 1765 2382 1819 ad
2436 1763 2945 1818 immarcescibilem
2987 1760 3222 1831 paradisi
3247 1758 3515 1829 politiam,

1941 1868 2000 1913 ut
2020 1873 2090 1913 ne
2123 1856 2255 1928 quid
2285 1856 2361 1910 illi
2386 1870 2418 1910 a
2442 1855 2605 1910 rectis
2636 1854 2793 1909 factis
2827 1852 3211 1910 defloresceret
3242 1851 3329 1907 :si
3367 1849 3516 1905 enim

1940 1951 2120 2005 denuo
2150 1949 2221 2004 sit
2247 1964 2277 2002 a
2298 1947 2551 2003 sordibus
2575 1960 2767 2017 purus,
2807 1961 2878 2001 ne
2912 1944 3132 2015 quidem
3157 1943 3202 1998 si
3231 1942 3316 1997 vel
3354 1942 3516 1996 unius

1936 2040 2042 2094 diei
2073 2038 2307 2109 spatium
2330 2038 2594 2101 vinceret,
2625 2044 2772 2092 certe
2798 2035 2891 2105 qui
2919 2035 3160 2090 diuulum
3195 2034 3317 2089 vitae
3351 2048 3519 2103 quan-

1937 2130 2109 2185 tocius
2137 2129 2390 2193 excessit,
2428 2128 2687 2199 plurimas
2716 2127 2805 2184 ille
2835 2127 3025 2181 sordes
3060 2125 3249 2180 abluit.
3291 2124 3517 2183 Pietatis

1934 2232 2051 2277 erat
2098 2236 2389 2276 commune
2439 2220 2711 2290 quoddam
2765 2219 3195 2274 stabilimentum
3230 2236 3244 2273 ε
3286 2217 3517 2289 praecla—

1935 2332 2050 2370 ram
2073 2315 2203 2385 ipsis
2219 2314 2480 2386 regulam,
2508 2321 2565 2368 et
2585 2312 2811 2368 formam
2837 2311 3077 2381 reliquit,
3099 2310 3192 2381 qui
3225 2312 3278 2363 in
3308 2310 3520 2380 patien—

1934 2409 2005 2464 do
2040 2424 2140 2478 pro
2174 2408 2375 2478 pietate
2402 2407 2635 2461 excessit
2671 2420 2703 2461 e
2761 2405 2892 2459 vita.
2933 2403 3189 2459 Ecciesiaa
3223 2401 3389 2465 illius,
3421 2417 3518 2471 pro

1933 2516 2041 2571 qua
2062 2500 2309 2564 certavit,
2335 2498 2731 2553 restitutionem
2760 2512 2870 2551 non
2895 2496 3028 2551 vidit
3061 2512 3075 2549 :
3106 2495 3383 2565 quocirca,
3417 2496 3518 2548 im-

1935 2588 2249 2659 permistam
2304 2588 2550 2642 laborum
2622 2586 2930 2640 mercedem
2994 2584 3049 2637 in
3122 2583 3277 2638 cmlis
3331 2583 3512 2637 habet.

1936 2682 2070 2736 Nam
2113 2681 2159 2735 si
2215 2681 2677 2735 oblectamentum
2735 2678 2985 2732 laborum
3042 2676 3131 2730 hic
3174 2685 3516 2745 perceperat.

1937 2774 2247 2845 privaretur
2272 2771 2623 2827 beatitudinis
2653 2771 2853 2826 ibidem
2886 2769 3245 2823 retributione
3288 2786 3301 2821 :
3349 2768 3520 2821 oculis

1939 2864 2217 2919 scnsitivis
2246 2863 2697 2919 restaurationem
2718 2876 2829 2915 non
2866 2860 3002 2914 vidit
3034 2878 3047 2912 :
3082 2858 3177 2913 sed
3212 2858 3519 2911 intellectus

1937 2958 2114 3014 oculis
2138 2972 2285 3011 nunc
2310 2956 2587 3021 intuetur;
2641 2962 2829 3024 utpote
2879 2952 2991 3007 Deo
3054 2951 3286 3007 vicinior
3323 2950 3519 3013 factus,

1938 3067 2007 3106 eo
2028 3064 2323 3121 properare
2348 3056 2404 3103 et
2441 3047 2549 3101 illis
2575 3046 2868 3109 conducet,
2904 3044 2993 3115 qui
3026 3044 3208 3099 adhuc
3235 3051 3524 3099 versantur

1939 3141 1995 3195 in
2035 3140 2405 3196 sensibilibus.
2439 3137 2654 3209 Corpus
2710 3138 3019 3207 sepulcrum
3056 3135 3319 3203 continet,
3350 3136 3524 3190 thala-

258 3230 354 3294 οὓς
387 3231 539 3285 ἔλιπε
593 3232 710 3301 μετ’
760 3232 963 3301 ὀλίγον,
994 3231 1061 3286 ἂν
1106 3232 1183 3303 τῷ
1218 3228 1357 3286 εἶναι
1404 3232 1660 3303 μείνωσιν
1696 3232 1836 3302 φίλοι

1940 3234 2013 3287 mi
2040 3242 2222 3288 autem
2261 3231 2514 3287 caelestes
2542 3229 2800 3294 animam,
2834 3230 3114 3299 pulverem
3153 3228 3319 3282 habet
3359 3237 3523 3291 terra,

259 3323 418 3379 Θεοῦ.
480 3325 724 3396 Ἑχθρῶν
771 3325 995 3395 ἐξῆλθεν
1042 3325 1335 3388 ἐπιϐουλάς
1366 3325 1663 3396 αἰσθητῶν,
1707 3342 1835 3394 νοη-

258 3415 390 3480 τῶν,
426 3414 692 3487 φανερὰς,
742 3415 1001 3484 ὑφάλους,
1048 3415 1268 3482 ἔξωθεν,
1321 3414 1490 3477 ἔνδον,
1540 3414 1708 3476 άῖδεῖς
1746 3413 1837 3465 ὐπ’

259 3506 476 3578 ἐνέδρᾳ.
515 3502 702 3571 Εἷδεν,
747 3509 795 3560 εί
847 3507 942 3560 καὶ
991 3506 1067 3571 ὡς
1100 3509 1159 3560 ὲν
1206 3505 1454 3577 ἐσόπτρῳ
1491 3504 1687 3577 (τοῦτο
1729 3506 1838 3575 γὰρ

260 3600 440 3666 ἔγωγε
464 3599 525 3651 τὸ
552 3600 608 3650 ἐν
635 3602 746 3662 τοῖς
768 3599 1130 3668 θεοπέμπτοις
1155 3598 1384 3667 ὀνείροις
1410 3598 1542 3669 ὁρῶ)
1568 3597 1604 3651 ἃ
1628 3597 1835 3660 ἐπόθει,

262 3688 359 3740 καὶ
400 3681 475 3741 ὧν
538 3689 896 3753 ἀδιαλείπτως
938 3690 1213 3759 ἐγλίχετο·
1250 3685 1331 3752 οἷς
1364 3688 1462 3759 τὴν
1512 3690 1694 3759 ψυχὴν
1744 3688 1837 3741 ἀν-

260 3774 574 3849 επτέρωτο,
626 3782 721 3833 καῖ¹
765 3780 903 3851 πρὸς
932 3779 969 3834 ἃ.
1003 3780 1097 3833 καὶ
1124 3778 1202 3849 τῷ
1234 3780 1419 3849 σκήνει
1472 3777 1837 3848 βαρυνόμενος

259 3872 574 3942 ἀνεφέρετο.
618 3868 772 3926 Εἷδεν
819 3872 911 3925 τὸν
966 3871 1237 3926 καλοῦντα
1264 3870 1529 3937 Βασιλέα,
1563 3871 1687 3933 τοὺς
1730 3871 1836 3922 ὐπ-

259 3964 663 4033 ηρετουμένους
689 3966 947 4035 φαιδροὺς
975 3964 1240 4031 ἀγγέλους
1267 3966 1332 4033 τῇ
1354 3961 1563 4030 κλήσει,
1589 3963 1678 4013 τὸν
1696 3961 1839 4032 ἱερὸν

261 4056 473 4107 ἐκεῖνον
524 4056 616 4107 καὶ
667 4055 922 4125 βεϐήλοις
962 4053 1238 4121 ἄψαυστον
1284 4055 1380 4107 καὶ
1422 4054 1670 4119 ἀθέατον,
1710 4057 1769 4107 ἐν
1795 4048 1839 4121 ᾦ

262 4146 660 4215 παρεπέμπετο
697 4148 855 4218 χορὸν
890 4150 992 4217 τήν
1024 4147 1302 4216 ἀφραστον
1328 4146 1545 4215 ἐκείνην
1572 4148 1667 4199 καὶ
1709 4147 1834 4199 ἀτε-

262 4232 521 4301 λεύτητον
550 4235 705 4300 δόξαν
733 4237 829 4289 καὶ
854 4237 1091 4306 τρυφήν.
1126 4236 1188 4287 ’Ὠ
1218 4236 1490 4302 γλυκείων
1515 4238 1835 4301 ἀπόλαυσις,

262 4325 359 4376 καὶ
409 4324 516 4395 πρὸ
556 4327 658 4395 τῆς
705 4326 1077 4390 ἀπολαύσεως,
1111 4326 1437 4396 θεαμάτων·
1472 4327 1518 4381 ὣ
1562 4329 1838 4399 μακαρίας

260 4416 568 4488 ἀποδημίας
586 4434 600 4448 ·
628 4418 675 4471 ὣ
707 4420 865 4486 ἀξίας
891 4419 1267 4489 θαυμάζεσθαι
1294 4437 1309 4451 ·
1337 4420 1453 4473 ἀλλ’
1473 4422 1596 4490 οὐχὶ
1628 4422 1837 4493 δάκρυα

264 4509 658 4576 προκαλεῖσθαι
713 4510 1038 4580 ζηλοῦσθαι,
1101 4510 1223 4581 οὐχὶ
1277 4511 1630 4566 πενθεῖσθαι·
1702 4513 1839 4581 μετὰ

1942 3325 2190 3395 spiritum
2222 3340 2350 3379 vero
2384 3325 2539 3378 sinus
2587 3322 2819 3375 Abrahae
2854 3338 2867 3374 :
2922 3320 3240 3390 privahatur
3310 3318 3521 3378 amicis,

1941 3417 2142 3487 reperit
2176 3417 2446 3479 meliores,
2492 3425 2548 3470 et
2588 3430 2725 3484 quos
2783 3413 3094 3481 dereliquit,
3124 3411 3268 3466 haud
3295 3411 3387 3464 diu
3418 3411 3525 3464 erit

1940 3526 2065 3566 cum
2108 3526 2299 3564 rursus
2344 3509 2605 3573 inveniet,
2635 3507 2679 3561 si
2738 3504 3162 3575 permanserint,
3218 3511 3362 3557 statu
3391 3519 3523 3572 quo,

1940 3601 2099 3655 amici
2124 3600 2219 3654 Dei
2268 3616 2281 3651 :
2312 3598 2552 3653 hostium
2584 3596 2810 3651 insidias
2831 3595 3004 3651 evasit
3043 3593 3406 3655 sensibilium,
3441 3594 3522 3647 in-

1944 3691 2357 3756 tellectualium,
2388 3698 2627 3759 apertas,
2660 3688 2923 3753 occultas,
2951 3688 3217 3751 internas,
3245 3697 3523 3745 externas.

1942 3782 2257 3837 manifestas
2294 3791 2349 3836 et
2375 3780 2748 3835 clancularias.
2784 3777 2931 3833 Vidit
2968 3779 3078 3841 hic,
3109 3777 3205 3832 sed
3229 3786 3287 3830 ut
3314 3777 3370 3830 in
3403 3792 3529 3846 spe-

1942 3874 2064 3929 culo
2092 3870 2257 3942 (quod
2279 3882 2334 3926 et
2362 3887 2461 3942 ego
2485 3886 2583 3941 per
2600 3870 2811 3924 somnia
2835 3886 2865 3923 a
2897 3870 3012 3923 Deo
3044 3868 3288 3921 immissa
3315 3867 3521 3935 video),

1941 3978 2063 4031 quae
2103 3960 2378 4029 cupiebat,
2432 3967 2488 4013 et
2541 3959 2802 4013 continue
2824 3957 3140 4021 anhelabat,
3175 3956 3374 4025 quibus
3405 3957 3525 4010 ani-

1944 4068 2046 4106 mae
2079 4050 2227 4105 dedit
2253 4052 2385 4114 alas,
2413 4051 2480 4104 ad
2509 4067 2629 4119 qum
2659 4050 2785 4103 licet
2826 4048 3179 4103 tabernaculo
3215 4062 3525 4117 przegrava-

1943 4153 2030 4197 tus
2082 4142 2379 4196 ferebatur.
2437 4140 2585 4195 Vidit
2622 4142 2825 4211 Regem
2890 4148 3250 4200 annuentem,
3302 4139 3530 4209 angelos

1932 4214 2184 4289 ’claritate
2208 4234 2536 4303 conspicuos
2564 4233 2919 4287 administros
2948 4231 3273 4297 vocationis,
3307 4246 3523 4285 sacrum

1942 4326 2113 4389 illum,
2141 4326 2388 4395 profanis
2408 4326 2692 4389 intactum,
2718 4332 2775 4379 et
2793 4324 3121 4379 invisibilcm
3146 4323 3349 4389 locum,
3385 4322 3531 4377 inex-

1940 4418 2243 4488 plicabilem
2261 4418 2487 4489 gloriam
2514 4426 2569 4471 et
2589 4417 3010 4472 oblectationem
3040 4414 3525 4475 interminabilem,

1939 4527 2049 4582 quo
2078 4510 2523 4565 transferebatur.
2568 4510 2696 4565 llaec
2742 4519 2831 4569 est
2860 4509 3169 4563 dulcedinis
3228 4507 3438 4571 fruitio,
3473 4516 3529 4561 et

264 4599 531 4671 λαμπρῶν
577 4604 847 4673 ἐνταφιων
901 4604 1012 4660 τῶν
1055 4602 1322 4673 οὐρανίων
1380 4604 1546 4675 ἀνέϐη
1602 4606 1786 4658 πυλῶν
1811 4623 1824 4635 ·

1939 4603 2161 4658 visionis
2186 4604 2331 4657 illius
2357 4612 2482 4656 ante
2508 4602 2820 4656 fruitionem
2850 4619 2864 4655 :
2903 4609 3071 4663 certe,
3105 4614 3365 4655 excessus
3390 4597 3517 4651 felix

269 4692 406 4759 μετά
450 4692 710 4764 λαμπρᾶς
737 4696 835 4765 τῆς
876 4697 1157 4767 λαμπάδος
1184 4698 1284 4750 οὐκ
1312 4697 1476 4768 ἐλαίῳ
1519 4700 1666 4770 μόνῳ
1706 4718 1829 4769 φαι-

266 4780 616 4854 δρυνομένης,
651 4784 789 4838 ἀλλὰ
831 4785 927 4839 καὶ
978 4791 1089 4850 τοῖς
1122 4789 1229 4841 ἀπὸ
1253 4788 1359 4840 τῶν
1390 4788 1567 4841 ἄθλων
1616 4791 1835 4861 ἱδρῶσιν

266 4872 663 4944 ἀρδευομένης·
700 4875 761 4929 οὐ
814 4878 1117 4949 παρθενείᾳ
1167 4880 1300 4951 μόνῃ
1342 4880 1833 4951 λαμπρυνομένης,

266 4962 399 5017 ἀλλὰ
429 4965 547 5018 ⁸καὶ.
591 4966 893 5037 ἱερωσύνης
937 4969 1207 5041 ἀξιώματι
1265 4971 1660 5043 κλεῖζομένηιγ
1715 4973 1837 5026 οὐδὲ

267 5055 470 5118 τούτοις
511 5056 693 5126 μόνον,
727 5058 863 5111 ἀλλά
892 5063 987 5113 καὶ
1014 5065 1135 5126 ταῖς
1164 5062 1354 5126 ἄλλαις
1391 5065 1617 5134 ἀρεταῖς
1647 5065 1712 5117 δι’
1753 5058 1830 5118 ὧν

267 5148 323 5201 τὸ
351 5147 570 5218 δαψιλὲς
599 5151 695 5203 καὶ
749 5151 975 5205 ἀένναον
1013 5154 1112 5224 τῆς
1150 5155 1491 5225 φωτοχυσίας
1538 5156 1839 5210 κατεπλου-

265 5240 439 5311 τίσθη.
472 5242 658 5296 Ταῦτά
709 5262 799 5313 μοι
828 5247 1019 5313 γέγονε
1048 5246 1410 5318 ψυχαγωγία,
1442 5252 1618 5305 ταῦτα
1660 5269 1838 5322 παρα-

270 5334 487 5403 μύθιον,
522 5337 726 5406 μᾶλλον
755 5338 811 5391 δὲ
849 5339 958 5392 ἀπὸ
990 5342 1088 5411 τῆς
1125 5342 1482 5412 παραμυθίας
1534 5340 1838 5412 ἀρξάμενα,

267 5427 344 5489 εἰς
378 5431 754 5500 πνευματικὴν
788 5431 1122 5503 μετέστησεν
1162 5434 1502 5503 εὐφροσύνην
1542 5434 1635 5488 κα)⁴
1667 5433 1835 5501 ἀγαλ-

268 5516 461 5572 λίασιν.
512 5520 695 5574 Ταῦτα
749 5523 844 5575 καὶ
900 5526 966 5595 τῇ
1020 5527 1086 5595 σῇ
1138 5526 1500 5597 ἀρχιερατικῇ
1541 5526 1838 5593 τελειότητι

270 5610 499 5679 γινέσθω
551 5614 645 5667 καὶ
678 5618 1026 5688 παραμυθία,
1066 5620 1157 5674 καὶ
1210 5621 1384 5691 χαρᾶς
1422 5621 1515 5675 καὶ
1571 5619 1839 5690 θυμηδίας

1932 4704 1985 4751 et
2014 4694 2387 4757 admirandus,
2410 4708 2520 4747 non
2540 4691 2786 4763 lacrymis
2802 4691 3164 4754 decorandus,
3193 4690 3286 4745 sed
3306 4688 3529 4743 aemula-

1937 4789 2083 4843 tione
2112 4785 2440 4855 Operandus,
2470 4797 2579 4838 non
2604 4782 2894 4853 lugendus.
2934 4781 3137 4836 lllustri
3158 4768 3319 4834 modo
3346 4788 3531 4834 tumu-

1935 4880 2078 4933 latus
2137 4877 2391 4931 crelestes
2431 4875 2589 4929 sedes
2623 4874 2889 4936 ascendit,
2913 4888 3038 4927 cum
3064 4872 3315 4942 lampade
3363 4872 3531 4935 clara,

1939 4986 2047 5025 non
2070 4969 2190 5023 oleo
2213 4977 2423 5022 tantum
2442 4967 2766 5028 ilhuninala,
2790 4966 2883 5019 sed
2902 4964 3217 5019 certaminis
3240 4963 3533 5018 sudoribus

1940 5064 2241 5127 dillluente,
2266 5077 2379 5116 non
2438 5061 2551 5115 sola
2577 5059 2889 5129 virginitate
2918 5058 3152 5120 exculta,
3212 5057 3306 5112 sed
3348 5073 3534 5111 sacer-

1937 5153 2102 5209 dotali
2129 5153 2391 5223 dignitate
2407 5166 2622 5221 quoque
2644 5149 2874 5214 diffusa;
2897 5164 2999 5204 nec
3030 5148 3150 5203 istis
3178 5150 3330 5209 solis,
3364 5148 3459 5201 sed
3479 5156 3534 5199 ct

1939 5246 2058 5300 aliis
2080 5246 2372 5300 virtutibus
2400 5244 2542 5298 unde
2566 5242 2913 5297 abundantia
2946 5241 3209 5311 perennis
3239 5240 3419 5293 ell‘uso
3448 5240 3530 5291 lu-

1942 5340 2089 5393 mine
2118 5339 2372 5393 dilatatur
2404 5356 2414 5389 :
2447 5338 2563 5391 haec
2593 5345 2721 5392 sunt
2753 5334 2868 5399 illa,
2901 5351 3023 5405 quae
3056 5334 3299 5394 animum
3346 5347 3529 5385 meum

1949 5432 2199 5487 reficiunt
2234 5449 2248 5496 ;
2281 5432 2395 5485 hth
2426 5446 2549 5499 quae
2594 5428 2948 5485 consolantur
2978 5445 2990 5480 :
3049 5427 3159 5480 imo
3199 5424 3379 5495 potius
3406 5422 3532 5475 hinc

1952 5525 2109 5580 initio
2136 5523 2523 5580 consolationis
2553 5523 2821 5585 derivato,
2852 5523 2918 5575 ad
2948 5521 3283 5591 spiritualem
3320 5516 3530 5569 refere-

1951 5620 2110 5673 hatur
2136 5618 2557 5674 oblectationem
2580 5615 3091 5684 exallalionemquc.
3120 5611 3245 5667 llcec
3275 5619 3331 5665 et
3383 5617 3541 5663 tuam

1558 5775 1789 5830 VARUS
1817 5773 2217 5830 LEGTIONES.

342 5874 372 5909 ι
395 5868 484 5927 Ia.
512 5876 764 5945 μελετᾷν.
