3930 6436
421 487 521 552 847

423 620 656 664 vestram
699 608 844 664 volui
899 604 1166 662 deducere

406 703 556 757 mihi
615 700 938 757 occurrebat
971 716 986 753 :
1023 708 1206 753 tamen
1264 698 1451 752 nescio
1489 696 1619 766 quid
1648 695 1774 750 novi
1808 710 2002 765 passus

423 810 587 849 sum:
628 793 936 848 membrum
996 791 1271 846 divulsum
1333 789 1710 855 abstraliitur;
1771 789 1866 842 sed
1893 785 2002 842 Deo

421 886 656 950 dicatur,
688 893 744 938 et
771 899 871 938 nos
892 882 985 952 qui
1009 898 1107 952 per
1136 881 1306 936 Deum
1331 881 1540 937 divitiis
1559 880 1663 935 illis
1700 879 2003 934 abundavi-

415 990 560 1040 mus,
622 973 700 1028 illi
751 973 1020 1044 primitias
1059 970 1260 1026 otl‘erre
1316 971 1648 1026 debebamus
1701 987 1714 1023 :
1776 969 1999 1040 antiqua

406 1067 502 1120 lex
560 1065 681 1122 haec
736 1065 966 1128 obtinet,
1003 1073 1064 1119 ut
1103 1078 1286 1118 rerum
1311 1063 1674 1134 pretiosarum
1727 1060 2000 1133 primitias

422 1157 597 1213 datori
651 1165 706 1212 et
743 1155 1022 1212 communi
1066 1154 1301 1210 Domino
1359 1155 1653 1212 offeramus
1712 1173 1726 1209 :
1775 1169 1999 1225 germen

419 1249 760 1319 praeclarum,
795 1257 851 1304 et
910 1247 1120 1304 fructus
1172 1247 1354 1303 ferens
1408 1257 1654 1302 maturos
1689 1245 1997 1302 difl'ractum

413 1351 539 1396 est:
574 1341 668 1396 sed
699 1350 881 1395 manet
920 1341 1095 1406 radix,
1152 1339 1476 1412 germinabit
1527 1339 1710 1394 denuo
1747 1352 1861 1394 non
1908 1339 1998 1393 in-

416 1431 653 1485 feriora:
696 1431 743 1486 si
785 1431 832 1486 is
856 1430 948 1501 qui
1001 1430 1215 1485 ablatus
1244 1441 1329 1485 est
1355 1444 1591 1486 maerore
1616 1428 1837 1493 alliciat,
1862 1445 1994 1500 pro-

411 1523 676 1594 germinet
702 1523 859 1588 alios,
907 1532 964 1578 ut
1001 1539 1073 1578 ne
1106 1524 1179 1578 ita
1208 1523 1428 1579 demum
1473 1523 1695 1579 tristitia
1730 1523 1999 1594 percella-

411 1623 522 1680 tur,
560 1616 606 1670 si
634 1631 814 1671 ramos
847 1617 1110 1687 quosdam
1137 1616 1204 1672 ad
1223 1631 1282 1671 se
1309 1616 1606 1671 transferat
1628 1616 1991 1686 hortulanus;

411 1707 508 1761 sed
561 1723 658 1778 per
699 1708 1033 1778 reliquorum
1085 1708 1512 1764 oblectationem
1571 1709 1736 1764 ablati
1771 1725 1995 1766 sensum

409 1799 791 1867 absconditum
834 1801 1025 1856 voluit.
1067 1801 1218 1856 Abiit
1261 1803 1522 1872 praeclara
1571 1810 1627 1858 et
1661 1802 1996 1859 admirabilis

408 1893 628 1948 virtutis
680 1894 891 1964 imago;
939 1895 1034 1949 sed
1094 1895 1239 1950 idem
1293 1897 1471 1966 pictor
1523 1911 1746 1951 manum
1813 1895 1993 1954 adhuc

1589 486 1854 546 PHOTII
1901 485 2404 547 PATRIARCH/E
2451 487 2560 548 CP.

1227 622 1240 656 :
1285 604 1374 660 ubi
1406 613 1585 658 tamen
1621 603 1843 658 absurdi
1873 603 1988 672 quit

2107 619 2273 672 τητα·
2309 604 2403 658 καί
2449 621 2504 658 τι
2546 605 2654 677 γὰρ
2684 605 2928 662 ἐνενόουν
2966 609 3076 663 τῶν
3103 608 3493 684 ἀτοπωτέρωνο
3534 613 3587 666 τί
3619 615 3676 668 δὲ

3572 502 3680 566 848

2103 693 2214 746 τῶν
2267 694 2603 767 καινοτέρων
2655 697 3025 770 πεπόνθαμεν,
3062 699 3162 752 οὐκ
3221 694 3377 753 οἷδαο
3429 701 3681 774 ἀφῃρέθη

2107 785 2292 854 μέλος,
2352 787 2491 840 ἀλλά
2523 787 2644 859 Θεῷ
2695 790 3040 862 ἁφιέρωται,’
3099 791 3215 844 ἀλλ’
3260 791 3516 865 ἀπαρχὴν
3572 793 3682 848 ἔδει

2101 879 2320 949 δοθῆναι
2361 879 2471 934 τῶν
2507 880 2712 945 καλῶν,
2745 875 2820 936 ὧν
2849 883 3060 938 ἐκεῖθεν
3102 884 3504 956 ἐπλουτίσαμεν
3525 901 3542 916 ·
3582 887 3683 957 ἀρ-

2101 973 2256 1042 χαῖος
2278 966 2434 1038 οὗτος
2479 975 2644 1045 νόμος
2677 975 2934 1046 ἀπαρχὰς
2977 975 3086 1029 τῶν
3114 976 3315 1047 τιμίων
3343 975 3424 1048 τῷ
3457 977 3682 1049 δωτῆρι,

2102 1065 2195 1118 κοιλ⁵
2249 1064 2416 1136 κοινῷ
2463 1065 2799 1138 προσφέρειν
2839 1069 3105 1142 Δεσπὸτῃ.
3159 1068 3372 1131 Κλάδος
3409 1067 3682 1140 εὐθαλὴς,

2100 1156 2195 1210 καὶ
2221 1156 2434 1228 καρπὸν
2462 1157 2665 1228 ὡραῖον
2696 1158 2902 1229 φέρων,
2933 1161 3270 1232 περιῄρηται
3295 1177 3310 1192 ο
3344 1152 3460 1215 ἀλλ’
3490 1161 3525 1231 ἡ
3561 1159 3685 1232 ῥίζα

2103 1249 2287 1318 μένει·
2325 1252 2461 1306 οἴσει
2492 1251 2655 1306 πάλιν
2699 1253 2799 1306 οὐκ
2831 1251 3112 1308 ἐλάττονα.
3146 1255 3210 1309 El
3241 1254 3300 1308 δέ
3331 1253 3494 1308 πλέον
3524 1257 3552 1307 ὁ
3582 1270 3686 1306 πε-

2103 1344 2438 1416 ριῃρημένος
2462 1344 2643 1410 λυπεῖ,
2677 1344 3027 1416 βλαστανέτω
3055 1347 3152 1400 καὶ
3178 1345 3431 1410 πλείονας
3449 1362 3464 1377 '
3493 1346 3582 1402 ἵνα
3609 1345 3686 1416 μὴ

2098 1433 2260 1488 πάλιν
2314 1433 2430 1504 ἔχοι
2485 1435 2742 1507 χαλεπῶς
2791 1435 2978 1504 ἀλγεῖν
3027 1437 3122 1490 τοῦ
3183 1438 3496 1507 φυτοκὸμου
3545 1436 3686 1508 πρὸς

2098 1525 2294 1579 ἑαυτόν
2348 1544 2473 1580 τινα
2515 1527 2626 1582 τῶν
2675 1526 2886 1582 κλάδων
2923 1527 3330 1598 λαμϐάνοντος,
3379 1527 3495 1584 ἀλλ’
3523 1530 3582 1582 ἐν
3614 1531 3684 1601 τῇ

2096 1617 2208 1672 τῶν
2252 1618 2701 1692 ὑπολειπομένων
2750 1619 2964 1691 τέρψει,
3002 1620 3098 1674 τοῦ
3139 1620 3502 1692 ἀφῃρημένου
3552 1620 3686 1673 λαν-

2098 1709 2280 1765 θάνειν
2327 1712 2440 1782 ἔχοι
2469 1710 2568 1784 τὴν
2615 1711 2988 1783 συναίσθησιν.
3051 1711 3386 1782 ’Δπῆλθέν.ή
3417 1711 3560 1782 καλὴ
3589 1711 3687 1764 καὶ

2097 1800 2381 1872 θαυμασία
2405 1803 2505 1873 τῆς
2539 1803 2743 1874 ἀρετῆς
2765 1801 2961 1857 είκὼν⁵
2988 1801 3104 1857 ἀλλ’
3125 1805 3156 1857 ὁ
3185 1803 3432 1875 γραφεὺς
3469 1802 3551 1856 ἔτι
3584 1803 3688 1872 τὴν

2098 1895 2256 1964 χεῖρα
2302 1897 2481 1959 κινεῖ,
2531 1895 2628 1949 καὶ
2674 1895 2880 1968 γράψει
2931 1913 2998 1964 γε
3033 1896 3290 1960 πάντως,
3327 1896 3563 1968 ἐραστὴς
3608 1894 3686 1948 ῶν

411 1999 668 2041 exercere
704 1994 905 2056 potest,
937 1995 993 2041 et
1023 1986 1116 2056 qui
1148 1987 1439 2056 praeclaras
1479 1987 1601 2058 ejus
1625 1987 1783 2044 dotes
1814 1987 1988 2059 dilige

2097 1982 2192 2038 τοῦ
2221 1983 2426 2050 καλοῦ,
2474 1984 2660 2039 οὐκέτι
2709 1985 2876 2056 μίαν,
2919 1984 3058 2040 ἀλλά
3091 1984 3188 2039 καὶ
3217 1983 3496 2047 πλείονας.
3544 1982 3684 2035 Ἀλλ’

405 2075 524 2142 bat,
560 2075 923 2146 proculdubio
969 2077 1156 2148 plures
1203 2077 1341 2134 tales
1387 2078 1653 2149 imagines
1701 2079 1992 2136 describet.

406 2168 481 2222 At
540 2168 675 2223 mihi
707 2169 927 2240 quidem
956 2170 1082 2224 mali
1134 2169 1463 2226 medicinam
1495 2170 1625 2227 facit
1652 2171 1835 2241 istud;
1863 2181 1995 2244 puto

408 2261 709 2330 quemlibet
761 2262 1078 2334 religiosum
1101 2263 1400 2333 prudenter
1447 2274 1805 2336 sumpturum
1841 2284 1855 2318 :
1896 2268 1993 2322 sed

407 2351 663 2409 Ecclesiae
685 2369 903 2423 corpus,
933 2355 999 2410 ad
1027 2356 1172 2425 quod
1199 2357 1376 2412 vocati
1406 2373 1619 2425 sumus,
1645 2375 1755 2414 non
1772 2361 1991 2431 opinor,

407 2445 527 2515 ipse
544 2444 885 2514 justifieabis,
911 2462 1020 2502 non
1049 2464 1170 2504 esse
1189 2449 1288 2505 tibi
1329 2452 1725 2522 compassionis
1741 2453 1992 2509 solatium

408 2539 806 2609 archiprzesuli.
862 2540 998 2595 Nam
1038 2541 1167 2611 quid
1198 2542 1322 2596 est?
1374 2552 1503 2599 ante
1529 2553 1748 2616 tempus
1777 2545 1993 2602 aufere-

399 2631 569 2688 batur
600 2648 614 2685 :
642 2642 697 2687 et
735 2632 878 2702 quis,
919 2649 1125 2703 quaeso,
1167 2635 1362 2691 melius
1395 2635 1463 2691 de
1484 2637 1822 2707 temporibus
1842 2637 1990 2708 judi-

405 2738 555 2788 care,
589 2732 646 2780 et
683 2724 875 2779 eadem
925 2711 1218 2780 observare
1275 2727 1451 2790 novit,
1482 2743 1644 2797 quam
1678 2728 1746 2793 is,
1783 2728 1876 2798 qui
1901 2745 1991 2784 se-

406 2818 644 2873 cundum
694 2818 964 2873 rationem
1011 2828 1069 2874 et
1115 2820 1365 2875 ordinem
1428 2821 1699 2892 disposuit
1766 2823 1993 2877 omnia?

405 2906 514 2962 Sed
540 2917 730 2977 raptus
753 2917 836 2963 est
887 2909 945 2962 in
994 2917 1156 2964 aetate
1197 2909 1436 2981 vigente,
1470 2921 1525 2966 et
1553 2911 1646 2982 qui
1672 2912 1810 2968 tales
1843 2913 1991 2969 exsi-

404 3009 578 3067 stunt,
602 3000 899 3056 certamina
930 3000 1170 3056 subeunt
1205 3002 1432 3058 viriliter
1460 3021 1473 3057 :
1504 3019 1698 3060 verum
1733 3005 1801 3060 ad
1827 3020 1992 3061 sene-

403 3102 613 3149 ctulem
665 3109 840 3165 usque
869 3095 1125 3166 protendi
1159 3095 1618 3166 interruptionem
1670 3099 1990 3170 plerumque

410 3185 748 3243 fortitudinis
799 3197 1081 3260 operatur.
1124 3189 1207 3244 Ad
1233 3190 1496 3246 virtutem
1526 3191 1816 3247 nobiscum
1849 3207 1990 3248 con—

402 3278 658 3334 currebat
691 3297 705 3333 :
741 3294 850 3334 non
891 3289 1108 3350 oportet
1142 3281 1412 3350 invidere,
1447 3283 1491 3337 si
1538 3283 1780 3339 stadium
1822 3298 1987 3339 suum

2099 2077 2222 2148 ἐμοὶ
2257 2078 2356 2148 μὲν
2390 2076 2548 2132 τοῦτο
2581 2077 2684 2149 τῆς
2717 2079 2958 2152 ἀθυμίας
2988 2079 3285 2151 φάρμακον
3309 2092 3324 2108 ⁸
3355 2072 3512 2150 οἶμαι
3543 2076 3590 2132 δ’
3617 2076 3687 2130 ἂν

2098 2169 2230 2224 αὐτὸ
2261 2170 2446 2224 λαϐεῖν
2478 2171 2775 2243 προθύμως
2799 2214 2815 2240 ,
2848 2172 2944 2226 καὶ
2974 2171 3085 2225 τῶν
3130 2169 3508 2224 εὐσεϐούντων
3554 2167 3689 2221 ἐκα-

2099 2279 2223 2317 στον
2242 2279 2258 2295 ⁸
2292 2263 2354 2316 τὸ
2387 2263 2444 2316 δέ
2467 2264 2646 2318 κοινὸν
2677 2265 2778 2334 τῆς
2821 2263 3151 2334 Ἐκκλησίας
3172 2304 3188 2330 ,
3221 2262 3308 2333 ἐφ’
3332 2253 3378 2331 ᾧ
3406 2278 3472 2331 γε
3501 2277 3686 2331 παρα-

2098 2352 2436 2424 κεκλήμεθα,
2467 2355 2570 2408 οὐκ
2598 2355 2666 2409 ἂν
2711 2355 2833 2426 οὐχὶ
2865 2354 3189 2420 δικαιώσαις
3230 2355 3326 2408 καὶ
3351 2353 3516 2417 αὐτὸς
3538 2395 3552 2419 ,
3587 2352 3686 2406 καὶ

2097 2445 2197 2516 τῆς
2229 2446 2330 2516 σῆς
2364 2445 2760 2518 ἀρχιερατικῆς
2795 2446 3143 2518 συμπαθείας
3178 2447 3252 2518 μὴ
3287 2445 3542 2516 γενέσθαι
3575 2463 3685 2499 πα-

2099 2537 2385 2608 ράκλησιν.
2412 2539 2478 2591 Τί
2502 2539 2646 2611 γάρξ;
2679 2539 2788 2610 πρὸ
2815 2539 2966 2612 ὥρας
2996 2538 3212 2610 ἀπῆρεν
3236 2556 3252 2572 ο
3285 2539 3378 2594 καὶ
3406 2539 3488 2602 τίς
3519 2539 3683 2609 ἀκρι-

2096 2628 2352 2701 ϐέστερος
2393 2631 2544 2703 ὥρας
2603 2634 2892 2702 συντηρεῖν
2937 2631 3032 2686 καὶ
3085 2632 3316 2703 κρίνειν,
3355 2631 3453 2686 τοῦ
3505 2633 3684 2687 πάντα

2094 2719 2237 2789 λόγῳ
2281 2722 2379 2776 καὶ
2430 2721 2609 2794 είρμῷ
2645 2722 2941 2791 τάξαντος;
2982 2723 3124 2777 Ἀλλ’
3159 2727 3216 2778 ἐν
3247 2726 3399 2795 ἀκμῇ
3435 2723 3535 2795 τῆς
3560 2725 3682 2795 ﬁlt-

2095 2813 2248 2880 κίας,
2278 2814 2329 2866 οί
2364 2815 2594 2868 τοιοῦτοι
2633 2816 2759 2879 τούς
2796 2814 2994 2880 ἄθλους
3021 2814 3290 2886 γενναίως
3323 2819 3588 2888 φέρουσι·
3618 2816 3684 2869 τὸ

2091 2902 2150 2956 δὲ
2179 2905 2259 2967 είς
2298 2906 2478 2976 γῆρας
2506 2906 2916 2978 παραταθῆναι,
2951 2909 3186 2979 ἐγκοπὴ,
3230 2910 3300 2963 τὰ
3338 2907 3532 2974 πολλὰ,
3579 2911 3683 2976 τῆς

2094 2995 2301 3068 πολλῆς
2325 2997 2651 3052 καθίσταται
2681 2999 3081 3072 γενναιότητος.
3111 3001 3418 3073 Σύνδρομος
3445 2997 3513 3074 ἦν
3543 3001 3686 3073 πρὸς

2091 3089 2330 3160 ἀρετήν’
2367 3089 2428 3142 οὐ
2474 3090 2580 3161 χρὴ
2613 3089 2830 3159 φθονεῖν
2875 3093 2926 3145 εί
2963 3092 3026 3146 τὺ
3047 3093 3273 3148 ’στάδιον
3315 3093 3690 3166 προκατείλη-

2091 3198 2213 3250 φεν.
2260 3181 2401 3236 Ἀλλ’
2431 3178 2501 3254 ἦν
2537 3182 2648 3236 τῶν
2683 3182 2951 3255 θλιϐερῶν
2973 3185 3349 3256 παραμύθιον·
3382 3187 3443 3240 οὐ
3472 3202 3680 3240 συναπ-

2088 3274 2222 3345 ἦρεν
2263 3274 2392 3338 τοὺς
2453 3274 2647 3345 λόγους
2687 3277 2788 3348 τῆς
2827 3277 3264 3349 παρακλήσεως·
3298 3279 3392 3332 καὶ
3422 3278 3583 3334 πλέον
3620 3278 3682 3332 δὲ

399 3371 553 3442 prior
579 3372 899 3427 confecerit.
931 3373 1002 3428 At
1046 3374 1292 3430 solamen
1329 3386 1450 3431 erat
1481 3377 1795 3448 urgentium
1851 3375 1986 3432 allii-

2093 3367 2246 3421 ἐσται
2279 3368 2407 3435 νῦν,
2455 3362 2540 3432 οἷς
2567 3387 2628 3423 τε
2657 3369 2747 3423 διὰ
2788 3369 2905 3440 βίου
2944 3369 3215 3442 ἀνδρικῶς
3244 3371 3677 3444 ἐνεκαρτέρησε,

398 3462 642 3518 ctionum
681 3481 694 3517 :
728 3465 825 3520 sed
885 3479 988 3520 nec
1018 3480 1211 3522 omnes
1240 3482 1428 3522 secum
1481 3468 1706 3523 abstulit
1742 3469 1993 3524 consola-

400 3555 568 3611 tionis
595 3557 789 3612 modos
814 3575 827 3611 :
852 3558 963 3612 imo
993 3557 1180 3628 plures
1209 3575 1358 3615 nunc
1397 3570 1641 3631 praestat,
1670 3570 1729 3616 et
1763 3560 1990 3630 quidem

397 3647 578 3717 primo
625 3663 725 3718 per
775 3663 1067 3720 generosas
1114 3651 1240 3705 vitae
1281 3651 1529 3708 actiones
1571 3653 1859 3709 :secundo
1894 3669 1991 3717 per

399 3738 853 3795 intercessionem
884 3742 1026 3814 apud
1057 3741 1228 3796 Deum
1254 3761 1269 3810 ;
1301 3751 1493 3813 utpote
1518 3744 1633 3815 jam
1657 3744 1897 3800 vicinior
1938 3744 1988 3800 ei

396 3830 595 3901 factus,
627 3842 683 3890 et
709 3836 933 3892 cceleste
959 3835 1340 3907 adiumentum
1367 3837 1424 3892 in
1453 3847 1641 3908 partes
1673 3853 1986 3903 assumens,

396 3938 523 3978 cum
555 3924 627 3979 ad
679 3926 1134 3993 succurrendum,
1165 3937 1280 3982 tum
1331 3928 1400 3982 ad
1448 3928 1868 3984 vindicandum.
1897 3927 1985 3982 Si-

399 4012 513 4068 lent
572 4013 720 4069 labra
763 4033 778 4070 :
839 4015 1079 4071 clamant
1119 4017 1385 4073 actiones.
1421 4018 1633 4091 Lingua
1679 4026 1847 4085 tacet,
1887 4019 1983 4074 sed

397 4115 588 4162 contra
615 4107 798 4180 legum
821 4109 1117 4166 violatores
1141 4113 1262 4181 ejus
1292 4113 1708 4184 redargutiones
1739 4112 1984 4183 ipsorum

396 4201 628 4256 consilia
679 4212 947 4274 perpetuo
978 4203 1275 4276 ﬂagellant,
1326 4215 1382 4260 et
1422 4206 1737 4278 religiosum
1793 4221 1985 4277 quem-

397 4290 529 4345 libet
583 4292 652 4347 ad
695 4293 1116 4352 oblectationem
1155 4297 1396 4352 excitant
1467 4307 1523 4352 et
1582 4297 1981 4354 fortitudinem.

396 4382 542 4450 Quid
572 4387 797 4442 tandem
831 4388 931 4443 ?in
963 4388 1364 4458 persecutione,
1397 4388 1714 4458 alllictione,
1741 4390 1979 4457 miseria,

402 4480 576 4535 vitam
611 4480 829 4536 clausit.
873 4482 944 4536 At
978 4481 1097 4537 haec
1121 4497 1211 4538 me
1240 4496 1587 4553 summopere
1603 4482 1978 4538 consolantur.

396 4570 517 4626 Non
555 4573 705 4628 enim
733 4572 972 4628 delictiis
1000 4573 1224 4630 afﬂuere
1252 4574 1408 4630 illum
1435 4575 1641 4641 decuit,
1671 4576 1765 4646 qui
1792 4575 1860 4631 ad
1891 4591 1979 4630 re-

395 4675 564 4735 gnum
595 4664 860 4720 coelorum
901 4666 1218 4733 anhelabat,
1245 4677 1302 4723 et
1325 4667 1473 4723 illam
1500 4667 1578 4723 ibi
1622 4667 1776 4723 adire
1809 4668 1982 4723 haere-

389 4755 615 4810 ditatem
640 4755 814 4811 voluit
848 4755 1212 4813 :luctatorem
1249 4760 1538 4829 quiescere
1571 4774 1684 4815 non
1705 4760 1980 4822 decebat:

391 4858 496 4899 nec
522 4845 808 4900 certamini
865 4845 1202 4903 destinatum
1255 4849 1313 4903 in
1342 4849 1679 4906 umbraculis
1725 4850 1981 4907 arborum

389 4935 628 5006 paradisi
658 4937 947 5007 recubare,
974 4955 1040 4996 ac
1071 4939 1285 4996 dulcem
1318 4955 1574 4997 somnum
1609 4957 1810 5013 capere
1844 4961 1858 4998 :
1885 4944 1981 5000 sed

391 5027 536 5082 inter
550 5031 872 5097 certamina,
905 5047 1002 5101 per
1037 5032 1441 5100 tribulationes,
1467 5035 1613 5090 inter
1651 5050 1982 5106 persequen-

393 5115 532 5168 tium
555 5115 764 5186 gladios
789 5119 1064 5190 explorari
1093 5122 1283 5178 decuit
1309 5142 1321 5177 :
1355 5133 1412 5180 et
1455 5124 1536 5180 sic
1563 5125 1856 5196 approbari
1901 5128 1977 5184 ab

391 5209 721 5278 agonotheta
743 5251 757 5276 ,
813 5213 1015 5270 sudore
1055 5216 1370 5272 madentem
1427 5233 1460 5273 e
1480 5218 1894 5288 colluctatione,
1922 5231 1979 5277 et

389 5301 469 5354 sic
495 5301 563 5356 de
591 5317 776 5370 cursu,
811 5305 1090 5362 laboribus
1119 5309 1399 5375 anhelum,
1417 5311 1635 5367 felicem
1659 5313 1973 5383 praedicari:

391 5390 440 5443 id
462 5391 609 5459 quod
659 5408 758 5464 ego
791 5396 1011 5453 coronis
1040 5398 1407 5467 praetulerim:
1447 5416 1574 5455 nam
1617 5417 1836 5456 corona:
1880 5402 1979 5457 do-

331 5503 334 5506 ·
390 5492 590 5538 nantur
624 5487 692 5540 ab
728 5488 1032 5544 athlotbeta
1069 5505 1080 5540 :
1125 5489 1242 5546 haec
1285 5492 1549 5548 certantis
1602 5493 1817 5549 labores
1865 5495 1977 5550 cla-

388 5585 542 5630 mant
568 5585 626 5631 et
664 5578 957 5635 lemniscos
989 5597 1001 5632 :
1030 5581 1176 5636 inter
1200 5584 1412 5640 medias
1456 5593 1512 5640 et
1543 5586 1663 5640 illas
1697 5571 1976 5642 extremas

388 5668 824 5736 persecutiones,
886 5669 1057 5725 abivit
1105 5672 1173 5725 ad
1233 5683 1640 5730 coronatorem.
1701 5675 1976 5741 Quorsum

387 5757 536 5812 enim
567 5759 624 5812 in
653 5761 926 5816 infinitam
947 5761 1253 5834 agonistam
1270 5764 1470 5821 durare
1501 5766 1764 5836 oportuit,
1789 5782 1854 5822 ac
1867 5783 1978 5822 non

387 5849 573 5903 statim
615 5851 799 5920 potius
833 5852 922 5907 illa
983 5855 1247 5924 consequi
1275 5865 1501 5926 propter
1528 5873 1594 5912 ea
1625 5873 1750 5928 quae
1786 5867 1978 5927 pertu—

387 5934 472 6002 lit,
510 5949 563 5994 ct
597 5941 675 5994 sic
701 5942 990 6002 obduravit
1014 5946 1297 6017 :_bostium
1323 5962 1457 6024 sane
1477 5948 1977 6025 votagmibiistud

1751 6019 1880 6027 ...αφ-,-
1899 6022 1966 6029 ——__

2094 3461 2188 3514 καὶ
2232 3462 2356 3525 ταῖς
2385 3460 2522 3531 πρὸς
2551 3460 2611 3514 τὺ
2643 3460 2798 3540 βεῖον
2831 3462 3172 3529 ἐντεύξεσινο
3207 3463 3303 3517 ἅτε
3332 3463 3396 3534 δὴ
3421 3463 3679 3534 πλησιαί-

2091 3568 2251 3623 τερον
2269 3550 2532 3621 γεγονὼς,
2565 3554 2660 3607 καὶ
2683 3552 2781 3624 τὴν
2802 3553 3016 3608 ἐκείθεν
3039 3554 3214 3608 ἕλκων
3243 3556 3449 3626 μᾶλλον
3480 3556 3674 3628 ῥοπὴν,

2091 3645 2172 3707 εἰς
2201 3644 2524 3715 ἐπικουρίαν
2557 3645 2652 3699 καὶ
2680 3645 2984 3717 ἐκδίκησιν.
3026 3647 3164 3718 Σιγᾷ
3202 3647 3271 3700 τά
3319 3649 3474 3719 χείλη
3495 3663 3510 3678 ο
3544 3646 3677 3700 ἀλλά

2093 3737 2295 3808 βοῶσιν
2327 3738 2383 3791 αί
2412 3737 2643 3810 πράξεις
2665 3755 2679 3769 ·
2714 3740 2747 3809 ή
2783 3737 3006 3807 γλῶσσα
3036 3739 3176 3804 τέως
3211 3741 3410 3811 ἠρεμεῖ
3433 3756 3448 3771 ⁶
3483 3739 3596 3794 ἀλλ’
3622 3737 3671 3790 οί

2091 3829 2234 3883 κατὰ
2264 3829 2374 3882 τῶν
2410 3829 2884 3901 παρανομούντων
2911 3830 3123 3900 ἔλεγχοι
3153 3831 3334 3884 αὐτῶν
3365 3831 3413 3884 τ’
3456 3831 3672 3884 ἐκείνων

2089 3923 2216 3985 τοὺς
2253 3921 2553 3994 λογισμοὺς
2583 3923 2834 3978 ἀθάνατα
2870 3923 3219 3995 μαστιγοῦσι,
3258 3927 3488 3980 καὶτῶν
3521 3927 3678 3980 εὐσε-

2089 4016 2330 4071 ϐούντων
2357 4016 2590 4071 ἕκαστον
2611 4058 2626 4081 ,
2658 4020 2739 4082 εἰς
2771 4017 3044 4090 θυμηδίαν
3087 4019 3184 4074 καὶ
3232 4020 3487 4092 ἀνδρείαν
3529 4020 3676 4076 διαν-

2089 4107 2333 4162 ιστῶσιν.
2383 4109 2449 4161 Τί
2497 4107 2713 4176 λοιπόν;
2769 4111 2828 4164 ἐν
2871 4109 3133 4182 διωγμοῖς
3197 4113 3291 4165 καὶ
3326 4112 3537 4183 θλίψεσι
3584 4114 3678 4167 καὶ

2084 4201 2489 4273 ταλαιπωρίαις
2520 4202 2612 4255 τὸν
2667 4203 2780 4274 βίον
2838 4203 3096 4260 ἀπέλιπε.
3151 4205 3226 4258 Τὸ
3271 4206 3529 4275 μέγιστόν
3583 4223 3673 4274 μοι

2085 4293 2266 4362 λέγεις
2291 4295 2664 4366 παραμύθιον.
2698 4297 2774 4349 Οὐ
2804 4297 2912 4368 γὰρ
2947 4296 3055 4350 ἔδει
3082 4299 3293 4369 τρυφᾷν
3326 4299 3416 4350 τὸν
3447 4298 3548 4368 τὴν
3580 4298 3676 4368 βαι

2089 4385 2296 4440 σιλείαν
2344 4386 2455 4440 τῶν
2503 4387 2750 4457 οὐρανῶν
2794 4388 3198 4460 ἐπιζητοῦντα,
3231 4390 3325 4444 καὶ
3362 4389 3453 4442 τὸν
3495 4391 3674 4443 ἐκεῖσε

2085 4477 2288 4547 κλῆρον
2314 4477 2602 4532 διώκοντα.
2645 4480 2761 4533 Οὐκ
2802 4479 2912 4534 ἔδει
2943 4481 3034 4534 τὸν
3065 4480 3308 4552 ἀθλητὴν
3336 4480 3635 4551 ἡσυχάζειν
3655 4496 3671 4509 ’

2083 4571 2205 4624 οὐδὲ
2236 4571 2326 4624 τὸν
2353 4570 2662 4641 ἀγωνιστὴν
2684 4571 2791 4625 ὑπὸ
2826 4575 3008 4638 σκιαῖς
3041 4574 3137 4629 καὶ
3164 4572 3406 4645 δένδροις
3433 4574 3528 4626 καὶ
3566 4587 3669 4626 πα-

2090 4660 2362 4732 ραδείσοις
2418 4661 2801 4716 ἀνεκεκλίσθαι
2843 4664 2938 4717 καὶ
2991 4664 3413 4719 ἀναπαύεσθαιο
3452 4660 3568 4715 ἀλλ’
3615 4661 3672 4717 ἐν

2088 4753 2277 4824 μέσοις
2303 4752 2411 4808 ἔδει
2444 4755 2559 4820 τοῖς
2602 4755 2830 4824 ἀγῶσιν,
2860 4757 2918 4810 ἐν
2947 4757 3134 4821 αὐτοῖς
3171 4758 3286 4818 τοῖς
3326 4754 3664 4825 πειρασμοῖς,

2081 4844 2141 4896 ἐν
2183 4843 2335 4915 μέσῳ
2387 4845 2488 4915 τῆς
2519 4845 2630 4899 τῶν
2677 4846 2988 4902 διωκόντων
3027 4847 3343 4918 μιαιφονίας
3385 4844 3662 4914 δοκιμάζε-

2083 4938 2231 5002 σθαι,
2279 4939 2442 4993 καλδν
2476 4942 2882 5014 ἐμφανισθῆναι
2922 4943 3004 5016 τῷ
3049 4940 3384 5013 ἀγωνοθέτῃ,
3455 4939 3665 5010 ἱδρῶσιν

2080 5029 2396 5100 ἀθλητικοῖς
2429 5032 2513 5086 ἐτι
2561 5037 3067 5108 περισταζόμενονο
3121 5034 3394 5108 μακάριον
3441 5034 3667 5109 ὀφθῆναι

2079 5124 2189 5178 τῶν
2219 5123 2440 5198 δρόμων
2473 5126 2570 5180 καὶ
2615 5128 2880 5198 καμάτων
2913 5129 3310 5200 ἀσθμαίνοντα.
3344 5125 3518 5179 Τοῦτο
3561 5124 3668 5178 τῶν

2079 5217 2364 5286 στεφάνων
2398 5218 2511 5286 ἐγώ
2542 5237 2687 5292 φημι
2719 5220 3161 5294 μακαριώτερον.
3188 5220 3262 5273 Τὸ
3288 5219 3388 5289 μέν
3412 5218 3520 5290 γάρ
3552 5219 3668 5270 ἐστι

2078 5308 2173 5362 τοῦ
2209 5309 2502 5365 ἀθλοθέτου
2529 5354 2545 5380 ,
2596 5313 2658 5366 τὸ
2686 5314 2743 5366 δὲ
2782 5315 2881 5384 τῆς
2913 5313 3008 5368 τοῦ
3052 5312 3462 5384 ἀγωνιζομένου
3504 5328 3669 5364 σπου-

2078 5400 2174 5471 δῆς
2205 5402 2301 5455 καὶ
2330 5403 2760 5475 εὐδοκιμήσεως.
2799 5407 2888 5459 Ἐν
2926 5407 3062 5477 αὐτῇ
3092 5406 3236 5476 μέσῃ
3275 5407 3344 5477 τῇ
3373 5403 3482 5457 τῶν
3506 5401 3672 5469 διωγ-

2083 5493 2199 5562 μῶν
2247 5495 2425 5566 ἁκμῇ,
2464 5497 2601 5567 πρὸς
2648 5499 2740 5551 τὸν
2784 5498 3110 5568 στεφοδότην
3140 5496 3480 5567 ἀπέδραμεν.
3509 5494 3578 5548 Τί
3615 5494 3674 5546 δὲ

2080 5586 2367 5658 ἀπέραντα
2423 5590 2654 5659 κάμνειν
2709 5590 2933 5644 ἐϐούλου
2965 5591 3058 5643 τὸν
3102 5588 3411 5659 ἀγωνιστὴν
3447 5587 3543 5640 καὶ
3597 5582 3673 5654 μὴ

2078 5677 2265 5748 τάχιον
2315 5681 2501 5750 τυχεῖν
2549 5681 2635 5751 ἐφ’
2686 5675 2730 5750 ᾧ
2797 5681 2974 5737 ταῦτα
3027 5682 3373 5752 διεκαρτέρει
3425 5679 3520 5733 καὶ
3566 5677 3675 5729 ὐπ-

2081 5772 2307 5843 ἐφερεν;
2330 5773 2576 5846 Ἐχθρῶν
2598 5776 2766 5848 εὐχήν
2792 5793 2881 5847 μοι
2907 5775 3110 5845 λέγεις,
3129 5774 3243 5828 ἀλλ’
3268 5771 3392 5843 οὐχῖ⁷
3416 5772 3672 5843 πρόνοιαν

2080 5861 2252 5929 φίλων
2279 5879 2293 5892 ο
2349 5864 2473 5917 οὐδὲ
2524 5865 2720 5933 πόνον,
2778 5867 2900 5921 οὐδέ
2959 5867 3131 5922 ἔλεον.
3171 5865 3423 5936 ,Ἐξῆλθε
3476 5861 3675 5918 κοινῶν

2080 5953 2346 6024 ὀμμάτων
2385 5956 2447 6009 τὸ
2477 5957 2656 6011 κοινὸν
2688 5957 2786 6029 τῆς
2825 5958 3154 6030 Ἐκκλησίας
3184 5957 3412 6028 τέκνρν,
3445 5959 3473 6010 ὁ
3505 5954 3672 6024 mg;
