3930 6474
211 431 326 494 849

1377 425 1911 490 EPISTOLAHUM
1950 423 2180 485 LIBER
2220 424 2300 483 II.

3355 416 3470 483 850'

214 548 348 616 ἐμοὶ
382 546 483 600 καὶ
511 546 604 600 τοῦ
631 546 768 600 Θεοῦ
791 547 1074 619 ἄνθρωπος
1092 566 1104 579 ·
1148 549 1262 602 ἀλλ’
1289 550 1366 612 εἰς
1390 547 1650 619 οὐρανὸν,
1683 545 1797 600 ἀλλ’

1899 558 2109 608 narras,
2137 558 2247 596 non
2275 539 2520 611 pavidam
2547 538 2845 594 amicorum
2869 550 3079 599 curam,
3114 551 3217 590 nec
3269 537 3468 590 tolera-

213 638 299 699 εἰς
329 637 431 691 τὸν
459 638 635 691 κοινὸν
681 638 981 708 Δεσπότην,
1009 639 1146 693 ἀλλά
1175 639 1292 709 μετ’
1323 639 1572 707 ἀγγέλων
1604 635 1798 706 χορεύ-

218 747 354 795 σων,
407 729 526 782 ἀλλ’
552 730 853 800 ἰερουργός.
893 730 960 782 Ὦ
991 730 1163 800 πόσην
1192 723 1347 799 εὗρον
1381 731 1436 782 ἐν
1475 728 1650 798 τούτῳ
1690 745 1798 782 πα-

217 817 519 888 ραψυχήνί
561 819 708 872 Ἔδει
756 819 885 889 γὰρ,
930 817 1038 870 ἔδει
1085 819 1178 871 καὶ
1210 819 1308 888 τὴν
1344 817 1501 889 ἡμῶν
1545 817 1800 888 ἀπαρχὴν

219 909 367 980 ὑπὲρ
415 909 567 979 ἱερᾶς
600 908 792 980 δόξης,
837 909 934 963 καὶ
980 911 1160 981 νόμων
1216 911 1377 980 ίερῶν
1419 910 1797 980 διωκομένων,

220 1002 523 1073 ἱερουργὸν
556 1000 676 1072 Θεῷ
725 1003 1163 1073 προσταχθῆναι·
1202 1001 1504 1076 ίερουργδς,
1551 1002 1801 1073 ἐμφράτ-

215 1109 329 1145 των
363 1090 509 1161 μετὰ
529 1089 772 1154 πλείονος
791 1092 890 1162 τῆς
919 1090 1236 1164 παρρησίας
1267 1092 1509 1162 στόματα
1537 1091 1797 1162 βεϐήλων,

218 1182 316 1235 καὶ
364 1181 606 1252 χαλινῶν
633 1183 884 1252 γλώσσας
913 1183 1048 1236 κενά
1087 1184 1456 1253 ἐπισταμένας
1483 1197 1509 1224 ι
1537 1199 1552 1215 ·
1591 1185 1799 1254 ἱερουρ-

215 1273 339 1342 γὺς,
376 1273 487 1327 κᾶν
533 1273 608 1346 μὴ
636 1275 698 1326 τὸ
728 1275 944 1346 ἀνίερον
979 1275 1239 1346 βούλοιτο,
1274 1275 1340 1328 Τί
1390 1275 1503 1341 Est;
1549 1274 1802 1345 Ἐπήνθει

219 1364 375 1436 αὐτῷ
409 1366 481 1420 τά
509 1367 603 1438 τῆς
633 1368 839 1438 ἀρετῆς
887 1368 1103 1422 ἅπαντα
1122 1383 1135 1398 ·
1168 1367 1257 1422 διὰ
1286 1368 1442 1421 τοῦτο
1469 1368 1578 1438 γάρ
1607 1368 1802 1420 θᾶττον

217 1459 299 1521 εἰς
362 1457 470 1528 τὴν
531 1459 850 1531 ἀμάραντον
896 1461 1266 1532 ἀπεφοίτησεν
1318 1458 1414 1513 τοῦ
1471 1460 1800 1532 παραδείσου

217 1549 532 1619 πολιτείαν,
566 1551 653 1606 ἵνα
684 1553 850 1623 μηδὲν
871 1551 1021 1623 αὐτῷ
1047 1554 1155 1606 τῶν
1187 1551 1639 1624 κατορθωθέντων
1666 1553 1802 1606 ἀπο-

219 1647 504 1717 μαρανθῇ.
543 1647 606 1699 Et
657 1646 764 1716 γὰρ
797 1645 969 1709 οὐδεὶς
1019 1644 1126 1699 ἀπὸ
1174 1645 1350 1716 ῥύπου
1395 1643 1657 1715 καθαρὸς,
1691 1643 1800 1696 οὐδ’

216 1737 284 1790 ἂν
310 1736 502 1806 ήμέρα
535 1738 632 1806 μία
653 1739 681 1790 ὁ
708 1737 819 1808 βίος
849 1737 1035 1803 αὐτοῦ,
1069 1739 1098 1790 ὁ
1125 1737 1318 1792 θᾶττον
1343 1737 1436 1790 τὸν
1463 1737 1676 1791 δίαυλον
1703 1735 1798 1790 τοῦ

217 1826 350 1906 βίου.
368 1821 629 1894 ἐξελθὼν,
661 1829 722 1882 τὸ
757 1829 1010 1882 πλεῖστον
1038 1829 1177 1899 ἔφθη
1201 1828 1296 1883 τοῦ
1320 1828 1492 1900 ῥύπου
1521 1827 1798 1898 ἐκφυγών.

216 1921 416 1974 Κοινὸν
445 1916 515 1992 ἦν
533 1921 642 1976 τῶν
670 1921 1042 1976 εὐσεϐούντων
1072 1923 1350 1993 στήριγμα
1373 1939 1387 1953 ·
1417 1921 1580 1976 καλὸν
1617 1922 1799 1984 αὐτοῖς

214 2009 556 2064 ἀπολέλοιπε
579 2013 780 2066 κανόνα
807 2014 902 2068 καὶ
934 2013 1105 2066 τύπον
1134 2015 1193 2067 ἐν
1216 2015 1328 2077 τοῖς
1352 2013 1490 2082 ὑπὲρ
1517 1995 1799 2076 εὐσεϐείας

214 2103 402 2166 πόνοις
424 2104 490 2158 τὸ
505 2103 603 2174 ζῇν
627 2104 888 2160 ἐκλιπών.
913 2105 1029 2158 Οὐκ
1048 2098 1188 2157 εἶδεν
1209 2104 1307 2174 τὴν
1320 2103 1420 2167 τῆς
1449 2104 1794 2174 Ἐκκλησίας,

214 2195 356 2264 ὑπὲρ
398 2189 475 2266 ἧς
516 2196 760 2268 ἐνήθλει,
791 2200 1272 2253 ἀποκατάστασιν·
1326 2197 1415 2250 διά
1461 2196 1621 2262 τοῦτο
1669 2197 1796 2249 ἀκε-

215 2287 405 2358 ραίους
436 2289 652 2344 ἐκεῖθεν
687 2289 801 2362 ἔχει
821 2291 930 2345 τῶν
959 2292 1138 2346 πόνων
1167 2290 1293 2355 τοὺς
1319 2289 1567 2360 μισθούς.
1591 2288 1665 2342 Τὸ
1687 2289 1794 2360 γὰρ

211 2377 326 2432 ἀνθ’
353 2372 434 2434 ὧν
458 2381 786 2448 ἀγωνίζεταί
809 2399 916 2448 τις,
948 2383 1288 2454 εὐφροσύνης
1325 2381 1558 2435 ἐνταῦθα
1590 2384 1794 2451 τυχεῖν,

213 2470 586 2542 ὑποτέμνεται
605 2474 706 2543 τῆς
727 2473 937 2528 ἐκεῖθεν
969 2475 1372 2546 μακαριότητος
1400 2474 1499 2537 τὰς
1539 2472 1793 2544 ἀμοιϐάς.

213 2564 326 2618 Οὐκ
355 2560 476 2617 εἶδε
505 2565 606 2635 τὴν
651 2566 1098 2620 ἀποκατάστασιν
1155 2566 1435 2637 αἰσθητοῖς
1472 2567 1794 2637 ὀφθαλμοῖς,

214 2657 324 2710 ἀλλ’
358 2660 469 2730 ὁρᾷ
499 2659 615 2711 νυνὶ
644 2662 757 2720 τοῖς
795 2663 1031 2730 νοητοῖς·
1093 2660 1208 2716 ἀλλ’
1251 2661 1381 2725 ἴσως
1412 2660 1796 2732 πλησιαίτερον

213 2746 459 2814 γεγονὼς
491 2747 627 2802 Θεοῦ
649 2793 664 2813 ,
696 2749 924 2821 ταύτην,
959 2752 1073 2814 τοῖς
1122 2752 1181 2803 ἐν
1211 2751 1462 2820 αἰσθήσει
1496 2750 1797 2822 στρεφομέ-

215 2856 339 2904 νοις,
375 2841 466 2894 ἔτι
500 2839 566 2894 ἂν
616 2842 724 2911 ἄρα
771 2841 1046 2912 συμφέρον
1079 2843 1411 2913 ἐπιταχυνεῖ.
1448 2843 1600 2912 Ἔχει
1628 2842 1798 2910 τάφος

213 2931 270 2982 τὸ
307 2932 513 3002 σῶμα,
565 2933 682 2987 ἀλλ’
715 2933 958 3010 οὐράνιοι
1001 2934 1233 3004 θάλαμοι
1270 2935 1373 3003 τὴν
1406 2933 1621 3006 ψυχήν·
1655 2935 1690 3004 ἡ
1726 2930 1798 3005 γῆ

212 3022 306 3094 τὴν
330 3023 512 3090 κόνιν,
540 3024 654 3080 ἀλλ’
694 3024 1038 3096 Ἀϐραμιαῖοι
1065 3026 1256 3079 κόλποι
1280 3027 1340 3079 τὸ
1363 3025 1600 3097 πνεῦμα.
1625 3027 1799 3080 Φίλων

218 3114 512 3188 ἐστερήθη,
551 3116 666 3170 ἀλλ’
699 3111 825 3189 εὗρε
855 3118 982 3181 τοὺς
1009 3119 1291 3189 κρείττους
1310 3134 1324 3148 ·
1360 3118 1585 3189 εὑρήσει
1617 3118 1675 3170 δὲ
1705 3119 1799 3172 καὶ

223 3205 310 3270 οὓς
342 3209 500 3262 ἔλιπε
555 3209 672 3278 μετ’
722 3209 924 3278 ὀλίγον,
956 3208 1023 3264 ἂν
1067 3209 1146 3280 τῷ
1179 3206 1319 3263 εἶναι
1366 3210 1622 3280 μείνωσιν
1657 3210 1799 3280 φίλοι
1825 3237 1869 3299 C

223 3299 374 3356 Θεοῦ.
437 3301 686 3373 Ἔχθρῶν
733 3302 957 3372 ἐξῆλθεν
1003 3303 1297 3366 ἐπιϐουλὰς
1327 3303 1625 3374 αἰσθητῶν,
1668 3320 1797 3373 νοη-

224 3390 346 3456 τῶν,
383 3391 654 3464 φανεράς,
704 3391 964 3460 ὑφάλους,
1009 3392 1230 3459 ἔξωθεν,
1283 3391 1451 3455 ἔνδον,
1501 3392 1670 3454 ἀῖδεῖς
1708 3391 1799 3443 ὑπ’

225 3482 434 3554 ἐνέδρᾳ.
474 3479 664 3548 Εἷδεν,
709 3486 756 3538 εί
808 3483 904 3538 καὶ
953 3483 1029 3548 ὡς
1062 3485 1122 3537 ἐν
1167 3482 1416 3555 ἐσόπτρῳ
1453 3481 1648 3555 (τοῦτο
1691 3483 1800 3554 γάρ

226 3574 396 3643 ἔγωγε
421 3576 485 3628 τὸ
513 3577 570 3627 ἐν
596 3578 708 3638 τοῖς
729 3575 1093 3645 θεοπέμπτοις
1117 3575 1347 3645 ὀνείροις
1371 3575 1504 3646 ὁρῶ)
1530 3575 1565 3628 ἂ
1589 3575 1796 3638 ἐπόθει,

229 3665 316 3715 καὶ
356 3657 432 3718 ὧν
499 3665 858 3730 ἀδιαλείπτως
900 3666 1175 3736 ἐγλίχετο·
1212 3663 1293 3730 οἷς
1325 3665 1423 3737 τὴν
1473 3667 1655 3737 ψυχὴν
1705 3665 1799 3719 ἀν⁶

227 3750 536 3825 επτέρωτο,
588 3758 683 3810 καὶ
727 3757 865 3826 πρὸς
894 3756 930 3812 ἃ.
964 3757 1058 3810 καὶ
1086 3755 1164 3826 τῷ
1195 3757 1380 3826 σκήνει
1433 3754 1797 3826 βαρυνόμενος

227 3845 536 3919 ἀνεφέρετο.
579 3845 734 3902 Εἶδεν
781 3849 873 3902 τὸν
928 3847 1198 3902 καλοῦντα
1225 3847 1490 3914 Βασιλέα,
1523 3849 1648 3910 τοὺς
1690 3848 1796 3900 ὑπ-

228 3941 625 4010 ηρετουμένους
651 3942 909 4012 φαιδροὺς
936 3941 1202 4009 ἀγγέλους
1228 3943 1293 4010 τῇ
1315 3938 1524 4008 κλήσει,
1549 3940 1638 3991 τὸν
1657 3938 1799 4010 ἱερὸν

230 4029 431 4084 ἐκεῖνον
483 4032 578 4084 καὶ
628 4031 883 4103 βεϐήλοις
923 4029 1200 4099 ἄψαυστον
1246 4032 1341 4085 καί⁴
1383 4031 1631 4098 ἀθέατον,
1670 4034 1728 4084 ἐν
1754 4025 1799 4098 ᾧ

229 4123 622 4192 παρεπέμπετο
657 4124 817 4194 χορὸν
852 4127 954 4195 τήν
986 4124 1263 4194 ἄφραστον
1289 4123 1505 4192 ἐκείνην
1532 4125 1626 4176 καὶ
1669 4125 1794 4176 ἀτε-

230 4203 481 4278 λεύτητον
511 4211 667 4277 δόξαν
695 4214 790 4266 καὶ⁹
816 4214 1052 4284 τρυφήν.
1087 4213 1150 4266 Ὦ
1179 4213 1451 4280 γλυκείων
1475 4215 1795 4279 ἀπόλαυσις,

229 4300 317 4351 καὶ
366 4301 476 4372 πρὸ
517 4303 620 4373 τῆς
666 4303 1038 4368 ἀπολαύσεως,
1072 4303 1398 4374 θεαμάτων·
1433 4303 1479 4358 ὣ
1523 4307 1798 4377 μακαρίας

227 4391 561 4464 ἀποδημίας·
589 4394 636 4449 ὣ
668 4397 826 4464 ἀξίας
852 4396 1228 4466 θαυμάζεσθαι
1255 4414 1269 4429 ·
1297 4397 1414 4450 ἀλλ’
1433 4400 1557 4468 οὐχὶ
1589 4399 1797 4470 δάκρυα

229 4485 619 4550 προκαλεῖσθαι
674 4487 998 4557 ζηλοῦσθαι,
1061 4487 1184 4558 οὐχὶ
1238 4488 1591 4544 πενθεῖσθαι·
1662 4491 1798 4559 μετά

1903 648 2084 693 torum
2113 633 2667 692 commiserationem.
2705 631 2788 686 Ab
2819 630 2993 684 oculis
3036 627 3283 682 omnium
3338 628 3469 688 abiit

1901 729 2156 800 publicus
2186 726 2443 781 Ecclesiae
2497 724 2640 779 filius
2666 742 2678 777 :
2701 722 2994 793 praeclarus
3021 720 3110 775 ille
3134 719 3251 786 Dei,
3289 727 3344 774 et
3369 735 3469 782 no—

1901 833 2016 880 ster
2056 824 2219 878 homo
2259 840 2272 876 :
2313 821 2407 877 sed
2436 821 2492 874 in
2515 820 2702 883 caelos,
2731 818 2799 874 ad
2816 831 3160 874 communem
3181 815 3470 871 Dominum

1902 915 2054 980 abiit,
2079 915 2173 970 sed
2198 913 2396 968 choros
2436 927 2561 967 cum
2598 911 2803 982 angelis
2841 909 3342 972 concelebraturus,
3375 907 3472 961 sed

1902 1007 2173 1062 sacerdos.
2219 1005 2331 1076 Ego
2369 1013 2552 1060 autem
2596 1014 2862 1073 quantum
2893 1003 2950 1056 in
2985 1001 3091 1057 hoc
3141 1013 3252 1054 uno
3292 997 3473 1054 solatii

1901 1099 2191 1156 adinvenil
2226 1098 2303 1154 Ita
2340 1098 2488 1154 enim
2520 1112 2619 1167 par
2643 1096 2743 1151 fuit
2773 1103 2835 1150 ut
2868 1093 3120 1149 sacerdos
3159 1091 3271 1147 Deo
3303 1090 3474 1146 offer-

1903 1201 2072 1259 retur,
2114 1191 2479 1262 primitiarum
2524 1189 2664 1254 loco,
2695 1185 3142 1255 divinislegibus,
3191 1185 3308 1253 {pro
3375 1181 3488 1236 Dei-

1901 1285 2068 1356 gloria
2110 1299 2298 1355 passus
2356 1283 2790 1354 persecutionem
2829 1299 2844 1336 :
2885 1279 3137 1337 sacerdos
3189 1287 3370 1334 autem
3405 1278 3472 1342 is,

1901 1377 1993 1447 qui
2023 1391 2146 1432 cum
2195 1377 2365 1430 multa
2394 1375 2642 1430 libertate
2668 1372 2912 1444 profanis
2936 1370 3247 1426 hominibus
3280 1386 3343 1425 os
3375 1370 3474 1424 ob-

1901 1478 2112 1524 struere
2138 1477 2336 1538 potest,
2369 1475 2425 1521 et
2458 1465 2674 1521 frenum
2705 1464 2930 1536 injicere
2977 1463 3174 1536 linguis
3203 1463 3475 1519 meditan-

1901 1561 2036 1615 tium
2073 1574 2212 1616 vana
2243 1577 2256 1613 :
2287 1559 2564 1622 sacerdos,
2609 1556 2781 1612 velint
2814 1555 2990 1611 nolint
3037 1554 3275 1625 profani.
3333 1554 3475 1621 Quid

1904 1651 2163 1708 ulterius?
2201 1650 2408 1706 Virtute
2463 1649 2693 1706 ﬂorebat
2724 1649 2985 1718 undique.
3005 1646 3272 1713 Quocirca
3315 1646 3489 1702 citius

1901 1747 2031 1801 hinc
2065 1744 2232 1800 abivit
2276 1743 2343 1798 ad
2397 1741 2907 1796 immarcescibilem
2947 1739 3185 1810 paradisi
3210 1737 3478 1808 politiam,

1902 1845 1962 1891 ut
1981 1851 2051 1890 ne
2085 1834 2217 1906 quid
2246 1834 2323 1888 illi
2347 1848 2380 1889 a
2403 1833 2567 1888 rectis
2596 1833 2755 1888 factis
2789 1830 3173 1889 defloresceret
3203 1829 3290 1886 :si
3329 1828 3480 1884 enim

1902 1928 2082 1983 denuo
2112 1927 2183 1982 sit
2209 1942 2239 1980 a
2260 1925 2513 1981 sordibus
2537 1939 2728 1995 purus,
2767 1939 2839 1979 ne
2873 1923 3094 1994 quidem
3118 1921 3164 1976 si
3192 1921 3278 1977 vel
3315 1921 3479 1974 unius

1897 2017 2004 2072 diei
2034 2016 2269 2086 spatium
2290 2015 2556 2080 vinceret,
2586 2022 2734 2070 certe
2759 2013 2852 2084 qui
2879 2013 3121 2068 diuulum
3156 2012 3279 2068 vitae
3313 2027 3481 2082 quan-

1899 2108 2072 2164 tocius
2099 2107 2352 2171 excessit,
2388 2105 2649 2177 plurimas
2677 2106 2767 2162 ille
2796 2105 2986 2160 sordes
3022 2104 3211 2160 abluit.
3252 2102 3480 2161 Pietatis

1897 2209 2014 2255 erat
2060 2213 2351 2254 commune
2401 2198 2673 2268 quoddam
2727 2198 3156 2253 stabilimentum
3192 2215 3205 2252 :
3247 2195 3480 2268 praecla—

1897 2309 2013 2348 ram
2035 2293 2166 2363 ipsis
2182 2293 2443 2365 regulam,
2470 2299 2527 2346 et
2547 2290 2773 2347 formam
2798 2289 3038 2360 reliquit,
3059 2289 3154 2360 qui
3186 2290 3240 2342 in
3269 2289 3482 2360 patien—

1897 2387 1968 2443 do
2003 2401 2103 2457 pro
2137 2385 2338 2456 pietate
2364 2386 2598 2440 excessit
2632 2399 2665 2440 e
2722 2383 2854 2438 vita.
2895 2381 3151 2438 Ecclesiae
3185 2380 3351 2445 illius,
3382 2396 3481 2450 pro

1895 2494 2003 2550 qua
2024 2478 2271 2542 certavit,
2298 2477 2692 2532 restitutionem
2721 2491 2833 2530 non
2857 2474 2991 2530 vidit
3023 2490 3037 2527 :
3068 2473 3346 2543 quocirca,
3379 2475 3481 2527 im-

1896 2565 2212 2637 permistam
2267 2565 2513 2620 laborum
2583 2564 2892 2619 mercedem
2955 2562 3010 2616 in
3083 2561 3238 2617 ccelis
3292 2561 3475 2617 liabet.

1897 2659 2030 2714 Nam
2074 2659 2121 2714 si
2177 2659 2640 2714 oblectamentum
2698 2656 2947 2710 laborum
3004 2655 3093 2708 hic
3136 2664 3479 2724 perceperat.

1898 2752 2208 2823 privaretur
2233 2749 2585 2806 beatitudinis
2615 2749 2816 2804 ibidem
2848 2747 3206 2803 retributione
3249 2765 3262 2800 :
3310 2745 3482 2800 oculis

1899 2842 2178 2898 sensitivis
2206 2841 2658 2896 restaurationem
2679 2855 2789 2893 non
2827 2838 2964 2892 vidit
2994 2855 3008 2890 :
3043 2837 3139 2892 sed
3173 2836 3481 2890 intellectus

1899 2935 2075 2992 oculis
2099 2950 2246 2990 nunc
2270 2934 2547 3000 intuetur;
2601 2940 2789 3002 utpote
2839 2930 2952 2985 Deo
3014 2929 3247 2985 vicinior
3283 2927 3480 2991 factus,

1899 3045 1968 3084 eo
1988 3042 2283 3099 preperare
2308 3035 2365 3080 et
2401 3025 2509 3080 illis
2535 3024 2829 3087 conducet,
2865 3021 2954 3092 qui
2986 3022 3169 3077 adhuc
3196 3029 3485 3076 versantur

1901 3119 1956 3174 in
1995 3118 2366 3174 sensibilibus.
2400 3115 2614 3187 Corpus
2669 3116 2980 3186 sepulcrum
3017 3113 3280 3181 continet,
3311 3113 3485 3169 tbala-

1901 3212 1974 3266 mi
2001 3220 2183 3266 autem
2222 3209 2475 3266 caelestes
2503 3208 2761 3273 animam,
2795 3208 3074 3278 pulverem
3114 3206 3281 3261 habet
3321 3215 3485 3269 terra,

1903 3304 2152 3374 spiritum
2182 3319 2312 3358 vero
2345 3303 2500 3357 sinus
2548 3301 2781 3355 Abrahae
2815 3318 2828 3354 :
2882 3299 3201 3370 privabatur
3271 3297 3482 3358 amicis,

1903 3396 2104 3466 reperit
2136 3395 2408 3460 meliores,
2454 3405 2510 3449 et
2549 3409 2686 3464 quos
2745 3393 3054 3462 dereliquit,
3084 3391 3229 3446 haud
3256 3391 3348 3444 diu
3379 3390 3487 3444 erit

1901 3504 2026 3544 cum
2070 3504 2260 3543 rursus
2305 3488 2566 3554 inveniet,
2596 3487 2640 3540 si
2698 3484 3122 3555 permanserint,
3179 3491 3322 3537 statu
3351 3498 3496 3552 quo,

1901 3579 2061 3634 amici
2085 3578 2180 3632 Dei
2229 3594 2242 3630 :
2273 3577 2513 3632 hostium
2544 3575 2771 3630 insidias
2792 3576 2965 3632 evasit
3003 3573 3366 3637 sensibilium,
3401 3573 3484 3627 in-

1905 3669 2318 3734 tellectualium,
2349 3676 2588 3738 apertas,
2621 3667 2884 3733 occultas,
2911 3663 3178 3733 internas,
3206 3678 3484 3725 externas.

1901 3760 2218 3814 manifestas
2254 3769 2310 3814 et
2335 3759 2709 3814 clancularias.
2743 3757 2892 3814 Vidit
2928 3759 3038 3822 hic,
3069 3758 3166 3813 sed
3189 3767 3248 3812 ut
3275 3757 3328 3811 in
3363 3772 3489 3827 spe—

1902 3852 2024 3907 culo
2052 3847 2218 3920 (quod
2240 3859 2295 3904 et
2322 3865 2421 3921 ego
2444 3865 2543 3920 per
2560 3849 2772 3904 somnia
2796 3865 2826 3904 a
2858 3849 2972 3903 Deo
3003 3848 3249 3903 immissa
3275 3847 3481 3914 video),

1901 3956 2024 4009 quae
2064 3939 2339 4007 cupiebat,
2391 3946 2449 3992 et
2501 3937 2763 3992 continue
2785 3937 3100 4001 anhelabat,
3135 3937 3333 4006 quibus
3363 3937 3485 3990 ani-

1903 4046 2007 4084 mte
2038 4029 2188 4083 dedit
2213 4031 2346 4093 alas,
2373 4030 2440 4083 ad
2469 4046 2589 4099 qua:
2618 4030 2745 4083 licet
2785 4028 3139 4083 tabernaculo
3175 4043 3486 4098 praegrava-

1903 4131 1990 4176 tus
2041 4119 2339 4174 ferebatur.
2398 4119 2544 4175 Vidit
2583 4121 2785 4191 Regem
2849 4127 3210 4181 annuentcm,
3262 4119 3490 4190 angelos

1892 4192 2144 4268 'claritate
2168 4212 2496 4281 conspicuos
2523 4212 2879 4267 administros
2907 4211 3232 4277 vocationis,
3266 4226 3482 4266 sacrum

1903 4304 2073 4368 illum,
2100 4305 2348 4374 profanis
2367 4304 2652 4369 intactum,
2678 4303 3079 4360 etinvisibilem
3104 4303 3308 4369 locum,
3343 4303 3490 4358 inex-

1900 4396 2203 4466 plicabilem
2221 4396 2446 4468 gloriam
2473 4404 2529 4450 et
2548 4396 2968 4452 oblectationem
2999 4395 3484 4456 interminabilem,

1899 4505 2008 4560 quo
2037 4489 2483 4543 transferebatur.
2527 4489 2655 4544 Haec
2701 4498 2790 4552 est
2819 4488 3127 4544 dulcedinis
3185 4487 3397 4554 fruitio,
3432 4497 3488 4542 et

229 4570 492 4648 λαμπρῶν
538 4581 807 4650 ἐνταφίωυ
861 4580 972 4637 τῶν
1015 4580 1283 4651 οὐρανίων
1340 4582 1506 4654 ἀνέϐη
1562 4584 1746 4637 πυλῶν
1770 4600 1784 4614 ·

1899 4582 2120 4636 visionis
2146 4583 2290 4637 illius
2315 4591 2441 4635 ante
2467 4581 2778 4635 fruitionem
2808 4598 2822 4634 :
2861 4590 3030 4644 certe,
3063 4595 3324 4635 excessus
3349 4579 3476 4634 felix

232 4667 365 4731 μετά
408 4669 671 4740 λαμπρᾶς
697 4673 795 4743 τῆς
835 4673 1118 4745 λαμπάδος
1144 4675 1244 4727 οὐκ
1272 4673 1436 4746 ἐλαίῳ
1479 4677 1626 4748 μόνῳ
1666 4695 1790 4747 φαι-

230 4750 576 4830 δρυνομένης,
612 4761 750 4815 ἀλλά
791 4762 888 4817 καὶ
939 4767 1050 4828 τοῖς
1081 4765 1189 4818 ἀπὸ
1213 4765 1320 4818 τῶν
1350 4766 1527 4819 ἄθλων
1576 4769 1795 4840 ἱδρῶσιν

229 4845 623 4922 ἀρδευομένης·
661 4852 722 4906 οὐ
775 4855 1077 4927 παρθενείᾳ
1127 4857 1260 4928 μόνῃ
1302 4857 1792 4929 λαμπρυνομένης,

230 4934 360 4990 ἀλλά
388 4942 508 4995 .καὶ
551 4943 854 5014 ἱερωσύνης
896 4946 1167 5018 ἀξιώματι
1225 4949 1620 5021 κλεῖζομένης·
1674 4951 1798 5004 οὐδὲ

230 5028 431 5094 τούτοις
471 5033 653 5103 μόνον,
688 5035 824 5089 ἀλλά
853 5040 946 5091 καὶ
974 5042 1095 5104 ταῖς
1123 5039 1314 5104 ἄλλαις
1351 5042 1577 5112 ἀρεταῖς
1607 5042 1672 5095 δι’
1713 5037 1790 5096 ὧν

231 5117 287 5171 τὸ
313 5121 530 5193 δαψιλὲς
559 5128 656 5180 καὶ
709 5129 934 5184 ἀένναον
973 5131 1072 5201 τῆς
1109 5132 1451 5202 φωτοχυσίας
1498 5133 1798 5188 κατεπλού-

229 5209 400 5285 τίσθη.
432 5217 619 5272 Ταῦτά
668 5238 759 5289 μοι
788 5224 979 5292 γέγονε
1008 5224 1369 5296 ψυχαγωγία,
1401 5229 1578 5283 ταῦτα
1619 5246 1798 5301 παρα-

235 5305 447 5374 μύθιον,
482 5314 685 5383 μᾶλλον
714 5314 771 5368 δέ
809 5317 918 5369 ἀπὸ
950 5320 1048 5388 τῆς
1085 5319 1441 5389 παραμυθίας
1493 5318 1798 5390 ἀρξάμενα,

232 5396 307 5458 εἰς
340 5407 714 5477 πνευματικὴν
747 5408 1082 5480 μετέστησεν
1122 5411 1462 5481 εὐφροσύνην
1502 5411 1595 5466 καὶ
1626 5411 1794 5479 ἀγαλ-

233 5483 422 5546 λίασιν.
471 5497 655 5551 Ταῦτα
708 5499 804 5552 καί⁵
860 5503 926 5571 τῇ
980 5504 1046 5572 σῇ
1097 5502 1460 5574 ἀρχιερατικῇ
1500 5503 1798 5571 τελειότητι

236 5581 458 5646 γινέσθω
509 5591 605 5645 καὶ
638 5595 986 5664 παραμυθία,
1025 5597 1117 5652 καί
1169 5599 1343 5668 χαρᾶς
1381 5598 1474 5652 καὶ
1531 5597 1799 5668 θυμηδίας

1892 4682 1945 4730 et
1973 4673 2348 4736 admirandus,
2368 4687 2480 4727 non
2498 4671 2746 4742 laerymis
2760 4671 3122 4736 dccorandus,
3150 4672 3245 4727 sed
3265 4671 3488 4725 aemula-

1897 4767 2043 4820 tione
2071 4764 2400 4834 operandus,
2430 4776 2538 4818 non
2562 4761 2852 4832 lugendus.
2892 4761 3095 4816 lllustri
3116 4748 3278 4816 modo
3304 4770 3490 4816 tumu-

1895 4858 2037 4912 latus
2097 4855 2350 4910 coelestes
2390 4855 2548 4910 sedes
2581 4854 2848 4916 ascendit,
2871 4869 2997 4908 cum
3024 4853 3274 4922 lampade
3322 4854 3491 4917 clara,

1897 4965 2007 5003 non
2030 4947 2150 5002 oleo
2172 4955 2382 5001 tantum
2401 4946 2725 5010 illuminata,
2749 4946 2842 5000 sed
2860 4945 3175 5000 certaminis
3198 4944 3492 5000 sudoribus

1899 5042 2200 5105 diffluente,
2225 5055 2339 5095 non
2397 5041 2509 5095 sola
2535 5039 2848 5109 virginitate
2876 5038 3110 5103 exculta,
3169 5037 3264 5092 sed
3305 5054 3492 5092 sacer-

1896 5131 2061 5188 dotali
2087 5131 2350 5202 dignitate
2365 5145 2580 5202 quoque
2602 5130 2797 5184 diffusa
2818 5147 2832 5196 ;
2855 5144 2957 5185 nec
2988 5128 3108 5184 istis
3136 5129 3286 5188 solis,
3320 5129 3416 5182 sed
3436 5138 3491 5182 et

1898 5225 2017 5279 aliis
2039 5225 2330 5279 virtutibus
2359 5223 2500 5278 nmle
2523 5222 2872 5277 abundantia
2903 5221 3166 5292 perennis
3195 5219 3375 5274 effuso
3405 5221 3488 5274 lu-

1901 5319 2048 5372 mine
2077 5317 2330 5372 dilatatur
2362 5335 2373 5369 :
2406 5317 2520 5370 haec
2551 5324 2679 5371 sunt
2711 5315 2826 5378 illa,
2858 5331 2981 5384 qua:
3013 5314 3256 5375 animum
3302 5328 3486 5367 meum

1907 5411 2158 5466 reficiunt
2193 5427 2206 5474 ;
2239 5411 2354 5466 haec
2385 5425 2507 5480 qua}
2551 5407 2905 5464 consolantur
2935 5425 2947 5460 :
3005 5406 3116 5460 imo
3155 5405 3336 5476 potius
3363 5404 3489 5457 hinc

1857 5565 1862 5570 κ
1911 5504 2068 5558 initio
2095 5503 2482 5559 consolationis
2511 5502 2778 5564 derivato,
2808 5502 2874 5554 ad
2904 5500 3240 5570 spiritualem
3277 5497 3487 5552 refero-

1910 5598 2068 5652 batur
2095 5597 2514 5654 oblectationem
2538 5595 3048 5664 cxaltationemque.
3077 5592 3204 5648 llmc
3232 5600 3288 5647 ct
3340 5599 3502 5644 tuam.

1516 5752 1748 5808 VARUS
1775 5751 2175 5808 LECTlONES.

307 5843 336 5878 ³
359 5841 446 5901 τσ.
473 5853 723 5922 μελετᾷν.
