3930 6496
322 459 422 528 851
1451 464 1713 526 ΡΗΟΤΙΙ
1751 462 1874 526 PA']

2022 466 2254 528 .RCHIE
2295 470 2402 530 CP.
3457 478 3574 545 852

321 573 834 646 arcliiepiscopalem
873 575 1264 648 perfectionem
1319 573 1564 630 solentur
1609 594 1623 630 :
1660 576 1777 632 haec
1833 577 1873 630 ἱι

2020 576 2268 644 ιπόθεσις,
2297 578 2408 650 ὅσῳ
2441 577 2538 631 καὶ⁵
2573 580 2772 648 μᾶλλον
2813 583 2893 643 εἰς
2929 581 3027 655 τὴν
3068 583 3166 657 σὴν
3196 585 3386 659 ἀνήκει
3417 588 3572 643 διδα-

321 665 503 737 gaudii
515 673 568 720 et
582 666 964 722 consolationis
979 673 1356 736 argumentum
1372 664 1585 730 cedant,
1603 679 1778 733 eoque
1789 678 1873 718 ma

2020 666 2227 721 ικαλίαν
2268 669 2363 723 καὶ
2408 669 2676 741 σπουδὴν,
2725 673 2793 727 τὰ
2829 673 2923 727 τοῦ
2957 678 3320 747 μεταστάντος
3367 697 3572 752 κατορ-

322 755 404 825 gis
439 755 583 825 quod
613 765 715 810 tuae
732 756 1032 827 disciplina:
1053 771 1197 812 cum
1225 755 1638 811 etinstructioni
1655 748 1898 808 translati
1997 758 2244 830 θώματα.

326 846 459 901 hinc
492 848 636 902 illius
658 863 746 903 res
777 849 1033 919 praeclare
1061 847 1188 903 olim
1214 855 1378 918 gestae
1414 846 1613 902 ascribi
1640 845 1892 900 debeant.

869 937 1087 992 EPIST.
1127 936 1344 991 XXXV.

2575 939 2796 998 ΕΠΙΣΤ.
2842 942 2967 999 AE'.

595 1027 940 1084 Euschemoni
971 1029 1226 1087 Cursarem
1253 1029 1655 1099 archiepiswpo.

2155 1029 2504 1100 Εῠσχήμονι
2541 1031 2991 1102 ἀρχιεπισκόπῳ
3022 1039 3397 1108 Καισαρείας.
3595 1044 3613 1108 ξ

1544 1094 1816 1187 hiontacut.
1846 1136 1950 1201 (ep.
1983 1134 2094 1196 202,
2118 1147 2167 1197 p.
2354 1094 2383 1100 Ὗ
2575 1094 2593 1102 ψ
2617 1094 2654 1102 η
2958 1094 2972 1102 -

2070 1094 2383 1197 ,μεθθῖ
2958 1094 2972 1102 ⁷
3209 1094 3228 1108 ’
3354 1094 3370 1107 ’
3596 1094 3622 1154 ε

389 1239 641 1318 Suscepit
685 1241 907 1311 quidam
951 1242 1294 1312 prophetam,
1334 1249 1431 1296 aut
1469 1241 1744 1312 iustorum
1787 1241 1884 1295 ali-

2071 1238 2320 1306 Ἐδέξατό
2342 1257 2426 1304 τις
2458 1242 2767 1314 προφήτην,
2799 1242 2832 1314 ἢ
2861 1243 2997 1309 ὅλως
3025 1246 3148 1300 τινὰ
3171 1246 3282 1302 τῶν
3307 1248 3563 1316 δικαίων,

316 1343 501 1407 quem,
527 1344 594 1384 eo
621 1330 766 1400 quod
823 1331 1023 1386 multos
1047 1331 1200 1385 illum
1249 1330 1589 1385 admirationi
1619 1330 1868 1385 habente:

2013 1348 2068 1384 τι
2108 1331 2340 1396 πολλοὺς
2371 1327 2480 1386 εῐδε
2523 1333 2616 1386 τὸν
2645 1333 2815 1406 ἄνδρα
2849 1336 3246 1406 θαυμάζοντας,
3282 1340 3376 1393 καὶ
3403 1340 3565 1408 δόξαν

316 1419 590 1484 observat,
612 1419 717 1495 qui
735 1433 799 1472 ex
829 1419 920 1473 illa
948 1435 1045 1474 sua
1076 1419 1468 1484 admiratione,
1510 1418 1741 1489 gloriam
1773 1431 1868 1472 nor

2013 1421 2047 1474 ιύ
2101 1419 2303 1494 μικράν
2350 1422 2417 1477 ὲκ
2457 1423 2553 1477 τοῦ
2599 1424 2878 1495 θαυμάσαι
2912 1426 3282 1499 θηράσαντας.
3334 1429 3565 1503 Ἕτερος

313 1508 644 1563 mediocrem
673 1509 1029 1564 venabantur.
1058 1509 1211 1564 Alius
1258 1524 1411 1580 spem
1454 1509 1713 1579 concipit,
1739 1524 1865 1579 quat

2009 1517 2149 1572 πάλιν
2178 1518 2402 1582 ἐλπίδας
2431 1517 2668 1589 τρέφων,
2697 1516 2774 1580 ὡς
2798 1517 2863 1570 ὲκ
2901 1517 3001 1588 τῆς
3027 1519 3296 1589 ὑποδοχῆς
3325 1519 3561 1574 πλούτου

313 1599 462 1654 etali
516 1600 882 1671 susceptione,
931 1599 1133 1655 eximia
1181 1599 1490 1656 divitiarum
1546 1598 1865 1654 alﬂuentiun

2009 1610 2362 1679 τεριὸαλεῖται
2391 1608 2771 1680 λαμπρότητα,
2805 1608 2838 1679 ἦ
2867 1625 3011 1672 τινος
3034 1607 3199 1680 ἄλλης
3239 1611 3561 1682 σωματικῆς

311 1697 467 1765 copia
499 1695 801 1750 abundabit
840 1694 967 1750 :vel
996 1703 1200 1750 statum
1223 1694 1460 1764 aliquem
1501 1693 1710 1749 bonum
1758 1709 1863 1749 θοι-ι

2016 1697 2281 1763 ὐπαθείας
2340 1697 2706 1764 ὲπιτεύξεται.
2741 1697 2932 1762 Οὐδεὶς
2963 1698 3218 1770 οὐδαμῶς
3261 1700 3372 1754 τῶν
3405 1702 3563 1771 εἰρη-

308 1787 555 1857 poralem
579 1796 964 1857 consequetur.
1002 1788 1073 1841 At
1102 1801 1267 1842 nemo
1299 1786 1461 1856 plane
1501 1787 1753 1849 istorum,
1794 1800 1859 1840 ve

2011 1789 2163 1843 ιένων
2191 1789 2317 1842 οὒτε
2345 1789 2656 1858 προφήτου
2690 1789 2942 1857 μισθὸν,
2972 1787 3098 1842 οὔτε
3131 1791 3294 1857 τινὸς
3321 1790 3563 1846 δικαίου

308 1877 575 1945 propheta:
605 1879 893 1945 mercedem
921 1886 1310 1946 consequetur,
1343 1877 1427 1932 vel
1447 1877 1583 1947 justi
1607 1877 1708 1930 uiri
1733 1877 1860 1930 retri

2003 1879 2264 1948 ίήψεται.
2301 1878 2400 1941 Τίς
2427 1878 2484 1932 δὲ
2514 1877 2778 1949 λήψεται;
2823 1878 2880 1932 '0
2909 1878 2975 1931 δι’
3000 1879 3132 1934 αὐτὸ
3162 1881 3222 1933 τὸ
3247 1877 3385 1936 εἶναι
3414 1899 3555 1953 προ-

308 1967 592 2023 butionem.
623 1968 757 2038 Quis
778 1976 956 2038 autem
994 1977 1316 2039 recepturus
1347 1984 1466 2024 eam
1500 1968 1624 2024 est?
1648 1967 1698 2024 ls
1720 1968 1860 2022 nimi

2011 1972 2160 2043 ii]qu
2190 1970 2285 2024 καὶ
2315 1971 2450 2024 Θεοῦ
2496 1971 2833 2042 θεράποντα·
2866 1970 3061 2043 (τοῦτο
3095 1971 3204 2042 γάρ
3239 1973 3404 2038 ἐστιν,
3453 1977 3563 2038 Εἰς

306 2073 452 2130 rum,
483 2061 597 2130 qui,
623 2061 768 2130 quod
798 2061 894 2115 Dei
911 2052 1488 2132 servus,‘etpropheta
1514 2061 1638 2131 quis
1657 2061 1857 2115 exsista

2006 2062 2172 2132 ενομα
2211 2062 2542 2132 προφήτου,
2591 2060 2688 2115 καὶ
2723 2063 2810 2128 είς
2853 2061 3041 2130 ὄνομα
3084 2062 3316 2116 δικαίου
3337 2066 3382 2132 ο)
3417 2064 3558 2117 ἀλλά

307 2137 438 2219 (hoc
463 2137 609 2208 enim
637 2153 752 2208 vult
781 2153 932 2220 illud,
953 2152 1023 2207 In
1051 2155 1260 2208 nomine
1280 2155 1563 2224 prophetia.
1589 2153 1643 2206 in
1676 2153 1859 2206 nomiru

2007 2154 2110 2225 ιηδ’
2156 2153 2514 2225 ὲμπορίαν,ἢ
2552 2152 2812 2221 τοιαύτην
2845 2152 2968 2206 τινά
3015 2151 3205 2224 χρείαν
3253 2153 3343 2207 τὸν
3385 2153 3559 2225 ἄνδρα

299 2245 482 2315 justi),
508 2254 563 2300 et
583 2260 693 2313 non
715 2245 1099 2315 cauponando,
1129 2245 1214 2298 vel
1239 2245 1585 2300 commodum
1612 2242 1851 2314 captand

2009 2248 2289 2318 ῖεχόμενος,
2333 2248 2428 2299 καὶ
2457 2247 2558 2319 τὴν
2585 2244 2817 2316 δυνατὴν
2840 2245 3140 2317 θεραπείαν
3162 2245 3242 2309 είς
3270 2245 3432 2299 αὑτὸν
3457 2262 3561 2300 κα-

305 2330 524 2406 recipit,
581 2343 637 2391 et
671 2351 780 2405 quo
833 2345 1014 2411 potest
1053 2337 1316 2405 obsequio
1339 2351 1462 2390 eam
1487 2335 1820 2400 demeretur,
1849 2353 1857 2386 ι

2006 2340 2243 2412 »αρότητι
2285 2339 2514 2410 καρδίας
2543 2339 2639 2392 καὶ
2681 2338 2947 2410 σπουδαίᾳ
2977 2335 3170 2408 γνώμῃ
3201 2337 3558 2409 ἐνδεικνύμε-

304 2443 444 2499 pura
489 2417 823 2483 conscientia
869 2435 924 2482 et
953 2429 1189 2482 honesto
1218 2419 1220 2421 ’
1245 2426 1450 2481 animo.
1477 2425 1660 2492 Certe,
1686 2425 1856 2498 dignu:

2005 2449 2090 2496 νος.
2136 2431 2316 2499 ’Ἄξιος
2345 2431 2454 2502 γὰρ
2487 2431 2561 2494 ὡς
2603 2429 2818 2502 άληθῶς
2863 2430 3014 2497 ἄξιος
3049 2432 3079 2484 ὁ
3129 2428 3373 2495 τοιοῦτος
3407 2431 3557 2495 θείας

304 2511 530 2590 omnino
556 2519 680 2575 talis
715 2519 896 2590 divina
919 2520 1300 2584 retributione,
1327 2527 1384 2573 et
1426 2517 1855 2574 redhostimento

2003 2522 2326 2594 ιντιμισθίας
2360 2523 2455 2577 καὶ
2497 2522 2839 2586 ἀντιδόσεως.
2890 2522 2964 2575 Τὸ
3005 2521 3093 2588 δὲ,
3141 2522 3375 2577 Μισθὸν
3410 2535 3555 2591 προ-

302 2609 440 2665 lllud
463 2625 646 2680 porro,
689 2609 982 2665 Mercedem
997 2612 1155 2681 justi,
1185 2611 1474 2665 mercedem
1505 2609 1770 2679 propheta:
1793 2627 1854 2663 rei

2002 2613 2196 2681 ρήτου,
2228 2613 2327 2668 καὶ
2367 2613 2593 2684 μισθὸν
2625 2613 2860 2668 δικαίου
2895 2613 3179 2683 λήψεται,
3212 2613 3396 2685 διττὴν
3442 2613 3554 2686 ἔχει

302 2703 458 2772 cipiet
486 2701 530 2770 ⁸,
561 2702 832 2772 duplicem
870 2702 1035 2757 habet
1066 2703 1395 2758 sententiam
1430 2720 1443 2755 :
1478 2701 1564 2756 vel
1593 2702 1738 2756 enim
1764 2701 1854 2754 sint

2000 2705 2078 2776 ςὴν
2103 2705 2341 2759 διάνοιαν
2359 2723 2372 2737 ·
2401 2705 2434 2776 ἢ
2464 2704 2570 2775 γὰρ
2597 2705 2680 2758 ὅτι
2705 2704 2805 2776 τῆς
2835 2703 3162 2774 εἰλικρινοῦς
3189 2705 3285 2757 καὶ
3310 2704 3552 2774 καθαρᾶς

302 2809 446 2849 certe
473 2793 865 2864 hospitalitatis
895 2803 951 2849 et
980 2809 1131 2864 purae
1161 2793 1470 2848 mercedem
1499 2792 1576 2846 illi
1591 2791 1854 2862 recipient

1998 2797 2282 2868 ριλοξενίας
2312 2798 2403 2851 τὸν
2447 2797 2661 2865 μισθὸν,
2689 2798 2739 2850 οἱ
2768 2798 2894 2860 τοὺς
2923 2797 3230 2868 προφήτας,
3260 2797 3354 2849 καὶ
3392 2795 3550 2856 ὅλως,

301 2894 456 2947 certo
487 2884 708 2947 certius.
729 2885 824 2954 qui
855 2885 1178 2956 prophetam
1223 2885 1306 2940 ve‘l
1338 2885 1547 2954 justum
1576 2883 1847 2953 recipiunt

2001 2887 2034 2941 δῖ
2071 2904 2220 2952 τινας
2254 2887 2362 2941 τῶν
2410 2886 2633 2940 δικαίων
2665 2885 3072 2956 ὑποδεχόμενοι,
3105 2884 3324 2948 πάντως
3358 2901 3423 2953 γε
3457 2886 3553 2955 λή-

302 2989 407 3047 nec
439 2975 649 3030 honore
685 2975 778 3030 illo
836 2974 1039 3046 privari
1069 2983 1318 3045 possunt,
1342 2975 1436 3045 qui
1464 2975 1658 3046 dignos
1687 2989 1746 3030 se
1786 2989 1853 3045 pe

1998 2981 2196 3051 ζιονται,
2224 2980 2319 3036 καὶ
2344 2982 2443 3034 οὐκ
2470 2978 2615 3035 ἔστιν
2644 2979 2843 3043 αὐτοὺς
2871 2977 2978 3032 τῶν
2999 2977 3176 3049 γερῶν
3200 2975 3550 3050 στερηθῆναι,

299 3082 392 3122 res
429 3082 461 3139 a
513 3081 574 3124 se
609 3076 790 3139 gestas
838 3067 1246 3138 praestiterunt;
1307 3067 1396 3123 vel
1419 3067 1561 3137 quod
1591 3067 1739 3123 illam
1766 3082 1851 3122 n01

2003 3068 2062 3129 ὒν
2091 3073 2272 3141 ἀξίους
2319 3074 2544 3136 ἑαυτοὺς
2567 3113 2583 3139 ,
2614 3071 2682 3126 δι’
2714 3088 2791 3127 ων
2831 3071 3096 3143 ἔπραξαν,
3133 3068 3375 3135 ἔδειξαν·
3409 3068 3443 3139 ἢ
3473 3067 3555 3124 ὅτι

299 3160 572 3230 recipient
624 3160 945 3233 simpliciter
987 3161 1298 3216 mercedem
1342 3159 1744 3230 hospitalitatis.
1782 3174 1851 3215 see

2000 3164 2080 3220 ιιαὶ
2109 3155 2255 3218 οὗτοι
2300 3165 2399 3234 οὐχ
2449 3164 2637 3229 ἁπλῶς
2688 3161 2880 3233 μισθὸν
2915 3161 3244 3232 φιλοξενίας,
3295 3158 3432 3214 ἀλλά
3461 3159 3552 3212 τὸν

299 3251 537 3306 similem
566 3259 661 3306 aut
691 3251 956 3321 aequalem
1000 3251 1163 3322 justis
1191 3259 1248 3306 et
1278 3251 1577 3322 prophetis.
1621 3251 1851 3322 Magnun

1994 3258 2101 3311 ἴσον
2129 3256 2223 3310 καὶ
2261 3255 2446 3325 ὅμοιον
2475 3258 2586 3318 τοῖς
2617 3258 2923 3326 προφήταις
2953 3254 3053 3308 καὶ
3080 3252 3309 3316 δικαίοις
3349 3249 3546 3320 ἀπολή-

298 3341 431 3411 quid
461 3339 800 3415 hospitalitas
831 3349 912 3396 est
939 3357 952 3394 :
987 3357 1237 3413 magnam
1263 3342 1528 3397 conducet
1550 3344 1850 3397 mercedem

2001 3347 2198 3418 ρονται.
2229 3348 2388 3416 Μέγα
2416 3348 2525 3419 γάρ
2563 3347 2858 3418 φιλοξενία,
2886 3347 2983 3400 καὶ
3030 3342 3298 3416 μεγάλους
3333 3340 3553 3412 μισθοὺς

295 3424 590 3504 imprimis,
627 3433 674 3488 si
701 3434 916 3489 honesti
948 3444 1006 3488 et
1051 3433 1228 3504 legem
1265 3433 1362 3488 Dei
1426 3440 1700 3489 sectantes
1739 3433 1847 3488 reci

1999 3435 2349 3508 προξενοῦσα,
2389 3437 2483 3490 καὶ
2532 3437 2768 3508 μάλιστα
2817 3435 3124 3489 σπουδαίων
3170 3433 3414 3505 ἀνδρῶν,
3463 3431 3551 3484 καὶ

295 3526 541 3598 piantur.
595 3526 749 3581 Hanc
795 3533 855 3580 tu
902 3526 1172 3580 rationem
1204 3525 1249 3580 si
1276 3533 1425 3580 recte
1455 3525 1777 3589 institueris,
1814 3540 1842 3578 a

1997 3530 2117 3601 ιπὲρ
2158 3528 2318 3582 θείων
2350 3528 2529 3598 νόμων
2561 3528 2908 3596 διωκομένων
2937 3527 3005 3597 ἢν
3037 3527 3101 3580 σὺ
3132 3522 3416 3594 κατορθῶν
3460 3521 3549 3573 καὶ

295 3626 522 3689 propter
568 3632 774 3672 nomen
829 3632 894 3690 ac
923 3618 1140 3672 titulum
1181 3632 1465 3672 servorum
1510 3615 1628 3683 Dei,
1667 3632 1776 3670 non
1807 3616 1847 3669 ol

1994 3623 2057 3686 εἰς
2106 3621 2278 3690 ὄνομα
2309 3619 2445 3674 Θεοῦ
2481 3620 2863 3690 θεραπόντων,
2917 3617 3059 3672 ἀλλά
3112 3617 3186 3688 μὴ
3233 3616 3303 3670 δι’
3333 3615 3462 3669 ἀλλο
3497 3630 3546 3666 τι

269 3699 456 3771 ’διὶιιιιι
519 3708 685 3762 ullam
734 3723 954 3764 causam
997 3708 1238 3780 hospitio
1290 3710 1618 3780 susceperis,
1674 3726 1821 3767 oract

1990 3711 2100 3774 τοὺς
2135 3709 2301 3764 αὐτοῦ
2335 3709 2570 3777 ξενίζων
2599 3710 2806 3781 φίλους,
2847 3708 3051 3780 μᾶλλόν
3078 3725 3139 3760 τε
3174 3707 3431 3776 συνήσεις
3462 3702 3542 3756 τὸν

293 3797 606 3871 Evangelici
635 3808 876 3857 mentem
910 3803 1144 3868 tenebis,
1210 3803 1358 3859 unde
1379 3804 1723 3877 commodum
1754 3819 1845 3874 per

1989 3803 2332 3872 εὐαγγελικδν
2378 3803 2628 3873 χρησμὸν
2651 3842 2666 3867 ,
2694 3802 2950 3856 κάκεῖθεν
2981 3801 3238 3871 εὑρήσεις
3266 3799 3326 3851 τὸ
3367 3795 3541 3866 κέρδος

293 3890 512 3960 cipics:
554 3891 684 3946 felix
729 3893 976 3948 omnium
1033 3893 1204 3966 magis
1249 3895 1339 3949 illa
1371 3894 1672 3967 beatitudo,
1712 3909 1845 3965 quan

1993 3891 2062 3963 {ib
2110 3894 2581 3965 μακαριότητοςὲ)
2631 3893 2765 3948 πολὺ
2816 3892 3004 3964 μεῖζον
3051 3891 3086 3961 ἢ
3131 3890 3274 3944 κατά
3303 3889 3545 3960 διήγησιν

293 3976 416 4052 quae
443 3984 627 4040 verbis
656 3983 858 4055 poterit
883 3985 1006 4039 ullis
1025 3985 1310 4054 explicari.
1981 3987 2164 4041 λόγου.

321 4067 326 4071 ”
682 4078 684 4080 ’
841 4098 1061 4155 EPIST.
1103 4099 1344 4155 xxxvr.
2569 4097 2796 4152 ΕιιιΣτ.
2827 4097 2969 4164 AG".

652 4189 818 4261 Paulo
849 4191 1194 4259 metropolitw
1224 4190 1514 4258 Laodiceae.

2241 4191 2458 4259 Παύλῳ
2481 4190 2894 4260 μητροπολίτῃ
2919 4190 3289 4259 Λαοδικείας.

1531 4303 1798 4353 Montacut.
1829 4302 1932 4365 (ep.
1965 4302 2076 4364 206,
2111 4317 2157 4366 p.
2191 4302 2324 4367 504).

367 4400 701 4475 Defatigatus
745 4419 865 4458 sum
909 4419 1137 4460 serenos
1181 4405 1299 4462 dies
1340 4405 1700 4469 numerando,
1742 4405 1919 4471 dum]

2054 4408 2322 4472 Ἐκαμον,
2346 4405 2445 4469 τὰς
2469 4403 2653 4468 εὐδίας
2673 4403 3021 4474 ἀναμετρῶν,
3051 4403 3146 4458 καὶ
3167 4403 3263 4476 τὴν
3283 4401 3381 4473 σὴν
3399 4418 3553 4474 περι-

296 4503 453 4551 tuum
479 4496 774 4551 adventum
807 4506 1115 4567 exspectem
1146 4498 1274 4553 :scd
1305 4497 1524 4562 sudum,
1550 4506 1611 4551 ut
1643 4498 1848 4552 videtur

2002 4499 2315 4569 ἲλεπόμενος
2351 4497 2536 4566 ἄφιξιν
2557 4513 2571 4525 ’
2600 4495 2736 4561 ἀλλ’,
2767 4495 2843 4558 ὡς
2877 4494 3042 4558 ἔοικε,
3085 4494 3352 4566 χειμῶνες
3383 4511 3464 4546 σοι
3501 4495 3554 4546 αἱ

295 4595 593 4658 tempestas
620 4587 714 4644 tibi
748 4588 882 4642 fuit:
903 4604 1066 4658 quem
1094 4605 1225 4661 ergo
1256 4590 1550 4649 terminum
1579 4589 1847 4646 sortientu

2009 4587 2148 4641 ὺδίαι
2176 4586 2486 4656 γεγόνασιν.
2518 4586 2612 4649 Εἰς
2655 4587 2807 4638 ποῖον
2834 4579 2928 4638 οὖν
2971 4583 3080 4655 ἄρα
3121 4584 3296 4655 πέρας
3337 4582 3408 4636 τά
3449 4582 3556 4636 τῶν

295 4688 646 4749 tempestates
679 4688 806 4735 ιιιεε.

1978 4683 2260 4753 χειμώνων
2293 4697 2374 4732 σοι
2402 4677 2868 4748 ἀποκριθήσεται;

819 4789 1040 4845 EPIST.
1081 4789 1348 4844 XXXVII.

2577 4785 2800 4840 ΕΠΙΣΤ.
2833 4787 2949 4839 AZ'.

648 4883 824 4939 Paulo
858 4886 1201 4954 metropolita:
1229 4886 1519 4941 Laodiceae.

2239 4883 2453 4944 Παύλῳ
2481 4880 2892 4950 μητροπολίτῃ
2930 4877 3298 4942 Λαοδικείας.

1533 4999 1799 5048 Montacut.
1838 5001 1938 5060 (ep.
1966 4996 2077 5056 215,
2100 5010 2146 5056 p.
2173 4995 2306 5057 517}.

368 5097 425 5152 Si
456 5099 628 5156 hiems
653 5117 762 5156 non
792 5111 930 5165 erat,
949 5101 1016 5156 de
1031 5117 1136 5171 qua
1156 5101 1369 5156 dicebat
1391 5099 1667 5168 Scrvator,
1691 5100 1873 5167 Orate,

2055 5100 2112 5150 Εξ
2159 5098 2232 5168 μὴ
2260 5097 2468 5168 χειμὼν
2512 5092 2601 5168 ἦν,
2654 5098 2782 5166 περὶ
2813 5091 2874 5150 οὗ
2918 5099 2947 5148 ό
2989 5096 3180 5164 Σωτὴρ
3211 5093 3418 5160 ἔλεγεν,
3451 5089 3553 5142 Εὔ-

295 5207 357 5245 ne
383 5193 506 5262 fuga
530 5200 698 5251 vestra
731 5209 824 5261 per
843 5193 1064 5246 hiemem
1100 5194 1192 5262 ﬁat
1211 5196 1252 5258 ⁵,
1277 5195 1568 5248 verborum
1595 5193 1647 5247 in
1676 5203 1727 5249 te
1755 5195 1843 5248 hic

1999 5194 2161 5261 ζεσοε
2185 5191 2272 5261 μὴ
2303 5191 2579 5260 γενέσθαι.
2606 5191 2722 5257 τὴν
2748 5188 2954 5260 φυγὴν
2981 5188 3150 5258 ὑμῶν
3182 5187 3252 5240 ἐν
3279 5183 3519 5255 χειμῶνι
3538 5197 3551 5212 ·

294 5298 435 5337 mem
471 5285 804 5338 concitarent
831 5303 844 5339 :
873 5285 991 5339 Non
1035 5286 1162 5339 novi
1193 5302 1316 5356 ego,
1365 5286 1541 5341 dicam
1586 5302 1737 5348 more
1770 5287 1844 5360 mi

1999 5283 2224 5354 [ειμῶνα
2256 5284 2320 5338 ἄν
2352 5302 2433 5336 σοι
2471 5283 2645 5349 λόγων
2683 5282 2910 5345 δικαίως
2940 5281 3205 5350 ὲπέγειρα
3227 5294 3240 5308 °
3273 5277 3374 5330 οὐκ
3406 5271 3519 5328 οἶδα
3539 5312 3551 5336 ,

293 5372 442 5426 nime
464 5372 647 5435 amici,
677 5382 784 5437 Lam
821 5374 1171 5444 longinquam
1206 5375 1727 5445 peregrinationem,
1755 5391 1845 5446 qu:

2001 5377 2070 5428 τὸν
2104 5374 2293 5444 ἄφιλον
2331 5374 2441 5444 ἐρῶ
2478 5374 2680 5443 τρόπον
2713 5373 2744 5444 ἦ
2785 5374 2885 5442 τὴν
2914 5371 3057 5424 οὕτω
3101 5367 3320 5439 μακρὰν
3354 5365 3553 5432 ἀποδη-

292 5465 516 5536 propius
550 5466 794 5529 accedat,
835 5467 903 5520 ad
935 5468 1147 5536 antiqui
1190 5469 1338 5523 illius
1394 5468 1544 5522 corvi
1573 5468 1754 5537 fugam
1789 5471 1841 5523 in

2001 5469 2137 5530 ιίαν,
2169 5469 2263 5520 καὶ
2291 5467 2384 5520 τοῦ
2422 5466 2654 5519 παλαιοῦ
2697 5466 2930 5536 κόρακος
2965 5464 3174 5516 ἐκείνου
3211 5460 3378 5528 ἐγγὺς
3404 5456 3553 5525 γενέ-

292 5567 504 5608 cusare.
545 5551 642 5607 Sin
685 5553 786 5608 alae
813 5555 909 5608 tibi
956 5555 1138 5610 adsint
1180 5568 1362 5618 castae.
1391 5573 1543 5626 purae
1586 5567 1642 5610 et
1673 5557 1843 5612 veloci

2002 5559 2107 5612 ιθαι
2151 5560 2608 5630 φιλονικήσας-αν,
2649 5556 2993 5628 αἰτιώμενος.
3061 5553 3200 5605 Ἀλλ’
3245 5554 3293 5603 εἰ
3350 5549 3451 5619 μὲν
3500 5545 3554 5598 τὸ

292 5644 580 5711 columbae,
622 5659 841 5701 sartum
885 5655 1089 5702 tectum
1133 5664 1377 5703 amorem
1442 5649 1641 5716 habeo,
1696 5650 1839 5704 hiem

1998 5653 2181 5720 πτερόν
2234 5669 2316 5704 σοι
2353 5651 2452 5720 τῆς
2488 5650 2658 5720 ἁγνῆς
2704 5649 2797 5701 καὶ
2847 5647 3098 5716 καθαρᾶς
3149 5643 3242 5696 καὶ
3289 5640 3550 5707 ὀξυπὸρου

289 5736 452 5821 plane
483 5740 641 5794 nihili
686 5749 790 5804 est,
828 5756 930 5796 nec
969 5741 1099 5811 quid
1146 5741 1289 5796 aliud
1330 5758 1494 5813 grave
1531 5760 1543 5796 ε
1586 5745 1669 5799 sin
1716 5744 1838 5800 colli

1999 5745 2329 5818 τεριστερᾶς,
2380 5743 2614 5815 ἔρρωται
2655 5743 2752 5813 τῆς
2791 5739 3033 5810 ἀγάπης,
3062 5735 3214 5790 οὐδὲν
3249 5736 3276 5788 ὁ
3311 5732 3551 5808 χειμὼνν

363 5896 389 5931 δ
424 5897 614 5966 Matth.
662 5917 715 5966 χ,
748 5901 834 5960 41.
919 5901 938 5934 ³
973 5901 1136 5958 Marc.
1179 5919 1299 5970 mu,
1347 5902 1432 5958 i8.
