3930 6492
242 409 365 472 853
1447 405 1983 469 EPIS’I‘OLARUM
2025 406 2256 470 LIBER
2290 412 2373 472 II.
3435 416 3539 478 854

235 518 461 586 ῶσπερ
489 516 627 571 οὐδέ
656 533 708 570 τι
736 514 882 569 ἄλλο.
913 514 978 567 Εἰ
1002 514 1060 568 δέ
1090 531 1213 569 τινα
1242 512 1490 583 θραῦσιν,
1524 517 1639 569 ἀλλ’
1671 516 1770 569 οὐκ
1798 514 1864 568 ἂν
1893 543 1908 579 λ

2014 534 2175 573 onem
2215 530 2269 575 et
2297 519 2707 586 anfractioncm,
2733 523 2877 592 quod
2920 540 3029 577 non
3062 533 3215 594 puto,
3251 526 3380 579 nlud
3419 543 3540 596 pcr-

239 608 573 679 πεισθείην
626 609 823 672 ἐκεῖνο,
880 604 1173 671 πεπόνθοι,
1216 606 1429 674 ἀνάγκη
1476 607 1627 660 κάτω
1685 608 1867 675 μένειν

2013 610 2097 674 eti,
2132 625 2355 665 necesse
2387 621 2473 667 est
2513 611 2766 668 deorsum
2793 624 2855 667 ut
2894 614 3183 679 consistas,
3216 615 3391 670 donec
3440 617 3539 674 ala:

240 700 362 764 ἓως
403 699 484 752 ἂν
523 702 557 753 ὁ
583 699 786 769 τάρσος
821 697 982 752 πάλιν
1032 697 1237 751 ἀνωθεν
1268 696 1543 767 βλαστήση
1566 736 1581 759 ,
1615 698 1711 750 καὶ
1744 698 1867 769 μηδ’

2013 702 2329 767 rcreverint,
2366 712 2421 757 et
2457 719 2527 758 ne
2556 704 2624 759 ad
2669 720 2769 759 nos
2811 704 3052 768 advoles,
3088 720 3160 760 ne
3206 721 3303 775 per
3343 706 3539 761 sudum

241 796 307 845 ἐν
330 793 517 863 εὐδίᾳ
547 794 684 863 πρὸς
714 793 861 862 ἡμᾶς
889 791 1335 861 μετεωρίζεσθαι.
1376 792 1517 845 Ἀλλ’
1543 791 1755 863 ἔρρωσό
1780 809 1869 863 μοι

2013 793 2205 849 uidem.
2235 794 2343 849 Sed
2367 796 2568 861 valeas,
2603 795 2698 852 Dei
2734 812 2978 851 amorem
3009 797 3182 868 magis
3211 796 3393 852 adhuc
3428 811 3545 850 ma-

240 883 346 936 τὸν
394 884 567 938 θεῖον
608 884 786 954 ἔρωτα
827 882 1028 955 μᾶλλον
1073 884 1168 935 ἐπὶ
1199 886 1311 947 τοῖς
1342 885 1628 956 προτέροις
1672 901 1870 954 πτερο-

2013 889 2154 953 isque
2183 884 2516 955 adurgendo,
2548 887 2726 956 potius
2749 903 2910 957 quam
2936 896 2995 942 ut
3022 887 3121 942 alm
3150 903 3273 957 quae
3298 887 3366 942 ab
3390 886 3548 945 initio

245 978 446 1047 φυῶν,
485 980 526 1049 ἦ
573 979 701 1042 τοὺς
747 977 990 1049 ἀρχῆθεν
1020 977 1115 1031 καὶ
1161 976 1343 1041 καλῶς
1388 977 1870 1048 προϐεϐλημένους

2013 976 2175 1045 ptime
2206 986 2557 1039 excreverant
2608 994 2703 1048 per
2741 979 3041 1039 socordiam
3091 979 3289 1033 collisa:
3334 978 3548 1037 diffrin-

244 1070 526 1141 τάρσους
558 1068 801 1141 ῥᾳθυμίᾳ
822 1069 1307 1140 περιθραυόμενος.
1979 1076 2193 1139 gantur.

889 1182 1115 1236 ΕΠΙΣΤ.
1148 1182 1280 1237 AH'.

553 1277 770 1340 Παύλῳ
790 1275 1204 1344 μητροπολίτῃ
1228 1273 1600 1340 Λαοδικείας.

2489 1180 2707 1237 EPIST.
2753 1181 3046 1237 XXXVIII.

2312 1272 2483 1327 Paulo
2510 1272 2823 1329 Laodicensi
2858 1275 3223 1344 metropolitw.

1530 1372 1794 1424 Montacut.
1832 1374 1932 1434 (ep.
1968 1371 2079 1431 220,
2114 1385 2162 1433 p.
2194 1370 2326 1433 528).

332 1466 499 1521 Οὔτε
543 1468 670 1531 τούς
712 1469 770 1521 ἐν
810 1468 990 1537 λόγοις
1035 1467 1354 1540 ἀγνώμονας
1404 1471 1713 1540 εὐεργετεῖν
1759 1466 1876 1524 οἶδα

2048 1467 2156 1523 Nec
2184 1466 2506 1523 benefacere
2538 1466 2698 1522 dictis
2724 1467 3004 1537 improbos
3033 1468 3169 1533 scio,
3190 1469 3315 1523 licet
3337 1470 3422 1539 (ut
3442 1480 3558 1524 tute

258 1561 448 1631 λόγῳ,
497 1560 708 1632 καίπερ
749 1564 808 1615 ἐν
839 1564 954 1624 τοῖς
987 1561 1168 1625 ἄλλοις
1200 1563 1313 1631 (ὡς
1349 1562 1415 1616 ἂν
1460 1563 1622 1626 αὐτὸς
1672 1561 1873 1632 φαίης)

2015 1558 2232 1627 ilirmas)
2254 1558 2345 1628 qui
2374 1558 2544 1629 magis
2564 1557 2944 1629 philosophice
2964 1575 3081 1613 rem
3102 1560 3483 1630 complecteris
3499 1562 3555 1614 in

259 1649 733 1722 φιλοσοφώτερον
756 1649 888 1703 αὐτὸ
910 1650 1217 1722 θεωρήσας,
1234 1651 1355 1705 οὐτε
1377 1653 1736 1717 σολοικίζουσι
1760 1651 1877 1723 (νῦν

2016 1649 2100 1703 liis
2130 1666 2143 1701 :
2176 1664 2354 1718 neque
2370 1648 2736 1704 solmeismum
2765 1649 3175 1705 admittentibus
3197 1650 3366 1721 (nunc
3389 1652 3559 1714 enim,

263 1743 385 1812 γὰρ
440 1743 504 1795 εῖ
530 1758 661 1795 ποτε
686 1782 700 1805 ,
735 1744 926 1814 καιρὸς
958 1744 1051 1796 καὶ
1082 1743 1176 1799 τοῦ
1213 1745 1437 1815 παῖξαι)
1490 1747 1725 1817 συνήθης
1756 1745 1876 1816 εἰμὶ

2015 1740 2029 1793 i
2060 1738 2219 1808 alias,
2249 1740 2465 1794 occasio
2492 1738 2711 1809 iocandi
2752 1740 3113 1810 ministratur)
3139 1741 3272 1795 mihi
3314 1743 3375 1797 in
3411 1756 3563 1796 more

264 1833 607 1887 πείθεσθαι·
651 1834 757 1899 ἕως
786 1835 851 1889 ἂν
883 1830 977 1890 οὖν
1007 1836 1319 1907 εὐχάριστοι
1354 1838 1452 1908 μὲν
1483 1839 1534 1891 οἱ
1564 1837 1879 1909 ἀγνώμονες

2013 1831 2208 1885 ιοιιίιυι·
2249 1831 2628 1901 obtemperare
2660 1849 2673 1885 :
2707 1832 2951 1902 quandiu
2981 1833 3115 1904 grati
3151 1833 3437 1899 exsistant,
3470 1834 3563 1903 qui

268 1930 667 1983 καταστῶσιν·
706 1932 754 1982 οἱ
781 1930 837 1983 δὲ
864 1932 990 1994 τούς
1021 1932 1220 1995 καλοὺς
1250 1936 1394 2003 κακῇ
1426 1936 1678 2005 προφορᾷ
1707 1935 1884 2005 ῥημά-

2015 1932 2113 1978 unt
2141 1932 2249 1977 tam
2281 1938 2542 1999 perverse
2575 1924 2777 1991 aﬂ‘ecti,
2807 1934 2868 1979 ut
2894 1932 2951 1978 et
2980 1924 3121 1979 male
3148 1924 3426 1995 productis
3447 1939 3566 1978 ver-

267 2038 391 2074 των
421 2021 773 2090 αἰκιζόμενοι
803 2021 1019 2091 λόγους,
1058 2023 1284 2077 Ἐλλάδα
1311 2025 1558 2093 γλῶτταν
1583 2027 1683 2097 τῆς
1715 2027 1886 2095 ἀμου-

2013 2016 2071 2071 iis
2105 2017 2411 2072 orationem
2440 2017 2664 2084 laedant,
2695 2019 2772 2073 ita
2808 2028 2870 2073 ut
2913 2019 3151 2091 linguam
3185 2019 3567 2075 Graecamtillis

274 2112 409 2175 σίας
440 2111 790 2177 ἀλλάξωνται
812 2154 827 2179 ,
856 2114 955 2167 οὐκ
983 2115 1049 2168 ἀν
1077 2114 1219 2169 ἐκών
1245 2132 1308 2185 γε
1342 2113 1482 2171 εἶναι
1511 2117 1619 2172 τῶν
1651 2121 1750 2189 τῆς
1786 2122 1885 2191 ρη-

2013 2108 2133 2162 arati
2167 2117 2500 2177 permutem,
2554 2109 2699 2166 haud
2744 2126 2845 2182 ego
2878 2111 3109 2166 libenter
3136 2111 3421 2166 admittam
3444 2126 3564 2167 .eos

271 2202 486 2275 τορίας
510 2204 713 2257 καινῶν
744 2205 1057 2276 μυστηρίων
1085 2208 1329 2272 ἐπόπτας
1355 2210 1689 2280 ποιήσωμαι·
1714 2211 1795 2263 διὸ
1820 2212 1884 2265 σὺ

2013 2214 2247 2254 ιονοτιιω
2273 2200 2555 2255 rhetorica:
2583 2204 2970 2272 mysteriorum
2996 2212 3246 2273 epoptas.
3278 2202 3359 2257 Tu
3392 2203 3568 2274 igitur

281 2293 391 2361 μὲν
422 2291 534 2362 τὴν
560 2292 809 2361 γλῶτταν
851 2295 1125 2359 Ἀττικαῖς
1155 2295 1408 2367 μελέταις
1428 2338 1443 2365 ,
1468 2300 1497 2351 ὁ
1531 2298 1588 2351 δὲ
1614 2299 1705 2362 σὸς
1734 2298 1885 2367 φίλος

2013 2293 2219 2361 inguam
2243 2299 2391 2346 tuam
2419 2293 2830 2350 Atticismorum
2854 2296 3321 2361 meditationibus,
3351 2297 3567 2352 amicus

279 2385 733 2457 εὐγνωμοσύνης
762 2386 1009 2449 τελεταῖς
1029 2428 1045 2453 ,
1076 2388 1175 2458 τὴν
1206 2388 1433 2460 γνώμην
1476 2390 1746 2462 καθάρας,
1790 2394 1886 2446 σύν

2016 2389 2165 2436 utem
2197 2390 2324 2437 tuus
2362 2383 2520 2439 bonae
2557 2385 2932 2457 dispositionis
2968 2387 3265 2458 mysteriis,
3297 2387 3390 2443 ubi
3441 2388 3563 2442 anio

282 2475 413 2547 Θεῷ
447 2478 623 2547 φάναι
651 2477 928 2545 τεύξοισθε
957 2479 1065 2534 τῶν
1094 2480 1465 2552 ποθουμὲνων.

914 2691 1137 2744 ΕΠΙΣΤ.
1169 2690 1291 2745 ΛΘ’.

541 2784 810 2853 Ζαχαρία
822 2784 1231 2853 μητροπολίτῃ
1255 2781 1662 2852 Χαλκηδόνος.

1986 2486 2132 2525 mum
2169 2473 2550 2543 purgaveritis,
2578 2490 2702 2531 cum
2737 2477 2884 2532 bono
2911 2475 3024 2532 Deo
3054 2476 3470 2548 consequemini
3508 2476 3565 2540 id

1987 2560 2131 2630 quod
2163 2563 2574 2634 concupiscitis.

2536 2698 2755 2753 EPIST.
2791 2699 3031 2755 XXXIX.

2238 2790 2514 2846 Zachariae
2545 2792 2888 2860 metropolitaz
2914 2791 3285 2848 Chalcedonis.

1547 2900 1815 2951 Montacut.
1844 2904 1944 2965 (ep.
1968 2904 2079 2967 221,
2115 2919 2162 2967 p.
2197 2906 2337 2970 529.)

365 2999 619 3072 Γράφεις
638 3002 788 3073 ἡμᾶς
828 2997 1074 3069 γραφὴν,
1105 2999 1172 3068 ἢν
1202 2996 1307 3050 κᾶν
1341 2995 1531 3067 ἐτέρου
1565 2996 1891 3067 γράφοντος,

292 3091 521 3155 δίκαιος
565 3091 726 3155 αὐτὸς
758 3085 903 3162 ἦσθα
934 3088 1125 3142 τοῦτον
1173 3087 1390 3141 διώκειν
1426 3089 1615 3143 ἀδίκου
1654 3094 1891 3161 γραφῆς·

2066 3001 2251 3057 Dicam
2275 3003 2434 3059 nobis
2458 3004 2735 3070 inscribis,
2758 3020 2921 3075 quam
2952 3004 2997 3060 si
3025 3001 3574 3073 aliusinscripseratp

1992 3093 2061 3149 de
2097 3095 2195 3149 lite
2224 3095 2426 3165 injuste
2470 3096 2734 3152 intentata
2765 3096 2917 3151 illum
2960 3111 3070 3155 nou
3105 3094 3380 3150 immerito
3413 3107 3577 3149 accur

299 3184 399 3235 καὶ
422 3183 665 3253 γράφεις
694 3181 1011 3249 ἀπολογίαν,
1052 3179 1278 3249 μηδενός
1312 3196 1370 3231 σε
1396 3178 1687 3244 διώξαντος
1718 3180 1892 3251 δίκην·

2013 3201 2179 3252 sares;
2208 3197 2264 3241 et
2300 3188 2603 3259 apologiam
2647 3188 2843 3243 scribis
2868 3189 3023 3253 dicae,
3060 3203 3187 3243 cum
3218 3196 3272 3241 te
3302 3201 3465 3242 nemo
3491 3200 3580 3243 aer

304 3275 398 3327 καί
440 3291 531 3327 τοι
570 3272 868 3342 συγγνώμη
914 3272 1063 3325 πᾶσα
1113 3274 1207 3323 καὶ
1236 3269 1521 3337 ἀπολογία,
1570 3271 1766 3341 μακρῷ
1821 3270 1898 3341 τῷ

306 3365 505 3436 μέτρω
527 3365 627 3433 τῆς
655 3362 988 3433 κατηγορίας
1026 3361 1304 3430 διέστηκεν
1325 3376 1337 3389 ·
1382 3362 1441 3412 οὐ
1471 3360 1579 3428 γὰρ
1607 3360 1775 3423 ἐστιν,
1801 3361 1902 3413 οὐκ

304 3456 458 3509 ἐστιν
503 3456 657 3509 ἔλεον
687 3457 860 3508 αἰτεῖν
883 3493 899 3519 ,
928 3453 1025 3506 καὶ
1048 3453 1206 3519 λόγον
1238 3452 1591 3521 ἀδικημάτων
1624 3452 1898 3513 ἀπαιτεῖν,

306 3545 457 3600 ὥστε
501 3546 580 3617 μὴ
612 3546 877 3617 πρότερον
909 3544 1089 3598 αἰτίαν
1122 3543 1293 3614 ἔχωνο
1323 3537 1481 3614 εὗρες
1520 3543 1902 3613 ἀπολογούμετ

307 3656 423 3704 νος,
483 3638 556 3692 δι’
614 3631 689 3692 ὧν
744 3639 973 3692 σεαυτὸν
1044 3638 1402 3708 μακροτάτων
1464 3636 1639 3705 λόγων
1695 3636 1905 3700 ἔδειξας

308 3729 630 3799 χρεώστηνο
652 3729 753 3782 οὐκ
772 3728 1192 3798 ἐπεκαλεσάμην
1214 3729 1371 3791 ὄλωςο
1399 3730 1495 3780 καὶ
1523 3728 1631 3781 τῶν
1651 3726 1905 3779 Αἰσώπου

308 3820 494 3889 λόγων
525 3822 681 3877 οὐδὲν
724 3820 1097 3892 μετριωτέραν
1135 3820 1248 3891 ὁρῶ
1290 3820 1387 3890 τὴν
1426 3819 1742 3887 ἀπολογίαν.
1792 3819 1906 3888 Οὐχ

310 3911 592 3981 ἥμαρτον,
620 3908 777 3981 οἶμαι
826 3912 921 3964 καὶ
953 3912 1063 3964 τῶν
1099 3912 1177 3971 εἰς
1225 3908 1523 3980 Σωκράτην
1564 3910 1907 3980 ἐμπαροινή-

318 4009 537 4061 σάντων
585 4008 1082 4077 ἀναισχυντοτέραν
1114 4006 1226 4078 ὁρῶ
1263 4006 1365 4077 τὴν
1400 4005 1737 4076 κατηγορίαν
1765 4022 1779 4036 ·
1811 4004 1909 4056 καὶ

318 4098 463 4171 ὑπὲρ
499 4100 598 4170 μὲν
629 4099 827 4153 σαυτοῦ
867 4101 947 4163 είς
979 4099 1120 4170 ἀέρα
1148 4099 1320 4167 δέρων
1352 4098 1696 4162 ἐπύκτευσας
1719 4138 1735 4164 ,
1782 4095 1907 4150 καθ’

319 4193 485 4263 ἡμῶν
535 4193 591 4246 δὲ
631 4195 758 4259 ὀξὺν
812 4192 910 4262 μὲν
957 4193 1051 4245 καὶ
1104 4190 1334 4262 σφοδρὸν
1372 4192 1463 4244 τὸν
1514 4191 1750 4262 δρόμον,
1790 4189 1907 4243 ἀλλ’

321 4285 604 4354 ἐπισφαλῆ
660 4287 756 4339 καὶ
817 4283 1054 4339 ἀναίτιον
1122 4282 1466 4353 διηγώνισαι.
1511 4283 1577 4337 Ἢ
1632 4284 1740 4354 γὰρ
1798 4282 1907 4337 τῶν

321 4377 563 4431 ἐπαίνων
604 4376 836 4449 αὔξησις
871 4380 931 4431 οὐ
982 4379 1143 4448 μόνον
1186 4378 1339 4431 οὐδὲν
1369 4378 1790 4449 παραιτεῖσθαι,
1833 4371 1911 4433 ὧν

323 4464 637 4537 ὐδρίσμεθα
661 4508 677 4533 ,
706 4468 845 4522 ἀλλὰ
871 4468 964 4520 καὶ
991 4468 1085 4520 ἐπὶ
1120 4468 1180 4519 τὸ
1213 4468 1397 4537 μεῖζον
1436 4468 1559 4536 ἄγει
1597 4468 1666 4520 τὰ
1708 4468 1911 4538 ἐγκλή-

2002 3286 2188 3342 cuset;
2220 3286 2367 3333 certe
2400 3278 2558 3331 venia
2585 3293 2747 3347 quam
2774 3278 3087 3349 longissime
3125 3278 3194 3333 ab
3232 3277 3579 3332 accusatione

2002 3370 2360 3438 distinguitur
2403 3387 2415 3423 :
2456 3385 2565 3424 non
2620 3376 2801 3439 potest
2834 3369 3265 3425 misericordiam
3299 3376 3577 3436 expetere.

2003 3461 2097 3531 qui
2126 3461 2388 3515 rationem
2423 3462 2593 3533 exigit
2624 3468 2858 3532 accepta:
2888 3462 3129 3531 injuriae,
3154 3460 3259 3515 nisi
3284 3460 3437 3530 prius
3457 3475 3581 3514 rea-

2004 3559 2120 3603 tum
2149 3558 2515 3604 contraxerat.
2565 3549 2647 3604 Tu
2691 3550 2994 3621 apologiam
3031 3549 3396 3613 contexendo,
3428 3564 3581 3609 reum

2009 3651 2061 3695 te
2088 3640 2295 3709 prodis,
2321 3649 2377 3694 et
2414 3640 2750 3710 longissima:
2785 3640 3014 3695 rationis
3044 3638 3339 3694 reddendae
3370 3636 3585 3715 debito-1

2006 3748 2145 3788 rem.
2184 3732 2422 3788 Omnino
2459 3743 2512 3788 te
2560 3749 2671 3789 non
2715 3734 3007 3804 appellavi,
3062 3732 3366 3804 apologiam
3410 3730 3584 3785 nihilo

2008 3824 2427 3880 moderatiorem
2477 3825 2667 3896 ιιΕεορί
2713 3826 2912 3881 fabulis
2960 3826 3166 3881 video:
3203 3824 3398 3894 Opinor
3438 3822 3585 3877 haud

2010 3918 2247 3988 deliqui,
2297 3918 2700 3973 accusationem
2749 3918 3054 3972 institutam
3087 3916 3248 3971 video
3285 3915 3586 3969 vehemen-

2011 4011 2229 4077 tiorem,
2259 4026 2421 4080 quam
2460 4010 2677 4065 illorum
2707 4019 2843 4076 erat,
2866 4011 2959 4080 qui
2989 4009 3358 4064 inSocratem
3388 4006 3588 4062 debac-

2012 4102 2331 4157 chahantur.
2377 4103 2459 4157 Tu
2500 4118 2630 4174 ergo
2670 4118 2852 4158 aerem
2894 4103 3192 4157 verberans
3238 4114 3340 4169 pro
3390 4100 3585 4168 teipse,

2011 4201 2295 4249 concertas
2329 4193 2590 4249 adversus
2613 4209 2721 4259 me,
2750 4208 2915 4249 cursu
2942 4193 3137 4257 veloci,
3165 4191 3261 4246 sed
3287 4190 3501 4245 lubrico
3529 4198 3587 4244 et

2013 4286 2221 4339 incerto
2262 4285 2593 4340 contendisti
2641 4285 2818 4339 valide
2853 4302 2865 4337 :
2899 4283 3275 4339 laudationum
3319 4280 3586 4351 siquidem

2013 4375 2383 4430 excrcscentia
2414 4393 2523 4430 non
2556 4376 2718 4430 modo
2740 4374 2876 4429 nihil
2902 4382 3125 4429 excusat
3152 4372 3511 4427 contumelias
3536 4372 3589 4424 in

2014 4481 2102 4521 me
2123 4466 2316 4537 iactas,
2342 4468 2437 4523 sed
2460 4467 2835 4522 accusationes
2865 4467 3140 4522 institutas
3170 4466 3419 4536 adauget,
3447 4463 3591 4517 Con-

326 4572 497 4625 ματα.
548 4559 814 4613 Πίπτουσι
849 4559 946 4629 μὲν
988 4558 1096 4627 γὰρ
1133 4558 1394 4628 γεωργοὶ,
1424 4559 1518 4611 καὶ
1558 4556 1782 4637 ναῦται,
1816 4558 1908 4611 καὶ

2015 4559 2207 4615 cidunt
2241 4559 2441 4626 coloni,
2480 4570 2698 4624 nautze,
2749 4560 2987 4623 milites,
3037 4572 3312 4628 caupones
3340 4574 3352 4609 :
3379 4556 3425 4611 si
3469 4554 3592 4625 quis

328 4650 689 4719 στρατιῶται,
754 4652 851 4704 καὶ
912 4650 1353 4720 παλιγκάπηλον
1410 4650 1524 4703 ἀλλ’
1563 4651 1658 4707 ἐάν
1710 4667 1793 4713 τις
1845 4650 1909 4702 τὸ

326 4738 556 4793 ἐκείνων
587 4742 790 4812 πτῶμα
848 4743 988 4814 φίλῳ
1019 4743 1278 4814 ἀληθείας
1305 4741 1599 4813 περιάπτοι
1626 4783 1639 4807 ,
1682 4741 1715 4813 ἢ
1747 4758 1911 4812 στραιρ

327 4831 500 4903 τηγῷ,
537 4833 570 4904 ἢ
600 4834 851 4905 ἀρχιερεῖ
879 4834 1036 4901 Θεοῦ,
1078 4836 1111 4906 ἣ
1154 4835 1337 4897 ἁπλῶς
1380 4835 1534 4906 ἀνδρὶ
1562 4836 1672 4889 τῶν
1701 4834 1910 4888 πολλῶν

328 4922 449 4984 ταῖς
476 4923 702 4993 ἀρεταῖς
724 4924 786 4976 τὸ
810 4924 1087 4997 ἐξαίρετον
1105 4926 1305 4995 ἔχοντι,
1336 4926 1520 4996 βαϐαὶ,
1547 4926 1731 4997 ἡλίκον
1758 4919 1911 4988 οὗτος

330 5007 417 5064 διὰ
466 5015 717 5085 μηχανῆς
757 5018 1183 5080 κατασκευάζων
1216 5018 1506 5085 ἀποφαίνει
1537 5017 1598 5070 τὸ
1626 5016 1909 5087 ἀτόπημα.

333 5104 492 5159 υῦτω
520 5110 636 5171 τοῖς
664 5109 929 5177 ἐπαίνοις,
957 5110 1033 5173 ὠς
1059 5111 1320 5164 ἀνωτάτω
1348 5112 1529 5180 φέρων
1555 5112 1725 5181 ἡμᾶς,
1749 5113 1829 5175 εἰς
1856 5112 1914 5164 τὺ

336 5193 637 5264 βαθύτατον
682 5201 915 5273 ἔρριψας
936 5218 948 5231 ·
1003 5202 1205 5273 ἄνδρας
1236 5204 1568 5274 ἐπηρεάζειν
1604 5205 1751 5274 ἡμᾶς
1774 5243 1788 5267 ,
1820 5206 1916 5257 καὶ

334 5290 525 5355 κακῶς
562 5294 737 5346 ποιεῖν
758 5334 774 5360 ,
808 5292 1167 5364 αἰτιώμενος,
1202 5291 1284 5358 οἷς
1325 5295 1479 5348 οὐδὲν
1510 5295 1689 5357 αἰτίας
1723 5294 1914 5348 διαπέ-

339 5397 581 5450 πρακται
601 5400 615 5413 ·
653 5385 747 5438 καὶ
773 5385 894 5438 τότε
933 5388 1240 5456 συμφοραῖς
1267 5386 1508 5457 μυρίαις,
1539 5388 1718 5443 καὶτὸ
1747 5387 1914 5457 βαρύ-

341 5487 521 5537 τατον,
545 5476 687 5547 ὑπὲρ
709 5476 983 5548 ἀληθείας,
1004 5480 1327 5548 περιαντλου
1336 5479 1549 5548 μένους,
1573 5480 1668 5532 καὶ
1687 5478 1913 5546 πάντας,

346 5561 452 5615 τῶν
487 5566 676 5621 παθῶν
703 5567 783 5638 τῷ
817 5568 1071 5639 μεγέθει,
1094 5570 1191 5623 καὶ
1220 5571 1419 5634 αὐτοὺς
1450 5572 1576 5633 τοὺς
1605 5570 1919 5639 ἐπιτιθεμέ-

349 5668 470 5718 νους
498 5659 578 5721 εἰς
602 5658 752 5715 ἔλεον
780 5660 1058 5724 ἕλκοντας.
1087 5662 1182 5725 Τίς
1216 5664 1325 5732 γὰρ
1356 5665 1384 5716 ὁ
1416 5666 1529 5725 τοῖς
1555 5663 1916 5734 τηλικούτοις,

350 5740 410 5793 οὐ
437 5743 577 5814 λέγω
605 5747 815 5818 θλίψεις
857 5751 1107 5815 ἐπινοῶν,
1136 5751 1273 5805 ἀλλὰ
1306 5753 1381 5821 μὴ
1416 5752 1523 5807 καὶ,
1542 5754 1745 5821 σφόδρα
1784 5769 1919 5820 κοιμ-

354 5834 639 5913 πτὸμενος,
663 5842 764 5897 οὐκ
790 5842 991 5912 ἄδικος,
1026 5845 1123 5899 οὐκ
1148 5845 1317 5915 ὠμὸς,
1348 5847 1407 5899 οὐ
1430 5845 1519 5899 τὸν
1552 5845 1672 5899 νοῦν
1706 5845 1797 5897 καὶ
1823 5846 1920 5914 τὴν

2013 4667 2203 4707 eorum
2221 4652 2404 4721 lapsus
2418 4660 2545 4706 ante
2563 4650 2846 4706 veritatem
2872 4659 3041 4717 amat,
3065 4650 3190 4704 duci
3211 4649 3296 4703 vel
3314 4647 3591 4703 sacerdoti

2016 4744 2110 4799 Dei
2136 4744 2426 4815 appendat,
2462 4752 2556 4798 aut
2577 4744 2882 4812 cuicunque
2912 4743 3114 4797 virtute
3138 4739 3420 4811 praestanti
3446 4738 3590 4801 viro,

2015 4850 2187 4905 papae,
2222 4850 2385 4905 quam
2414 4835 2711 4889 absurdum
2740 4833 2829 4887 ille
2870 4841 2926 4888 et
2966 4832 3332 4894 machinatur,
3387 4840 3442 4884 et
3480 4845 3596 4883 ma-

2015 4926 2225 4980 chinari
2260 4927 2604 4981 convincitur
2627 4944 2645 4981 :
2689 4934 2749 4981 tu
2774 4926 2854 4980 sic
2881 4924 3137 4979 laudibus
3164 4938 3252 4978 me
3283 4922 3339 4975 in
3364 4921 3597 4976 sublime

2016 5016 2272 5077 eﬂ‘erens.
2306 5017 2359 5070 in
2391 5017 2723 5087 profundum
2744 5017 2968 5089 mergis,
2987 5029 3221 5070 causans
3237 5028 3326 5068 me
3342 5013 3599 5068 homines

2017 5112 2282 5166 conviciis
2314 5111 2527 5166 aﬂicere
2570 5120 2626 5166 et
2667 5111 2725 5165 in
2772 5126 2839 5165 eo
2883 5109 3225 5174 malefacere,
3274 5108 3369 5178 qui
3412 5115 3598 5161 tamen

2018 5212 2174 5258 extra
2221 5203 2435 5273 culpam
2493 5218 2634 5269 sum,
2679 5203 2771 5272 qui
2819 5202 3126 5257 innumeris
3173 5200 3595 5261 calamitatibus,

2020 5296 2167 5365 quod
2199 5294 2388 5350 dolens
2418 5295 2559 5360 dico,
2584 5310 2684 5365 pro
2713 5294 2947 5350 veritate
2988 5293 3305 5355 exhaurior,
3344 5292 3438 5362 qui
3478 5306 3597 5343 om-

2021 5390 2174 5444 nium
2208 5389 2492 5459 passiones
2523 5389 2787 5458 gravitate
2811 5389 3063 5452 vicerim,
3095 5396 3151 5443 et
3177 5388 3323 5457 ipsos
3347 5383 3598 5438 inimicos

2020 5481 2157 5534 mihi
2196 5480 2523 5535 insultantes
2572 5480 2627 5533 in
2669 5481 3101 5537 misericordiam
3146 5478 3408 5534 ﬂexerim.
3465 5474 3599 5541 Quis

2023 5573 2240 5638 talibus,
2264 5588 2376 5627 non
2407 5572 2582 5630 dicam
2614 5574 2934 5629 alllictiones
2957 5573 3293 5644 emOgitans,
3312 5585 3419 5623 non
3444 5567 3600 5621 valde

2023 5664 2355 5730 inﬂectetur,
2387 5666 2431 5720 si
2474 5666 2733 5735 injustus,
2763 5666 2984 5731 crudus,
3032 5665 3290 5727 crudelis,
3336 5662 3601 5717 barbarus

2025 5770 2133 5808 non
2165 5754 2252 5819 sit,
2288 5755 2332 5807 si
2363 5771 2469 5809 non
2494 5770 2709 5809 omnem
2740 5756 2814 5808 illi
2850 5754 3171 5808 rationalem
3214 5764 3267 5808 et
3298 5755 3598 5807 humanum

2024 5859 2245 5901 sensum
2270 5854 2508 5917 potestas
2537 5862 2646 5903 non
2673 5843 3109 5915 exspectoravit?
3134 5842 3210 5898 ita
3242 5845 3331 5909 sit,
3358 5841 3598 5909 inquies,

3592 1174 3621 1201 \
