  <div class='ocr_page' id='page_1' title='image "/cluster/home/n/w/nwhite01/storage/ocr_20150623/102:no.2/coo.31924054870062/445.png"; bbox 0 0 3930 6500; ppageno 0'>
   <div class='ocr_carea' id='block_1_1' title="bbox 385 436 494 501">
    <p class='ocr_par' dir='ltr' id='par_1_1' title="bbox 385 436 494 501">
     <span class='ocr_line' id='line_1_1' title="bbox 385 436 494 501; baseline 0 -1"><span class='ocrx_word' id='word_1_1' title='bbox 385 436 494 501; x_wconf 80' lang='grc'><strong>855</strong></span> 
     </span>
    </p>
   </div>
   <div class='ocr_carea' id='block_1_2' title="bbox 1496 432 2442 499">
    <p class='ocr_par' dir='ltr' id='par_1_2' title="bbox 1496 432 2442 499">
     <span class='ocr_line' id='line_1_2' title="bbox 1496 432 2442 499; baseline 0.005 -6"><span class='ocrx_word' id='word_1_2' title='bbox 1496 432 1760 493; x_wconf 86' lang='grc' dir='ltr'><strong>ΡΗΟΤΙΙ</strong></span> <span class='ocrx_word' id='word_1_3' title='bbox 1798 432 2297 496; x_wconf 59' lang='grc' dir='ltr'><strong>ΡΑΤΒΙᾹΒΟΗΑΕ</strong></span> <span class='ocrx_word' id='word_1_4' title='bbox 2335 437 2442 499; x_wconf 89' lang='lat' dir='ltr'><strong>CP.</strong></span> 
     </span>
    </p>
   </div>
   <div class='ocr_carea' id='block_1_3' title="bbox 3511 433 3620 500">
    <p class='ocr_par' dir='ltr' id='par_1_3' title="bbox 3511 433 3620 500">
     <span class='ocr_line' id='line_1_3' title="bbox 3511 433 3620 500; baseline -0.009 0"><span class='ocrx_word' id='word_1_5' title='bbox 3511 433 3620 500; x_wconf 83' lang='lat'><strong>856</strong></span> 
     </span>
    </p>
   </div>
   <div class='ocr_carea' id='block_1_4' title="bbox 385 549 1920 626">
    <p class='ocr_par' dir='ltr' id='par_1_4' title="bbox 385 549 1920 625">
     <span class='ocr_line' id='line_1_4' title="bbox 385 549 1920 625; baseline -0.006 -14"><span class='ocrx_word' id='word_1_6' title='bbox 385 556 483 612; x_wconf 90' lang='lat' dir='ltr'><strong>sed</strong></span> <span class='ocrx_word' id='word_1_7' title='bbox 512 564 566 611; x_wconf 90' lang='lat' dir='ltr'><strong>te</strong></span> <span class='ocrx_word' id='word_1_8' title='bbox 597 554 836 625; x_wconf 76' lang='lat' dir='ltr'><strong>oportuit</strong></span> <span class='ocrx_word' id='word_1_9' title='bbox 865 569 952 609; x_wconf 91' lang='lat' dir='ltr'><strong>me</strong></span> <span class='ocrx_word' id='word_1_10' title='bbox 981 561 1232 609; x_wconf 90' lang='lat' dir='ltr'><strong>vocatum</strong></span> <span class='ocrx_word' id='word_1_11' title='bbox 1270 551 1538 608; x_wconf 89' lang='lat' dir='ltr'><strong>consolari</strong></span> <span class='ocrx_word' id='word_1_12' title='bbox 1571 568 1584 604; x_wconf 90' lang='lat'>:</span> <span class='ocrx_word' id='word_1_13' title='bbox 1616 560 1729 616; x_wconf 88' lang='lat' dir='ltr'><strong>aut,</strong></span> <span class='ocrx_word' id='word_1_14' title='bbox 1763 549 1920 605; x_wconf 82' lang='lat' dir='ltr'><strong>salter</strong></span> 
     </span>
    </p>
   </div>
   <div class='ocr_carea' id='block_1_5' title="bbox 2022 549 3619 626">
    <p class='ocr_par' dir='ltr' id='par_1_5' title="bbox 2022 551 3619 626">
     <span class='ocr_line' id='line_1_5' title="bbox 2022 551 3619 626; baseline 0 -21"><span class='ocrx_word' id='word_1_15' title='bbox 2022 597 2029 610; x_wconf 76' lang='grc'>,</span> <span class='ocrx_word' id='word_1_16' title='bbox 2055 551 2218 620; x_wconf 88' lang='grc' dir='ltr'>φύσιν</span> <span class='ocrx_word' id='word_1_17' title='bbox 2251 551 2544 626; x_wconf 89' lang='grc' dir='ltr'>βάρϐαρος,</span> <span class='ocrx_word' id='word_1_18' title='bbox 2579 555 2642 607; x_wconf 87' lang='grc' dir='ltr'>ού</span> <span class='ocrx_word' id='word_1_19' title='bbox 2668 555 2846 608; x_wconf 75' lang='grc' dir='ltr'>πᾶσαν</span> <span class='ocrx_word' id='word_1_20' title='bbox 2875 568 3114 626; x_wconf 83' lang='grc' dir='ltr'>περιῃρη</span> <span class='ocrx_word' id='word_1_21' title='bbox 3123 551 3281 624; x_wconf 84' lang='grc' dir='ltr'>μένος</span> <span class='ocrx_word' id='word_1_22' title='bbox 3306 551 3530 623; x_wconf 84' lang='grc' dir='ltr'>λογικήν</span> <span class='ocrx_word' id='word_1_23' title='bbox 3558 571 3619 605; x_wconf 93' lang='grc' dir='ltr'>τε</span> 
     </span>
    </p>
   </div>
   <div class='ocr_carea' id='block_1_6' title="bbox 385 641 1953 714">
    <p class='ocr_par' dir='ltr' id='par_1_6' title="bbox 385 641 1953 714">
     <span class='ocr_line' id='line_1_6' title="bbox 385 641 1953 714; baseline -0.003 -15"><span class='ocrx_word' id='word_1_24' title='bbox 385 645 441 699; x_wconf 89' lang='lat' dir='ltr'><strong>in</strong></span> <span class='ocrx_word' id='word_1_25' title='bbox 481 646 756 712; x_wconf 89' lang='lat' dir='ltr'><strong>secundis,</strong></span> <span class='ocrx_word' id='word_1_26' title='bbox 795 647 840 701; x_wconf 91' lang='lat' dir='ltr'><strong>si</strong></span> <span class='ocrx_word' id='word_1_27' title='bbox 871 661 980 700; x_wconf 92' lang='lat' dir='ltr'><strong>non</strong></span> <span class='ocrx_word' id='word_1_28' title='bbox 1023 645 1183 710; x_wconf 91' lang='lat' dir='ltr'><strong>illud,</strong></span> <span class='ocrx_word' id='word_1_29' title='bbox 1225 643 1540 714; x_wconf 89' lang='lat' dir='ltr'><strong>permittere</strong></span> <span class='ocrx_word' id='word_1_30' title='bbox 1575 651 1635 696; x_wconf 92' lang='lat' dir='ltr'><strong>ut</strong></span> <span class='ocrx_word' id='word_1_31' title='bbox 1668 641 1880 696; x_wconf 81' lang='lat' dir='ltr'><strong>avolem</strong></span> <span class='ocrx_word' id='word_1_32' title='bbox 1921 655 1953 695; x_wconf 90' lang='lat' dir='ltr'><strong>e</strong></span> 
     </span>
    </p>
   </div>
   <div class='ocr_carea' id='block_1_7' title="bbox 383 734 1950 809">
    <p class='ocr_par' dir='ltr' id='par_1_7' title="bbox 383 734 1950 809">
     <span class='ocr_line' id='line_1_7' title="bbox 383 734 1950 809; baseline -0.006 -14"><span class='ocrx_word' id='word_1_33' title='bbox 383 739 636 809; x_wconf 77' lang='lat' dir='ltr'><strong>vestigio.</strong></span> <span class='ocrx_word' id='word_1_34' title='bbox 667 737 871 794; x_wconf 82' lang='lat' dir='ltr'><strong>Horum</strong></span> <span class='ocrx_word' id='word_1_35' title='bbox 903 746 1157 792; x_wconf 91' lang='lat' dir='ltr'><strong>neutrum</strong></span> <span class='ocrx_word' id='word_1_36' title='bbox 1209 750 1333 790; x_wconf 90' lang='lat' dir='ltr'><strong>cum</strong></span> <span class='ocrx_word' id='word_1_37' title='bbox 1381 734 1658 798; x_wconf 75' lang='lat' dir='ltr'><strong>succedat,</strong></span> <span class='ocrx_word' id='word_1_38' title='bbox 1701 748 1799 788; x_wconf 87' lang='lat' dir='ltr'><strong>cur</strong></span> <span class='ocrx_word' id='word_1_39' title='bbox 1840 747 1950 786; x_wconf 90' lang='lat' dir='ltr'><strong>non</strong></span> 
     </span>
    </p>
   </div>
   <div class='ocr_carea' id='block_1_8' title="bbox 381 824 1953 900">
    <p class='ocr_par' dir='ltr' id='par_1_8' title="bbox 381 824 1953 900">
     <span class='ocr_line' id='line_1_8' title="bbox 381 824 1953 900; baseline -0.006 -12"><span class='ocrx_word' id='word_1_40' title='bbox 381 846 475 888; x_wconf 84' lang='lat' dir='ltr'><strong>me</strong></span> <span class='ocrx_word' id='word_1_41' title='bbox 515 832 744 889; x_wconf 83' lang='lat' dir='ltr'><strong>summis</strong></span> <span class='ocrx_word' id='word_1_42' title='bbox 786 830 945 885; x_wconf 91' lang='lat' dir='ltr'><strong>malis</strong></span> <span class='ocrx_word' id='word_1_43' title='bbox 981 830 1282 900; x_wconf 84' lang='lat' dir='ltr'><strong>immergat,</strong></span> <span class='ocrx_word' id='word_1_44' title='bbox 1323 835 1379 882; x_wconf 91' lang='lat' dir='ltr'><strong>et</strong></span> <span class='ocrx_word' id='word_1_45' title='bbox 1409 825 1628 882; x_wconf 82' lang='lat' dir='ltr'><strong>vivendi</strong></span> <span class='ocrx_word' id='word_1_46' title='bbox 1665 824 1850 881; x_wconf 91' lang='lat' dir='ltr'><strong>odium</strong></span> <span class='ocrx_word' id='word_1_47' title='bbox 1889 839 1953 878; x_wconf 88' lang='lat' dir='ltr'><strong>ac</strong></span> 
     </span>
    </p>
   </div>
   <div class='ocr_carea' id='block_1_9' title="bbox 383 913 1951 986">
    <p class='ocr_par' dir='ltr' id='par_1_9' title="bbox 383 913 1951 986">
     <span class='ocr_line' id='line_1_9' title="bbox 383 913 1951 986; baseline -0.004 -13"><span class='ocrx_word' id='word_1_48' title='bbox 383 921 635 976; x_wconf 83' lang='lat' dir='ltr'><strong>timorem</strong></span> <span class='ocrx_word' id='word_1_49' title='bbox 678 919 878 975; x_wconf 83' lang='lat' dir='ltr'><strong>faciat?</strong></span> <span class='ocrx_word' id='word_1_50' title='bbox 918 921 1036 986; x_wconf 86' lang='lat' dir='ltr'><strong>Ast,</strong></span> <span class='ocrx_word' id='word_1_51' title='bbox 1081 935 1115 974; x_wconf 94' lang='grc' dir='ltr'>ο</span> <span class='ocrx_word' id='word_1_52' title='bbox 1165 919 1328 981; x_wconf 91' lang='lat' dir='ltr'><strong>bone,</strong></span> <span class='ocrx_word' id='word_1_53' title='bbox 1373 926 1434 972; x_wconf 89' lang='lat' dir='ltr'><strong>tu</strong></span> <span class='ocrx_word' id='word_1_54' title='bbox 1481 925 1537 972; x_wconf 90' lang='lat' dir='ltr'><strong>et</strong></span> <span class='ocrx_word' id='word_1_55' title='bbox 1592 915 1857 980; x_wconf 89' lang='lat' dir='ltr'><strong>virtuose,</strong></span> <span class='ocrx_word' id='word_1_56' title='bbox 1904 913 1951 969; x_wconf 94' lang='lat' dir='ltr'><strong>si</strong></span> 
     </span>
    </p>
   </div>
   <div class='ocr_carea' id='block_1_10' title="bbox 382 1006 1950 1081">
    <p class='ocr_par' dir='ltr' id='par_1_10' title="bbox 382 1006 1950 1081">
     <span class='ocr_line' id='line_1_10' title="bbox 382 1006 1950 1081; baseline -0.002 -17"><span class='ocrx_word' id='word_1_57' title='bbox 382 1011 621 1080; x_wconf 89' lang='lat' dir='ltr'><strong>ignoras,</strong></span> <span class='ocrx_word' id='word_1_58' title='bbox 653 1009 797 1080; x_wconf 90' lang='lat' dir='ltr'><strong>quod</strong></span> <span class='ocrx_word' id='word_1_59' title='bbox 824 1025 911 1064; x_wconf 91' lang='lat' dir='ltr'><strong>me</strong></span> <span class='ocrx_word' id='word_1_60' title='bbox 933 1010 1380 1081; x_wconf 85' lang='lat' dir='ltr'><strong>persequentium</strong></span> <span class='ocrx_word' id='word_1_61' title='bbox 1410 1009 1564 1065; x_wconf 91' lang='lat' dir='ltr'><strong>furor</strong></span> <span class='ocrx_word' id='word_1_62' title='bbox 1583 1009 1641 1062; x_wconf 90' lang='lat' dir='ltr'><strong>in</strong></span> <span class='ocrx_word' id='word_1_63' title='bbox 1662 1023 1750 1062; x_wconf 92' lang='lat' dir='ltr'><strong>me</strong></span> <span class='ocrx_word' id='word_1_64' title='bbox 1773 1006 1950 1062; x_wconf 74' lang='lat' dir='ltr'><strong>effun-</strong></span> 
     </span>
    </p>
   </div>
   <div class='ocr_carea' id='block_1_11' title="bbox 383 1097 1949 1170">
    <p class='ocr_par' dir='ltr' id='par_1_11' title="bbox 383 1097 1949 1170">
     <span class='ocr_line' id='line_1_11' title="bbox 383 1097 1949 1170; baseline -0.002 -15"><span class='ocrx_word' id='word_1_65' title='bbox 383 1100 552 1166; x_wconf 91' lang='lat' dir='ltr'><strong>ditur,</strong></span> <span class='ocrx_word' id='word_1_66' title='bbox 585 1101 628 1154; x_wconf 92' lang='lat' dir='ltr'><strong>si</strong></span> <span class='ocrx_word' id='word_1_67' title='bbox 662 1115 796 1170; x_wconf 90' lang='lat' dir='ltr'><strong>quas</strong></span> <span class='ocrx_word' id='word_1_68' title='bbox 839 1109 1058 1155; x_wconf 90' lang='lat' dir='ltr'><strong>struunt</strong></span> <span class='ocrx_word' id='word_1_69' title='bbox 1103 1101 1304 1170; x_wconf 87' lang='lat' dir='ltr'><strong>ubique</strong></span> <span class='ocrx_word' id='word_1_70' title='bbox 1345 1099 1446 1154; x_wconf 91' lang='lat' dir='ltr'><strong>soli</strong></span> <span class='ocrx_word' id='word_1_71' title='bbox 1495 1109 1552 1154; x_wconf 91' lang='lat' dir='ltr'><strong>et</strong></span> <span class='ocrx_word' id='word_1_72' title='bbox 1587 1098 1687 1154; x_wconf 90' lang='lat' dir='ltr'><strong>sali</strong></span> <span class='ocrx_word' id='word_1_73' title='bbox 1725 1097 1949 1153; x_wconf 85' lang='lat' dir='ltr'><strong>insidias</strong></span> 
     </span>
    </p>
   </div>
   <div class='ocr_carea' id='block_1_12' title="bbox 381 1189 1947 1262">
    <p class='ocr_par' dir='ltr' id='par_1_12' title="bbox 381 1189 1947 1262">
     <span class='ocr_line' id='line_1_12' title="bbox 381 1189 1947 1262; baseline -0.001 -16"><span class='ocrx_word' id='word_1_74' title='bbox 381 1189 522 1246; x_wconf 91' lang='lat' dir='ltr'><strong>forte</strong></span> <span class='ocrx_word' id='word_1_75' title='bbox 564 1191 632 1246; x_wconf 91' lang='lat' dir='ltr'><strong>ad</strong></span> <span class='ocrx_word' id='word_1_76' title='bbox 663 1192 797 1246; x_wconf 88' lang='lat' dir='ltr'><strong>alios</strong></span> <span class='ocrx_word' id='word_1_77' title='bbox 839 1200 1134 1262; x_wconf 63' lang='lat' dir='ltr'><strong>praetextus</strong></span> <span class='ocrx_word' id='word_1_78' title='bbox 1169 1199 1488 1246; x_wconf 84' lang='lat' dir='ltr'><strong>convertere</strong></span> <span class='ocrx_word' id='word_1_79' title='bbox 1523 1189 1702 1260; x_wconf 90' lang='lat' dir='ltr'><strong>possis</strong></span> <span class='ocrx_word' id='word_1_80' title='bbox 1745 1191 1947 1244; x_wconf 89' lang='lat' dir='ltr'><strong>oratio-</strong></span> 
     </span>
    </p>
   </div>
   <div class='ocr_carea' id='block_1_13' title="bbox 380 1269 1946 1353">
    <p class='ocr_par' dir='ltr' id='par_1_13' title="bbox 380 1269 1946 1353">
     <span class='ocr_line' id='line_1_13' title="bbox 380 1269 1946 1353; baseline -0.003 -15"><span class='ocrx_word' id='word_1_81' title='bbox 380 1298 530 1346; x_wconf 89' lang='lat' dir='ltr'><strong>nem,</strong></span> <span class='ocrx_word' id='word_1_82' title='bbox 559 1284 702 1353; x_wconf 91' lang='lat' dir='ltr'><strong>quod</strong></span> <span class='ocrx_word' id='word_1_83' title='bbox 732 1292 847 1339; x_wconf 91' lang='lat' dir='ltr'><strong>tute</strong></span> <span class='ocrx_word' id='word_1_84' title='bbox 871 1283 968 1337; x_wconf 86' lang='lat' dir='ltr'><strong>tibi</strong></span> <span class='ocrx_word' id='word_1_85' title='bbox 1009 1292 1222 1337; x_wconf 85' lang='lat' dir='ltr'><strong>struere</strong></span> <span class='ocrx_word' id='word_1_86' title='bbox 1263 1282 1521 1346; x_wconf 89' lang='lat' dir='ltr'><strong>volueris,</strong></span> <span class='ocrx_word' id='word_1_87' title='bbox 1567 1290 1622 1336; x_wconf 88' lang='lat' dir='ltr'><strong>et</strong></span> <span class='ocrx_word' id='word_1_88' title='bbox 1660 1269 1772 1336; x_wconf 90' lang='lat' dir='ltr'><strong>non</strong></span> <span class='ocrx_word' id='word_1_89' title='bbox 1811 1280 1946 1334; x_wconf 91' lang='lat' dir='ltr'><strong>insi-</strong></span> 
     </span>
    </p>
   </div>
   <div class='ocr_carea' id='block_1_14' title="bbox 377 1371 1944 1445">
    <p class='ocr_par' dir='ltr' id='par_1_14' title="bbox 377 1371 1944 1445">
     <span class='ocr_line' id='line_1_14' title="bbox 377 1371 1944 1445; baseline 0.001 -18"><span class='ocrx_word' id='word_1_90' title='bbox 377 1374 610 1438; x_wconf 89' lang='lat' dir='ltr'><strong>mulare,</strong></span> <span class='ocrx_word' id='word_1_91' title='bbox 646 1390 767 1429; x_wconf 90' lang='lat' dir='ltr'><strong>cum</strong></span> <span class='ocrx_word' id='word_1_92' title='bbox 791 1374 936 1444; x_wconf 89' lang='lat' dir='ltr'><strong>quod</strong></span> <span class='ocrx_word' id='word_1_93' title='bbox 979 1374 1173 1445; x_wconf 86' lang='lat' dir='ltr'><strong>diligar</strong></span> <span class='ocrx_word' id='word_1_94' title='bbox 1203 1389 1314 1427; x_wconf 90' lang='lat' dir='ltr'><strong>non</strong></span> <span class='ocrx_word' id='word_1_95' title='bbox 1352 1371 1629 1427; x_wconf 89' lang='lat' dir='ltr'><strong>redamem</strong></span> <span class='ocrx_word' id='word_1_96' title='bbox 1669 1391 1685 1427; x_wconf 86' lang='lat'><strong>:</strong></span> <span class='ocrx_word' id='word_1_97' title='bbox 1720 1379 1777 1426; x_wconf 90' lang='lat' dir='ltr'><strong>at</strong></span> <span class='ocrx_word' id='word_1_98' title='bbox 1819 1387 1944 1428; x_wconf 75' lang='lat' dir='ltr'><strong>cum</strong></span> 
     </span>
    </p>
   </div>
   <div class='ocr_carea' id='block_1_15' title="bbox 376 1465 1943 1537">
    <p class='ocr_par' dir='ltr' id='par_1_15' title="bbox 376 1465 1943 1537">
     <span class='ocr_line' id='line_1_15' title="bbox 376 1465 1943 1537; baseline -0.001 -16"><span class='ocrx_word' id='word_1_99' title='bbox 376 1468 714 1537; x_wconf 80' lang='lat' dir='ltr'><strong>experientia</strong></span> <span class='ocrx_word' id='word_1_100' title='bbox 752 1468 869 1522; x_wconf 63' lang='lat' dir='ltr'><strong>haec</strong></span> <span class='ocrx_word' id='word_1_101' title='bbox 909 1467 1071 1532; x_wconf 87' lang='lat' dir='ltr'><strong>scias,</strong></span> <span class='ocrx_word' id='word_1_102' title='bbox 1100 1475 1155 1521; x_wconf 91' lang='lat' dir='ltr'><strong>et</strong></span> <span class='ocrx_word' id='word_1_103' title='bbox 1183 1466 1378 1521; x_wconf 90' lang='lat' dir='ltr'><strong>litteris</strong></span> <span class='ocrx_word' id='word_1_104' title='bbox 1404 1481 1466 1520; x_wconf 84' lang='lat' dir='ltr'><strong>ea</strong></span> <span class='ocrx_word' id='word_1_105' title='bbox 1505 1465 1708 1536; x_wconf 77' lang='lat' dir='ltr'><strong>tragice</strong></span> <span class='ocrx_word' id='word_1_106' title='bbox 1758 1479 1943 1534; x_wconf 89' lang='lat' dir='ltr'><strong>perse-</strong></span> 
     </span>
    </p>
   </div>
   <div class='ocr_carea' id='block_1_16' title="bbox 374 1558 1944 1628">
    <p class='ocr_par' dir='ltr' id='par_1_16' title="bbox 374 1558 1944 1628">
     <span class='ocr_line' id='line_1_16' title="bbox 374 1558 1944 1628; baseline -0.001 -16"><span class='ocrx_word' id='word_1_107' title='bbox 374 1560 578 1628; x_wconf 86' lang='lat' dir='ltr'><strong>quaris,</strong></span> <span class='ocrx_word' id='word_1_108' title='bbox 609 1568 724 1614; x_wconf 91' lang='lat' dir='ltr'><strong>tum</strong></span> <span class='ocrx_word' id='word_1_109' title='bbox 773 1559 992 1614; x_wconf 91' lang='lat' dir='ltr'><strong>demum</strong></span> <span class='ocrx_word' id='word_1_110' title='bbox 1033 1573 1252 1614; x_wconf 86' lang='lat' dir='ltr'><strong>causam</strong></span> <span class='ocrx_word' id='word_1_111' title='bbox 1299 1558 1562 1614; x_wconf 83' lang='lat' dir='ltr'><strong>sciscitari</strong></span> <span class='ocrx_word' id='word_1_112' title='bbox 1603 1573 1703 1612; x_wconf 85' lang='lat' dir='ltr'><strong>cur</strong></span> <span class='ocrx_word' id='word_1_113' title='bbox 1743 1566 1796 1612; x_wconf 90' lang='lat' dir='ltr'><strong>te</strong></span> <span class='ocrx_word' id='word_1_114' title='bbox 1831 1573 1944 1612; x_wconf 91' lang='lat' dir='ltr'><strong>non</strong></span> 
     </span>
    </p>
   </div>
   <div class='ocr_carea' id='block_1_17' title="bbox 373 1645 1944 1712">
    <p class='ocr_par' dir='ltr' id='par_1_17' title="bbox 373 1645 1944 1712">
     <span class='ocr_line' id='line_1_17' title="bbox 373 1645 1944 1712; baseline -0.001 -12"><span class='ocrx_word' id='word_1_115' title='bbox 373 1646 703 1712; x_wconf 83' lang='lat' dir='ltr'><strong>advocarim,</strong></span> <span class='ocrx_word' id='word_1_116' title='bbox 741 1662 845 1702; x_wconf 87' lang='lat' dir='ltr'><strong>nec</strong></span> <span class='ocrx_word' id='word_1_117' title='bbox 897 1647 1184 1702; x_wconf 77' lang='lat' dir='ltr'><strong>annuet-im</strong></span> <span class='ocrx_word' id='word_1_118' title='bbox 1225 1653 1288 1700; x_wconf 89' lang='lat' dir='ltr'><strong>ut</strong></span> <span class='ocrx_word' id='word_1_119' title='bbox 1315 1646 1566 1710; x_wconf 87' lang='lat' dir='ltr'><strong>accedas,</strong></span> <span class='ocrx_word' id='word_1_120' title='bbox 1605 1660 1731 1700; x_wconf 89' lang='lat' dir='ltr'><strong>cum</strong></span> <span class='ocrx_word' id='word_1_121' title='bbox 1758 1645 1810 1699; x_wconf 92' lang='lat' dir='ltr'><strong>id</strong></span> <span class='ocrx_word' id='word_1_122' title='bbox 1845 1659 1944 1699; x_wconf 93' lang='lat' dir='ltr'><strong>cu-</strong></span> 
     </span>
    </p>
   </div>
   <div class='ocr_carea' id='block_1_18' title="bbox 370 1735 1941 1808">
    <p class='ocr_par' dir='ltr' id='par_1_18' title="bbox 370 1735 1941 1808">
     <span class='ocr_line' id='line_1_18' title="bbox 370 1735 1941 1808; baseline -0.003 -16"><span class='ocrx_word' id='word_1_123' title='bbox 370 1752 552 1808; x_wconf 85' lang='lat' dir='ltr'><strong>peres;</strong></span> <span class='ocrx_word' id='word_1_124' title='bbox 583 1753 694 1792; x_wconf 89' lang='lat' dir='ltr'><strong>non</strong></span> <span class='ocrx_word' id='word_1_125' title='bbox 738 1746 823 1794; x_wconf 87' lang='lat' dir='ltr'><strong>est</strong></span> <span class='ocrx_word' id='word_1_126' title='bbox 873 1738 1108 1794; x_wconf 88' lang='lat' dir='ltr'><strong>hominis</strong></span> <span class='ocrx_word' id='word_1_127' title='bbox 1155 1751 1372 1793; x_wconf 88' lang='lat' dir='ltr'><strong>causam</strong></span> <span class='ocrx_word' id='word_1_128' title='bbox 1416 1751 1546 1791; x_wconf 84' lang='lat' dir='ltr'><strong>vere</strong></span> <span class='ocrx_word' id='word_1_129' title='bbox 1590 1735 1941 1805; x_wconf 87' lang='lat' dir='ltr'><strong>requirentis,</strong></span> 
     </span>
    </p>
   </div>
   <div class='ocr_carea' id='block_1_19' title="bbox 373 1825 1940 1896">
    <p class='ocr_par' dir='ltr' id='par_1_19' title="bbox 373 1825 1940 1896">
     <span class='ocr_line' id='line_1_19' title="bbox 373 1825 1940 1896; baseline -0.003 -14"><span class='ocrx_word' id='word_1_130' title='bbox 373 1827 469 1882; x_wconf 83' lang='lat' dir='ltr'><strong>sed</strong></span> <span class='ocrx_word' id='word_1_131' title='bbox 500 1829 782 1883; x_wconf 82' lang='lat' dir='ltr'><strong>veritatem</strong></span> <span class='ocrx_word' id='word_1_132' title='bbox 831 1829 901 1883; x_wconf 92' lang='lat' dir='ltr'><strong>ob</strong></span> <span class='ocrx_word' id='word_1_133' title='bbox 950 1827 1138 1883; x_wconf 90' lang='lat' dir='ltr'><strong>oculos</strong></span> <span class='ocrx_word' id='word_1_134' title='bbox 1164 1834 1473 1882; x_wconf 79' lang='lat' dir='ltr'><strong>versantem</strong></span> <span class='ocrx_word' id='word_1_135' title='bbox 1523 1825 1845 1896; x_wconf 79' lang='lat' dir='ltr'><strong>negligentis</strong></span> <span class='ocrx_word' id='word_1_136' title='bbox 1885 1834 1940 1879; x_wconf 92' lang='lat' dir='ltr'><strong>et</strong></span> 
     </span>
    </p>
   </div>
   <div class='ocr_carea' id='block_1_20' title="bbox 371 1915 1939 1991">
    <p class='ocr_par' dir='ltr' id='par_1_20' title="bbox 371 1915 1939 1991">
     <span class='ocr_line' id='line_1_20' title="bbox 371 1915 1939 1991; baseline -0.003 -20"><span class='ocrx_word' id='word_1_137' title='bbox 371 1927 663 1988; x_wconf 60' lang='lat' dir='ltr'><strong>pratextus</strong></span> <span class='ocrx_word' id='word_1_138' title='bbox 691 1919 1067 1991; x_wconf 81' lang='lat' dir='ltr'><strong>excogitantis,</strong></span> <span class='ocrx_word' id='word_1_139' title='bbox 1118 1934 1218 1989; x_wconf 87' lang='lat' dir='ltr'><strong>per</strong></span> <span class='ocrx_word' id='word_1_140' title='bbox 1268 1933 1406 1988; x_wconf 84' lang='lat' dir='ltr'><strong>quos</strong></span> <span class='ocrx_word' id='word_1_141' title='bbox 1442 1931 1552 1971; x_wconf 92' lang='lat' dir='ltr'><strong>non</strong></span> <span class='ocrx_word' id='word_1_142' title='bbox 1595 1915 1939 1985; x_wconf 88' lang='lat' dir='ltr'><strong>impudenter</strong></span> 
     </span>
    </p>
   </div>
   <div class='ocr_carea' id='block_1_21' title="bbox 369 2007 1937 2080">
    <p class='ocr_par' dir='ltr' id='par_1_21' title="bbox 369 2007 1937 2080">
     <span class='ocr_line' id='line_1_21' title="bbox 369 2007 1937 2080; baseline -0.004 -14"><span class='ocrx_word' id='word_1_143' title='bbox 369 2011 606 2066; x_wconf 88' lang='lat' dir='ltr'><strong>videaris</strong></span> <span class='ocrx_word' id='word_1_144' title='bbox 636 2027 724 2066; x_wconf 88' lang='lat' dir='ltr'><strong>me</strong></span> <span class='ocrx_word' id='word_1_145' title='bbox 751 2020 808 2066; x_wconf 90' lang='lat' dir='ltr'><strong>et</strong></span> <span class='ocrx_word' id='word_1_146' title='bbox 853 2011 922 2066; x_wconf 86' lang='lat' dir='ltr'><strong>de</strong></span> <span class='ocrx_word' id='word_1_147' title='bbox 953 2011 1098 2080; x_wconf 87' lang='lat' dir='ltr'><strong>justa</strong></span> <span class='ocrx_word' id='word_1_148' title='bbox 1130 2025 1294 2064; x_wconf 88' lang='lat' dir='ltr'><strong>causa</strong></span> <span class='ocrx_word' id='word_1_149' title='bbox 1327 2016 1579 2064; x_wconf 87' lang='lat' dir='ltr'><strong>tractare.</strong></span> <span class='ocrx_word' id='word_1_150' title='bbox 1630 2007 1738 2062; x_wconf 89' lang='lat' dir='ltr'><strong>Sed</strong></span> <span class='ocrx_word' id='word_1_151' title='bbox 1777 2021 1937 2061; x_wconf 87' lang='lat' dir='ltr'><strong>scena</strong></span> 
     </span>
    </p>
   </div>
   <div class='ocr_carea' id='block_1_22' title="bbox 368 2099 1936 2158">
    <p class='ocr_par' dir='ltr' id='par_1_22' title="bbox 368 2099 1936 2158">
     <span class='ocr_line' id='line_1_22' title="bbox 368 2099 1936 2158; baseline -0.003 -2"><span class='ocrx_word' id='word_1_152' title='bbox 368 2111 426 2156; x_wconf 88' lang='lat' dir='ltr'><strong>et</strong></span> <span class='ocrx_word' id='word_1_153' title='bbox 455 2103 724 2157; x_wconf 85' lang='lat' dir='ltr'><strong>theatrum</strong></span> <span class='ocrx_word' id='word_1_154' title='bbox 751 2103 807 2157; x_wconf 92' lang='lat' dir='ltr'><strong>in</strong></span> <span class='ocrx_word' id='word_1_155' title='bbox 836 2117 936 2157; x_wconf 87' lang='lat' dir='ltr'><strong>nos</strong></span> <span class='ocrx_word' id='word_1_156' title='bbox 961 2109 1292 2158; x_wconf 90' lang='lat' dir='ltr'><strong>commotum</strong></span> <span class='ocrx_word' id='word_1_157' title='bbox 1324 2101 1397 2155; x_wconf 91' lang='lat' dir='ltr'><strong>ita</strong></span> <span class='ocrx_word' id='word_1_158' title='bbox 1419 2099 1666 2154; x_wconf 87' lang='lat' dir='ltr'><strong>consedit</strong></span> <span class='ocrx_word' id='word_1_159' title='bbox 1691 2117 1703 2152; x_wconf 95' lang='lat'><strong>:</strong></span> <span class='ocrx_word' id='word_1_160' title='bbox 1740 2107 1936 2154; x_wconf 61' lang='lat' dir='ltr'><strong>cetera</strong></span> 
     </span>
    </p>
   </div>
   <div class='ocr_carea' id='block_1_23' title="bbox 366 2191 1931 2261">
    <p class='ocr_par' dir='ltr' id='par_1_23' title="bbox 366 2191 1931 2261">
     <span class='ocr_line' id='line_1_23' title="bbox 366 2191 1931 2261; baseline -0.002 -14"><span class='ocrx_word' id='word_1_161' title='bbox 366 2192 513 2260; x_wconf 88' lang='lat' dir='ltr'><strong>quod</strong></span> <span class='ocrx_word' id='word_1_162' title='bbox 545 2193 757 2256; x_wconf 85' lang='lat' dir='ltr'><strong>attinet,</strong></span> <span class='ocrx_word' id='word_1_163' title='bbox 783 2194 1123 2248; x_wconf 75' lang='lat' dir='ltr'><strong>sedulitatem</strong></span> <span class='ocrx_word' id='word_1_164' title='bbox 1155 2193 1314 2248; x_wconf 90' lang='lat' dir='ltr'><strong>video</strong></span> <span class='ocrx_word' id='word_1_165' title='bbox 1346 2191 1624 2261; x_wconf 90' lang='lat' dir='ltr'><strong>pueriliter</strong></span> <span class='ocrx_word' id='word_1_166' title='bbox 1649 2191 1931 2256; x_wconf 87' lang='lat' dir='ltr'><strong>libantem;</strong></span> 
     </span>
    </p>
   </div>
   <div class='ocr_carea' id='block_1_24' title="bbox 366 2281 1932 2354">
    <p class='ocr_par' dir='ltr' id='par_1_24' title="bbox 366 2281 1932 2354">
     <span class='ocr_line' id='line_1_24' title="bbox 366 2281 1932 2354; baseline -0.002 -16"><span class='ocrx_word' id='word_1_167' title='bbox 366 2283 731 2352; x_wconf 83' lang='lat' dir='ltr'><strong>dejectionem</strong></span> <span class='ocrx_word' id='word_1_168' title='bbox 783 2285 837 2338; x_wconf 90' lang='lat' dir='ltr'><strong>in</strong></span> <span class='ocrx_word' id='word_1_169' title='bbox 896 2285 1067 2340; x_wconf 85' lang='lat' dir='ltr'><strong>risum</strong></span> <span class='ocrx_word' id='word_1_170' title='bbox 1119 2299 1332 2339; x_wconf 87' lang='lat' dir='ltr'><strong>versam</strong></span> <span class='ocrx_word' id='word_1_171' title='bbox 1383 2283 1647 2354; x_wconf 84' lang='lat' dir='ltr'><strong>lacrymas</strong></span> <span class='ocrx_word' id='word_1_172' title='bbox 1702 2281 1932 2336; x_wconf 88' lang='lat' dir='ltr'><strong>chorum</strong></span> 
     </span>
    </p>
   </div>
   <div class='ocr_carea' id='block_1_25' title="bbox 363 2372 1933 2445">
    <p class='ocr_par' dir='ltr' id='par_1_25' title="bbox 363 2372 1933 2445">
     <span class='ocr_line' id='line_1_25' title="bbox 363 2372 1933 2445; baseline -0.003 -15"><span class='ocrx_word' id='word_1_173' title='bbox 363 2374 632 2430; x_wconf 84' lang='lat' dir='ltr'><strong>comicum</strong></span> <span class='ocrx_word' id='word_1_174' title='bbox 667 2377 992 2432; x_wconf 85' lang='lat' dir='ltr'><strong>cantitantes</strong></span> <span class='ocrx_word' id='word_1_175' title='bbox 1023 2394 1038 2429; x_wconf 92' lang='lat'>:</span> <span class='ocrx_word' id='word_1_176' title='bbox 1070 2391 1197 2430; x_wconf 93' lang='lat' dir='ltr'><strong>nam</strong></span> <span class='ocrx_word' id='word_1_177' title='bbox 1231 2388 1352 2445; x_wconf 69' lang='lat' dir='ltr'><strong>quae</strong></span> <span class='ocrx_word' id='word_1_178' title='bbox 1385 2374 1730 2444; x_wconf 86' lang='lat' dir='ltr'><strong>contigerunt</strong></span> <span class='ocrx_word' id='word_1_179' title='bbox 1776 2372 1933 2442; x_wconf 89' lang='lat' dir='ltr'><strong>plan-</strong></span> 
     </span>
    </p>
   </div>
   <div class='ocr_carea' id='block_1_26' title="bbox 362 2461 1932 2537">
    <p class='ocr_par' dir='ltr' id='par_1_26' title="bbox 362 2461 1932 2537">
     <span class='ocr_line' id='line_1_26' title="bbox 362 2461 1932 2537; baseline -0.001 -17"><span class='ocrx_word' id='word_1_180' title='bbox 362 2481 513 2537; x_wconf 89' lang='lat' dir='ltr'><strong>gere,</strong></span> <span class='ocrx_word' id='word_1_181' title='bbox 552 2473 608 2520; x_wconf 90' lang='lat' dir='ltr'><strong>et</strong></span> <span class='ocrx_word' id='word_1_182' title='bbox 655 2465 724 2520; x_wconf 88' lang='lat' dir='ltr'><strong>ad</strong></span> <span class='ocrx_word' id='word_1_183' title='bbox 770 2469 1072 2536; x_wconf 87' lang='lat' dir='ltr'><strong>passiones,</strong></span> <span class='ocrx_word' id='word_1_184' title='bbox 1120 2465 1364 2529; x_wconf 86' lang='lat' dir='ltr'><strong>morbos,</strong></span> <span class='ocrx_word' id='word_1_185' title='bbox 1409 2462 1684 2518; x_wconf 81' lang='lat' dir='ltr'><strong>fortunam</strong></span> <span class='ocrx_word' id='word_1_186' title='bbox 1726 2461 1932 2518; x_wconf 89' lang='lat' dir='ltr'><strong>referre</strong></span> 
     </span>
    </p>
   </div>
   <div class='ocr_carea' id='block_1_27' title="bbox 359 2555 1929 2626">
    <p class='ocr_par' dir='ltr' id='par_1_27' title="bbox 359 2555 1929 2626">
     <span class='ocr_line' id='line_1_27' title="bbox 359 2555 1929 2626; baseline -0.002 -15"><span class='ocrx_word' id='word_1_187' title='bbox 359 2559 556 2612; x_wconf 59' lang='lat' dir='ltr'><strong>animae</strong></span> <span class='ocrx_word' id='word_1_188' title='bbox 581 2557 844 2612; x_wconf 90' lang='lat' dir='ltr'><strong>indicium</strong></span> <span class='ocrx_word' id='word_1_189' title='bbox 875 2565 959 2612; x_wconf 90' lang='lat' dir='ltr'><strong>est</strong></span> <span class='ocrx_word' id='word_1_190' title='bbox 982 2555 1332 2626; x_wconf 87' lang='lat' dir='ltr'><strong>deplorantis,</strong></span> <span class='ocrx_word' id='word_1_191' title='bbox 1364 2564 1422 2611; x_wconf 92' lang='lat' dir='ltr'><strong>et</strong></span> <span class='ocrx_word' id='word_1_192' title='bbox 1447 2555 1658 2611; x_wconf 89' lang='lat' dir='ltr'><strong>sincere</strong></span> <span class='ocrx_word' id='word_1_193' title='bbox 1681 2563 1929 2625; x_wconf 83' lang='lat' dir='ltr'><strong>satagen-</strong></span> 
     </span>
    </p>
   </div>
   <div class='ocr_carea' id='block_1_28' title="bbox 358 2646 1927 2714">
    <p class='ocr_par' dir='ltr' id='par_1_28' title="bbox 358 2646 1927 2714">
     <span class='ocr_line' id='line_1_28' title="bbox 358 2646 1927 2714; baseline -0.002 -11"><span class='ocrx_word' id='word_1_194' title='bbox 358 2650 453 2714; x_wconf 89' lang='lat' dir='ltr'><strong>tis,</strong></span> <span class='ocrx_word' id='word_1_195' title='bbox 495 2658 557 2704; x_wconf 86' lang='lat' dir='ltr'><strong>ut</strong></span> <span class='ocrx_word' id='word_1_196' title='bbox 597 2649 749 2704; x_wconf 90' lang='lat' dir='ltr'><strong>labes</strong></span> <span class='ocrx_word' id='word_1_197' title='bbox 787 2658 1093 2704; x_wconf 88' lang='lat' dir='ltr'><strong>contractas</strong></span> <span class='ocrx_word' id='word_1_198' title='bbox 1129 2649 1274 2703; x_wconf 90' lang='lat' dir='ltr'><strong>cluat</strong></span> <span class='ocrx_word' id='word_1_199' title='bbox 1298 2667 1311 2702; x_wconf 90' lang='lat'><strong>:</strong></span> <span class='ocrx_word' id='word_1_200' title='bbox 1336 2655 1392 2702; x_wconf 90' lang='lat' dir='ltr'><strong>at</strong></span> <span class='ocrx_word' id='word_1_201' title='bbox 1437 2646 1725 2712; x_wconf 76' lang='lat' dir='ltr'><strong>afﬁrmare,</strong></span> <span class='ocrx_word' id='word_1_202' title='bbox 1780 2647 1927 2701; x_wconf 89' lang='lat' dir='ltr'><strong>hunc</strong></span> 
     </span>
    </p>
   </div>
   <div class='ocr_carea' id='block_1_29' title="bbox 356 2737 1926 2810">
    <p class='ocr_par' dir='ltr' id='par_1_29' title="bbox 356 2737 1926 2810">
     <span class='ocr_line' id='line_1_29' title="bbox 356 2737 1926 2810; baseline -0.003 -16"><span class='ocrx_word' id='word_1_203' title='bbox 356 2740 689 2810; x_wconf 86' lang='lat' dir='ltr'><strong>deliquisse,</strong></span> <span class='ocrx_word' id='word_1_204' title='bbox 747 2740 912 2794; x_wconf 91' lang='lat' dir='ltr'><strong>alium</strong></span> <span class='ocrx_word' id='word_1_205' title='bbox 958 2754 1082 2794; x_wconf 91' lang='lat' dir='ltr'><strong>eum</strong></span> <span class='ocrx_word' id='word_1_206' title='bbox 1127 2737 1422 2792; x_wconf 88' lang='lat' dir='ltr'><strong>defendere</strong></span> <span class='ocrx_word' id='word_1_207' title='bbox 1473 2745 1801 2801; x_wconf 87' lang='lat' dir='ltr'><strong>conantem,</strong></span> <span class='ocrx_word' id='word_1_208' title='bbox 1856 2751 1926 2790; x_wconf 91' lang='lat' dir='ltr'><strong>ne</strong></span> 
     </span>
    </p>
   </div>
   <div class='ocr_carea' id='block_1_30' title="bbox 2054 640 3617 718">
    <p class='ocr_par' dir='ltr' id='par_1_30' title="bbox 2054 640 3617 718">
     <span class='ocr_line' id='line_1_30' title="bbox 2054 640 3617 718; baseline 0.001 -21"><span class='ocrx_word' id='word_1_209' title='bbox 2054 644 2149 698; x_wconf 80' lang='grc' dir='ltr'><strong>καὶ</strong></span> <span class='ocrx_word' id='word_1_210' title='bbox 2171 645 2542 718; x_wconf 87' lang='grc' dir='ltr'>ἀνθρωπίνην,</span> <span class='ocrx_word' id='word_1_211' title='bbox 2573 647 2714 718; x_wconf 89' lang='grc' dir='ltr'><strong>μετά</strong></span> <span class='ocrx_word' id='word_1_212' title='bbox 2738 647 2838 716; x_wconf 79' lang='grc' dir='ltr'><strong>τῆς</strong></span> <span class='ocrx_word' id='word_1_213' title='bbox 2860 645 3142 715; x_wconf 84' lang='grc' dir='ltr'>δυνάμεως</span> <span class='ocrx_word' id='word_1_214' title='bbox 3169 644 3455 717; x_wconf 84' lang='grc' dir='ltr'>αίσθησιν;</span> <span class='ocrx_word' id='word_1_215' title='bbox 3486 640 3617 699; x_wconf 74' lang='grc' dir='ltr'>εἶεν.</span> 
     </span>
    </p>
   </div>
   <div class='ocr_carea' id='block_1_31' title="bbox 2065 733 3622 807">
    <p class='ocr_par' dir='ltr' id='par_1_31' title="bbox 2065 733 3622 807">
     <span class='ocr_line' id='line_1_31' title="bbox 2065 733 3622 807; baseline 0 -21"><span class='ocrx_word' id='word_1_216' title='bbox 2065 733 2205 787; x_wconf 81' lang='grc' dir='ltr'><strong>Ἀλλ’</strong></span> <span class='ocrx_word' id='word_1_217' title='bbox 2244 733 2352 788; x_wconf 77' lang='grc' dir='ltr'>ἔδει</span> <span class='ocrx_word' id='word_1_218' title='bbox 2385 751 2468 801; x_wconf 84' lang='grc' dir='ltr'>σε,</span> <span class='ocrx_word' id='word_1_219' title='bbox 2498 735 2631 806; x_wconf 76' lang='grc' dir='ltr'>φησὶ</span> <span class='ocrx_word' id='word_1_220' title='bbox 2649 775 2664 799; x_wconf 92' lang='grc'><strong>,</strong></span> <span class='ocrx_word' id='word_1_221' title='bbox 2700 734 3208 807; x_wconf 84' lang='grc' dir='ltr'>μετακαλεσάμενόν</span> <span class='ocrx_word' id='word_1_222' title='bbox 3251 751 3319 806; x_wconf 88' lang='grc' dir='ltr'><strong>με</strong></span> <span class='ocrx_word' id='word_1_223' title='bbox 3359 733 3622 805; x_wconf 80' lang='grc' dir='ltr'>ψυχαγω-</span> 
     </span>
    </p>
   </div>
   <div class='ocr_carea' id='block_1_32' title="bbox 2051 821 3622 895">
    <p class='ocr_par' dir='ltr' id='par_1_32' title="bbox 2051 821 3622 895">
     <span class='ocr_line' id='line_1_32' title="bbox 2051 821 3622 895; baseline -0.002 -18"><span class='ocrx_word' id='word_1_224' title='bbox 2051 822 2238 893; x_wconf 81' lang='grc' dir='ltr'>γῆσαι’</span> <span class='ocrx_word' id='word_1_225' title='bbox 2268 822 2300 893; x_wconf 83' lang='grc' dir='ltr'>ἢ</span> <span class='ocrx_word' id='word_1_226' title='bbox 2326 825 2377 877; x_wconf 87' lang='grc' dir='ltr'><strong>εί</strong></span> <span class='ocrx_word' id='word_1_227' title='bbox 2409 825 2484 894; x_wconf 83' lang='grc' dir='ltr'>μὴ</span> <span class='ocrx_word' id='word_1_228' title='bbox 2513 823 2671 878; x_wconf 83' lang='grc' dir='ltr'>τοῦτο</span> <span class='ocrx_word' id='word_1_229' title='bbox 2689 865 2704 890; x_wconf 94' lang='grc'>,</span> <span class='ocrx_word' id='word_1_230' title='bbox 2735 824 2795 877; x_wconf 80' lang='grc' dir='ltr'><strong>τὸ</strong></span> <span class='ocrx_word' id='word_1_231' title='bbox 2825 822 2956 892; x_wconf 81' lang='grc' dir='ltr'>γοῦν</span> <span class='ocrx_word' id='word_1_232' title='bbox 2984 821 3259 893; x_wconf 89' lang='grc' dir='ltr'>δεύτερον,</span> <span class='ocrx_word' id='word_1_233' title='bbox 3289 821 3622 895; x_wconf 83' lang='grc' dir='ltr'><strong>ὡρμημένον</strong></span> 
     </span>
    </p>
   </div>
   <div class='ocr_carea' id='block_1_33' title="bbox 2050 912 3620 986">
    <p class='ocr_par' dir='ltr' id='par_1_33' title="bbox 2050 912 3620 986">
     <span class='ocr_line' id='line_1_33' title="bbox 2050 912 3620 986; baseline -0.001 -18"><span class='ocrx_word' id='word_1_234' title='bbox 2050 914 2336 986; x_wconf 77' lang='grc' dir='ltr'><strong>ἐπιτρέψαι</strong></span> <span class='ocrx_word' id='word_1_235' title='bbox 2366 915 2812 986; x_wconf 76' lang='grc' dir='ltr'>παραγενέσθαιο</span> <span class='ocrx_word' id='word_1_236' title='bbox 2837 915 2900 969; x_wconf 77' lang='grc' dir='ltr'><strong>τὸ</strong></span> <span class='ocrx_word' id='word_1_237' title='bbox 2925 915 2983 968; x_wconf 85' lang='grc' dir='ltr'><strong>δέ</strong></span> <span class='ocrx_word' id='word_1_238' title='bbox 3015 914 3311 985; x_wconf 88' lang='grc' dir='ltr'>μηδέτερον</span> <span class='ocrx_word' id='word_1_239' title='bbox 3348 912 3620 984; x_wconf 81' lang='grc' dir='ltr'>προϐῆναι</span> 
     </span>
    </p>
   </div>
   <div class='ocr_carea' id='block_1_34' title="bbox 2048 1007 3615 1080">
    <p class='ocr_par' dir='ltr' id='par_1_34' title="bbox 2048 1007 3615 1080">
     <span class='ocr_line' id='line_1_34' title="bbox 2048 1007 3615 1080; baseline -0.001 -20"><span class='ocrx_word' id='word_1_240' title='bbox 2048 1010 2273 1074; x_wconf 89' lang='grc' dir='ltr'>τούτων,</span> <span class='ocrx_word' id='word_1_241' title='bbox 2308 1008 2426 1072; x_wconf 85' lang='grc' dir='ltr'><strong>πῶς</strong></span> <span class='ocrx_word' id='word_1_242' title='bbox 2451 1009 2513 1062; x_wconf 82' lang='grc' dir='ltr'>οὐ</span> <span class='ocrx_word' id='word_1_243' title='bbox 2544 1010 2660 1072; x_wconf 80' lang='grc' dir='ltr'>τοῖς</span> <span class='ocrx_word' id='word_1_244' title='bbox 2685 1010 2934 1080; x_wconf 78' lang='grc' dir='ltr'><strong>ἐσχάτοις</strong></span> <span class='ocrx_word' id='word_1_245' title='bbox 2965 1027 3033 1079; x_wconf 91' lang='grc' dir='ltr'><strong>με</strong></span> <span class='ocrx_word' id='word_1_246' title='bbox 3065 1007 3376 1080; x_wconf 88' lang='grc' dir='ltr'>περιϐάλλει</span> <span class='ocrx_word' id='word_1_247' title='bbox 3401 1007 3615 1069; x_wconf 80' lang='grc' dir='ltr'><strong>κακοῖς,</strong></span> 
     </span>
    </p>
   </div>
   <div class='ocr_carea' id='block_1_35' title="bbox 2048 1091 3616 1172">
    <p class='ocr_par' dir='ltr' id='par_1_35' title="bbox 2048 1091 3616 1172">
     <span class='ocr_line' id='line_1_35' title="bbox 2048 1091 3616 1172; baseline -0.003 -19"><span class='ocrx_word' id='word_1_248' title='bbox 2048 1099 2300 1172; x_wconf 75' lang='grc' dir='ltr'>καὶΙπρὺς</span> <span class='ocrx_word' id='word_1_249' title='bbox 2333 1103 2490 1171; x_wconf 80' lang='grc' dir='ltr'>μῖσος</span> <span class='ocrx_word' id='word_1_250' title='bbox 2525 1101 2726 1170; x_wconf 84' lang='grc' dir='ltr'>ἀπάγει</span> <span class='ocrx_word' id='word_1_251' title='bbox 2754 1101 2852 1155; x_wconf 75' lang='grc' dir='ltr'><strong>καὶ</strong></span> <span class='ocrx_word' id='word_1_252' title='bbox 2884 1099 3051 1155; x_wconf 73' lang='grc' dir='ltr'>αὐτοῦ</span> <span class='ocrx_word' id='word_1_253' title='bbox 3075 1099 3169 1154; x_wconf 83' lang='grc' dir='ltr'><strong>τοῦ</strong></span> <span class='ocrx_word' id='word_1_254' title='bbox 3199 1099 3334 1170; x_wconf 75' lang='grc' dir='ltr'><strong>ζῇνς</strong></span> <span class='ocrx_word' id='word_1_255' title='bbox 3381 1097 3542 1163; x_wconf 82' lang='grc' dir='ltr'>Ἀλλ’,</span> <span class='ocrx_word' id='word_1_256' title='bbox 3570 1091 3616 1150; x_wconf 82' lang='grc' dir='ltr'>ὧ</span> 
     </span>
    </p>
   </div>
   <div class='ocr_carea' id='block_1_36' title="bbox 2048 1189 3614 1264">
    <p class='ocr_par' dir='ltr' id='par_1_36' title="bbox 2048 1189 3614 1264">
     <span class='ocr_line' id='line_1_36' title="bbox 2048 1189 3614 1264; baseline -0.003 -19"><span class='ocrx_word' id='word_1_257' title='bbox 2048 1193 2182 1247; x_wconf 85' lang='grc' dir='ltr'>καλέ</span> <span class='ocrx_word' id='word_1_258' title='bbox 2225 1193 2319 1247; x_wconf 74' lang='grc' dir='ltr'>καὶ</span> <span class='ocrx_word' id='word_1_259' title='bbox 2359 1193 2560 1262; x_wconf 86' lang='grc' dir='ltr'>ἀγαθὲ,</span> <span class='ocrx_word' id='word_1_260' title='bbox 2593 1195 2643 1247; x_wconf 84' lang='grc' dir='ltr'>εί</span> <span class='ocrx_word' id='word_1_261' title='bbox 2692 1195 2789 1264; x_wconf 85' lang='grc' dir='ltr'>μὲν</span> <span class='ocrx_word' id='word_1_262' title='bbox 2817 1193 3055 1262; x_wconf 80' lang='grc' dir='ltr'>ἠγνόεις,</span> <span class='ocrx_word' id='word_1_263' title='bbox 3085 1193 3185 1263; x_wconf 78' lang='grc' dir='ltr'>ὅση</span> <span class='ocrx_word' id='word_1_264' title='bbox 3225 1191 3349 1264; x_wconf 77' lang='grc' dir='ltr'>καθ’</span> <span class='ocrx_word' id='word_1_265' title='bbox 3382 1189 3540 1259; x_wconf 77' lang='grc' dir='ltr'><strong>ἡμῶν</strong></span> <span class='ocrx_word' id='word_1_266' title='bbox 3576 1189 3614 1252; x_wconf 75' lang='grc' dir='ltr'><strong>ἡ</strong></span> 
     </span>
    </p>
   </div>
   <div class='ocr_carea' id='block_1_37' title="bbox 2047 1279 3614 1353">
    <p class='ocr_par' dir='ltr' id='par_1_37' title="bbox 2047 1279 3614 1353">
     <span class='ocr_line' id='line_1_37' title="bbox 2047 1279 3614 1353; baseline -0.006 -15"><span class='ocrx_word' id='word_1_267' title='bbox 2047 1283 2201 1353; x_wconf 81' lang='grc' dir='ltr'>κοινὴ</span> <span class='ocrx_word' id='word_1_268' title='bbox 2230 1283 2338 1337; x_wconf 87' lang='grc' dir='ltr'>τῶν</span> <span class='ocrx_word' id='word_1_269' title='bbox 2363 1284 2669 1338; x_wconf 80' lang='grc' dir='ltr'><strong>διωκόντων</strong></span> <span class='ocrx_word' id='word_1_270' title='bbox 2712 1284 2936 1353; x_wconf 81' lang='grc' dir='ltr'><strong>κέχυται</strong></span> <span class='ocrx_word' id='word_1_271' title='bbox 2969 1282 3162 1346; x_wconf 80' lang='grc' dir='ltr'><strong>λύσσα,</strong></span> <span class='ocrx_word' id='word_1_272' title='bbox 3199 1281 3293 1333; x_wconf 74' lang='grc' dir='ltr'><strong>καὶ</strong></span> <span class='ocrx_word' id='word_1_273' title='bbox 3325 1279 3444 1341; x_wconf 85' lang='grc' dir='ltr'>οἵας</span> <span class='ocrx_word' id='word_1_274' title='bbox 3477 1294 3614 1329; x_wconf 90' lang='grc' dir='ltr'>παν-</span> 
     </span>
    </p>
   </div>
   <div class='ocr_carea' id='block_1_38' title="bbox 2046 1367 3613 1445">
    <p class='ocr_par' dir='ltr' id='par_1_38' title="bbox 2046 1367 3613 1445">
     <span class='ocr_line' id='line_1_38' title="bbox 2046 1367 3613 1445; baseline -0.006 -17"><span class='ocrx_word' id='word_1_275' title='bbox 2046 1375 2212 1445; x_wconf 84' lang='grc' dir='ltr'><strong>ταχοῦ</strong></span> <span class='ocrx_word' id='word_1_276' title='bbox 2263 1375 2366 1445; x_wconf 82' lang='grc' dir='ltr'><strong>γῆς</strong></span> <span class='ocrx_word' id='word_1_277' title='bbox 2415 1374 2600 1445; x_wconf 80' lang='grc' dir='ltr'>σχεδὸν</span> <span class='ocrx_word' id='word_1_278' title='bbox 2661 1373 2756 1428; x_wconf 76' lang='grc' dir='ltr'><strong>καὶ</strong></span> <span class='ocrx_word' id='word_1_279' title='bbox 2809 1373 3111 1444; x_wconf 78' lang='grc' dir='ltr'><strong>θαλάσσης,</strong></span> <span class='ocrx_word' id='word_1_280' title='bbox 3163 1371 3263 1434; x_wconf 82' lang='grc' dir='ltr'><strong>τὰς</strong></span> <span class='ocrx_word' id='word_1_281' title='bbox 3321 1367 3613 1429; x_wconf 84' lang='grc' dir='ltr'>ἐπιϐουλὰς</span> 
     </span>
    </p>
   </div>
   <div class='ocr_carea' id='block_1_39' title="bbox 2049 1457 3612 1536">
    <p class='ocr_par' dir='ltr' id='par_1_39' title="bbox 2049 1457 3612 1536">
     <span class='ocr_line' id='line_1_39' title="bbox 2049 1457 3612 1536; baseline -0.006 -18"><span class='ocrx_word' id='word_1_282' title='bbox 2049 1466 2257 1531; x_wconf 85' lang='grc' dir='ltr'>ίστῶσι,</span> <span class='ocrx_word' id='word_1_283' title='bbox 2283 1467 2376 1520; x_wconf 77' lang='grc' dir='ltr'>καὶ</span> <span class='ocrx_word' id='word_1_284' title='bbox 2395 1465 2464 1518; x_wconf 82' lang='grc' dir='ltr'><strong>τὰ</strong></span> <span class='ocrx_word' id='word_1_285' title='bbox 2490 1465 2703 1536; x_wconf 74' lang='grc' dir='ltr'>ἔνεδρα,</span> <span class='ocrx_word' id='word_1_286' title='bbox 2733 1465 2876 1534; x_wconf 83' lang='grc' dir='ltr'><strong>τάχα</strong></span> <span class='ocrx_word' id='word_1_287' title='bbox 2904 1464 2970 1518; x_wconf 80' lang='grc' dir='ltr'>ἂν</span> <span class='ocrx_word' id='word_1_288' title='bbox 2996 1464 3078 1526; x_wconf 85' lang='grc' dir='ltr'>είς</span> <span class='ocrx_word' id='word_1_289' title='bbox 3113 1461 3280 1522; x_wconf 79' lang='grc' dir='ltr'>ἄλλας</span> <span class='ocrx_word' id='word_1_290' title='bbox 3306 1457 3612 1529; x_wconf 78' lang='grc' dir='ltr'>προφάσεις</span> 
     </span>
    </p>
   </div>
   <div class='ocr_carea' id='block_1_40' title="bbox 2045 1549 3610 1628">
    <p class='ocr_par' dir='ltr' id='par_1_40' title="bbox 2045 1549 3610 1628">
     <span class='ocr_line' id='line_1_40' title="bbox 2045 1549 3610 1628; baseline -0.004 -20"><span class='ocrx_word' id='word_1_291' title='bbox 2045 1556 2202 1626; x_wconf 77' lang='grc' dir='ltr'>ἔσχες</span> <span class='ocrx_word' id='word_1_292' title='bbox 2230 1555 2385 1625; x_wconf 89' lang='grc' dir='ltr'>λόγον</span> <span class='ocrx_word' id='word_1_293' title='bbox 2427 1557 2721 1628; x_wconf 81' lang='grc' dir='ltr'><strong>ἀναφέρειν</strong></span> <span class='ocrx_word' id='word_1_294' title='bbox 2741 1596 2757 1621; x_wconf 93' lang='grc'>,</span> <span class='ocrx_word' id='word_1_295' title='bbox 2787 1549 2863 1610; x_wconf 86' lang='grc' dir='ltr'><strong>ὧν</strong></span> <span class='ocrx_word' id='word_1_296' title='bbox 2894 1553 3148 1619; x_wconf 80' lang='grc' dir='ltr'>ἐϐούλου,</span> <span class='ocrx_word' id='word_1_297' title='bbox 3181 1551 3282 1620; x_wconf 81' lang='grc' dir='ltr'><strong>τὴν</strong></span> <span class='ocrx_word' id='word_1_298' title='bbox 3311 1549 3610 1620; x_wconf 84' lang='grc' dir='ltr'>ἁποτύχίαν</span> 
     </span>
    </p>
   </div>
   <div class='ocr_carea' id='block_1_41' title="bbox 2044 1639 3611 1717">
    <p class='ocr_par' dir='ltr' id='par_1_41' title="bbox 2044 1639 3611 1717">
     <span class='ocr_line' id='line_1_41' title="bbox 2044 1639 3611 1717; baseline -0.006 -16"><span class='ocrx_word' id='word_1_299' title='bbox 2044 1647 2140 1701; x_wconf 78' lang='grc' dir='ltr'><strong>καὶ</strong></span> <span class='ocrx_word' id='word_1_300' title='bbox 2169 1647 2588 1712; x_wconf 68' lang='grc' dir='ltr'>ἐπαιτιάσθαιγ,</span> <span class='ocrx_word' id='word_1_301' title='bbox 2627 1647 2711 1701; x_wconf 83' lang='grc' dir='ltr'><strong>ὅτι</strong></span> <span class='ocrx_word' id='word_1_302' title='bbox 2756 1646 2830 1717; x_wconf 83' lang='grc' dir='ltr'>μὴ</span> <span class='ocrx_word' id='word_1_303' title='bbox 2863 1645 3077 1716; x_wconf 80' lang='grc' dir='ltr'>στέργω</span> <span class='ocrx_word' id='word_1_304' title='bbox 3117 1643 3506 1714; x_wconf 75' lang='grc' dir='ltr'>στεργόμενοςο</span> <span class='ocrx_word' id='word_1_305' title='bbox 3546 1639 3611 1693; x_wconf 83' lang='grc' dir='ltr'>τδ</span> 
     </span>
    </p>
   </div>
   <div class='ocr_carea' id='block_1_42' title="bbox 2042 1731 3608 1808">
    <p class='ocr_par' dir='ltr' id='par_1_42' title="bbox 2042 1731 3608 1808">
     <span class='ocr_line' id='line_1_42' title="bbox 2042 1731 3608 1808; baseline -0.006 -15"><span class='ocrx_word' id='word_1_306' title='bbox 2042 1738 2100 1793; x_wconf 86' lang='grc' dir='ltr'>δὲ</span> <span class='ocrx_word' id='word_1_307' title='bbox 2123 1739 2218 1793; x_wconf 74' lang='grc' dir='ltr'>κα).</span> <span class='ocrx_word' id='word_1_308' title='bbox 2240 1737 2529 1806; x_wconf 85' lang='grc' dir='ltr'>γινώσκειν</span> <span class='ocrx_word' id='word_1_309' title='bbox 2553 1738 2690 1808; x_wconf 81' lang='grc' dir='ltr'>αὐτῇ</span> <span class='ocrx_word' id='word_1_310' title='bbox 2721 1737 2888 1808; x_wconf 77' lang='grc' dir='ltr'>πείρᾳ</span> <span class='ocrx_word' id='word_1_311' title='bbox 2905 1733 3100 1802; x_wconf 84' lang='grc' dir='ltr'>ταῦτα,</span> <span class='ocrx_word' id='word_1_312' title='bbox 3125 1733 3222 1788; x_wconf 73' lang='grc' dir='ltr'>καὶ</span> <span class='ocrx_word' id='word_1_313' title='bbox 3244 1731 3608 1802; x_wconf 82' lang='grc' dir='ltr'>ἐκτραγῳδείν</span> 
     </span>
    </p>
   </div>
   <div class='ocr_carea' id='block_1_43' title="bbox 2043 1821 3608 1902">
    <p class='ocr_par' dir='ltr' id='par_1_43' title="bbox 2043 1821 3608 1902">
     <span class='ocr_line' id='line_1_43' title="bbox 2043 1821 3608 1902; baseline -0.008 -16"><span class='ocrx_word' id='word_1_314' title='bbox 2043 1833 2147 1886; x_wconf 89' lang='grc' dir='ltr'>κάν</span> <span class='ocrx_word' id='word_1_315' title='bbox 2173 1835 2287 1895; x_wconf 88' lang='grc' dir='ltr'>τοῖς</span> <span class='ocrx_word' id='word_1_316' title='bbox 2318 1832 2673 1902; x_wconf 81' lang='grc' dir='ltr'>γράμμασιν,</span> <span class='ocrx_word' id='word_1_317' title='bbox 2707 1825 2828 1884; x_wconf 78' lang='grc' dir='ltr'>εἶτα</span> <span class='ocrx_word' id='word_1_318' title='bbox 2858 1827 3042 1897; x_wconf 75' lang='grc' dir='ltr'>ζητεῖν</span> <span class='ocrx_word' id='word_1_319' title='bbox 3079 1825 3258 1878; x_wconf 83' lang='grc' dir='ltr'>αἰτίαν</span> <span class='ocrx_word' id='word_1_320' title='bbox 3290 1823 3489 1893; x_wconf 83' lang='grc' dir='ltr'>ἀλλην,</span> <span class='ocrx_word' id='word_1_321' title='bbox 3518 1821 3608 1875; x_wconf 76' lang='grc' dir='ltr'>διὰ</span> 
     </span>
    </p>
   </div>
   <div class='ocr_carea' id='block_1_44' title="bbox 2039 1911 3605 1996">
    <p class='ocr_par' dir='ltr' id='par_1_44' title="bbox 2039 1911 3605 1996">
     <span class='ocr_line' id='line_1_44' title="bbox 2039 1911 3605 1996; baseline -0.009 -18"><span class='ocrx_word' id='word_1_322' title='bbox 2039 1924 2092 1978; x_wconf 89' lang='grc' dir='ltr'>τί</span> <span class='ocrx_word' id='word_1_323' title='bbox 2141 1921 2216 1996; x_wconf 83' lang='grc' dir='ltr'>μὴ</span> <span class='ocrx_word' id='word_1_324' title='bbox 2269 1923 2664 1996; x_wconf 86' lang='grc' dir='ltr'>μετάπεμπτόν</span> <span class='ocrx_word' id='word_1_325' title='bbox 2716 1939 2776 1975; x_wconf 91' lang='grc' dir='ltr'><strong>σε</strong></span> <span class='ocrx_word' id='word_1_326' title='bbox 2825 1917 3210 1989; x_wconf 87' lang='grc' dir='ltr'>πεποίημεθα,</span> <span class='ocrx_word' id='word_1_327' title='bbox 3261 1914 3382 1986; x_wconf 84' lang='grc' dir='ltr'>μηδ’</span> <span class='ocrx_word' id='word_1_328' title='bbox 3432 1911 3605 1966; x_wconf 69' lang='grc' dir='ltr'>ἐλθεῖν</span> 
     </span>
    </p>
   </div>
   <div class='ocr_carea' id='block_1_45' title="bbox 2036 1995 3603 2087">
    <p class='ocr_par' dir='ltr' id='par_1_45' title="bbox 2036 1995 3603 2087">
     <span class='ocr_line' id='line_1_45' title="bbox 2036 1995 3603 2087; baseline -0.008 -19"><span class='ocrx_word' id='word_1_329' title='bbox 2036 1995 2328 2087; x_wconf 81' lang='grc' dir='ltr'>ἐζητηκότι</span> <span class='ocrx_word' id='word_1_330' title='bbox 2358 1995 2782 2084; x_wconf 76' lang='grc' dir='ltr'>κατενεύσαμεν·</span> <span class='ocrx_word' id='word_1_331' title='bbox 2813 2012 2875 2065; x_wconf 81' lang='grc' dir='ltr'><strong>οὐ</strong></span> <span class='ocrx_word' id='word_1_332' title='bbox 2907 2009 3193 2082; x_wconf 81' lang='grc' dir='ltr'>ζητοῦντός</span> <span class='ocrx_word' id='word_1_333' title='bbox 3226 2007 3374 2060; x_wconf 81' lang='grc' dir='ltr'>ἐστιν</span> <span class='ocrx_word' id='word_1_334' title='bbox 3403 2004 3603 2067; x_wconf 79' lang='grc' dir='ltr'><strong>αἰτίαν,</strong></span> 
     </span>
    </p>
   </div>
   <div class='ocr_carea' id='block_1_46' title="bbox 2034 2093 3604 2177">
    <p class='ocr_par' dir='ltr' id='par_1_46' title="bbox 2034 2093 3604 2177">
     <span class='ocr_line' id='line_1_46' title="bbox 2034 2093 3604 2177; baseline -0.01 -17"><span class='ocrx_word' id='word_1_335' title='bbox 2034 2105 2172 2160; x_wconf 87' lang='grc' dir='ltr'><strong>ἀλλά</strong></span> <span class='ocrx_word' id='word_1_336' title='bbox 2200 2105 2298 2177; x_wconf 83' lang='grc' dir='ltr'><strong>τὴν</strong></span> <span class='ocrx_word' id='word_1_337' title='bbox 2324 2104 2696 2176; x_wconf 81' lang='grc' dir='ltr'><strong>ἀληθεστάτην</strong></span> <span class='ocrx_word' id='word_1_338' title='bbox 2741 2103 2836 2156; x_wconf 77' lang='grc' dir='ltr'>καὶ</span> <span class='ocrx_word' id='word_1_339' title='bbox 2865 2101 2972 2172; x_wconf 80' lang='grc' dir='ltr'><strong>πρὸ</strong></span> <span class='ocrx_word' id='word_1_340' title='bbox 3000 2099 3294 2171; x_wconf 80' lang='grc' dir='ltr'><strong>ὀφθαλμῶν</strong></span> <span class='ocrx_word' id='word_1_341' title='bbox 3317 2093 3604 2166; x_wconf 84' lang='grc' dir='ltr'>παρορῶν-</span> 
     </span>
    </p>
   </div>
   <div class='ocr_carea' id='block_1_47' title="bbox 2033 2181 3606 2268">
    <p class='ocr_par' dir='ltr' id='par_1_47' title="bbox 2033 2181 3606 2268">
     <span class='ocr_line' id='line_1_47' title="bbox 2033 2181 3606 2268; baseline -0.01 -16"><span class='ocrx_word' id='word_1_342' title='bbox 2033 2217 2126 2264; x_wconf 88' lang='grc' dir='ltr'><strong>τος</strong></span> <span class='ocrx_word' id='word_1_343' title='bbox 2145 2240 2161 2265; x_wconf 83' lang='grc'><strong>,</strong></span> <span class='ocrx_word' id='word_1_344' title='bbox 2191 2199 2286 2252; x_wconf 76' lang='grc' dir='ltr'><strong>καὶ</strong></span> <span class='ocrx_word' id='word_1_345' title='bbox 2317 2196 2620 2268; x_wconf 73' lang='grc' dir='ltr'>προφάσεις</span> <span class='ocrx_word' id='word_1_346' title='bbox 2669 2193 3167 2264; x_wconf 81' lang='grc' dir='ltr'>ἐκμηχανωμένου,</span> <span class='ocrx_word' id='word_1_347' title='bbox 3201 2191 3269 2245; x_wconf 83' lang='grc' dir='ltr'><strong>δι’</strong></span> <span class='ocrx_word' id='word_1_348' title='bbox 3300 2181 3374 2243; x_wconf 81' lang='grc' dir='ltr'><strong>ὧν</strong></span> <span class='ocrx_word' id='word_1_349' title='bbox 3407 2187 3467 2240; x_wconf 82' lang='grc' dir='ltr'>ού</span> <span class='ocrx_word' id='word_1_350' title='bbox 3505 2185 3606 2255; x_wconf 73' lang='grc' dir='ltr'><strong>μὲν</strong></span> 
     </span>
    </p>
   </div>
   <div class='ocr_carea' id='block_1_48' title="bbox 2032 2277 3604 2359">
    <p class='ocr_par' dir='ltr' id='par_1_48' title="bbox 2032 2277 3604 2359">
     <span class='ocr_line' id='line_1_48' title="bbox 2032 2277 3604 2359; baseline -0.011 -14"><span class='ocrx_word' id='word_1_351' title='bbox 2032 2287 2127 2345; x_wconf 79' lang='grc' dir='ltr'><strong>οὗν</strong></span> <span class='ocrx_word' id='word_1_352' title='bbox 2157 2291 2258 2344; x_wconf 83' lang='grc' dir='ltr'><strong>οὐκ</strong></span> <span class='ocrx_word' id='word_1_353' title='bbox 2284 2289 2508 2359; x_wconf 79' lang='grc' dir='ltr'>ἔχοντας</span> <span class='ocrx_word' id='word_1_354' title='bbox 2539 2287 2720 2341; x_wconf 79' lang='grc' dir='ltr'>αἰτίαν</span> <span class='ocrx_word' id='word_1_355' title='bbox 2751 2285 2954 2352; x_wconf 77' lang='grc' dir='ltr'>δόξαις,</span> <span class='ocrx_word' id='word_1_356' title='bbox 2997 2284 3099 2337; x_wconf 85' lang='grc' dir='ltr'>ούκ</span> <span class='ocrx_word' id='word_1_357' title='bbox 3135 2283 3202 2336; x_wconf 78' lang='grc' dir='ltr'>ἂν</span> <span class='ocrx_word' id='word_1_358' title='bbox 3231 2277 3604 2350; x_wconf 79' lang='grc' dir='ltr'><strong>ἀναισχύντως</strong></span> 
     </span>
    </p>
   </div>
   <div class='ocr_carea' id='block_1_49' title="bbox 2033 2368 3602 2450">
    <p class='ocr_par' dir='ltr' id='par_1_49' title="bbox 2033 2368 3602 2450">
     <span class='ocr_line' id='line_1_49' title="bbox 2033 2368 3602 2450; baseline -0.01 -14"><span class='ocrx_word' id='word_1_359' title='bbox 2033 2383 2152 2438; x_wconf 85' lang='grc' dir='ltr'>λίαν</span> <span class='ocrx_word' id='word_1_360' title='bbox 2186 2380 2374 2444; x_wconf 85' lang='grc' dir='ltr'>κακῶς</span> <span class='ocrx_word' id='word_1_361' title='bbox 2416 2380 2565 2450; x_wconf 77' lang='grc' dir='ltr'>ἡμᾶς</span> <span class='ocrx_word' id='word_1_362' title='bbox 2612 2379 2808 2430; x_wconf 79' lang='grc' dir='ltr'>εἰπεῖν.</span> <span class='ocrx_word' id='word_1_363' title='bbox 2871 2375 3010 2428; x_wconf 82' lang='grc' dir='ltr'><strong>Ἀλλ’</strong></span> <span class='ocrx_word' id='word_1_364' title='bbox 3059 2376 3093 2444; x_wconf 81' lang='grc' dir='ltr'>ἡ</span> <span class='ocrx_word' id='word_1_365' title='bbox 3146 2373 3245 2444; x_wconf 80' lang='grc' dir='ltr'><strong>μὲν</strong></span> <span class='ocrx_word' id='word_1_366' title='bbox 3289 2372 3417 2440; x_wconf 77' lang='grc' dir='ltr'>περὶ</span> <span class='ocrx_word' id='word_1_367' title='bbox 3455 2368 3602 2438; x_wconf 82' lang='grc' dir='ltr'>ἡμᾶς</span> 
     </span>
    </p>
   </div>
   <div class='ocr_carea' id='block_1_50' title="bbox 2033 2457 3600 2544">
    <p class='ocr_par' dir='ltr' id='par_1_50' title="bbox 2033 2457 3600 2544">
     <span class='ocr_line' id='line_1_50' title="bbox 2033 2457 3600 2544; baseline -0.011 -17"><span class='ocrx_word' id='word_1_368' title='bbox 2033 2473 2226 2544; x_wconf 80' lang='grc' dir='ltr'>σκηνὴ,</span> <span class='ocrx_word' id='word_1_369' title='bbox 2259 2474 2353 2526; x_wconf 69' lang='grc' dir='ltr'><strong>καὶ</strong></span> <span class='ocrx_word' id='word_1_370' title='bbox 2385 2471 2446 2524; x_wconf 80' lang='grc' dir='ltr'><strong>τὸ</strong></span> <span class='ocrx_word' id='word_1_371' title='bbox 2476 2469 2702 2540; x_wconf 87' lang='grc' dir='ltr'>θέατρον</span> <span class='ocrx_word' id='word_1_372' title='bbox 2725 2508 2742 2534; x_wconf 95' lang='grc'>,</span> <span class='ocrx_word' id='word_1_373' title='bbox 2775 2466 3029 2536; x_wconf 81' lang='grc' dir='ltr'><strong>τοιαύτην</strong></span> <span class='ocrx_word' id='word_1_374' title='bbox 3060 2463 3220 2535; x_wconf 78' lang='grc' dir='ltr'>ἔλαχε</span> <span class='ocrx_word' id='word_1_375' title='bbox 3262 2461 3362 2534; x_wconf 83' lang='grc' dir='ltr'><strong>τὴν</strong></span> <span class='ocrx_word' id='word_1_376' title='bbox 3393 2457 3600 2512; x_wconf 87' lang='grc' dir='ltr'>ὑποϐά-</span> 
     </span>
    </p>
   </div>
   <div class='ocr_carea' id='block_1_51' title="bbox 2031 2547 3597 2633">
    <p class='ocr_par' dir='ltr' id='par_1_51' title="bbox 2031 2547 3597 2633">
     <span class='ocr_line' id='line_1_51' title="bbox 2031 2547 3597 2633; baseline -0.012 -17"><span class='ocrx_word' id='word_1_377' title='bbox 2031 2562 2185 2633; x_wconf 75' lang='grc' dir='ltr'>θρανο</span> <span class='ocrx_word' id='word_1_378' title='bbox 2214 2563 2282 2615; x_wconf 79' lang='grc' dir='ltr'><strong>τὰ</strong></span> <span class='ocrx_word' id='word_1_379' title='bbox 2311 2561 2356 2615; x_wconf 89' lang='grc' dir='ltr'>δ’</span> <span class='ocrx_word' id='word_1_380' title='bbox 2382 2561 2538 2626; x_wconf 83' lang='grc' dir='ltr'>ἀλλα,</span> <span class='ocrx_word' id='word_1_381' title='bbox 2581 2557 2816 2628; x_wconf 88' lang='grc' dir='ltr'>σπουδὴν</span> <span class='ocrx_word' id='word_1_382' title='bbox 2847 2556 2958 2625; x_wconf 86' lang='grc' dir='ltr'><strong>όρῶ</strong></span> <span class='ocrx_word' id='word_1_383' title='bbox 2988 2553 3178 2608; x_wconf 86' lang='grc' dir='ltr'>παιδία</span> <span class='ocrx_word' id='word_1_384' title='bbox 3209 2547 3597 2617; x_wconf 84' lang='grc' dir='ltr'>σπενδομένην,</span> 
     </span>
    </p>
   </div>
   <div class='ocr_carea' id='block_1_52' title="bbox 2029 2639 3598 2722">
    <p class='ocr_par' dir='ltr' id='par_1_52' title="bbox 2029 2639 3598 2722">
     <span class='ocr_line' id='line_1_52' title="bbox 2029 2639 3598 2722; baseline -0.01 -15"><span class='ocrx_word' id='word_1_385' title='bbox 2029 2653 2123 2708; x_wconf 80' lang='grc' dir='ltr'>καὶ</span> <span class='ocrx_word' id='word_1_386' title='bbox 2160 2653 2460 2722; x_wconf 83' lang='grc' dir='ltr'>κατήφειαν</span> <span class='ocrx_word' id='word_1_387' title='bbox 2511 2649 2745 2718; x_wconf 84' lang='grc' dir='ltr'>γέλωτι,</span> <span class='ocrx_word' id='word_1_388' title='bbox 2785 2647 2883 2700; x_wconf 61' lang='grc' dir='ltr'><strong>καὶ⁹</strong></span> <span class='ocrx_word' id='word_1_389' title='bbox 2925 2646 3170 2715; x_wconf 83' lang='grc' dir='ltr'>κωμικὸν</span> <span class='ocrx_word' id='word_1_390' title='bbox 3211 2641 3370 2713; x_wconf 81' lang='grc' dir='ltr'>χορὸν</span> <span class='ocrx_word' id='word_1_391' title='bbox 3404 2639 3598 2711; x_wconf 79' lang='grc' dir='ltr'>ᾄδοντα</span> 
     </span>
    </p>
   </div>
   <div class='ocr_carea' id='block_1_53' title="bbox 2026 2730 3594 2816">
    <p class='ocr_par' dir='ltr' id='par_1_53' title="bbox 2026 2730 3594 2816">
     <span class='ocr_line' id='line_1_53' title="bbox 2026 2730 3594 2816; baseline -0.01 -16"><span class='ocrx_word' id='word_1_392' title='bbox 2026 2746 2256 2816; x_wconf 81' lang='grc' dir='ltr'>δάκρυα.</span> <span class='ocrx_word' id='word_1_393' title='bbox 2287 2742 2362 2796; x_wconf 87' lang='grc' dir='ltr'>Τὸ</span> <span class='ocrx_word' id='word_1_394' title='bbox 2394 2741 2493 2813; x_wconf 85' lang='grc' dir='ltr'>μὲν</span> <span class='ocrx_word' id='word_1_395' title='bbox 2524 2741 2632 2809; x_wconf 84' lang='grc' dir='ltr'>γὰρ</span> <span class='ocrx_word' id='word_1_396' title='bbox 2661 2737 2946 2809; x_wconf 85' lang='grc' dir='ltr'>ὀδύρεσθαι</span> <span class='ocrx_word' id='word_1_397' title='bbox 2972 2737 3042 2788; x_wconf 76' lang='grc' dir='ltr'><strong>τὰ</strong></span> <span class='ocrx_word' id='word_1_398' title='bbox 3066 2732 3473 2805; x_wconf 86' lang='grc' dir='ltr'>συμϐεϐηκότα.</span> <span class='ocrx_word' id='word_1_399' title='bbox 3498 2730 3594 2785; x_wconf 85' lang='grc' dir='ltr'>καὶ</span> 
     </span>
    </p>
   </div>
   <div class='ocr_carea' id='block_1_54' title="bbox 355 2825 1920 2907">
    <p class='ocr_par' dir='ltr' id='par_1_54' title="bbox 355 2827 1920 2901">
     <span class='ocr_line' id='line_1_54' title="bbox 355 2827 1920 2901; baseline -0.003 -15"><span class='ocrx_word' id='word_1_400' title='bbox 355 2833 531 2887; x_wconf 90' lang='lat' dir='ltr'><strong>dicam</strong></span> <span class='ocrx_word' id='word_1_401' title='bbox 565 2850 579 2886; x_wconf 90' lang='lat'><strong>:</strong></span> <span class='ocrx_word' id='word_1_402' title='bbox 612 2832 882 2898; x_wconf 83' lang='lat' dir='ltr'><strong>Quorsum</strong></span> <span class='ocrx_word' id='word_1_403' title='bbox 938 2839 992 2885; x_wconf 89' lang='lat' dir='ltr'><strong>te</strong></span> <span class='ocrx_word' id='word_1_404' title='bbox 1045 2830 1288 2901; x_wconf 84' lang='lat' dir='ltr'><strong>exagitas</strong></span> <span class='ocrx_word' id='word_1_405' title='bbox 1338 2843 1434 2896; x_wconf 92' lang='lat' dir='ltr'><strong>pro</strong></span> <span class='ocrx_word' id='word_1_406' title='bbox 1469 2827 1609 2889; x_wconf 89' lang='lat' dir='ltr'><strong>alio,</strong></span> <span class='ocrx_word' id='word_1_407' title='bbox 1660 2827 1792 2897; x_wconf 93' lang='lat' dir='ltr'><strong>quid</strong></span> <span class='ocrx_word' id='word_1_408' title='bbox 1836 2841 1920 2881; x_wconf 89' lang='lat' dir='ltr'><strong>res</strong></span> 
     </span>
    </p>
   </div>
   <div class='ocr_carea' id='block_1_55' title="bbox 2022 2825 3591 2907">
    <p class='ocr_par' dir='ltr' id='par_1_55' title="bbox 2025 2825 3591 2907">
     <span class='ocr_line' id='line_1_55' title="bbox 2025 2825 3591 2907; baseline -0.008 -17"><span class='ocrx_word' id='word_1_409' title='bbox 2025 2838 2164 2907; x_wconf 84' lang='grc' dir='ltr'>πρὸς</span> <span class='ocrx_word' id='word_1_410' title='bbox 2194 2833 2340 2904; x_wconf 88' lang='grc' dir='ltr'>πάθη</span> <span class='ocrx_word' id='word_1_411' title='bbox 2370 2835 2464 2887; x_wconf 62' lang='grc' dir='ltr'><strong>καὶ¹</strong></span> <span class='ocrx_word' id='word_1_412' title='bbox 2499 2831 2689 2894; x_wconf 84' lang='grc' dir='ltr'>νόσους</span> <span class='ocrx_word' id='word_1_413' title='bbox 2721 2831 2816 2883; x_wconf 69' lang='grc' dir='ltr'>καὶ</span> <span class='ocrx_word' id='word_1_414' title='bbox 2849 2828 3022 2898; x_wconf 84' lang='grc' dir='ltr'>τύχας</span> <span class='ocrx_word' id='word_1_415' title='bbox 3053 2826 3443 2895; x_wconf 82' lang='grc' dir='ltr'>καταφεύγειν,</span> <span class='ocrx_word' id='word_1_416' title='bbox 3489 2825 3591 2894; x_wconf 77' lang='grc' dir='ltr'><strong>ψυ-</strong></span> 
     </span>
    </p>
   </div>
   <div class='ocr_carea' id='block_1_56' title="bbox 349 2915 1920 3000">
    <p class='ocr_par' dir='ltr' id='par_1_56' title="bbox 349 2919 1920 2999">
     <span class='ocr_line' id='line_1_56' title="bbox 349 2919 1920 2999; baseline -0.004 -21"><span class='ocrx_word' id='word_1_417' title='bbox 349 2939 625 2994; x_wconf 69' lang='grc' dir='ltr'>ιιιοερετω</span> <span class='ocrx_word' id='word_1_418' title='bbox 658 2924 802 2978; x_wconf 91' lang='lat' dir='ltr'><strong>illius</strong></span> <span class='ocrx_word' id='word_1_419' title='bbox 837 2933 889 2977; x_wconf 91' lang='lat' dir='ltr'><strong>te</strong></span> <span class='ocrx_word' id='word_1_420' title='bbox 943 2920 1268 2990; x_wconf 87' lang='lat' dir='ltr'><strong>respiciunt,</strong></span> <span class='ocrx_word' id='word_1_421' title='bbox 1310 2919 1403 2999; x_wconf 82' lang='lat' dir='ltr'><strong>qui</strong></span> <span class='ocrx_word' id='word_1_422' title='bbox 1465 2936 1575 2973; x_wconf 90' lang='lat' dir='ltr'><strong>non</strong></span> <span class='ocrx_word' id='word_1_423' title='bbox 1603 2920 1920 2975; x_wconf 88' lang='lat' dir='ltr'><strong>relationem</strong></span> 
     </span>
    </p>
   </div>
   <div class='ocr_carea' id='block_1_57' title="bbox 2022 2915 3587 3000">
    <p class='ocr_par' dir='ltr' id='par_1_57' title="bbox 2023 2915 3587 3000">
     <span class='ocr_line' id='line_1_57' title="bbox 2023 2915 3587 3000; baseline -0.008 -20"><span class='ocrx_word' id='word_1_424' title='bbox 2023 2928 2127 3000; x_wconf 82' lang='grc' dir='ltr'><strong>χῆς</strong></span> <span class='ocrx_word' id='word_1_425' title='bbox 2161 2929 2308 2980; x_wconf 79' lang='grc' dir='ltr'>ἐστιν</span> <span class='ocrx_word' id='word_1_426' title='bbox 2334 2922 2757 2995; x_wconf 83' lang='grc' dir='ltr'>ὀλοφυρομένης,</span> <span class='ocrx_word' id='word_1_427' title='bbox 2785 2920 2882 2974; x_wconf 76' lang='grc' dir='ltr'><strong>καὶ</strong></span> <span class='ocrx_word' id='word_1_428' title='bbox 2914 2916 3324 2986; x_wconf 83' lang='grc' dir='ltr'><strong>σπουδαζούσης</strong></span> <span class='ocrx_word' id='word_1_429' title='bbox 3353 2915 3587 2985; x_wconf 82' lang='grc' dir='ltr'>ἀληθῶς·</span> 
     </span>
    </p>
   </div>
   <div class='ocr_carea' id='block_1_58' title="bbox 346 3006 1920 3090">
    <p class='ocr_par' dir='ltr' id='par_1_58' title="bbox 346 3011 1920 3070">
     <span class='ocr_line' id='line_1_58' title="bbox 346 3011 1920 3070; baseline -0.003 -1"><span class='ocrx_word' id='word_1_430' title='bbox 346 3015 515 3070; x_wconf 83' lang='lat' dir='ltr'><strong>habet</strong></span> <span class='ocrx_word' id='word_1_431' title='bbox 547 3015 613 3069; x_wconf 86' lang='lat' dir='ltr'><strong>ad</strong></span> <span class='ocrx_word' id='word_1_432' title='bbox 652 3013 743 3068; x_wconf 82' lang='lat' dir='ltr'><strong>te?</strong></span> <span class='ocrx_word' id='word_1_433' title='bbox 773 3011 1034 3068; x_wconf 89' lang='lat' dir='ltr'><strong>Permitte</strong></span> <span class='ocrx_word' id='word_1_434' title='bbox 1071 3011 1222 3066; x_wconf 90' lang='lat' dir='ltr'><strong>illum</strong></span> <span class='ocrx_word' id='word_1_435' title='bbox 1251 3011 1425 3065; x_wconf 87' lang='lat' dir='ltr'><strong>reatui</strong></span> <span class='ocrx_word' id='word_1_436' title='bbox 1454 3025 1556 3065; x_wconf 92' lang='lat' dir='ltr'><strong>suo</strong></span> <span class='ocrx_word' id='word_1_437' title='bbox 1599 3029 1614 3064; x_wconf 91' lang='lat'><strong>:</strong></span> <span class='ocrx_word' id='word_1_438' title='bbox 1649 3020 1704 3066; x_wconf 91' lang='lat' dir='ltr'><strong>et</strong></span> <span class='ocrx_word' id='word_1_439' title='bbox 1731 3012 1777 3066; x_wconf 93' lang='lat' dir='ltr'><strong>si</strong></span> <span class='ocrx_word' id='word_1_440' title='bbox 1822 3011 1920 3067; x_wconf 90' lang='lat' dir='ltr'><strong>tibi</strong></span> 
     </span>
    </p>
   </div>
   <div class='ocr_carea' id='block_1_59' title="bbox 2022 3006 3590 3090">
    <p class='ocr_par' dir='ltr' id='par_1_59' title="bbox 2023 3006 3590 3090">
     <span class='ocr_line' id='line_1_59' title="bbox 2023 3006 3590 3090; baseline -0.011 -16"><span class='ocrx_word' id='word_1_441' title='bbox 2023 3021 2077 3074; x_wconf 88' lang='grc' dir='ltr'>εί</span> <span class='ocrx_word' id='word_1_442' title='bbox 2102 3039 2155 3074; x_wconf 91' lang='grc' dir='ltr'><strong>τι</strong></span> <span class='ocrx_word' id='word_1_443' title='bbox 2185 3019 2281 3073; x_wconf 71' lang='grc' dir='ltr'><strong>καὶ</strong></span> <span class='ocrx_word' id='word_1_444' title='bbox 2313 3017 2648 3090; x_wconf 75' lang='grc' dir='ltr'>προσείληφε</span> <span class='ocrx_word' id='word_1_445' title='bbox 2687 3014 2798 3068; x_wconf 81' lang='grc' dir='ltr'><strong>τῶν</strong></span> <span class='ocrx_word' id='word_1_446' title='bbox 2828 3011 3063 3082; x_wconf 79' lang='grc' dir='ltr'><strong>κηλίδων</strong></span> <span class='ocrx_word' id='word_1_447' title='bbox 3092 3008 3481 3079; x_wconf 81' lang='grc' dir='ltr'>ἀπονίψασθαι.</span> <span class='ocrx_word' id='word_1_448' title='bbox 3515 3006 3590 3058; x_wconf 76' lang='grc' dir='ltr'>Ἰδ</span> 
     </span>
    </p>
   </div>
   <div class='ocr_carea' id='block_1_60' title="bbox 347 3097 1920 3180">
    <p class='ocr_par' dir='ltr' id='par_1_60' title="bbox 347 3103 1913 3176">
     <span class='ocr_line' id='line_1_60' title="bbox 347 3103 1913 3176; baseline -0.003 -15"><span class='ocrx_word' id='word_1_449' title='bbox 347 3106 615 3176; x_wconf 88' lang='lat' dir='ltr'><strong>torqueri,</strong></span> <span class='ocrx_word' id='word_1_450' title='bbox 652 3104 948 3166; x_wconf 87' lang='lat' dir='ltr'><strong>verberari,</strong></span> <span class='ocrx_word' id='word_1_451' title='bbox 976 3103 1088 3172; x_wconf 89' lang='lat' dir='ltr'><strong>pati</strong></span> <span class='ocrx_word' id='word_1_452' title='bbox 1117 3118 1241 3172; x_wconf 83' lang='lat' dir='ltr'><strong>quae</strong></span> <span class='ocrx_word' id='word_1_453' title='bbox 1265 3103 1486 3174; x_wconf 84' lang='lat' dir='ltr'><strong>dignum</strong></span> <span class='ocrx_word' id='word_1_454' title='bbox 1517 3111 1602 3157; x_wconf 91' lang='lat' dir='ltr'><strong>est</strong></span> <span class='ocrx_word' id='word_1_455' title='bbox 1628 3119 1752 3158; x_wconf 88' lang='lat' dir='ltr'><strong>eum</strong></span> <span class='ocrx_word' id='word_1_456' title='bbox 1778 3104 1913 3174; x_wconf 89' lang='lat' dir='ltr'><strong>pati,</strong></span> 
     </span>
    </p>
   </div>
   <div class='ocr_carea' id='block_1_61' title="bbox 2022 3097 3594 3180">
    <p class='ocr_par' dir='ltr' id='par_1_61' title="bbox 2022 3097 3594 3180">
     <span class='ocr_line' id='line_1_61' title="bbox 2022 3097 3594 3180; baseline -0.009 -15"><span class='ocrx_word' id='word_1_457' title='bbox 2022 3112 2064 3166; x_wconf 84' lang='grc' dir='ltr'>δ’</span> <span class='ocrx_word' id='word_1_458' title='bbox 2104 3111 2264 3165; x_wconf 84' lang='grc' dir='ltr'>ἄλλον</span> <span class='ocrx_word' id='word_1_459' title='bbox 2293 3110 2392 3180; x_wconf 81' lang='grc' dir='ltr'>μὲν</span> <span class='ocrx_word' id='word_1_460' title='bbox 2423 3108 2604 3176; x_wconf 86' lang='grc' dir='ltr'>λέγειν</span> <span class='ocrx_word' id='word_1_461' title='bbox 2634 3105 2724 3159; x_wconf 83' lang='grc' dir='ltr'>τὸν</span> <span class='ocrx_word' id='word_1_462' title='bbox 2748 3103 3109 3175; x_wconf 83' lang='grc' dir='ltr'>ἀμαρτηκότα</span> <span class='ocrx_word' id='word_1_463' title='bbox 3129 3143 3144 3166; x_wconf 92' lang='grc'><strong>,</strong></span> <span class='ocrx_word' id='word_1_464' title='bbox 3186 3101 3378 3172; x_wconf 70' lang='grc' dir='ltr'>ἕτερον</span> <span class='ocrx_word' id='word_1_465' title='bbox 3406 3098 3464 3152; x_wconf 85' lang='grc' dir='ltr'><strong>δὲ</strong></span> <span class='ocrx_word' id='word_1_466' title='bbox 3501 3097 3594 3151; x_wconf 76' lang='grc' dir='ltr'><strong>τὸν</strong></span> 
     </span>
    </p>
   </div>
   <div class='ocr_carea' id='block_1_62' title="bbox 345 3184 1920 3276">
    <p class='ocr_par' dir='ltr' id='par_1_62' title="bbox 345 3192 1916 3264">
     <span class='ocr_line' id='line_1_62' title="bbox 345 3192 1916 3264; baseline -0.002 -15"><span class='ocrx_word' id='word_1_467' title='bbox 345 3195 439 3264; x_wconf 88' lang='lat' dir='ltr'><strong>qui</strong></span> <span class='ocrx_word' id='word_1_468' title='bbox 484 3195 538 3249; x_wconf 92' lang='lat' dir='ltr'><strong>in</strong></span> <span class='ocrx_word' id='word_1_469' title='bbox 579 3203 632 3249; x_wconf 93' lang='lat' dir='ltr'><strong>te</strong></span> <span class='ocrx_word' id='word_1_470' title='bbox 673 3192 931 3248; x_wconf 88' lang='lat' dir='ltr'><strong>malitiem</strong></span> <span class='ocrx_word' id='word_1_471' title='bbox 973 3195 1236 3257; x_wconf 76' lang='lat' dir='ltr'><strong>exercuit,</strong></span> <span class='ocrx_word' id='word_1_472' title='bbox 1305 3201 1362 3248; x_wconf 91' lang='lat' dir='ltr'><strong>et</strong></span> <span class='ocrx_word' id='word_1_473' title='bbox 1431 3193 1688 3247; x_wconf 88' lang='lat' dir='ltr'><strong>virtutem</strong></span> <span class='ocrx_word' id='word_1_474' title='bbox 1746 3193 1916 3263; x_wconf 78' lang='lat' dir='ltr'><strong>ipsam</strong></span> 
     </span>
    </p>
   </div>
   <div class='ocr_carea' id='block_1_63' title="bbox 2022 3184 3593 3276">
    <p class='ocr_par' dir='ltr' id='par_1_63' title="bbox 2022 3184 3593 3273">
     <span class='ocr_line' id='line_1_63' title="bbox 2022 3184 3593 3273; baseline -0.01 -17"><span class='ocrx_word' id='word_1_475' title='bbox 2022 3203 2162 3273; x_wconf 86' lang='grc' dir='ltr'>ὑπὲρ</span> <span class='ocrx_word' id='word_1_476' title='bbox 2199 3201 2409 3254; x_wconf 82' lang='grc' dir='ltr'>ἐκείνου</span> <span class='ocrx_word' id='word_1_477' title='bbox 2448 3198 2696 3266; x_wconf 85' lang='grc' dir='ltr'>λέγοντα,</span> <span class='ocrx_word' id='word_1_478' title='bbox 2745 3195 2836 3249; x_wconf 81' lang='grc' dir='ltr'><strong>ἵνα</strong></span> <span class='ocrx_word' id='word_1_479' title='bbox 2888 3195 2964 3266; x_wconf 84' lang='grc' dir='ltr'>μὴ</span> <span class='ocrx_word' id='word_1_480' title='bbox 3006 3193 3153 3261; x_wconf 87' lang='grc' dir='ltr'>λέγω</span> <span class='ocrx_word' id='word_1_481' title='bbox 3190 3191 3350 3254; x_wconf 80' lang='grc' dir='ltr'>τέως.</span> <span class='ocrx_word' id='word_1_482' title='bbox 3390 3189 3458 3248; x_wconf 74' lang='grc' dir='ltr'><strong>Ἑί</strong></span> <span class='ocrx_word' id='word_1_483' title='bbox 3499 3184 3593 3242; x_wconf 82' lang='grc' dir='ltr'><strong>οὖν</strong></span> 
     </span>
    </p>
   </div>
   <div class='ocr_carea' id='block_1_64' title="bbox 344 3280 1920 3364">
    <p class='ocr_par' dir='ltr' id='par_1_64' title="bbox 344 3281 1918 3353">
     <span class='ocr_line' id='line_1_64' title="bbox 344 3281 1918 3353; baseline 0 -15"><span class='ocrx_word' id='word_1_484' title='bbox 344 3282 694 3338; x_wconf 88' lang='lat' dir='ltr'><strong>contumeliis</strong></span> <span class='ocrx_word' id='word_1_485' title='bbox 729 3281 908 3336; x_wconf 85' lang='lat' dir='ltr'><strong>affecit</strong></span> <span class='ocrx_word' id='word_1_486' title='bbox 955 3298 968 3333; x_wconf 93' lang='lat'>:</span> <span class='ocrx_word' id='word_1_487' title='bbox 1022 3295 1094 3335; x_wconf 91' lang='lat' dir='ltr'><strong>ne</strong></span> <span class='ocrx_word' id='word_1_488' title='bbox 1131 3281 1337 3351; x_wconf 92' lang='lat' dir='ltr'><strong>aliquid</strong></span> <span class='ocrx_word' id='word_1_489' title='bbox 1381 3282 1689 3350; x_wconf 66' lang='lat' dir='ltr'><strong>huiusmodi</strong></span> <span class='ocrx_word' id='word_1_490' title='bbox 1736 3285 1918 3353; x_wconf 84' lang='lat' dir='ltr'><strong>profe-</strong></span> 
     </span>
    </p>
   </div>
   <div class='ocr_carea' id='block_1_65' title="bbox 2022 3280 3589 3364">
    <p class='ocr_par' dir='ltr' id='par_1_65' title="bbox 2022 3280 3589 3364">
     <span class='ocr_line' id='line_1_65' title="bbox 2022 3280 3589 3364; baseline -0.009 -17"><span class='ocrx_word' id='word_1_491' title='bbox 2022 3295 2162 3364; x_wconf 84' lang='grc' dir='ltr'>ὑπὲρ</span> <span class='ocrx_word' id='word_1_492' title='bbox 2193 3291 2380 3362; x_wconf 86' lang='grc' dir='ltr'>ἐτέρου</span> <span class='ocrx_word' id='word_1_493' title='bbox 2422 3291 2644 3353; x_wconf 87' lang='grc' dir='ltr'>κόπτεις</span> <span class='ocrx_word' id='word_1_494' title='bbox 2682 3287 2940 3354; x_wconf 87' lang='grc' dir='ltr'>σεαυτύν;</span> <span class='ocrx_word' id='word_1_495' title='bbox 2987 3286 3040 3339; x_wconf 91' lang='grc' dir='ltr'>τί</span> <span class='ocrx_word' id='word_1_496' title='bbox 3082 3285 3140 3338; x_wconf 86' lang='grc' dir='ltr'><strong>δέ</strong></span> <span class='ocrx_word' id='word_1_497' title='bbox 3181 3300 3266 3338; x_wconf 91' lang='grc' dir='ltr'>σοι</span> <span class='ocrx_word' id='word_1_498' title='bbox 3312 3281 3460 3353; x_wconf 83' lang='grc' dir='ltr'>μέλει</span> <span class='ocrx_word' id='word_1_499' title='bbox 3495 3280 3589 3334; x_wconf 80' lang='grc' dir='ltr'><strong>τοῦ</strong></span> 
     </span>
    </p>
   </div>
   <div class='ocr_carea' id='block_1_66' title="bbox 341 3373 1920 3455">
    <p class='ocr_par' dir='ltr' id='par_1_66' title="bbox 341 3373 1917 3445">
     <span class='ocr_line' id='line_1_66' title="bbox 341 3373 1917 3445; baseline -0.001 -15"><span class='ocrx_word' id='word_1_500' title='bbox 341 3390 458 3430; x_wconf 82' lang='lat' dir='ltr'><strong>ram</strong></span> <span class='ocrx_word' id='word_1_501' title='bbox 501 3374 578 3445; x_wconf 90' lang='lat' dir='ltr'><strong>(in</strong></span> <span class='ocrx_word' id='word_1_502' title='bbox 631 3374 854 3430; x_wconf 87' lang='lat' dir='ltr'><strong>ludicris</strong></span> <span class='ocrx_word' id='word_1_503' title='bbox 899 3373 1043 3427; x_wconf 88' lang='lat' dir='ltr'><strong>serio</strong></span> <span class='ocrx_word' id='word_1_504' title='bbox 1087 3374 1356 3444; x_wconf 83' lang='lat' dir='ltr'><strong>agendum</strong></span> <span class='ocrx_word' id='word_1_505' title='bbox 1404 3389 1516 3428; x_wconf 91' lang='lat' dir='ltr'><strong>non</strong></span> <span class='ocrx_word' id='word_1_506' title='bbox 1565 3376 1690 3443; x_wconf 91' lang='lat' dir='ltr'><strong>est),</strong></span> <span class='ocrx_word' id='word_1_507' title='bbox 1736 3383 1917 3429; x_wconf 89' lang='lat' dir='ltr'><strong>tamen</strong></span> 
     </span>
    </p>
   </div>
   <div class='ocr_carea' id='block_1_67' title="bbox 2022 3373 3587 3455">
    <p class='ocr_par' dir='ltr' id='par_1_67' title="bbox 2022 3375 3587 3455">
     <span class='ocr_line' id='line_1_67' title="bbox 2022 3375 3587 3455; baseline -0.008 -17"><span class='ocrx_word' id='word_1_508' title='bbox 2022 3384 2158 3439; x_wconf 87' lang='grc' dir='ltr'>κατά</span> <span class='ocrx_word' id='word_1_509' title='bbox 2191 3383 2356 3455; x_wconf 84' lang='grc' dir='ltr'>μηδέν</span> <span class='ocrx_word' id='word_1_510' title='bbox 2403 3399 2486 3435; x_wconf 91' lang='grc' dir='ltr'>σοι</span> <span class='ocrx_word' id='word_1_511' title='bbox 2516 3381 2917 3451; x_wconf 84' lang='grc' dir='ltr'>προσήκοντος;</span> <span class='ocrx_word' id='word_1_512' title='bbox 2947 3379 3047 3432; x_wconf 84' lang='grc' dir='ltr'><strong>Ἔα</strong></span> <span class='ocrx_word' id='word_1_513' title='bbox 3079 3375 3269 3431; x_wconf 79' lang='grc' dir='ltr'>τοῦτον</span> <span class='ocrx_word' id='word_1_514' title='bbox 3302 3378 3360 3430; x_wconf 82' lang='grc' dir='ltr'><strong>ὲν</strong></span> <span class='ocrx_word' id='word_1_515' title='bbox 3389 3375 3587 3436; x_wconf 76' lang='grc' dir='ltr'>αἰτίαις</span> 
     </span>
    </p>
   </div>
   <div class='ocr_carea' id='block_1_68' title="bbox 341 3463 1920 3544">
    <p class='ocr_par' dir='ltr' id='par_1_68' title="bbox 341 3463 1914 3538">
     <span class='ocr_line' id='line_1_68' title="bbox 341 3463 1914 3538; baseline 0 -17"><span class='ocrx_word' id='word_1_516' title='bbox 341 3481 641 3538; x_wconf 85' lang='lat' dir='ltr'><strong>congruum</strong></span> <span class='ocrx_word' id='word_1_517' title='bbox 680 3473 786 3532; x_wconf 85' lang='lat' dir='ltr'><strong>est,</strong></span> <span class='ocrx_word' id='word_1_518' title='bbox 821 3472 882 3519; x_wconf 93' lang='lat' dir='ltr'><strong>ut</strong></span> <span class='ocrx_word' id='word_1_519' title='bbox 915 3463 970 3518; x_wconf 92' lang='lat' dir='ltr'><strong>id</strong></span> <span class='ocrx_word' id='word_1_520' title='bbox 1001 3478 1192 3520; x_wconf 91' lang='lat' dir='ltr'><strong>omnes</strong></span> <span class='ocrx_word' id='word_1_521' title='bbox 1246 3463 1538 3528; x_wconf 83' lang='lat' dir='ltr'><strong>atlirment,</strong></span> <span class='ocrx_word' id='word_1_522' title='bbox 1591 3464 1914 3534; x_wconf 88' lang='lat' dir='ltr'><strong>sapientiam</strong></span> 
     </span>
    </p>
   </div>
   <div class='ocr_carea' id='block_1_69' title="bbox 2022 3463 3586 3544">
    <p class='ocr_par' dir='ltr' id='par_1_69' title="bbox 2022 3468 3586 3544">
     <span class='ocr_line' id='line_1_69' title="bbox 2022 3468 3586 3544; baseline -0.007 -14"><span class='ocrx_word' id='word_1_523' title='bbox 2022 3473 2177 3541; x_wconf 81' lang='grc' dir='ltr'>εἶναι,</span> <span class='ocrx_word' id='word_1_524' title='bbox 2206 3477 2300 3530; x_wconf 81' lang='grc' dir='ltr'>καὶ</span> <span class='ocrx_word' id='word_1_525' title='bbox 2329 3478 2376 3528; x_wconf 83' lang='grc' dir='ltr'>εί</span> <span class='ocrx_word' id='word_1_526' title='bbox 2404 3475 2461 3528; x_wconf 88' lang='grc' dir='ltr'><strong>δέ</strong></span> <span class='ocrx_word' id='word_1_527' title='bbox 2487 3491 2571 3528; x_wconf 90' lang='grc' dir='ltr'>σοι</span> <span class='ocrx_word' id='word_1_528' title='bbox 2597 3471 3012 3544; x_wconf 80' lang='grc' dir='ltr'>στρεϐλοῦσθαι,</span> <span class='ocrx_word' id='word_1_529' title='bbox 3043 3471 3139 3525; x_wconf 74' lang='grc' dir='ltr'><strong>καὶ</strong></span> <span class='ocrx_word' id='word_1_530' title='bbox 3167 3468 3586 3541; x_wconf 77' lang='grc' dir='ltr'>μαστιγοῦσθαι,</span> 
     </span>
    </p>
   </div>
   <div class='ocr_carea' id='block_1_70' title="bbox 338 3557 1920 3639">
    <p class='ocr_par' dir='ltr' id='par_1_70' title="bbox 338 3557 1916 3628">
     <span class='ocr_line' id='line_1_70' title="bbox 338 3557 1916 3628; baseline -0.001 -16"><span class='ocrx_word' id='word_1_531' title='bbox 338 3557 488 3612; x_wconf 87' lang='lat' dir='ltr'><strong>illam</strong></span> <span class='ocrx_word' id='word_1_532' title='bbox 517 3558 733 3620; x_wconf 89' lang='lat' dir='ltr'><strong>decere,</strong></span> <span class='ocrx_word' id='word_1_533' title='bbox 767 3559 906 3615; x_wconf 87' lang='lat' dir='ltr'><strong>tales</strong></span> <span class='ocrx_word' id='word_1_534' title='bbox 933 3558 1221 3613; x_wconf 87' lang='lat' dir='ltr'><strong>admittere</strong></span> <span class='ocrx_word' id='word_1_535' title='bbox 1239 3557 1536 3628; x_wconf 83' lang='lat' dir='ltr'><strong>apologias,</strong></span> <span class='ocrx_word' id='word_1_536' title='bbox 1572 3573 1708 3627; x_wconf 84' lang='lat' dir='ltr'><strong>quas</strong></span> <span class='ocrx_word' id='word_1_537' title='bbox 1732 3558 1916 3612; x_wconf 88' lang='lat' dir='ltr'><strong>suavis</strong></span> 
     </span>
    </p>
   </div>
   <div class='ocr_carea' id='block_1_71' title="bbox 2022 3557 3587 3639">
    <p class='ocr_par' dir='ltr' id='par_1_71' title="bbox 2022 3562 3587 3639">
     <span class='ocr_line' id='line_1_71' title="bbox 2022 3562 3587 3639; baseline -0.006 -15"><span class='ocrx_word' id='word_1_538' title='bbox 2022 3570 2110 3625; x_wconf 70' lang='grc' dir='ltr'>καὶ</span> <span class='ocrx_word' id='word_1_539' title='bbox 2129 3570 2383 3639; x_wconf 87' lang='grc' dir='ltr'>πάσχειν,</span> <span class='ocrx_word' id='word_1_540' title='bbox 2399 3568 2434 3622; x_wconf 79' lang='grc' dir='ltr'><strong>ἃ</strong></span> <span class='ocrx_word' id='word_1_541' title='bbox 2456 3568 2685 3637; x_wconf 87' lang='grc' dir='ltr'>πάσχειν</span> <span class='ocrx_word' id='word_1_542' title='bbox 2711 3565 2879 3633; x_wconf 85' lang='grc' dir='ltr'>ἄξιος,</span> <span class='ocrx_word' id='word_1_543' title='bbox 2904 3565 3073 3621; x_wconf 82' lang='grc' dir='ltr'>κακὸν</span> <span class='ocrx_word' id='word_1_544' title='bbox 3091 3565 3221 3636; x_wconf 72' lang='grc' dir='ltr'>περὶ</span> <span class='ocrx_word' id='word_1_545' title='bbox 3243 3564 3305 3616; x_wconf 83' lang='grc' dir='ltr'><strong>σέ</strong></span> <span class='ocrx_word' id='word_1_546' title='bbox 3330 3562 3587 3632; x_wconf 82' lang='grc' dir='ltr'>φανέντα,</span> 
     </span>
    </p>
   </div>
   <div class='ocr_carea' id='block_1_72' title="bbox 339 3645 1912 3718">
    <p class='ocr_par' dir='ltr' id='par_1_72' title="bbox 339 3645 1912 3718">
     <span class='ocr_line' id='line_1_72' title="bbox 339 3645 1912 3718; baseline 0.002 -18"><span class='ocrx_word' id='word_1_547' title='bbox 339 3645 432 3701; x_wconf 89' lang='lat' dir='ltr'><strong>ille</strong></span> <span class='ocrx_word' id='word_1_548' title='bbox 461 3647 856 3717; x_wconf 81' lang='lat' dir='ltr'><strong>Aristophanes</strong></span> <span class='ocrx_word' id='word_1_549' title='bbox 885 3657 946 3703; x_wconf 90' lang='lat' dir='ltr'><strong>ut</strong></span> <span class='ocrx_word' id='word_1_550' title='bbox 978 3647 1298 3718; x_wconf 70' lang='lat' dir='ltr'><strong>coryphaeus</strong></span> <span class='ocrx_word' id='word_1_551' title='bbox 1326 3655 1493 3702; x_wconf 84' lang='lat' dir='ltr'><strong>texat.</strong></span> <span class='ocrx_word' id='word_1_552' title='bbox 1521 3649 1593 3702; x_wconf 85' lang='lat' dir='ltr'><strong>At</strong></span> <span class='ocrx_word' id='word_1_553' title='bbox 1620 3649 1765 3703; x_wconf 91' lang='lat' dir='ltr'><strong>enim</strong></span> <span class='ocrx_word' id='word_1_554' title='bbox 1799 3665 1912 3704; x_wconf 90' lang='lat' dir='ltr'><strong>non</strong></span> 
     </span>
    </p>
   </div>
   <div class='ocr_carea' id='block_1_73' title="bbox 339 3733 1912 3809">
    <p class='ocr_par' dir='ltr' id='par_1_73' title="bbox 339 3733 1912 3809">
     <span class='ocr_line' id='line_1_73' title="bbox 339 3733 1912 3809; baseline 0.004 -22"><span class='ocrx_word' id='word_1_555' title='bbox 339 3742 425 3788; x_wconf 87' lang='lat' dir='ltr'><strong>est</strong></span> <span class='ocrx_word' id='word_1_556' title='bbox 456 3733 562 3790; x_wconf 92' lang='lat' dir='ltr'><strong>hoc</strong></span> <span class='ocrx_word' id='word_1_557' title='bbox 585 3734 910 3804; x_wconf 89' lang='lat' dir='ltr'><strong>jucundum,</strong></span> <span class='ocrx_word' id='word_1_558' title='bbox 946 3746 1223 3806; x_wconf 90' lang='lat' dir='ltr'><strong>utcunque</strong></span> <span class='ocrx_word' id='word_1_559' title='bbox 1253 3751 1351 3807; x_wconf 89' lang='lat' dir='ltr'><strong>per</strong></span> <span class='ocrx_word' id='word_1_560' title='bbox 1386 3736 1532 3807; x_wconf 90' lang='lat' dir='ltr'><strong>ipsas</strong></span> <span class='ocrx_word' id='word_1_561' title='bbox 1557 3738 1756 3809; x_wconf 87' lang='lat' dir='ltr'><strong>gratias</strong></span> <span class='ocrx_word' id='word_1_562' title='bbox 1779 3739 1912 3793; x_wconf 85' lang='lat' dir='ltr'><strong>Phi-</strong></span> 
     </span>
    </p>
   </div>
   <div class='ocr_carea' id='block_1_74' title="bbox 336 3822 1912 3886">
    <p class='ocr_par' dir='ltr' id='par_1_74' title="bbox 336 3822 1912 3886">
     <span class='ocr_line' id='line_1_74' title="bbox 336 3822 1912 3886; baseline 0.006 -9"><span class='ocrx_word' id='word_1_563' title='bbox 336 3822 612 3880; x_wconf 87' lang='lat' dir='ltr'><strong>listionem</strong></span> <span class='ocrx_word' id='word_1_564' title='bbox 651 3827 853 3883; x_wconf 86' lang='lat' dir='ltr'><strong>referat</strong></span> <span class='ocrx_word' id='word_1_565' title='bbox 891 3846 905 3882; x_wconf 89' lang='lat'><strong><em>:</em></strong></span> <span class='ocrx_word' id='word_1_566' title='bbox 935 3828 1068 3884; x_wconf 89' lang='lat' dir='ltr'><strong>illud</strong></span> <span class='ocrx_word' id='word_1_567' title='bbox 1115 3837 1297 3883; x_wconf 89' lang='lat' dir='ltr'><strong>autem</strong></span> <span class='ocrx_word' id='word_1_568' title='bbox 1329 3843 1542 3884; x_wconf 90' lang='lat' dir='ltr'><strong>summe</strong></span> <span class='ocrx_word' id='word_1_569' title='bbox 1587 3829 1912 3886; x_wconf 87' lang='lat' dir='ltr'><strong>delectabile</strong></span> 
     </span>
    </p>
   </div>
   <div class='ocr_carea' id='block_1_75' title="bbox 335 3912 1909 3990">
    <p class='ocr_par' dir='ltr' id='par_1_75' title="bbox 335 3912 1909 3990">
     <span class='ocr_line' id='line_1_75' title="bbox 335 3912 1909 3990; baseline 0.007 -23"><span class='ocrx_word' id='word_1_570' title='bbox 335 3912 612 3970; x_wconf 82' lang='lat' dir='ltr'><strong>ludentem</strong></span> <span class='ocrx_word' id='word_1_571' title='bbox 641 3926 932 3973; x_wconf 79' lang='lat' dir='ltr'><strong>contexere</strong></span> <span class='ocrx_word' id='word_1_572' title='bbox 957 3917 1280 3990; x_wconf 90' lang='lat' dir='ltr'><strong>apologiam,</strong></span> <span class='ocrx_word' id='word_1_573' title='bbox 1305 3926 1561 3989; x_wconf 87' lang='lat' dir='ltr'><strong>tanquam</strong></span> <span class='ocrx_word' id='word_1_574' title='bbox 1587 3921 1644 3976; x_wconf 91' lang='lat' dir='ltr'><strong>in</strong></span> <span class='ocrx_word' id='word_1_575' title='bbox 1669 3936 1730 3977; x_wconf 89' lang='lat' dir='ltr'><strong>re</strong></span> <span class='ocrx_word' id='word_1_576' title='bbox 1751 3921 1909 3978; x_wconf 87' lang='lat' dir='ltr'><strong>valde</strong></span> 
     </span>
    </p>
   </div>
   <div class='ocr_carea' id='block_1_76' title="bbox 331 4004 1906 4082">
    <p class='ocr_par' dir='ltr' id='par_1_76' title="bbox 331 4004 1906 4082">
     <span class='ocr_line' id='line_1_76' title="bbox 331 4004 1906 4082; baseline 0.006 -23"><span class='ocrx_word' id='word_1_577' title='bbox 331 4004 475 4059; x_wconf 82' lang='lat' dir='ltr'><strong>seria</strong></span> <span class='ocrx_word' id='word_1_578' title='bbox 509 4015 566 4060; x_wconf 91' lang='lat' dir='ltr'><strong>et</strong></span> <span class='ocrx_word' id='word_1_579' title='bbox 597 4007 877 4077; x_wconf 86' lang='lat' dir='ltr'><strong>splendide</strong></span> <span class='ocrx_word' id='word_1_580' title='bbox 905 4010 1051 4080; x_wconf 75' lang='lat' dir='ltr'><strong>iusta</strong></span> <span class='ocrx_word' id='word_1_581' title='bbox 1083 4011 1251 4080; x_wconf 89' lang='lat' dir='ltr'><strong>:quin</strong></span> <span class='ocrx_word' id='word_1_582' title='bbox 1281 4010 1482 4066; x_wconf 74' lang='lat' dir='ltr'><strong>offerre</strong></span> <span class='ocrx_word' id='word_1_583' title='bbox 1506 4011 1906 4082; x_wconf 86' lang='lat' dir='ltr'><strong>juramentum,</strong></span> 
     </span>
    </p>
   </div>
   <div class='ocr_carea' id='block_1_77' title="bbox 330 4096 1906 4175">
    <p class='ocr_par' dir='ltr' id='par_1_77' title="bbox 330 4096 1906 4175">
     <span class='ocr_line' id='line_1_77' title="bbox 330 4096 1906 4175; baseline 0.006 -25"><span class='ocrx_word' id='word_1_584' title='bbox 330 4102 390 4150; x_wconf 87' lang='lat' dir='ltr'><strong>et</strong></span> <span class='ocrx_word' id='word_1_585' title='bbox 417 4096 702 4163; x_wconf 82' lang='lat' dir='ltr'><strong>sciscitari,</strong></span> <span class='ocrx_word' id='word_1_586' title='bbox 723 4114 795 4154; x_wconf 84' lang='lat' dir='ltr'><strong>an</strong></span> <span class='ocrx_word' id='word_1_587' title='bbox 818 4099 1015 4170; x_wconf 86' lang='lat' dir='ltr'><strong>aliquis</strong></span> <span class='ocrx_word' id='word_1_588' title='bbox 1043 4101 1133 4165; x_wconf 90' lang='lat' dir='ltr'><strong>sit,</strong></span> <span class='ocrx_word' id='word_1_589' title='bbox 1158 4101 1250 4172; x_wconf 86' lang='lat' dir='ltr'><strong>qui</strong></span> <span class='ocrx_word' id='word_1_590' title='bbox 1275 4117 1400 4157; x_wconf 88' lang='lat' dir='ltr'><strong>cum</strong></span> <span class='ocrx_word' id='word_1_591' title='bbox 1423 4119 1564 4160; x_wconf 88' lang='lat' dir='ltr'><strong>unus</strong></span> <span class='ocrx_word' id='word_1_592' title='bbox 1586 4106 1906 4175; x_wconf 88' lang='lat' dir='ltr'><strong>captaverit,</strong></span> 
     </span>
    </p>
   </div>
   <div class='ocr_carea' id='block_1_78' title="bbox 329 4187 1905 4265">
    <p class='ocr_par' dir='ltr' id='par_1_78' title="bbox 329 4187 1905 4265">
     <span class='ocr_line' id='line_1_78' title="bbox 329 4187 1905 4265; baseline 0.009 -24"><span class='ocrx_word' id='word_1_593' title='bbox 329 4187 499 4242; x_wconf 85' lang='lat' dir='ltr'><strong>alium</strong></span> <span class='ocrx_word' id='word_1_594' title='bbox 543 4191 703 4260; x_wconf 90' lang='lat' dir='ltr'><strong>culpa</strong></span> <span class='ocrx_word' id='word_1_595' title='bbox 732 4193 906 4248; x_wconf 89' lang='lat' dir='ltr'><strong>teneri</strong></span> <span class='ocrx_word' id='word_1_596' title='bbox 945 4193 1157 4263; x_wconf 89' lang='lat' dir='ltr'><strong>justum</strong></span> <span class='ocrx_word' id='word_1_597' title='bbox 1199 4203 1372 4265; x_wconf 90' lang='lat' dir='ltr'><strong>putet.</strong></span> <span class='ocrx_word' id='word_1_598' title='bbox 1403 4194 1567 4252; x_wconf 85' lang='lat' dir='ltr'><strong>Certe</strong></span> <span class='ocrx_word' id='word_1_599' title='bbox 1595 4206 1751 4253; x_wconf 91' lang='lat' dir='ltr'><strong>tuum</strong></span> <span class='ocrx_word' id='word_1_600' title='bbox 1797 4199 1905 4255; x_wconf 90' lang='lat' dir='ltr'><strong>hoc</strong></span> 
     </span>
    </p>
   </div>
   <div class='ocr_carea' id='block_1_79' title="bbox 327 4280 1907 4359">
    <p class='ocr_par' dir='ltr' id='par_1_79' title="bbox 327 4280 1907 4359">
     <span class='ocr_line' id='line_1_79' title="bbox 327 4280 1907 4359; baseline 0.009 -26"><span class='ocrx_word' id='word_1_601' title='bbox 327 4280 708 4352; x_wconf 89' lang='lat' dir='ltr'><strong>philosophice</strong></span> <span class='ocrx_word' id='word_1_602' title='bbox 729 4293 1205 4355; x_wconf 86' lang='lat' dir='ltr'><strong>usurpatum,.non</strong></span> <span class='ocrx_word' id='word_1_603' title='bbox 1231 4289 1390 4344; x_wconf 91' lang='lat' dir='ltr'><strong>modo</strong></span> <span class='ocrx_word' id='word_1_604' title='bbox 1413 4289 1737 4359; x_wconf 86' lang='lat' dir='ltr'><strong>sapientiam</strong></span> <span class='ocrx_word' id='word_1_605' title='bbox 1760 4289 1907 4347; x_wconf 84' lang='lat' dir='ltr'><strong>Aris-</strong></span> 
     </span>
    </p>
   </div>
   <div class='ocr_carea' id='block_1_80' title="bbox 328 4371 1905 4453">
    <p class='ocr_par' dir='ltr' id='par_1_80' title="bbox 328 4371 1905 4453">
     <span class='ocr_line' id='line_1_80' title="bbox 328 4371 1905 4453; baseline 0.009 -28"><span class='ocrx_word' id='word_1_606' title='bbox 328 4371 696 4443; x_wconf 88' lang='lat' dir='ltr'><strong>tophaneam,</strong></span> <span class='ocrx_word' id='word_1_607' title='bbox 744 4387 797 4432; x_wconf 91' lang='lat' dir='ltr'><strong>et</strong></span> <span class='ocrx_word' id='word_1_608' title='bbox 846 4379 1088 4434; x_wconf 89' lang='lat' dir='ltr'><strong>universi</strong></span> <span class='ocrx_word' id='word_1_609' title='bbox 1135 4380 1333 4450; x_wconf 89' lang='lat' dir='ltr'><strong>poetici</strong></span> <span class='ocrx_word' id='word_1_610' title='bbox 1365 4383 1600 4453; x_wconf 84' lang='lat' dir='ltr'><strong>generis,</strong></span> <span class='ocrx_word' id='word_1_611' title='bbox 1655 4392 1803 4439; x_wconf 86' lang='lat' dir='ltr'><strong>artes</strong></span> <span class='ocrx_word' id='word_1_612' title='bbox 1847 4392 1905 4438; x_wconf 91' lang='lat' dir='ltr'><strong>et</strong></span> 
     </span>
    </p>
   </div>
   <div class='ocr_carea' id='block_1_81' title="bbox 325 4465 1897 4543">
    <p class='ocr_par' dir='ltr' id='par_1_81' title="bbox 325 4465 1897 4543">
     <span class='ocr_line' id='line_1_81' title="bbox 325 4465 1897 4543; baseline 0.007 -24"><span class='ocrx_word' id='word_1_613' title='bbox 325 4465 618 4523; x_wconf 83' lang='lat' dir='ltr'><strong>methodos</strong></span> <span class='ocrx_word' id='word_1_614' title='bbox 651 4469 893 4525; x_wconf 87' lang='lat' dir='ltr'><strong>novitate</strong></span> <span class='ocrx_word' id='word_1_615' title='bbox 918 4486 1016 4526; x_wconf 87' lang='lat' dir='ltr'><strong>sua</strong></span> <span class='ocrx_word' id='word_1_616' title='bbox 1044 4473 1302 4527; x_wconf 89' lang='lat' dir='ltr'><strong>obseurat</strong></span> <span class='ocrx_word' id='word_1_617' title='bbox 1339 4491 1352 4526; x_wconf 89' lang='lat'><strong>:</strong></span> <span class='ocrx_word' id='word_1_618' title='bbox 1392 4474 1536 4543; x_wconf 91' lang='lat' dir='ltr'><strong>quod</strong></span> <span class='ocrx_word' id='word_1_619' title='bbox 1568 4474 1615 4529; x_wconf 90' lang='lat' dir='ltr'><strong>si</strong></span> <span class='ocrx_word' id='word_1_620' title='bbox 1653 4475 1897 4530; x_wconf 90' lang='lat' dir='ltr'><strong>oblatum</strong></span> 
     </span>
    </p>
   </div>
   <div class='ocr_carea' id='block_1_82' title="bbox 2012 3651 3588 3731">
    <p class='ocr_par' dir='ltr' id='par_1_82' title="bbox 2012 3651 3588 3731">
     <span class='ocr_line' id='line_1_82' title="bbox 2012 3651 3588 3731; baseline -0.008 -16"><span class='ocrx_word' id='word_1_621' title='bbox 2012 3661 2107 3716; x_wconf 72' lang='lat' dir='ltr'><strong>xui.</strong></span> <span class='ocrx_word' id='word_1_622' title='bbox 2137 3659 2336 3731; x_wconf 83' lang='grc' dir='ltr'>μικροῦ</span> <span class='ocrx_word' id='word_1_623' title='bbox 2365 3658 2465 3730; x_wconf 83' lang='grc' dir='ltr'><strong>τὴν</strong></span> <span class='ocrx_word' id='word_1_624' title='bbox 2494 3658 2694 3730; x_wconf 86' lang='grc' dir='ltr'>ἀρετὴν</span> <span class='ocrx_word' id='word_1_625' title='bbox 2724 3658 3102 3728; x_wconf 83' lang='grc' dir='ltr'>ἐνυϐρίσαντα.</span> <span class='ocrx_word' id='word_1_626' title='bbox 3136 3656 3258 3709; x_wconf 87' lang='grc' dir='ltr'>Ἵνα</span> <span class='ocrx_word' id='word_1_627' title='bbox 3289 3654 3384 3707; x_wconf 79' lang='grc' dir='ltr'>οὖν</span> <span class='ocrx_word' id='word_1_628' title='bbox 3419 3651 3588 3722; x_wconf 79' lang='grc' dir='ltr'>μηδὲν</span> 
     </span>
    </p>
   </div>
   <div class='ocr_carea' id='block_1_83' title="bbox 2010 3740 3589 3818">
    <p class='ocr_par' dir='ltr' id='par_1_83' title="bbox 2010 3740 3589 3818">
     <span class='ocr_line' id='line_1_83' title="bbox 2010 3740 3589 3818; baseline -0.006 -14"><span class='ocrx_word' id='word_1_629' title='bbox 2010 3751 2120 3804; x_wconf 85' lang='grc' dir='ltr'><strong>τῶν</strong></span> <span class='ocrx_word' id='word_1_630' title='bbox 2147 3751 2405 3804; x_wconf 88' lang='grc' dir='ltr'>τοιούτων</span> <span class='ocrx_word' id='word_1_631' title='bbox 2449 3748 2593 3817; x_wconf 86' lang='grc' dir='ltr'>λέγω</span> <span class='ocrx_word' id='word_1_632' title='bbox 2628 3747 2800 3818; x_wconf 82' lang='grc' dir='ltr'>(ίσως</span> <span class='ocrx_word' id='word_1_633' title='bbox 2837 3748 2947 3816; x_wconf 83' lang='grc' dir='ltr'><strong>γὰρ</strong></span> <span class='ocrx_word' id='word_1_634' title='bbox 2985 3746 3107 3800; x_wconf 83' lang='grc' dir='ltr'><strong>ούδέ</strong></span> <span class='ocrx_word' id='word_1_635' title='bbox 3148 3746 3231 3799; x_wconf 83' lang='grc' dir='ltr'>δεῖ</span> <span class='ocrx_word' id='word_1_636' title='bbox 3266 3740 3589 3804; x_wconf 76' lang='grc' dir='ltr'>σπουδάζειν</span> 
     </span>
    </p>
   </div>
   <div class='ocr_carea' id='block_1_84' title="bbox 2008 3835 3590 3914">
    <p class='ocr_par' dir='ltr' id='par_1_84' title="bbox 2008 3835 3590 3914">
     <span class='ocr_line' id='line_1_84' title="bbox 2008 3835 3590 3914; baseline -0.007 -17"><span class='ocrx_word' id='word_1_637' title='bbox 2008 3845 2069 3897; x_wconf 79' lang='grc' dir='ltr'>ἐν</span> <span class='ocrx_word' id='word_1_638' title='bbox 2099 3841 2395 3914; x_wconf 77' lang='grc' dir='ltr'>παικτοῖς),</span> <span class='ocrx_word' id='word_1_639' title='bbox 2423 3841 2538 3896; x_wconf 87' lang='grc' dir='ltr'>ἀλλ’</span> <span class='ocrx_word' id='word_1_640' title='bbox 2559 3842 2738 3894; x_wconf 85' lang='grc' dir='ltr'>ἐκεῖνο</span> <span class='ocrx_word' id='word_1_641' title='bbox 2757 3839 2975 3904; x_wconf 88' lang='grc' dir='ltr'>πάντως</span> <span class='ocrx_word' id='word_1_642' title='bbox 3004 3839 3178 3892; x_wconf 72' lang='grc' dir='ltr'>εἰπεῖν</span> <span class='ocrx_word' id='word_1_643' title='bbox 3201 3835 3590 3908; x_wconf 84' lang='grc' dir='ltr'>πρεπωδέστα-</span> 
     </span>
    </p>
   </div>
   <div class='ocr_carea' id='block_1_85' title="bbox 2009 3924 3590 4004">
    <p class='ocr_par' dir='ltr' id='par_1_85' title="bbox 2009 3924 3590 4004">
     <span class='ocr_line' id='line_1_85' title="bbox 2009 3924 3590 4004; baseline -0.007 -16"><span class='ocrx_word' id='word_1_644' title='bbox 2009 3952 2121 4001; x_wconf 90' lang='grc' dir='ltr'>τον,</span> <span class='ocrx_word' id='word_1_645' title='bbox 2154 3933 2230 3998; x_wconf 88' lang='grc' dir='ltr'><strong>ὡς</strong></span> <span class='ocrx_word' id='word_1_646' title='bbox 2250 3933 2469 4004; x_wconf 81' lang='grc' dir='ltr'>ἐκείνης</span> <span class='ocrx_word' id='word_1_647' title='bbox 2500 3931 2617 3984; x_wconf 78' lang='grc' dir='ltr'>ἐστὶ</span> <span class='ocrx_word' id='word_1_648' title='bbox 2637 3934 2738 4001; x_wconf 80' lang='grc' dir='ltr'><strong>τῆς</strong></span> <span class='ocrx_word' id='word_1_649' title='bbox 2761 3930 2974 3999; x_wconf 85' lang='grc' dir='ltr'>σοφίας,</span> <span class='ocrx_word' id='word_1_650' title='bbox 2998 3929 3252 3991; x_wconf 87' lang='grc' dir='ltr'>τοιαύτας</span> <span class='ocrx_word' id='word_1_651' title='bbox 3281 3927 3470 3996; x_wconf 86' lang='grc' dir='ltr'>φέρειν</span> <span class='ocrx_word' id='word_1_652' title='bbox 3490 3924 3590 3988; x_wconf 86' lang='grc' dir='ltr'>τάς</span> 
     </span>
    </p>
   </div>
   <div class='ocr_carea' id='block_1_86' title="bbox 2008 4018 3588 4096">
    <p class='ocr_par' dir='ltr' id='par_1_86' title="bbox 2008 4018 3588 4096">
     <span class='ocr_line' id='line_1_86' title="bbox 2008 4018 3588 4096; baseline -0.007 -16"><span class='ocrx_word' id='word_1_653' title='bbox 2008 4025 2339 4095; x_wconf 84' lang='grc' dir='ltr'>ἀπολογίας,</span> <span class='ocrx_word' id='word_1_654' title='bbox 2395 4018 2465 4096; x_wconf 85' lang='grc' dir='ltr'><strong>ἦς</strong></span> <span class='ocrx_word' id='word_1_655' title='bbox 2526 4022 2924 4094; x_wconf 79' lang='grc' dir='ltr'>’Δριστοφάνης</span> <span class='ocrx_word' id='word_1_656' title='bbox 2975 4023 3006 4074; x_wconf 86' lang='grc' dir='ltr'><strong>ό</strong></span> <span class='ocrx_word' id='word_1_657' title='bbox 3064 4019 3232 4082; x_wconf 79' lang='grc' dir='ltr'>καλὸς</span> <span class='ocrx_word' id='word_1_658' title='bbox 3289 4018 3588 4088; x_wconf 82' lang='grc' dir='ltr'>κορυφαῖος</span> 
     </span>
    </p>
   </div>
   <div class='ocr_carea' id='block_1_87' title="bbox 2008 4107 3586 4186">
    <p class='ocr_par' dir='ltr' id='par_1_87' title="bbox 2008 4107 3586 4186">
     <span class='ocr_line' id='line_1_87' title="bbox 2008 4107 3586 4186; baseline -0.009 -13"><span class='ocrx_word' id='word_1_659' title='bbox 2008 4118 2370 4186; x_wconf 89' lang='grc' dir='ltr'>καθέστηκεν.</span> <span class='ocrx_word' id='word_1_660' title='bbox 2405 4114 2549 4169; x_wconf 82' lang='grc' dir='ltr'><strong>Ἀλλ’</strong></span> <span class='ocrx_word' id='word_1_661' title='bbox 2571 4112 2725 4168; x_wconf 81' lang='grc' dir='ltr'>ούπω</span> <span class='ocrx_word' id='word_1_662' title='bbox 2750 4112 2909 4167; x_wconf 80' lang='grc' dir='ltr'>τοῦτο</span> <span class='ocrx_word' id='word_1_663' title='bbox 2929 4112 3141 4183; x_wconf 91' lang='grc' dir='ltr'>χαρίεν,</span> <span class='ocrx_word' id='word_1_664' title='bbox 3167 4109 3261 4163; x_wconf 85' lang='grc' dir='ltr'><strong>καί</strong></span> <span class='ocrx_word' id='word_1_665' title='bbox 3281 4127 3366 4163; x_wconf 90' lang='grc' dir='ltr'><strong>τοι</strong></span> <span class='ocrx_word' id='word_1_666' title='bbox 3391 4109 3457 4180; x_wconf 82' lang='grc' dir='ltr'><strong>νὴ</strong></span> <span class='ocrx_word' id='word_1_667' title='bbox 3486 4107 3586 4177; x_wconf 82' lang='grc' dir='ltr'><strong>τὴν</strong></span> 
     </span>
    </p>
   </div>
   <div class='ocr_carea' id='block_1_88' title="bbox 2007 4197 3583 4281">
    <p class='ocr_par' dir='ltr' id='par_1_88' title="bbox 2007 4197 3583 4281">
     <span class='ocr_line' id='line_1_88' title="bbox 2007 4197 3583 4281; baseline -0.008 -18"><span class='ocrx_word' id='word_1_668' title='bbox 2007 4209 2191 4281; x_wconf 89' lang='grc' dir='ltr'>χάριν,</span> <span class='ocrx_word' id='word_1_669' title='bbox 2224 4206 2594 4262; x_wconf 63' lang='grc' dir='ltr'><strong>⁴ιἰλιστιώνιον</strong></span> <span class='ocrx_word' id='word_1_670' title='bbox 2625 4206 2685 4258; x_wconf 81' lang='grc' dir='ltr'><strong>δν</strong></span> <span class='ocrx_word' id='word_1_671' title='bbox 2706 4221 2721 4237; x_wconf 77' lang='grc' dir='ltr'><strong>ο</strong></span> <span class='ocrx_word' id='word_1_672' title='bbox 2761 4203 2878 4260; x_wconf 85' lang='grc' dir='ltr'>ἀλλ’</span> <span class='ocrx_word' id='word_1_673' title='bbox 2910 4206 3088 4258; x_wconf 85' lang='grc' dir='ltr'>ἐκεῖνο</span> <span class='ocrx_word' id='word_1_674' title='bbox 3116 4202 3493 4274; x_wconf 81' lang='grc' dir='ltr'>χαριέστατον,</span> <span class='ocrx_word' id='word_1_675' title='bbox 3523 4197 3583 4251; x_wconf 78' lang='grc' dir='ltr'><strong>τὸ</strong></span> 
     </span>
    </p>
   </div>
   <div class='ocr_carea' id='block_1_89' title="bbox 2006 4289 3580 4369">
    <p class='ocr_par' dir='ltr' id='par_1_89' title="bbox 2006 4289 3580 4369">
     <span class='ocr_line' id='line_1_89' title="bbox 2006 4289 3580 4369; baseline -0.009 -13"><span class='ocrx_word' id='word_1_676' title='bbox 2006 4300 2278 4364; x_wconf 81' lang='grc' dir='ltr'>παίξαντα</span> <span class='ocrx_word' id='word_1_677' title='bbox 2315 4299 2413 4369; x_wconf 80' lang='grc' dir='ltr'><strong>τὴν</strong></span> <span class='ocrx_word' id='word_1_678' title='bbox 2450 4297 2778 4366; x_wconf 88' lang='grc' dir='ltr'>ἀπολογίαν,</span> <span class='ocrx_word' id='word_1_679' title='bbox 2815 4298 2890 4360; x_wconf 83' lang='grc' dir='ltr'><strong>ὡς</strong></span> <span class='ocrx_word' id='word_1_680' title='bbox 2929 4297 3024 4348; x_wconf 72' lang='grc' dir='ltr'><strong>ἐπὶ</strong></span> <span class='ocrx_word' id='word_1_681' title='bbox 3057 4294 3177 4347; x_wconf 89' lang='grc' dir='ltr'>λίαν</span> <span class='ocrx_word' id='word_1_682' title='bbox 3211 4289 3580 4358; x_wconf 79' lang='grc' dir='ltr'>ἐσπουδασμέ-</span> 
     </span>
    </p>
   </div>
   <div class='ocr_carea' id='block_1_90' title="bbox 2003 4383 3578 4459">
    <p class='ocr_par' dir='ltr' id='par_1_90' title="bbox 2003 4383 3578 4459">
     <span class='ocr_line' id='line_1_90' title="bbox 2003 4383 3578 4459; baseline -0.009 -12"><span class='ocrx_word' id='word_1_683' title='bbox 2003 4411 2141 4459; x_wconf 85' lang='grc' dir='ltr'>νοις,</span> <span class='ocrx_word' id='word_1_684' title='bbox 2169 4392 2266 4445; x_wconf 78' lang='grc' dir='ltr'><strong>καὶ</strong></span> <span class='ocrx_word' id='word_1_685' title='bbox 2309 4391 2371 4445; x_wconf 81' lang='grc' dir='ltr'><strong>τὸ</strong></span> <span class='ocrx_word' id='word_1_686' title='bbox 2398 4390 2606 4444; x_wconf 91' lang='grc' dir='ltr'>δίκαιον</span> <span class='ocrx_word' id='word_1_687' title='bbox 2628 4387 2883 4459; x_wconf 83' lang='grc' dir='ltr'>λαμπρὸν</span> <span class='ocrx_word' id='word_1_688' title='bbox 2910 4385 3389 4455; x_wconf 78' lang='grc' dir='ltr'>ἐπιδεδειγμένοις,</span> <span class='ocrx_word' id='word_1_689' title='bbox 3415 4383 3578 4452; x_wconf 84' lang='grc' dir='ltr'>ὅρκον</span> 
     </span>
    </p>
   </div>
   <div class='ocr_carea' id='block_1_91' title="bbox 2003 4475 3580 4553">
    <p class='ocr_par' dir='ltr' id='par_1_91' title="bbox 2003 4475 3580 4553">
     <span class='ocr_line' id='line_1_91' title="bbox 2003 4475 3580 4553; baseline -0.01 -13"><span class='ocrx_word' id='word_1_690' title='bbox 2003 4503 2064 4540; x_wconf 83' lang='grc' dir='ltr'>τε</span> <span class='ocrx_word' id='word_1_691' title='bbox 2096 4486 2347 4553; x_wconf 83' lang='grc' dir='ltr'>ἐπάγειν,</span> <span class='ocrx_word' id='word_1_692' title='bbox 2378 4483 2477 4538; x_wconf 77' lang='grc' dir='ltr'>καὶ</span> <span class='ocrx_word' id='word_1_693' title='bbox 2502 4479 2981 4544; x_wconf 85' lang='grc' dir='ltr'>διαπυνθάνεσθαι,</span> <span class='ocrx_word' id='word_1_694' title='bbox 3021 4479 3096 4542; x_wconf 86' lang='grc' dir='ltr'>ὡς</span> <span class='ocrx_word' id='word_1_695' title='bbox 3123 4478 3210 4549; x_wconf 74' lang='grc' dir='ltr'>ἀρ’</span> <span class='ocrx_word' id='word_1_696' title='bbox 3232 4479 3351 4530; x_wconf 83' lang='grc' dir='ltr'>ἐστι</span> <span class='ocrx_word' id='word_1_697' title='bbox 3375 4492 3462 4537; x_wconf 90' lang='grc' dir='ltr'>τις</span> <span class='ocrx_word' id='word_1_698' title='bbox 3488 4475 3580 4526; x_wconf 84' lang='grc' dir='ltr'>ἀν-</span> 
     </span>
    </p>
   </div>
   <div class='ocr_carea' id='block_1_92' title="bbox 323 4558 1920 4648">
    <p class='ocr_par' dir='ltr' id='par_1_92' title="bbox 323 4558 1896 4628">
     <span class='ocr_line' id='line_1_92' title="bbox 323 4558 1896 4628; baseline 0.009 -19"><span class='ocrx_word' id='word_1_699' title='bbox 323 4569 437 4612; x_wconf 91' lang='lat' dir='ltr'><strong>non</strong></span> <span class='ocrx_word' id='word_1_700' title='bbox 469 4569 614 4612; x_wconf 89' lang='lat' dir='ltr'><strong>esset</strong></span> <span class='ocrx_word' id='word_1_701' title='bbox 644 4558 1046 4628; x_wconf 86' lang='lat' dir='ltr'><strong>juramentum,</strong></span> <span class='ocrx_word' id='word_1_702' title='bbox 1081 4577 1168 4618; x_wconf 91' lang='lat' dir='ltr'><strong>me</strong></span> <span class='ocrx_word' id='word_1_703' title='bbox 1195 4564 1252 4617; x_wconf 88' lang='lat' dir='ltr'><strong>in</strong></span> <span class='ocrx_word' id='word_1_704' title='bbox 1283 4564 1642 4621; x_wconf 85' lang='lat' dir='ltr'><strong>admiratione</strong></span> <span class='ocrx_word' id='word_1_705' title='bbox 1672 4568 1896 4623; x_wconf 61' lang='lat' dir='ltr'><strong>comica;</strong></span> 
     </span>
    </p>
   </div>
   <div class='ocr_carea' id='block_1_93' title="bbox 2022 4558 3578 4648">
    <p class='ocr_par' dir='ltr' id='par_1_93' title="bbox 2022 4561 3578 4648">
     <span class='ocr_line' id='line_1_93' title="bbox 2022 4561 3578 4648; baseline -0.009 -20"><span class='ocrx_word' id='word_1_706' title='bbox 2022 4578 2238 4648; x_wconf 73' lang='grc' dir='ltr'>Ιρώπων</span> <span class='ocrx_word' id='word_1_707' title='bbox 2256 4618 2270 4640; x_wconf 93' lang='grc'>,</span> <span class='ocrx_word' id='word_1_708' title='bbox 2301 4575 2462 4630; x_wconf 81' lang='grc' dir='ltr'>ἀλλον</span> <span class='ocrx_word' id='word_1_709' title='bbox 2506 4572 2852 4637; x_wconf 86' lang='grc' dir='ltr'>πταίσαντος,</span> <span class='ocrx_word' id='word_1_710' title='bbox 2882 4571 3069 4641; x_wconf 76' lang='grc' dir='ltr'>ἕτερον</span> <span class='ocrx_word' id='word_1_711' title='bbox 3098 4568 3197 4637; x_wconf 77' lang='grc' dir='ltr'><strong>τὴν</strong></span> <span class='ocrx_word' id='word_1_712' title='bbox 3224 4567 3380 4637; x_wconf 86' lang='grc' dir='ltr'>δίκην</span> <span class='ocrx_word' id='word_1_713' title='bbox 3414 4561 3578 4630; x_wconf 79' lang='grc' dir='ltr'>ἀξιῶν</span> 
     </span>
    </p>
   </div>
   <div class='ocr_carea' id='block_1_94' title="bbox 321 4645 1895 4725">
    <p class='ocr_par' dir='ltr' id='par_1_94' title="bbox 321 4645 1895 4725">
     <span class='ocr_line' id='line_1_94' title="bbox 321 4645 1895 4725; baseline 0.01 -26"><span class='ocrx_word' id='word_1_714' title='bbox 321 4645 553 4703; x_wconf 85' lang='lat' dir='ltr'><strong>lusionis</strong></span> <span class='ocrx_word' id='word_1_715' title='bbox 580 4658 636 4704; x_wconf 90' lang='lat' dir='ltr'><strong>et</strong></span> <span class='ocrx_word' id='word_1_716' title='bbox 657 4651 962 4707; x_wconf 87' lang='lat' dir='ltr'><strong>dramatum</strong></span> <span class='ocrx_word' id='word_1_717' title='bbox 989 4653 1185 4708; x_wconf 89' lang='lat' dir='ltr'><strong>sistere</strong></span> <span class='ocrx_word' id='word_1_718' title='bbox 1218 4655 1532 4710; x_wconf 89' lang='lat' dir='ltr'><strong>voluissem.</strong></span> <span class='ocrx_word' id='word_1_719' title='bbox 1570 4657 1707 4712; x_wconf 89' lang='lat' dir='ltr'><strong>Cum</strong></span> <span class='ocrx_word' id='word_1_720' title='bbox 1741 4675 1895 4725; x_wconf 90' lang='lat' dir='ltr'><strong>vero,</strong></span> 
     </span>
    </p>
   </div>
   <div class='ocr_carea' id='block_1_95' title="bbox 318 4739 1895 4817">
    <p class='ocr_par' dir='ltr' id='par_1_95' title="bbox 318 4739 1895 4817">
     <span class='ocr_line' id='line_1_95' title="bbox 318 4739 1895 4817; baseline 0.009 -24"><span class='ocrx_word' id='word_1_721' title='bbox 318 4739 465 4807; x_wconf 88' lang='lat' dir='ltr'><strong>quod</strong></span> <span class='ocrx_word' id='word_1_722' title='bbox 491 4755 602 4794; x_wconf 90' lang='lat' dir='ltr'><strong>non</strong></span> <span class='ocrx_word' id='word_1_723' title='bbox 629 4744 872 4812; x_wconf 85' lang='lat' dir='ltr'><strong>oportuit</strong></span> <span class='ocrx_word' id='word_1_724' title='bbox 898 4744 1038 4809; x_wconf 83' lang='lat' dir='ltr'><strong>ﬁeri,</strong></span> <span class='ocrx_word' id='word_1_725' title='bbox 1068 4745 1214 4801; x_wconf 90' lang='lat' dir='ltr'><strong>Deus</strong></span> <span class='ocrx_word' id='word_1_726' title='bbox 1242 4746 1384 4817; x_wconf 87' lang='lat' dir='ltr'><strong>jocis</strong></span> <span class='ocrx_word' id='word_1_727' title='bbox 1414 4748 1772 4806; x_wconf 89' lang='lat' dir='ltr'><strong>intermedius</strong></span> <span class='ocrx_word' id='word_1_728' title='bbox 1800 4767 1895 4807; x_wconf 86' lang='lat' dir='ltr'><strong>ve—</strong></span> 
     </span>
    </p>
   </div>
   <div class='ocr_carea' id='block_1_96' title="bbox 321 4827 1896 4905">
    <p class='ocr_par' dir='ltr' id='par_1_96' title="bbox 321 4827 1896 4905">
     <span class='ocr_line' id='line_1_96' title="bbox 321 4827 1896 4905; baseline 0.01 -23"><span class='ocrx_word' id='word_1_729' title='bbox 321 4827 466 4890; x_wconf 88' lang='lat' dir='ltr'><strong>niat,</strong></span> <span class='ocrx_word' id='word_1_730' title='bbox 497 4841 641 4885; x_wconf 88' lang='lat' dir='ltr'><strong>certe</strong></span> <span class='ocrx_word' id='word_1_731' title='bbox 670 4832 763 4901; x_wconf 86' lang='lat' dir='ltr'><strong>qui</strong></span> <span class='ocrx_word' id='word_1_732' title='bbox 792 4834 1077 4890; x_wconf 88' lang='lat' dir='ltr'><strong>veritatem</strong></span> <span class='ocrx_word' id='word_1_733' title='bbox 1107 4851 1218 4891; x_wconf 92' lang='lat' dir='ltr'><strong>non</strong></span> <span class='ocrx_word' id='word_1_734' title='bbox 1252 4837 1368 4891; x_wconf 90' lang='lat' dir='ltr'><strong>vult</strong></span> <span class='ocrx_word' id='word_1_735' title='bbox 1402 4837 1617 4905; x_wconf 88' lang='lat' dir='ltr'><strong>dicere,</strong></span> <span class='ocrx_word' id='word_1_736' title='bbox 1645 4856 1803 4895; x_wconf 85' lang='lat' dir='ltr'><strong>reum</strong></span> <span class='ocrx_word' id='word_1_737' title='bbox 1841 4851 1896 4898; x_wconf 87' lang='lat' dir='ltr'><strong>te</strong></span> 
     </span>
    </p>
   </div>
   <div class='ocr_carea' id='block_1_97' title="bbox 316 4919 1896 5004">
    <p class='ocr_par' dir='ltr' id='par_1_97' title="bbox 316 4919 1896 5004">
     <span class='ocr_line' id='line_1_97' title="bbox 316 4919 1896 5004; baseline 0.01 -32"><span class='ocrx_word' id='word_1_738' title='bbox 316 4919 492 4989; x_wconf 61' lang='lat' dir='ltr'><strong>culpat</strong></span> <span class='ocrx_word' id='word_1_739' title='bbox 531 4934 763 4992; x_wconf 69' lang='lat' dir='ltr'><strong>peractae</strong></span> <span class='ocrx_word' id='word_1_740' title='bbox 813 4941 926 4980; x_wconf 90' lang='lat' dir='ltr'><strong>non</strong></span> <span class='ocrx_word' id='word_1_741' title='bbox 954 4937 1198 4999; x_wconf 85' lang='lat' dir='ltr'><strong>peraget,</strong></span> <span class='ocrx_word' id='word_1_742' title='bbox 1246 4930 1342 4984; x_wconf 90' lang='lat' dir='ltr'><strong>sed</strong></span> <span class='ocrx_word' id='word_1_743' title='bbox 1389 4946 1492 4988; x_wconf 88' lang='lat' dir='ltr'><strong>nec</strong></span> <span class='ocrx_word' id='word_1_744' title='bbox 1537 4933 1688 4987; x_wconf 90' lang='lat' dir='ltr'><strong>omni</strong></span> <span class='ocrx_word' id='word_1_745' title='bbox 1737 4934 1896 5004; x_wconf 89' lang='lat' dir='ltr'><strong>culpa</strong></span> 
     </span>
    </p>
   </div>
   <div class='ocr_carea' id='block_1_98' title="bbox 314 5012 1888 5095">
    <p class='ocr_par' dir='ltr' id='par_1_98' title="bbox 314 5012 1888 5095">
     <span class='ocr_line' id='line_1_98' title="bbox 314 5012 1888 5095; baseline 0.01 -30"><span class='ocrx_word' id='word_1_746' title='bbox 314 5012 552 5081; x_wconf 78' lang='lat' dir='ltr'><strong>eximet;</strong></span> <span class='ocrx_word' id='word_1_747' title='bbox 609 5021 916 5086; x_wconf 90' lang='lat' dir='ltr'><strong>usquedum</strong></span> <span class='ocrx_word' id='word_1_748' title='bbox 945 5023 1234 5092; x_wconf 86' lang='lat' dir='ltr'><strong>perspicue</strong></span> <span class='ocrx_word' id='word_1_749' title='bbox 1262 5022 1434 5095; x_wconf 87' lang='lat' dir='ltr'><strong>magis</strong></span> <span class='ocrx_word' id='word_1_750' title='bbox 1471 5035 1711 5080; x_wconf 90' lang='lat' dir='ltr'><strong>mentem</strong></span> <span class='ocrx_word' id='word_1_751' title='bbox 1742 5035 1888 5081; x_wconf 85' lang='lat' dir='ltr'><strong>tuam</strong></span> 
     </span>
    </p>
   </div>
   <div class='ocr_carea' id='block_1_99' title="bbox 313 5105 1886 5182">
    <p class='ocr_par' dir='ltr' id='par_1_99' title="bbox 313 5105 1886 5182">
     <span class='ocr_line' id='line_1_99' title="bbox 313 5105 1886 5182; baseline 0.01 -27"><span class='ocrx_word' id='word_1_752' title='bbox 313 5117 415 5172; x_wconf 86' lang='lat' dir='ltr'><strong>per</strong></span> <span class='ocrx_word' id='word_1_753' title='bbox 445 5105 611 5161; x_wconf 89' lang='lat' dir='ltr'><strong>verba</strong></span> <span class='ocrx_word' id='word_1_754' title='bbox 647 5116 737 5163; x_wconf 92' lang='lat' dir='ltr'><strong>tua</strong></span> <span class='ocrx_word' id='word_1_755' title='bbox 756 5111 1099 5167; x_wconf 79' lang='lat' dir='ltr'><strong>intellexerit.</strong></span> <span class='ocrx_word' id='word_1_756' title='bbox 1134 5113 1418 5168; x_wconf 83' lang='lat' dir='ltr'><strong>Neminem</strong></span> <span class='ocrx_word' id='word_1_757' title='bbox 1447 5115 1599 5182; x_wconf 90' lang='lat' dir='ltr'><strong>olim,</strong></span> <span class='ocrx_word' id='word_1_758' title='bbox 1629 5117 1886 5182; x_wconf 90' lang='lat' dir='ltr'><strong>arbitror,</strong></span> 
     </span>
    </p>
   </div>
   <div class='ocr_carea' id='block_1_100' title="bbox 315 5196 1892 5278">
    <p class='ocr_par' dir='ltr' id='par_1_100' title="bbox 315 5196 1892 5278">
     <span class='ocr_line' id='line_1_100' title="bbox 315 5196 1892 5278; baseline 0.01 -28"><span class='ocrx_word' id='word_1_759' title='bbox 315 5196 510 5252; x_wconf 88' lang='lat' dir='ltr'><strong>similis</strong></span> <span class='ocrx_word' id='word_1_760' title='bbox 524 5199 738 5268; x_wconf 76' lang='lat' dir='ltr'><strong>iocandi</strong></span> <span class='ocrx_word' id='word_1_761' title='bbox 761 5206 956 5261; x_wconf 92' lang='lat' dir='ltr'><strong>modus</strong></span> <span class='ocrx_word' id='word_1_762' title='bbox 975 5215 1129 5261; x_wconf 89' lang='lat' dir='ltr'><strong>reatu</strong></span> <span class='ocrx_word' id='word_1_763' title='bbox 1149 5209 1373 5272; x_wconf 82' lang='lat' dir='ltr'><strong>exemit,</strong></span> <span class='ocrx_word' id='word_1_764' title='bbox 1395 5209 1556 5278; x_wconf 89' lang='lat' dir='ltr'><strong>idque</strong></span> <span class='ocrx_word' id='word_1_765' title='bbox 1575 5218 1892 5265; x_wconf 88' lang='lat' dir='ltr'><strong>constanter</strong></span> 
     </span>
    </p>
   </div>
   <div class='ocr_carea' id='block_1_101' title="bbox 313 5288 1890 5369">
    <p class='ocr_par' dir='ltr' id='par_1_101' title="bbox 313 5288 1890 5369">
     <span class='ocr_line' id='line_1_101' title="bbox 313 5288 1890 5369; baseline 0.01 -28"><span class='ocrx_word' id='word_1_766' title='bbox 313 5303 416 5358; x_wconf 88' lang='lat' dir='ltr'><strong>ego</strong></span> <span class='ocrx_word' id='word_1_767' title='bbox 447 5288 677 5358; x_wconf 74' lang='lat' dir='ltr'><strong>afﬁrmo,</strong></span> <span class='ocrx_word' id='word_1_768' title='bbox 717 5296 796 5349; x_wconf 86' lang='lat' dir='ltr'><strong>uti</strong></span> <span class='ocrx_word' id='word_1_769' title='bbox 831 5305 885 5350; x_wconf 90' lang='lat' dir='ltr'><strong>et</strong></span> <span class='ocrx_word' id='word_1_770' title='bbox 932 5298 1208 5351; x_wconf 87' lang='lat' dir='ltr'><strong>neminem</strong></span> <span class='ocrx_word' id='word_1_771' title='bbox 1239 5313 1361 5355; x_wconf 88' lang='lat' dir='ltr'><strong>esse</strong></span> <span class='ocrx_word' id='word_1_772' title='bbox 1394 5301 1569 5369; x_wconf 85' lang='lat' dir='ltr'><strong>culpae</strong></span> <span class='ocrx_word' id='word_1_773' title='bbox 1593 5301 1890 5356; x_wconf 77' lang='lat' dir='ltr'><strong>obnoxium</strong></span> 
     </span>
    </p>
   </div>
   <div class='ocr_carea' id='block_1_102' title="bbox 311 5383 1889 5461">
    <p class='ocr_par' dir='ltr' id='par_1_102' title="bbox 311 5383 1889 5461">
     <span class='ocr_line' id='line_1_102' title="bbox 311 5383 1889 5461; baseline 0.009 -29"><span class='ocrx_word' id='word_1_774' title='bbox 311 5387 536 5448; x_wconf 87' lang='lat' dir='ltr'><strong>propter</strong></span> <span class='ocrx_word' id='word_1_775' title='bbox 568 5383 788 5451; x_wconf 88' lang='lat' dir='ltr'><strong>jocandi</strong></span> <span class='ocrx_word' id='word_1_776' title='bbox 823 5402 983 5441; x_wconf 86' lang='lat' dir='ltr'><strong>usum</strong></span> <span class='ocrx_word' id='word_1_777' title='bbox 1005 5426 1021 5451; x_wconf 91' lang='lat'><strong>,</strong></span> <span class='ocrx_word' id='word_1_778' title='bbox 1059 5388 1171 5456; x_wconf 84' lang='lat' dir='ltr'><strong>qui,</strong></span> <span class='ocrx_word' id='word_1_779' title='bbox 1205 5404 1328 5444; x_wconf 88' lang='lat' dir='ltr'><strong>cum</strong></span> <span class='ocrx_word' id='word_1_780' title='bbox 1368 5391 1510 5445; x_wconf 90' lang='lat' dir='ltr'><strong>alius</strong></span> <span class='ocrx_word' id='word_1_781' title='bbox 1541 5406 1727 5446; x_wconf 89' lang='lat' dir='ltr'><strong>revera</strong></span> <span class='ocrx_word' id='word_1_782' title='bbox 1761 5407 1889 5461; x_wconf 87' lang='lat' dir='ltr'><strong>pec-</strong></span> 
     </span>
    </p>
   </div>
   <div class='ocr_carea' id='block_1_103' title="bbox 311 5471 1884 5546">
    <p class='ocr_par' dir='ltr' id='par_1_103' title="bbox 311 5471 1884 5546">
     <span class='ocr_line' id='line_1_103' title="bbox 311 5471 1884 5546; baseline 0.011 -24"><span class='ocrx_word' id='word_1_783' title='bbox 311 5471 539 5538; x_wconf 86' lang='lat' dir='ltr'><strong>caverit,</strong></span> <span class='ocrx_word' id='word_1_784' title='bbox 591 5483 866 5530; x_wconf 88' lang='lat' dir='ltr'><strong>mereatur</strong></span> <span class='ocrx_word' id='word_1_785' title='bbox 894 5493 1086 5546; x_wconf 84' lang='lat' dir='ltr'><strong>poenas</strong></span> <span class='ocrx_word' id='word_1_786' title='bbox 1130 5479 1336 5546; x_wconf 89' lang='lat' dir='ltr'><strong>subire,</strong></span> <span class='ocrx_word' id='word_1_787' title='bbox 1373 5492 1464 5536; x_wconf 91' lang='lat' dir='ltr'><strong>aut</strong></span> <span class='ocrx_word' id='word_1_788' title='bbox 1513 5483 1711 5538; x_wconf 86' lang='lat' dir='ltr'><strong>rationi</strong></span> <span class='ocrx_word' id='word_1_789' title='bbox 1762 5484 1884 5538; x_wconf 88' lang='lat' dir='ltr'><strong>red-</strong></span> 
     </span>
    </p>
   </div>
   <div class='ocr_carea' id='block_1_104' title="bbox 308 5555 1883 5646">
    <p class='ocr_par' dir='ltr' id='par_1_104' title="bbox 308 5555 1883 5646">
     <span class='ocr_line' id='line_1_104' title="bbox 308 5555 1883 5646; baseline 0.012 -35"><span class='ocrx_word' id='word_1_790' title='bbox 308 5555 504 5618; x_wconf 77' lang='lat' dir='ltr'><strong>denda:</strong></span> <span class='ocrx_word' id='word_1_791' title='bbox 548 5564 856 5634; x_wconf 83' lang='lat' dir='ltr'><strong>subjacere.</strong></span> <span class='ocrx_word' id='word_1_792' title='bbox 918 5565 1029 5622; x_wconf 83' lang='lat' dir='ltr'><strong>Nec</strong></span> <span class='ocrx_word' id='word_1_793' title='bbox 1057 5569 1200 5624; x_wconf 91' lang='lat' dir='ltr'><strong>inter</strong></span> <span class='ocrx_word' id='word_1_794' title='bbox 1231 5569 1446 5640; x_wconf 83' lang='lat' dir='ltr'><strong>judices</strong></span> <span class='ocrx_word' id='word_1_795' title='bbox 1491 5585 1740 5646; x_wconf 87' lang='lat' dir='ltr'><strong>repertus</strong></span> <span class='ocrx_word' id='word_1_796' title='bbox 1780 5585 1883 5644; x_wconf 89' lang='lat' dir='ltr'><strong>est,</strong></span> 
     </span>
    </p>
   </div>
   <div class='ocr_carea' id='block_1_105' title="bbox 2000 4658 3575 4740">
    <p class='ocr_par' dir='ltr' id='par_1_105' title="bbox 2000 4658 3575 4740">
     <span class='ocr_line' id='line_1_105' title="bbox 2000 4658 3575 4740; baseline -0.009 -19"><span class='ocrx_word' id='word_1_797' title='bbox 2000 4667 2355 4740; x_wconf 87' lang='grc' dir='ltr'>πράττεσθαι.</span> <span class='ocrx_word' id='word_1_798' title='bbox 2401 4666 2476 4720; x_wconf 84' lang='grc' dir='ltr'><strong>Οὐ</strong></span> <span class='ocrx_word' id='word_1_799' title='bbox 2519 4664 2628 4735; x_wconf 84' lang='grc' dir='ltr'>γὰρ</span> <span class='ocrx_word' id='word_1_800' title='bbox 2668 4663 2768 4735; x_wconf 81' lang='grc' dir='ltr'><strong>τὴν</strong></span> <span class='ocrx_word' id='word_1_801' title='bbox 2809 4660 3233 4732; x_wconf 85' lang='grc' dir='ltr'>Ἀριστοφάνους</span> <span class='ocrx_word' id='word_1_802' title='bbox 3277 4658 3440 4728; x_wconf 88' lang='grc' dir='ltr'>μόνον</span> <span class='ocrx_word' id='word_1_803' title='bbox 3486 4671 3575 4706; x_wconf 83' lang='grc' dir='ltr'><strong>σο-</strong></span> 
     </span>
    </p>
   </div>
   <div class='ocr_carea' id='block_1_106' title="bbox 2001 4751 3575 4830">
    <p class='ocr_par' dir='ltr' id='par_1_106' title="bbox 2001 4751 3575 4830">
     <span class='ocr_line' id='line_1_106' title="bbox 2001 4751 3575 4830; baseline -0.01 -16"><span class='ocrx_word' id='word_1_804' title='bbox 2001 4762 2151 4830; x_wconf 79' lang='grc' dir='ltr'>φίαν,</span> <span class='ocrx_word' id='word_1_805' title='bbox 2192 4759 2328 4820; x_wconf 85' lang='grc' dir='ltr'><strong>ἀλλά</strong></span> <span class='ocrx_word' id='word_1_806' title='bbox 2360 4759 2456 4812; x_wconf 76' lang='grc' dir='ltr'>καὶ</span> <span class='ocrx_word' id='word_1_807' title='bbox 2495 4755 2696 4819; x_wconf 82' lang='grc' dir='ltr'>παντὸς</span> <span class='ocrx_word' id='word_1_808' title='bbox 2737 4755 2952 4809; x_wconf 83' lang='grc' dir='ltr'>ἐκείνου</span> <span class='ocrx_word' id='word_1_809' title='bbox 2992 4752 3087 4806; x_wconf 81' lang='grc' dir='ltr'><strong>τοῦ</strong></span> <span class='ocrx_word' id='word_1_810' title='bbox 3123 4754 3336 4820; x_wconf 87' lang='grc' dir='ltr'>γένους,</span> <span class='ocrx_word' id='word_1_811' title='bbox 3380 4751 3575 4817; x_wconf 87' lang='grc' dir='ltr'>τέχνας</span> 
     </span>
    </p>
   </div>
   <div class='ocr_carea' id='block_1_107' title="bbox 2000 4839 3578 4918">
    <p class='ocr_par' dir='ltr' id='par_1_107' title="bbox 2000 4839 3578 4918">
     <span class='ocr_line' id='line_1_107' title="bbox 2000 4839 3578 4918; baseline -0.01 -12"><span class='ocrx_word' id='word_1_812' title='bbox 2000 4854 2204 4917; x_wconf 83' lang='grc' dir='ltr'>πάσας,</span> <span class='ocrx_word' id='word_1_813' title='bbox 2236 4851 2331 4905; x_wconf 81' lang='grc' dir='ltr'>καὶ</span> <span class='ocrx_word' id='word_1_814' title='bbox 2357 4851 2536 4912; x_wconf 86' lang='grc' dir='ltr'>πάσας</span> <span class='ocrx_word' id='word_1_815' title='bbox 2570 4847 2850 4918; x_wconf 84' lang='grc' dir='ltr'>μεθόδους,</span> <span class='ocrx_word' id='word_1_816' title='bbox 2876 4849 2943 4917; x_wconf 78' lang='grc' dir='ltr'><strong>τῇ</strong></span> <span class='ocrx_word' id='word_1_817' title='bbox 2975 4843 3395 4912; x_wconf 79' lang='grc' dir='ltr'>καινοπρεπείᾳ,</span> <span class='ocrx_word' id='word_1_818' title='bbox 3420 4839 3578 4892; x_wconf 82' lang='grc' dir='ltr'>τοῦτο</span> 
     </span>
    </p>
   </div>
   <div class='ocr_carea' id='block_1_108' title="bbox 1996 4925 3578 5014">
    <p class='ocr_par' dir='ltr' id='par_1_108' title="bbox 1996 4925 3578 5014">
     <span class='ocr_line' id='line_1_108' title="bbox 1996 4925 3578 5014; baseline -0.009 -17"><span class='ocrx_word' id='word_1_819' title='bbox 1996 4944 2062 5014; x_wconf 80' lang='grc' dir='ltr'>δὴ</span> <span class='ocrx_word' id='word_1_820' title='bbox 2093 4945 2155 4997; x_wconf 81' lang='grc' dir='ltr'><strong>τὸ</strong></span> <span class='ocrx_word' id='word_1_821' title='bbox 2180 4944 2272 4996; x_wconf 83' lang='grc' dir='ltr'>σὸν</span> <span class='ocrx_word' id='word_1_822' title='bbox 2303 4942 2716 5013; x_wconf 85' lang='grc' dir='ltr'>ἀποκρύπτεται</span> <span class='ocrx_word' id='word_1_823' title='bbox 2742 4939 3124 5009; x_wconf 85' lang='grc' dir='ltr'>φιλοσόφημα·</span> <span class='ocrx_word' id='word_1_824' title='bbox 3158 4935 3273 4989; x_wconf 82' lang='grc' dir='ltr'>ἀλλ’</span> <span class='ocrx_word' id='word_1_825' title='bbox 3303 4935 3352 4986; x_wconf 91' lang='grc' dir='ltr'>εί</span> <span class='ocrx_word' id='word_1_826' title='bbox 3386 4933 3486 5002; x_wconf 84' lang='grc' dir='ltr'><strong>μὲν</strong></span> <span class='ocrx_word' id='word_1_827' title='bbox 3509 4925 3578 5002; x_wconf 81' lang='grc' dir='ltr'><strong>ἦν</strong></span> 
     </span>
    </p>
   </div>
   <div class='ocr_carea' id='block_1_109' title="bbox 2002 5025 3577 5107">
    <p class='ocr_par' dir='ltr' id='par_1_109' title="bbox 2002 5025 3577 5107">
     <span class='ocr_line' id='line_1_109' title="bbox 2002 5025 3577 5107; baseline -0.01 -17"><span class='ocrx_word' id='word_1_828' title='bbox 2002 5037 2077 5107; x_wconf 82' lang='grc' dir='ltr'>μὴ</span> <span class='ocrx_word' id='word_1_829' title='bbox 2123 5035 2542 5106; x_wconf 87' lang='grc' dir='ltr'>προτεθειμένος</span> <span class='ocrx_word' id='word_1_830' title='bbox 2569 5033 2763 5100; x_wconf 85' lang='grc' dir='ltr'>ὅρκος,</span> <span class='ocrx_word' id='word_1_831' title='bbox 2803 5033 2970 5102; x_wconf 88' lang='grc' dir='ltr'>μέχρι</span> <span class='ocrx_word' id='word_1_832' title='bbox 3011 5031 3105 5083; x_wconf 87' lang='grc' dir='ltr'><strong>τοῦ</strong></span> <span class='ocrx_word' id='word_1_833' title='bbox 3137 5026 3444 5096; x_wconf 79' lang='grc' dir='ltr'>θαυμάζειν</span> <span class='ocrx_word' id='word_1_834' title='bbox 3480 5025 3577 5094; x_wconf 80' lang='grc' dir='ltr'><strong>τὴν</strong></span> 
     </span>
    </p>
   </div>
   <div class='ocr_carea' id='block_1_110' title="bbox 1993 5117 3575 5198">
    <p class='ocr_par' dir='ltr' id='par_1_110' title="bbox 1993 5117 3575 5198">
     <span class='ocr_line' id='line_1_110' title="bbox 1993 5117 3575 5198; baseline -0.008 -17"><span class='ocrx_word' id='word_1_835' title='bbox 1993 5128 2244 5198; x_wconf 83' lang='grc' dir='ltr'><strong>κωμικὴν</strong></span> <span class='ocrx_word' id='word_1_836' title='bbox 2292 5125 2534 5188; x_wconf 84' lang='grc' dir='ltr'>παιδιὰν,</span> <span class='ocrx_word' id='word_1_837' title='bbox 2577 5123 2813 5193; x_wconf 82' lang='grc' dir='ltr'>ἐμαυτὸν</span> <span class='ocrx_word' id='word_1_838' title='bbox 2859 5121 3061 5176; x_wconf 88' lang='grc' dir='ltr'>ἐδίδουν</span> <span class='ocrx_word' id='word_1_839' title='bbox 3096 5121 3164 5174; x_wconf 84' lang='grc' dir='ltr'>ἂν</span> <span class='ocrx_word' id='word_1_840' title='bbox 3204 5119 3299 5172; x_wconf 78' lang='grc' dir='ltr'>καὶ</span> <span class='ocrx_word' id='word_1_841' title='bbox 3329 5118 3398 5171; x_wconf 83' lang='grc' dir='ltr'>τὰ</span> <span class='ocrx_word' id='word_1_842' title='bbox 3443 5117 3575 5187; x_wconf 85' lang='grc' dir='ltr'>δρά-</span> 
     </span>
    </p>
   </div>
   <div class='ocr_carea' id='block_1_111' title="bbox 1992 5209 3574 5289">
    <p class='ocr_par' dir='ltr' id='par_1_111' title="bbox 1992 5209 3574 5289">
     <span class='ocr_line' id='line_1_111' title="bbox 1992 5209 3574 5289; baseline -0.007 -18"><span class='ocrx_word' id='word_1_843' title='bbox 1992 5236 2160 5289; x_wconf 87' lang='grc' dir='ltr'>ματα.</span> <span class='ocrx_word' id='word_1_844' title='bbox 2194 5218 2352 5271; x_wconf 77' lang='grc' dir='ltr'>Ἐπεὶ</span> <span class='ocrx_word' id='word_1_845' title='bbox 2379 5215 2440 5268; x_wconf 83' lang='grc' dir='ltr'>δὲ</span> <span class='ocrx_word' id='word_1_846' title='bbox 2472 5216 2565 5269; x_wconf 78' lang='grc' dir='ltr'>καὶ</span> <span class='ocrx_word' id='word_1_847' title='bbox 2589 5215 2744 5279; x_wconf 81' lang='grc' dir='ltr'>Θεὸς,</span> <span class='ocrx_word' id='word_1_848' title='bbox 2774 5214 2835 5266; x_wconf 87' lang='grc' dir='ltr'>ού</span> <span class='ocrx_word' id='word_1_849' title='bbox 2863 5213 2985 5266; x_wconf 90' lang='grc' dir='ltr'>δέον</span> <span class='ocrx_word' id='word_1_850' title='bbox 3015 5211 3164 5282; x_wconf 81' lang='grc' dir='ltr'>μέσῳ</span> <span class='ocrx_word' id='word_1_851' title='bbox 3194 5209 3418 5270; x_wconf 77' lang='grc' dir='ltr'>παιδιᾶς</span> <span class='ocrx_word' id='word_1_852' title='bbox 3441 5227 3574 5279; x_wconf 75' lang='grc' dir='ltr'>συμο</span> 
     </span>
    </p>
   </div>
   <div class='ocr_carea' id='block_1_112' title="bbox 1991 5301 3573 5380">
    <p class='ocr_par' dir='ltr' id='par_1_112' title="bbox 1991 5301 3573 5380">
     <span class='ocr_line' id='line_1_112' title="bbox 1991 5301 3573 5380; baseline -0.007 -18"><span class='ocrx_word' id='word_1_853' title='bbox 1991 5307 2369 5380; x_wconf 85' lang='grc' dir='ltr'>προτέθειται,</span> <span class='ocrx_word' id='word_1_854' title='bbox 2427 5307 2642 5374; x_wconf 85' lang='grc' dir='ltr'>ἀνάγκη</span> <span class='ocrx_word' id='word_1_855' title='bbox 2708 5304 2801 5357; x_wconf 81' lang='grc' dir='ltr'>καὶ</span> <span class='ocrx_word' id='word_1_856' title='bbox 2868 5305 2942 5374; x_wconf 83' lang='grc' dir='ltr'><strong>μὴ</strong></span> <span class='ocrx_word' id='word_1_857' title='bbox 3013 5303 3336 5371; x_wconf 87' lang='grc' dir='ltr'>βουλόμενον</span> <span class='ocrx_word' id='word_1_858' title='bbox 3395 5301 3573 5368; x_wconf 88' lang='grc' dir='ltr'>λέγειν</span> 
     </span>
    </p>
   </div>
   <div class='ocr_carea' id='block_1_113' title="bbox 1992 5390 3572 5469">
    <p class='ocr_par' dir='ltr' id='par_1_113' title="bbox 1992 5390 3572 5469">
     <span class='ocr_line' id='line_1_113' title="bbox 1992 5390 3572 5469; baseline -0.005 -17"><span class='ocrx_word' id='word_1_859' title='bbox 1992 5399 2240 5469; x_wconf 84' lang='grc' dir='ltr'>τάληθῆ,</span> <span class='ocrx_word' id='word_1_860' title='bbox 2271 5396 2454 5466; x_wconf 78' lang='grc' dir='ltr'>ἔνοχον</span> <span class='ocrx_word' id='word_1_861' title='bbox 2490 5397 2588 5465; x_wconf 81' lang='grc' dir='ltr'>μὲν</span> <span class='ocrx_word' id='word_1_862' title='bbox 2630 5390 2724 5449; x_wconf 80' lang='grc' dir='ltr'><strong>οὖν</strong></span> <span class='ocrx_word' id='word_1_863' title='bbox 2753 5396 3220 5466; x_wconf 82' lang='grc' dir='ltr'>προηγησαμένης</span> <span class='ocrx_word' id='word_1_864' title='bbox 3260 5393 3442 5454; x_wconf 84' lang='grc' dir='ltr'>αἰτίας</span> <span class='ocrx_word' id='word_1_865' title='bbox 3471 5394 3572 5444; x_wconf 86' lang='grc' dir='ltr'><strong>οὐκ</strong></span> 
     </span>
    </p>
   </div>
   <div class='ocr_carea' id='block_1_114' title="bbox 1993 5483 3567 5554">
    <p class='ocr_par' dir='ltr' id='par_1_114' title="bbox 1993 5483 3567 5554">
     <span class='ocr_line' id='line_1_114' title="bbox 1993 5483 3567 5554; baseline -0.004 -14"><span class='ocrx_word' id='word_1_866' title='bbox 1993 5487 2059 5541; x_wconf 85' lang='grc' dir='ltr'><strong>ἄν</strong></span> <span class='ocrx_word' id='word_1_867' title='bbox 2105 5504 2165 5539; x_wconf 91' lang='grc' dir='ltr'><strong>σε</strong></span> <span class='ocrx_word' id='word_1_868' title='bbox 2213 5488 2401 5554; x_wconf 79' lang='grc' dir='ltr'>φαίην,</span> <span class='ocrx_word' id='word_1_869' title='bbox 2435 5485 2544 5539; x_wconf 83' lang='grc' dir='ltr'>οὐδ’</span> <span class='ocrx_word' id='word_1_870' title='bbox 2590 5484 2656 5539; x_wconf 84' lang='grc' dir='ltr'>ἂν</span> <span class='ocrx_word' id='word_1_871' title='bbox 2690 5484 2850 5538; x_wconf 85' lang='grc' dir='ltr'>πάλιν</span> <span class='ocrx_word' id='word_1_872' title='bbox 2897 5483 3179 5545; x_wconf 78' lang='grc' dir='ltr'>παντελῶς</span> <span class='ocrx_word' id='word_1_873' title='bbox 3213 5485 3567 5545; x_wconf 85' lang='grc' dir='ltr'>ἁνυπαίτιον,</span> 
     </span>
    </p>
   </div>
   <div class='ocr_carea' id='block_1_115' title="bbox 1993 5574 3568 5648">
    <p class='ocr_par' dir='ltr' id='par_1_115' title="bbox 1993 5574 3568 5648">
     <span class='ocr_line' id='line_1_115' title="bbox 1993 5574 3568 5648; baseline -0.003 -16"><span class='ocrx_word' id='word_1_874' title='bbox 1993 5580 2098 5642; x_wconf 74' lang='grc' dir='ltr'>ἕως</span> <span class='ocrx_word' id='word_1_875' title='bbox 2122 5579 2189 5633; x_wconf 84' lang='grc' dir='ltr'>ἂν</span> <span class='ocrx_word' id='word_1_876' title='bbox 2213 5579 2312 5648; x_wconf 84' lang='grc' dir='ltr'><strong>τὴν</strong></span> <span class='ocrx_word' id='word_1_877' title='bbox 2349 5577 2447 5648; x_wconf 80' lang='grc' dir='ltr'><strong>σὴν</strong></span> <span class='ocrx_word' id='word_1_878' title='bbox 2475 5574 2714 5632; x_wconf 82' lang='grc' dir='ltr'>διάνοιαν</span> <span class='ocrx_word' id='word_1_879' title='bbox 2734 5617 2750 5643; x_wconf 93' lang='grc'><strong>,</strong></span> <span class='ocrx_word' id='word_1_880' title='bbox 2783 5575 2872 5630; x_wconf 77' lang='grc' dir='ltr'>διὰ</span> <span class='ocrx_word' id='word_1_881' title='bbox 2902 5574 3010 5629; x_wconf 84' lang='grc' dir='ltr'><strong>τῶν</strong></span> <span class='ocrx_word' id='word_1_882' title='bbox 3050 5576 3157 5628; x_wconf 85' lang='grc' dir='ltr'>σῶν</span> <span class='ocrx_word' id='word_1_883' title='bbox 3185 5575 3377 5644; x_wconf 83' lang='grc' dir='ltr'>φωνῶν</span> <span class='ocrx_word' id='word_1_884' title='bbox 3398 5617 3413 5642; x_wconf 89' lang='grc'>,</span> <span class='ocrx_word' id='word_1_885' title='bbox 3455 5575 3568 5628; x_wconf 76' lang='grc' dir='ltr'>λευο</span> 
     </span>
    </p>
   </div>
   <div class='ocr_carea' id='block_1_116' title="bbox 1605 5733 2282 5792">
    <p class='ocr_par' dir='ltr' id='par_1_116' title="bbox 1605 5733 2282 5792">
     <span class='ocr_line' id='line_1_116' title="bbox 1605 5733 2282 5792; baseline -0.003 -2"><span class='ocrx_word' id='word_1_886' title='bbox 1605 5733 1836 5790; x_wconf 72' lang='grc' dir='ltr'><strong>νΑῐῖΗΕ</strong></span> <span class='ocrx_word' id='word_1_887' title='bbox 1878 5735 2282 5792; x_wconf 75' lang='lat' dir='ltr'><strong>LECTlONES.</strong></span> 
     </span>
    </p>
   </div>
   <div class='ocr_carea' id='block_1_117' title="bbox 375 5838 1085 5912">
    <p class='ocr_par' dir='ltr' id='par_1_117' title="bbox 375 5838 1085 5912">
     <span class='ocr_line' id='line_1_117' title="bbox 375 5838 1085 5912; baseline 0.015 -22"><span class='ocrx_word' id='word_1_888' title='bbox 375 5844 407 5884; x_wconf 64' lang='grc' dir='ltr'><em>ν</em></span> <span class='ocrx_word' id='word_1_889' title='bbox 450 5838 534 5892; x_wconf 80' lang='grc' dir='ltr'><strong>Ῐσ.</strong></span> <span class='ocrx_word' id='word_1_890' title='bbox 577 5842 654 5912; x_wconf 81' lang='grc' dir='ltr'><strong>μὴ</strong></span> <span class='ocrx_word' id='word_1_891' title='bbox 695 5844 1085 5900; x_wconf 77' lang='grc' dir='ltr'>ἐπαιτίαισθαι.</span> 
     </span>
    </p>
   </div>
  </div>
