3930 6438
173 397 266 463 857
1312 396 1725 458 EPISTOLAH

1891 399 2125 459 LIBER
2161 400 2246 461 Ιῐ.
3305 395 3409 459 858

171 506 379 579 κότερον
418 506 811 578 ἀναμάθωμεν.
849 508 971 562 Ὅτι
1001 507 1060 560 δὲ
1090 507 1284 563 ούδένα
1312 509 1443 563 ποτὲ
1474 509 1586 562 τῶν
1617 509 1723 562 πώ-

1855 511 1924 580 ῃιί
1964 511 2258 567 absolverit
2292 525 2417 565 eum
2463 509 2553 563 cui
2595 507 2719 563 talis
2765 521 2932 562 scena
2974 506 3232 572 obvenit,
3277 524 3407 578 pro-

169 618 288 658 ram
329 601 638 674 ἀνθρώπων
665 603 700 670 ἡ
751 600 992 672 τοιαύτη·
1017 602 1208 656 παιδιά
1251 601 1408 672 δίκης
1435 601 1721 674 ὲρρύσατο,

1859 609 2020 656 iterea
2049 603 2193 672 quod
2227 603 2407 656 doleat
2447 616 2508 656 se
2552 614 2807 670 peccasse
2842 616 2858 654 :
2887 600 3020 669 quin
3051 607 3104 653 te
3137 614 3265 668 rego
3313 615 3411 669 per

167 696 253 751 καὶ
282 694 519 766 μάλιστα
546 693 614 748 ἂν
649 692 1156 765 διαϐεϐαιωσαίμην
1174 709 1190 727 θ
1223 695 1314 748 καὶ
1341 693 1419 758 ὡς
1449 695 1550 748 οὐκ
1581 694 1719 748 ἐστὶι

1857 695 2096 750 ustitiam
2143 695 2332 766 ipsam,
2362 709 2462 764 per
2508 707 2662 746 sacra
2687 690 2932 746 veritatis
2960 690 3110 762 orgia
3134 732 3148 757 ,
3178 691 3406 746 detrahe

166 787 328 850 οὐδεὶς
352 786 475 840 τῶν
508 784 932 856 ἡμαρτηκότων,
959 786 1025 839 ἐκ
1057 784 1154 838 τοῦ
1193 784 1432 849 παίζειν,
1469 785 1546 849 ὡς
1572 783 1718 848 ἄλλος

1857 805 1977 844 Ianc
2012 803 2254 854 scenam,
2291 803 2404 842 rem
2438 795 2498 841 ut
2525 794 2609 841 est
2638 786 2860 840 enuntia
2887 785 3056 854 (certe
3099 781 3272 852 magis
3302 785 3409 838 mei

169 881 258 950 μὲν
285 878 555 949 ἥμαρτεν,
584 875 742 940 ἄλλος
771 876 828 930 δὲ
862 877 962 940 τὰς
991 877 1184 941 ποινὰς
1224 879 1326 932 ούκ
1365 877 1484 932 ἔστι
1524 877 1721 942 δίκαιος

1855 888 2061 936 nterest
2105 895 2268 950 quam
2307 879 2536 934 aliorum
2585 878 2727 932 hanc
2757 876 3124 931 conditionem
3161 873 3405 944 oﬂ‘erre),

167 970 397 1039 ὑπέχειν,
439 968 517 1040 μὴ
566 965 847 1033 δεδωκὼς,
877 968 946 1031 ἃς
968 962 1168 1038 ὦφλεν,
1211 969 1446 1033 εὐθύνας
1470 987 1484 1000 ·
1518 970 1580 1022 ού
1624 969 1719 1042 μὴν

1857 974 2000 1045 gitur
2017 973 2166 1028 dices
2191 974 2336 1043 juste
2356 978 2509 1025 reatu
2537 968 2712 1024 teneri
2741 969 2892 1023 illum
2934 968 3048 1038 qui,
3073 983 3173 1038 pro
3201 967 3409 1022 calum-

163 1061 270 1116 ἀλλ’
305 1060 432 1114 οὐδὲ
463 1061 575 1116 τῶν
615 1061 910 1132 κρινόντων
942 1062 1028 1131 εῐη
1061 1060 1128 1116 ἄν
1155 1079 1241 1125 τις
1270 1061 1428 1126 ὅλως,
1457 1061 1516 1125 ὃς
1545 1063 1715 1133 ἀφῆκε

1857 1067 1938 1121 liis
1969 1081 2000 1120 a
2047 1081 2106 1121 se
2148 1063 2386 1128 inﬂictis,
2423 1073 2574 1119 tuam
2611 1063 2753 1118 hanc
2800 1062 2857 1116 in
2900 1062 3138 1116 medium
3170 1061 3409 1131 proferet

165 1155 247 1206 τὸν
271 1151 532 1222 τοιαύτην
555 1153 762 1222 σκηνὴν
783 1153 903 1206 ἀντὶ
923 1153 1017 1206 τοῦ
1045 1153 1251 1207 στένειν
1276 1154 1361 1222 ἐφ’
1387 1148 1468 1218 οἷς
1489 1154 1717 1224 ἥμαρτε1

1847 1157 2271 1222 accusationem;
2299 1157 2395 1212 sed
2419 1172 2488 1211 ne
2518 1156 2720 1211 dixeris
2748 1155 2823 1209 ita
2844 1195 2859 1217 ,
2889 1154 3021 1209 licet
3059 1153 3132 1207 ita
3177 1153 3399 1207 dixeris.

165 1243 589 1314 προϐεϐληκότα.
621 1245 733 1298 Καί
773 1263 885 1315 μοι,
923 1246 1064 1317 πρὸς
1100 1246 1271 1316 αὐτῆς
1298 1246 1478 1317 δίκης,
1515 1247 1611 1300 καὶ
1652 1247 1717 1300 ίε-

1848 1253 1962 1305 llaec
1998 1258 2178 1304 autem
2211 1248 2499 1313 hactenus,
2531 1263 2601 1302 ne
2628 1248 2814 1303 videar
2836 1245 3122 1316 adjuratus
3161 1245 3400 1305 siluisse.

168 1336 266 1406 ρῶν
287 1334 551 1406 ἀληθείας
578 1335 800 1406 ὀργίων,
823 1337 987 1406 ῥίψας
1015 1338 1113 1408 τὴν
1137 1337 1361 1409 σκηνὴν,
1389 1338 1485 1390 καὶ
1510 1339 1576 1392 τὰ
1599 1337 1720 1391 ὄντα

1853 1353 1888 1397 :t
1910 1341 2252 1396 mendacium
2282 1340 2585 1410 praetulisse
2614 1339 2849 1403 veritati,
2868 1348 2926 1392 et
2944 1346 3003 1392 ut
3032 1337 3216 1392 adhuc
3235 1336 3405 1406 magis

165 1427 322 1494 λέγων
371 1426 532 1496 (ἐμοὶ
586 1425 698 1494 γὰρ
750 1425 952 1496 μᾶλλον
986 1427 1319 1498 οἰκειότερον
1364 1427 1508 1497 ἥπερ
1549 1426 1717 1490 ἄλλοις

1854 1449 2092 1507 ignoscas
2119 1449 2284 1504 quam
2321 1433 2564 1503 jucunde
2593 1447 2696 1487 nec
2724 1430 3093 1502 perfunctorie
3121 1427 3406 1498 epistolam

163 1518 372 1572 τοιαῦτα
403 1518 757 1588 προτείνειν),
784 1517 895 1588 ἄρα
925 1519 1128 1589 φήσαις
1153 1518 1240 1584 ἂν,
1277 1520 1468 1589 ὲνοχῆς
1494 1519 1618 1572 εἶπε
1645 1519 1715 1573 δι·

1859 1542 1979 1580 nam
2010 1525 2254 1597 legerim,
2287 1524 2343 1579 in
2372 1540 2475 1594 qua
2503 1524 2966 1594 grammaticalem
2991 1531 3140 1576 tuam
3182 1532 3406 1574 accura-

163 1611 308 1674 καίας
336 1610 503 1674 αὐτὸς
524 1622 576 1675 ιι,
612 1613 726 1677 τὸν,
757 1610 812 1663 εί
835 1628 940 1674 τις,
973 1611 1113 1682 ὑπὲρ
1150 1604 1224 1665 ὧν
1257 1610 1532 1680 ὲξυϐρίσοι
1553 1651 1567 1675 ,
1598 1611 1715 1663 ταύ·

1858 1616 2034 1670 ionem
2051 1616 2232 1680 laudo,
2253 1616 2567 1685 neutiquam
2589 1616 2691 1670 hoc
2711 1616 2937 1671 verbum
2964 1613 3146 1669 dativo
3175 1611 3406 1680 conjun-

161 1720 250 1774 την
284 1703 383 1770 τὴν
424 1702 525 1772 σὴν
568 1702 1005 1772 προϐαλλόμενον
1046 1702 1450 1771 δικαιολογίαν;
1484 1702 1599 1756 ἀλλ’
1629 1703 1713 1756 ού)

1855 1710 2091 1779 gendum,
2131 1709 2236 1764 nisi
2264 1709 2354 1762 ubi
2385 1723 2580 1762 sensus
2608 1707 2856 1780 syntaxin
2897 1705 3140 1775 requirat
3171 1705 3407 1764 circum-

163 1796 221 1849 ἂν
247 1794 431 1864 φαίης,
488 1792 600 1846 οὐδ’
632 1794 698 1848 ἂν
725 1794 913 1863 φαίης.
958 1794 1120 1848 Ἀλλὰ
1163 1795 1337 1849 ταῦτα
1369 1795 1468 1866 μὲν
1493 1835 1508 1860 ,
1546 1795 1634 1849 ἵνα
1665 1813 1715 1848 τε

1855 1798 2141 1853 ocutionis.
2185 1797 2395 1852 Licebit
2431 1797 2507 1852 ita
2571 1811 2697 1851 cum
2750 1796 2950 1866 dativo,
2983 1795 3243 1865 iungere,
3287 1806 3407 1846 ser-

164 1887 230 1956 μὴ
257 1855 517 1955 δώξωμεν
564 1855 900 1956 ὁρκωθέντες
947 1887 1106 1958 σιγᾷν
1129 1927 1144 1951 ,
1192 1887 1288 1941 καὶ
1319 1855 1388 1940 τά
1417 1855 1587 1958 ψεύδη
1623 1888 1716 1958 πρί

1855 1908 1991 1947 none
2017 1892 2240 1953 docens,
2273 1890 2419 1960 quod
2453 1904 2562 1942 non
2594 1896 2654 1942 ut
2681 1897 2733 1942 te
2756 1887 2991 1952 laudem,
3024 1886 3118 1940 sed
3148 1892 3210 1938 ut
3241 1884 3407 1938 alium

161 1979 248 2043 τῆς
284 1976 545 2046 ἀληθείας
595 1977 782 2046 τιμᾷψ
817 1978 911 2030 καὶ
946 1978 1030 2030 ἵνα
1084 1979 1284 2048 μᾶλλον
1336 1979 1606 2050 ἐπιγνῷς,
1654 1980 1713 2042 ὡς

1855 2001 1928 2039 ua
1957 1999 2121 2040 causa
2149 1981 2430 2037 meliorem
2471 1978 2690 2032 reddam
2725 2017 2740 2043 ,
2777 1975 2842 2030 Et
2880 1984 3029 2030 certe
3069 1973 3202 2028 illud
3251 1973 3407 2043 δίκην

163 2066 316 2134 ἡδέως
353 2083 446 2128 τεο
501 2067 595 2119 καὶ
639 2067 700 2120 οὗ
743 2067 1067 2138 παρέργως,
1102 2070 1201 2139 τὴν
1237 2069 1336 2140 σὴν
1388 2070 1732 2140 ἀνελεξάμην
1831 2076 1922 2146 ὑφ’
1945 2075 2134 2144 ἑτέρου
2157 2073 2542 2144 εἰσπράττεται
2572 2086 2672 2139 pro
2698 2069 2827 2139 παρ’
2860 2067 3073 2138 ἑτέρου,
3102 2065 3408 2120 cavendum

164 2157 456 2228 ἐπιστολήν
493 2159 560 2211 δι’
583 2158 612 2211 ὃ
637 2159 731 2212 καὶ
756 2160 854 2230 τὴν
884 2160 982 2230 σὴν
1019 2160 1411 2230 γραμματικὴν
1443 2161 1716 2228 ἀκρίϐειαι

1854 2180 1915 2226 :st
1945 2170 2146 2236 dicere;
2172 2167 2402 2222 barbara
2421 2181 2531 2220 non
2566 2164 2756 2218 dixero
2788 2158 3095 2230 hujusmodl
3125 2166 3181 2211 at
3209 2156 3406 2210 barba-

163 2245 430 2316 παραινῶ,
483 2248 681 2317 μηκέτι
733 2247 794 2300 τὸ
847 2249 998 2320 ῥῆμα
1055 2248 1214 2301 τοῦτο
1267 2249 1453 2320 δοτικῇ
1504 2253 1715 2305 auxi-sac-

1856 2264 1963 2328 ica,
2008 2276 2130 2331 qua:
2176 2259 2481 2329 epistolam,
2511 2256 2657 2328 quod
2703 2253 3001 2323 intelligere
3049 2259 3225 2320 potes,
3272 2248 3408 2302 alias

168 2355 300 2400 σειν,
332 2338 472 2410 πλὴν
500 2341 552 2392 εἰ
601 2341 674 2410 μή
687 2359 769 2393 πω
805 2342 1313 2412 περιπεποιημένην
1339 2343 1372 2412 ἡ
1400 2342 1578 2397 ἔννοια
1606 2343 1720 2398 σύν-

1855 2354 2080 2410 citulam
2105 2351 2495 2406 adulterarunt.
2525 2347 2630 2402 Sed
2651 2347 2766 2402 haec
2785 2344 3069 2399 hactenus.
3118 2341 3228 2411 Ego
3260 2349 3407 2394 certe

167 2430 304 2495 ταξιν
347 2431 648 2502 ἀπαιτοίη·
682 2434 803 2485 τότε
849 2433 959 2503 γὰρ
998 2433 1174 2497 ἔξεστι
1211 2435 1305 2487 καὶ
1347 2435 1483 2504 πρὸς
1513 2435 1719 2506 δοτικὴι

1856 2462 2012 2501 neum
2051 2443 2369 2499 Zachariam
2397 2457 2508 2496 non
2546 2455 2692 2494 nunc
2728 2439 2960 2510 primum
2990 2434 3214 2504 incipio,
3265 2434 3408 2486 Deus

168 2520 476 2586 ἀποδιδόναι,
503 2521 771 2594 δηλοῦντα
795 2524 874 2595 τῷ
896 2524 1060 2596 λόγῳ,
1080 2526 1156 2590 ὡς
1185 2526 1305 2596 οὐχί
1336 2544 1395 2580 σε
1420 2531 1720 2595 ’παραινεῖν1

1853 2541 2078 2605 neliora,
2099 2538 2186 2592 vel
2219 2551 2466 2608 parcere,
2487 2534 2567 2590 vel
2591 2549 2701 2588 non
2726 2530 2954 2586 ulterius
2978 2528 3172 2599 punire
3193 2525 3405 2586 desino,

169 2610 335 2682 ἕτερον
361 2613 417 2666 δὲ
447 2615 540 2668 διὰ
570 2617 668 2686 τῆς
703 2618 1114 2687 παραινέσεως,
1143 2620 1206 2672 τό
1237 2637 1322 2672 σοι
1360 2621 1531 2673 ποιῶν
1565 2638 1721 2693 κεχα-

1857 2649 1936 2688 nec
1963 2632 2108 2703 quod
2140 2631 2360 2686 morbos
2379 2638 2436 2684 et
2469 2629 2748 2699 passiones
2785 2625 3074 2688 declinem,
3113 2621 3409 2679 fortunam,

173 2705 437 2772 ρισμένον,
467 2710 757 2779 προῆγμαι
797 2709 1041 2778 βελτιοῦν
1061 2728 1076 2740 ο
1109 2713 1206 2764 καὶ⁹
1247 2712 1312 2784 δὴ
1342 2714 1439 2767 καὶ
1468 2716 1529 2768 τὸ
1558 2715 1725 2784 δίκην

1861 2734 1890 2780 :t
1915 2724 2269 2788 calamitates,
2312 2721 2538 2776 insidias
2568 2728 2624 2775 et
2666 2717 2934 2788 nequitias
2979 2712 3278 2768 Phalaridis
3306 2709 3413 2764 illis

171 2793 258 2862 ὑφ’
284 2795 490 2865 ἐτέρου
549 2799 986 2868 εἰσπράττεται,
1013 2805 1136 2858 ἀντὶ
1177 2804 1275 2856 τοῦ
1319 2807 1456 2874 παρ’
1492 2806 1723 2876 ἐτέρου,

1860 2835 1946 2875 Ion
1977 2819 2161 2872 minus
2194 2814 2611 2880 tolerabiliores,
2655 2811 2751 2866 sed
2781 2809 3042 2864 animilus
3086 2806 3412 2860 insidentem

173 2889 627 2982 παραφυλακτέον.
679 2892 938 2964 Βάρϐαρα
976 2895 1074 2965 μὲν
1095 2896 1206 2967 γὰρ
1231 2896 1292 2949 ού
1335 2897 1481 2966 λέγω
1510 2901 1578 2953 τὰ
1623 2916 1725 2952 τοι-

1863 2921 1890 2967 :t
1917 2911 2200 2982 antiquum
2226 2908 2482 2964 allectum
2505 2919 2852 2968 conservans,
2878 2900 3239 2968 amicitiaeque
3287 2912 3415 2966 ergo

173 2977 313 3032 αὔτα*
345 2981 663 3055 βαρϐαρικὰ
689 2986 775 3052 δὲ,
813 2989 909 3041 καὶ
935 2989 1097 3052 αὐτὸς
1125 2992 1380 3062 συνήσεις
1410 2995 1725 3065 ἐπιστήσας·

1866 3020 1970 3060 meae
2004 3005 2231 3058 sincera:
2282 3009 2340 3057 et
2377 3015 2529 3070 pune
2557 3013 2669 3053 non
2697 2997 2992 3058 oblitus,'et
3017 3000 3245 3062 paterno
3265 3002 3418 3043 more

174 3073 204 3126 ἃ
229 3077 312 3128 καὶ
333 3078 432 3148 τὴν
465 3081 761 3152 ἐπιστολὴν
787 3085 1296 3157 κεκαλλιεπημένην
1322 3084 1509 3155 οὖσαν,
1546 3091 1726 3144 ὑπενό-

1866 3095 2156 3165 πιριροιοιν,
2196 3101 2253 3147 et
2281 3106 2438 3146 sacro
2472 3097 2738 3145 venerato
2789 3088 2970 3142 foveo.
3007 3086 3129 3140 Non
3171 3083 3418 3152 quod‘tu

176 3169 330 3225 Θευεν.
373 3174 518 3228 Ἀλλ’
551 3176 644 3228 ἐπὶ
690 3178 943 3232 τοσοῦτον
975 3181 1074 3250 μὲν
1105 3199 1297 3236 ταυτα.
1345 3183 1486 3252 Ἐγὼ
1527 3185 1586 3239 δὲ
1625 3187 1728 3239 Ζα-

1867 3185 2050 3247 cribis,
2079 3182 2251 3237 errori
2281 3181 2512 3252 pristino
2536 3178 2824 3241 insultans,
2847 3193 3037 3232 verum
3065 3192 3189 3231 cum
3216 3176 3419 3227 immo-

175 3265 348 3331 χαρίαν
390 3267 483 3319 τὸν
520 3268 651 3337 ὲμδν
691 3269 790 3322 οὐκ
823 3272 1122 3341 ἀρχόμενος
1157 3273 1273 3339 νῦν,
1314 3275 1518 3344 ἄπαγε,
1555 3277 1727 3346 φείδε-

1862 3290 1956 3328 um
1983 3280 2394 3342 permanentem
2427 3268 2650 3338 diligam
2689 3277 2744 3321 et
2789 3267 2843 3320 in
2876 3265 3178 3320 visceribus
3212 3262 3414 3316 Christi

177 3351 304 3420 σθαι,
342 3357 462 3409 οὐδὲ
493 3358 589 3411 τοῦ
620 3359 871 3424 κολάζειν
910 3365 1293 3436 πεπαυμένος,
1322 3368 1442 3420 οὐδὲ
1479 3367 1729 3439 δυσωπη-

1867 3365 2096 3436 ecipiam
2135 3379 2257 3419 cum
2289 3362 2484 3434 gaudio
2522 3360 2895 3422 accedentem,
2936 3360 3007 3413 ita
3052 3357 3232 3412 omnia
3270 3355 3419 3425 peri-

177 3440 272 3508 θεὶς
312 3448 497 3509 νόσους
535 3452 630 3503 καὶ
676 3451 821 3524 πάθη
861 3454 956 3506 καὶ
984 3455 1154 3525 τύχας
1205 3458 1300 3510 καὶ
1347 3459 1729 3530 περιστάσεις,

1868 3459 1960 3513 :ula
1991 3459 2057 3513 de
2087 3456 2303 3513 sublimi
2333 3455 2597 3524 despicio,
2634 3470 2738 3510 nec
2779 3453 3103 3525 tragicarum
3146 3447 3420 3503 narratio-

175 3536 266 3589 ούδ¹
294 3540 585 3607 ἐπιϐουλάς
615 3561 676 3597 τε
711 3547 803 3598 καὶ
832 3545 1108 3612 κακώσεις
1143 3551 1340 3621 μικροῦ
1371 3551 1469 3616 τὰς
1497 3554 1727 3625 Φαλάρι-

1865 3565 1970 3604 tum
2006 3563 2144 3602 onus
2186 3553 2466 3608 onustum,
2503 3560 2695 3599 verum
2732 3550 2969 3597 mentem
3012 3536 3321 3609 propriam,
3363 3543 3417 3587 et

175 3625 248 3690 δος
283 3631 642 3706 ἅνεκτοτέρας
675 3637 980 3704 δεικνύσας,
1014 3641 1149 3694 ἀλλὰ
1188 3643 1288 3712 τὴν
1327 3643 1566 3714 ἔμφυτον
1610 3645 1727 3717 ἐμοὶ

1876 3642 2079 3696 nimam
2113 3641 2460 3695 tenebrarum
2506 3635 2749 3691 materiae
2797 3634 3133 3694 immersam,
3183 3627 3422 3682 defaeca-

175 3721 254 3774 καὶ
282 3724 516 3795 ἀρχαίαν
544 3728 826 3792 διασὼζων
849 3733 1077 3804 γνώμην
1099 3775 1113 3798 ,
1143 3736 1238 3788 καὶ
1265 3735 1328 3790 τὸ
1369 3737 1609 3808 καθαρὸν
1640 3737 1727 3790 καὶ

1869 3749 1974 3798 am,
2020 3732 2075 3786 in
2131 3747 2240 3802 quo
2295 3731 2563 3786 stabilitas
2612 3727 2740 3781 vita:
2790 3723 3083 3778 immobilis
3137 3721 3421 3782 consistat,

175 3811 428 3884 ἀκήρατον
460 3821 595 3891 περὶ
626 3824 754 3886 τοὺς
802 3825 970 3895 ἐμοὺς
1015 3827 1117 3880 οὐκ
1149 3829 1573 3900 ἐπιλελησμένος
1608 3829 1727 3897 φίλ-

1873 3824 2129 3896 plcndido
2171 3838 2296 3880 cum
2339 3830 2600 3893 apparatu
2644 3821 2774 3874 hinc
2803 3813 3281 3872 transmittendum
3325 3824 3425 3878 op-

175 3918 308 3974 τρον,
339 3910 434 3964 καὶ
458 3913 906 3984 περιπτύσσομαι
931 3917 1238 3986 πατρικῶς,
1267 3923 1361 3974 καὶ
1390 3920 1727 3989 ειεναγκαλίζο⁴

1555 3920 1734 3984 εαλίζοο
1843 3928 1976 3979 tem,
2014 3916 2083 3971 ad
2117 3915 2390 3982 caelestem
2426 3929 2684 3969 coronam
2714 3909 3107 3980 recipiendam.

181 4014 265 4067 μαι
310 4002 675 4075 ἱεροπρεπῶςο
713 4005 838 4060 οὔτε
880 4007 958 4078 τῷ
1009 4009 1181 4062 πάλαι
1224 4013 1503 4080 σφαλέντι,
1533 4011 1610 4076 ὡς
1663 4013 1728 4065 σὺ
1768 4009 2036 4082 γράφεις,
2065 4005 2442 4076 ἐπεμϐαίνων,
2481 4003 2576 4058 καὶ
2615 4002 2707 4054 τδν
2774 4000 3026 4054 ἄσειστον
3090 3995 3428 4065 διαμεμενη-

180 4093 298 4147 κότα
345 4099 590 4170 στέργων
637 4099 734 4153 καὶ
785 4101 1273 4172 κατασπαζόμενος
1309 4105 1368 4157 ὲν
1403 4103 1735 4175 σπλάγχνοις
1772 4099 2013 4173 Χριστοῦ
2070 4101 2165 4153 καὶ
2188 4098 2415 4170 δέχομαι
2445 4097 2751 4167 προσίοντα
2802 4090 3035 4164 χαίρων,
3089 4088 3185 4141 καὶ
3214 4086 3426 4148 πάντας

181 4185 434 4252 κινδύνους
472 4191 780 4260 ὑπερορῶν,
811 4193 873 4245 ού
907 4195 1182 4262 τραγικῶν
1215 4197 1346 4264 ἡμῖν
1376 4195 1732 4267 διηγημάτων
1759 4195 1965 4262 ἄγοντα
1997 4192 2218 4264 φόρτον,
2247 4189 2385 4244 ἀλλὰ
2421 4189 2513 4242 τὸν
2574 4187 2777 4241 οἰκεῖον
2818 4181 2978 4247 νοῦν,
3013 4179 3109 4234 καί¹
3168 4177 3268 4249 τὴν
3299 4177 3428 4229 ἑαυ-

181 4275 260 4327 τοῦ
278 4277 473 4350 ψυχὴν.
508 4282 812 4352 προπόλου
852 4285 1031 4354 aras-1;;
1059 4285 1254 4357 ἀχλύος
1284 4288 1519 4359 φέροντα
1561 4287 1839 4360 καθαράνο
1871 4287 1932 4338 ἐν
1971 4279 2094 4357 ᾖτδ
2141 4281 2361 4353 βέϐαιόν
2425 4298 2489 4333 τε
2566 4278 2662 4332 καὶ
2701 4273 3104 4346 ἀμετακίνητον
3146 4271 3236 4324 διὰ
3312 4267 3429 4339 βίου

182 4365 354 4438 ἔχοντά
398 4391 457 4429 τε
492 4376 585 4428 καὶ
623 4377 1015 4448 ἱδρυσάμενον,
1063 4384 1174 4447 τοῖς
1206 4383 1416 4437 ὲκέἴθεν
1447 4385 1734 4454 στεφάνοις
1765 4380 2042 4453 λαμπρὸν,
2070 4379 2338 4450 λαμπρῶς
2373 4375 2609 4448 εὔχομαι
2642 4368 3144 4443 παραπεμφθῆναιο

765 4489 992 4542 ΕΠΙΣΤ.
1026 4490 1115 4544 Μ’.
1773 4485 1820 4540 D

1773 4485 1820 4540 D
2445 4484 2669 4542 EPIST.
2717 4483 2831 4537 XL.

414 4580 633 4645 Παύλῳ
660 4582 1074 4650 μητροπολίτῃ
1120 4583 1488 4650 Λαοδικείας.
2200 4581 2373 4636 Paulo
2403 4579 2749 4648 metropolita:
2775 4576 3077 4631 Laodicew.

1398 4694 1662 4745 hlontacut.
1691 4696 1795 4759 (ep.
1827 4695 1938 4754 222,
1963 4709 2020 4758 p.
2045 4693 2178 4755 552).

246 4785 304 4837 Οἱ
339 4786 600 4857 δράπεται
623 4830 640 4857 ,
669 4789 796 4853 τούς
823 4808 956 4844 ποτε
993 4793 1094 4863 τὴν
1127 4792 1326 4864 πρᾶξιν
1356 4795 1740 4864 αἰτιωμένους,

1924 4793 2183 4866 Fugitivi,
2217 4790 2487 4848 actionem
2518 4788 2664 4842 illam
2701 4782 2997 4855 aliquando
3032 4781 3422 4850 vituperantes,

189 4875 446 4943 πείθοντες
477 4882 932 4951 συνδραπετεύειν
957 4925 972 4950 ,
1001 4885 1062 4938 οὐ
1096 4885 1256 4955 μόνον
1287 4886 1518 4950 οὐδενὸς,
1549 4879 1624 4938 ὧν
1661 4888 1741 4939 al-

1881 4904 1963 4942 ma
1993 4901 2178 4941 secum
2219 4898 2339 4938 esse
2371 4881 2628 4952 fugitivos
2651 4878 2940 4933 induxere.
2987 4875 3066 4928 illi
3109 4889 3221 4927 non
3270 4872 3433 4926 modo

189 4967 413 5036 τιῶνται,
446 4975 718 5044 ἀφίενται,
755 4976 892 5029 ἀλλὰ
920 4979 1014 5030 καὶ
1046 4977 1241 5048 διπλῆς
1268 4979 1446 5042 αἰτίας
1479 4980 1618 5047 σφᾶς
1645 4980 1741 5033 αύ-

1880 4979 2007 5035 iberi
2039 4985 2168 5032 sunt
2195 4976 2264 5030 ab
2301 4973 2390 5028 illa
2420 4973 2610 5042 culpa,
2639 4967 2735 5024 sed
2767 4966 2970 5036 duplici
3021 4981 3080 5020 se
3115 4972 3210 5018 aut
3239 4964 3432 5017 multi-

188 5057 320 5146 vii);
353 5065 551 5132 μᾶλλον
575 5066 631 5119 δὲ
672 5067 984 5139 πολλαπλῆς
1011 5070 1230 5138 ἐνόχους
1274 5070 1635 5146 δεικνύουσιν.
1665 5072 1740 5125 Ού

1882 5072 1976 5127 .Ιίοἰ
2019 5080 2174 5125 reatu
2209 5066 2508 5138 praedicant
2540 5064 2712 5119 teneri
2745 5079 2760 5115 :
2793 5061 2916 5115 Non
2947 5059 3093 5114 enim
3126 5058 3434 5113 communi-

191 5145 286 5215 γὰρ
335 5152 367 5222 ἡ
423 5157 679 5211 κοινωνία
732 5156 826 5210 τοῦ
890 5158 1222 5230 ἀδικήματος
1274 5159 1374 5230 τὴν
1429 5161 1743 5232 ἐλευθερίαν

1885 5167 1996 5220 alio
2037 5163 2249 5232 injuria:
2283 5159 2590 5214 libertatem
2627 5161 2886 5228 procurat
2920 5168 3040 5208 eam
3081 5151 3433 5222 auspicandi,

192 5246 620 5310 πραγματεύεται
648 5247 726 5318 τῷ
759 5247 1104 5319 κατάρχοντι,
1139 5250 1254 5304 ἀλλ’
1293 5253 1324 5321 ὴ
1355 5251 1464 5304 τῶν
1500 5253 1744 5322 παραζη-

1886 5255 1953 5310 ed
1983 5252 2210 5308 imitatio
2249 5249 2390 5304 male
2413 5247 2690 5319 agentium
2711 5244 2766 5298 in
2798 5244 3126 5299 immensum
3152 5250 3436 5310 acceptum

192 5323 410 5389 λούντων
462 5340 726 5411 μίμησις,
772 5339 1001 5412 αὔξησίς
1047 5345 1196 5396 ἐστιν
1241 5345 1598 5414 ἀδυσώπητος
1651 5343 1744 5397 τοῦ

1881 5347 2094 5407 :rimen;
2130 5358 2254 5398 nam
2292 5341 2541 5395 desertor
2569 5335 2797 5399 ordinis,
2825 5334 3110 5406 fugitivus,
3158 5331 3433 5402 princeps.

195 5415 410 5492 ὲξαρχῆς
450 5427 821 5499 ἀδικήματος,
856 5429 1170 5494 λιποταξίου
1207 5431 1366 5502 δίκην
1408 5433 1586 5502 ὅφλων
1607 5475 1621 5500 ,
1657 5436 1747 5487 καὶ

1884 5449 1912 5494 ιι
1941 5439 2206 5495 inducens
2231 5435 2366 5489 alios
2407 5442 2512 5496 est,
2544 5439 2599 5485 et
2637 5430 2782 5500 quod
2813 5429 3033 5500 gravius
3080 5434 3184 5488 cst,
3213 5438 3308 5478 eos
3345 5421 3436 5491 qui

197 5510 376 5577 φυγὰς,
407 5519 498 5570 καὶ
535 5520 810 5592 ἀρχηγὸς,
845 5525 938 5574 καὶ
968 5521 1172 5576 πείθων
1204 5523 1398 5587 ἄλλους
1432 5524 1746 5595 μιμεῖσθαι,

1881 5530 1942 5584 lla
1977 5538 2214 5599 patrare,
2241 5525 2558 5597 priusquam
2597 5521 3024 5593 captivarentur,
3056 5518 3433 5587 deierassent:

199 5600 278 5652 καὶ
300 5605 357 5657 τὸ
398 5607 714 5682 βαρύτερον,
731 5615 846 5686 grai.
868 5614 994 5678 τοὺς
1017 5615 1161 5680 ὅσοις
1185 5611 1254 5686 ἦν
1297 5618 1330 5686 ἡ
1357 5615 1581 5685 τοιαύτη
1611 5618 1746 5687 πρᾶ-

1884 5620 2061 5676 'idesis
2090 5628 2291 5682 autem,
2316 5618 2534 5684 vidcsis,
2565 5616 2805 5686 inquam.
2831 5613 2960 5670 auin
2981 5608 3226 5667 videritis
3251 5607 3436 5679 potius

1443 5735 1674 5792 VARle
1717 5731 2121 5795 LECTIONES.

267 5839 293 5872 "
329 5833 410 5888 ἵσ.
442 5833 578 5893 εἶναι
607 5839 789 5892 αὐτόν.
