3930 6434
527 373 636 440 859
1663 383 1928 445 PHOTII
1963 385 2079 446 PA']

2222 386 2471 449 meum
2522 388 2634 448 ΟΡ.
3627 427 3630 430 -
3651 386 3774 452 860

508 501 704 542 omnes
733 483 1010 557 (comitem
1059 485 1230 554 enim,
1261 487 1495 554 consilii,
1525 488 1665 562 fugae
1693 501 1800 548 tuae
1823 493 2060 548 comiten

2224 511 2288 563 ις,
2326 497 2458 568 πρὶν
2483 493 3073 565 ὑπανδραποδισθῆναι,
3107 494 3252 564 μέγα
3277 495 3484 569 ὅρκιον.
3513 494 3660 568 Ὅρα
3700 497 3776 569 δὴ

507 577 716 632 socium
756 577 992 648 adjungo
1020 577 1366 650 discipulum)
1401 580 1532 650 quid
1559 582 1635 637 sis
1658 582 1924 647 dicturus,
1957 599 2059 639 cun

2233 588 2390 652 ιιπὸν,
2435 573 2558 659 ὅρα,
2612 586 2813 657 μᾶλλον
2853 587 2912 641 δὲ
2954 587 3213 658 συνορᾶτε
3257 588 3486 660 (δίδωμι
3525 592 3634 660 γάρ
3687 607 3785 644 σοι

507 668 650 723 ratio
674 669 752 724 tui
795 669 922 724 facti
951 685 981 724 a
1013 678 1065 724 te
1087 671 1353 742 exigetur.
1377 672 1486 727 Sed
1504 673 1626 728 vale
1650 692 1665 729 :
1691 690 1794 730 nec
1821 675 2059 746 deincep:

2228 672 2441 727 οινωνὺν
2466 674 2565 742 τῆς
2597 673 2792 745 βουλῆς
2824 673 2919 727 τὸν
2959 675 3182 744 γνήσιον
3220 678 3322 746 τῆς
3363 680 3543 749 φυγῆς
3589 677 3780 749 μαθη-

505 759 718 831 fugitivi
759 760 999 816 animum
1037 770 1384 834 mentemque
1423 764 1566 830 fove,
1621 780 1724 820 nec
1765 767 1902 822 alios
1970 782 2057 822 un:

2231 765 2305 836 ην)
2335 764 2458 818 τίνα
2489 765 2704 836 μέλλεις
2725 765 2886 834 λόγον
2911 765 3074 836 ἔχειν,
3099 766 3188 819 ὅτε
3210 784 3270 820 σε
3293 767 3405 822 τῶν
3429 769 3783 839 τηλικούτων

506 850 697 924 fugere
723 851 924 906 allicito
952 869 968 906 :
998 861 1055 908 et
1085 855 1325 910 terribile
1351 854 1617 924 judicium
1649 857 1803 921 illud,
1833 872 1898 912 ac
1927 857 2055 914 inde

2235 856 2286 920 ὶς
2311 855 2543 920 εὐθύνας
2580 857 2871 928 βουληθείη
2905 858 3004 928 μὲν
3041 859 3378 931 πράττεσθαι
3401 860 3455 914 b.
3499 860 3641 914 Ἀλλ’
3684 859 3787 933 ερ-

507 943 780 1010 cliuabile,
815 945 957 1001 ultra
995 947 1473 1003 comminationem
1511 965 1623 1005 non
1658 951 1940 1020 procedet.

2237 967 2355 1004 nco'
2385 951 2482 1005 καὶ
2527 951 2726 1022 μηκέτι
2768 952 2906 1023 μήτε
2941 953 3005 1006 σὺ
3044 953 3321 1025 δραπέτην
3353 953 3445 1025 έχε
3476 953 3750 1023 λογισμὸν
3773 1001 3789 1024 ,

510 1035 652 1107 μήτε
697 1035 1053 1108 δραπετεύειν
1105 1037 1299 1103 ἀλλους
1354 1039 1624 1110 ὑπόθελγε
1649 1057 1663 1070 ·
1725 1043 1820 1096 καὶ
1867 1041 1934 1096 τά
1986 1041 2088 1111 τῆς
2122 1041 2366 1112 ἀφύκτου
2398 1042 2491 1097 καὶ
2513 1042 2753 1114 φοϐερᾶς
2781 1043 2939 1116 δίκης
2970 1047 3050 1109 εἰς
3077 1046 3245 1117 μόνας
3300 1046 3537 1112 ἀπειλὰς
3596 1045 3794 1102 διαλέ-

506 1121 688 1184 λυται.

1039 1245 1256 1303 EPIST.
1295 1247 1435 1304 XLI.

2784 1249 3010 1304 ΕΠιΣΤ.
3048 1250 3186 1304 MA'.

757 1321 1035 1393 Zachariae
1060 1341 1406 1411 metrapolitae
1439 1339 1800 1399 Chalcedonis.

2416 1340 2684 1408 Ζαχαρία
2708 1338 3131 1409 Ιμητροπολίτῃ
3161 1338 3571 1408 Χαλκηδόνος.-

1744 1455 2009 1505 Montacut.
2046 1455 2149 1518 (ep.
2184 1452 2298 1514 223,
2327 1465 2379 1514 p.
2405 1450 2537 1514 555).

581 1549 796 1615 Inveni,
825 1551 1043 1621 Opinor,
1078 1554 1359 1624 sanguinis
1415 1555 1766 1624 ablationem,
1807 1559 1936 1614 licet
2001 1575 2098 1629 per

2287 1551 2482 1628 Εὗρον,
2526 1550 2703 1627 οἶμαι,
2749 1554 2849 1627 τὴν
2899 1555 2994 1608 τοῦ
3032 1556 3264 1626 αἳματος
3313 1556 3635 1628 ἀφαίρεσιν,
3697 1559 3797 1613 καὶ

509 1647 778 1705 aestatem,
831 1641 909 1695 tui
937 1644 1184 1712 corporis
1231 1645 1536 1700 habiludiui
1584 1663 1898 1720 congruam.
1941 1648 2059 1715 Quo

2242 1650 2392 1721 ερίας
2423 1647 2609 1719 οὔσης,
2633 1650 2700 1719 τῇ
2741 1647 2833 1701 τοῦ
2867 1646 3114 1718 σώματός
3159 1665 3252 1701 σου
3291 1647 3527 1703 διαθέσει
3567 1653 3794 1721 συμφέ-

509 1731 762 1800 quamvis
807 1734 878 1787 sit
901 1744 1092 1790 contra
1119 1737 1435 1805 opinionem
1471 1741 1808 1796 medicorum
1831 1742 1924 1812 qui
1947 1758 2059 1796 nun

2231 1759 2422 1796 ιουσαν.
2451 1741 2516 1795 Εἰ
2545 1741 2601 1793 δὲ
2629 1739 2780 1810 παρά
2803 1738 2960 1804 δόξαν
2995 1741 3114 1793 ἐστὶ
3133 1740 3243 1830 τῶν
3279 1739 3374 1794 νῦν
3406 1741 3783 1806 ἐπιπολαζόν-

510 1820 717 1890 ubique
748 1821 1051 1891 abundant,
1094 1841 1203 1881 non
1229 1837 1312 1882 est
1353 1829 1685 1899 paradoxum
1723 1844 1926 1889 tamen.
1961 1833 2062 1889 Nar

2242 1849 2311 1884 ων
2347 1831 2565 1902 ἰατρῶν,
2601 1829 2902 1900 παράδοξον
2947 1831 3123 1885 οὐδέν.
3169 1824 3263 1894 Οἷς
3292 1831 3400 1901 γὰρ
3441 1831 3530 1886 ἵνα
3587 1833 3669 1905 μὴ
3700 1834 3794 1888 νῦν

509 1926 580 1965 ne
597 1912 732 1968 alios
782 1913 1024 1984 ipsorum
1068 1933 1282 1974 errores
1316 1936 1632 1992 persequar,
1673 1923 1872 1993 quibus
1905 1925 2061 1996 hippa

2242 1923 2304 1987 ἀς
2345 1923 2510 1986 ἄλλας
2543 1921 2722 1976 αὐτῶν
2775 1923 2904 1992 περὶ
2947 1921 3046 1994 τὴν
3093 1922 3293 1992 τέχνην
3344 1924 3697 1995 ἁμαρτάδας,
3745 1928 3794 1980 οἰ

508 2003 586 2060 ris
617 2005 846 2060 habetur
891 2008 1215 2079 polygonum
1245 2029 1259 2078 ;
1287 2015 1476 2070 seselis
1505 2056 1520 2080 ,
1555 2016 1870 2072 lierculeum
1933 2033 2060 2089 pana

2241 2031 2300 2066 μοι
2325 2013 2492 2083 λέγω,
2526 2012 2639 2066 ἀλλ’
2683 2013 2944 2084 ίππουρὶς
2977 2013 3078 2084 μὲν
3114 2013 3398 2084 νομίζεται
3445 2015 3508 2068 τὸ
3553 2016 3793 2086 πολύγο-

507 2108 602 2149 ces
623 2137 639 2161 ,
669 2096 762 2165 qui
793 2097 1109 2172 batracliion
1132 2118 1356 2172 parvum
1381 2107 1750 2162 chelidonium
1780 2117 2011 2180 putant;
2043 2127 2059 2167 ε

2237 2122 2295 2158 ον
2321 2123 2337 2137 ·
2385 2105 2592 2168 σέσελις
2626 2103 2682 2157 δὲ
2717 2104 2780 2157 τὸ
2821 2103 3115 2175 ἡράκλειον
3145 2106 3420 2168 πᾶνακεςο
3473 2107 3569 2160 καὶ
3613 2101 3702 2161 οἷα
3727 2109 3789 2178 δὴ

505 2200 608 2256 pro
629 2188 808 2258 peplio
837 2190 1169 2263 tithymallus
1189 2196 1455 2266 habetur;
1483 2201 1682 2271 quibus
1731 2207 2057 2277 potamogito

2241 2197 2499 2269 ατράχιον
2534 2197 2594 2251 τὸ
2618 2197 2841 2268 μικρὸν,
2878 2196 3126 2268 κρίνεται
3167 2197 3493 2267 χελιδόνιον·
3539 2200 3645 2252 καὶ
3673 2202 3791 2254 ἀντὶ

506 2278 952 2352 estleimonium;
998 2293 1053 2340 et
1088 2288 1243 2357 niger
1276 2290 1610 2348 chamaeleon
1649 2305 1902 2367 tanquam
1920 2297 2058 2354 albus

2235 2289 2308 2344 ιὲν
2339 2288 2590 2355 πεπλίου,
2635 2287 2964 2359 τιθύμαλλος
2984 2305 3000 2322 ο
3036 2288 3112 2351 ὡς
3167 2291 3590 2358 ποταμογείτων
3619 2291 3699 2356 δὲ,
3727 2293 3787 2344 τὸ

506 2371 599 2440 qui
623 2378 722 2441 pro
757 2389 1026 2433 anemone
1051 2380 1341 2449 proferunt
1365 2399 1712 2456 argemonem
1747 2405 1762 2455 ;
1797 2390 1940 2462 apud
1959 2408 2058 2462 quc

2235 2381 2520 2450 ειμώνιον·
2553 2379 2649 2433 καὶ
2675 2380 2702 2433 ὁ
2741 2379 2842 2449 μὲν
2895 2377 3068 2448 μέλας
3097 2379 3432 2450 χαμαιλέων,
3469 2380 3547 2444 ὡς
3594 2381 3784 2445 λευκὸς

505 2459 736 2520 inﬁnitae
759 2465 1051 2524 herbarum
1087 2476 1297 2542 species
1315 2484 1370 2530 et
1401 2484 1611 2533 naturai
1643 2459 1946 2553 peregrinis
1965 2484 2057 2539 sul

2226 2469 2692 2542 παραλαμϐάνεται
2716 2484 2732 2500 ⁶
2771 2468 2894 2524 ἀντὶ
2923 2468 2980 2522 δὲ
3035 2469 3134 2540 τῆς
3171 2469 3478 2540 ἀνεμώνης,
3521 2472 3558 2542 ἠ
3607 2471 3778 2541 ἀργε-

506 2556 758 2611 serviunt
779 2561 1136 2630 temporibus,
1169 2564 1379 2631 usibus,
1402 2571 1719 2626 nominibus
1755 2591 1769 2628 :
1802 2588 1928 2628 nam
1974 2591 2058 2646 qu:

2229 2561 2394 2632 ιώνηο
2441 2561 2536 2614 καλ⁵
2568 2559 2778 2631 μυρίων
2864 2559 3041 2613 ἄλλων
3081 2559 3270 2628 φύσεις
3314 2559 3559 2630 βοτανῶν
3611 2561 3781 2627 ξένοις

502 2643 616 2715 jam
673 2647 803 2711 dixi,
835 2665 946 2720 prae
971 2654 1223 2712 manibus
1277 2667 1425 2725 sunt,
1471 2674 1591 2730 qua:
1637 2663 1755 2718 sine
1795 2643 2054 2734 quaestioni

2221 2650 2535 2723 imperoﬁct
2585 2651 2680 2704 καὶ
2717 2652 2950 2722 καιροῖς,
2987 2650 3084 2704 καὶ
3127 2652 3362 2722 χρείαις,
3397 2653 3493 2706 καὶ
3522 2652 3773 2722 ὀνόμασι.

507 2745 656 2790 certa
681 2737 953 2796 debebant
981 2757 1102 2798 esse
1140 2745 1226 2800 vel
1272 2746 1363 2812 iis,
1393 2750 1540 2818 quia
1578 2763 1737 2822 portu
1766 2755 2059 2812 medicina:

2224 2743 2409 2796 Ταῦτα
2435 2741 2499 2812 δὴ
2525 2740 2697 2794 ταῦτα
2728 2741 2798 2794 τὰ
2848 2741 3137 2812 πρόχειρα,
3180 2743 3276 2796 καὶ
3316 2740 3353 2796 ἃ
3389 2743 3526 2813 μηδὲ
3573 2746 3685 2808 τοῖς
3717 2747 3774 2797 ὲν

507 2824 834 2883 salutarunt.
860 2829 1004 2895 Quid
1055 2833 1344 2900 mirum,si
1397 2839 1768 2907 phlebotomia
1801 2844 1902 2899 tibi
1959 2861 2059 2901 cou

2223 2833 2506 2907 προθύροις
2540 2833 2791 2906 ἰατρικῆς
2829 2833 3106 2906 προσῆκον
3139 2830 3208 2905 ἦν
3252 2836 3309 2887 έν
3369 2835 3775 2908 ἀμφισϐητήσει

506 2918 716 2976 ducens
748 2923 817 2978 ab
845 2923 950 2980 illis
983 2925 1278 2996 deputetur
1319 2929 1493 2986 aliena
1522 2932 1547 2986 τ
1586 2934 1666 2988 Tu
1723 2935 1769 2991 si
1802 2937 2058 2993 consilium

2221 2926 2601 2998 ιαθίστασθαι.)
2674 2925 2739 2980 Τί
2802 2924 3117 2995 θαυμαστὸν
3188 2927 3290 2980 κᾶν
3339 2928 3373 2998 ἡ
3426 2926 3773 2998 φλεϐοτομία,

511 3026 695 3068 meum
719 3015 1025 3085 admiseris,
1070 3035 1194 3075 cum
1220 3023 1364 3078 bono
1408 3024 1542 3092 Deo,
1592 3027 1810 3086 illorum
1860 3031 2063 3103 pudore

2218 3016 2462 3089 ερειώδης
2507 3017 2644 3072 οὖσά
2700 3034 2806 3085 σοι,
2870 3018 3081 3082 τούτοις
3132 3020 3417 3092 νομισθείη
3472 3019 3770 3087 ξενίζουσα,

504 3105 844 3175 experientia
875 3109 1224 3179 profuturum
1284 3114 1555 3174 invenies.

2275 3108 2360 3171 τὸς
2383 3107 2440 3161 δὲ
2475 3107 2573 3179 τὴν
2603 3107 2915 3179 συμϐουλὴν
2944 3108 3255 3179 δεχόμενος,
3280 3110 3378 3163 σὺν
3421 3109 3542 3180 Θεῷ
3567 3111 3769 3181 Σωτῆρι
3813 3119 3827 3126 ‘

2115 3166 2161 3229 α
2198 3166 2386 3270 φάναι,
2422 3166 2542 3252 καὶ.
2567 3166 2924 3270 τὸνέλεγχον
2974 3166 3312 3272 ἐκείνωνξτῇ
3346 3166 3536 3274 πείρᾳι,
3574 3203 3666 3257 καὶ
3701 3166 3763 3254 τὸ

2197 3290 2288 3347 σὺν
2321 3291 2516 3363 εὑρήσε
2526 3308 2572 3355 ις
2601 3290 2813 3363 κέρδος.

1068 3392 1290 3451 EPIST.
1320 3395 1488 3452 XLII.

2777 3407 3005 3463 ΕΠιΣΤ.
3049 3406 3181 3464 ΜΒ’.

781 3483 1024 3541 llic/ureti
1082 3487 1356 3560 Mitylene:
1403 3493 1772 3562 metropolitw.

2448 3497 2694 3569 Μιχαὴλ
2716 3502 3131 3570 μητροπολίτῃ
3164 3501 3537 3569 Μιτυλήνης.

1738 3606 2000 3657 Montacut.
2031 3607 2136 3670 (ep.
2166 3607 2279 3670 225,
2306 3621 2358 3671 p.
2386 3609 2525 3674 δεδι).

571 3691 706 3760 Quae
733 3700 793 3748 tu
810 3709 1006 3766 passus
1028 3713 1088 3753 es
1112 3714 1144 3754 a
1171 3705 1639 3770 persecutoribus,
1683 3707 1776 3762 alii
1827 3707 1969 3764 forte
1996 3722 2090 3761 ex-

2266 3707 2351 3761 Τά
2383 3708 2481 3778 μὲν
2513 3710 2593 3773 είς
2622 3709 2682 3762 σὲ
2707 3709 2815 3763 τῶν
2840 3710 3143 3764 διωκόντων
3188 3710 3360 3783 πάθη,
3400 3712 3554 3774 ἄλλος
3590 3714 3650 3768 ἄν
3671 3728 3749 3777 τις

503 3784 701 3840 cedere
740 3787 995 3843 solatium
1051 3789 1261 3859 dicent,
1324 3810 1423 3866 ego
1451 3811 1576 3850 cum
1610 3806 1703 3852 tua
1759 3800 1900 3854 bona
1931 3802 2055 3856 veni

2191 3797 2335 3852 εἴποι
2366 3798 2535 3869 μείζω
2573 3800 2932 3874 παραμυθίας
2957 3819 2971 3832 ·
3004 3802 3116 3870 ἐγὼ
3161 3803 3218 3855 δὲ
3280 3803 3376 3856 σοῦ
3434 3805 3737 3875 βουλομένου

504 3874 734 3930 dixerim
771 3877 931 3933 laude
961 3881 1111 3935 omni
1141 3883 1350 3952 majora
1379 3899 1501 3939 esse
1543 3903 1558 3940 :
1610 3897 1915 3956 opportune
1965 3905 2056 3962 erg

2193 3890 2356 3960 φαίην
2380 3889 2446 3944 ἂν
2469 3890 2640 3960 μείζω
2673 3891 2969 3962 εὐφημίας.
3006 3893 3150 3964 Ὥρα
3179 3889 3274 3948 οὖν
3323 3874 3634 3950 ἐπισκοπεῖν
3671 3910 3743 3957 σε,

503 3967 959 4023 considerandum
992 3979 1077 4025 est
1110 3981 1295 4027 utrum
1329 3974 1474 4030 inter
1518 3992 1614 4031 eos
1653 3979 1787 4033 velis
1819 3995 1942 4035 esse
1991 3997 2055 4051 qu

2194 3982 2420 4051 πότερον
2469 3983 2536 4038 ἂν
2568 3981 2708 4035 έλοιο
2736 3981 2847 4037 τῶν
2897 3983 3103 4056 σφόδρα
3162 3985 3522 4056 έλεουμένων,
3571 3987 3602 4056 ἢ
3645 3985 3746 4038 τῶν

502 4057 877 4124 miseratione,
909 4075 978 4113 an
1044 4060 1304 4118 felicitate
1321 4066 1688 4136 excipiuntur.
1719 4067 1778 4123 Si
1794 4085 1916 4124 cum
1939 4082 2054 4142 grai

2207 4077 2399 4149 ςφόδρα
2432 4077 2915 4149 μακαριζομένων,
2947 4075 3108 4134 εἶναι.
3148 4080 3245 4134 “Av
3281 4083 3380 4152 μὲν
3410 4087 3520 4152 γὰρ
3545 4080 3759 4152 εὐχαρίο

502 4148 686 4203 animo
708 4151 930 4220 patiaris
952 4151 1085 4223 (scio
1104 4156 1250 4225 quod
1271 4157 1349 4212 sic
1369 4157 1640 4230 patieris),
1665 4162 1897 4231 optarim
1915 4163 2054 4228 adhu

2201 4148 2340 4232 στωςγ
2360 4170 2546 4240 φέρεις
2585 4148 2722 4240 (οῖδα
2744 4170 2789 4223 δ’
2841 4171 2924 4224 ὅτι
2955 4171 3191 4242 φέροις),
3246 4148 3753 4245 εύχομαίϋσουητιῦν

501 4238 674 4308 magis
723 4248 941 4297 tuarum
978 4245 1298 4313 passionum
1340 4258 1397 4303 et
1447 4264 1772 4306 coronarum
1821 4254 2053 4324 particep

2195 4263 2495 4330 στεφάνων,
2533 4263 2629 4316 καὶ
2659 4264 2769 4316 τῶν
2800 4263 3010 4328 παθῶν,
3051 4264 3146 4316 ἐπὶ
3183 4263 3343 4318 πλέον
3396 4262 3747 4331 κοινωνῆσαι·

501 4327 621 4383 ﬁeri
659 4347 672 4384 :
709 4331 816 4397 sin,
841 4335 986 4403 quod
1047 4336 1331 4406 deprecor,
1391 4355 1493 4394 nec
1519 4340 1741 4396 ell’eram
1771 4361 1784 4409 ;
1820 4344 1946 4413 quia
1997 4361 2049 4399 m

2207 4352 2263 4405 iv
2291 4327 2334 4404 δ’
2364 4354 2500 4423 ὅπερ
2548 4353 2860 4424 ἀπεύχομαι
2888 4395 2902 4418 ,
2933 4327 3050 4406 ἀλλ’
3097 4355 3196 4407 οὐκ
3222 4353 3289 4408 ἂν
3329 4353 3439 4424 έρῶ
3467 4369 3482 4384 ·
3532 4327 3625 4406 καί
3654 4351 3759 4420 γὰρ

501 4421 734 4492 ineptire
761 4440 1082 4494 persuasum
1120 4429 1294 4483 habeo
1321 4447 1338 4498 ;
1368 4431 1543 4486 dicam
1570 4435 1880 4490 communia
1910 4437 2053 4491 denu

2201 4421 2500 4513 πέπεισμαι
2559 4421 3013 4515 ματαιολογήσειν
3039 4459 3053 4472 ·
3094 4443 3174 4497 διό
3227 4459 3318 4512 μοι
3364 4421 3531 4497 πάλιν
3568 4442 3753 4510 εἴησαν

501 4513 615 4570 sint
657 4524 752 4572 tua
808 4533 1023 4574 mecum
1089 4523 1411 4589 certamina,
1495 4526 2053 4598 remunerationesquc

2023 4543 2093 4584 le.
2197 4534 2372 4600 κοινά,
2408 4535 2504 4588 καὶ
2526 4537 2577 4588 οἱ
2605 4530 2782 4602 ἆθλοι,
2810 4513 2901 4592 καί
2937 4535 3006 4590 τὰ
3033 4533 3259 4591 ἔπαθλα.
3306 4536 3575 4608 Ἐῤῥωσο.

498 4606 654 4663 Vale.

1002 4699 1228 4756 EPIST.
1263 4701 1450 4759 XLIII.

2593 4755 2608 4770 ε
2785 4711 3012 4766 ΕΠιΣΤ.
3046 4708 3180 4766 MI".

885 4790 1130 4848 Michaeli
1164 4795 1510 4864 metropolitaz
1539 4797 1838 4870 Mitylenes.
2113 4814 2165 4872 ο

2113 4814 2165 4872 ο
2442 4802 2687 4872 Μιχαὴλ
2718 4802 3126 4871 μητροπολίτῃ
3151 4802 3517 4871 Μιτυλήνης.

1731 4912 1996 4964 Montacut.
2023 4915 2128 4979 (ep.
2155 4917 2266 4980 227,
2303 4932 2352 4981 p.
2391 4919 2525 4982 354).

567 4985 721 5042 Alius
746 4995 961 5059 optaret
983 4999 1197 5048 tuarum
1231 5007 1562 5051 coronarum
1597 4999 1960 5069 participare;
1991 5002 2085 5058 sed

2267 5006 2459 5070 Ἄλλος
2489 5005 2554 5060 ἄν
2582 5022 2667 5068 τις
2691 5003 2915 5076 ηύξαιτο
2942 5007 3127 5076 τυχεῖν
3162 5001 3444 5070 στεφάνων
3475 4997 3579 5050 τῶν
3628 4993 3748 5056 σῶν,

500 5088 606 5129 non
639 5085 760 5132 tuas
778 5081 1080 5150 passiones,
1104 5100 1169 5140 ac
1207 5102 1307 5156 pro
1327 5087 1528 5157 pietate
1561 5091 1858 5144 certamina
1874 5093 2052 5148 subire

2197 5097 2319 5150 ἄνευ
2348 5096 2438 5150 τοῦ
2459 5096 2528 5149 τά
2565 5095 2634 5149 σά
2662 5095 2831 5166 πάθη,
2862 5097 2956 5149 καὶ
2989 5095 3114 5157 τοὺς
3148 5093 3275 5155 σοὺς
3309 5091 3445 5160 ὑπὲρ
3482 5080 3749 5143 εὐσεϐείας

499 5166 637 5221 mihi
689 5167 1022 5228 honoranda:
1053 5183 1182 5230 sunt
1231 5179 1519 5248 passiones
1568 5189 1695 5245 tuaz,
1741 5181 1868 5236 licet
1921 5198 2048 5237 nem

2194 5186 2409 5252 ἄθλους,
2459 5187 2734 5242 ὑπελθεῖν.
2783 5186 2937 5257 Ἐμοὶ
2963 5186 3019 5238 δὲ
3060 5184 3222 5254 τίμια
3257 5182 3328 5235 τὰ
3391 5175 3624 5244 παθητὰ
3662 5170 3746 5234 σάι

499 5273 667 5314 manu
699 5271 914 5318 extenta
940 5267 1103 5335 capiti
1138 5284 1260 5324 meo
1291 5285 1548 5326 coronam
1585 5272 1850 5344 imponat.
1889 5274 2051 5330 Virur

2191 5278 2294 5332 κᾶν
2326 5279 2491 5350 μήπω
2512 5295 2594 5341 τις
2615 5277 2870 5330 ἐκτείνων
2897 5275 2994 5348 τὴν
3025 5277 3206 5346 χεῖρα,
3234 5271 3531 5341 στεφάνους
3551 5267 3612 5336 τῇ
3639 5262 3738 5330 ἐμῇ

502 5354 794 5420 tantopere
840 5357 1207 5413 aemulandum
1233 5372 1288 5415 et
1317 5362 1550 5430 felicem,
1584 5373 1694 5420 tam
1723 5366 1985 5423 illustrem
2035 5385 2054 5423 ι

2193 5371 2484 5443 προσάπτῃ
2536 5371 2770 5441 κεφαλῇ.
2817 5370 2892 5422 Oi:
2963 5370 3063 5431 δεῖ,
3136 5362 3446 5435 τοιγαροῦν,
3527 5355 3745 5424 ἀθυμεῖν

503 5445 866 5512 conspicuum
916 5447 974 5502 in
1026 5449 1158 5518 ipsis
1222 5455 1527 5521 pathemasi
1578 5458 1919 5529 despondere
1980 5476 2055 5515 n01

2191 5460 2333 5515 οὓτω
2369 5461 2608 5532 ζηλωτὸν
2637 5461 2729 5516 καὶ
2765 5460 3056 5532 μακάριον,
3082 5458 3176 5510 καὶ
3207 5459 3264 5508 ἐν
3295 5457 3477 5518 αὐτοῖς
3499 5451 3610 5511 τοῖς
3635 5461 3743 5498 κιν¹

506 5532 663 5591 decet
683 5538 1158 5597 animum.Rerum
1183 5545 1328 5600 enim
1359 5549 1733 5621 praesentium,
1766 5552 1895 5608 licet
1924 5553 2058 5623 legis

2191 5552 2385 5619 δύνοις,
2426 5553 2523 5606 καὶ
2563 5553 2676 5616 τοῖς
2720 5551 3031 5623 παθήμασι,
3082 5547 3447 5618 ἁναφανέντα,
3489 5536 3743 5596 καὶ“ἁνα-

1810 5689 1896 5746 VA
1907 5690 2048 5747 RUE
2079 5690 2486 5751 LECTIONES.

584 5795 615 5836 δ
638 5795 725 5850 τσ.
761 5798 791 5850 ὁ
815 5796 946 5862 Θεὸς
973 5799 1434 5876 εἰσπράττεσθαι.
