3930 6450
208 426 306 492 861

1390 424 1927 491 EPISTOLARUM
1965 424 2197 485 LIBER
2240 422 2318 483 II.

3360 415 3470 478 862‘

208 542 544 611 λάμψαντα.
574 542 656 595 Τὰ
679 542 779 611 μὲν
796 542 904 614 γὰρ
930 544 1180 607 ἐνταῦθα,
1206 545 1308 600 κᾶν
1331 547 1658 615 νομοθετῶν,
1692 543 1796 597 κᾶν

1923 544 2150 601 atorum,
2192 534 2596 603 prephetarum,
2632 543 2817 601 regum
2847 526 3082 599 piorum,
3120 527 3362 583 virorum
3381 544 3477 582 ve-

208 633 551 705 προφητῶν,
583 633 688 687 κᾶν
721 633 961 688 εὐσεϐῶν
1007 635 1289 706 βασιλέων,
1338 639 1443 692 κᾶν
1479 638 1655 703 ἄλλως
1708 639 1801 692 ἁν-

210 723 366 796 δρῶν
392 724 657 795 ἀληθείας
692 726 880 795 φίλων,
930 728 1126 798 σιγῷεν
1165 727 1381 782 ἅπαντα
1412 730 1481 783 τὰ
1526 732 1799 800 στόματα,

207 815 311 886 τὴν
339 816 407 867 ὲν
444 816 629 878 αὐτοῖς
663 816 1111 885 ἐκτραγῳδοῦντα
1156 818 1527 887 ματαιότητα’
1560 818 1678 872 ἀλλ’
1709 814 1804 871 οὖν

209 910 377 977 ὁρᾷς,
433 909 581 969 ὅπως
611 911 676 978 τῇ
715 908 954 977 διηνεκεῖ
979 908 1162 979 ρεύσει
1206 910 1301 963 καὶ
1357 910 1651 981 μεταϐολῇ,
1704 911 1805 964 οὐκ

210 1001 428 1069 ἠρέμει
494 998 889 1068 ἀλλοιούμενα*
931 998 1045 1052 ἀλλ’
1085 999 1197 1053 ἄνω
1229 1000 1323 1053 καὶ
1372 1000 1523 1054 κάτω
1577 999 1805 1070 φέρεται

210 1088 351 1153 δόξα
380 1090 562 1155 πᾶσα,
597 1090 690 1143 καὶ
726 1087 976 1155 πλοῦτος,
1007 1089 1101 1142 καὶ
1129 1088 1307 1158 τύχαι,
1349 1092 1444 1143 καὶ
1485 1090 1807 1161 λαμπρότη-

209 1195 332 1246 τες,
366 1180 474 1234 καὶ
502 1180 654 1234 οὐδέν
675 1182 792 1235 ἐστι
820 1181 929 1235 τῶν
945 1182 1249 1252 παρόντων,
1271 1182 1408 1253 ὅπερ
1433 1183 1524 1237 τὸν
1555 1184 1807 1253 σώφρονα

210 1270 347 1325 νοῦν
379 1271 837 1342 ἐπισπασάμενον
870 1270 1204 1339 ύποθέλξειε.
1248 1274 1370 1327 Τῶν
1404 1274 1461 1327 δὲ
1504 1274 1707 1340 ἐκεῖθε,
1740 1274 1809 1327 τά

210 1380 275 1417 τε
305 1364 460 1418 ἄλλα
505 1365 645 1433 ὑπὲρ
676 1365 927 1436 διήγησιν
974 1365 1163 1431 ὄντων,
1210 1367 1306 1420 καὶ
1354 1367 1433 1438 τῷ
1465 1367 1810 1439 ἅναλλοιώτιρ

213 1456 314 1510 καὶ
347 1455 649 1528 ἀρρεύστῳ
675 1458 774 1528 τὴν
800 1459 910 1512 τῶν
935 1458 1158 1528 ἀγαθῶν
1180 1459 1478 1513 ἀπόλαυσιν
1499 1465 1610 1522 τοῖς
1638 1460 1811 1526 ἀξίοις

215 1550 661 1619 παρεχομένων
689 1550 771 1613 τίς
802 1552 935 1622 πρὸς
963 1553 1032 1606 τὰ
1071 1552 1247 1606 ἐκεῖθε
1278 1553 1378 1616 τὰς
1417 1554 1637 1618 ἐλπίδας
1670 1554 1810 1624 ἔχων

214 1642 558 1711 ἱσταμένας,
590 1644 685 1696 καὶ
725 1645 849 1706 τοὺς
903 1644 1216 1715 ὀφθαλμοὺς
1247 1647 1651 1716 ἡνεῳγμὲνους,
1696 1648 1811 1710 τοῖς

214 1731 476 1803 παροῦσι
546 1737 737 1799 κακοῖς
778 1739 1136 1805 συμπεσεῖτα,
1164 1737 1391 1807 ὀνείροις
1426 1736 1517 1790 ῐσα
1543 1737 1807 1805 λυποῦσι,

214 1827 318 1880 καὶ
365 1826 710 1896 ἐξαθυμήσει
764 1831 898 1894 τοῖς,
954 1830 1024 1883 δι’
1068 1823 1142 1885 ὧν
1198 1830 1315 1884 ἐστι
1368 1831 1803 1903 λαμπρύνεσθαι,

217 1891 647 1987 ἀγωνίσμασινξ
678 1891 933 1987 Ἄμεινον
963 1919 1076 1986 οὖν,
1103 1916 1278 1991 οἶμαι,
1310 1924 1406 1976 καὶ
1441 1891 1689 1992 κρεῖττον
1720 1891 1809 1975 λόλ
1840 1891 1883 1946 Β

216 2024 322 2074 γου
358 2008 595 2071 παντὸς,
628 2010 686 2061 ἐν
713 2010 944 2081 ὀνείροις
988 2011 1180 2081 ἔχοντα
1210 2012 1278 2065 τὰ
1303 2012 1491 2082 χείρω,
1531 2013 1640 2065 τῶν
1687 2013 1811 2066 καθ’

220 2099 381 2171 ὕπαρ
404 2100 651 2168 ἀγαθῶν,
684 2105 778 2155 καὶ
810 2102 1209 2173 ἁνεκλαλήτων,
1233 2104 1291 2156 ἐν
1314 2103 1611 2157 ἀπολαύσει
1652 2105 1812 2173 γενέ-

222 2190 354 2245 σθαι
389 2191 472 2263 μὴ
510 2192 835 2265 ληγούσῃ,ῆ
875 2194 1104 2265 ὀνείροις
1155 2195 1328 2265 μικρὰ
1371 2197 1466 2249 καὶ
1504 2196 1814 2269 πρόσκαιρα

223 2283 610 2352 πλανηθέντα,
656 2286 751 2338 καὶ
800 2286 1087 2352 παίξαντα,
1119 2287 1228 2341 τῶν
1273 2287 1569 2359 ἀδιαδόχων
1621 2290 1815 2361 πειρᾶ-

223 2374 355 2428 σθαι
384 2376 600 2431 κακῶν.

827 2512 1049 2568 ΕΠΙΣΤ.
1096 2513 1227 2570 ΜΔ’.

482 2624 834 2694 Ἀμφιλοχίῳ
863 2628 1276 2698 μητροπολίτῃ
1323 2628 1600 2690 Κυζίκου.

1903 626 2077 680 ritatis
2105 624 2400 679 amantium
2426 631 2565 687 acta,
2588 621 2769 675 omnia
2785 620 3010 673 omnino
3038 620 3127 673 ora
3159 619 3473 685 reticerent,

1902 732 1966 771 ea
1991 725 2072 771 est
2092 714 2351 781 conditio,
2382 722 2442 768 ut
2479 728 2629 767 suam
2690 710 3004 765 futilitatem
3046 711 3251 782 tragice
3308 726 3477 781 expo-

1904 817 2037 864 nant
2071 825 2085 862 :
2113 824 2297 863 annon
2326 808 2480 864 vides
2523 816 2585 861 ut
2612 806 2760 859 ﬂuxu
2788 805 3049 859 continuo
3096 811 3151 858 et
3180 804 3480 858 mutatione

1904 898 2208 953 alterantur
2231 898 2352 953 sine
2373 913 2559 963 sensu,
2608 913 2810 967 susque
2860 896 3035 966 deque
3089 896 3259 949 fertur
3315 896 3481 965 gloria

1905 990 2102 1055 omnis,
2134 990 2353 1054 divitiae,
2381 989 2630 1054 fortunae,
2665 989 3005 1059 splendores,
3043 1002 3145 1041 nec
3186 987 3483 1057 quidquam

1905 1080 1963 1134 in
2013 1081 2175 1135 rebus
2199 1080 2578 1149 praesentibus,
2602 1080 2747 1149 quod
2777 1085 3017 1134 mentem
3079 1077 3314 1131 sobriam
3362 1078 3484 1132 alli-

1907 1171 2017 1227 ciat
2068 1178 2165 1225 aut
2190 1172 2258 1226 ad
2305 1187 2365 1226 se
2385 1172 2597 1226 trahat?
2624 1171 2753 1237 Quae
2788 1172 2847 1225 in
2870 1170 3019 1225 caelis
3042 1178 3189 1236 sunt,
3215 1186 3338 1224 cum
3361 1186 3483 1225 om-

1906 1277 2032 1317 nem
2086 1263 2354 1318 excedant
2428 1264 2870 1333 explicationem,
2925 1263 3319 1326 inalterabilia,
3383 1277 3487 1317 nec

1908 1353 2055 1409 ﬂuxa
2091 1364 2454 1424 sunt;atque
2477 1354 2551 1408 ita
2597 1362 2856 1409 aeternam
2907 1362 3165 1424 praestant
3218 1354 3487 1407 honorum

1909 1445 2221 1501 fruitionem
2249 1447 2315 1500 iis
2339 1447 2429 1515 qui
2461 1457 2741 1503 merentur
2785 1462 2800 1498 :
2829 1446 3015 1514 ecquis
3054 1453 3160 1512 est,
3207 1444 3305 1512 cui
3346 1443 3489 1498 oculi

1911 1550 2040 1593 sunt
2064 1538 2237 1608 aperti
2276 1546 2529 1607 respectu
2557 1537 2836 1591 stabilium
2868 1536 3085 1590 illorum
3124 1550 3247 1605 qua}
3268 1551 3490 1605 speran-

1912 1638 2004 1683 tur
2029 1628 2122 1692 ibi,
2145 1643 2269 1682 cum
2297 1629 2454 1682 malis
2480 1631 2846 1698 praesentibus
2875 1633 3167 1700 coincidet,
3192 1648 3313 1702 quae
3337 1633 3491 1687 simi-

1911 1722 1984 1776 lia
2032 1729 2162 1776 sunt
2200 1721 2486 1776 insomniis
2515 1721 2759 1777 dolorem
2793 1724 3211 1779 inferentibus?
3252 1724 3383 1790 Quis
3434 1723 3491 1776 in

1912 1814 2096 1868 medio
2140 1813 2509 1868 certaminum
2573 1816 3008 1883 contristabitur,
3053 1819 3197 1871 unde
3257 1833 3356 1886 par
3409 1825 3494 1871 est

1910 1920 2035 1959 eum
2086 1904 2464 1976 magnificari?
2492 1903 2760 1970 Quocirca
2798 1948 2814 1972 ,
2838 1916 3076 1976 praestat,
3118 1908 3370 1971 arbitror,
3440 1916 3494 1961 ct

1912 1997 2103 2067 majori
2134 2012 2259 2052 cum
2318 2003 2531 2052 ratione
2574 1999 2930 2068 conjunctum
2985 2008 3089 2061 est,
3148 2000 3334 2069 pejora
3395 2014 3496 2067 pro

1911 2090 2198 2145 insomniis
2248 2090 2453 2144 habere
2483 2090 2954 2161 vigilantem,vero
3006 2093 3147 2146 bona
3201 2091 3495 2145 ineffabilia

1915 2190 1972 2236 et
1994 2197 2102 2236 non
2134 2180 2488 2235 diti‘undenda
2514 2196 2612 2250 per
2642 2182 2963 2237 fruitionem
2995 2182 3275 2251 consequi,
3332 2196 3496 2249 quam

1917 2281 2279 2347 somniorum,
2321 2283 2536 2354 exigua,
2585 2281 2924 2350 temporalia,
2965 2279 3227 2343 errantia,
3260 2277 3499 2331 ludentia

1908 2372 2052 2427 bona
2081 2371 2389 2443 eligentem,
2418 2372 2581 2426 malis
2616 2370 3115 2425 interminabilibus
3162 2377 3496 2440 permutare.

2451 2510 2676 2566 EPIST.
2718 2509 2904 2565 XLIV.

2231 2628 2594 2697 Amphilochia
2634 2626 2810 2698 Cyzici
2853 2623 3218 2693 metropolilw.

1474 2761 1739 2813 Montacut.
1767 2762 1871 2827 (ep.
1890 2764 2003 2827 207,
2024 2778 2074 2828 p.
2100 2765 2236 2828 504).

300 2852 366 2907 Οἱ
405 2853 511 2923 μὲν
535 2853 683 2907 ἄλλοι
717 2853 809 2907 τοῦ
858 2856 1144 2920 Πλάτωνος
1194 2856 1340 2926 λόγοι
1395 2858 1486 2911 τοῦ
1536 2860 1816 2916 πολιτικοῦ

231 2942 395 3014 λόγου
428 2946 709 3015 πεφύκασι
739 2947 1034 3017 γνώμονες,
1067 2951 1206 3021 πλὴν
1253 2951 1308 3004 εί
1339 2970 1393 3005 τι
1435 2954 1555 3006 κατ’
1589 2954 1818 3025 ἐκλογὴν

2023 2862 2217 2918 Caneri
2279 2861 2523 2918 Platonis
2576 2873 2860 2916 sermones
2936 2871 3235 2930 gnomones
3284 2853 3505 2923 quidam

1925 2966 2054 3011 sunt
2087 2953 2293 3024 politici
2325 2950 2613 3017 sermonis,
2653 2950 2752 3006 nisi
2792 2948 2936 3020 quod
2957 2948 3249 3003 verborum
3311 2942 3507 2997 electio

232 3037 523 3108 ὀνομάτων
545 3038 759 3108 ἐνιαχοῦ
778 3056 927 3110 παρη
935 3040 1181 3111 μέληται·
1207 3043 1265 3095 αἱ
1299 3043 1355 3097 δὲ
1377 3043 1564 3097 τούτου
1595 3047 1815 3099 ἐπιστο-

1924 3059 2324 3115 nonnunquam
2358 3043 2674 3114 negligitur.
2706 3043 2777 3096 At
2812 3041 3058 3112 epistolae
3094 3038 3215 3108 ejus
3248 3051 3313 3089 ex
3349 3049 3508 3104 aequo

232 3127 323 3182 λαὶ
354 3133 477 3183 ῐσον
506 3147 563 3183 τε
594 3130 694 3199 τῆς
727 3132 933 3184 ἐκείνου
965 3132 1296 3204 λογιότητος,
1336 3137 1430 3189 καὶ
1461 3136 1555 3189 τοῦ
1596 3138 1816 3191 ἐπιστο-

234 3219 462 3289 λιμαίου
490 3221 662 3274 τύπου
694 3223 1098 3279 ἀπολείπονται.
1132 3228 1197 3278 Δί
1226 3226 1283 3279 δέ
1307 3244 1371 3296 γε
1416 3228 1510 3282 τοῦ
1570 3230 1812 3299 Ἀριστο-

234 3311 447 3377 τέλους,
476 3311 584 3365 τῶν
637 3315 735 3382 μὲν
763 3314 937 3367 ἄλλων
984 3317 1149 3371 αὑτοῦ
1182 3319 1527 3388 γραμμάτων
1557 3322 1663 3374 είσί
1691 3339 1812 3386 πως

235 3399 671 3474 λογωδέστεραι’
708 3405 846 3477 πλὴν
893 3408 1013 3461 ούδέ
1066 3412 1182 3473 ταῖς
1220 3411 1591 3476 Πλατωνικαῖς
1637 3413 1818 3480 ἐξισά-

239 3488 414 3555 ζουσι.
446 3494 818 3563 Δημοσθένους
851 3496 906 3549 δὲ
936 3500 983 3550 oi
1010 3498 1109 3567 μὲν
1141 3499 1289 3553 ἄλλοι
1328 3500 1502 3567 πόνοι,
1533 3502 1625 3555 καὶ
1653 3502 1817 3573 ῥητό-

243 3600 351 3653 ρων
389 3586 491 3638 καὶ
519 3590 783 3657 κριτικῶν
815 3591 1112 3659 ἐγκωμίοις
1145 3592 1412 3663 πληροῦσι
1444 3594 1514 3647 τὰ
1550 3595 1815 3666 στόματα.

241 3677 354 3739 Τὰς
406 3680 699 3744 ἐπιστολὰς
740 3682 817 3747 δὲ,
872 3684 1026 3736 οὐδὲν
1086 3687 1342 3755 ἀμείνους
1408 3689 1665 3759 εὑρήσεις
1712 3690 1823 3744 τῶν

243 3772 555 3837 Πλάτωνος.
592 3774 744 3831 Τίσιν
778 3775 869 3831 οὖν
893 3778 1197 3843 ἐπιστολαῖς
1242 3781 1550 3852 ὁμιλητέον,
1594 3784 1689 3836 καὶ¹
1714 3784 1824 3837 τίσι

242 3865 333 3919 τὸν
373 3868 787 3935 ἐπιγνωσθέντα
816 3871 951 3940 ἡμῖν
999 3870 1087 3923 διὰ
1125 3873 1225 3941 τῆς
1260 3872 1457 3945 τέχνης
1497 3876 1823 3945 χαρακτῆρα

245 3960 654 4028 ἐφαρμόζοντες
709 3962 808 4031 τὴν
860 3964 1167 4032 γυμνασίαν
1226 3965 1630 4036 συλλεξόμεθα;
1672 3967 1827 4020 Ἔστι

250 4052 349 4121 μὲν
377 4054 477 4105 καὶ
515 4052 642 4106 ἄλλο
689 4054 895 4124 πλῆθος
954 4055 1180 4125 ἄπειρον
1205 4074 1220 4089 ο
1258 4056 1400 4126 ἔχεις
1450 4058 1516 4121 δ’,
1576 4058 1663 4112 ἵνα
1694 4059 1830 4130 μηδὲ

252 4146 467 4217 μακρὸν
516 4143 664 4217 ᾖσοι
723 4147 785 4199 τὸ
830 4147 929 4218 τῆς
964 4149 1271 4218 γυμνασίας
1328 4149 1563 4217 στάδιον,
1627 4150 1726 4215 τὰς
1751 4153 1832 4214 εἰς

247 4237 491 4307 Φάλαριν
524 4239 749 4304 ἐκεῖνον,
782 4236 955 4308 οἶμαι,
994 4239 1083 4292 τὸν
1120 4238 1543 4308 Ἀκραγαντῖνον
1565 4240 1830 4311 τύραννον

1919 3136 2167 3192 fortassis
2199 3135 2500 3201 deficiunt,
2532 3149 2656 3190 cum
2695 3133 2766 3187 ab
2792 3132 2962 3202 ipsius
3001 3130 3331 3192 conditione,
3396 3135 3511 3179 tum

1920 3229 2153 3283 a-forma
2183 3224 2819 3298 epistolari.Aristotelis
2857 3232 3039 3278 autem
3074 3222 3188 3276 fere
3235 3228 3362 3275 sunt
3401 3233 3511 3271 caa-

1922 3322 2051 3376 teris
2076 3321 2196 3391 ejus
2226 3320 2488 3390 operibus
2532 3319 2899 3373 accuratiores
2934 3333 2946 3369 ;
2986 3319 3059 3383 etf
3099 3324 3280 3368 tamen
3335 3310 3513 3364 Plato—

1920 3416 2073 3471 nicas
2108 3429 2219 3468 non
2247 3421 2548 3483 exaequant.
2619 3408 2996 3466 Demosthenis
3033 3422 3198 3476 opera
3218 3413 3413 3459 caetera
3459 3409 3516 3456 et

1924 3512 2206 3566 rhetorum
2237 3520 2292 3565 et
2313 3510 2628 3565 criticorum
2659 3525 2754 3564 ora
2791 3508 3052 3577 implent;
3082 3504 3175 3559 sed
3208 3502 3378 3556 nihilo
3396 3515 3514 3554 me-

1926 3603 2091 3657 liores
2143 3617 2309 3671 quam
2345 3600 2587 3655 Platonis
2632 3601 2752 3669 ejus
2781 3599 3039 3669 epistolas
3064 3594 3329 3665 reperies.
3352 3592 3512 3657 Qua:-

1928 3710 2053 3749 nam
2085 3694 2249 3764 igitur
2268 3693 2510 3763 epistola:
2534 3692 2879 3747 lectitandae:
2914 3698 2969 3744 et
3002 3704 3033 3743 a
3067 3686 3267 3757 quibus
3305 3683 3518 3738 exerci-

1930 3788 2063 3841 tium
2086 3786 2488 3848 adhibebimus,
2514 3794 2574 3840 ut
2601 3782 2979 3845 artificiosum,
3011 3795 3171 3851 quem
3202 3776 3515 3838 didicimus,

1931 3880 2253 3935 charactera
2284 3876 2700 3947 exprimamus?
2735 3876 2895 3930 Certe
2963 3872 3153 3942 ingens
3199 3877 3284 3924 est
3329 3883 3518 3922 earum

1933 3985 2195 4024 numerus
2234 3986 2248 4023 :
2281 3970 2449 4023 habes
2484 3977 2689 4033 autem,
2722 3982 2791 4021 ne
2821 3964 3127 4036 elongatius
3152 3961 3248 4015 tibi
3278 3959 3518 4014 stadium

1934 4062 2085 4133 figas,
2128 4063 2392 4133 epistolas
2417 4077 2538 4132 quae
2575 4058 2881 4114 Phalaridis
2916 4073 3037 4112 esse
3076 4055 3333 4110 dicuntur
3349 4052 3519 4106 Acra-

1934 4154 2141 4223 gantini
2190 4152 2429 4225 Tyranni
2486 4150 2777 4221 et‘quibus
2816 4148 2965 4201 Bruti
3008 4147 3382 4200 Romanorum
3413 4142 3518 4196 du-

1936 4247 2016 4300 cis
2047 4261 2251 4300 nomen
2280 4244 2655 4315 praescribitur
2688 4260 2702 4298 :
2737 4250 2790 4297 et
2819 4240 2912 4311 qui
2943 4239 3090 4309 apud
3158 4237 3522 4306 imperatores

251 4329 670 4399 ἀναφερομένας
707 4330 1014 4392 ἐπιστολὰς,
1062 4332 1153 4384 καὶ
1202 4326 1289 4393 αἷς
1316 4331 1571 4402 Βροῦτος,
1606 4335 1634 4385 ὀ
1691 4332 1818 4385 Ῥω-

1935 4337 2294 4408 philosophus
2329 4344 2464 4403 erat,
2516 4335 2760 4406 sophista
2792 4332 2937 4402 apud
2958 4332 3171 4401 vulgus,
3205 4328 3520 4383 Libanium.
3594 4340 3597 4341 '

256 4423 433 4491 μαίων
467 4422 793 4493 στρατηγὸς,
813 4423 1202 4492 ἐπιγράφεταιο
1227 4425 1321 4476 καὶ
1353 4426 1442 4477 τὸν
1464 4427 1521 4477 ἐν
1550 4424 1831 4495 βασιλεῦσι

254 4515 567 4583 φιλόσοφον,
598 4516 692 4569 καὶ
723 4516 818 4577 τὸν
838 4517 1097 4587 σοφιστὴν
1118 4520 1174 4571 ἐν
1199 4520 1318 4581 ταῖς
1346 4518 1628 4583 πλείσταις
1659 4518 1829 4572 Λιϐά-

255 4622 389 4661 νιον.
427 4608 486 4660 Εἰ
518 4607 574 4661 δὲ
608 4608 787 4677 βούλει
835 4609 933 4662 σὺν
967 4609 1044 4680 τῷ
1100 4611 1432 4681 χαρακτῆρι,
1494 4612 1588 4663 καὶ
1622 4611 1834 4665 πολλῶν

257 4697 434 4753 ἄλλων
490 4700 586 4753 κα)⁸
638 4701 890 4770 μεγάλων
940 4702 1189 4767 συλλέξαι
1238 4704 1502 4773 ὠφέλειαν
1530 4744 1544 4766 ,
1601 4706 1835 4775 ἀρκήσει

261 4804 344 4842 σοι
366 4792 651 4854 Βασίλειος
685 4795 713 4845 ό
738 4793 966 4861 γλυκὺς,
992 4795 1085 4849 καὶ
1110 4797 1137 4847 ὁ
1165 4795 1412 4861 κάλλους,
1442 4796 1495 4849 εἴ
1522 4814 1607 4861 τις
1651 4798 1828 4863 ἄλλος,

260 4881 502 4953 ἐργάτης
532 4884 854 4955 Γρηγόριος,
874 4887 967 4939 καὶ
988 4889 1019 4958 ἡ
1048 4889 1264 4956 ποικίλη
1282 4889 1491 4959 καὶτῆς
1511 4890 1783 4960 ἡμετέρας
1808 4900 1832 4929 ο

264 4972 433 5044 αὐλῆς
483 4975 660 5045 μοῦσα
702 4976 968 5047 Ἰσίδωρος
992 4995 1006 5007 ⁸
1062 4980 1120 5043 ὃς
1158 4981 1348 5051 ὥσπερ
1378 4981 1574 5048 λόγων,
1602 4982 1745 5035 οὕτω
1776 4983 1834 5034 δὲ

266 5067 359 5117 καὶ
388 5068 670 5139 ἱερατικῆς
714 5073 808 5122 καὶ
828 5071 1137 5142 ἁσκητικῆς
1170 5073 1446 5136 πολιτείας
1503 5073 1687 5127 κανών
1719 5078 1838 5127 ἐστι

266 5163 623 5231 χρηματίζειν
646 5163 942 5235 ἀξιόχρεως
963 5183 975 5197 ·
1001 5169 1094 5220 καὶ
1137 5169 1190 5221 εἴ
1218 5186 1301 5231 τις
1344 5169 1531 5237 ἕτερος
1564 5170 1701 5238 μετὰ
1732 5169 1831 5237 τῆς

268 5249 456 5317 ὁμοίας
503 5254 897 5325 προαιρέσεως,
929 5255 1028 5326 τὴν
1066 5259 1302 5327 ἐκείνων
1335 5258 1479 5312 ἰδέαν
1512 5261 1633 5323 ταῖς
1672 5257 1835 5321 ἰδίαις

271 5339 577 5408 ἐπιστολαῖς
600 5348 978 5420 ἐνεδυναμώθη
1026 5350 1441 5421 μορφώσασθαι.

1939 4430 2094 4498 Quod
2125 4430 2171 4484 si
2192 4446 2300 4484 una
2331 4445 2453 4485 cum
2484 4428 2761 4498 epistolari
2795 4428 3132 4489 charactere,
3170 4438 3355 4477 rerum
3390 4419 3526 4474 mul-

1941 4535 2120 4587 tarum
2168 4533 2225 4580 et
2278 4539 2603 4595 magnarum
2645 4522 2938 4576 utilitatem
2988 4518 3271 4586 acquirere
3314 4512 3522 4582 cupias,

1943 4617 2174 4673 sufﬁciat
2205 4616 2388 4673 suavis
2433 4617 2543 4682 ille,
2574 4615 2621 4670 si
2680 4615 2802 4684 quis
2833 4613 2992 4673 alius,
3017 4608 3247 4663 Basilius
3285 4625 3297 4659 :
3356 4614 3411 4659 et
3442 4603 3527 4657 in-

1944 4717 2029 4765 ter
2056 4725 2250 4765 onmes
2283 4708 2590 4779 praecipuus
2624 4705 3049 4777 pulchritudinis
3085 4700 3280 4755 artifex
3324 4696 3527 4767 Grego—
3556 4760 3563 4763 _

1941 4803 2055 4858 rius
2089 4822 2102 4858 :
2130 4812 2186 4858 et
2206 4804 2411 4858 variata
2442 4802 2531 4855 illa
2558 4797 2748 4855 Isidori
2782 4814 2961 4860 musa,
3009 4796 3124 4865 qui,
3150 4801 3210 4847 ut
3237 4807 3360 4855 nos,
3408 4806 3527 4843 mo-

1940 4896 2150 4951 nachus
2185 4895 2305 4950 fuit.
2342 4895 2437 4949 Ille
2466 4902 2524 4946 ut
2562 4892 2845 4953 orationis,
2912 4890 2986 4943 ita
3024 4898 3240 4956 quoque
3277 4882 3527 4937 sacerdo-

1939 4988 2060 5044 talis
2078 4996 2133 5042 et
2154 4987 2402 5041 ascetica:
2440 4986 2565 5039 vita:
2588 4998 2764 5038 canon
2791 4979 3112 5051 dignissime
3154 4975 3475 5030 inscribitur
3509 4991 3524 5026 :

1943 5083 2030 5136 his
2056 5082 2339 5152 adjungas,
2397 5079 2439 5134 si
2474 5079 2566 5150 qui
2614 5077 2703 5131 alii
2770 5075 2901 5138 sint,
2949 5072 3040 5142 qui
3088 5070 3282 5125 eodem
3321 5066 3528 5129 animo,

1939 5188 2127 5227 eorum
2196 5173 2371 5227 ideam
2404 5212 2420 5238 ,
2470 5170 2708 5242 propriis
2778 5168 2893 5223 suis
2966 5163 3212 5236 epistolis
3299 5173 3528 5230 expres-

1943 5275 2158 5320 serunt.

1524 5529 1757 5586 ΥΑΙιΙίΕ
1796 5525 2202 5585 LECTIONES.

349 5721 370 5751 ι
406 5712 489 5765 io.
518 5712 810 5785 ὑμετίρας.
