3930 6498
991 551 1212 608 EPIST.
1247 552 1410 608 XLV.

734 645 925 701 Jonnni
965 644 1310 713 metropolita:
1344 645 1637 700 Heracleae.

1543 433 1808 497 PHOTII
1844 429 2351 495 PATRIARCHE
2385 427 2497 488 ΟΡ.

2015 554 2062 610 Α

3555 419 3668 486 864

2681 541 2907 596 ΕΠΙΣΤ.
2962 539 3098 596 ME’.

2305 637 2556 708 Ἰωάννῃ
2575 635 2985 706 μητροπολίτῃ
3033 634 3407 702 Ἡρακλείας.

1626 747 1894 798 Montacut.
1915 746 2008 810 (Bp
2047 747 2159 810 218,
2182 761 2233 812 p.
2261 747 2395 810 524).

475 847 698 904 Videtur
744 843 882 900 mihi
915 843 1167 900 Christus
1200 843 1342 900 Deus
1388 854 1444 901 et
1480 845 1596 901 Rex
1638 853 1828 899 noster
1855 855 1982 898 cum

398 942 492 1005 sit,
519 951 576 997 et
603 939 866 995 Dominus
887 954 1076 995 rerum
1103 941 1504 1006 exsistentium,
1525 947 1751 1012 propter
1782 939 1985 994 multas

399 1034 532 1089 alias
561 1031 970 1102 inexplicabiles
997 1047 1212 1098 causas,
1237 1039 1292 1086 et
1321 1033 1518 1088 mentis
1545 1032 1804 1088 intuitum
1832 1039 1986 1087 tran-

398 1126 750 1191 scendenles,
777 1141 876 1196 per
902 1125 1242 1180 voluntatem
1269 1125 1452 1196 potius
1490 1127 1802 1196 passionem
1851 1126 1983 1180 sub-

391 1214 552 1280 :iisse,
591 1223 646 1268 et
668 1229 777 1268 non
805 1229 905 1284 per
931 1215 1232 1284 potentiam
1263 1214 1566 1270 absolutam
1591 1215 1757 1271 totius
1786 1217 1982 1271 mundi

404 1303 952 1375 salutem’operatus.
987 1305 1262 1378 Imprimis
1305 1307 1376 1362 ob
1425 1308 1529 1362 hoc
1565 1308 1769 1378 ipsum,
1802 1317 1864 1362 ut
1912 1308 1984 1362 ita

398 1412 679 1468 magnum,
715 1396 977 1453 eximium
1013 1407 1071 1454 et
1114 1413 1384 1469 apparens
1421 1399 1674 1454 solatium
1706 1399 1772 1454 iis
1805 1399 1899 1470 qui
1927 1399 1985 1454 in

402 1487 507 1544 hac
537 1489 646 1544 vita
677 1491 1009 1561 allliguntur,
1055 1500 1112 1545 et
1164 1499 1405 1546 extrema
1450 1491 1632 1546 omnia
1669 1491 1983 1562 patiuntur,

401 1581 736 1650 relinqueret
769 1596 897 1637 suas
940 1581 1114 1651 ipsius
1156 1581 1462 1650 passiones,
1489 1590 1546 1636 et
1588 1590 1820 1637 mortem
1855 1597 1988 1638 con-

401 1674 768 1729 tumeliosam.
796 1672 924 1729 Haec
947 1683 1002 1728 tu
1026 1675 1276 1740 intuitus,
1303 1674 1488 1730 lactare
1519 1675 1719 1744 potius,
1743 1691 1809 1731 eo
1841 1677 1988 1747 quod

377 1763 628 1831 -habeas,
663 1779 856 1820 servus
889 1780 1014 1821 cum
1045 1765 1140 1831 sis,
1165 1766 1218 1820 in
1247 1767 1449 1836 quibus
1471 1768 1791 1839 magistrum
1827 1777 1981 1824 tuum

402 1852 635 1909 imiteris
667 1871 682 1908 :
713 1854 826 1910 noli
862 1870 1229 1922 murmurare,
1275 1856 1347 1912 ob
1381 1856 1472 1912 illa
1498 1873 1619 1927 qua:
1662 1859 1859 1914 cedent
1887 1859 1986 1914 tibi

404 1947 464 2000 in
495 1955 879 2018 argumentum
910 1962 1259 2016 coronarum,
1294 1947 1341 2006 si
1374 1966 1405 2005 a
1433 1952 1684 2008 veritatis
1712 1951 1984 2018 hostibus,

405 2037 535 2096 licet
558 2038 746 2094 invitis
781 2039 1184 2097 contribuleris.

2169 842 2325 912 Ἐμοὶ
2357 842 2456 912 μὲν
2485 842 2652 907 δοκεῖ,
2693 841 2791 893 καὶ
2829 840 2899 894 δι’
2940 839 3107 903 ἄλλας
3137 837 3341 900 πολλὰς
3387 838 3674 910 ἀρρήτους

2083 951 2167 997 τε,
2210 935 2302 988 καὶ
2336 934 2478 1004 ὑπὲρ
2509 932 2667 999 νοῦν,
2695 932 2928 1006 Θεωρίας
2949 972 2965 998 ,
3007 932 3099 986 τὸν
3125 931 3359 1004 Χριστὸν
3390 932 3486 984 καὶ
3528 931 3676 984 Θεὸν

2086 1027 2266 1099 ἡμῶν,
2299 1026 2552 1091 Βασιλέα,
2607 1028 2704 1080 καὶ
2734 1025 2827 1079 τοῦ
2851 1025 3054 1090 παντὸς
3085 1025 3402 1096 ὑπάρχοντα
3433 1023 3678 1094 Κύριον,

2085 1119 2152 1174 δι’
2182 1119 2434 1173 ἑκουσίου
2471 1119 2674 1190 μᾶλλον
2696 1118 3044 1190 παθήματος,
3089 1118 3228 1172 ἀλλά
3263 1117 3338 1188 μὴ
3368 1117 3681 1188 δεσποτικῇ

2086 1213 2180 1268 καὶ
2205 1212 2569 1283 αὐτοκράτορι
2599 1211 2840 1281 ἐξουσίᾳ,
2871 1211 2970 1282 τὴν
2999 1213 3346 1281 παγκόσμιον
3393 1210 3685 1280 σωτηρίαν

2086 1305 2531 1374 ἀπεργάσασθαι·
2553 1303 2706 1356 οὐδὲν
2740 1303 2799 1357 δὲ
2821 1297 3003 1374 ἦττον,
3029 1297 3208 1372 οἶμαι,
3243 1301 3338 1355 καὶ
3367 1300 3456 1354 διὰ
3485 1301 3657 1354 τοῦτο

2085 1398 2163 1462 ὡς
2191 1397 2261 1451 ἂν
2303 1395 2539 1467 μάλιστα
2571 1396 2714 1466 μέγα
2738 1395 2834 1448 καλ⁸
2867 1394 3038 1463 σαφὲς
3078 1393 3427 1464 παραμύθιον
3461 1395 3575 1456 τοῖς
3615 1393 3687 1446 ἐν

2090 1488 2191 1561 βίῳ
2213 1486 2651 1558 ταλαιπωροῦσι,
2686 1485 2877 1540 καὶτὰ
2926 1485 3131 1555 ἔσχατα
3174 1485 3469 1555 πάσχουσι,
3499 1502 3690 1538 κατα-

2087 1579 2266 1633 λείποι
2295 1577 2366 1632 τὰ
2403 1579 2581 1632 οἰκεία
2631 1577 2804 1648 πάθη,
2835 1577 2934 1632 καὶ
2964 1577 3057 1631 τὸν
3105 1576 3474 1630 ἐπονείδιστον
3503 1575 3688 1630 αὑτοῦ

2088 1671 2341 1727 θάνατον.
2393 1670 2539 1742 Πρὸς
2563 1669 2600 1725 ἃ
2631 1669 2728 1723 καὶ
2757 1669 2822 1722 σὺ
2857 1668 3100 1738 ἀφορῶν,
3133 1670 3294 1738 χαῖρε
3325 1668 3550 1739 μᾶλλον,
3591 1661 3690 1731 οἷς

2089 1765 2254 1836 ἔχεις,
2288 1767 2316 1816 ὁ
2346 1762 2556 1825 διοῦλος
2611 1760 2897 1832 μιμεῖσθαι
2943 1759 3036 1813 τὸν
3075 1760 3382 1830 δεσπότην
3424 1760 3562 1814 ἀλλά
3599 1759 3688 1831 μὴ

2087 1858 2345 1927 δυσφόρει
2372 1856 2511 1928 πρὸς
2540 1855 2640 1919 τὰς
2659 1855 2769 1908 τῶν
2797 1853 3077 1925 στεφάνων
3107 1853 3418 1916 ὑποθέσεις,
3443 1853 3548 1906 ὑπὸ
3563 1853 3690 1905 τῶν

2085 1953 2185 2020 τῆς
2230 1950 2489 2020 ἀληθείας
2533 1949 2767 2021 ἐχθρῶν,
2815 1949 2911 2003 καὶ
2961 1947 3232 2012 ἀκόντων,
3281 1945 3689 2016 παιδοτριϐού-

2093 2063 2276 2117 μενος.

1475 2284 1708 2336 SERIES
1743 2287 2076 2340 SECUNDA.
2103 2316 2166 2330 -—
2185 2292 2273 2342 AD
2299 2290 2611 2342 ΑΒΒΑτΕε.

973 2406 1190 2464 EPIST.
1215 2407 1416 2467 XLVI.

760 2495 915 2553 Saba:
945 2498 1292 2556 Pissadorum
1323 2505 1631 2575 Iwgumeno.

2660 2421 2885 2476 ΕΠΙΣΤ.
2942 2423 3092 2490 Μετ’.

2358 2513 2519 2581 Σάόᾳ
2551 2513 2866 2584 ἡγουμένῳ
2892 2513 3012 2567 τῶν
3043 2514 3389 2569 Πισσάδων.

1625 2601 1893 2652 Montacut.
1925 2604 2027 2665 (cp.
2063 2602 2140 2665 15,
2173 2617 2282 2666 pag.
2304 2603 2386 2665 76}

474 2681 554 2737 De
580 2689 668 2736 tua
692 2682 1054 2754 dispositione
1077 2697 1133 2743 et
1162 2701 1356 2746 natura
1374 2694 1523 2762 'quid
1555 2695 1732 2751 dicam
1778 2700 1986 2755 nescio.

403 2771 528 2826 Vidi
557 2773 778 2842 quidem
806 2790 906 2844 ego
941 2784 993 2831 te
1030 2778 1344 2858 pelliculam
1385 2783 1636 2839 indutum
1684 2787 1904 2854 ovilem,
1936 2797 1993 2844 et

401 2863 655 2933 perinde,
696 2867 842 2935 quod
885 2867 975 2921 illa
1024 2870 1330 2941 tegebatur,
1373 2873 1602 2945 simplex
1661 2879 1989 2945 arbitrabar,

405 2954 528 3009 sine
571 2956 798 3021 malitia,
843 2958 1051 3015 Christi
1094 2977 1268 3034 :grcge
1322 2965 1568 3035 dignum.
1605 2967 1774 3041 Vulgo
1807 2981 1993 3027 autem

404 3047 585 3114 aiunt,
619 3050 818 3119 pellem
849 3051 997 3106 illam
1025 3055 1245 3125 vulpem
1294 3059 1590 3131 obtegere;
1624 3078 1746 3132 quae
1779 3075 1993 3119 mortua

405 3146 464 3193 et
489 3140 692 3196 olentia
723 3143 899 3198 nutrit
921 3159 1173 3216 corpora,
1202 3149 1508 3217 cujusmodi
1532 3169 1730 3223 nempe
1765 3155 1820 3210 in
1846 3165 1992 3212 coetu

403 3231 708 3300 putrefacta
746 3235 1138 3298 ecclesiastico,
1170 3240 1512 3298 daemonibus
1549 3246 1808 3314 pabulum
1831 3256 1995 3318 atque

405 3338 599 3379 eorum
631 3325 895 3381 ministris
928 3329 1086 3384 ﬁunt.
1122 3331 1236 3404 Ego
1277 3343 1427 3390 certe
1464 3346 1518 3392 te
1552 3339 1734 3395 audivi
1771 3341 1994 3412 longum

406 3430 654 3472 errorem
681 3419 1098 3487 praedicantem,
1139 3421 1509 3482 frustranenm
1547 3445 1793 3487 errorem
1841 3442 1993 3488 tuum

407 3506 783 3574 deplorantem
813 3549 830 3576 ,
882 3513 1168 3584 antiquum
1225 3517 1434 3573 scilicet
1500 3535 1742 3576 errorem
1819 3533 1994 3580 tuum.

406 3598 583 3654 Aiunt
629 3611 836 3670 autem,
887 3607 1142 3661 eumdem
1177 3617 1230 3664 te
1272 3611 1453 3667 adhuc
1492 3629 1676 3670 errare
1717 3631 1994 3685 errorem;

409 3705 589 3760 neque
614 3693 774 3749 aliter
803 3694 1061 3752 allectum
1089 3715 1254 3770 quam
1303 3701 1481 3758 insani
1526 3703 1882 3777 Corybantes.
1936 3709 1997 3764 ln

409 3779 604 3837 faciem
633 3792 688 3838 tu
722 3801 824 3840 nos
852 3787 1205 3856 benedixisti,
1231 3801 1542 3848 servatores
1568 3797 1874 3867 appellasti,
1904 3799 1998 3869 qui

411 3881 468 3929 te
494 3875 563 3929 de
602 3884 771 3946 puteo
819 3879 1146 3953 perditionis
1210 3883 1660 3958 deceptionisque
1713 3890 1863 3947 illius
1902 3907 1998 3948 ex-

416 3965 708 4022 traximus:
731 3979 816 4024 ast
836 3970 890 4024 in
912 3972 1167 4029 absentes
1186 3974 1340 4029 aiunt
1361 3986 1413 4032 te
1436 3993 1536 4034 nos
1556 3981 1997 4050 obmurmurare,
2025 3963 2070 4026 Ο

414 4065 471 4109 et
498 4072 610 4111 non
645 4073 806 4114 secus
846 4077 1012 4131 quam
1042 4063 1098 4118 in
1139 4079 1304 4120 scena
1345 4068 1526 4124 solent
1576 4071 1846 4130 lascivire.
1889 4075 2000 4132 Re-

414 4145 644 4202 cordare
717 4164 788 4204 an
863 4151 982 4207 haec
1037 4154 1262 4213 omnino
1315 4155 1730 4229 Christianum,
1799 4167 2001 4222 nedum

413 4236 748 4325 monachum
771 4239 1020 4297 deceant.
1053 4245 1212 4309 Quod
1244 4245 1289 4302 si
1317 4245 1436 4302 haec
1466 4254 1837 4309 commentitia
1867 4256 1998 4325 sint,

413 4324 700 4396 deplorare
762 4345 852 4385 me
898 4341 1113 4402 oportet
1160 4338 1585 4407 oggannientcs,
1623 4344 1765 4413 quod
1825 4324 2001 4416 deﬁcit

413 4428 650 4484 sanctus,
681 4422 1044 4493 depauperata
1074 4435 1149 4480 est
1182 4430 1378 4485 veritas
1423 4449 1457 4485 a
1493 4433 1620 4500 ﬁliis
1649 4435 1959 4492 hominum“
1980 4459 2000 4496 :

414 4509 500 4563 sin
527 4526 649 4580 quae
676 4515 1064 4570 renuntiantur
1093 4533 1222 4574 vera
1244 4531 1390 4587 sunt,
1429 4523 1661 4580 deﬂendi
1680 4527 1844 4596 plane
1873 4541 2002 4586 sunt

413 4610 756 4671 peccatores,
818 4620 886 4660 eo
931 4608 1077 4678 quod
1128 4611 1294 4666 stulta
1343 4612 1596 4684 loquatur
1641 4618 1821 4674 omnis
1857 4622 2002 4692 apud

414 4695 724 4762 proximum
747 4712 928 4764 suum,
978 4709 1036 4754 et
1072 4702 1231 4758 labiis
1263 4704 1472 4762 dolosis
1508 4709 1809 4768 osculatur.
1841 4713 2003 4770 Omni

416 4795 599 4841 autem
623 4789 786 4844 modo
813 4791 1112 4848 dolendum
1141 4804 1226 4850 est
1265 4797 1402 4852 mihi
1434 4815 1449 4853 :
1483 4799 1551 4854 ad
1584 4816 1768 4857 meum
1796 4807 2002 4862 etenim

415 4890 473 4932 et
514 4879 718 4937 Christi
749 4899 970 4958 gregem
1013 4898 1283 4958 Spectant,
1334 4892 1508 4947 velint
1550 4895 1750 4959 nolint,
1814 4898 2005 4956 infecti

417 4970 588 5068 lepra,
635 4984 691 5030 et
733 4992 858 5032 cum
890 4977 1060 5037 Paulo
1107 4984 1175 5040 de
1226 4985 1361 5058 ipsis
1401 4995 1674 5063 angimur,
1725 5002 2005 5068 utcunque

419 5063 582 5119 simul
612 5081 778 5123 sensu
805 5072 952 5143 tangi
989 5074 1188 5132 nolint.

971 5162 1195 5223 EPIST.
1235 5167 1450 5229 XLVII.

879 5255 1170 5316 Theoctisto
1239 5265 1544 5337 hegumena.

2164 2701 2278 2762 υύκ
2312 2695 2408 2752 οἷδ’
2438 2700 2466 2752 ὅ
2499 2717 2550 2752 τι
2582 2700 2676 2752 καὶ
2707 2697 2848 2751 εἴπω
2875 2701 3005 2770 περὶ
3038 2703 3136 2771 τῆς
3163 2699 3318 2770 ὑμῶν
3351 2700 3676 2764 διαθέσεως-

2103 2789 2246 2859 Ἐγὼ
2278 2791 2376 2862 μὲν
2402 2791 2511 2863 γὰρ
2549 2786 2690 2844 εἶδον
2728 2791 3006 2862 προϐάτου
3061 2808 3119 2844 σε
3150 2791 3315 2862 δορὰν
3352 2792 3685 2863 περικείμε-

2093 2900 2202 2946 νον,
2237 2884 2330 2935 καὶ
2363 2883 2585 2936 ἐδόκουν
2635 2882 2848 2936 ἁπλοῦν
2887 2883 2982 2936 καὶ
3021 2883 3253 2947 ἄκακον,
3284 2884 3384 2952 τῆς
3425 2883 3680 2953 Χριστοῦ

2092 2972 2294 3043 ἀγέλης
2328 2973 2476 3038 ἀξιον
2503 2969 2642 3027 εἶναι
2665 2971 2726 3026 τδ
2749 2972 3182 3042 καλυπτόμενον.
3210 2973 3274 3025 Ol
3303 2973 3361 3025 δέ
3392 2991 3550 3042 φασι,
3574 2973 3682 3044 τὴν

2091 3065 2255 3137 δορὰν
2301 3065 2565 3120 ἀλώπεκα
2616 3064 2918 3136 κρύπτειν·
2980 3064 3013 3135 ἠ
3068 3064 3242 3135 νεκρὰ
3289 3066 3387 3119 καὶ
3437 3065 3684 3118 ὀδωδότα

2095 3156 2288 3227 τρέφει
2338 3155 2362 3195 δ
2397 3156 2646 3226 σώματα,
2695 3156 2797 3208 ὅσα
2847 3154 2940 3208 τοῦ
2980 3154 3438 3225 ἐκκλησιαστικοῦ
3486 3155 3685 3208 διασα-

2073 3249 2266 3332 κπέντα
2297 3247 2664 3319 πληρώματος
2717 3247 2940 3318 δαίμοσι
2976 3247 3150 3319 τροφὴ
3198 3247 3292 3299 καὶ
3324 3248 3440 3311 τοῖς
3495 3247 3680 3301 αὐτῶν

2096 3339 2394 3412 θεράπουσι
2425 3338 2654 3408 γίνεται.
2688 3339 2800 3392 Καὶ
2833 3335 2946 3407 ἐγὼ
2979 3336 3078 3407 μὲν
3120 3337 3319 3407 ἤκουόν
3361 3353 3421 3388 σε
3466 3334 3681 3406 πλάνην

2095 3431 2325 3501 λέγοντα
2353 3432 2595 3506 μακρὰν,
2627 3431 2723 3484 καὶ⁸
2753 3431 2988 3500 ματαίαν
3018 3427 3226 3498 πλάνην
3259 3427 3678 3500 ἀπολοφυρόμε-

2098 3541 2210 3592 νον,
2242 3524 2342 3595 τὴν
2373 3523 2542 3577 πάλαι
2579 3540 2673 3576 σου
2715 3522 2946 3593 πλάνην.
2987 3522 3054 3576 Οἱ
3084 3520 3141 3574 δὲ
3173 3521 3234 3574 σέ
3265 3538 3430 3590 φασιν
3463 3520 3676 3590 ἐκείνην

2097 3618 2179 3672 ἔτι
2207 3615 2677 3688 περιπλανᾶσθαι,
2709 3613 2874 3685 μηδὲν
2904 3611 3126 3666 ἔλαττον
3149 3611 3258 3664 τῶν
3282 3611 3676 3683 κορυϐαντιῶν-

2098 3726 2207 3762 των
2236 3707 2602 3777 διακείμενον.
2634 3705 2747 3758 Καὶ
2783 3703 2848 3756 σὺ
2897 3703 2997 3772 μὲν
3028 3703 3173 3754 κατά
3202 3703 3500 3773 πρόσωπον
3528 3703 3668 3772 ἡμᾶς

2097 3799 2378 3871 ηὐλόγεις,
2429 3798 2523 3852 καὶ
2557 3796 2809 3866 σωτῆρας
2840 3795 2988 3864 ἡμᾶς
3019 3792 3345 3862 ὡμολόγεις,
3380 3794 3465 3846 ὅτι
3496 3793 3551 3846 σὲ
3577 3791 3664 3844 τοῦ

2103 3891 2293 3962 βόθρου
2316 3893 2416 3962 τῆς
2448 3888 2807 3962 παρατροπῆς
2829 3885 3046 3957 ἐκείνης
3072 3885 3166 3938 καὶ
3185 3885 3406 3956 ἀπάτης
3431 3883 3671 3938 ἀνειλκύ-

2105 3999 2311 4055 σαμεν·
2344 3983 2394 4035 oi
2419 3980 2477 4035 δέ
2509 3981 2570 4034 σέ
2605 3997 2792 4050 φασιν,
2825 3977 3080 4032 ἀπόντων
3115 3978 3296 4048 ἡμῶν,
3334 3975 3679 4046 καταγογγύ-

2102 4071 2219 4139 ζειν
2251 4074 2411 4144 ὃμοια
2443 4074 2553 4136 τοῖς
2597 4071 2691 4124 ἐπὶ
2737 4073 2943 4141 σκηνῆς
3002 4069 3418 4138 ἀσελγαίνοντα.
3482 4069 3680 4123 Ἐννόει

2099 4168 2166 4236 δὴ
2205 4165 2380 4220 ταῦτα
2407 4166 2457 4218 εί
2487 4164 2626 4228 ὅλως
2651 4161 3019 4234 Χριστιανῶν,
3050 4162 3124 4233 μή
3147 4179 3200 4216 τι
3223 4178 3288 4231 γε
3318 4161 3676 4234 μοναξόντων,

2101 4259 2323 4315 δύναται
2361 4253 2520 4314 εἶναι.
2566 4256 2709 4310 Ἀλλ’
2740 4257 2791 4310 εί
2841 4255 2950 4325 ¹μὲν
2982 4254 3291 4310 ἐπλάσαντο
3340 4254 3528 4316 ταῦτα,
3554 4253 3674 4306 66:3-

2106 4351 2296 4425 ρεσθαί
2349 4367 2420 4419 με
2465 4349 2547 4404 δεῖ
2602 4349 2713 4404 τῶν
2761 4347 3152 4412 κατειπόντων,
3199 4347 3292 4401 ὅτι
3323 4345 3678 4400 ἐκλέλοιπεν

2103 4443 2296 4511 ὅσιος,
2325 4443 2415 4497 ὅτι
2435 4441 2833 4512 ὠλιγώθησαν
2861 4444 2920 4494 ai
2949 4439 3227 4510 ἀλήθειαι
3255 4440 3371 4495 ἀπὸ
3396 4438 3516 4493 τῶν
3533 4437 3682 4493 υἱῶν

2102 4535 2223 4592 τῶν
2276 4536 2641 4606 ἀνθρώπων-⁸
2709 4536 2760 4588 εί
2824 4534 2870 4587 δ’
2907 4532 3085 4605 ἀληθῆ
3134 4533 3204 4587 τά
3263 4531 3680 4603 ἀπηγγελμένα,

2105 4631 2325 4701 θρηνεῖν
2368 4629 2612 4700 προσῆκε
2679 4629 2809 4691 τοὺς
2845 4628 3274 4699 ἡμαρτηκότας,
3334 4627 3419 4679 ὅτι
3481 4626 3683 4696 μάταια

2105 4721 2259 4775 λαλεῖ
2291 4721 2522 4784 ἕκαστος
2563 4718 2702 4791 πρὸς
2737 4718 2830 4772 τὸν
2853 4718 3083 4790 πλησίον
3133 4717 3325 4779 αὑτοῦ,
3366 4717 3463 4770 καὶ
3491 4715 3685 4777 δολίοις

2107 4813 2540 4884 περιπτύσσεται
2571 4810 2800 4882 χείλεσι.
2829 4811 3058 4873 Πάντως
3085 4809 3144 4862 δὲ
3169 4809 3252 4862 δεῖ
3279 4825 3350 4880 με
3393 4806 3648 4862 ἀνιᾶσθαι
3667 4822 3680 4835 ”

2104 4906 2204 4976 τῆς
2221 4905 2359 4975 ἐμῆς
2385 4905 2494 4974 γὰρ
2524 4905 2618 4958 καὶ
2638 4900 2875 4972 Χριστοῢ
2909 4902 3166 4971 ποίμνης,
3209 4901 3318 4955 κᾶν
3347 4901 3426 4971 μὴ
3453 4898 3683 4970 βούλων-

2104 5015 2216 5064 ται,
2245 4996 2342 5050 καὶ
2359 4997 2426 5051 τὰ
2445 4994 2812 5066 λεπρωθέντα,
2829 4995 2926 5046 καὶ
2954 4993 3084 5062 περὶ⁹
3107 4992 3288 5046 αὐτῶν
3314 4991 3453 5064 μετά
3473 4991 3682 5046 Παύλου

2106 5084 2572 5156 διαμεριμνῶμεν,
2598 5084 2703 5138 κᾶν
2732 5083 2807 5155 μὴ
2832 5083 3026 5136 θέλωσι
3055 5083 3530 5138 συναισθάνεσθαι.

2686 5175 2927 5230 ἘΠΙΣΤ.
2962 5174 3097 5229 ΜΖ’.

2559 5265 2895 5333 Θεοκτίστῳ
2914 5264 3247 5336 ἡγουμένῳ.

1657 5379 1924 5433 Montacut.
1950 5387 2055 5449 (ep.
2089 5385 2169 5444 52,
2203 5397 2253 5446 p.
2286 5378 2388 5443 94)·

493 5458 740 5555 Virtutes
759 5463 953 5535 lauda;
986 5482 1170 5525 coram
1202 5488 1334 5530 vero
1361 5486 1416 5530 et
1450 5478 1503 5532 in
1539 5479 1676 5536 facie
1707 5483 2007 5555 discipulos

425 5567 498 5645 ne
550 5553 760 5622 laudes,
812 5559 906 5628 qui
955 5573 1258 5632 sequuntur
1306 5583 1435 5633 eas;
1479 5570 1758 5645 instigare,
1800 5553 1862 5630 et
1911 5577 2007 5632 ad-

425 5643 654 5714 hortari,
687 5649 819 5704 boni
843 5653 1025 5721 operis
1066 5670 1192 5726 pars
1236 5670 1351 5728 est;
1395 5643 1632 5721 laudare?
1662 5681 1867 5733 coram,
1905 5683 2007 5723 nec

535 5760 558 5794 ⁸
607 5764 748 5819 Psal.
775 5783 852 5833 χι,
883 5765 938 5820 2.

2199 5481 2449 5536 Ἐπαίνει
2475 5477 2575 5540 τὰς
2603 5477 2804 5547 ἀρετάς
2825 5492 2839 5506 °
2875 5474 2952 5546 μὴ
2982 5473 3231 5546 θαύμαζε
3256 5475 3312 5528 δὲ
3338 5473 3484 5528 κατά
3515 5473 3683 5545 πρόσ-

2107 5593 2256 5629 ωπον
2284 5573 2411 5635 τοὺς
2447 5570 2574 5632 σοὺς
2621 5567 2868 5639 μαθητὰς
2911 5568 3196 5638 μετιόντας
3241 5566 3434 5632 αὑτάς.
3485 5565 3559 5620 Τὸ
3589 5565 3685 5636 μὲν

2106 5667 2234 5736 γὰρ,
2263 5660 2547 5735 προτροπὴ
2579 5663 2671 5716 καί
2710 5658 3080 5731 παράκλησις,
3119 5658 3490 5731 ἀγαθοεργίας
3549 5654 3684 5721 ἐστί,

1698 5843 1926 5901 Villile
1972 5843 2376 5903 LECTIONES.

535 5902 562 5943 ἀ
603 5903 688 5958 ἷσ.
720 5907 937 5960 σκέπει.
