3930 6484
209 516 343 591 865
1409 521 1949 582 EPISTOLARUM
1986 520 2220 581 LIBER
2258 520 2340 580 II.
3384 514 3494 577 866

209 648 281 699 τὸ
338 644 438 709 δὲ,
487 642 581 696 καὶ
638 640 697 693 σέ
750 637 1039 699 κολακείας
1076 636 1175 706 οὐχ
1225 635 1403 705 ἵστησι
1457 635 1693 705 μακρὰν,
1729 633 1826 688 καὶ

1940 642 1984 687 Le
2014 632 2303 687 submovet
2335 630 2496 701 longe
2534 630 2602 685 ab
2636 628 2970 690 adulatione,
3002 634 3059 680 et
3095 640 3218 680 cum
3261 623 3499 679 admira-

217 737 387 807 πρὸς
424 735 598 805 οἴησιν
620 731 749 794 τοὺς
776 728 1192 800 Θαυμασθέντας
1207 728 1241 798 ἢ
1264 727 1536 797 μαλακίαν
1553 727 1645 780 τοῦ
1667 726 1821 780 τόνου

1940 723 2076 777 tione
2110 722 2376 787 laudatos,
2404 721 2491 775 vel
2519 720 2587 775 ad
2612 719 2695 774 sui
2725 719 3041 789 Opinionem
3066 716 3384 786 perducere,
3414 714 3500 769 vel

213 806 333 898 τῆς
380 823 591 897 ἀρετῆς
637 821 825 875 εἴωθεν
854 818 1162 890 ὑποχαλᾷνο
1210 818 1278 870 δι’
1304 811 1379 871 ὧν
1416 817 1475 869 τὸ
1500 817 1669 885 γλυκὺ
1713 815 1823 871 τῶν

1940 813 2145 867 virtutis
2174 821 2361 866 tonum
2408 812 2464 866 in
2494 811 2779 865 mollitiem
2826 809 2993 863 animi
3038 807 3283 862 relaxare
3319 806 3499 867 solet;

218 920 394 975 κατὰ
426 918 557 972 Θεὸν
596 915 775 968 πόνων
812 915 1061 983 πέφυκεν
1084 912 1502 986 ἐπικαταῤῥεῖν,
1532 909 1624 963 καὶ
1651 909 1707 962 al
1726 909 1824 980 τῆς

219 1012 459 1083 σαρκὸς
488 1004 977 1077 ἀναζωπυροῦνται
1001 1004 1213 1074 ἡδοναί.

857 1181 1083 1235 ΕΠΙΣΤ.
1117 1180 1263 1234 Mﬂ'.

709 1273 986 1341 Θεοδώρῳ
1034 1272 1363 1342 ἡγουμένῳ.

1926 905 2056 959 hinc
2076 903 2137 959 ﬁt
2178 914 2238 958 ut
2270 904 2514 959 laborum
2559 904 2857 957 secundum
2918 900 3089 955 Deum
3122 907 3503 969 susceptorum

1927 994 2160 1048 dulcedo
2209 993 2431 1057 deﬂuat,
2478 1002 2536 1049 et
2583 993 2763 1047 carnis
2812 992 3135 1057 excitentur,
3180 988 3332 1044 velut
3378 987 3504 1057 igne

1932 1085 2132 1151 alllato,
2164 1086 2489 1156 voluptates.

2477 1174 2702 1230 EPIST.
2744 1172 2976 1228 XLVIII.

2429 1267 2691 1322 Theodoro
2743 1267 3049 1336 hegumeno.

1448 1376 1717 1428 Montacut.
1752 1377 1855 1440 (ep.
1881 1375 1990 1434 H2,
2022 1391 2069 1438 p.
2102 1375 2234 1437 199).

304 1483 435 1552 Οὐχ
463 1483 493 1534 ὁ
518 1480 580 1534 τὸ
612 1476 790 1551 ῥεῦμα
838 1477 947 1532 τῶν
974 1477 1150 1546 λόγων
1201 1477 1261 1530 ἐν
1298 1474 1523 1545 γλώσσῃ
1559 1471 1824 1545 πηγάζων

224 1575 375 1646 ἤδη,
415 1574 510 1627 καὶ
553 1574 711 1643 χεῖρα
753 1570 1115 1641 δραστήριος⁸
1173 1566 1364 1637 ὥσπερ
1414 1566 1523 1619 οὐδ’
1553 1566 1582 1616 ό
1627 1563 1823 1635 πράξει

224 1666 493 1737 κρατῶν,
525 1665 616 1718 καὶ
635 1663 734 1732 τὴν
763 1661 870 1714 τῶν
900 1660 1162 1731 ῥημάτων
1192 1657 1366 1712 πειθὼ
1391 1656 1826 1728 σοϐαρευομένην

226 1757 360 1828 ἔχει
388 1758 505 1819 τοῖς
529 1754 755 1826 χείλεσι.
794 1752 906 1805 Kal.
934 1749 1106 1803 πολλὰ
1149 1748 1248 1819 μὲν
1301 1748 1481 1811 ἄλλοις
1501 1747 1676 1800 εἰπεῖν
1720 1744 1827 1817 ἔχω

1859 1796 1906 1855 Β

1997 1469 2115 1525 Νοη
2139 1480 2223 1526 est
2248 1470 2338 1525 ille
2362 1470 2551 1526 statim
2579 1485 2745 1523 manu
2768 1477 3057 1540 promptus
3079 1466 3383 1530 habendus,
3412 1465 3507 1535 qui

1931 1571 2198 1617 torrentes
2243 1562 2558 1626 verborum,
2593 1560 2778 1631 lingua
2823 1560 2986 1614 veluti
3024 1559 3174 1613 fonte
3220 1558 3506 1612 immittit:

1930 1654 2003 1708 ita
2050 1669 2153 1708 nec
2199 1654 2361 1709 rebus
2405 1654 2572 1724 gestis
2616 1653 2836 1717 clarus,
2888 1652 3181 1706 verborum
3233 1649 3510 1706 suadelam

1932 1746 2091 1800 labiis
2114 1760 2236 1800 cum
2266 1760 2458 1815 pompa
2505 1745 2835 1802 insidentem
2886 1758 3102 1813 semper
3138 1743 3322 1797 habet.
3350 1741 3511 1812 Apud

226 1846 337 1900 καὶ
394 1842 715 1899 παντοδαπὰ
760 1840 1181 1912 παραδείγματα
1206 1854 1222 1869 ’
1260 1839 1398 1910 πρὸς
1424 1838 1483 1891 σὲ
1517 1838 1576 1891 δὲ
1602 1839 1827 1908 γράφων

1940 1837 2087 1903 alios,
2110 1852 2211 1909 ego
2240 1838 2424 1893 multis
2455 1839 2562 1893 boc
2592 1838 2820 1893 eﬁ‘atum
2866 1846 2923 1891 et
2960 1835 3354 1907 multiplicibus
3382 1849 3512 1904 pro-

227 1938 333 1991 τὸν
369 1934 731 2007 δμηρίζοντα,
761 1932 820 1986 ἓν
846 1931 1131 1996 ὑποδείξας
1154 1931 1344 2003 ἀρκεῖν
1372 1929 1636 2002 ἡγοῦμαι.
1657 1930 1827 2000 Λιμὸς

229 2028 440 2084 ἐπόνει
471 2026 533 2081 τὸ
566 2024 980 2097 στρατιωτικὸν,
1011 2025 1061 2076 οί
1093 2022 1190 2094 τὴν
1226 2021 1325 2094 σὴν
1368 2023 1569 2093 Τροίαν
1610 2021 1829 2093 πολιορ-

232 2118 478 2179 κοῦντες
502 2114 933 2186 περιεκάθηντο·
967 2113 1062 2166 καὶ
1110 2115 1140 2166 ό
1181 2113 1281 2183 μὲν
1342 2112 1630 2175 Ὀδυσσεὺς
1682 2111 1829 2167 σίτον

232 2211 533 2280 αἰτήσων,
588 2206 725 2279 πρὸς
763 2208 945 2260 Ἀνιον
1000 2203 1394 2258 ἀπεστέλλετοο
1435 2204 1658 2275 ἐθάρρει
1719 2203 1828 2275 γὰρ

234 2300 418 2355 αὑτοῦ
443 2302 507 2371 τῇ
534 2298 758 2371 γλώσσῃ
797 2298 857 2350 τὸ
897 2296 1178 2367 Ἀχαικόν.
1220 2296 1279 2349 ’0
1328 2295 1385 2349 δὲ
1412 2295 1826 2367 παραγεγονὼς,

235 2393 393 2444 ἔπεα
426 2390 740 2458 νιφάδεσσιν
773 2387 989 2441 ἐοικότα
1020 2387 1372 2458 χειμερίοισι,
1405 2387 1632 2440 πλεῖστα
1656 2389 1827 2457 ἐπομ-

240 2480 495 2551 ϐρήσας,
525 2480 622 2533 καὶ
645 2478 856 2541 τούτοις
886 2476 1237 2540 κατακλύσας
1288 2478 1379 2529 τὸν
1421 2476 1729 2547 ἄνθρωπον,
1768 2480 1827 2531 οὐ

241 2574 440 2643 μόνον,
478 2564 553 2624 ὧν
611 2570 839 2641 ἤλπισεν
866 2611 881 2636 ,
928 2568 1081 2622 οὐδὲν
1139 2566 1508 2638 ἐγεώργησεν,
1556 2568 1692 2621 ἀλλὰ
1737 2570 1832 2622 καὶ

238 2664 485 2737 ὀχληρὸς
508 2658 648 2717 εἶναι
674 2662 851 2728 δόξας,
882 2660 1223 2732 ὑπέστρεψεν
1242 2676 1256 2690 °
1291 2663 1497 2732 ἄπορον
1518 2673 1541 2700 θ
1561 2663 1661 2734 τὴν
1688 2662 1832 2733 ζωὴν

239 2760 365 2821 τοῖς
402 2758 483 2821 εἰς
511 2756 675 2810 αὑτὸν
709 2756 964 2826 κεχηνόσι
990 2755 1383 2826 ποιησάμενος.
1414 2756 1749 2827 Παλαμήδης
1776 2755 1833 2808 δὲ

244 2846 470 2909 ἐκεῖνος
499 2840 669 2915 (οἶδας
697 2843 788 2897 τὸν
825 2843 1138 2914 ἄνθρωπον,
1172 2845 1296 2897 ὅσον
1340 2844 1639 2909 Ὀδυσσέως
1679 2846 1833 2913 ἀφω-

245 2935 505 3008 νότερος)
553 2936 655 3006 τὴν
719 2936 1021 3006 πρεσϐείαν
1098 2935 1237 3005 μετὰ
1282 2938 1377 2991 τὸν
1416 2936 1573 3006 λιγὺν
1627 2939 1834 2992 ἐκεῖνον

246 3028 541 3100 ἀγορητὴν
589 3026 899 3098 ἐθάρρησεν
936 3025 1308 3080 ύποδύσασθαι
1332 3042 1348 3058 ·
1380 3027 1476 3083 καὶ
1512 3027 1834 3081 καταλαϐὼν

245 3123 344 3176 τὸν
387 3123 594 3184 ¹Ἄνιον,
625 3118 1019 3189 ἐργαζόμενον,
1048 3114 1169 3171 εἷπε
1197 3118 1294 3189 μὲν
1327 3118 1513 3173 οὐδέν’
1545 3120 1833 3174 ἀποϐαλὼν
1864 3160 1909 3220 C

248 3214 309 3268 δὲ
362 3212 433 3266 τὸ
492 3213 731 3283 ἱμάτιον,
768 3210 1024 3274 κοινωνὸς
1061 3209 1157 3262 τοῦ
1209 3210 1376 3279 ἔργου
1407 3212 1639 3279 ἐγίνετο.
1688 3213 1841 3265 Ἐπεὶ

248 3307 309 3360 δὲ
348 3305 495 3374 μετά
518 3306 645 3369 τοὺς
672 3305 892 3369 πόνους,
916 3303 975 3356 τὸ
996 3304 1210 3356 δεῖπνον
1236 3303 1442 3369 ἐκάλει,
1464 3304 1543 3375 τῷ
1568 3304 1839 3376 ἀνθρώπῳ

254 3397 631 3468 συνηρίστησε
654 3412 667 3426 ·
721 3395 819 3448 καὶ
846 3396 967 3447 τότε
1011 3395 1184 3465 βραχὺ
1217 3395 1369 3465 ῥῆμα
1414 3397 1754 3471 προήνεγκεν
1781 3396 1828 3465 ί,

251 3488 329 3553 ὡς
353 3484 462 3560 ἧκε
492 3490 639 3541 σῖτον
667 3487 910 3557 αἰτήσων
940 3485 1177 3556 στρατῷ,
1206 3485 1345 3555 φίλῳ
1362 3488 1458 3538 καὶ
1482 3485 1836 3556 ).ιμιὶ›ττον·ιτι⁹

256 3579 569 3649 καὶζτυχὼν
598 3578 765 3649 ἀπῄει
787 3577 1019 3649 χαίρων,
1052 3578 1149 3631 κοιλ.
1168 3578 1349 3648 φέρων
1379 3578 1494 3640 τοῖς
1523 3577 1836 3647 ὁμοφύλοις,

255 3670 389 3724 ἀντὶ
417 3669 614 3738 λόγων,
648 3670 746 3740 τὴν
781 3669 1070 3736 ὠφέλειαν.
1103 3670 1214 3721 Καὶ
1244 3669 1309 3721 σὺ
1339 3669 1520 3721 τοίνυν
1556 3668 1630 3740 μὴ
1662 3669 1840 3721 πάντα

255 3760 461 3833 Θάρρει
489 3764 602 3825 τοῖς
640 3760 819 3829 λόγοις
839 3776 851 3789 ’
882 3760 1056 3831 βραχὺ
1084 3759 1193 3831 γὰρ
1220 3758 1382 3830 ἔργον
1411 3759 1673 3828 σιγῶντος
1702 3760 1841 3829 μετὰ

258 3853 560 3920 συνέσεως,
608 3854 855 3925 μακροὺς
900 3851 1243 3923 ἐπιστομίζει
1310 3853 1501 3922 λόγους
1551 3852 1840 3918 πολλάκις,

260 3946 366 3999 καὶ
387 3945 543 3998 οὐδὲν
571 3945 683 3999 τῶν
707 3946 920 4013 ψόφων,
952 3944 1177 3999 καὶτῶν
1208 3946 1440 4015 ἀσήμων
1456 3944 1650 4014 φωνῶν
1678 3944 1840 3999 πλέον

257 4038 439 4113 ἔχειν,
469 4038 859 4093 ἐπιδείκνυσιν.

852 4316 1071 4372 ΕΠΙΣΤ.
1110 4316 1244 4371 MG'.

909 4406 995 4473 Τῷ
1020 4405 1201 4471 αὐτῷ.

1932 1928 2065 1984 bare
2086 1943 2304 2000 possem
2338 1930 2603 1999 exemplis
2629 1948 2642 1983 :
2674 1928 2769 1985 sed
2797 1943 2920 1983 cum
2949 1929 3015 1981 ad
3049 1936 3112 1992 ιε,
3124 1927 3380 1991 scribam,
3416 1924 3516 1995 qui

1934 2020 2403 2077 Homerizantium
2432 2037 2575 2077 unus
2598 2036 2679 2087 es,
2710 2022 2931 2075 unicum
2974 2009 3041 2075 si'
3061 2034 3367 2091 suggeram,
3395 2018 3517 2072 suf-

1934 2109 2205 2167 fecturum
2223 2111 2477 2166 arbitror.
2499 2112 2664 2167 Fame
2693 2110 2973 2165 laborabat
2998 2110 3272 2165 exercitus
3294 2107 3515 2179 Troiam

1934 2203 2559 2259 circumobsidentium:
2600 2201 2841 2273 Ulysses,
2876 2202 3213 2258 frumentum
3253 2202 3516 2272 impetra-

1937 2308 2115 2362 turus,
2141 2300 2208 2352 ad
2238 2297 2446 2352 Anium
2492 2298 2747 2352 mittitur.
2782 2296 3004 2368 Linguae
3039 2296 3187 2352 enim
3224 2296 3344 2367 ejus
3379 2309 3517 2349 con-

1937 2386 2179 2442 ﬁdebant
2225 2385 2422 2443 Graeci.
2482 2388 2579 2443 Ille
2637 2387 2733 2442 ubi
2784 2386 2986 2441 Anium
3049 2386 3290 2452 advenit,
3350 2385 3516 2440 verba

1936 2479 2218 2550 grandinis
2242 2491 2338 2534 aut
2362 2480 2507 2536 nivis
2530 2480 2701 2534 instar
2731 2479 3043 2550 depluebat,
3090 2488 3254 2549 atque
3280 2477 3387 2533 illis
3414 2477 3518 2531 ho-

1938 2571 2140 2625 minem
2168 2571 2508 2637 inundabat;
2537 2572 2630 2627 sed
2667 2587 2779 2625 non
2811 2571 2972 2625 modo
3006 2570 3145 2624 nihil
3168 2585 3360 2624 eorum
3394 2584 3518 2637 quae

1940 2663 2193 2734 sperabat
2239 2664 2497 2729 obtinuit,
2534 2679 2725 2718 verum
2777 2664 3041 2718 moleétus
3071 2663 3121 2717 ei
3154 2662 3303 2716 visus
3334 2661 3516 2714 inanis

1939 2735 2194 2810 reversus
2215 2766 2335 2822 est;
2368 2765 2424 2810 et
2442 2756 2611 2811 vitam
2646 2756 2764 2810 sine
2795 2756 2996 2819 fructu,
3033 2754 3150 2809 sine
3200 2753 3347 2808 victu
3392 2752 3518 2806 red-

1940 2848 2078 2903 didit
2109 2848 2311 2903 Grtecis
2338 2849 2431 2918 qui
2480 2848 2534 2901 in
2582 2848 2736 2901 illum
2781 2848 3083 2901 inhiabant.
3114 2845 3317 2900 Verum
3364 2844 3520 2898 Pala-

1941 2940 2127 2994 medes
2152 2939 2240 3009 (de
2264 2955 2373 3008 quo
2401 2930 2567 2993 fando
2599 2939 2823 3005 audisti,
2855 2938 3038 2992 minus
3066 2937 3341 2991 exstitisse
3368 2936 3520 2989 illum

1940 3045 2102 3099 quam
2152 3030 2375 3099 Ulysses
2421 3038 2576 3094 erat,
2636 3029 2940 3099 loquacem)
2994 3029 3341 3099 legationem,
3399 3036 3523 3098 post

1942 3121 2093 3174 illum
2122 3121 2457 3175 rhetoricum
2486 3122 2932 3188 declamatorem,
2966 3122 3120 3177 obire
3150 3136 3353 3187 ausus;
3396 3136 3522 3174 cum

1943 3213 2096 3283 operi
2152 3214 2428 3268 intentum
2480 3215 2688 3269 rustico
2751 3214 3053 3270 invenisset
3090 3213 3327 3277 Anium,
3384 3212 3525 3267 nihil

1942 3320 2167 3375 prorsus
2200 3305 2355 3370 dixit,
2410 3306 2506 3360 sed
2555 3314 2716 3360 exuta
2764 3317 2939 3370 veste,
2984 3307 3136 3376 operi
3186 3322 3246 3361 se
3288 3306 3526 3360 accinxit

1942 3396 2145 3450 laboris
2174 3396 2404 3450 socium.
2433 3395 2573 3450 Cum
2603 3397 2757 3450 ﬁnito
2784 3411 2949 3467 opere
2972 3397 3036 3451 ad
3060 3411 3271 3451 ecetram
3296 3410 3523 3450 vocare-

1944 3499 2054 3554 tur,
2116 3490 2355 3545 caanavit
2387 3506 2496 3545 una
2540 3509 2553 3544 :
2602 3499 2659 3544 et
2712 3490 2854 3544 inter
2911 3490 3238 3544 cenandum
3281 3488 3527 3543 breviter

1945 3583 2199 3652 exposuit
2264 3583 2532 3638 adventus
2600 3582 2685 3637 sui
2737 3597 2997 3649 causam,
3066 3591 3128 3636 ut
3187 3581 3526 3636 frumentum

1945 3670 2213 3724 exercitui
2245 3671 2584 3741 impetraret,
2615 3671 2757 3725 fame
2807 3670 2971 3725 nimis
3017 3688 3180 3742 quam
3230 3671 3524 3725 laboranti.

1943 3759 2064 3827 Quo
2093 3761 2410 3832 impetrato,
2441 3763 2599 3817 lzetus
2642 3762 2971 3830 revertitur;
3026 3778 3126 3832 pro
3148 3763 3350 3829 verbis,
3389 3778 3526 3817 con-

1944 3851 2235 3907 tribulibus
2274 3853 2387 3908 suis
2421 3853 2713 3907 utilitatem
2743 3854 2947 3908 ferens.
2997 3851 3117 3907 Noli
3167 3868 3309 3923 ergo.
3335 3861 3391 3905 tu
3438 3852 3527 3906 ni-

1944 3945 2115 3999 mium
2169 3945 2353 4001 verbis
2405 3946 2572 4001 ﬁdere
2614 3965 2629 4000 :
2666 3962 2794 4001 nam
2855 3946 3197 4001 taciturnitas
3243 3943 3528 4015 prudentis

1944 4036 2047 4090 viri
2086 4036 2237 4108 logos
2276 4037 2467 4109 longos
2520 4052 2664 4108 saepe
2705 4038 2926 4093 obturat
2960 4055 2972 4091 :
3027 4052 3241 4091 necnon
3272 4035 3527 4090 omnibus

1942 4126 2288 4182 manifestum
2345 4129 2494 4195 facit,
2540 4145 2663 4185 esse
2720 4130 2839 4186 illos
2893 4129 3085 4183 inanes
3133 4129 3419 4198 strepitus,
3473 4137 3528 4183 et

1943 4228 2140 4288 praeter
2181 4236 2347 4275 voces
2375 4222 2531 4276 nihil.

2509 4326 2729 4382 EPIST.
2772 4326 2963 4382 XLIX.

2616 4420 2834 4491 kEidem.

1501 4522 1765 4575 Montacut.
1794 4526 1897 4590 (ep.
1921 4528 2030 4592 HS,
2055 4545 2105 4594 p.
2132 4533 2263 4597 200).

339 4618 451 4692 Τὴν
480 4618 739 4673 Αἰσώπου
768 4634 1016 4688 γνωμην,
1056 4620 1121 4689 ἢν
1159 4617 1410 4672 ἀπέδωκε
1431 4659 1447 4683 ,
1478 4620 1831 4691 διερωτήσαν-

2016 4630 2204 4701 Aﬂsopi
2238 4634 2587 4701 sententiam,
2612 4650 2776 4706 quam
2806 4635 3025 4692 Chiloni
3052 4637 3317 4707 Spartano
3348 4636 3524 4691 inter-

262 4729 362 4775 τος
400 4710 496 4763 τοῦ
527 4708 961 4779 Λακεδαιμονίου
1006 4710 1277 4773 Χείλωνος
1318 4710 1400 4781 (ἐξ
1428 4704 1503 4764 ὧν
1529 4714 1639 4784 γὰρ
1664 4714 1831 4767 ποθεί‹

1946 4722 2159 4791 roganti
2192 4724 2440 4791 protulit,
2473 4740 2583 4778 non
2624 4704 2787 4780 modo
2844 4704 3109 4796 apposite
3126 4735 3181 4780 et
3224 4725 3524 4795 prudenter

268 4803 551 4873 ναμάτων,
580 4800 675 4853 τὸν
708 4800 806 4870 τῆς
838 4800 1213 4871 παραινέσεώς
1243 4818 1324 4853 σοι
1358 4800 1530 4870 κιρνῶ
1551 4807 1824 4876 κρατῆρα)

1947 4813 2236 4881 prolatam,
2295 4816 2390 4871 scd
2437 4816 2602 4871 valde
2651 4818 2992 4872 commodam
3044 4817 3311 4872 arbitrare
3366 4818 3450 4886 (ut
3492 4832 3526 4871 e

269 4897 352 4967 μὴ
378 4895 539 4966 μόνον
568 4894 843 4962 εὐστόχως
872 4894 965 4946 καὶ
1012 4893 1190 4963 σοφῶς
1228 4892 1551 4964 εἰρημένην,
1588 4894 1724 4949 ἀλλά
1754 4894 1831 4949 κα

1946 4905 2156 4973 rivulis,
2208 4908 2408 4976 quibus
2455 4909 2767 4976 oblectaris,
2830 4909 3221 4965 admonitionis
3272 4908 3372 4964 tibi
3422 4924 3524 4979 po-

266 4986 700 5060 χρησιμωτὰτην
752 4985 875 5039 λίαν
908 4984 1117 5055 νόμιζε.
1162 4985 1319 5038 Ἔστι
1359 4984 1490 5056 γὰρ,
1540 4984 1711 5050 ἔστιν,
1762 4989 1831 5039 ἐπ

1949 4996 2131 5051 culum
2159 5000 2473 5070 propinam)
2525 5002 2683 5056 Certe
2720 5016 2751 5057 e
2790 5017 2851 5058 re
2895 5002 3011 5072 ipsa
3058 5001 3345 5056 manifeste
3400 5001 3528 5056 licet

269 5079 455 5134 αὐτῶν
484 5078 595 5133 τῶν
631 5076 977 5149 πραγμάτων
1028 5076 1157 5129 ίδείν
1183 5076 1455 5146 ἐναργῶς,
1508 5075 1585 5141 ὡς
1616 5079 1644 5130 ὁ
1671 5078 1831 5148 ἄρῤη·

1949 5083 2411 5152 animadvertere,
2439 5091 2585 5158 quod
2612 5090 2765 5145 ﬁrma
2791 5100 2847 5147 et
2888 5091 3116 5145 immota
3166 5105 3322 5147 meus
3352 5104 3525 5161 saepe-

268 5187 364 5234 τος
396 5173 423 5213 ⁸
474 5170 572 5225 καὶ
605 5168 964 5233 ἀναλλοίωτος
1009 5167 1155 5233 νοῦς,
1195 5167 1412 5239 ἐπαίρει
1448 5167 1551 5237 μὲν
1599 5169 1831 5241 συνεχῶιε

1942 5188 2175 5231 numero
2227 5179 2424 5234 attollit
2471 5180 2967 5250 (lquemadmodutn
3014 5180 3107 5235 ille
3165 5177 3526 5250 loquebatur)

273 5264 433 5337 (ὅπερ
452 5265 661 5328 ἐκεῖνος
701 5262 923 5333 ἔφησεν)
955 5261 1035 5325 είς
1065 5260 1198 5331 ὕψος
1226 5262 1256 5301 h
1296 5260 1558 5315 ταπεινόν
1596 5262 1828 5330 κατάγει

1944 5264 2171 5320 humilia
2207 5266 2263 5321 in
2296 5268 2550 5336 sublime,
2582 5278 2639 5324 et
2663 5270 2922 5340 deprimit
2962 5269 3215 5325 sublimia
3251 5269 3307 5324 in
3340 5267 3525 5323 humi-

272 5355 329 5408 δέ
362 5357 443 5419 εἰς
486 5355 874 5425 ταπεινότητα,
917 5355 986 5407 τὰ
1026 5352 1237 5423 ὑψηλά·
1278 5353 1375 5407 καὶ
1419 5352 1580 5407 τοῦτο
1609 5355 1831 5424 συνεχῶς

1946 5356 2181 5412 litatem.
2230 5358 2346 5415 Hoc
2390 5370 2486 5416 tuo
2515 5363 2697 5418 animo
2723 5363 2971 5419 recolens
3003 5378 3167 5434 sape,
3201 5363 3328 5418 licet
3348 5363 3403 5416 in
3426 5377 3523 5416 ex-

274 5445 630 5516 διαμελετῶν,
661 5446 767 5499 κᾶν
795 5444 909 5499 ἄνω
927 5445 1091 5515 δοκῇς
1115 5444 1356 5508 ἑστάναι,
1385 5443 1577 5497 σκόπει
1605 5444 1675 5497 τὰ
1699 5446 1831 5498 κάτει

1947 5447 2097 5503 celso
2123 5450 2302 5505 elatus
2329 5453 2593 5508 exsistere
2620 5453 2878 5519 videaris,
2929 5469 3050 5525 quae
3070 5455 3326 5509 deorsum
3372 5465 3523 5516 sunt,

277 5540 374 5593 καὶ
401 5538 636 5593 ταπεινά
657 5555 672 5567 ο
708 5538 797 5591 ἵνα
831 5537 907 5607 μὴ
950 5536 1165 5607 ἀθρόον,
1212 5537 1305 5590 καὶ
1339 5535 1471 5603 παρ’
1500 5536 1722 5599 ἐλπίδας
1752 5553 1831 5589 πε·

1949 5538 2200 5607 intuere;
2234 5558 2303 5597 ne
2336 5554 2535 5613 praeter
2558 5545 3022 5616 exspectationem
3070 5555 3236 5612 tuam,
3263 5544 3443 5599 subito
3469 5549 3526 5596 et

278 5628 410 5698 σὼν,
446 5632 529 5694 είς
558 5629 883 5701 ἀμηχανίαν·
907 5629 1043 5693 ὅλως
1068 5629 1365 5696 καταστῇς,
1411 5627 1505 5681 καὶ
1553 5626 1830 5697 ίλιγγιῶντ

1950 5628 2243 5684 confertim
2292 5631 2608 5689 deturbatus
2663 5632 2918 5702 excidas,
2984 5641 3039 5689 et
3082 5646 3192 5702 quo
3244 5638 3296 5687 te
3344 5639 3528 5685 τετιιιε

1550 5778 1785 5843 ΥΑΒΙΑΈ
1824 5782 2223 5840 LECTIONES.

396 5954 422 5985 ³
451 5940 707 6012 ἄσπορον.
826 5943 846 5983 ί
888 5960 1050 6014 προσ.
1165 5944 1188 5983 8
1224 5941 1480 6014 ἄῤῥητος.
1592 5944 1621 5983 ιι
1654 5940 1742 5997 τά.
