3930 6502
405 443 513 508 863

977 559 1198 616 EPIST.
1234 560 1396 615 XLV.

721 651 912 708 Joanni
951 652 1297 721 metropolitaz
1331 653 1624 708 Heraclea.

1530 441 1796 505 PHOTII
1831 436 2339 502 PATRIARCHIB
2373 434 2484 496 ΟΡ.

2002 562 2050 618 Α

3541 426 3656 494 864

2669 548 2894 604 ΕΠΙΣΤ.
2949 546 3085 603 ME’.

2293 645 2542 715 Ἰωάννῃ
2563 643 2972 714 μητροπολίτῃ
3021 641 3394 710 Ἡρακλείας.

1613 754 1881 806 lentae-ut.
1901 753 1995 818 (ep
2034 754 2146 817 218,
2169 769 2220 818 p.
2247 754 2382 817 524).

460 853 685 911 Videtur
731 852 869 908 mihi
902 850 1154 909 Christus
1187 851 1330 908 Deus
1375 862 1431 909 et
1468 852 1584 908 Rex
1625 861 1816 907 noster
1843 863 1969 905 cum

384 949 478 1013 sit,
505 959 562 1005 et
587 947 853 1004 Dominus
875 963 1063 1004 rerum
1091 949 1491 1013 exsistentium,
1512 955 1738 1019 propter
1769 945 1971 1002 multas

385 1042 519 1097 alias
548 1040 956 1110 inexplicabiles
984 1055 1199 1106 causas,
1223 1047 1279 1094 et
1307 1041 1505 1096 mentis
1531 1040 1790 1096 intuitum
1821 1047 1973 1095 tran-

385 1134 736 1199 scendentes,
761 1149 863 1204 per
888 1133 1228 1188 voluntatem
1255 1133 1438 1204 potius
1476 1135 1789 1204 passionem
1839 1133 1970 1187 sub-

377 1223 539 1287 :iisse,
577 1231 633 1276 et
654 1236 763 1276 non
792 1237 892 1292 per
919 1223 1218 1292 potentiam
1249 1222 1552 1277 absolutam
1578 1223 1744 1278 totius
1773 1223 1969 1278 mundi

391 1313 623 1369 salutem
657 1323 938 1384 operatus.
975 1313 1248 1386 Imprimis
1292 1315 1363 1370 ob
1411 1315 1515 1370 hoc
1553 1315 1756 1385 ipsum,
1789 1324 1850 1370 ut
1899 1315 1970 1370 ita

385 1420 666 1476 magnum,
701 1405 963 1460 eximium
999 1415 1058 1461 et
1101 1421 1370 1477 apparens
1407 1406 1660 1462 solatium
1693 1406 1759 1461 iis
1792 1406 1885 1478 qui
1914 1407 1972 1461 in

388 1496 493 1552 hac
523 1498 633 1553 vita
663 1500 995 1570 ailliguntur,
1042 1507 1098 1553 et
1150 1507 1392 1553 extrema
1437 1499 1619 1554 omnia
1655 1498 1969 1569 patiuntur,

387 1590 722 1658 relinqueret
755 1605 884 1645 suas
927 1589 1100 1659 ipsius
1143 1589 1448 1658 passiones,
1476 1598 1533 1644 et
1575 1597 1808 1645 mortem
1842 1604 1975 1646 con-

387 1682 755 1737 tumeliosam.
782 1680 910 1738 Haec
933 1691 988 1736 tu
1013 1682 1262 1748 intuitus,
1290 1681 1476 1738 laetare
1505 1682 1706 1752 potius,
1729 1699 1796 1739 eo
1827 1684 1974 1754 quod

364 1771 616 1839 vhabeas,
649 1788 842 1829 servus
875 1788 1001 1829 cum
1031 1773 1126 1839 sis,
1152 1775 1206 1828 in
1233 1774 1436 1844 quibus
1459 1776 1779 1847 magistrum
1815 1784 1968 1832 tuum

389 1861 622 1918 imiteris
654 1880 669 1917 :
700 1863 812 1918 noli
849 1878 1216 1930 murmurare,
1262 1864 1333 1920 ob
1368 1864 1458 1919 illa
1484 1881 1606 1935 quae
1648 1867 1846 1922 cedent
1874 1866 1974 1922 tibi

391 1956 451 2010 in
482 1963 865 2027 argumentum
897 1970 1245 2024 coronarum,
1281 1957 1328 2014 si
1360 1974 1392 2013 a
1419 1959 1671 2016 veritatis
1699 1959 1970 2025 hostibus,

392 2045 522 2104 licet
545 2047 734 2102 invitis
767 2047 1171 2105 eontribuleris.

2157 849 2312 920 Ἐμοὶ
2344 850 2443 919 μὲν
2473 849 2639 914 όοκεῐ,
2680 848 2778 901 καὶ
2815 847 2886 902 δι’
2928 846 3094 911 ἄλλας
3125 845 3328 908 πολλὰς
3375 846 3659 917 ἀρρήτους

2069 958 2154 1004 τε,
2197 943 2289 995 καὶ
2323 941 2464 1012 ὑπὲρ
2496 939 2654 1007 νοῦν,
2683 939 2915 1012 Θεωρίας
2936 979 2952 1006 ,
2994 939 3086 994 τὸν
3111 939 3346 1012 Χριστὸν
3377 939 3472 992 καὶ
3514 937 3661 991 Θεὸν

2072 1034 2252 1106 ἡμῶν,
2285 1033 2539 1098 Βασιλέα,
2593 1036 2691 1088 καὶ
2721 1033 2814 1086 τοῦ
2837 1033 3041 1098 παντὸς
3073 1033 3389 1104 ὑπάρχοντα
3419 1031 3663 1102 Κύριον,

2071 1127 2139 1181 δι’
2169 1127 2421 1180 ἑκουσίου
2458 1126 2660 1197 μᾶλλον
2683 1126 3031 1197 παθήματος,
3075 1125 3215 1180 ἀλλά
3250 1125 3324 1196 μὴ
3355 1125 3663 1195 δεσποτικῇ

2073 1219 2167 1275 καὶ
2192 1219 2556 1291 αὐτοκράτορι
2586 1219 2827 1289 ἐξουσίᾳ,
2858 1219 2957 1290 τὴν
2986 1219 3332 1288 παγκόσμιον
3379 1218 3664 1287 σωτηρίαν

2073 1312 2518 1381 ἀπεργάσασθαιο
2540 1311 2693 1364 οὐδὲν
2727 1311 2786 1364 δὲ
2808 1304 2990 1382 ἦττον,
3017 1305 3195 1380 οἴμαι,
3230 1309 3325 1363 καὶ
3354 1308 3443 1362 διὰ
3472 1309 3637 1362 τοῦτο

2073 1406 2150 1469 ὡς
2179 1404 2248 1458 ἀν
2291 1403 2526 1475 μάλιστα
2558 1403 2701 1473 μέγα
2725 1402 2822 1456 καὶ
2853 1401 3025 1470 σαφὲς
3065 1401 3414 1472 παραμύθιον
3447 1403 3562 1464 τοῖς
3597 1401 3660 1454 ἐν

2077 1496 2178 1568 βίῳ
2199 1493 2638 1566 ταλαιπωροῦσι,
2673 1495 2770 1548 καὶ
2795 1493 2864 1547 τά
2914 1493 3118 1563 ἔσχατα
3161 1493 3455 1563 πάσχουσι,
3486 1509 3662 1546 κατα-

2074 1586 2254 1641 λείποι
2282 1586 2352 1640 τά
2390 1587 2568 1640 οἰκεῖα
2619 1585 2791 1656 πάθη,
2823 1585 2921 1640 καὶ
2951 1585 3044 1638 τὸν
3093 1584 3460 1638 ἐπονείδιστον
3489 1583 3661 1638 αὑτοῦ

2075 1679 2328 1735 θάνατον.
2380 1678 2526 1748 Πρὸς
2550 1677 2587 1732 ά
2618 1677 2715 1731 καὶ
2744 1676 2810 1730 σὺ
2844 1676 3087 1745 ἀφορῶν,
3121 1678 3281 1746 χαῖρε
3313 1675 3536 1746 μᾶλλον,
3575 1669 3661 1739 οἷς

2075 1773 2241 1844 ἔχεις,
2275 1774 2303 1824 ὁ
2333 1770 2542 1832 διοῦλος
2599 1767 2884 1840 μιμεῖσθαι
2929 1768 3024 1821 τὸν
3062 1767 3368 1838 δεσπότηνο
3411 1768 3548 1822 ἀλλά
3583 1767 3661 1839 μὴ

2074 1866 2333 1935 δυσφόρει
2359 1864 2498 1935 πρὸς
2527 1863 2626 1926 τὰς
2646 1863 2756 1916 τῶν
2784 1861 3064 1932 στεφάνων
3095 1860 3404 1925 ὑποθέσεις,
3429 1860 3534 1914 ὑπὸ
3549 1860 3663 1913 τῶν

2073 1961 2172 2028 τῆς
2217 1958 2476 2029 ἀληθείας
2521 1957 2754 2029 ἐχθρῶν,
2802 1957 2898 2011 καὶ
2948 1955 3218 2019 ἀκόντων,
3268 1953 3662 2025 παιδοτριϐού-

2081 2071 2264 2125 μενος.

1462 2291 1695 2344 SERIES
1729 2295 2063 2348 SECUNDA.
2090 2324 2153 2337 -—
2173 2301 2260 2350 AD
2286 2298 2598 2350 ABBATES-

961 2414 1177 2472 EPIST.
1202 2415 1404 2475 XLVI.

747 2503 902 2561 Saba:
933 2507 1279 2565 Pissadorum
1310 2513 1618 2584 hegumeno.

2647 2429 2872 2484 eum.
2929 2431 3079 2498 Μςν.

2345 2521 2506 2589 Σάόᾳ
2539 2522 2852 2593 ἡγουμένῳ
2879 2520 3000 2576 τῶν
3031 2522 3376 2576 Πισσάδων.

1613 2610 1880 2660 Montacut.
1913 2612 2014 2674 (ep.
2051 2610 2128 2672 I5,
2161 2625 2268 2675 pag.
2291 2612 2373 2674 76)

461 2689 540 2745 De
567 2698 656 2745 ttta
680 2691 1041 2762 dispositione
1064 2706 1120 2751 et
1149 2709 1342 2754 natura
1362 2702 1510 2771 'quid
1542 2703 1719 2760 dicam
1765 2708 1973 2764 nescio.

391 2779 516 2835 Vidi
544 2781 766 2851 quidem
793 2798 893 2853 ego
927 2793 981 2840 te
1017 2787 1328 2855 pelliculam
1372 2792 1623 2848 indutum
1671 2796 1891 2863 ovilem,
1923 2805 1981 2852 et

388 2873 642 2941 perinde,
683 2875 828 2944 quod
872 2876 962 2930 illa
1011 2879 1316 2950 tegebatur,
1360 2882 1588 2954 simplex
1649 2887 1976 2954 arbitrabar,

391 2963 516 3018 sine
559 2965 786 3029 malitia,
830 2967 1039 3024 Christi
1081 2986 1254 3043 agrege
1309 2974 1554 3044 dignum.
1591 2976 1762 3050 Vulgo
1795 2990 1980 3035 autem

392 3055 572 3122 aiunt,
606 3058 804 3128 pellem
836 3060 985 3116 illam
1011 3064 1232 3134 vulpem
1281 3068 1578 3140 obtegere;
1611 3087 1734 3141 quae
1767 3083 1981 3128 mortua

392 3155 452 3202 et
477 3149 680 3205 olentia
710 3152 886 3207 nutrit
908 3168 1160 3225 corpora,
1189 3157 1496 3227 cuiusmodi
1519 3177 1718 3232 nempe
1753 3164 1808 3218 in
1833 3174 1980 3220 contu

391 3239 696 3309 putrefacta
733 3244 1124 3308 ecclesiastico.
1157 3249 1500 3307 daemonibus
1537 3255 1795 3324 pabulum
1818 3265 1981 3326 atque

393 3347 587 3388 eorum
618 3334 882 3390 ministris
916 3337 1072 3393 ﬁunt.
1111 3340 1224 3412 Ego
1264 3351 1415 3399 certe
1452 3355 1504 3400 te
1539 3348 1721 3404 audivi
1758 3350 1981 3421 longum

393 3439 642 3480 errorem
669 3428 1084 3496 praedicantem,
1126 3431 1496 3491 frustraneu-m
1535 3454 1780 3495 errorem
1829 3451 1980 3497 tuum

395 3514 771 3582 deplorantem
801 3559 818 3585 ,
869 3522 1154 3592 antiquum
1212 3527 1422 3582 scilicet
1487 3545 1730 3586 errorem
1806 3542 1982 3589 tuum.

393 3607 571 3663 Aiunt
616 3620 823 3679 autem,
873 3615 1129 3670 eumdem
1163 3626 1217 3672 te
1259 3620 1441 3675 adhuc
1479 3637 1663 3679 errare
1705 3641 1981 3694 errorem;

393 3715 576 3770 neque
601 3702 762 3758 aliter
790 3703 1048 3761 affectum
1077 3724 1241 3778 quam
1290 3711 1469 3767 insani
1513 3712 1869 3785 Corybantes.
1923 3719 1984 3773 In

396 3787 592 3846 faciem
619 3801 675 3846 tu
711 3809 812 3849 nos
840 3796 1192 3864 benedixisti,
1219 3810 1528 3858 servatores
1556 3807 1862 3876 appellasti,
1891 3808 1984 3878 qui

2151 2709 2266 2771 υύκ
2299 2704 2394 2761 οἶδ’
2425 2709 2454 2761 ὃ
2486 2726 2538 2761 τι
2569 2708 2663 2760 καὶ
2695 2705 2835 2759 εἴπω
2862 2708 2992 2778 περὶ
3025 2711 3124 2779 τῆς
3150 2707 3306 2778 ὑμῶν
3337 2708 3653 2772 διαθέσεως-

2090 2798 2232 2867 Ἐγὼ
2265 2800 2364 2870 μὲν
2389 2799 2498 2871 γὰρ
2537 2794 2677 2852 εἶδον
2715 2799 2992 2870 προϐάτου
3048 2816 3106 2852 σε
3137 2799 3302 2870 δορὰν
3338 2799 3661 2870 περικείμε-

2080 2909 2190 2955 νον,
2223 2892 2316 2944 καὶ
2350 2891 2572 2945 ἐδόκουν
2623 2890 2836 2944 ἁπλοῦν
2874 2891 2970 2944 καὶ
3008 2891 3241 2955 ἄκακον,
3271 2892 3370 2960 τῆς
3411 2890 3656 2961 Χριστοῦ

2079 2981 2281 3051 ἀγέλης
2315 2980 2464 3046 ἀξιον
2490 2977 2630 3035 εἶναι
2653 2981 2714 3034 τὸ
2736 2979 3169 3050 καλυπτόμενον.
3197 2981 3261 3034 Οἱ
3290 2981 3348 3033 δέ
3378 2998 3535 3050 φασι,
3559 2981 3659 3051 τὴν

2079 3073 2242 3145 δορὰν
2289 3073 2552 3128 ἀλώπεκα
2603 3073 2906 3144 κρύπτειν·
2967 3072 3000 3144 ἦ
3055 3071 3230 3143 νεκρά
3277 3074 3374 3127 καὶ
3425 3073 3660 3127 ὀδωδότα

2081 3165 2275 3235 τρέφει
2325 3163 2350 3203 δ
2385 3164 2634 3234 σώματα,
2681 3164 2784 3217 ὅσα
2833 3162 2928 3216 τοῦ
2967 3162 3425 3232 ὲκκλησιαστικοῦ
3471 3162 3661 3216 διασα-

2061 3258 2253 3340 Ιπέντα
2283 3255 2652 3327 πληρώματος
2705 3256 2928 3326 δαίμοσι
2963 3255 3137 3327 τροφὴ
3185 3255 3280 3307 καὶ
3311 3256 3426 3320 τοῖς
3481 3255 3658 3309 αὐτῶν

2083 3347 2382 3420 θεράπουσι
2411 3347 2641 3416 γίνεται.
2674 3348 2788 3400 Καὶ
2821 3343 2934 3415 ἐγὼ
2966 3344 3066 3416 μὲν
3108 3345 3306 3415 ἤκουόν
3349 3360 3407 3396 σε
3452 3342 3659 3414 πλάνην

2081 3440 2312 3510 λέγοντα
2340 3441 2582 3514 μακρὰν,
2614 3439 2710 3493 καὶ
2740 3439 2976 3509 ματαίαν
3005 3436 3214 3506 πλάνην
3246 3435 3657 3508 ἀπολοφυρόμε-

2085 3549 2198 3600 νον,
2229 3533 2328 3604 τὴν
2360 3533 2530 3586 πάλαι
2566 3548 2661 3584 σου
2703 3531 2933 3601 πλάνην.
2975 3530 3041 3584 Οἱ
3072 3528 3129 3583 δὲ
3160 3530 3222 3582 σέ
3253 3546 3416 3599 φασιν
3448 3527 3657 3598 ἐκείνην

2084 3627 2166 3681 ἔτι
2195 3623 2664 3697 περιπλανᾶσθαι,
2697 3621 2861 3694 μηδὲν
2891 3620 3113 3674 ἔλαττον
3135 3619 3245 3672 τῶν
3269 3619 3658 3691 κορυϐαντιῶνο

2086 3735 2194 3771 των
2223 3714 2590 3785 διακείμενον.
2623 3712 2734 3767 Καὶ
2771 3711 2835 3764 σὺ
2883 3711 2984 3781 μὲν
3015 3711 3160 3763 κατά
3189 3710 3485 3782 πρόσωπον
3513 3711 3653 3780 ἡμᾶς

2084 3809 2364 3880 ηὐλόγεις,
2416 3807 2510 3860 καὶ
2544 3805 2797 3874 σωτῆρας
2827 3803 2975 3873 ἡμᾶς
3007 3800 3331 3870 ὡμολόγεις,
3365 3802 3450 3855 ὅτι
3481 3801 3536 3854 σὲ
3563 3799 3651 3852 τοῦ

399 3891 455 3938 te
482 3883 550 3938 de
590 3893 758 3954 puteo
807 3888 1134 3962 perditionis
1197 3892 1648 3967 deceptionisque
1701 3899 1850 3956 illius
1889 3916 1980 3957 ex-

2090 3900 2281 3972 βόθρου
2303 3902 2404 3971 τῆς
2435 3897 2794 3970 παρατροπῆς
2816 3893 3033 3965 ἐκείνης
3059 3893 3154 3946 καὶ¹
3172 3893 3392 3964 ἀπάτης
3417 3891 3659 3947 ἀνειλκύ-

403 3974 695 4032 traximus:
719 3987 804 4033 ast
823 3979 879 4033 in
900 3981 1154 4038 absentes
1173 3983 1327 4038 aiunt
1348 3995 1400 4040 te
1423 4002 1524 4044 nos
1544 3989 1980 4058 obmurmurare,

2093 4007 2298 4063 σαμεν·
2331 3992 2381 4044 οἱ
2407 3989 2464 4044 δέ
2496 3989 2558 4043 σὲ
2592 4006 2779 4059 φασιν,
2813 3985 3067 4040 ἀπόντων
3101 3986 3282 4056 ἡμῶν,
3321 3983 3666 4054 καταγογγύ-

401 4073 459 4118 ct
485 4081 597 4120 non
631 4082 794 4123 secus
835 4086 999 4140 quam
1029 4072 1085 4126 in
1127 4088 1293 4130 scena
1333 4077 1513 4132 solent
1563 4080 1834 4138 lascivire.
1877 4085 1987 4141 Re-

401 4155 631 4211 cordare
705 4173 776 4213 an
851 4159 970 4216 haec
1024 4163 1249 4222 omnino
1303 4165 1718 4238 Christianum,
1785 4175 1989 4231 nedum

400 4245 736 4301 monachum
758 4248 1008 4306 deceant.
1041 4254 1199 4318 Quod
1231 4255 1277 4311 si
1304 4254 1424 4312 haec
1454 4262 1825 4318 commentitia
1854 4265 1986 4333 sint,

400 4333 688 4404 deplorare
750 4354 840 4394 me
885 4350 1100 4410 oportet
1148 4347 1572 4417 oggannientes,
1611 4353 1752 4422 quod
1812 4355 1988 4425 deﬁcit

400 4436 638 4494 adtactus,
668 4431 1031 4502 depauperata
1062 4445 1136 4490 est
1170 4439 1365 4494 veritas
1411 4457 1444 4494 a
1481 4441 1607 4510 ﬁliis
1637 4445 1946 4501 hominum“
1968 4467 1988 4505 .'

401 4517 488 4573 sin
515 4535 637 4590 qua:
663 4524 1052 4579 renuntiantur
1080 4542 1210 4583 vera
1232 4539 1378 4596 sunt,
1417 4531 1649 4588 deﬂendi
1669 4535 1831 4605 plane
1859 4550 1990 4596 sunt

401 4620 744 4680 peccatores,
806 4629 874 4669 eo
919 4617 1066 4687 quod
1116 4619 1282 4675 stulta
1331 4621 1584 4693 loquatur
1629 4627 1808 4684 omnis
1845 4631 1990 4700 apud

402 4704 712 4772 proximum
735 4721 916 4774 suum,
966 4717 1023 4764 et
1060 4711 1219 4767 labiis
1251 4713 1460 4770 dolosis
1497 4719 1796 4776 osculatur.
1828 4722 1990 4779 Omni

405 4803 587 4850 autem
610 4798 773 4853 modo
801 4799 1099 4857 dolendum
1129 4813 1214 4860 est
1253 4806 1390 4861 mihi
1422 4825 1437 4862 :
1471 4809 1538 4863 ad
1571 4825 1754 4866 meum
1784 4816 1990 4870 etenim

403 4898 460 4941 et
502 4888 706 4946 Christi
737 4908 958 4967 gregem
1001 4907 1271 4968 spectant,
1323 4901 1495 4956 velint
1538 4904 1738 4968 nolint,
1803 4907 1992 4966 infecti

405 4979 576 5076 lepra,
623 4994 678 5039 et
721 5000 846 5041 cum
878 4987 1048 5046 Paulo
1095 4993 1163 5050 de
1214 4995 1350 5067 ipsis
1390 5004 1663 5073 angimur,
1713 5011 1993 5076 utcunque

407 5071 570 5128 simul
600 5089 766 5132 sensu
792 5082 940 5152 tangi
976 5083 1176 5142 nolint.

959 5171 1184 5232 EPIST.
1222 5177 1439 5238 XLVII.

867 5265 1158 5325 Theoctisto
1227 5274 1532 5346 hegumeno.

2089 4081 2207 4148 ζειν
2239 4083 2398 4153 ὅμοια
2429 4083 2541 4144 τοῖς
2585 4080 2679 4132 ἐπὶ
2725 4081 2931 4150 σκηνῆς
2989 4077 3403 4146 ἀσελγαίνοντα.
3467 4077 3667 4130 Ἐννόει

2087 4177 2154 4246 δὴ
2192 4174 2368 4229 ταῦτα
2395 4175 2445 4228 εἰ
2474 4173 2614 4236 ὅλως
2639 4169 3007 4242 Χριστιανῶν,
3038 4171 3112 4241 μή
3135 4187 3188 4224 τι
3211 4186 3275 4240 γε
3303 4169 3665 4241 μοναζόντων,

2089 4269 2311 4324 δύναται
2348 4262 2509 4323 εἶναι.
2554 4265 2696 4319 Ἀλλ’
2729 4266 2778 4318 εί
2829 4263 2938 4334 ’μὲν
2971 4262 3276 4318 ἐπλάσαντο
3325 4261 3516 4324 ταῦτα,
3541 4261 3664 4314 ὀδύ-

2094 4360 2283 4434 ρεσθαί
2337 4375 2407 4428 με
2452 4358 2535 4412 δεῖ
2590 4357 2701 4412 τῶν
2749 4356 3140 4420 κατειπόντων,
3187 4355 3276 4409 ὅτι
3308 4353 3666 4408 ἐκλέλοιπεν

2091 4453 2284 4520 ὅσιος,
2312 4453 2403 4506 ὅτι
2423 4450 2821 4521 ὠλινὼθησαν
2849 4452 2909 4503 αἱ
2938 4449 3214 4518 (utilium
3241 4448 3356 4502 ἀπὸ
3381 4446 3502 4501 τῶν
3519 4445 3669 4500 υἱῶν

2090 4545 2211 4601 τῶν
2264 4545 2630 4616 ἀνθρώπων·
2697 4545 2748 4597 εί
2813 4542 2858 4596 δ’
2896 4541 3074 4613 ἀληθῆ
3121 4542 3192 4595 τά
3250 4539 3666 4610 ἀπηγγελμένα,

2093 4640 2312 4710 θρηνεῖν
2356 4639 2600 4710 προσῆκε
2667 4638 2798 4700 τοὺς
2833 4636 3261 4708 ἡμαρτηκότας,
3321 4633 3406 4687 ὅτι
3467 4634 3668 4704 μάταια

2093 4731 2247 4784 λαλεῖ
2279 4731 2511 4792 ἕκαστος
2551 4727 2690 4800 πρὸς
2725 4727 2818 4781 τὸν
2841 4726 3072 4798 πλησίον
3121 4725 3312 4788 αὑτοῦ,
3353 4724 3450 4777 καὶ
3477 4722 3668 4784 δολίοις

2095 4822 2528 4894 περιπτύσσεται
2559 4820 2787 4892 χείλεσι.
2817 4820 3045 4882 Πάντως
3073 4817 3132 4871 δὲ
3157 4817 3239 4871 δεῖ
3267 4833 3337 4888 με
3381 4815 3632 4870 ἀνιᾶσθαι
3650 4830 3663 4844 ο

2092 4915 2192 4985 τῆς
2209 4914 2348 4984 ὲμῆς
2373 4915 2482 4984 γὰρ
2512 4914 2606 4967 καὶ
2626 4909 2863 4982 Χριστοῦ
2897 4911 3154 4980 ποίμνης,
3197 4909 3304 4963 κᾶν
3335 4909 3412 4979 μὴ
3441 4906 3666 4978 βούλων-

2092 5025 2204 5072 ται,
2234 5005 2330 5060 καλ⁵
2347 5006 2414 5060 τά
2433 5003 2800 5075 λεπρωθέντα,
2818 5003 2914 5056 καὶ
2942 5002 3072 5072 περὶ
3096 5001 3275 5054 αὐτῶν
3301 4999 3440 5072 μετά
3459 4998 3666 5054 Παύλου

2094 5093 2560 5166 διαμεριμνῶμεν,
2587 5092 2691 5147 κᾶν
2720 5092 2796 5163 μὴ
2820 5091 3015 5146 θέλωσι
3044 5091 3516 5146 συναισθάνεσθαι.

2675 5183 2916 5238 ἘΠΙΣΤ.
2950 5183 3085 5239 MZ'.

2547 5274 2884 5343 Θεοκτίστῳ
2903 5273 3234 5345 ἡγουμένῳ.

1645 5389 1912 5442 Montacut.
1938 5396 2043 5458 (ep.
2077 5395 2157 5454 32,
2191 5406 2242 5455 ρο
2275 5387 2377 5451 9*)-

481 5466 729 5564 Virtutes
747 5471 943 5543 lauda;
975 5490 1159 5533 coram
1191 5496 1323 5538 vero
1349 5495 1405 5540 et
1439 5487 1492 5541 in
1528 5488 1666 5546 facie
1696 5492 1996 5564 discipulos

413 5575 488 5654 ne
540 5562 748 5630 Iaudes,
802 5567 895 5636 qui
943 5581 1247 5640 sequuntur
1295 5592 1424 5644 eas;
1468 5579 1747 5654 instigare,
1788 5562 1850 5640 et
1899 5586 1995 5641 ad-

415 5651 643 5722 hortari,
676 5657 808 5712 boni
832 5660 1015 5729 operis
1055 5678 1180 5734 pars
1225 5678 1339 5736 est;
1383 5651 1624 5730 laudaret
1650 5691 1855 5742 coram,
1893 5693 1994 5732 nec

524 5768 547 5801 ⁸
597 5773 737 5828 Psal.
764 5791 842 5841 χι,
872 5772 926 5828 2.

2187 5490 2437 5545 Ἐπαίνει
2463 5487 2563 5550 τὰς
2591 5486 2792 5556 ἀρετάς
2813 5502 2828 5515 ·
2864 5483 2941 5556 μὴ
2971 5482 3218 5555 θαύμαζε
3243 5483 3300 5536 δὲ
3325 5482 3470 5536 κατά
3500 5480 3668 5552 πρόσ-

2095 5601 2244 5638 ωπον
2272 5582 2400 5645 τοὺς
2436 5579 2562 5642 σοὺς
2610 5577 2858 5648 μαθητὰς
2900 5577 3184 5647 μετιόντας
3229 5574 3421 5639 αὐτάς.
3471 5573 3544 5627 Τὸ
3573 5573 3671 5642 μὲν

2095 5676 2222 5746 γὰρ,
2251 5669 2536 5744 προτροπὴ
2569 5671 2660 5726 καὶ
2699 5667 3069 5740 παράκλησις,
3108 5666 3475 5740 ἀγαθοεργίας
3533 5663 3671 5731 ὲστί,

1687 5852 1915 5910 VARI/Ii
1960 5853 2364 5912 LECTIONES.

524 5910 552 5950 ἀ
591 5911 676 5968 τσ.
708 5915 926 5970 σκέπει.
