3930 6462
183 515 294 578 865
372 512 375 513 ⁷
1385 510 1507 570 EPI
1518 510 1805 569 STOLAR

1916 510 1924 568 ῐ
1962 508 2197 569 LIBER
2235 508 2316 567 ΙΙ.
3358 502 3468 565 865

182 636 242 687 τὸ
290 631 379 694 δὲ,
440 629 556 682 καὶ
615 628 672 681 σὲ
727 624 1015 687 κολακείας
1052 624 1152 694 οὐχ
1201 624 1379 693 ἵστησι
1433 623 1668 694 μακρὰν,
1705 621 1802 677 καὶ

1916 630 1960 674 te
1990 620 2279 674 submovet
2311 618 2471 689 longe
2509 618 2578 672 ab
2612 616 2945 677 adulatione,
2977 622 3034 668 et
3071 628 3193 668 cum
3237 611 3473 666 admira-

188 722 331 795 πρὸς
364 722 576 791 οἴησιν
597 719 724 782 τοὺς
752 716 1216 788 θαυμασθένταςῆ
1241 715 1511 785 μαλακίαν
1528 715 1620 768 τοῦ
1642 715 1797 768 τόνου

1916 711 2052 765 tione
2086 710 2352 774 laudatos,
2379 709 2467 763 vel
2493 709 2562 762 ad
2588 707 2671 762 sui
2701 706 3016 777 Opinionem
3041 703 3359 774 perducere,
3389 702 3474 757 vel

185 794 287 886 τῆς
325 810 567 882 ἀρετῆς
613 810 801 862 εἴωθεν
831 807 1138 878 ὑποχαλᾷν·
1187 806 1254 858 δι’
1280 799 1355 859 ὧν
1392 805 1450 857 τὸ
1475 804 1644 873 γλυκὺ
1688 803 1800 858 τῶν

1916 800 2121 855 virtutis
2150 809 2337 854 tonum
2384 800 2440 854 in
2469 798 2755 853 mollitiem
2802 796 2969 851 animi
3014 795 3258 850 relaxare
3294 794 3473 855 solet;

188 906 337 963 κατὰ
368 905 527 959 Θεὸν
573 903 751 956 πόνων
788 903 1036 971 πέφυκεν
1060 900 1477 972 ἐπικαταρρεῖν,
1507 898 1599 951 καὶ
1627 897 1681 951 αἱ
1701 897 1799 968 τῆς

1916 891 2112 947 hincﬁt
2154 902 2215 947 ut
2246 892 2489 946 laborum
2534 892 2833 945 secundum
2894 888 3063 943 Deum
3098 894 3479 957 susceptorum

189 998 408 1070 σαρκὸς
444 992 953 1066 ἁναζωπυροῦνται
976 991 1188 1062 ἡδοναί.

1916 982 2135 1036 iulcedo
2184 982 2407 1046 deﬂuat,
2453 989 2511 1036 et
2559 981 2740 1036 carnis
2788 979 3111 1045 excitentur,
3156 976 3307 1032 velut
3353 975 3479 1045 igne

1908 1073 2107 1138 alllato,
2140 1074 2464 1144 voluptates.

2452 1162 2678 1219 EPIST.
2720 1160 2951 1216 XLVIII.

2405 1255 2667 1309 Theodoro
2719 1255 3024 1324 hegumeno.

833 1168 1059 1222 ΕΠΙΣΤ.
1094 1168 1238 1222 MH'.

685 1261 962 1329 Θεοδώρῳ
1010 1259 1339 1329 ἡγουμένῳ.

1422 1364 1693 1416 Montacut.
1728 1365 1831 1428 (ep.
1856 1363 1966 1422 H2,
1998 1378 2044 1427 p.
2079 1362 2210 1425 199).

262 1470 386 1539 Οὐχ
416 1470 451 1522 ό
482 1468 555 1522 τὸ
587 1464 766 1539 ῥεῦμα
814 1465 923 1520 τῶν
950 1465 1126 1534 λόγων
1177 1464 1236 1518 ἐν
1274 1462 1498 1533 γλώσσῃ
1535 1460 1800 1532 πηγάζων

1971 1456 2091 1513 Non
2115 1468 2198 1514 est
2223 1458 2312 1513 ille
2337 1458 2527 1513 statim
2556 1472 2721 1511 manu
2744 1465 3031 1527 promptus
3055 1454 3358 1517 habendus,
3387 1453 3483 1523 qui

192 1563 322 1634 ἤδη,
364 1561 473 1614 καὶ
525 1562 687 1631 χεῖρα
729 1558 1091 1629 δραστήριοςο
1149 1555 1339 1625 ὥσπερ
1389 1554 1499 1607 οὐδ’
1529 1554 1558 1605 ὁ
1603 1552 1799 1623 πράξει

1916 1559 2173 1605 torrentes
2219 1550 2534 1614 verborum,
2570 1549 2753 1619 lingua
2799 1547 2962 1602 veluti
3000 1547 3150 1601 fonte
3195 1546 3481 1600 immittit:

192 1653 453 1725 κρατῶν,
490 1652 591 1705 καὶ
611 1651 711 1721 τὴν
739 1649 846 1702 τῶν
876 1648 1138 1719 ῥημάτων
1168 1645 1342 1699 πειθὼ
1366 1645 1801 1715 σοόαρευομένην

1916 1644 1978 1696 ita
2027 1657 2129 1696 nec
2174 1642 2337 1697 rebus
2380 1641 2548 1712 gestis
2591 1641 2770 1695 clarus
2795 1680 2811 1705 ,
2863 1640 3155 1695 verborum
3208 1637 3485 1693 suadelam

194 1745 311 1816 ἔχει
336 1745 468 1806 τοῖς
496 1741 730 1813 χείλεσι.
770 1739 882 1793 Καὶ
911 1737 1082 1791 πολλά
1125 1736 1224 1807 μὲν
1276 1737 1456 1799 ἄλλοις
1477 1735 1651 1788 εἰπεῖν
1696 1733 1802 1804 ἔχω

1916 1733 2067 1788 labiis
2089 1748 2211 1788 cum
2242 1748 2434 1803 pompa
2480 1733 2811 1789 insidentem
2861 1746 3077 1801 semper
3112 1731 3297 1785 habet.
3326 1729 3485 1800 Apud

193 1834 290 1888 καὶ
344 1830 691 1886 παντοδαπὰ
736 1828 1157 1900 παραδείγματα
1182 1842 1197 1857 ο
1235 1827 1374 1898 πρὸς
1399 1826 1459 1879 σὲ
1493 1826 1551 1878 δὲ
1578 1826 1803 1896 γράφων

1916 1825 2062 1890 alios,
2085 1840 2186 1897 ego
2215 1826 2401 1881 multis
2430 1827 2537 1881 hoc
2567 1825 2796 1880 cﬁ‘atum
2841 1833 2899 1879 et
2936 1822 3329 1895 multiplicibus
3358 1837 3487 1892 pro-

194 1926 290 1978 τὸν
320 1922 707 1995 ὀμηρίζοντα,
737 1920 796 1974 ἓν
822 1919 1107 1984 ὑποδείξας
1129 1919 1320 1991 ἀρκεῖν
1348 1917 1611 1989 ἡγοῦμαι.
1632 1917 1804 1989 Λιμὸς

1916 1916 2041 1972 bare
2063 1931 2281 1987 possem
2314 1918 2577 1987 exemplis
2604 1935 2617 1971 :
2649 1916 2745 1973 sed
2772 1931 2895 1971 cum
2924 1918 2991 1969 ad
3022 1914 3356 1980 tescribam,
3391 1911 3491 1982 qui

196 2016 393 2070 ἐπόνει
429 2014 502 2069 τὸ
540 2012 955 2085 στρατιωτικὸν,
986 2012 1037 2065 οἱ
1068 2010 1165 2082 τὴν
1201 2009 1301 2081 σὴν
1344 2010 1545 2081 Τροίαν
1585 2010 1805 2079 πολιορ-

1916 2008 2379 2065 Homerizantium
2407 2024 2549 2065 unus
2574 2024 2654 2075 es,
2685 2010 2907 2063 unicum
2949 1998 3017 2062 si'
3037 2022 3343 2079 suggeram,
3370 2006 3491 2060 suf-

200 2105 438 2166 κοῦντες
467 2102 909 2175 περιεκάθηντο·
943 2100 1038 2153 καὶ
1086 2103 1116 2154 ὁ
1157 2100 1256 2171 μὲν
1318 2100 1606 2163 Ὀδυσσεὺς
1658 2099 1804 2154 σίτον

199 2198 457 2267 αἰτήσων
484 2236 503 2259 ,
562 2194 700 2266 πρὸς
738 2196 921 2247 Ἀνιον
975 2191 1369 2246 ἀπεστέλλετο·
1411 2191 1634 2263 ἐθάρρει
1694 2191 1803 2263 γὰρ

202 2288 373 2342 αὐτοῦ
399 2290 473 2358 τῇ
504 2285 734 2359 γλώσσῃ
773 2285 833 2338 τὸ
874 2284 1154 2355 Ἀχαικόν.
1195 2284 1255 2336 ’0
1304 2283 1360 2336 δέ
1388 2282 1801 2354 παραγεγονὼς,

203 2380 347 2431 ἒπεα
380 2378 716 2446 νιφάδεσσιν
748 2375 965 2429 ἐοικότα
996 2374 1348 2445 χειμερίοισι,
1380 2374 1607 2427 πλεῖστα
1631 2376 1802 2445 ἐπομ-

209 2468 459 2538 δρήσας,
494 2466 598 2521 καὶ
621 2465 831 2529 τούτοις
862 2464 1213 2528 κατακλύσας
1264 2465 1355 2517 τὸν
1398 2464 1704 2535 ἄνθρωπον,
1743 2468 1803 2518 οὐ

210 2560 396 2630 μόνον,
441 2552 525 2612 ὧν
588 2558 815 2628 ἧλπισεν
842 2598 857 2623 ,
904 2556 1057 2609 οὐδὲν
1114 2554 1484 2625 ἐγεώργησεν,
1532 2555 1667 2609 ἀλλὰ
1712 2558 1807 2610 καὶ

209 2651 449 2724 ὀχληρὸς
476 2646 623 2704 εἶναι
650 2649 826 2714 δόξας,
858 2648 1199 2719 ὑπέστρεψεν
1218 2664 1232 2677 ⁶
1267 2650 1472 2720 ἄπορον
1494 2661 1516 2688 ο
1536 2649 1636 2722 τὴν
1664 2649 1808 2721 ζωὴν

209 2747 324 2808 τοῖς
358 2746 446 2808 εἰς
479 2744 650 2798 αὐτὸν
684 2743 940 2813 κεχηνόσι
966 2742 1359 2813 ποιησάμενος.
1390 2743 1725 2815 Παλαμήδης
1753 2742 1808 2796 δὲ

214 2832 433 2896 ἐκεῖνος
465 2828 645 2903 (οἶδας
672 2830 763 2884 τὸν
801 2830 1114 2902 ἄνθρωπον,
1148 2832 1272 2884 ὅσον
1316 2832 1615 2896 Ὀδυσσέως
1655 2834 1808 2901 ἀφω-

215 2922 473 2996 νότερος)
526 2924 630 2993 τὴν
695 2923 997 2993 πρεσϐείαν
1074 2923 1213 2992 μετά
1259 2925 1353 2978 τὸν
1391 2924 1548 2993 λιγὺν
1602 2926 1810 2979 ἐκεῖνον

218 3016 513 3088 ἀγορητὴν
565 3014 875 3085 ἐθάρρησεν
912 3012 1284 3067 ὑποδύσασθαι
1308 3029 1324 3045 ο
1356 3015 1452 3069 καὶ
1488 3015 1809 3069 καταλαϐὼν

217 3109 309 3163 τὸν
346 3111 570 3171 Ἀνιον,
600 3106 995 3177 ἐργαζόμενον,
1023 3101 1145 3159 εἷπε
1173 3105 1270 3177 μὲν
1303 3106 1454 3160 οὐδέν
1473 3123 1489 3138 ο
1520 3107 1809 3162 ἀποϐαλὼν
1840 3148 1883 3207 C

220 3200 277 3254 δὲ
325 3199 394 3253 τὸ
459 3200 706 3271 ἱμάτιον,
744 3198 999 3261 κοινωνὸς
1036 3197 1133 3250 τοῦ
1185 3197 1352 3266 ἔργου
1383 3200 1614 3267 ἐγίνετο.
1664 3200 1815 3253 Ἐπεὶ

220 3292 277 3346 δὲ
313 3294 464 3360 μετὰ
489 3294 620 3357 τοὺς
647 3292 867 3356 πόνους,
891 3290 951 3343 τὸ
972 3290 1185 3343 δεῖπνον
1212 3290 1418 3356 ἐκάλει,
1439 3291 1518 3362 τῷ
1543 3292 1814 3363 ἀνθρώπῳ

227 3385 606 3455 συνηρίστησε
629 3400 642 3413 ·
696 3382 794 3435 καὶ
821 3383 943 3434 τότε
986 3382 1159 3452 βραχὺ
1193 3383 1344 3452 ῥῆμα
1390 3384 1730 3459 προήνεγκεν
1756 3384 1803 3452 ί,

224 3473 298 3538 ὡς
318 3472 427 3547 ἧκε
462 3478 614 3528 σῖτον
642 3474 885 3544 αἰτήσων
916 3472 1153 3543 στρατῷ,
1181 3473 1320 3542 φίλῳ
1338 3474 1433 3526 καὶ
1457 3472 1811 3543 λιμώττοντι·

229 3566 543 3637 καὶζτυχὼν
573 3566 740 3637 ἀπῄει
763 3564 993 3636 χαίρων,
1028 3565 1124 3618 καὶ
1144 3565 1324 3635 φέρων
1355 3566 1469 3627 τοῖς
1498 3564 1811 3634 ὁμοφύλοις,

228 3656 351 3710 ἀντὶ
380 3657 589 3725 λόγων,
623 3657 722 3727 τὴν
756 3656 1045 3723 ὠφέλειαν.
1078 3657 1190 3709 Καὶ
1220 3657 1284 3708 σὺ
1314 3656 1494 3708 τοίνυν
1531 3655 1606 3727 μὴ
1636 3656 1815 3708 πάντα

230 3745 427 3819 θάρρει
459 3751 578 3812 τοῖς
615 3748 794 3816 λόγοις
814 3763 826 3776 ’
858 3747 1031 3818 βραχὺ
1060 3746 1169 3818 γὰρ
1196 3746 1358 3818 ἔργον
1386 3746 1648 3815 σιγῶντος
1677 3747 1816 3817 μετὰ

232 3840 535 3907 συνέσεως,
582 3841 830 3912 μακροὺς
875 3839 1218 3910 ἐπιστομίζει
1286 3841 1475 3909 λόγους
1527 3840 1815 3906 πολλάκις,

234 3932 330 3985 καὶ
351 3933 518 3986 οὐδὲν
546 3932 657 3986 τῶν
682 3932 895 4001 ψόφων.
928 3931 1152 3986 καὶτῶν
1183 3933 1414 4002 ἀσήμων
1431 3931 1625 4001 φωνῶν
1653 3931 1815 3986 πλέον

232 4022 406 4097 ἔχειν,
438 4025 834 4081 ἐπιδείκνυσιν.

826 4303 1046 4359 ΕΠΙΣΤ.
1085 4303 1219 4358 ΜΘ¹.

885 4394 970 4460 Τῷ
996 4392 1176 4458 αὐτῷ.

1909 2097 2179 2154 fecturum
2198 2098 2452 2154 arbitror.
2473 2099 2639 2154 Farne
2668 2098 2948 2153 laborabat
2974 2098 3247 2152 exercitus
3270 2095 3489 2166 Trojam

1910 2190 2534 2247 circumobsidentium:
2576 2189 2817 2261 Ulysses,
2850 2190 3188 2245 frumentum
3228 2189 3491 2259 impetra-

1912 2295 2090 2350 turus,
2117 2287 2183 2340 ad
2212 2284 2421 2339 Anium
2467 2285 2723 2340 mittitur.
2757 2283 2980 2356 Lingua:
3014 2284 3163 2339 enim
3199 2284 3319 2354 ejus
3354 2296 3492 2337 con-

1913 2374 2155 2430 ﬁdebant
2201 2373 2397 2431 Graeci.
2457 2376 2554 2430 Ille
2612 2374 2707 2429 ubi
2759 2374 2962 2429 Anium
3023 2373 3265 2439 advenit,
3324 2372 3491 2427 verba

1911 2467 2192 2538 grandinis
2217 2479 2313 2523 aut
2338 2467 2481 2523 nivis
2505 2467 2677 2521 instar
2706 2467 3018 2537 depluebat,
3066 2476 3230 2536 atque
3255 2465 3362 2521 illis
3390 2465 3493 2518 bo-

1914 2559 2116 2613 minem
2144 2559 2482 2625 inundabat;
2511 2560 2605 2614 sed
2643 2575 2754 2613 non
2786 2559 2949 2613 modo
2982 2557 3121 2612 nihil
3144 2572 3336 2612 eorum
3370 2572 3494 2625 quae

1914 2651 2168 2721 sperabat
2213 2651 2472 2716 obtinuit,
2509 2667 2700 2706 verum
2753 2651 3016 2705 molestus
3047 2651 3097 2704 ei
3130 2650 3278 2704 visus
3310 2648 3492 2701 inanis

1915 2724 2168 2797 reversus
2190 2754 2310 2809 est;
2343 2752 2399 2797 et
2418 2744 2586 2797 vitam
2622 2743 2739 2797 sine
2770 2743 2971 2807 fructu,
3008 2742 3125 2796 sine
3175 2741 3323 2796 victu
3368 2740 3494 2793 red—

1915 2836 2054 2891 didit
2085 2835 2287 2891 Graacis
2313 2836 2406 2905 qui
2454 2835 2510 2889 in
2558 2835 2712 2889 illum
2756 2835 3059 2889 inhiabant.
3090 2832 3293 2888 Verum
3340 2831 3496 2885 Pala-

1916 2928 2103 2981 medes
2127 2927 2215 2996 (de
2238 2942 2347 2995 quo
2376 2916 2542 2981 fando
2574 2926 2798 2992 audisti,
2830 2926 3013 2980 minus
3041 2924 3317 2981 exstitisse
3343 2923 3496 2977 illum

1915 3032 2077 3086 quam
2126 3017 2351 3087 Ulysses
2396 3026 2551 3081 erat,
2612 3017 2916 3087 loquacem)
2970 3016 3317 3087 legationem,
3375 3023 3499 3085 post

1917 3109 2068 3162 illum
2097 3109 2431 3163 rhetoricum
2461 3109 2907 3175 declamatorem,
2941 3109 3095 3164 obire
3125 3124 3329 3175 ausus;
3372 3124 3498 3163 cum

1917 3200 2071 3270 operi
2127 3201 2403 3255 intentum
2455 3202 2664 3257 rustico
2727 3202 3028 3257 invenisset
3066 3201 3303 3264 Anium,
3360 3200 3500 3255 nihil

1916 3307 2143 3361 prorsus
2175 3292 2330 3357 dixit,
2386 3293 2481 3347 sed
2531 3302 2691 3347 exuta
2740 3304 2914 3358 veste,
2959 3294 3111 3363 operi
3161 3309 3222 3349 se
3264 3293 3502 3348 accinxit

1916 3383 2119 3437 laboris
2149 3382 2379 3437 socium.
2408 3382 2548 3437 Cum
2578 3383 2731 3437 ﬁnito
2759 3398 2924 3453 Opere
2947 3384 3012 3438 ad
3035 3398 3247 3438 cuinam
3272 3397 3499 3438 vocare-

1919 3486 2028 3542 tur,
2090 3477 2330 3532 coenavit
2362 3493 2471 3532 una
2516 3496 2529 3531 :
2578 3486 2635 3532 et
2688 3478 2829 3531 inter
2886 3477 3214 3531 cmnandum
3257 3475 3502 3530 breviter

1921 3570 2174 3639 exposuit
2239 3570 2508 3625 adventus
2575 3570 2661 3625 sui
2713 3585 2972 3636 causam,
3041 3578 3102 3624 ut
3163 3568 3501 3623 frumentum

1920 3658 2188 3712 exercitui
2221 3658 2560 3729 impetraret,
2590 3658 2732 3712 fame
2782 3658 2947 3712 nimis
2992 3674 3155 3728 quam
3206 3658 3499 3713 laboranti.

1918 3746 2038 3814 Quo
2068 3748 2385 3820 impetrato,
2416 3750 2574 3805 laetus
2617 3750 2947 3818 revertitur;
3002 3765 3100 3820 pro
3124 3750 3325 3816 verbis,
3364 3765 3502 3804 con-

1919 3839 2210 3895 tribulibus
2250 3840 2362 3895 suis
2397 3841 2689 3895 utilitatem
2719 3841 2924 3895 ferens.
2972 3839 3092 3895 Noli
3143 3855 3285 3910 ergo.
3311 3848 3368 3893 tu
3414 3841 3503 3894 ni-

1919 3932 2089 3986 mium
2144 3934 2329 3989 verbis
2379 3934 2547 3989 ﬁdere
2591 3952 2604 3988 :
2642 3950 2770 3989 nam
2830 3934 3172 3988 taciturnitas
3218 3930 3504 4002 prudentis

1918 4022 2022 4077 viri
2061 4023 2213 4095 logos
2252 4025 2443 4096 longos
2496 4040 2639 4096 saepe
2681 4026 2903 4080 obturat
2936 4042 2948 4079 :
3002 4038 3215 4078 necnon
3247 4023 3503 4076 omnibus

1917 4114 2264 4170 manifestum
2320 4116 2470 4182 facit,
2515 4133 2638 4172 esse
2695 4118 2815 4172 illos
2869 4117 3060 4171 inanes
3108 4116 3395 4185 strepitus,
3448 4124 3504 4171 et

1918 4215 2115 4275 praeter
2157 4223 2322 4263 voces
2349 4209 2507 4263 nihil.

2485 4314 2704 4369 EPIST.
2747 4313 2940 4370 XLIX.

2591 4408 2810 4478 \Eidem.

1476 4509 1740 4562 Montacut.
1769 4513 1872 4578 (ep.
1896 4516 2006 4579 145,
2030 4532 2081 4582 p.
2109 4522 2238 4584 200).

308 4605 423 4678 Τὴν
453 4605 714 4659 Αἰσώπου
743 4622 991 4675 γνωμην,
1030 4607 1096 4676 ἣν
1134 4604 1384 4659 ἀπέδωκε
1406 4646 1421 4671 ,
1452 4606 1808 4678 διερωτήσαν-

1992 4618 2181 4689 Ᾱῧεορί
2214 4621 2564 4689 sententiam,
2588 4638 2751 4693 quam
2782 4623 3001 4680 Cbiloni
3028 4624 3294 4694 Spartano
3324 4622 3500 4678 inter-

241 4712 331 4760 τος
371 4698 471 4750 τοῦ
502 4696 936 4766 Λακεδαιμονίου
980 4698 1251 4760 Χείλωνος
1293 4697 1374 4768 (ἐξ
1402 4690 1478 4751 ὧν
1504 4700 1613 4770 γὰρ
1639 4701 1808 4764 ποθεῖς

1921 4710 2136 4778 roganti
2169 4710 2416 4779 protulit,
2448 4727 2559 4766 non
2600 4690 2763 4768 modo
2821 4690 3085 4784 apposite
3102 4721 3156 4767 et
3199 4712 3501 4782 prudenter

247 4789 526 4858 ναμάτων,
556 4787 650 4840 τὸν
683 4788 781 4857 τῆς
814 4786 1187 4858 παραινέσεώς
1218 4804 1299 4840 σοι
1332 4788 1505 4857 κιρνῶ
1526 4794 1808 4863 κρατῆρα)

1922 4800 2212 4869 prolatam,
2270 4802 2365 4858 sed
2413 4805 2579 4859 valde
2627 4806 2969 4860 commodam
3020 4804 3287 4859 arbitrare
3342 4805 3426 4874 (ut
3469 4819 3502 4858 e

1921 4892 2134 4961 rivulis,
2184 4895 2384 4964 quibus
2431 4897 2743 4962 oblectaris,
2807 4897 3197 4952 admonitionis
3249 4896 3348 4951 tibi
3398 4910 3501 4966 po—

1923 4984 2108 5039 culum
2136 4986 2449 5058 propinam)
2502 4990 2659 5044 Certe
2695 5003 2726 5043 e
2766 5005 2827 5045 re
2871 4989 2986 5059 ipsa
3034 4988 3321 5043 manifeste
3376 4988 3504 5043 licet

1923 5071 2387 5140 animadvertere,
2415 5078 2562 5146 quod
2588 5078 2740 5132 ﬁrma
2766 5087 2823 5133 et
2864 5079 3092 5133 immota
3142 5092 3298 5133 mens
3328 5091 3501 5147 saepe-

1918 5176 2152 5219 numero
2202 5166 2401 5221 attollit
2448 5167 2943 5237 (lquemadmodum
2990 5167 3083 5222 ille
3142 5164 3502 5237 loquebatur)

1919 5251 2146 5308 humilia
2182 5254 2239 5308 in
2271 5256 2525 5323 sublime,
2557 5264 2615 5312 et
2638 5257 2898 5326 deprimit
2938 5256 3191 5312 sublimia
3227 5256 3283 5311 in
3316 5254 3502 5310 humi-

1921 5344 2156 5399 litatem.
2205 5345 2321 5402 Hoc
2367 5358 2461 5403 tuo
2490 5351 2672 5404 animo
2698 5350 2947 5406 recolens
2979 5365 3144 5422 saepe,
3177 5350 3303 5405 licet
3323 5349 3379 5402 in
3401 5363 3499 5403 ex-

255 5426 605 5501 διαμελετῶν,
636 5433 741 5486 κᾶν
769 5431 883 5486 ἄνω
902 5432 1065 5502 δοκῇς
1090 5431 1330 5496 ἐστάναι,
1360 5430 1551 5484 σκόπει
1579 5431 1649 5484 τὰ
1674 5432 1808 5485 κάτα

1922 5435 2073 5491 celso
2098 5437 2277 5493 elatus
2304 5441 2568 5496 exsistere
2596 5440 2854 5507 videaris,
2905 5457 3027 5513 quae
3047 5443 3301 5497 deorsum
3348 5452 3499 5503 sunt,

260 5523 352 5576 καὶ
378 5526 611 5580 ταπεινά
632 5542 647 5555 °
682 5525 771 5579 ἴνα
805 5524 881 5595 μὴ
924 5523 1139 5595 ἀθρόον,
1186 5524 1280 5577 καὶ
1314 5523 1446 5591 παρ’
1475 5522 1696 5586 ἐλπίδας
1726 5540 1808 5577 πε·

1924 5526 2175 5594 intuere;
2209 5545 2277 5585 ne
2312 5542 2510 5601 praeter
2533 5533 2997 5603 exspectationem
3046 5542 3211 5599 tuam,
3238 5530 3417 5586 subito
3444 5536 3502 5583 et

260 5609 387 5682 σὼν,
422 5619 504 5681 εἰς
533 5616 857 5688 ἀμηχανίαν
881 5616 1018 5681 ὅλως
1043 5617 1341 5683 καταστῇς,
1386 5614 1480 5669 καὶ
1527 5614 1805 5684 ἰλιγγιῶντ

1926 5616 2218 5673 confertim
2267 5619 2583 5676 deturbatus
2638 5620 2894 5689 excidas,
2960 5629 3015 5677 et
3058 5633 3167 5690 quo
3219 5625 3270 5673 te
3319 5626 3504 5672 vertas

1524 5765 1760 5830 VARIE
1799 5770 2198 5828 LECTIONES.

249 4881 324 4948 μὴ
350 4881 515 4952 μόνον
544 4880 819 4950 εὐστόχως
846 4881 941 4934 καὶ
987 4880 1165 4950 σοφῶς
1202 4879 1526 4951 εἰρημένην,
1564 4881 1699 4936 ἀλλά
1728 4882 1827 4937 καὶ

248 4973 674 5045 χρησιμωτάτην
727 4972 849 5027 λίαν
882 4972 1093 5043 νόμιζε.
1138 4972 1294 5025 Ἐστι
1334 4971 1465 5043 γὰρ,
1514 4972 1685 5037 ἐστιν,
1736 4975 1825 5027 ἐπ’

248 5064 431 5119 αὐτῶν
460 5065 570 5120 τῶν
606 5064 952 5137 πραγμάτων
1003 5064 1132 5117 ιδείν
1158 5063 1429 5133 ἐναργῶς,
1482 5062 1560 5128 ὡς
1590 5066 1619 5117 ό
1646 5065 1822 5135 ἄρρη-

248 5168 341 5217 τος
371 5159 399 5198 ε
450 5158 547 5211 καὶ
580 5155 939 5220 ἀναλλοίωτος
984 5154 1130 5220 νοῦς,
1170 5154 1387 5226 ἐπαίρει
1423 5155 1526 5225 μὲν
1574 5157 1822 5227 συνεχῶς

253 5246 409 5321 (ὅπερ
428 5251 635 5315 ἐκεῖνος
675 5250 898 5320 ἔφησεν)
930 5249 1010 5313 εἰς
1040 5248 1173 5319 ὕψος
1201 5249 1232 5287 ιι
1271 5248 1533 5302 ταπεινά’
1571 5249 1829 5317 κατάγει.»

254 5335 307 5390 δὲ
340 5342 419 5405 εἰς
461 5342 848 5412 ταπεινότητα,
892 5342 961 5395 τὰ
1001 5340 1211 5410 ὑψηλά·
1252 5340 1350 5394 καὶ
1394 5340 1554 5394 τοῦτο
1584 5342 1823 5413 συνεχῶς

374 5938 398 5969 ο
426 5928 682 5998 ἄσπορον.
800 5930 821 5971 ι’
862 5948 1025 6001 προσ.
1140 5932 1163 5970 ε
1198 5929 1455 6003 ἄρρητός.
1566 5930 1594 5971 ιι
1628 5927 1716 5985 τά.
