3930 6496
415 487 519 552 867

1584 492 1850 554 ΡΗΟΤΙΙ
1886 493 2389 556 ΡΑΤΒῙΑΒΟΗᾹΞ
2421 498 2534 560 CP.

3561 497 3666 560 868

411 599 651 663 nescius,
680 599 873 655 similis
906 599 1003 655 tias
1039 600 1374 672 vertiginoso
1415 609 1472 656 et
1509 603 1863 667 circumacto,
1912 604 1986 657 ita

2102 607 2184 658 tati.
2227 608 2654 679 περιδινουμένῳ
2688 607 2904 672 ἐοικὼς,
2954 609 3170 677 γέλωτα
3222 607 3320 678 μὲν
3363 606 3606 677 κινήσεις
3641 608 3658 646 ί

413 702 475 747 ut
523 693 694 746 risum
746 706 968 747 moveas
1001 691 1142 762 (quae
1189 704 1272 748 est
1330 693 1664 763 deploranda
1706 694 1991 749 hominum

2100 700 2118 767 (
2151 690 2197 749 ὦ
2230 699 2395 766 φύσις
2431 700 2734 770 ἀνθρώπων
2763 700 3008 770 τάλαινα)
3041 702 3156 763 τοῖς
3199 716 3259 753 σε
3289 696 3386 752 νῦν
3415 699 3474 750 ὲν
3507 699 3670 752 κολα-

414 786 679 858 conditio)
709 787 775 841 iis
809 787 905 857 qui
939 803 1037 857 per
1060 788 1434 843 adulationem
1491 803 1639 842 nunc
1669 798 1723 842 te
1771 788 1992 842 beatum

2102 790 2217 861 κείᾳ
2250 792 2668 862 μακαρίζουσιν,
2694 793 2882 865 ὥσπερ
2909 793 3087 865 λύπην
3112 793 3264 864 ἡμῖν,
3299 793 3413 854 τοῖς
3441 791 3500 842 ὲν
3525 791 3672 861 παῤ⁴

409 877 707 947 praedicant
751 896 765 932 :
813 878 973 933 nobis
1028 889 1211 934 autem
1262 880 1508 935 dolorem
1571 895 1850 950 procures,
1902 880 1995 949 qui

2099 882 2266 954 ῥησίᾳ
2301 884 2737 954 συμϐουλεύουσι
2768 887 2839 938 τὰ
2874 884 3117 956 χρηστόν
3151 883 3327 937 πολλὰ
3351 882 3406 936 δὲ
3441 899 3673 950 καταγι-

410 970 580 1024 libere
609 985 757 1024 nunc
795 970 999 1038 optima
1033 971 1131 1024 tibi
1181 971 1542 1042 suggerimus.
1589 969 1657 1023 Et
1716 979 1995 1039 utcunque

2102 974 2319 1027 νώσκων
2378 975 2570 1029 ἑαυτὸν
2602 976 2699 1045 τῆς
2751 977 3024 1048 προτέρας
3087 975 3198 1029 τῶν
3259 973 3674 1045 παραινούντων

413 1069 584 1115 temet
610 1068 742 1116 tunc
767 1063 1124 1134 vehementer
1153 1063 1394 1127 incuses,
1424 1062 1548 1131 quia
1581 1069 1868 1131 suspectos
1896 1061 1996 1115 ali-

411 1152 632 1220 quando
657 1153 896 1208 habebas
915 1169 1010 1209 eos
1037 1154 1130 1224 qui
1157 1154 1298 1208 bene
1341 1153 1668 1215 suadebant,
1703 1153 1839 1207 nihil
1869 1152 1997 1206 inde

2097 1064 2424 1134 ὑπεροψίας,
2456 1067 2607 1120 οὐδὲν
2630 1067 2792 1120 πλέον
2825 1069 3066 1132 ἀνύσεις,
3099 1068 3240 1138 πλὴν
3259 1067 3376 1131 τοῦ,
3411 1065 3518 1119 τῶν
3549 1083 3676 1119 και-
3754 1073 3772 1084 '

2097 1155 2206 1226 ρῶν
2229 1156 2406 1210 ὀπίσω
2435 1159 2891 1227 μεταγινώσκειν,
2917 1160 3012 1213 καὶ
3041 1159 3352 1229 δυσφορεῖν.

416 1246 624 1299 referes
654 1245 1030 1312 emolumenti,
1063 1255 1270 1301 tantum
1329 1253 1454 1317 post
1499 1246 1739 1301 oblatam
1798 1245 2145 1301 occasionem
2208 1250 2535 1322 neglectam,
2590 1253 2968 1324 paenitentiam
3036 1252 3240 1308 frustra
3303 1267 3452 1323 ages,
3512 1255 3677 1320 atque

413 1342 557 1394 feres
595 1340 899 1410 aegerrime.

1037 1426 1253 1483 EPIST.
1292 1427 1356 1482 L.

475 1519 695 1573 Nicolao
744 1523 1028 1591 [tegumeno
1063 1521 1372 1575 monasterii
1400 1519 1584 1576 Sancti
1616 1521 1915 1591 Nicepltori.

2716 1433 2944 1488 ΕΠΙΣΤ.
2983 1435 3068 1492 N'.

2091 1522 2364 1586 Νικολάῳ
2401 1521 2713 1593 ἡγουμένῳ
2737 1522 2933 1593 μονῆς
2958 1523 3066 1578 τοῦ
3091 1524 3265 1595 ἁγίου
3296 1526 3664 1594 Νικηφόρου.

1643 1627 1913 1678 Montacut.
1938 1627 2173 1691 (ep.159,
2194 1644 2246 1692 ρ.
2274 1629 2408 1691 215).

483 1732 704 1786 Amicus
752 1740 836 1785 est
877 1745 965 1786 res
1010 1729 1360 1795 necessaria;
1409 1728 1598 1798 quidni
1649 1729 1838 1784 enim?
1894 1728 1988 1784 sed
2024 1741 2064 1795 Β

412 1823 584 1894 magis
609 1822 950 1878 necessarius
986 1837 1168 1877 sermo
1196 1821 1356 1892 justi.
1405 1820 1663 1891 Optaram
1711 1830 1999 1890 utramque

406 1929 734 1972 concurrere
787 1915 843 1970 in
895 1930 962 1971 eo
1017 1931 1120 1986 pro
1181 1929 1291 1985 quo
1341 1913 1655 1981 intercedis,
1705 1914 1998 1969 amicitiam

407 2025 606 2079 nempe
636 2017 692 2063 et
734 2007 1023 2078 justitiam.
1069 2007 1148 2062 Ita
1198 2006 1347 2061 enim
1379 2022 1500 2061 cum
1542 2007 1739 2078 gaudio
1793 2005 1998 2077 gratiﬁ-

407 2102 572 2156 cabor
629 2100 824 2155 amico.
860 2100 960 2154 Sin
1008 2099 1065 2155 id
1099 2099 1301 2165 minus,
1337 2113 1451 2154 non
1477 2099 1591 2168 jam
1621 2114 1720 2169 ego
1774 2099 1999 2168 culpan-

405 2194 528 2257 dus,
550 2192 712 2248 sedis
739 2193 833 2262 qui
849 2192 1145 2248 amicitiam
1172 2192 1436 2262 disjunxit
1471 2208 1502 2246 a
1538 2192 1771 2263 justitia.
1803 2192 1998 2246 Animo

407 2292 555 2337 certe
573 2282 719 2340 haud
742 2282 905 2350 feres,
922 2299 1010 2340 me
1026 2292 1296 2338 amantem
1313 2299 1435 2338 cum
1453 2282 1687 2352 justitia,
1705 2284 1752 2338 ei
1773 2282 1864 2352 qui
1881 2282 1998 2337 sine

405 2390 470 2429 ea
506 2375 704 2449 diligit,
745 2393 869 2443 non
908 2377 1176 2448 praferri.
1207 2373 1351 2441 Quin
1388 2377 1523 2442 scio,
1550 2377 1694 2446 quod
1737 2377 1842 2431 hoc
1870 2386 1998 2430 ante

406 2469 538 2527 illud
558 2473 742 2527 animo
765 2473 995 2537 recoles,
1018 2473 1163 2542 quod
1183 2473 1328 2528 haud
1350 2471 1444 2527 tibi
1463 2471 1676 2526 libitum
1697 2480 1800 2536 est,
1817 2479 1878 2525 ut
1896 2484 1997 2540 ego

405 2564 502 2634 qui
527 2563 657 2618 olim
686 2563 743 2617 in
769 2563 954 2617 futUro
976 2563 1184 2634 judicio
1202 2578 1395 2634 poenas
1414 2563 1649 2633 pendam
1671 2577 1772 2632 pro
1790 2561 1999 2632 judicio

407 2675 512 2714 nec
541 2673 720 2728 aequo.
749 2673 855 2713 nec
878 2665 1053 2724 recto,
1084 2665 1142 2713 et
1169 2658 1257 2713 ille
1277 2656 1480 2727 duplici
1505 2671 1668 2727 paena
1704 2656 1994 2726 plectatur.

406 2753 676 2807 Nimirum
735 2752 882 2822 quod
935 2751 1138 2822 injuste
1196 2749 1327 2806 fecit
1386 2750 1658 2820 primum;
1728 2748 1991 2812 secundo,

405 2845 556 2914 quod
587 2859 710 2898 cum
739 2843 1005 2914 justitiam
1030 2842 1312 2910 violasset,
1353 2850 1410 2896 et
1440 2841 1652 2896 solutus
1693 2850 1843 2896 esset
1887 2840 1996 2894 cri-

408 2936 579 3000 mine,
610 2936 772 2990 aliam
802 2951 919 2990 rem
969 2935 1232 3005 injustam
1284 2933 1643 3004 perpetravit,
1676 2933 1822 3003 quod
1871 2946 1996 2989 cum

407 3042 629 3099 penam
659 3029 809 3084 luere
832 3028 1120 3088 debuerat,
1161 3024 1240 3080 illi
1271 3041 1381 3080 non
1413 3033 1528 3080 erat
1557 3024 1782 3080 inﬂicta.

1022 3117 1241 3173 EPIST.
1283 3116 1372 3171 LI.

513 3215 777 3269 Dorotheo
828 3216 1114 3285 heyummo
1149 3212 1454 3267 monasterii
1493 3209 1871 3265 Cedronorum.

2177 1731 2499 1801 Ἀναγκαῖος
2526 1733 2625 1803 μὲν
2668 1733 2698 1786 ὁ
2728 1733 2883 1802 φίλος
2905 1749 2919 1764 ·
2952 1734 3072 1799 πῶς
3099 1735 3207 1804 γὰρ
3230 1736 3329 1803 οὓς
3377 1737 3677 1806 ἀναγκαιό-

2098 1838 2255 1891 τερος
2287 1823 2344 1875 δὲ
2370 1824 2399 1875 ό
2440 1823 2536 1876 τοῦ
2593 1824 2806 1878 δικαίου
2851 1825 3029 1894 λόγος.
3075 1826 3321 1898 Εύχομαι
3387 1829 3678 1901 ἀμφότερα

2101 1914 2431 1985 συνδραμεῖν
2468 1916 2608 1986 ὑπὲρ
2630 1910 2692 1970 οὗ
2723 1919 3072 1987 πρεσϐεύεις,
3108 1920 3205 1972 καὶ
3228 1921 3328 1990 τὴν
3357 1921 3560 1990 φιλίαν,
3580 1922 3676 1975 καὶ

2097 2011 2197 2078 τὴν
2222 2008 2594 2081 δικαιοσύνην.
2629 2009 2788 2063 Οὕτω
2818 2012 2928 2080 γὰρ
2958 2011 3025 2064 ἂν
3050 2011 3222 2082 ἡδέως
3259 2013 3399 2084 φίλῳ
3428 2017 3678 2086 χαρισαί-

2102 2117 2233 2170 μην.
2267 2101 2329 2154 Ei
2365 2101 2410 2153 δ’
2460 2097 2575 2166 οὖν,
2613 2103 2812 2173 μηκέτι
2855 2105 3028 2174 ἡμᾶς,
3083 2103 3219 2158 ἀλλὰ
3257 2106 3348 2161 τὸν
3380 2105 3676 2175 δικάσαντα

2097 2192 2197 2261 τὴν
2256 2192 2452 2246 ἑαυτοῦ
2510 2193 2692 2262 φιλίαν
2757 2193 2858 2263 τῆς
2909 2195 3296 2266 δικαιοσύνης,
3357 2198 3671 2252 αἰτιαιτέον.

2099 2285 2324 2347 Πάντως
2357 2284 2485 2355 γὰρ,
2517 2284 2626 2338 οὐδ’
2666 2286 2829 2349 αὐτὸς
2853 2286 3055 2358 ἲάνέξῃ,
3085 2287 3187 2356 ἐμὲ
3231 2287 3493 2356 φιλοῦντα
3539 2290 3676 2358 μετὰ

2097 2376 2198 2445 τῆς
2249 2376 2621 2447 δικαιοσύνης,
2674 2377 2769 2430 τοῦ
2819 2380 2988 2448 χωρὶς
3030 2379 3236 2448 ταύτης
3277 2381 3674 2452 ἀγαπηθέντος,

2104 2466 2180 2537 μὴ
2212 2467 2627 2537 προκρίνεσθαι.
2693 2469 2903 2521 Ἐκεῖνο
2930 2469 2988 2522 δέ
3037 2487 3150 2540 μοι,
3193 2472 3285 2524 καὶ
3328 2473 3435 2541 πρὸ
3463 2472 3673 2537 τούτου,

2099 2557 2158 2614 εὖ
2192 2556 2289 2615 οἷδ’
2317 2563 2420 2628 ὅτι,
2449 2562 2755 2631 σκοπήσαις
2778 2579 2793 2594 ο
2818 2564 2894 2628 ὡς
2924 2563 3024 2617 οὐκ
3068 2564 3134 2618 ἂν
3180 2564 3436 2636 θελήσαις
3478 2567 3582 2636 ἐμέ
3625 2586 3677 2620 τι

2097 2654 2255 2724 δίκην
2301 2653 2538 2724 ὀφείλειν
2583 2656 2815 2720 ἐκεῖθεν,
2863 2657 2965 2728 τῆς
3007 2657 3109 2709 οὐκ
3139 2655 3331 2727 ὀρθῆς,
3382 2658 3503 2712 οὐδὲ
3559 2657 3678 2727 ἴσης

2099 2747 2358 2816 κρίσεως,
2389 2748 2597 2802 ἐκεῖνόν
2629 2765 2690 2800 τε
2737 2748 2934 2813 διπλᾶς
2980 2749 3205 2820 ὑπέχειν
3251 2751 3458 2815 ποινὰς,
3494 2753 3588 2806 τοῦ
3618 2770 3678 2805 τε

2097 2835 2320 2908 πρώτου
2351 2837 2690 2908 ἀδικήματος
2711 2853 2728 2870 σ
2766 2837 2863 2891 καὶ
2903 2836 3020 2902 τοῦ,
3071 2839 3156 2908 ἐφ’
3181 2832 3226 2907 ᾧ
3249 2840 3347 2912 τὴν
3375 2840 3530 2911 δίκην
3560 2842 3679 2894 δια-

2098 2927 2348 2998 φθείρας,
2397 2928 2493 2982 xui.
2545 2925 2752 2994 φυγὼν,
2788 2925 3040 2997 δεύτερον
3083 2927 3349 3000 ἀδίκημα,
3399 2928 3476 3000 τῷ
3525 2927 3683 3000 δίκην

2099 3021 2396 3088 ὀφείλοντι,
2433 3021 2585 3093 παρά
2608 3021 2703 3074 τοῦ
2737 3021 3231 3092 λαϐεῖν,’ἣνεγκεν.

2719 3115 2952 3169 ΕΠΙΣΤ.
2984 3115 3115 3169 NA'.

2279 3209 2554 3277 Δωροθέῳ
2583 3209 2914 3280 ἡγουμένῳ.
2930 3207 3126 3280 μονῆς
3151 3209 3475 3280 Κεδρὼν-ων
3489 3245 3505 3256 ο

1642 3325 1914 3376 Montacut.
1950 3324 2056 3387 (ep.
2077 3325 2187 3385 220,
2211 3339 2262 3388 p.
2287 3326 2422 3390 344).

479 3431 561 3485 Tu
591 3429 810 3501 quidem
847 3430 1058 3502 plangis
1084 3439 1140 3485 et
1161 3429 1500 3500 lacrymaris,
1532 3443 1600 3484 eo
1651 3427 1797 3499 quod
1823 3444 1853 3482 a
1884 3441 1981 3481 no~

411 3532 528 3578 stro
555 3523 685 3578 olim
710 3523 767 3577 in
794 3522 1016 3578 Christo
1032 3537 1217 3576 amore
1231 3521 1591 3591 separabare;
1634 3529 1784 3575 recte
1814 3518 1949 3574 facis
1975 3536 1989 3572 :

409 3629 524 3668 non
567 3613 714 3667 enim
785 3622 869 3669 est
925 3613 1106 3667 minus
1179 3628 1304 3668 cum
1363 3612 1567 3668 virtute
1616 3613 1996 3682 conjunctum,

407 3705 610 3760 amoris
636 3707 903 3774 iacturam
929 3704 1159 3774 deﬂere;
1186 3715 1242 3760 et
1275 3721 1384 3761 non
1425 3704 1590 3760 modo
1627 3704 1770 3759 velle
1800 3719 1996 3759 emen-

407 3799 561 3864 dare,
591 3814 782 3854 verum
826 3799 1025 3854 acerbe
1070 3798 1236 3864 lcrre,
1273 3797 1421 3868 quod
1468 3797 1764 3868 aliquando
1811 3797 1998 3866 lapsus

409 3892 658 3948 invaluit.
677 3892 912 3946 Tantum
941 3887 1112 3947 abest'
1148 3901 1209 3946 ut
1229 3906 1330 3962 ego
1350 3891 1735 3946 alienationem
1757 3889 1997 3958 priorem

408 3985 738 4054 vituperem,
767 3992 994 4053 propter
1035 3983 1322 4053 praesentis
1365 3980 1670 4038 concordiae
1709 3979 2000 4036 sincerita-

409 4085 544 4140 tem,
589 4082 790 4129 autut
844 4074 1000 4130 tarde
1043 4074 1258 4129 veniam
1311 4073 1630 4136 concedam,
1685 4080 1744 4126 ut
1799 4071 2001 4142 gratias

415 4167 617 4223 divinm
647 4165 1012 4220 Providentia:
1052 4165 1234 4220 omnia
1277 4163 1696 4219 administrandi
1746 4163 2000 4218 ferendas

412 4258 514 4312 tibi
545 4273 806 4312 asseram.
827 4255 931 4321 Qui
952 4255 1098 4311 enim
1119 4264 1235 4311 tum
1252 4256 1654 4326 profitebantur
1675 4253 1997 4318 amicitiam,

411 4351 547 4404 satis
595 4349 968 4404 numerabiles
1028 4363 1348 4420 generosam
1403 4361 1536 4402 sane
1604 4353 1844 4400 mentem
1907 4353 1990 4398 te-

2179 3423 2254 3476 Σὺ
2292 3423 2394 3494 μὲν
2425 3423 2665 3497 ὀλοφύρῃ
2715 3425 2812 3479 καὶ
2864 3424 3082 3496 θρηνεῖς
3108 3424 3195 3496 ἐφ’
3249 3421 3330 3490 οἷς
3381 3426 3551 3480 πάλαι
3589 3428 3682 3499 τῆς

2101 3515 2261 3586 ἡμῶν
2290 3515 2348 3568 ὲν
2372 3515 2564 3586 Κυρίῳ
2585 3515 2806 3584 ἀγάπης
2835 3514 3113 3568 διίστασο·
3138 3515 3234 3569 καὶ
3263 3515 3442 3579 καλῶς
3477 3518 3646 3578 ποιεῖς
3664 3531 3678 3545 ο

2102 3610 2226 3665 οὐδὲ
2252 3609 2409 3663 τοῦτο
2440 3608 2550 3679 γὰρ
2574 3608 2796 3662 ἔλαττον
2815 3608 2925 3661 τῶν
2954 3607 3130 3663 ἄλλων
3161 3611 3242 3672 είς
3283 3609 3484 3680 ἀρετῆς
3512 3607 3680 3675 λόγων

2104 3703 2330 3774 ἀγάπης
2383 3702 2590 3772 ζημίαν
2624 3701 2932 3773 ὀδύρεσθαι,
2985 3703 3084 3755 καὶ
3145 3701 3220 3773 μὴ
3270 3703 3430 3772 μόνον
3481 3701 3676 3755 ἐθέλειν

2103 3794 2425 3865 ὀρθοῦσθαι,
2455 3793 2594 3849 ἀλλά
2627 3796 2720 3848 καὶ
2744 3794 2958 3866 πικρῶς
2981 3795 3188 3864 ἀλγεῖν,
3221 3795 3304 3848 ὅτι
3329 3795 3430 3865 τὴν
3457 3795 3621 3867 ἀρχὴν
3641 3796 3674 3864 ή

2102 3887 2312 3952 πτῶσις
2359 3888 2688 3959 ἐκράτησεν.
2746 3887 2888 3957 Ἐγὼ
2933 3889 2990 3942 δὲ
3044 3889 3300 3943 τοσοῦτον
3352 3891 3544 3962 ἀπέχω
3585 3889 3678 3943 τοῦ

2101 3977 2420 4049 μέμψασθαί
2439 3996 2489 4030 τι
2514 3979 2618 4048 τῆς
2641 3979 2770 4050 πρὶν
2793 3979 3084 4050 διχονοίας,
3109 3981 3198 4034 διὰ
3214 3983 3314 4053 τὴν
3337 3982 3683 4054 καθαρότητα

2096 4074 2197 4142 τῆς
2231 4070 2326 4125 νῦν
2349 4071 2625 4140 ὁμονοίας,
2685 4073 2718 4144 ἢ
2750 4073 2890 4145 πρὸς
2922 4074 3256 4148 συγγνώμην
3289 4075 3490 4147 βραδὺς
3519 4072 3681 4142 εἶναι,

2096 4163 2239 4216 ὥστε
2263 4164 2360 4218 καὶ
2379 4164 2612 4234 χάριτας
2631 4168 2696 4237 τῇ
2724 4169 2904 4220 πάντα
2935 4167 3116 4236 σοφῶς
3135 4169 3476 4240 περιαγούσῃ
3511 4187 3682 4238 προσ-

2097 4255 2348 4326 ομολογῶ
2385 4259 2636 4329 προνοίᾳ,
2683 4259 2779 4312 καί
2819 4259 2879 4313 σέ
2931 4276 3074 4330 φημι
3114 4261 3245 4315 δεῖν.
3283 4260 3403 4313 Τῶν
3427 4262 3536 4330 γὰρ
3556 4260 3679 4313 τότε

2103 4351 2276 4419 φίλων
2319 4350 2678 4422 εὐαρίθμητοι
2749 4352 2846 4421 μὲν
2889 4351 3216 4406 διεσώσαντο
3247 4351 3308 4404 τὸ
3350 4352 3450 4422 τῆς
3497 4351 3680 4423 ψυχῆς

407 4459 578 4499 nuere
615 4462 628 4498 :
671 4449 896 4497 caeteros
925 4442 1010 4494 vel
1048 4441 1418 4495 adulationem
1463 4439 1748 4494 simulasse
1778 4446 1992 4506 tempus

2102 4443 2319 4510 εὐγενές
2347 4459 2359 4470 ·
2392 4443 2498 4497 τῶν
2531 4443 2589 4495 δὲ
2635 4442 2860 4511 λοιπῶν,
2900 4445 3028 4507 τοὺς
3065 4443 3166 4516 μὲν
3191 4447 3218 4497 ὀ
3249 4446 3685 4515 ὲπικρεμασθεὶς

408 4535 647 4590 convicit
699 4552 714 4588 :

408 4625 744 4688 metuebam,
799 4621 1029 4676 audacia
1077 4621 1380 4675 exarmavit
1423 4619 1478 4674 in
1520 4618 1885 4682 contrarium;
1936 4628 1992 4672 et

408 4725 592 4770 tamen
636 4714 842 4768 factum
893 4719 998 4780 est,
1028 4721 1090 4766 ut
1125 4711 1218 4781 qui
1258 4727 1382 4766 cum
1434 4709 1543 4764 illis
1585 4717 1773 4771 staret,
1809 4707 1879 4762 ab
1926 4707 1992 4760 il-

405 4811 580 4864 lorum
636 4808 953 4878 suspicione
1009 4821 1122 4862 non
1171 4815 1318 4860 esset
1373 4820 1573 4875 purus;
1642 4817 1832 4857 verum
1893 4814 1991 4870 per

407 4901 717 4956 istiusmodi
768 4908 1014 4969 tempora
1073 4897 1344 4952 sinceram
1395 4894 1698 4950 amicitiam
1761 4892 1991 4948 viriliter

406 5006 798 5054 conservasse,
872 4999 932 5045 et
989 4989 1364 5060 dispositionis
1422 4987 1641 5042 laudem
1717 4983 1988 5057 egregiam

407 5083 594 5145 habet,
626 5091 681 5136 et
709 5081 1020 5136 futurorum
1060 5081 1182 5135 sine
1218 5078 1386 5134 dubio
1434 5078 1654 5149 pignus,
1682 5085 1738 5131 et
1763 5085 1991 5155 prseter-

403 5175 604 5229 itorum
643 5174 925 5245 apologia,
969 5189 1095 5243 quae
1134 5172 1340 5227 nullam
1379 5170 1540 5225 aliam
1590 5169 1834 5239 requirat
1864 5167 1988 5222 exi-

403 5267 662 5336 gentiam,
688 5265 783 5319 sed
809 5280 936 5321 cum
988 5265 1140 5319 omni
1172 5265 1355 5327 venia,
1401 5263 1470 5318 de
1512 5261 1711 5316 inertia
1754 5261 1810 5314 in
1842 5260 1988 5330 judi-

403 5360 547 5412 cium
602 5358 647 5412 si
695 5365 940 5421 vocetur,
979 5357 1136 5426 sapud
1183 5355 1423 5410 tribunal
1462 5353 1628 5408 nullis
1669 5353 1989 5407 muneribus

401 5447 860 5518 corrumpendum
887 5455 1036 5502 recte
1066 5456 1126 5503 et
1157 5447 1375 5520 egregie
1418 5445 1623 5502 factum
1655 5446 1710 5500 in
1730 5445 1987 5516 praesenti

401 5540 580 5610 ipsum
623 5556 724 5612 per
775 5554 838 5598 se
894 5540 1165 5596 honorem
1221 5549 1277 5596 et
1321 5527 1753 5598 venerationem
1794 5554 1989 5599 conse-

399 5641 619 5701 quctur.

769 4533 1056 4602 quosdam,
1117 4531 1264 4601 quod
1325 4530 1456 4586 dum
1514 4529 1812 4598 experirer,
1877 4542 2032 4582 non.

2099 4533 2264 4603 φόϐος
2297 4534 2484 4602 ἀφεῖλε
2528 4533 2625 4604 τὴν
2673 4535 2903 4607 ἀρετήν’
2945 4536 3076 4600 τοὺς
3104 4535 3161 4589 δὲ
3197 4535 3488 4601 κολακείας
3523 4538 3682 4603 ὄντας

2100 4625 2399 4696 πρόσωπον
2431 4625 2660 4696 ἤλεγξεν
2684 4628 2713 4680 ὀ
2758 4627 2977 4698 καιρός·
3009 4629 3136 4692 τοὺς
3159 4629 3236 4690 δὲ,
3279 4623 3347 4696 ὦ,
3391 4631 3555 4702 μέχρι
3585 4631 3678 4685 τοῦ

2101 4717 2359 4786 γενέσθαι
2412 4719 2536 4788 μηδ’
2596 4719 2930 4790 ὲλπιζομένη
2979 4721 3156 4792 τόλμα
3219 4725 3316 4777 καὶ
3353 4725 3678 4788 ἀπεναντίας

2103 4809 2430 4880 ἱσταμένους
2453 4828 2466 4842 ·
2496 4812 2593 4864 καὶ
2627 4811 2964 4877 συνέϐαινεν,
3012 4814 3061 4865 εί
3104 4814 3198 4867 καὶ
3245 4817 3548 4883 συνέϐαινε,
3583 4818 3678 4887 τὴν

2100 4900 2221 4968 μετ’
2254 4900 2484 4952 ἐκείνων
2507 4898 2690 4970 ἔχοντι
2741 4900 2918 4964 τάξιν,
2953 4901 3089 4972 μηδὲ
3117 4902 3218 4972 τῆς
3247 4903 3476 4956 ἐκείνων
3505 4902 3674 4956 καθα-

2099 4987 2280 5058 ρεύειν
2322 4989 2589 5058 ὑποψίας
2638 4988 2700 5042 τὸ
2732 4989 2790 5041 δὲ
2821 4992 2878 5042 ὲν
2933 4990 3112 5060 καιρῷ
3145 4991 3376 5062 τοιούτῳ
3432 4993 3678 5063 καθαρὰν

2096 5077 2251 5132 οὔπω
2278 5080 2374 5133 καὶ
2401 5078 2652 5148 ἀνδρείαν
2686 5077 3062 5143 ἐπιδείξασθαι
3090 5081 3193 5151 τὴν
3218 5079 3422 5149 φιλίαν,
3457 5081 3553 5134 καὶ
3581 5083 3678 5148 τῆς

2096 5169 2388 5241 παρούσης
2412 5171 2530 5223 ἐστὶ
2581 5169 2879 5232 διαθέσεως
2907 5169 3186 5240 ἐγκώμιον
3236 5169 3412 5239 μέγαο
3447 5170 3541 5223 καὶ
3571 5169 3676 5222 τῶν

2101 5263 2406 5334 μελλόντων
2447 5262 2547 5315 οὐκ
2589 5262 2789 5332 ἔχουσα
2837 5262 3135 5333 δισταγμὸν
3170 5261 3376 5333 ὲγγύη·
3428 5264 3523 5316 καὶ
3573 5262 3676 5315 τῶν

2096 5354 2555 5426 παρεληλυθότων
2588 5353 2878 5422 ἀπολογία,
2931 5355 3201 5425 μηδεμιᾶς
3245 5354 3344 5424 μὲν
3372 5354 3540 5421 ἄλλης
3567 5355 3676 5408 δεο-

2100 5450 2236 5520 μένη
2265 5449 2664 5519 περιστάσεως,
2697 5447 2834 5501 ἀλλὰ
2875 5449 2971 5500 καὶ
3013 5465 3074 5499 συ
3093 5447 3316 5519 γγνώμῃ
3354 5449 3503 5518 πάσῃ
3529 5449 3676 5501 δικά-

2095 5545 2285 5608 ζουσα,
2314 5541 2416 5612 τὴν
2475 5540 2675 5610 ἀργίαν
2697 5580 2712 5603 ,
2759 5538 2820 5604 ἐξ
2855 5540 3273 5610 ἀδωροφορήτου
3305 5539 3398 5594 τοῦ
3432 5539 3676 5611 βήματος

2093 5636 2190 5690 τοῦ
2234 5635 2504 5707 παρόντος
2548 5632 2978 5704 κατορθώματος
3009 5634 3150 5705 αὐτῇ
3195 5634 3317 5687 καθ’
3346 5635 3548 5706 ἑαυτὴν
3615 5634 3676 5687 τὸ

2096 5729 2387 5800 αἱδέσιμόν
2417 5746 2476 5782 τε
2509 5728 2603 5783 καὶ
2625 5727 2938 5795 ἀξιόπιστον
2960 5729 3308 5800 χρηματίζει.

1714 5846 1949 5902 ἾΑΠΙᾹΞ
1982 5844 2390 5906 LECTIONES.

510 5941 775 6011 ίκινησις
876 5940 890 5989 i
939 5941 1069 6015 μὲν.
