3930 6482
1368 480 1907 541 EPISTOLARUM
1942 480 2172 541 LIBER
2212 482 2296 541 II.

776 589 1002 643 ΕΠΙΣΤ.
1047 589 1173 642 NB'.
1828 599 1874 651 Α

860 682 943 746 Τῷ
971 680 1149 745 αὐτῷ.

164 484 273 547 869
1368 484 1907 541 EPISTOLARUM
1942 484 2172 541 LIBER
2212 484 2296 541 II.
3365 486 3474 548 870

162 606 171 615 ·
776 589 1002 643 ΕΠΙΣΤ.
1047 589 1173 642 NB'.
1830 599 1874 643 Α
2479 588 2719 642 ΕΡΙΞΤ.
2763 587 2874 643 LII.

2582 682 2782 735 Eidem.

1440 784 1706 833 Montacut.
1742 782 1842 844 (ep.
1872 782 1981 842 250,
2003 798 2051 845 p.
2079 783 2212 846 545).

240 886 319 938 Τὸ
368 884 489 956 μὲν
518 885 698 955 οῶρον
751 882 981 949 γνησίας
1025 882 1244 951 ἀγάπης
1272 895 1285 909 ⁸
1324 879 1385 933 τὸ
1423 879 1567 932 δὲέν
1614 877 1794 949 καιρῷ

1973 879 2168 935 Munus
2216 880 2285 934 ab
2331 895 2518 935 amore
2551 890 2634 935 est
2675 897 2939 953 genuino;
2985 892 3040 938 at
3091 884 3196 940 hoc
3232 894 3478 956 tempore

169 976 418 1045 τοιούτῳ
450 975 740 1046 διαπύρου
768 974 936 1027 πόθου
955 989 968 1000 ·
1003 973 1065 1026 τὸ
1096 972 1154 1025 δέ
1179 972 1275 1025 καὶ
1303 970 1640 1041 τηλικούτων
1671 972 1796 1023 ἐπι-

1902 972 2126 1026 missum
2162 973 2371 1027 ardenti
2400 973 2672 1028 desiderio
2702 992 2717 1027 :
2749 974 2845 1029 sed
2892 976 3057 1029 tantis
3089 976 3340 1046 periculis
3374 979 3477 1031 im-

170 1065 585 1138 κρεμαμένων
634 1064 899 1119 κινδύνων
941 1060 1281 1133 μαρτυρικοῦ
1326 1061 1490 1131 ζήλου
1519 1076 1534 1091 ·
1577 1059 1693 1113 ἀνθ’
1721 1053 1796 1111 ὧν

1902 1064 2268 1132 pendentibus
2317 1066 2561 1135 martyrii
2610 1066 2746 1119 zelo.
2810 1067 2916 1120 Pro
2947 1083 3055 1135 quo
3103 1067 3245 1122 Deus
3288 1081 3478 1124 noster

172 1157 432 1229 Χριστὸς
466 1160 502 1212 ὁ
540 1156 679 1220 Θεὸς
711 1155 891 1226 ἡμῶν,
926 1155 1021 1208 καὶ
1054 1152 1214 1224 ἡμῶν
1251 1153 1551 1221 σιγώντων,
1590 1154 1671 1216 εἰς
1705 1152 1795 1204 τὸν

1906 1155 2180 1221 Christus,
2212 1156 2372 1212 nobis
2402 1158 2728 1222 tacentibus,
2780 1158 2833 1211 in
2854 1209 2862 1215 ,
2885 1158 3034 1228 regni
3081 1159 3162 1212 sui
3190 1170 3392 1215 sortem
3425 1172 3477 1217 te

172 1252 351 1307 αὑτοῦ
390 1268 463 1304 σε
498 1251 607 1322 τῆς
638 1249 915 1320 βασιλείας
948 1248 1393 1318 ἐναπογράφεται
1444 1246 1664 1316 κλῆρον.
1695 1243 1794 1311 Εῖη

1904 1247 2285 1303 transmittat:
2329 1256 2418 1303 tua
2459 1258 2641 1304 autem
2671 1251 2959 1319 praesentia
3002 1253 3181 1308 futura
3213 1263 3295 1308 est
3340 1254 3473 1309 mihi

176 1342 219 1395 δ’
242 1344 390 1412 ἡμῖν
418 1341 530 1395 κού⁸
563 1342 596 1412 ἡ
631 1340 698 1411 σὴ
727 1339 1001 1411 παρουσία
1035 1339 1175 1409 μετὰ
1204 1338 1463 1408 λαμπρᾶς
1506 1336 1599 1389 καὶ
1626 1333 1796 1404 μεγά-

1899 1351 2022 1390 cum
2072 1338 2271 1392 illustri
2322 1347 2375 1393 et
2425 1340 2651 1393 notabili
2700 1341 2894 1407 salute,
2942 1352 2997 1397 et
3044 1359 3140 1414 spe
3181 1360 3355 1409 sacra,
3389 1346 3473 1399 cui

177 1436 277 1503 λης
307 1434 422 1503 τῆς
458 1434 774 1503 σωτηρίας,
799 1433 895 1484 καὶ
935 1430 1046 1483 τῶν
1081 1429 1241 1500 ἱερῶν
1268 1428 1520 1494 ἐλπίδων,
1553 1421 1695 1495 αἵςή
1728 1424 1795 1494 σὴ

1899 1426 2074 1480 anima
2130 1437 2221 1482 tua
2263 1438 2450 1483 sancta
2494 1429 2748 1501 aﬂigitur,
2797 1447 2906 1486 non
2952 1449 3049 1503 per
3106 1436 3476 1504 procrastina-

182 1523 464 1594 πανιερδς
503 1522 658 1593 ψυχὴ
691 1522 1048 1593 προσανέχει·
1104 1519 1269 1591 μηδὲν
1299 1518 1381 1581 είς
1414 1516 1685 1579 ἀναϐολὰς
1720 1513 1804 1565 ἐτι

1900 1519 2101 1575 tionem
2129 1520 2353 1591 rejecta,
2381 1523 2479 1578 sed
2508 1523 2686 1594 reipsa
2731 1525 3026 1595 conspicuo
3064 1526 3297 1581 ﬁrmata.

180 1616 489 1686 ὠρημένον
537 1614 562 1652 ιι
596 1614 713 1668 ἀλλ’
764 1615 849 1667 ἐπ’
888 1613 1068 1677 αὐτοῖς
1099 1611 1283 1684 ἔργοις
1308 1610 1368 1664 τὸ
1407 1608 1626 1681 βέϐαιον
1655 1608 1798 1677 λαμ-

188 1706 347 1777 πρῶς
373 1706 804 1777 καθορώμενον.

1108 2027 1343 2079 SERIES
1380 2028 1651 2080 TERTIA.
1673 2052 1735 2065 —
1764 2028 1854 2078 AD
1886 2025 2221 2076 DIVERSOS
2260 2022 2592 2074 CLERICOS.

808 2169 1032 2224 eum.
1075 2171 1201 2224 Nl".
1237 2203 1248 2215 .
1336 2240 1339 2247 η

491 2261 770 2332 Γεωργίῳ
792 2261 1049 2327 διακόνῳ
1072 2262 1169 2317 καὶ
1192 2263 1513 2332 ξενοδόχῳ.

1826 2255 1873 2315 Β

2532 2164 2751 2220 EPIST.
2786 2159 2919 2215 LIII.

2215 2260 2435 2329 Georgio
2461 2258 2686 2311 diacono
2718 2264 2766 2309 et
2800 2251 3164 2322 hospitalart'o.

1446 2395 1709 2446 Moulacut.
1748 2397 1850 2459 (ep.
1887 2398 1963 2456 45,
2001 2409 2048 2458 ρ.
2087 2393 2216 2457 100).

282 2517 342 2569 Ὁ
374 2514 497 2567 τῶν
526 2514 861 2585 ἀπορρήτων
887 2514 1131 2584 ἐπόπτης
1156 2515 1250 2567 καὶ
1276 2516 1653 2584 μυσταγωγὸς,
1697 2516 1795 2587 τὴν

203 2610 374 2681 μέθην
397 2608 604 2679 πόρρω
627 2606 762 2660 Θεοῦ
795 2606 1073 2676 βασιλείας
1098 2608 1383 2663 ἐθεάσατο.
1414 2610 1476 2661 Ei
1506 2606 1597 2663 οὖν
1630 2608 1793 2679 μέθυ-

206 2721 286 2755 σοι
317 2701 615 2772 βασιλείαν
671 2698 809 2751 Θεοῦ
867 2700 927 2751 ού
978 2698 1468 2769 κληρονομήσουσι,
1500 2701 1552 2753 τί
1602 2718 1683 2754 σοι
1736 2702 1797 2755 τὸ

200 2794 417 2861 ὄφελος,
443 2793 536 2845 ὅτι
565 2790 672 2843 τῶν
704 2790 877 2843 ἄλλων
908 2790 1190 2860 ἁμαρτιῶν
1219 2791 1403 2855 δοῦλος
1423 2831 1439 2857 ,
1474 2792 1547 2855 ὡς
1591 2793 1793 2861 λέγεις,

203 2884 263 2936 ού
283 2884 562 2951 γέγονας;
600 2879 708 2931 Καί
739 2897 822 2934 τοι
866 2880 976 2933 τῶν
1000 2880 1276 2932 ἀδυνάτων
1302 2881 1418 2933 ἐστὶ
1446 2880 1649 2950 τυφλοῦ
1680 2899 1794 2935 κει-

208 2975 369 3043 μένου
398 2977 471 3045 τῇ
513 2973 653 3043 μέθῃ
677 2971 773 3025 τοῦ
800 2971 1224 3042 καθώηγοῦντος
1251 2972 1510 3042 λογισμοῦ
1535 2975 1629 3027 καὶ
1652 2974 1794 3043 ἀμύ-

208 3083 407 3131 νοντος,
448 3064 531 3135 μὴ
563 3064 728 3117 παντὶ
778 3064 1138 3135 προσπταίειν
1195 3064 1326 3134 λίθῳ
1367 3066 1457 3119 τὸν
1482 3067 1789 3137 ἄνθρωπον,

209 3159 296 3210 καὶ
323 3158 401 3228 μὴ
433 3155 640 3220 παντὸς
674 3154 881 3219 πάθους
909 3156 1230 3225 προκεῖσθαι
1259 3156 1608 3227 ἀνδράποδον.

816 3268 1041 3321 ΕΠΙΣΤ.
1073 3269 1195 3321 ΝΔ’.

853 3356 937 3424 Τῷ
964 3358 1153 3429 αὐτῷ.

1977 2512 2180 2566 Rerum
2278 2518 2612 2563 secretarum
2678 2506 2953 2575 inspector
3033 2510 3089 2557 et
3144 2500 3471 2571 propalator,

1898 2603 2217 2657 ebrietatem
2247 2614 2275 2653 a
2327 2613 2494 2669 regno
2544 2596 2641 2649 Dei
2685 2595 2959 2649 submovit
3001 2594 3182 2663 longe.
3235 2592 3388 2659 Quod
3428 2606 3475 2647 st

1898 2693 2035 2749 ebrii
2062 2691 2155 2746 Dei
2184 2705 2406 2760 regnum
2440 2703 2546 2742 non
2586 2684 3009 2749 haereditabunt,
3038 2683 3167 2753 quid
3215 2683 3314 2737 tibi
3347 2697 3476 2752 pro-

1899 2785 2042 2847 dest,
2084 2782 2128 2837 si
2157 2779 2339 2849 (quod
2380 2777 2580 2847 aﬂers)
2612 2776 2842 2831 aliorum
2892 2784 3242 2845 peccatorum
3283 2786 3475 2827 servus

1896 2892 2009 2931 non
2041 2872 2312 2929 exsistas?
2335 2871 2434 2926 Est
2469 2870 2613 2924 enim
2643 2868 3003 2939 impossibile,
3026 2882 3151 2922 cum
3181 2865 3319 2920 ratio
3351 2864 3477 2933 (viae

1897 2974 2009 3028 dux
2042 2988 2163 3042 quae
2209 2984 2333 3025 esse
2376 2968 2567 3023 debuit
2593 2976 2647 3021 et
2676 2966 2923 3035 {injurias
2949 2961 3301 3034 propulsare)
3333 2975 3478 3015 caeca

1897 3063 2173 3119 exstiterit
2205 3076 2305 3131 per
2348 3060 2690 3123 ebrietatem,
2722 3072 2835 3111 non
2863 3057 2932 3111 ad
2972 3069 3192 3109 omnem
3242 3052 3476 3124 lapidem

1896 3155 2196 3219 oﬁendere,
2220 3167 2333 3207 non
2372 3150 2666 3221 cujuslibet
2690 3164 2907 3203 servum
2937 3163 2996 3203 se
3027 3148 3308 3205 exhibere.

2494 3262 2694 3318 EPIST
2706 3304 2720 3321 .
2761 3262 2892 3319 LIV.

2604 3355 2814 3410 Eidem.

1064 3473 1193 3528 ch
1212 3477 1433 3547 epistola
1470 3495 1605 3532 nunc
1624 3478 1855 3550 quaestio
1886 3475 2021 3533 CCII
2053 3475 2296 3529 editionis
2324 3483 2534 3528 nostrw.

787 3590 1017 3645 ΕΠΙΣΤ.
1054 3592 1182 3645 NE'.

385 3680 683 3746 Θεοφάνει
707 3677 964 3745 διακόνῳ
1003 3681 1102 3735 καί
1143 3684 1608 3751 πρωτονοταρίῳ.

2517 3584 2737 3641 EPIST.
2771 3585 2878 3640 LV.

2178 3680 2475 3750 Theophani
2505 3680 2725 3732 diacono
2766 3688 2813 3731 et
2840 3677 3217 3745 protonotario.

1443 3788 1709 3839 Montacut.
1751 3790 1853 3854 (ep.
1885 3791 1965 3854 85,
1999 3805 2049 3853 p.
2086 3788 2219 3846 129).

281 3874 499 3944 Ἀλγεῖς
530 3880 612 3933 ὃτι
645 3878 857 3934 ἀκούων
899 3880 919 3919 1
951 3885 1032 3946 είς
1069 3885 1217 3954 ἡμᾶς
1251 3886 1501 3957 ἥμαρτες
1523 3903 1539 3921 ο
1584 3887 1787 3957 μᾶλλον

212 3966 265 4019 δὲ
286 3968 368 4022 ὅτι
387 3970 660 4042 τυραννού
669 3989 828 4041 μενος
848 3975 943 4026 καὶ
966 3975 1202 4046 πληγαῖς
1221 3978 1303 4040 είς
1329 3980 1523 4048 πεῖραν
1561 3979 1789 4049 προκεί-

217 4075 393 4126 μενος,
424 4061 593 4131 μέχρι
623 4061 874 4134 γλώσσης
906 4065 1067 4135 μόνον
1097 4066 1197 4139 τὴν
1248 4070 1401 4138 ἰσχὺν
1457 4070 1637 4124 αὐτῶν
1689 4070 1788 4141 τῆς

218 4147 331 4215 βίας
362 4153 672 4217 ἐπέδειξας,
702 4154 975 4209 ἀνάλωτον
999 4159 1117 4221 ταῖς
1153 4157 1406 4227 βασάνοις
1442 4163 1787 4234 συντηρήσας

216 4241 307 4311 τὴν
338 4243 603 4301 διάνοιαν.
629 4247 739 4300 Καὶ
758 4247 815 4300 τί
839 4248 906 4301 ἂν
930 4249 1058 4303 ἄλλο
1086 4253 1293 4323 ταύτης
1322 4254 1530 4321 γένοιτο
1552 4255 1654 4325 τῆς
1679 4274 1786 4310 πα-

219 4332 484 4405 ραψυχίας
514 4338 879 4409 παραμύθιον,
936 4340 1022 4394 ὅτι
1047 4342 1285 4415 τοσούτῳ
1322 4344 1513 4417 πλήθει
1540 4347 1788 4420 φοϐερῶν

219 4421 468 4491 βασάνων
498 4430 595 4500 τὴν
627 4430 722 4483 τοῦ
758 4431 1063 4497 συνειδότος
1116 4435 1298 4505 κρίσιν
1348 4437 1450 4491 ούκ
1497 4438 1788 4506 ἐθόλωσας,

216 4516 329 4571 οὐδὲ
351 4521 455 4591 τῆς
487 4521 687 4586 κακίας
713 4522 824 4577 τῶν
847 4522 1183 4594 βιαζομένων
1203 4527 1434 4598 ὄργανον
1458 4530 1669 4599 ἐγένου,
1698 4532 1791 4586 καί

217 4623 293 4661 τοι
322 4612 633 4667 πολυειδέσι
673 4616 767 4669 καὶ
800 4617 1166 4688 πολυτρόποις
1199 4621 1427 4688 αἰκίαις,
1456 4622 1571 4675 ἀλλ’
1611 4625 1671 4677 ού
1697 4623 1793 4678 δα-

216 4699 448 4771 κτύλοις,
481 4707 834 4776 κρουόμενος.
868 4707 994 4772 Πῶς
1022 4708 1080 4762 δέ
1117 4712 1280 4782 ἡμεῖς
1320 4713 1420 4766 οὐκ
1448 4713 1515 4769 ἂν
1546 4714 1793 4784 συγγνώ-

1965 3886 2122 3941 Dolet
2149 3884 2249 3939 tibi
2276 3884 2424 3954 quod
2454 3882 2660 3936 invitus
2706 3881 2763 3935 in
2808 3894 2896 3934 me
2934 3879 3245 3951 deliquisti;
3288 3880 3473 3950 potius

1895 3981 2040 4051 quod
2089 3980 2368 4050 tyrannice
2414 3976 2753 4045 compulsus,
2810 3981 2865 4027 et
2917 3973 3088 4044 plagis
3137 3972 3357 4028 inﬂictis
3404 3975 3474 4028 ad

1897 4070 2251 4127 tentationem
2299 4067 2565 4132 subditus,
2610 4064 2789 4135 lingua
2817 4072 2977 4117 tenus
3025 4072 3254 4131 tantum,
3310 4080 3475 4134 quam

1895 4166 2005 4221 vim
2046 4164 2299 4219 habuerit
2335 4177 2525 4217 eorum
2562 4159 2839 4224 violentia,
2882 4158 3153 4224 docuisti;
3188 4162 3473 4217 tormentis

1897 4257 2118 4313 interim
2147 4256 2374 4310 animun
2400 4269 2513 4309 non
2546 4252 2995 4308 succumbentem
3034 4252 3475 4309 custodiens.'Et

1898 4348 2174 4418 quodnam
2218 4344 2364 4399 aliud
2412 4342 2665 4398 solatium
2726 4340 2913 4394 haberi
2980 4348 3194 4410 poterat
3242 4340 3474 4409 hujusce

1888 4437 2174 4510 praesentis
2222 4435 2415 4500 animi,
2467 4434 2611 4505 quod
2653 4448 2723 4488 ne
2754 4447 2853 4502 per
2902 4440 3110 4487 tantam
3143 4432 3470 4487 terribilium

1890 4540 2162 4585 terrorum
2215 4526 2621 4582 multitudinem
2687 4522 3037 4580 conscientiae
3073 4531 3177 4577 tuae
3202 4522 3470 4591 judicium

1888 4617 2202 4681 foedaveris,
2239 4630 2344 4670 nec
2392 4613 2804 4684 improbitatutn
2844 4611 2957 4666 vim
2998 4611 3349 4665 inserentium
3384 4611 3472 4663 in-

1890 4717 2256 4766 strumentum
2309 4714 2363 4761 te
2427 4704 2753 4775 praestitisti,
2833 4712 3111 4773 utcunque
3178 4704 3471 4759 tormentis

220 4796 451 4888 μηςκαὶ
474 4796 529 4849 εί
552 4813 604 4888 τι
636 4797 840 4869 ταύτης
869 4800 1220 4875 ὑψηλότερον,
1253 4805 1374 4876 οὐχὶ
1401 4806 1497 4860 καὶ
1530 4806 1627 4860 σὺν
1656 4824 1788 4878 προ-

1899 4802 2187 4857 multarum
2222 4797 2529 4870 specierum
2556 4806 2613 4851 et
2646 4796 2946 4861 variarum,
2987 4812 3097 4851 non
3127 4796 3338 4862 leviter,
3375 4808 3473 4853 aut

217 4878 381 4954 θυμίᾳ
431 4902 490 4938 σε
537 4887 685 4954 ἄξιον
730 4888 1106 4961 ψηφιούμεθα,
1140 4895 1222 4948 ὅτι
1268 4897 1471 4967 ῥήματι
1502 4904 1541 4926 ³³
1576 4897 1670 4951 καὶ
1699 4896 1790 4968 βίᾳ.

1899 4894 2057 4965 digito
2088 4902 2249 4947 tenus
2281 4900 2455 4946 tortus
2497 4889 2668 4944 fuisti.
2699 4888 2810 4944 Nos
2834 4898 3016 4943 autem
3046 4888 3320 4958 quomOdé
3356 4906 3469 4947 ηοιι

217 4976 574 5047 παρασύρεις,
626 4979 703 5042 ὼς
745 4981 825 5045 είς
851 4982 913 5034 τὸ
942 4988 1051 5037 πᾶν
1084 4986 1178 5038 καὶ
1206 4986 1347 5039 ἑκὼν
1369 4986 1788 5061 ἐξημαρτηκὼς,

215 5065 379 5133 οὕτως
423 5072 615 5127 ἑαυτὸν
668 5076 1070 5145 ἐταπείνωσας;
1110 5081 1341 5135 καὶτῶν
1372 5083 1656 5155 ἡμετέρων
1689 5087 1788 5155 ῥη-

218 5161 397 5246 μάτων
418 5163 520 5217 ούκ
541 5163 704 5234 ἔχεις,
733 5161 907 5236 οἶμαι,
942 5171 1133 5240 χρείαν
1158 5173 1448 5241 μανθάνειν
1469 5174 1530 5227 τὸ
1547 5173 1783 5246 βέϐαιον.

230 5243 414 5317 Ἡμεῖς
435 5254 542 5322 γὰρ
573 5254 830 5308 τοσοῦτον
854 5257 1132 5329 ἀπέχομέν
1184 5278 1240 5314 τι
1290 5261 1398 5316 τῶν
1440 5243 1621 5334 ἀηδών
1655 5265 1784 5334 περὶ

220 5337 307 5426 σού
334 5340 702 5414 διανοηθῆναι,
732 5348 813 5403 ὅτι
850 5349 948 5402 καὶ
976 5350 1204 5416 πολλοὺς
1231 5353 1424 5419 ἄλλους
1444 5356 1656 5426 ἀφορᾷν
1703 5358 1783 5421 είς

221 5425 277 5518 σὲ
307 5437 745 5505 προτρεπόμεθα.
778 5440 851 5494 Σὺ
879 5440 935 5492 δὲ
968 5440 1198 5513 ἔρρωσο,
1232 5445 1328 5498 καί¹
1358 5425 1564 5517 ἀρετῆς
1586 5425 1784 5518 ἐπιμε-

220 5514 326 5588 λοῦ,
348 5523 412 5577 δι’
443 5523 511 5599 ἦς
540 5530 914 5604 τελειούμεθα,
947 5535 1042 5589 καὶ
1060 5535 1128 5589 δι’
1170 5537 1239 5608 ἢν
1260 5538 1332 5591 ’σὲ
1353 5514 1465 5593 τών
1490 5514 1660 5609 φίλων
1686 5514 1782 5595 καὶ

1892 4996 1946 5042 te
1978 4984 2136 5039 venia
2167 4984 2413 5055 dignum,
2453 4990 2547 5037 aut
2573 4983 2618 5037 si
2646 4982 2778 5052 quid
2804 4982 2962 5036 venia
2991 4982 3347 5037 excellentius
3376 4984 3471 5044 sit,

1890 5089 1946 5136 et
1979 5078 2198 5150 quidem
2241 5077 2600 5133 libentissime
2629 5078 3007 5141 decernemus,
3038 5086 3100 5129 ut
3136 5085 3379 5131 torrente
3406 5092 3471 5131 ac

1888 5174 2146 5230 violentia
2183 5174 2241 5228 in
2282 5182 2652 5229 transversum
2686 5182 2861 5238 actus,
2894 5172 2950 5225 in
2996 5171 3316 5227 oﬂ‘ensionis
3338 5189 3468 5242 pec-

1889 5277 2071 5323 catum
2100 5266 2381 5331 incideris,
2415 5264 2522 5336 [ubi
2562 5274 2615 5320 te
2657 5264 2833 5319 taliter
2879 5263 3214 5331 humiliasti,
3265 5275 3328 5320 ut
3355 5282 3464 5319 non

1890 5359 1961 5413 sit
1992 5356 2110 5422 tibi,
2147 5357 2359 5427 opinor,
2384 5371 2542 5425 opus,
2572 5371 2602 5410 a
2628 5354 2786 5410 nobis
2810 5356 3175 5410 constantiam
3206 5355 3467 5410 edoceri?

1888 5449 2047 5504 Certe
2082 5457 2292 5504 tantum
2327 5448 2483 5503 abest
2513 5456 2573 5503 ut
2601 5463 2705 5502 nos
2735 5448 2939 5517 aliquid
2987 5448 3293 5503 acerbitatis
3321 5448 3374 5501 in
3412 5458 3465 5503 ω

1889 5551 2216 5609 Statuamus,
2255 5550 2315 5597 ut
2355 5540 2671 5612 plerosque,
2728 5550 2778 5596 te
2816 5540 3040 5606 intueri,
3097 5549 3350 5611 tanquam
3406 5537 3460 5590 in

1469 5738 1703 5794 VARUE
1746 5736 2148 5796 LECTIONES.

318 5896 345 5935 λ
383 5899 466 5958 ῖσ.
506 5904 941 5978 ἀπηωρημένων.
1065 5906 1080 5947 λ
1119 5910 1287 5967 ἄκων.
1400 5925 1437 5952 ω
1464 5910 1686 5983 ρύματι.
