3930 6492
417 495 519 565 871
1584 486 1848 548 ΡΗΟΤῙΙ
1887 480 2394 546 ΡΑΤΒΙΑΒΟΗΆΕ
2427 481 2534 541 (3P.
3554 468 3626 531 87
3629 467 3665 530 Ξ

415 607 725 679 exemplum
762 604 1085 678 iubeamus;
1141 610 1202 657 tu
1247 608 1430 657 autem
1454 576 1612 664 (vale,
1652 606 1709 654 et
1736 597 1992 652 virtutem

2109 593 2205 648 ιῶν
2239 593 2466 662 γνησίων
2494 590 2840 646 Οεοαπόντων
2870 587 3035 643 πάλαι
3058 586 3139 659 τῷ
3168 584 3311 659 χορῷ
3330 580 3667 652 συγκατελέο

416 715 549 757 cura
573 714 672 770 per
699 712 858 767 quam
904 707 1372 756 consummamur,
1414 699 1470 745 et
1493 699 1715 761 propter
1739 705 1901 760 quam
1929 698 1983 744 te
2088 685 2278 757 ξαμεν.

411 793 523 865 jam
552 791 680 847 olim
707 787 1008 843 amicorum
1034 785 1159 841 albo
1185 793 1243 839 et
1268 783 1507 857 genuino
1548 798 1797 839 meorum
1825 781 1985 837 fami-

325 902 340 934 ί
416 883 630 940 liarium
655 880 826 937 choro
851 876 1234 948 ascripsimus.

1005 986 1228 1045 EPIST.
1256 985 1394 1043 LVI.

2682 995 2910 1049 sum.
2941 993 3085 1061 Nq'.

711 1084 934 1156 Georgio
957 1084 1197 1150 diacono,
1234 1092 1282 1137 et
1310 1080 1675 1152 hospitalario.

2372 1086 2644 1156 Γεωργιῳ
2665 1085 2922 1152 διακόνῳ
2949 1085 3048 1139 καὶ
3080 1083 3402 1153 ξεινοδόκῳ.

1647 1193 1898 1244 Montacut
1941 1194 2043 1259 (ep.
2078 1200 2156 1261 88,
2191 1214 2241 1263 p.
2282 1200 2410 1263 152).

487 1289 841 1348 Melambium
872 1289 1074 1353 ferunt,
1094 1289 1367 1363 tragoediae
1386 1300 1684 1357 auctorem,
1708 1297 1815 1345 tam
1830 1306 1979 1346 νου-ο-

2168 1294 2469 1349 Μελάνθιόν
2495 1311 2650 1366 φασι,
2678 1294 2771 1347 τὸν
2800 1294 3108 1365 τραγῳδίας
3150 1293 3449 1364 ὑποκριτὴν
3469 1334 3483 1356 ,
3523 1294 3673 1351 οὕτω

417 1398 534 1439 cem
592 1382 780 1448 fuisse,
828 1389 890 1434 ut
938 1379 1224 1445 indoleret,
1260 1379 1407 1450 quod
1447 1379 1601 1451 cycni
1645 1378 1842 1433 collum
1878 1392 1990 1432 non

2109 1391 2193 1460 τῆς
2247 1387 2555 1459 ὁψοφαγίας
2609 1388 2757 1457 ἥττω
2798 1386 3241 1454 γενέσθαι,ὥστε
3293 1387 3386 1438 καὶ
3411 1386 3666 1456 ἀθυμεῖν,

420 1475 664 1539 haberet,
712 1480 774 1528 ut
815 1486 978 1543 quam
1021 1470 1283 1526 diuturno
1322 1480 1567 1540 tempore
1614 1467 1859 1524 ciborum
1892 1483 1991 1539 per

2109 1481 2215 1534 insi
2239 1479 2313 1552 μὴ
2344 1478 2541 1533 κύκνου
2571 1477 2663 1532 τὸν
2689 1477 2957 1549 τράχηλον
2985 1473 3131 1547 εἶχεν
3152 1493 3167 1507 ·
3192 1476 3279 1530 ἵνα
3310 1476 3385 1540 ὡς
3417 1476 3670 1531 πλεῖστον

419 1575 606 1638 guttur
649 1565 1096 1622 descendentium
1127 1565 1404 1634 voluptate
1433 1561 1707 1618 frueretur
1737 1578 1751 1615 :
1784 1563 1831 1618 si
1864 1570 1988 1617 tuo-

2109 1573 2284 1643 ίρόνον
2310 1571 2419 1625 τῶν
2453 1570 2538 1624 διὰ
2568 1568 2661 1623 τοῦ
2692 1567 2889 1636 λαιμοῦ
2918 1569 3168 1639 ῥεόντων,
3197 1567 3293 1621 καὶ
3329 1568 3429 1638 τῆς
3458 1567 3669 1621 ἐκεῖθεν

418 1675 541 1714 rum
593 1659 872 1730 particeps
908 1657 1283 1714 conviviorum
1311 1655 1487 1723 fieret,
1530 1655 1725 1726 opinor
1750 1669 1877 1710 eum
1906 1654 1990 1708 in-

2109 1662 2310 1733 ῇδονῆς,
2344 1658 2614 1732 ἀπολαύῃ.
2670 1659 2735 1711 Εἰ
2788 1658 2846 1711 δὲ
2876 1658 2970 1711 σοῦ
3015 1658 3126 1709 τῶν
3153 1657 3384 1710 δείπνων
3424 1658 3669 1727 ὶγεγὸνει

420 1751 675 1807 dolentiae
714 1765 827 1807 suae
853 1758 912 1806 et
958 1748 1236 1805 maestitia:
1256 1746 1560 1804 remedium
1606 1746 1752 1802 illius
1775 1746 1992 1802 habitu-

2109 1753 2365 1816 ιοινωνδς,
2392 1748 2546 1823 οἶμαι
2566 1750 2632 1805 ἂν
2651 1750 2814 1804 αὐτὸν
2842 1749 2935 1802 καὶ
2961 1749 3065 1818 τῆς
3090 1749 3328 1818 ἀθυμίας
3357 1750 3499 1817 μέγα
3523 1750 3670 1818 φάρ-

421 1857 563 1908 rum,
619 1849 677 1896 et
726 1841 1143 1913 deprecaturum
1183 1854 1256 1894 ne
1301 1845 1491 1909 guttur
1540 1838 1597 1893 in
1641 1838 1864 1908 antiqua
1895 1853 1993 1893 sua

2109 1861 2269 1898 ιακον
2297 1843 2561 1914 ἐξευρεῖν,
2587 1842 2679 1897 καὶ
2713 1839 3050 1911 ἀπεύχεσθαι
3079 1840 3213 1909 μηδὲ
3242 1843 3321 1903 εἰς
3358 1841 3420 1893 τὸ
3441 1842 3671 1911 ἀρχαῖον

420 1932 688 1987 subsistat
720 1930 1078 2003 longitudine,
1104 1944 1177 1985 ne
1201 1928 1435 1984 multum
1464 1927 1726 1997 temporis
1751 1927 1993 1982 insume-

2109 1937 2267 2008 ιῆκος
2291 1936 2388 1990 τὸν
2418 1935 2621 2005 αὐχένα
2651 1933 2946 2003 διαμένειν,
2990 1933 3075 1986 ἵνα
3119 1933 3192 2003 μὴ
3235 1932 3427 2004 συχνὸν
3481 1932 3670 1987 ἀναλί-

420 2029 507 2077 ret
537 2038 568 2076 a
597 2031 690 2076 tua
717 2036 914 2077 mensa
936 2030 993 2076 et
1011 2021 1206 2077 eduliis
1229 2021 1338 2076 tuis
1362 2020 1667 2077 abstinens.
1692 2019 1836 2086 Quid
1864 2035 1993 2091 ergo

2109 2045 2211 2082 τκοι
2243 2027 2433 2099 χρόνον
2456 2025 2556 2095 τῆς
2581 2025 2680 2094 σῆς
2707 2022 2989 2095 τραπέζης
3018 2022 3111 2077 καὶ
3136 2021 3247 2076 τῶν
3300 2021 3408 2075 σῶν
3438 2022 3669 2093 ἐδεσμά-

419 2112 775 2168 faciendum?
806 2112 968 2168 Certe
996 2127 1212 2183 semper
1237 2118 1295 2169 et
1320 2112 1523 2184 ubique
1545 2111 1626 2167 Ne
1651 2112 1780 2183 quid
1810 2112 1988 2179 nimis,

2109 2136 2199 2173 :tov
2255 2117 2601 2187 ἀνεχόμενος.
2659 2113 2726 2168 Τί
2776 2113 2869 2166 οὖν
2917 2113 2999 2166 δεῖ
3034 2114 3241 2178 ποιεῖν;
3269 2112 3550 2184 Πανταχοῦ
3581 2115 3667 2183 τὸ,

418 2203 684 2275 optimum
712 2202 1041 2259 existimare.

2109 2207 2298 2279 Μηδὲν
2323 2208 2498 2277 ἄγαν,
2521 2204 2928 2276 ύπολαμσάνειν
2948 2188 3260 2274 κράτιστον.

1051 2315 1272 2371 EPIST.
1302 2315 1461 2372 LVII.

1121 2408 1331 2465 Eidem.

2681 2317 2907 2372 ΕΠΙΣΤ.
2942 2318 3067 2371 NZ'.

2727 2407 2811 2475 Τῷ
2855 2408 3035 2474 αὐτῷ.

1666 2522 1933 2574 Montacut.
1969 2524 2075 2589 (ep.
2108 2523 2187 2581 89,
2221 2535 2271 2587 ρ,
2306 2518 2440 2582 155).

490 2614 718 2672 Divitias
747 2631 918 2682 amas,
944 2616 1155 2673 idcirco
1197 2617 1457 2673 virtutem
1508 2632 1619 2674 non
1642 2633 1812 2676 amas.
1850 2619 1987 2674 Nam

417 2710 587 2782 impio
663 2727 868 2779 amore,
922 2711 1229 2767 laudandus
1273 2708 1441 2767 ‘amor
1497 2713 1678 2767 omnis
1720 2713 1988 2767 bonorum

419 2805 808 2877 exstinguitur.
845 2804 942 2859 Sin
996 2806 1239 2861 avaritia:
1275 2803 1549 2859 ﬂammam
1582 2806 1908 2861 exstinxeris
1935 2815 1989 2861 et

419 2896 605 2964 spinas
660 2896 977 2967 cupiditatis
1024 2895 1187 2953 simul
1239 2896 1561 2962 combures,
1612 2904 1728 2951 tum
1778 2896 1990 2952 facilius

418 2988 617 3043 anima:
655 2997 760 3042 tua;
809 2987 968 3042 tellus
1021 3001 1182 3043 suum
1225 2987 1504 3058 proprium
1547 2986 1785 3042 fructum
1828 2986 1990 3042 faciet

2176 2618 2335 2689 Ἐρᾷς
2386 2612 2715 2687 χρημάτων*
2761 2612 2852 2666 διὰ
2902 2611 3082 2679 τοῦτο,
3125 2612 3326 2684 ἀρετῆς
3363 2613 3463 2667 οὐκ
3512 2614 3663 2686 ιρᾷς.

2098 2712 2300 2782 Ἔρωτι
2322 2707 2432 2779 γὰρ
2465 2707 2687 2770 κακίας,
2710 2706 2740 2759 ὁ
2763 2705 2873 2758 τῶν
2906 2704 3085 2759 καλῶν
3112 2706 3254 2776 ἔρως
3280 2705 3667 2760 ὲναποσόἑννυ-

2092 2820 2204 2858 ται.
2244 2802 2306 2855 Εἰ
2334 2801 2391 2854 δέ
2432 2817 2496 2869 γε
2519 2800 2619 2872 τὴν
2649 2798 2822 2867 φλόγα
2845 2796 2946 2868 τῆς
2968 2796 3283 2862 πλεονεξίας
3320 2797 3662 2861 ἀποσϐέσεις,

2095 2894 2188 2948 καὶ
2208 2893 2307 2956 τὰς
2334 2891 2577 2956 ἀκάνθας
2601 2892 2701 2960 τῆς
2733 2889 3098 2961 φιλαργυρίας
3143 2889 3469 2960 συμφλέξεις
3491 2929 3508 2955 ,
3534 2891 3666 2961 ῥᾷον

2094 2988 2128 3059 ἡ
2157 2986 2253 3056 τῆς
2279 2985 2456 3055 ψυχῆς
2477 2985 2687 3056 ἄρουρα
2712 2986 2803 3039 τὸν
2827 2985 3025 3038 οἰκεῖον
3059 2985 3290 3055 καρπὸν,
3310 2984 3409 3055 τὴν
3434 2984 3666 3055 ἐλεημο-

418 3078 712 3151 pullulare,
761 3078 1189 3149 eleemosynam,
1215 3051 1271 3133 et
1321 3051 1374 3133 te
1403 3077 1606 3149 alioqui
1655 3094 1781 3133 cum
1821 3078 1993 3133 haedis

2109 3051 2263 3145 έύνῆν
2293 3051 2693 3147 αναϐλαστήσει
2715 3092 2730 3106 ο
2757 3075 2852 3129 καὶ
2884 3075 2944 3129 σὲ
2987 3077 3110 3129 ἀντὶ
3134 3051 3227 3129 τοῦ
3254 3051 3393 3147 μετᾶ
3410 3075 3522 3130 τῶν
3546 3051 3668 3147 ἔρι-

418 3169 712 3225 locandum
766 3178 911 3224 inter
965 3168 1151 3225 ovium
1210 3182 1404 3241 greges
1431 3169 1757 3225 translatum
1816 3168 1991 3225 dabit.

416 3260 570 3318 Vale.

937 3374 1156 3431 EPIST.
1232 3374 1415 3431 LVI".

735 3468 956 3541 Georgio
984 3470 1208 3524 diacono
1237 3479 1286 3524 et
1315 3468 1685 3539 hospitalario.

2092 3184 2208 3236 φων
2237 3164 2513 3236 τετάχθαι,
2541 3166 2622 3231 είς
2644 3166 2743 3239 τὴν
2768 3166 2878 3221 τῶν
2907 3166 3199 3239 προϐάτων
3249 3167 3451 3238 ἀγέλην
3506 3183 3669 3240 μετα-

2092 3261 2299 3330 στήσει.
2338 3259 2611 3332 Ἔρρωσο.

2683 3372 2906 3426 ΕΠΙΣΤ.
2937 3371 3070 3429 Nﬂ'.

2363 3465 2638 3536 Γεωργιφ
2664 3462 2920 3531 διακόνῳ
2944 3463 3042 3517 καὶ
3073 3462 3394 3531 ξενοδόχφ.

1654 3575 1924 3627 Montacut.
1959 3574 2062 3638 (ep.
2094 3575 2175 3636 9i,
2209 3589 2257 3638 p.
2298 3577 2406 3643 155)

445 3677 590 3744 'Qui
607 3677 751 3749 apud
795 3676 1014 3733 (ἔπι-αβουτ
1055 3677 1314 3733 videntur
1361 3676 1658 3747 sapientes,
1680 3674 1988 3740 materiam,

421 3770 539 3825 sive
581 3769 779 3841 hylam,
808 3769 1071 3840 impensis
1116 3769 1303 3825 multis
1335 3776 1390 3825 et
1417 3769 1593 3840 longis
1625 3768 1989 3832 sermonibus,

418 3860 509 3914 vix
539 3860 756 3916 tandem
801 3869 1031 3932 potuere
1063 3863 1166 3931 (ut
1213 3860 1434 3932 ipsimet
1474 3858 1671 3931 aiunt)
1711 3861 1863 3915 tardo
1892 3859 1994 3915 he-

416 3952 531 4010 beti
582 3962 641 4009 et
718 3950 949 4009 infirmae
1006 3952 1206 4008 rationi
1274 3952 1627 4024 persuadere,
1675 3953 1820 4023 quod
1847 3953 1995 4009 aliud

419 4045 510 4100 illa
543 4053 714 4109 esset,
739 4054 799 4101 et
837 4045 1114 4102 diversum
1150 4046 1219 4101 ab
1243 4046 1519 4111 omnibus,
1550 4046 1832 4117 perpetuis
1856 4046 1995 4101 alte-

2167 3678 2276 3748 Τὴν
2307 3676 2460 3749 ὕλην,
2491 3679 2537 3733 oi
2564 3679 2697 3749 παρ’
2737 3678 2962 3748 Ἕλλησι
2999 3678 3283 3742 δοκοῦντες
3325 3676 3466 3734 εἶναι
3493 3680 3658 3749 σοφοὶ.

2096 3768 2325 3832 πολλοὺς
2383 3772 2479 3823 καὶ
2529 3770 2799 3839 μεγάλους
2849 3769 3225 3833 ἀναλώσαντες
3270 3769 3485 3838 λόγους,
3516 3770 3658 3839 μόλις

2097 3859 2344 3929 ἴσχυσαν,
2376 3860 2474 3931 (ὡς
2493 3859 2648 3913 αὐτοί
2679 3861 2833 3931 φασι)
2860 3862 2997 3929 νόθῳ
3018 3870 3047 3898 ιι
3085 3862 3179 3914 καὶ
3222 3861 3443 3916 ἀσθενεῖ
3491 3878 3660 3933 παρα-

2099 3952 2295 4022 στῆσαι
2325 3952 2591 4024 λογισμῷ,
2624 3953 2699 4017 ὡς
2748 3954 2878 4008 ἄλλο
2908 3971 2963 4007 τι
3010 3953 3143 4008 οὖσα
3190 3954 3343 4027 παρὰ
3379 3956 3553 4010 πάντα
3597 3954 3667 4009 τὰ

2094 4043 2246 4112 ὄντα,
2276 4046 2370 4100 καὶ
2397 4031 2753 4117 ἁλλοιουμένη
2774 4045 3060 4118 διηνεκῶς,
3086 4047 3180 4099 καὶ
3204 4047 3429 4118 ῥέουσα,
3454 4046 3669 4100 πάντων

419 4138 728 4194 rationibus
755 4138 998 4205 subdita,
1018 4136 1183 4203 ﬂuxa,
1212 4136 1400 4201 ﬂuida,
1428 4138 1672 4194 omnium
1698 4138 1993 4194 formarum

2109 4136 2214 4189 icti.
2244 4137 2354 4190 τῶν
2389 4136 2560 4192 ὄντων
2586 4138 2832 4209 δεκτική.
2870 4138 2932 4191 Et
2960 4137 3017 4191 δὲ
3042 4137 3101 4191 σὲ
3124 4138 3327 4208 συνέϐη
3363 4137 3482 4192 κατ’
3526 4136 3670 4191 ὲκεί-

419 4230 722 4299 receptiva.
795 4230 854 4285 Si
893 4238 949 4285 te
999 4238 1113 4284 tum
1169 4230 1429 4302 temporis
1477 4229 1627 4286 nasci
1667 4230 1992 4302 contigerat,

420 4331 479 4376 tu
521 4321 867 4377 solummodo
908 4321 964 4376 in
1031 4321 1251 4377 illorum
1314 4322 1562 4377 notitiam
1595 4322 1911 4389 deveniens,
1960 4337 1995 4378 a

419 4411 607 4467 multis
663 4412 840 4484 longis
894 4412 1175 4468 laboribus
1223 4421 1280 4468 et
1323 4412 1799 4484 defatigationibus
1846 4413 1993 4484 ipsos

421 4503 577 4558 facile
605 4503 912 4560 liberasses.
961 4503 1133 4559 Nemo
1170 4504 1577 4577 enim,.opinor,
1610 4515 1665 4560 te
1702 4504 1994 4574 aliquando

420 4593 803 4664 deprehendit,
831 4609 903 4649 ne
930 4610 1031 4667 per
1052 4605 1390 4652 momentum
1424 4596 1483 4651 in
1502 4596 1694 4652 eadem
1723 4595 1997 4651 sententia

423 4693 772 4754 manentem;
806 4687 903 4744 sed
927 4685 1259 4743 deﬂuentem
1284 4702 1522 4759 semper,
1549 4687 1921 4750 immutatum,
1942 4695 2000 4742 et

420 4779 782 4847 praesentibus
813 4779 1140 4850 implicitum
1174 4789 1230 4834 et
1255 4780 1323 4836 ad
1351 4778 1537 4834 omnia
1557 4780 2016 4848 transfiguratum

420 4876 477 4923 ct
512 4868 755 4928 fmditate
794 4878 1052 4944 tanquam
1101 4873 1324 4945 propria
1357 4869 1761 4944 pulchritudine
1813 4868 1999 4927 excul-

423 4970 560 5018 tum.

1009 5070 1234 5128 EPIST.
1268 5069 1408 5127 LIX.

562 5158 815 5232 Gregorio
841 5163 1064 5219 diacono
1094 5175 1158 5225 ,ει
1197 5164 1523 5220 dmrtulario
1548 5163 1856 5219 Ammiano.

2097 4246 2221 4292 νους
2268 4227 2522 4297 γενέσθαι
2568 4231 2695 4292 τοὺς
2734 4229 2982 4300 καιροὺς,
3013 4229 3173 4299 μόνον
3225 4229 3405 4292 αὐτοῖς
3433 4228 3665 4296 ἐπιγνω-

2099 4322 2269 4385 σθεὶς,
2302 4322 2519 4376 πάντων
2546 4321 2612 4375 ἂν
2644 4322 2753 4375 τῶν
2787 4321 3018 4394 μακρῶν
3051 4322 3275 4375 ἐκείνων
3294 4360 3309 4386 ,
3352 4318 3665 4389 ἀπήλλαξας

2098 4413 2293 4476 αὐτοὺς
2313 4414 2491 4468 πόνων
2516 4414 2611 4467 καὶ
2630 4414 2916 4484 καμάτων.
2940 4412 3128 4476 Οὐδεὶς
3150 4411 3280 4483 γὰρ,
3311 4405 3485 4482 οἶμαι,
3517 4410 3667 4466 οὐδά-

2098 4504 2230 4559 ποτέ
2257 4521 2340 4571 σε,
2369 4504 2480 4558 οὐδ’
2510 4506 2568 4561 ὲν
2594 4505 2807 4574 ἀκαρεῖ,
2832 4504 2931 4576 τὴν
2953 4503 3122 4578 αὐτὴν
3145 4503 3335 4573 ἔχοντα
3377 4502 3668 4572 κατείληφε

2098 4596 2325 4667 γνώμην
2345 4612 2360 4627 ·
2396 4596 2534 4650 ἀλλὰ
2563 4596 2754 4666 ῥέοντα
2776 4613 2836 4650 τε
2864 4598 2974 4662 ἀεὶ,
3002 4597 3097 4651 καὶ
3144 4595 3546 4666 ἀλλοιούμενον,
3576 4594 3669 4647 καὶ

2098 4686 2208 4742 τῶν
2249 4688 2779 4759 παρατυγχανόντων
2807 4690 3111 4758 γινόμενον,
3139 4688 3238 4742 καὶ
3288 4687 3426 4758 πρὸς
3459 4685 3671 4742 ἅπαντα

2102 4777 2502 4851 μορφούμενον,
2554 4780 2650 4833 καὶ
2681 4781 2758 4844 ὡς
2798 4781 2979 4851 οἰκείᾳ
3023 4782 3208 4873 μορφῇ
3247 4781 3349 4852 τὴν
3397 4775 3667 4851 ἀμορφίαν

2100 4870 2602 4942 καλλωπιζόμενον.

2683 5062 2908 5116 ΕΠΙΣΤ.
2934 5062 3062 5116 ΝΘ’.

2138 5155 2446 5226 Γρηγορίφ
2472 5154 2732 5223 διακόνῳ
2759 5155 2874 5278 ἰαὶ,
2893 5157 3310 5227 χαρτουλαρίφ
3354 5155 3440 5223 τῷ
3477 5158 3638 5229 Ἁμα-

2819 5242 2983 5278 iam.

2819 5242 2983 5293 ιανῳ.
3558 5286 3575 5299 η

1659 5342 1927 5394 Montacut.
1965 5347 2071 5406 (ep.
2105 5342 2184 5403 99,
2218 5356 2269 5407 p.
2306 5341 2437 5405 141).

494 5432 671 5491 Audio
700 5437 965 5507 quosdam
1024 5454 1093 5496 ex
1148 5440 1475 5499 adversariis
1519 5456 1708 5513 pacem
1760 5441 1997 5498 circum-

423 5529 773 5600 annuntiare,
805 5540 864 5588 et
903 5531 1265 5603 simpliciores
1291 5536 1500 5602 conari,
1546 5545 1609 5593 ut
1632 5536 1740 5592 hoc
1766 5535 1990 5591 nomine

342 5654 349 5660 ι
427 5625 700 5685 inescatos
741 5627 1006 5699 capiant:
1057 5639 1455 5702 verumtamen,
1530 5631 1575 5689 si
1607 5646 1794 5704 pacem
1846 5630 1993 5686 illam

2186 5442 2396 5498 Ἀκούω
2444 5454 2597 5507 τινας
2640 5440 2750 5497 τῶν
2792 5444 3052 5497 ἐναντίων
3105 5442 3330 5512 εἰρήνην
3353 5445 3676 5515 περιαγγέλ-

2101 5534 2237 5602 λειν,
2272 5535 2370 5590 καὶ
2395 5535 2521 5598 τοὺς
2541 5534 2942 5606 ἁπλουστέρους
2971 5535 3268 5605 ἐπιχειρεῖν
3296 5535 3469 5608 ταύτῃ
3494 5537 3677 5592 δελεά-

2101 5628 2218 5693 ζειν
2247 5630 2313 5700 τῇ
2336 5627 2701 5702 προσηγορίᾳ.
2744 5627 2884 5683 Ἀλλ’
2921 5630 2970 5683 εί
3004 5628 3105 5699 μὲν
3135 5632 3202 5702 ἢν
3221 5633 3250 5686 ὁ
3285 5628 3490 5703 Κύριος
3517 5629 3676 5685 δίδω-

1704 5783 1938 5843 VARI/IS
1978 5781 2274 5841 LECTION
2279 5782 2380 5841 ES.

540 5944 568 5974 ιι
608 5935 695 5993 ισ.
738 5933 953 6007 νωθρῴ.
