3930 6436
288 387 397 453 873

1449 401 1985 466 EPISTOLARUM
2021 408 2249 468 LIBER
2290 410 2372 471 II.

3414 404 3521 473 874

263 518 371 566 σιν,
403 502 509 554 οὐκ
531 500 775 565 ἐκείνους
808 502 889 557 δεῖ
915 505 1354 576 περιαγγέλλειν,
1374 507 1508 563 ἀλλὰ
1535 510 1667 581 παρ’
1688 512 1827 582 ήμῶι

1947 530 2109 583 quam
2140 519 2233 574 dat
2274 520 2536 574 Dominus
2563 518 2910 585 denuntiant,
2948 536 3247 590 congruum
3286 537 3398 578 non
3434 531 3520 579 est

259 591 469 662 ταύτην
494 592 803 659 ὀφείλουσιν
827 596 1210 665 ἐκμανθάνειν.
1274 599 1337 653 Ei
1365 599 1422 652 δὲ
1475 601 1545 671 ἢν
1589 602 1841 658 καθελεῖν

256 684 427 746 αὐτὸς
452 684 711 753 ἐλήλυθεν
736 684 847 757 (οὺ
870 689 978 757 γὰρ
1003 684 1214 757 ἦλθον,
1245 692 1664 760 φησὶν,,βαλεῖν
1675 694 1834 763 εἰρή-

257 790 398 841 νην,
428 774 592 829 ἀλλὰ
608 775 952 847 μάχαιραν).
989 782 1223 837 εστωσαν
1248 784 1329 841 ὅτι
1351 786 1831 857 χριστομαχοῦσιν,

259 864 364 917 ὑπὸ
393 866 476 935 τῷ
494 867 593 937 τῆς
616 869 838 942 εἰρήνης
864 871 1115 943 ὀνόματι,
1145 877 1243 945 τὴν
1264 878 1387 930 κατ’
1423 877 1589 931 αὐτοῦ
1621 878 1837 949 πολιορ-

258 956 383 1009 κίαν
405 958 752 1025 ἁνιστῶντες.

902 1184 1124 1237 ΕΠΙΣΤ.
1155 1185 1228 1238 Ξ’.

893 1270 979 1335 Τῷ
1021 1272 1202 1338 αὐτῷ.

1954 621 2013 665 ut
2043 615 2374 669 annuntient
2408 616 2504 679 illi,
2535 618 2631 672 sed
2683 634 2712 671 a
2744 617 2900 673 nobis
2928 618 3070 674 hanc
3111 628 3389 691 acceptam
3418 621 3519 677 de-

1946 704 2079 758 bent
2104 721 2421 775 agnoscere.
2462 708 2581 775 Sin,
2616 724 2779 777 quam
2826 717 2887 763 ut
2930 709 3164 777 tolleret,
3204 711 3319 779 ipse
3346 711 3518 767 adve-

1943 796 2026 851 nit
2082 799 2238 865 (nam
2276 798 2399 852 Non
2424 801 2560 865 veni,
2602 800 2831 865 dicebat,
2869 801 2960 872 qui
2980 818 3163 871 pacem
3197 804 3399 868 darem,
3427 805 3518 859 sed

1939 898 1996 942 ut
2026 890 2261 960 gladium
2282 891 2349 960 ⁸),
2371 891 2543 945 sciant
2571 900 2683 945 tum
2712 892 2856 961 quod
2883 903 3072 948 contra
3096 893 3376 949 Christum
3398 894 3518 949 bel-

1943 982 2056 1034 lum
2087 992 2300 1053 gerunt,
2347 992 2423 1045 et,
2465 982 2567 1037 sub
2609 995 2876 1052 praetextu
2915 985 3083 1054 pacis,
3117 986 3398 1042 obsidione
3428 986 3517 1041 in-

1946 1076 2181 1130 stituunt
2206 1076 2356 1129 illum
2395 1078 2634 1148 cingere.

2558 1188 2776 1244 EPIST.
2813 1189 2927 1244 LX.

2649 1281 2854 1337 Eidem.

1510 1388 1776 1438 Montacut.
1816 1389 1918 1451 (ep.
1955 1388 2061 1447 100,
2098 1405 2147 1452 p.
2184 1391 2313 1454 HQ).

324 1468 391 1521 Εῐ
417 1487 503 1532 τις
549 1471 828 1543 δοξολογία
856 1514 872 1538 ,
938 1481 993 1533 εῖ
1039 1498 1124 1544 τις
1174 1483 1515 1556 εὐχαριστία,
1542 1489 1747 1557 ταύτην
1778 1490 1836 1555 ἐξ

248 1558 376 1626 ὅλης
396 1559 578 1630 ψυχῆς
608 1562 727 1633 Θεῷ
750 1566 1069 1641 ἀνατίθημι,
1095 1573 1177 1625 ὅτι
1215 1592 1280 1643 με
1314 1576 1579 1640 τοιαύταις
1601 1580 1835 1648 ἡμέραις

250 1651 442 1720 ἄρχειν
479 1654 785 1724 ἀνθρώπων
833 1660 892 1712 οὐ
928 1663 1331 1735 συνεχώρησεν,
1391 1669 1501 1723 οὐδ’
1535 1670 1833 1741 ὀφθαλμοῖς

250 1744 457 1798 ἐπιδεῖν
489 1747 661 1812 πάθος
686 1750 1097 1826 ἀπαράκλητον,
1128 1761 1186 1811 ὲν
1228 1758 1318 1825 αἷς
1358 1763 1529 1831 τάφος
1569 1763 1667 1832 μὲν
1716 1766 1833 1819 ἀντὶ

252 1836 459 1928 πόλεως
504 1840 538 1909 ἡ
570 1842 1002 1914 Κωνσταντίνου,
1029 1849 1225 1920 θρῆνος
1247 1853 1303 1906 δὲ
1343 1855 1466 1909 ἀντὶ
1489 1856 1829 1928 ψαλμῳδίας,

2023 1488 2077 1543 Si
2133 1507 2254 1560 qua:
2332 1491 2613 1562 doxologia
2651 1530 2666 1551 ,
2713 1489 2758 1543 si
2811 1492 3138 1548 eucharistia
3177 1494 3376 1563 aliquid
3418 1494 3511 1553 sit.

1941 1584 2084 1638 illam
2113 1599 2212 1654 ego
2236 1594 2347 1639 toto
2375 1587 2556 1641 animo
2587 1589 2639 1641 in
2677 1589 2847 1643 Deum
2876 1588 3074 1650 refero,
3106 1587 3249 1657 quod
3289 1602 3375 1641 me
3401 1601 3514 1641 non

1944 1685 2028 1731 est
2073 1692 2270 1747 passus
2328 1678 2644 1734 hominibus
2690 1695 2927 1750 praeesse
2978 1694 3102 1733 cum
3154 1678 3381 1747 imperio
3418 1692 3517 1747 per

1942 1769 2075 1822 tales
2104 1768 2243 1833 dies,
2271 1783 2374 1823 nec
2404 1770 2575 1824 oculis
2601 1771 2851 1825 contueri
2875 1770 3263 1825 inconsolabile
3286 1770 3513 1835 malum,

1940 1873 2064 1911 cum
2084 1874 2193 1912 non
2217 1860 2410 1914 civitas
2440 1861 2534 1916 sed
2570 1862 2883 1933 sepulcrum
2912 1862 3138 1917 exsistat
3169 1861 3515 1917 Constantini

249 1926 315 2023 of:
338 1930 854 2023 taq‘oixiagipdvov,
886 1938 1024 1993 ἀλλά
1064 1944 1157 1994 καὶ
1207 1943 1307 2008 τὰς
1359 1921 1827 2018 ἐκκλησίας-ἕχειλ

1937 1951 2083 2014 urbs,
2118 1952 2438 2008 lamentatio
2490 1921 2764 2023 cum.pro
2799 1954 3132 2023 psalmodiis,
3164 1969 3276 2008 non
3321 1953 3515 2008 domos

251 2017 357 2110 τῷν
388 2018 491 2086 μὲν
523 2021 830 2096 ὁλοκλήρων
860 2030 939 2092 εἰς
972 2030 1165 2102 ἔδαφος
1208 2038 1480 2106 κειμένων
1506 2017 1705 2110 θέαμα,
1731 2060 1832 2110 φαο

253 2109 353 2172 σἰν,
382 2110 643 2176 ἐλεεινὸν,
670 2118 763 2169 καὶ
797 2119 1101 2191 διηγεῖσθαι
1131 2128 1314 2195 μεῖζον
1340 2109 1750 2196 πίστεωςίτῶν
1775 2135 1831 2189 δὲ

250 2196 781 2293 τᾷιιμεγίστῳμέρει
810 2217 1311 2284 κατενηνεγμένων,
1343 2224 1438 2275 καὶ
1484 2224 1711 2293 μηδενὸς
1734 2226 1829 2279 τοῦ

252 2287 464 2386 italico;—
491 2292 800 2362 κρείττονος
856 2304 1181 2372 γενομένου’
1231 2310 1366 2363 ἀλλὰ
1400 2287 1495 2365 καῖ
1521 2287 1691 2385 αὐτῆς
1731 2317 1830 2386 τῆς

250 2379 368 2444 γῆς,
394 2381 474 2451 τῷ
503 2385 764 2457 ἀφορήτῳ
794 2390 940 2462 σάλῳ
997 2397 1091 2450 καὶ
1117 2399 1314 2470 κλόνῳ,
1347 2405 1425 2467 εἰς
1481 2406 1620 2477 μέρη
1647 2379 1831 2461 ’πολλα

254 2478 805 2569 συῖκαταρραγείσης
831 2526 846 2551 ,
888 2489 982 2541 καὶ
1036 2490 1104 2544 τὰ
1156 2492 1215 2560 ἐξ
1258 2497 1454 2560 αἰῶνος
1495 2500 1596 2569 τῆς
1623 2503 1829 2567 πόλεως

251 2561 530 2661 πόθῳ-τῷ
586 2571 804 2638 μεγέθει
856 2576 965 2630 τῶν
1010 2582 1198 2635 κακῶν
1247 2561 1667 2661 ἀποκρυψάσης.
1714 2561 1829 2649 Νῦν

254 2651 349 2755 μεν
374 2656 485 2755 Ϊὰρ
517 2661 583 2714 τὰ
604 2664 845 2755 ἐμαυτοῦ
877 2669 1037 2738 μόνον
1063 2676 1271 2742 σκοπῶ,
1296 2651 1501 2747 καὶ-εἰς
1527 2651 1707 2740 ἐκεῖνά
1740 2706 1829 2755 μοι

250 2744 315 2795 τὰ
345 2748 443 2815 τῆς
474 2754 758 2820 φροντίδος
789 2762 883 2811 καὶ
908 2765 1009 2831 τῆς
1045 2764 1285 2832 ἀγωνίας
1310 2744 1676 2830 ἀποτείνεται.
1697 2744 1828 2831 Τότε

248 2834 301 2889 δὲ
328 2839 547 2937 ἀνάγκη
571 2845 799 2915 τρέμειν
819 2846 910 2921 ἦν,
940 2855 1034 2907 καὶ
1054 2855 1198 2928 ὑπὲρ
1222 2860 1331 2915 τῶν
1353 2864 1558 2933 ἑτέροις
1579 2867 1829 2937 ἁμαρτα-

251 2931 645 3031 νομένων,-καὶ
708 2943 821 3004 τοῖς
868 2946 1093 2999 ἐκείνων
1151 2931 1456 3031 παθήμασι
1505 2931 1828 3031 πικρότερον

250 3020 634 3117 ἀποδυρεσθαι,
671 3031 765 3083 καὶ
797 3034 1007 3102 μήποτε
1030 3037 1106 3107 τῷ
1130 3020 1356 3110 κοινῷγο
1403 3043 1512 3097 τῶν
1559 3020 1828 3117 ἀδικημά-

250 3129 349 3206 των
380 3114 655 3192 [δεδιέναι]
702 3124 887 3197 κοινὴν
916 3128 993 3198 τῷ
1045 3131 1240 3201 πλήθει
1274 3132 1374 3204 τὴν
1404 3114 1826 3206 τιμωρίανξκαὶ

1934 2052 2145 2098 tantum
2174 2045 2433 2113 privatas,
2470 2048 2565 2102 sed
2604 2056 2659 2101 et
2683 2047 2940 2101 ecclesias
2970 2054 3203 2116 occupet
3241 2059 3516 2116 :qnarum

1932 2136 2209 2191 nonnullae
2235 2153 2267 2192 e
2329 2137 2702 2193 fundamentis
2744 2139 2996 2202 subruta}
3026 2138 3145 2193 solo
3189 2148 3513 2208 aequantur;

1930 2228 2299 2283 miserandum
2322 2230 2498 2285 cuivis
2529 2231 2923 2301 spectaculum,
2960 2240 3017 2287 et
3052 2230 3199 2301 quod
3234 2238 3516 2284 narratum

1931 2320 2090 2374 fidem
2122 2336 2232 2374 non
2272 2322 2513 2377 inveniat
2544 2339 2557 2374 :
2589 2306 2924 2397 aliae’autem
2959 2325 3197 2379 maxima
3219 2338 3285 2379 ex
3332 2330 3516 2393 parte,

1935 2411 2067 2465 licet
2092 2412 2241 2465 nulla
2272 2412 2457 2468 clades
2495 2414 2845 2479 desolaverit,
2894 2415 3110 2469 ruinam
3161 2423 3346 2469 tamen
3396 2428 3527 2483 spe-

1931 2512 2120 2559 ctent:
2152 2520 2253 2559 nec
2276 2506 2362 2560 vel
2404 2521 2514 2559 una
2560 2507 2917 2562 ecclesiarum
2952 2515 3105 2562 extra
3151 2506 3516 2563 calamitatem

1931 2593 2074 2649 hanc
2105 2597 2282 2665 posita
2340 2597 2642 2663 subsistat,
2690 2599 2788 2654 sed
2836 2609 2891 2653 et
2925 2600 3040 2670 ipsa
3070 2599 3249 2666 tellus,
3275 2614 3511 2654 concus-

1932 2686 2086 2740 sione
2140 2697 2197 2742 et
2227 2697 2465 2744 tremore
2501 2690 2849 2757 intolerabili,
2879 2692 2935 2746 in
2965 2692 3166 2747 multas
3190 2701 3372 2762 partes
3400 2692 3515 2746 dis-

1931 2778 2107 2832 siluit:
2164 2780 2309 2833 unde
2356 2780 2445 2834 illa
2495 2796 2712 2850 quoque
2760 2783 2959 2852 quibus
2999 2783 3129 2837 olim
3158 2783 3277 2838 haec
3323 2782 3518 2837 civitas

1931 2877 2087 2931 malis
2138 2877 2552 2933 conﬂictabatur
2595 2895 2697 2949 pro
2746 2879 2913 2935 nullis
2955 2880 3210 2936 habenda
3258 2887 3408 2934 sunt.
3456 2878 3520 2933 In

1929 2969 2184 3037 praesenti
2223 2985 2312 3023 res
2349 2985 2500 3024 meas
2528 2981 2742 3025 tantum
2786 2972 3059 3042 speculor,
3094 2971 3153 3025 in
3188 2986 3283 3027 eas
3306 2985 3435 3025 cura
3465 2978 3522 3025 ct

1928 3063 2239 3123 sollicitudo
2268 3080 2389 3119 mea
2416 3067 2598 3120 omnis
2643 3065 2842 3121 fertur.
2889 3065 3047 3131 Quod
3091 3064 3137 3120 si
3180 3071 3364 3119 autem
3393 3078 3519 3119 cum

1930 3151 2162 3220 imperio
2182 3168 2362 3208 essem
2394 3171 2686 3211 neceSsum
2739 3157 3020 3223 haberem,
3049 3166 3105 3210 et
3136 3170 3237 3225 pro
3277 3154 3399 3209 aliis
3447 3154 3518 3207 ti-

250 3205 396 3258 αὐτοὶ
420 3207 711 3277 δοκοῦντες
738 3220 1093 3287 προεστάναι,
1120 3224 1514 3295 συνδιενεγκεῖν
1538 3232 1827 3286 καταδικα-

254 3296 348 3318 ἰιξιΔ
366 3317 371 3318 γ
413 3317 418 3318 γ
538 3297 566 3318 τ
640 3305 652 3318 ο
729 3307 740 3318 ι
948 3312 959 3318 ·
1011 3313 1028 3318 -
1096 3314 1105 3318 -

2010 3205 2023 3220 .
2396 3205 2686 3211 --ν-η---η
2740 3205 3020 3223 πηνα-π
3055 3205 3104 3210 -ν
3136 3205 3230 3225 τη
3280 3205 3393 3209 πη
3455 3205 3463 3207 ν

1938 3256 2089 3295 mere
2126 3245 2502 3312 peccantibus,
2534 3254 2591 3301 et
2622 3246 3011 3301 vehementius
3048 3260 3239 3300 eorum
3268 3243 3518 3297 alllictio‘

252 3296 461 3393 olida—pm
484 3318 500 3331 ·
528 3297 606 3357 ὧν
629 3305 913 3374 ἁπάντων,
935 3312 1266 3382 ἀνθρώπινοι
1297 3318 1417 3387 μὲν,
1454 3320 1528 3383 ὡς
1553 3323 1831 3393 ἐνόμισαν,

251 3386 553 3487 ἐπιϐουλαὶ,
587 3398 724 3462 Θεὸς
754 3399 832 3466 δὲ,
862 3405 928 3474 τῇ
957 3404 1137 3477 οἰκείᾳ
1185 3386 1367 3477 χάριτι
1407 3412 1500 3465 καὶ
1530 3386 1834 3487 ιριλςινθρωζ

250 3479 362 3549 πίᾳ,
392 3485 692 3556 ἐρρύσατο.

1940 3331 2101 3385 nibus
2163 3334 2480 3398 condolcre,
2527 3343 2583 3389 et
2618 3344 2865 3390 metuere
2902 3351 2973 3390 ne
3020 3350 3118 3405 per
3163 3340 3514 3404 peccatorum

1939 3423 2276 3485 societatem,
2306 3432 2363 3478 et
2401 3441 2524 3492 nos,
2576 3426 2669 3497 qui
2719 3427 2970 3481 videmur
2999 3425 3207 3480 eisdem
3253 3438 3511 3494 pratesse,

1940 3514 2008 3568 ad
2049 3515 2374 3584 supplicium
2416 3534 2709 3573 commune
2758 3518 3228 3573 condemnemur:
3278 3517 3345 3570 ab
3396 3516 3516 3569 istis

372 3579 633 3678 omnibus
693 3582 999 3653 hominum,
1026 3604 1149 3658 quae
1195 3592 1522 3649 videbantur
1574 3599 2027 3669 conspirationes,
2061 3579 2208 3661 Deus
2234 3616 2417 3663 autem
2488 3623 2700 3673 revera,
2740 3623 2771 3661 θ
2836 3623 2934 3662 sua
2975 3607 3145 3678 gratia
3182 3616 3237 3661 et
3268 3604 3515 3659 bonitate

248 3661 510 3722 liberavit.

860 3765 1088 3821 ΕΠΙΣΤ.
1125 3768 1245 3825 ΞΛν.

882 3859 969 3924 Τῷ
1010 3863 1191 3929 αὐτῷ.

2533 3785 2751 3841 EPIST.
2779 3786 2915 3841 LXI.

2601 3879 2807 3935 Eidem.

1497 3988 1769 4042 Monlacut.
1808 3992 1913 4058 (ep.
1952 3995 2058 4055 lOl,
2093 4010 2142 4057 p.
2181 3994 2307 4056 M2).

323 4072 466 4142 Ἐγὼ
505 4075 604 4145 μὲν
633 4078 733 4132 οὐκ
754 4078 821 4132 ἂν
844 4082 1011 4155 φαίην
1042 4083 1197 4149 δίκας
1237 4089 1456 4147 τίνουσα
1480 4104 1508 4143 Ι)
1537 4097 1637 4168 τὴν
1664 4100 1819 4152 πόλιν

244 4164 442 4262 τῶν-εἰς
479 4170 628 4239 ἡμᾶς
654 4172 1034 4243 ἀδικημάτων.
1066 4179 1187 4232 ἀντὶ
1226 4182 1435 4249 πόλεως
1470 4164 1823 4262 πολυάνδριον

244 4257 523 4351 γενέσθαι·
552 4265 808 4334 παραινῶ
832 4267 889 4320 δὲ
916 4270 1048 4338 μηδὲ
1070 4272 1170 4342 τὴν
1194 4274 1347 4343 ὑμῶν
1373 4278 1629 4351 ὁσιότητα
1650 4257 1823 4338 ταῦτα

245 4344 458 4441 ξυνθεῖν.
490 4351 646 4414 Τίνες
698 4353 807 4426 γὰρ
865 4358 1063 4427 ἡμεῖς,
1100 4363 1148 4413 εἰ
1188 4365 1281 4416 κα)⁸
1327 4344 1677 4441 πεπόνθαμεν
1712 4375 1822 4427 ἀδι-

246 4434 437 4533 ’ίλχητῳ
474 4441 570 4533 ἵνα
608 4445 941 4518 τηλικαύτην
974 4450 1142 4520 ὀργὴν
1171 4434 1597 4528 ἐκκαλεσώμεθα
1652 4464 1815 4533 Θεοῦ;

245 4522 408 4624 illiw;
430 4547 493 4582 τε
526 4531 585 4583 δὲ
626 4534 719 4587 καὶ
747 4535 869 4588 τότε
893 4578 906 4601 ,
940 4538 1099 4591 πλέον
1133 4543 1434 4613 πάσχοντες
1461 4522 1623 4624 1va]
1651 4553 1709 4606 ἐν
1739 4522 1821 4617 οἷς

247 4613 435 4673 ἐκεῖνοι
470 4622 761 4693 πάσχουσι,
820 4628 897 4698 τῷ
932 4631 1097 4701 κοινῷ
1136 4634 1285 4706 νόμῳ
1346 4642 1442 4709 τῆς
1478 4646 1821 4712 συμπαθείας

247 4708 332 4808 ἰαὶ
363 4713 605 4780 φύσεως,
630 4716 662 4785 ἢ
688 4720 745 4769 ὲν
773 4714 851 4783 οἷς
884 4723 1066 4776 αὐτῶν
1094 4708 1453 4799 δεδρακότων,
1481 4708 1819 4808 ἐπ-άσχομενί

248 4795 332 4899 Εἰ-
354 4801 420 4866 δ’,
453 4806 536 4858 ὅτι
567 4806 676 4860 τῶν
715 4810 821 4866 ἁνά
869 4813 966 4884 τὴν
1012 4795 1325 4892 Ῥωμαϊκὴν
1361 4795 1536 4895 ἀράςὴν
1593 4795 1821 4900 ’ἐκκλη-

250 4889 373 4941 σιῶν
397 4896 498 4966 τὴν
517 4897 673 4961 δόξαν
699 4902 1014 4975 ἀπέκειρον,
1039 4912 1130 4962 καὶ
1156 4914 1235 4975 είς
1256 4915 1322 4966 τὰ
1349 4916 1456 4968 τῶν
1478 4919 1823 4988 Χριστιανῶν

251 4989 523 5081 ’μυστήρια
569 4988 982 5062 ἐξωρχήσαντο,
1025 5003 1119 5052 καὶ
1172 5005 1449 5081 ἀρχιερεῖς
1506 5010 1599 5062 καὶ
1659 5013 1823 5081 ἱερεῖς

247 5068 394 5138 Θεοῦ,
430 5079 635 5148 θρόνων
657 5086 749 5137 καὶ
787 5086 1144 5161 Ἑκκλησιῶν,
1172 5080 1319 5167 πάσῃ
1350 5104 1563 5172 μηχανῇ
1599 5106 1689 5156 καὶ
1715 5107 1820 5159 πά·-

345 5164 454 5264 βίᾳ,
496 5170 767 5241 ἐξήλασαν
792 5195 805 5208 ·
830 5180 923 5231 καὶ
950 5183 1007 5233 ὲν
1037 5187 1215 5256 καιρῷ
1237 5190 1689 5262 Χριστιανισμοῦ,
1720 5198 1820 5260 τὰς

278 5250 519 5352 Ελλήνων
583 5265 813 5333 πράξεις
869 5250 1346 5343 παρρησιάσασθαι
1378 5250 1818 5352 παρεσκεύασαν,

252 5347 370 5415 σιγῇ
410 5350 624 5427 βαθείᾳ,
674 5359 877 5427 μᾶλλον
931 5364 987 5417 δὲ
1050 5376 1396 5443 καταστροφῇ
1461 5347 1660 5447 τελεία,
1719 5347 1818 5441 τὰς

353 5504 374 5533 ⁸
400 5506 586 5565 Matth.
620 5529 675 5577 κ,
715 5515 805 5570 54.

2006 4102 2120 4171 Ego
2150 4111 2298 4156 certe
2325 4102 2468 4157 haud
2495 4102 2747 4169 dixerim,
2788 4104 2983 4173 urbem
3034 4105 3094 4173 in
3141 4103 3513 4176 sepulcretum

1938 4194 2237 4259 redactam,
2272 4194 2327 4249 in
2356 4195 2654 4251 vindictam
2683 4211 2876 4251 eorum
2912 4197 3005 4267 qui
3036 4197 3093 4251 in
3152 4213 3242 4267 me
3311 4197 3516 4268 injuste

1855 4318 1900 4373 Ι)
1940 4286 2231 4350 fecerunt;
2259 4298 2354 4341 aut
2393 4288 2581 4341 hortor
2615 4295 2763 4344 tuam
2792 4289 3135 4357 sanctitatem
3169 4297 3231 4355 ut
3260 4290 3517 4347 eamdem

1930 4376 2117 4433 foveas
2146 4393 2362 4433 mecum
2389 4379 2724 4449 opinionem.
2755 4380 2992 4447 Quinam
3017 4381 3164 4439 enim
3196 4397 3298 4437 nos
3325 4397 3519 4435 sumus

1924 4469 2054 4523 licet
2099 4470 2244 4539 passi
2297 4471 2720 4541 inexplicabilia,
2754 4482 2816 4527 ut
2856 4481 3062 4528 tantam
3097 4489 3129 4527 a
3156 4473 3266 4528 Deo
3299 4474 3515 4527 iracun-

1923 4558 2066 4611 diam
2100 4557 2469 4613 devoeemus:
2502 4570 2649 4614 certe
2679 4561 2899 4630 quidem
2932 4562 2992 4616 in
3043 4562 3112 4617 iis
3139 4578 3259 4633 quae
3308 4563 3514 4631 patitur

1923 4649 2135 4713 civitas,
2189 4658 2244 4704 et
2300 4666 2404 4705 nos
2451 4651 2611 4722 plane
2641 4653 3039 4723 compatimur,
3077 4654 3381 4709 secundum
3441 4654 3514 4707 le-

1929 4756 2049 4814 gem
2087 4751 2297 4797 naturte
2328 4752 2384 4796 et
2414 4744 2815 4813 compassionis
2864 4744 3150 4808 naturalis,
3195 4746 3319 4819 plus
3348 4761 3515 4815 quam

1927 4849 2025 4902 per
2055 4834 2141 4887 illa
2172 4834 2532 4913 patiebamur,
2563 4851 2685 4905 quae
2710 4853 2742 4890 a
2768 4836 2979 4893 civibus
2999 4853 3188 4905 sumus
3214 4838 3380 4907 passi.
3415 4838 3514 4893 Sin

1927 4934 2110 4978 autem
2166 4925 2470 4979 facinorum
2530 4942 2721 4981 eorum
2776 4943 2967 4997 poenas
3005 4928 3180 4994 luant,
3239 4945 3337 5000 per
3387 4947 3511 5000 qua:

1927 5015 2154 5084 gloriam
2187 5015 2282 5069 Dei
2318 5026 2375 5069 et
2401 5017 2767 5071 Ecclesiarum
2794 5020 2847 5071 in
2892 5019 3511 5092 totoRomanoimperio

1926 5106 2227 5174 positarum
2274 5109 2631 5162 attonderunt
2658 5151 2672 5173 ,
2718 5117 2773 5163 et
2813 5110 3147 5165 insultarunt
3202 5117 3513 5181 petulanter

1924 5197 2364 5253 Christianorum
2424 5201 2723 5269 mysteriis,
2758 5201 3068 5273 episcopos,
3130 5214 3186 5258 et
3220 5203 3312 5258 Dei
3341 5221 3514 5259 sacer-

1924 5287 2099 5351 dotes,
2136 5290 2213 5342 nil
2246 5306 2354 5343 non
2383 5291 2695 5357 molientes,
2730 5294 2929 5347 nullam
2962 5294 3072 5348 vim
3096 5310 3206 5349 non
3237 5294 3512 5349 intentan-

1926 5386 2028 5445 tes,
2061 5381 2129 5434 de
2162 5381 2375 5435 thronis
2412 5391 2467 5436 et
2508 5381 2768 5439 Ecclesiis
2795 5386 2909 5441 suis
2938 5385 3145 5455 eiectos
3173 5386 3507 5456 abegerunt:

1492 5666 1726 5735 vanus
1769 5680 2176 5744 LECTIONES.

358 5830 381 5856 °
420 5827 483 5881 τσ
548 5831 641 5883 καὶ
670 5832 900 5887 δεδιέναι
926 5835 1135 5904 μήποτε
1166 5837 1242 5908 τῷ
1289 5839 1526 5911 κοινῷ...

481 5922 749 5987 ΡΑτιιοι.
792 5928 907 5992 Gn.
952 5930 1080 5993 Cll.

1643 5852 1671 5891 P
1714 5844 1797 5897 ίσ.
1830 5844 2102 5899 τίνουσαν.
