3930 6430
400 378 506 442 875

1535 378 1797 438 ΡΗΟΤΙΙ
1837 377 2342 441 ΡΑΤΙΠΛΒΟΙΙΑΞ
2381 382 2487 443 CP.

3549 379 3655 445 876

390 505 446 549 et
476 491 568 549 ubi
597 492 912 550 Christiana
958 491 1224 562 professio
1253 492 1488 564 vigebat,
1517 505 1758 562 paganas
1800 490 1952 545 actio

2076 495 2230 558 θείας
2257 494 2478 558 τελετάς
2508 494 2600 547 καὶ
2632 495 2702 549 τά
2733 493 2935 566 φρικτά
2969 492 3412 565 παραδεδωκότες
3443 492 3610 565 δργια
3634 510 3651 526 ·

387 599 489 638 nes
545 583 838 640 licentiose
892 583 1096 653 patrari
1153 592 1526 638 curaverunt:
1582 583 1800 636 silentio
1840 596 1969 651 pro-

382 675 576 740 fundo,
623 676 806 747 potius
846 673 1191 728 subversioni
1245 673 1522 744 plenariaa,
1573 671 1842 728 sacrificia
1887 671 1972 726 di-

382 769 532 832 vina,
563 777 619 822 et
650 765 960 823 veneranda
996 765 1086 820 illa
1114 766 1263 838 orgia
1315 767 1619 822 tradidere:
1656 765 1700 820 si
1748 763 1820 820 ob
1852 764 1971 819 haec

381 861 564 913 omnia
619 874 810 928 poenas
867 857 1024 913 luant
1066 858 1326 923 audaciae,
1362 860 1501 914 nihil
1539 868 1622 914 est
1658 858 1804 929 quod
1837 873 1968 928 pro-

377 950 638 1004 nuntiare
669 965 769 1021 ego
815 967 1063 1022 possum,
1097 951 1273 1006 donec
1301 951 1472 1006 multa
1519 949 1604 1006 his
1631 950 1837 1020 majora
1864 963 1961 1004 eos

378 1052 726 1111 perpetrasse
745 1042 1012 1114 judicium
1041 1043 1172 1099 illud
1203 1045 1260 1098 in
1287 1041 1442 1098 caelis
1474 1049 1848 1112 repraesentet.

940 1153 1166 1211 EPIST.
1195 1154 1354 1210 LXII.

699 1247 923 1318 Georgio
952 1247 1175 1302 diacono
1205 1255 1253 1300 et
1283 1248 1589 1302 cubiclusio.

2065 588 2134 642 ἂν
2161 583 2254 642 οὖν
2277 587 2365 641 διὰ
2384 585 2559 641 ταῦτα
2587 586 2743 650 δίκας
2767 585 3205 658 είσπράττωνται
3237 583 3332 639 τοῦ
3361 585 3654 656 τολμήμα-

2065 696 2176 747 τος,
2206 679 2346 753 πρὸς
2367 682 2528 737 τοῦτο
2555 682 2655 736 οὐκ
2681 682 2750 736 ἂν
2775 679 3042 751 δυναίμην
3069 679 3249 744 άλλως
3272 677 3418 750 ἔχειν
3445 678 3653 749 διισχυ-

2065 773 2324 844 ρίσασθαι
2349 815 2365 842 ,
2429 776 2624 847 μέχρις
2653 774 2722 830 ἂν
2769 773 2832 828 τὺ
2860 772 2974 844 ἔχει
3001 783 3031 824 (ι
3057 773 3463 844 δικαιωτήρισν,
3515 771 3654 828 ἀλλα

2063 865 2188 921 τινὰ
2216 866 2440 938 μείζονα
2462 867 2563 938 τῆς
2587 867 2923 937 τηλικαύτης
2959 865 3167 938 τόλμης
3199 863 3654 938 ἐξημαρτηκότας

2066 955 2490 1025 παραστήσειεν.

2678 1151 2901 1204 ΕΠΙΣΤ.
2935 1150 3054 1203 ΞΒ’.

2244 1244 2517 1314 Γεωρτίῳ
2544 1247 2806 1310 διακόνῳ
2847 1245 2943 1299 καί
2974 1245 3470 1312 κουσουκλεισίφ.

1609 1357 1875 1406 Monlacut.
1915 1356 2016 1418 (ep.
2057 1354 2164 1412 IOI,
2199 1367 2246 1416 p.
2287 1354 2416 1418 149).

447 1450 722 1507 Denuntio
757 1453 880 1519 tibi,
947 1457 1253 1510 amicorum
1317 1457 1544 1528 optime,
1584 1472 1654 1512 ne
1701 1456 1961 1527 deinceps

375 1542 584 1596 amicus
637 1542 796 1598 nobis
852 1543 1174 1599 nomineris.
1225 1541 1381 1600 Nunc
1410 1545 1556 1600 enim
1600 1543 1845 1614 intelligo
1873 1558 1961 1597 me

378 1645 496 1699 pra:
541 1630 755 1686 cunctis
812 1631 1135 1688 mortalibus
1165 1632 1220 1688 in
1270 1634 1416 1689 veris
1457 1634 1649 1690 amicis
1697 1633 1961 1690 habendis

375 1724 840 1780 infelicissimum.
901 1725 1086 1783 Bonus
1158 1729 1252 1783 ille
1307 1739 1364 1785 et
1418 1729 1592 1786 fidelis
1645 1743 1964 1786 oeconomus
1994 1757 2039 1814 Β

372 1815 682 1870 communis
727 1816 935 1870 amicus
963 1815 1087 1886 (hei
1110 1818 1247 1873 mihi
1276 1819 1370 1889 qui
1398 1819 1502 1874 hoc
1525 1819 1646 1875 dico
1675 1829 1732 1875 et
1759 1818 1958 1884 scribo,

370 1907 492 1976 ipso
523 1905 743 1961 interim
781 1907 1042 1978 tacente),
1071 1924 1159 1964 me
1189 1910 1398 1975 relicto,
1441 1911 1728 1982 temporali
1763 1912 1958 1977 amico,

369 2014 472 2069 pro
528 2014 648 2066 me,
686 2007 748 2054 ut
799 1998 1040 2066 videtur,
1085 2003 1562 2060 aeternos-amicos
1610 2006 1957 2075 permutavit.

369 2088 489 2145 Non
522 2091 670 2145 enim
711 2090 826 2160 pati
854 2092 1035 2162 potuit
1092 2102 1301 2148 tantam
1337 2096 1596 2150 virtutem
1626 2096 1720 2150 tali
1749 2106 1958 2166 tempo-

369 2195 490 2234 rum
521 2181 935 2252 opportunitate
987 2183 1261 2240 obtinere.
1292 2186 1488 2242 Timon
1528 2186 1618 2242 ille
1642 2187 1786 2258 apud
1812 2187 1958 2242 anti-

368 2288 552 2341 quos,..
567 2273 913 2343 improbitate
937 2274 1220 2330 hominum
1245 2276 1491 2333 fortassis
1506 2279 1832 2335 intolerabili
1850 2295 1961 2335 mo-

371 2374 482 2426 tus,
519 2365 823 2433 prudenter
853 2367 1034 2438 egisse
1089 2369 1310 2438 quidem
1352 2371 1506 2425 visus
1551 2380 1657 2437 est,
1681 2388 1805 2426 cum
1858 2388 1958 2442 pro

368 2455 744 2526 pliilanthropo
772 2457 1167 2528 misum/tropus
1199 2460 1388 2518 haberi
1418 2463 1652 2518 volebat.
1683 2463 1795 2535 Ego
1818 2466 1959 2520 mul-

369 2558 424 2600 to
459 2547 679 2614 quidem
731 2549 937 2604 rectius
986 2549 1233 2618 videbor,
1279 2567 1382 2624 pro
1424 2553 1624 2609 affectu
1671 2571 1780 2625 quo
1813 2571 1954 2620 sum,

368 2636 679 2706 misophilus
740 2638 1152 2696 nominandus:
1209 2657 1337 2697 nam
1401 2659 1526 2699 cum
1577 2645 1722 2700 inter
1752 2647 1958 2702 amicos

367 2729 505 2781 mira
533 2728 756 2800 quidem
806 2733 1027 2787 virtutis
1076 2732 1436 2790 admiratione
1479 2736 1586 2790 frui
1622 2737 1856 2803 viderer,
1887 2738 1958 2794 de

367 2820 631 2875 t'ruitione
675 2821 998 2893 gaudebam,
1029 2831 1086 2878 et
1115 2825 1303 2880 statim
1334 2841 1459 2882 cum
1503 2827 1692 2882 dolore
1731 2827 1951 2894 acerbo,

368 2897 516 2974 inde,
569 2913 715 2982 quod
756 2929 842 2969 me
878 2917 1022 2970 male
1067 2916 1252 2984 habet,
1293 2919 1594 2987 exturbor;
1633 2921 1707 2975 ita
1746 2929 1806 2976 ut
1833 2921 1956 2992 qui-

365 3021 585 3075 cunque
619 3006 710 3062 ille
741 3017 826 3062 est
849 3009 942 3077 qui
977 3009 1142 3064 telum
1169 3011 1274 3065 hoc
1305 3013 1361 3066 in
1383 3028 1470 3067 me
1495 3013 1814 3080 amentavit,
1840 3013 1955 3069 sive

2151 1453 2504 1522 Ἀπαγορεύω
2537 1469 2641 1518 σοι,
2663 1453 2832 1522 φίλων
2853 1454 3066 1525 ἀριστε,
3103 1453 3299 1524 μηκέτι
3329 1450 3484 1522 φίλον
3510 1451 3651 1521 ἠμέ-

2067 1559 2223 1614 τερον
2246 1545 2630 1616 ὀνομάζεσθαι.
2677 1548 2794 1601 Νῦν
2848 1546 2958 1617 γὰρ
3004 1545 3176 1615 ἔγνων
3227 1544 3486 1616 ἐμαυτὸν,
3521 1542 3652 1613 περὶ

2067 1637 2194 1700 τοὺς
2218 1637 2618 1709 ἀληθεστάτους
2643 1639 2854 1709 φίλους,
2877 1638 3096 1693 πάντων
3116 1636 3422 1709 ἀνθρώπων
3451 1636 3648 1691 δυστυ-

2067 1721 2348 1792 χέστατον.
2396 1725 2454 1778 '0
2475 1727 2638 1790 καλὸς
2663 1728 2797 1798 ἡμῖν
2816 1727 2912 1781 καὶ
2940 1725 3132 1790 πιστὸς
3153 1726 3458 1795 οἰκονόμος,
3483 1726 3512 1778 ό
3535 1741 3649 1778 κοι-

2064 1812 2153 1876 νὸς
2183 1814 2336 1882 φίλος
2366 1816 2441 1885 (of
2476 1833 2568 1887 μοι
2597 1815 2741 1886 λέγω
2767 1816 2863 1870 καὶ
2890 1815 3088 1888 γράφω
3117 1815 3380 1884 σιγῶντος
3411 1813 3647 1883 ἐκείνου)

2063 1896 2236 1951 λιπὼν
2265 1901 2410 1970 ἡμᾶς
2441 1903 2570 1966 τοὺς
2597 1904 2990 1974 προσκαίρους,
3018 1904 3136 1958 ἀνθ’
3159 1904 3343 1975 ήμῶν,
3371 1902 3450 1966 ὡς
3479 1902 3647 1966 ἔοικεν

2061 1992 2187 2056 τοὺς
2217 1994 2469 2060 αίωνίους
2503 1996 2691 2065 φίλους
2709 1996 3012 2069 ἠλλάξατοο
3038 1997 3228 2069 ὥσπερ
3255 1997 3354 2052 οὐκ
3383 1997 3648 2067 ἀνεχόμε-

2062 2099 2150 2148 νος
2180 2085 2384 2156 άρετὴν
2434 2087 2710 2158 τοσαύτην
2747 2091 2963 2160 καιροῖς
2993 2087 3258 2152 τοιούτοις
3285 2088 3648 2159 ἐμπολιτεύε-

2062 2176 2207 2231 σθαι.
2256 2177 2315 2230 '0
2349 2177 2450 2248 μὲν
2467 2175 2562 2232 οὖν
2585 2179 2820 2245 παλαιὸς
2848 2181 3058 2242 ἐκεῖνος
3079 2179 3292 2251 Τίμων,
3317 2180 3648 2252 μοχθηρίαις

2060 2269 2282 2332 ἀτόποις
2299 2269 2397 2324 ἀνθ
2406 2269 2604 2342 ρώπων
2619 2271 2750 2336 ῐσως
2763 2272 3088 2344 περιτυχὼν,
3107 2272 3255 2340 ἔδοξέ
3265 2289 3318 2327 τι
3338 2273 3500 2342 σοφὸν
3520 2273 3645 2327 ἑπι-

2058 2362 2252 2425 τελεῖν,
2271 2361 2394 2417 ἀντὶ
2411 2362 2866 2433 φιλανθρώπου,
2909 2363 3351 2435 μισάνθρωπος,
3386 2365 3483 2420 καὶ
3507 2361 3645 2419 εἶναι

2059 2454 2153 2506 καὶ
2180 2454 2562 2524 ὀνομάζεσθαι.
2603 2453 2746 2524 Ἐγὼ
2772 2455 2831 2509 δὲ
2861 2455 3040 2527 πολλῷ
3076 2457 3143 2510 ἂν
3167 2457 3395 2528 φανείην
3435 2457 3642 2510 δικαιό-

2057 2562 2215 2616 τερα,
2247 2541 2422 2616 οἶμαι,
2450 2545 2941 2618 διαπραττόμενος,
2963 2548 3082 2602 ἀνθ’
3107 2543 3277 2620 οὗπέρ
3307 2549 3447 2620 είμι,
3467 2551 3644 2618 μισό-

2057 2639 2238 2706 φιλος
2268 2637 2523 2707 γενέσθαι
2553 2638 2956 2712 διανοούμενος.
2971 2639 3084 2710 Τῆς
3101 2641 3209 2714 γὰρ
3233 2643 3294 2694 ὲν
3313 2641 3490 2710 φίλοις
3516 2640 3643 2694 θαυ-

2060 2729 2274 2801 μαστῆς
2302 2729 2500 2801 ἡλίκης
2533 2732 2740 2802 ἀρετῆς
2785 2732 3082 2788 ἀπολαύειν
3141 2733 3469 2804 ἀρχόμενος,
3522 2735 3640 2803 ἅμα

2063 2818 2164 2890 μὲν
2211 2818 2389 2892 χαίρω
2445 2821 2548 2890 τῆς
2594 2821 2986 2889 ἀπολαύσεως,
3022 2823 3139 2894 ἅμα
3166 2823 3224 2878 δὲ
3280 2823 3401 2878 λίαν
3427 2823 3642 2895 πικρῶς

2055 2909 2357 2982 ἀνιώμενος
2384 2951 2400 2977 ,
2449 2913 2658 2985 ταύτης
2695 2914 2899 2979 ἀθλίως
2935 2914 3233 2987 ἐλαύνομαι
3256 2931 3272 2947 ⁸
3335 2915 3524 2988 ὥσπερ
3555 2917 3641 2970 ἵνα

2059 3003 2219 3074 μόνον
2248 3003 2467 3078 λυπήσῃ
2526 3005 2622 3060 καὶ
2671 3005 2772 3076 τὴν
2806 3005 3162 3079 συναίσθησιν
3218 3006 3330 3062 τῶν
3371 3009 3642 3078 ἀλγεινῶν

368 3114 437 3150 ex
471 3098 674 3153 invidia
731 3100 848 3154 sive
902 3090 1125 3158 aliunde
1175 3115 1378 3171 motus,
1412 3105 1464 3160 id
1505 3107 1616 3178 egit
1649 3117 1859 3162 tantum
1896 3117 1952 3163 ut

2059 3094 2330 3167 ἀφόρητον
2364 3098 2644 3169 ἐπαφήσῃ,
2685 3096 2778 3152 διά
2821 3097 2982 3153 τοῦτο
3037 3098 3202 3170 μόνον
3239 3099 3341 3170 τῆς
3381 3101 3642 3171 τοιαύτης

365 3189 657 3255 cruciaret,
686 3200 742 3246 et
784 3191 852 3246 de
885 3193 1164 3264 voluptate
1216 3197 1476 3251 extremis
1506 3197 1661 3267 quasi
1692 3197 1952 3254 labeculis

367 3281 808 3350 degustaremus.
843 3283 1009 3339 Extra
1057 3301 1145 3340 me
1175 3287 1355 3358 rapior
1393 3288 1462 3344 ab
1504 3289 1572 3344 iis
1609 3307 1730 3360 qua:
1751 3291 1947 3362 patior,

365 3386 468 3423 nec
501 3380 584 3432 est
633 3373 776 3441 quod
824 3373 1002 3428 dicam
1030 3375 1197 3440 aliud,
1231 3393 1400 3447 quam
1429 3380 1574 3450 quod
1589 3382 1815 3437 omnino
1842 3381 1951 3437 mei

364 3478 473 3516 non
528 3464 603 3518 sis
649 3465 933 3534 misertus,
963 3484 1066 3524 nec
1095 3485 1218 3524 cum
1268 3471 1323 3526 in
1356 3472 1611 3528 exsilium
1653 3474 1948 3548 relegarer,

365 3567 469 3607 nec
501 3568 627 3608 cum
655 3554 711 3609 in
737 3556 955 3611 vincula
987 3560 1315 3631 conjicerer,
1343 3577 1448 3618 nec
1497 3563 1556 3618 in
1584 3565 1765 3635 aliqua
1799 3581 1950 3623 mea-

364 3660 484 3699 rum
515 3645 714 3715 quibus
741 3649 1042 3717 exhaurior
1085 3652 1474 3708 miseriarum:
1517 3656 1570 3710 in
1617 3657 1769 3713 nullo
1801 3659 1948 3729 ipso-

365 3753 490 3791 rum
522 3739 819 3806 emollitus,
882 3757 1084 3816 magno
1141 3744 1351 3817 impetu
1395 3748 1632 3804 amicum
1671 3759 1948 3820 arreptum

360 3847 392 3884 a
422 3846 508 3885 me
559 3833 833 3900 avulsisti,
886 3836 981 3906 qui
1039 3838 1197 3905 abiit,
1249 3840 1527 3896 stimulum
1580 3843 1838 3898 acerbum
1893 3854 1950 3900 et

357 3921 712 3978 inﬂexibilem
735 3924 918 3981 medio
945 3942 1069 3982 meo
1088 3929 1239 3984 cordi
1269 3930 1520 4002 infigens.
1567 3932 1674 3987 Sed
1700 3931 1950 3990 fortassis

357 4015 506 4068 haud
535 4015 860 4072 diuturnum
899 4019 1008 4074 erit
1043 4029 1283 4092 tempus,
1307 4033 1363 4078 et
1385 4023 1606 4094 penitus
1641 4025 1747 4080 hoc
1773 4025 1946 4081 confi-

356 4109 670 4179 ciet(istud
705 4111 852 4166 enim
898 4114 1096 4180 solum,
1123 4124 1312 4187 utpote
1343 4119 1397 4172 in
1433 4119 1602 4174 tantis
1627 4119 1805 4186 malis,
1845 4135 1947 4174 nos

358 4200 663 4274 refrigerat)
691 4211 747 4258 et
774 4204 842 4260 ad
893 4206 1260 4262 desideratum
1309 4210 1466 4265 nobis
1509 4210 1838 4266 exturbabit.
1863 4209 1946 4265 Tu

355 4299 561 4359 autem,
589 4308 623 4348 ο
649 4293 776 4349 vitae
803 4311 940 4351 mea:
976 4298 1218 4352 solamen
1257 4301 1452 4366 solum,
1500 4302 1647 4356 vale:
1681 4317 1770 4356 me
1799 4317 1942 4366 ama,

355 4382 644 4452 exsequias
676 4395 799 4440 mea
827 4387 948 4442 vice
993 4388 1219 4458 perﬁce,
1265 4400 1426 4461 prout
1451 4391 1681 4463 dignum
1711 4401 1802 4447 tua
1830 4395 1942 4448 vir-

2058 3187 2254 3258 ἡδονῆς
2281 3190 2426 3258 ἡμᾶς
2455 3190 2758 3258 γεύσαντος
2795 3191 2913 3256 τοῦ,
2942 3191 3093 3256 ὅστις
3121 3191 3253 3246 ποτέ
3298 3194 3448 3246 ἐστιν
3491 3195 3639 3248 ἐκεῖ·

2057 3297 2146 3342 νος
2202 3283 2232 3334 ό
2287 3281 2606 3352 τηλικοῦτον
2661 3283 2784 3337 καθ’
2813 3283 2971 3354 ἡμῶν
3026 3283 3189 3354 ῥίψας
3213 3283 3276 3338 τὸ
3305 3285 3478 3355 βέλος,
3526 3287 3638 3340 είτε

2057 3371 2271 3441 φθόνος,
2297 3373 2406 3427 εἴτε
2432 3373 2610 3445 ψῆφος
2637 3374 2791 3447 άλλη.
2823 3375 3108 3447 Ἐξάγοιμι
3135 3377 3244 3448 γὰρ
3277 3378 3380 3432 ὑπὸ
3415 3377 3510 3433 τοῦ
3535 3379 3640 3434 πά-

2057 3465 2204 3531 θους,
2237 3465 2332 3521 καὶ
2360 3467 2464 3520 οὐκ
2491 3465 2601 3537 ἔχω
2627 3466 2682 3520 τί
2736 3461 2877 3520 εἴπω
2911 3466 3053 3538 πλὴν
3078 3468 3160 3522 ὅτι
3189 3467 3266 3539 μὴ
3300 3468 3638 3539 κατελέησας

2053 3558 2226 3629 ἡμᾶς,
2256 3559 2396 3630 μήτε
2422 3559 2523 3629 τῆς
2548 3558 2869 3632 ὑπερορίας,
2901 3561 3040 3630 μήτε
3071 3559 3173 3630 τῆς
3199 3559 3472 3630 φυλακῆς,
3499 3561 3639 3631 μήτε

2054 3650 2165 3704 τῶν
2219 3650 2396 3704 ἄλλων
2447 3650 2721 3721 χαλεπῶν,
2761 3645 2843 3714 οἷς
2868 3651 2959 3704 τὸν
2989 3651 3102 3719 βίον
3144 3650 3637 3722 περιαντλούμεθα.

2067 3743 2204 3800 Ὑπὸ
2245 3743 2472 3816 μηδενὸς
2494 3745 2702 3800 τούτων
2727 3745 3092 3817 δυσωπηθεὶς,
3119 3744 3297 3799 λαϐὼν
3322 3745 3520 3818 ἀθρόον
3546 3747 3641 3800 καὶ⁸

2053 3836 2360 3901 διασπάσας
2414 3835 2508 3906 ἀφ’
2563 3837 2722 3908 ἡμῶν
2745 3837 2838 3890 τὸν
2888 3837 3042 3906 φίλον
3069 3837 3277 3908 οἴχεται
3328 3837 3526 3909 πικρὸν
3547 3841 3641 3891 καὶ

2054 3930 2430 4003 ἀπαραίτητον
2453 3929 2595 3985 κατὰ
2621 3930 2795 4000 μέσης
2817 3931 2990 4002 αὐτῆς
3032 3931 3264 4002 καρδίας
3303 3931 3366 3984 τὸ
3412 3931 3640 4004 κέντρον

2054 4023 2327 4096 ἐμπήξας.
2365 4022 2506 4077 Ἀλλ’
2528 4025 2662 4087 ίσως
2693 4024 2754 4078 οὐ
2821 4024 2987 4088 πολὺς
3022 4025 3215 4096 χρόνος
3270 4024 3364 4079 καὶ
3413 4024 3638 4088 τελείως

2052 4113 2258 4181 ταύτην
2291 4112 2720 4184 διεργασάμενος
2759 4112 2939 4184 (τοῦτο
2969 4113 3076 4183 γὰρ
3099 4111 3176 4176 ὡς
3209 4113 3269 4166 ὲν
3293 4111 3636 4182 τηλικούτοις

2053 4206 2245 4268 κακοῖς
2269 4205 2416 4276 ἡμᾶς
2451 4204 2614 4274 μόνον
2642 4203 2932 4273 ἀναψύχει)
2971 4203 3109 4274 πρὸς
3159 4203 3254 4256 τὸν
3296 4201 3634 4271 ποθούμενον

2052 4297 2335 4351 άπελάσει.
2368 4296 2440 4349 Σὺ
2467 4295 2546 4362 δὲ,
2581 4293 2627 4347 ὢ
2650 4312 2743 4364 μοι
2775 4293 2960 4348 λοιπὸν
2977 4292 3072 4347 τοῦ
3110 4293 3224 4364 βίου
3258 4290 3629 4363 παραμύθιον,

2052 4388 2264 4460 ἔρρωσο
2287 4427 2302 4453 ,
2353 4388 2449 4440 καί
2484 4402 2553 4458 με
2579 4385 2755 4456 φίλει·
2803 4386 2898 4440 καὶ
2937 4385 3036 4456 τὴν
3067 4385 3216 4438 ὁσίαν
3268 4384 3483 4453 ἐκείνῳ,
3512 4383 3611 4436 ἀνθ

355 4484 471 4529 tute
502 4484 558 4530 et
581 4477 745 4543 [illius
778 4457 1019 4534 amicitia
1063 4457 1342 4548 fuerit,—et
1370 4499 1494 4538 meo
1514 4457 1664 4538 vloco
1697 4485 1944 4554 cognatis

2059 4457 2227 4550 ἡμῶν,
2257 4476 2420 4543 ἀξίως
2453 4476 2552 4547 τῆς
2587 4477 2687 4549 σῆς
2708 4476 2912 4546 ἀρετῆς
2930 4477 3026 4530 καὶ
3057 4474 3158 4545 τῆς
3186 4473 3396 4528 ἐκείνου
3423 4473 3630 4542 φιλίας,

353 4577 406 4620 et
438 4566 688 4623 affinibus
719 4579 776 4624 et
800 4570 1120 4642 tibimetipsi
1149 4583 1370 4628 curator
1401 4585 1458 4631 et
1483 4587 1747 4646 patronus
1808 4592 1947 4633 con-

353 4656 599 4723 stitutus,
617 4658 788 4713 alleva
815 4675 1067 4732 magnam
1082 4663 1284 4719 doloris
1309 4665 1742 4738 partem.Neque
1771 4669 1941 4736 enim,

355 4748 578 4814 Opinor,
612 4749 843 4807 facultas
877 4761 985 4820 est,
1014 4755 1274 4812 defuncto
1301 4760 1478 4814 amico
1509 4761 1728 4816 aliunde
1757 4763 1940 4833 cpitu-

352 4835 478 4891 lari.
512 4837 676 4895 Certe
723 4842 878 4912 plura
913 4859 1002 4900 me
1051 4847 1290 4904 scribere
1348 4851 1624 4906 volentem
1653 4853 1941 4911 inhibuere

349 4927 602 5000 lacrymae
622 4933 983 5003 profusiores.

974 5138 1194 5193 EPIST.
1225 5139 1410 5196 LXIII.

867 5227 1134 5284 Damiano
1157 5237 1475 5289 xenodocha.

2044 4569 2306 4640 ἐπιτέλει,
2359 4568 2458 4622 καὶ
2478 4567 2590 4622 τῶν
2615 4567 2896 4637 συγγενῶν
2933 4568 3028 4621 καὶ
3057 4567 3276 4621 οίκείων
3323 4565 3442 4620 ἀνθ’
3470 4565 3631 4637 ἡμῶν

2045 4659 2139 4714 καὶ
2162 4657 2363 4713 σαυτοῦ
2393 4659 2708 4730 προστάτης
2753 4657 2850 4712 καὶ
2899 4657 3156 4728 κηδεμὼν
3207 4657 3629 4728 καθιστάμενος,

2040 4752 2268 4824 κούφιζε
2295 4753 2358 4806 τὸ
2385 4752 2523 4806 πολὺ
2547 4751 2644 4805 τοῦ
2673 4749 2882 4814 πάθους
2916 4767 2931 4783 ⁸
2980 4749 3110 4805 ἄλλο
3145 4752 3256 4820 γὰρ
3284 4751 3437 4805 οὐδέν
3483 4751 3630 4803 ἐστιν

2037 4841 2195 4917 οἶμαι
2224 4845 2302 4916 τῷ
2323 4844 2562 4915 κειμένῳ
2587 4845 3041 4912 συνεισενεγκεῖν.
3067 4841 3132 4896 El
3157 4845 3205 4897 δ’
3227 4843 3309 4896 ἔτι
3343 4843 3438 4896 κα)⁸
3466 4841 3628 4895 πλέον

2049 4939 2242 5010 ἤθελον
2271 4937 2506 5009 γράφειν
2527 4976 2542 5002 ,
2575 4935 2712 4989 ἀλλά
2749 4935 3108 5006 σφοδρότερον
3144 4935 3270 5005 ῥέον
3302 4933 3537 5004 ὲπέσχεν
3566 4934 3628 4986 τὸ

2048 5030 2286 5100 δάκρυον
2317 5028 2418 5098 τὴν
2471 5028 2710 5098 γραφὴν.
3455 5053 3467 5063 α

2642 5139 2868 5193 ΕΠΙΣΤ.
2900 5139 3017 5192 EI".

2501 5227 2774 5299 Δαμιανῷ
2809 5227 3152 5296 ιξενοδόχῳ.

1585 5348 1852 5400 Montacut.
1891 5352 1995 5416 (ep.
2035 5351 2146 5411 112,
2180 5363 2227 5410 p.
2264 5344 2396 5406 155)-

416 5416 551 5510 Cum
614 5431 757 5477 tacet
795 5425 889 5492 qui
947 5427 1200 5497 iniuriam
1257 5432 1480 5502 patitur,
1534 5435 1707 5491 multo
1762 5439 1933 5510 magis

340 5505 668 5567 aﬂicientcm
731 5519 1048 5576 convincit:
1096 5533 1246 5593 patet
1275 5525 1421 5579 enim
1454 5527 1598 5596 quod
1651 5528 1755 5583 nisi
1778 5546 1933 5587 sum-

343 5613 487 5651 mam
517 5610 573 5655 et
604 5603 1042 5674 inexplicabilem
1069 5612 1324 5683 iniuriam
1350 5616 1708 5688 irrogantium
1733 5621 1929 5677 crude-

2105 5436 2179 5489 Τὸ
2209 5433 2367 5503 σιγᾷν
2428 5426 2807 5496 ἀδικούμενον,
2864 5427 3088 5497 μείζονα
3143 5423 3255 5476 τῶν
3289 5421 3620 5476 ἀδικούντων

2031 5529 2269 5582 ποιεῖται
2321 5523 2414 5576 τὸν
2462 5520 2703 5590 ἔλεγχον·
2731 5518 2888 5588 δῆλον
2933 5516 3043 5589 γὰρ
3086 5516 3164 5580 ὼς
3193 5516 3242 5568 εί
3275 5515 3352 5588 μὴ
3376 5517 3618 5586 μεγάλην

2029 5619 2152 5674 τινὰ
2207 5617 2298 5670 καὶ
2353 5613 2764 5685 ἀνυπέρϐλητον
2804 5611 2913 5666 τῶν
2976 5612 3316 5666 ἀδικούντων
3356 5609 3615 5680 ὡμότητα

1618 5713 1851 5771 ἻΑΒΙιΕ
1885 5713 2299 5770 LECTIONES.

420 5771 448 5813 εί
481 5764 565 5822 ἵσ.
610 5767 746 5821 ἐκεῖ.
