3930 6422
244 358 353 419 877

1407 343 1945 404 EPISTOLARUM
1986 342 2218 402 LIBER
2260 342 2343 402 II.

3401 338 3509 403 878

245 464 679 534 κατεγίνωσκεν,
710 462 811 515 οὒκ
838 460 903 515 ἂν
929 460 1089 530 ἀφεὶς
1107 458 1169 513 τὸ
1197 461 1369 513 κινεῖν
1394 461 1484 512 ἐπ’
1516 458 1686 523 ἔλεον,
1709 457 1831 512 ἀντὶ

1943 457 2142 510 litatem
2177 456 2423 521 sentiret,
2457 468 2565 508 non
2596 469 2659 508 ea
2704 453 3000 519 omisisset,
3033 469 3156 526 qua;
3186 470 3409 514 movere
3437 453 3508 513 ad

244 558 438 612 τούτου
466 573 527 609 τε
557 554 654 609 καὶ
676 552 784 607 τῶν
812 552 1036 606 δικαίων
1058 551 1255 619 λόγων,
1274 552 1373 619 τὴν
1399 550 1609 620 σιωπὴν
1638 549 1830 616 ἔστερ-

244 668 344 718 γεν
368 667 380 679 ·
413 647 529 701 ἀλλ’
559 649 589 700 ὁ
622 648 723 717 μὲν
747 643 1014 714 δυστυχὴς
1042 645 1247 707 ἐκεῖνος
1287 644 1382 696 καὶ
1426 641 1594 712 πένης
1618 642 1829 711 ἀνθρω-

244 760 373 807 πος,
413 740 542 811 περὶ
576 734 638 793 οὗ
660 738 757 793 καὶ
784 738 916 808 πρὶν
944 736 1179 808 ἔγραψα,
1206 735 1522 806 ἠδικηκέναι
1558 736 1658 804 μὲν
1684 735 1830 806 ὑμᾶς

243 833 501 904 ὁμολογεῖ
524 873 541 897 ,
576 827 674 886 καὶ
730 830 839 882 τῶν
893 828 1247 899 ἀδικημάτων
1306 828 1406 882 οὐκ
1459 827 1676 891 ἄλλους,
1710 826 1829 881 ἀλλ’

245 923 394 993 ὑμεῖς
423 920 694 989 ἐπάγεται
749 919 1055 989 μάρτυρας.
1095 916 1291 985 Κύριοι
1323 918 1431 988 γὰρ
1476 916 1574 971 νῦν
1614 915 1830 981 ἀξιοῦτε

243 1013 503 1084 γενέσθαι
523 1007 600 1067 ὧν
626 1012 903 1083 τυραννίδι
928 1011 1022 1065 καὶ
1049 1010 1138 1080 βία
1168 1009 1265 1080 τὴν
1287 1008 1537 1076 ἐξουσίαν
1568 1008 1829 1080 προειλή-

245 1124 408 1176 φατε.
454 1105 679 1159 Ἀνίατα
704 1104 760 1156 δὲ
794 1106 991 1166 νοσεῖν,
1019 1104 1112 1156 καὶ
1136 1103 1421 1173 κρείττους
1444 1099 1583 1155 εἶναι
1606 1100 1829 1171 διορθώ-

244 1211 386 1257 σεως
415 1192 510 1246 καὶ
537 1192 927 1263 μεταμελείας,
955 1190 1108 1244 οὔπω
1131 1193 1445 1261 κατέγνωκε
1468 1208 1483 1224 ο
1513 1191 1603 1245 διά
1648 1190 1827 1253 τοῦτο,

245 1286 342 1337 καὶ
369 1285 557 1353 φίλους
579 1287 915 1354 περινοστεῖ,
947 1285 1043 1337 καὶ
1074 1285 1267 1352 λόγους
1302 1285 1602 1354 φθέγγεται
1658 1283 1824 1337 ἐλεει-

242 1376 390 1437 νοῦς,
425 1375 518 1427 καὶ
545 1374 653 1444 πρὸ
682 1374 907 1437 τούτων,
933 1374 1124 1444 ὥσπερ
1157 1375 1442 1445 ἱκετηρίαν
1463 1417 1479 1440 ,
1527 1376 1659 1430 αὐτὸ
1691 1392 1826 1445 προ-

240 1464 408 1515 τείνει
465 1466 525 1515 τὸ
579 1464 823 1517 δίκαιον⁹
876 1464 978 1518 οὐκ
1035 1465 1094 1517 ὲν
1128 1468 1244 1528 τοῖς
1278 1466 1477 1530 ἔξωθεν
1499 1468 1825 1538 κριτηρίοις,

243 1555 361 1607 ἀλλ’
393 1557 449 1607 ὲν
479 1555 666 1625 μέσοις
695 1556 890 1625 φίλοις,
926 1557 1022 1611 καὶ
1044 1558 1136 1610 ἐπὶ
1159 1556 1254 1611 τοῦ
1284 1557 1528 1628 βήματος
1552 1560 1651 1628 τῆς
1674 1558 1828 1627 ὑμῶν

244 1647 635 1717 συνειδήσεως.
666 1650 732 1701 Ei
762 1649 807 1702 δ’
834 1650 916 1702 ἔτι
953 1650 1120 1720 μηδὲν
1152 1651 1389 1720 χρηστὸν
1437 1650 1573 1721 μηδὲ
1617 1651 1828 1705 δίκαιον

243 1740 381 1809 περὶ
407 1739 569 1793 αὑτὸν
622 1742 935 1812 ἐννοήσητε,
974 1741 1097 1812 μηδ’
1137 1742 1363 1795 ἐκείνων
1394 1741 1544 1811 αὐτῷ
1594 1744 1826 1811 ἐκστῆτε

240 1830 279 1883 ἃ
307 1829 626 1900 τυραννίδος
656 1831 821 1901 νόμος
855 1832 1021 1885 αὐτοῦ
1053 1832 1152 1900 μὲν
1189 1833 1458 1903 ἥρπασεν,
1490 1833 1619 1903 ὑμῖν
1649 1832 1705 1885 δὲ
1748 1834 1833 1885 ἐν·

243 1924 541 1993 εχείρισεν,
584 1924 721 1987 ῐστε,
756 1925 831 1987 ὡς
857 1925 995 1994 ὅπερ
1023 1926 1228 1987 ἐκεῖνος
1258 1927 1286 1977 ὁ
1311 1925 1400 1994 ὑφ’
1433 1924 1585 1995 ὑμῶν
1615 1924 1831 1979 ἀδικού-

246 2032 415 2084 μενος
443 2018 622 2068 εἰπεῖν
677 2015 806 2069 καθ’
826 2016 981 2087 ὑμῶν
1004 2016 1329 2085 ἐφυλάξατο,
1355 2016 1509 2069 αὐτοὶ
1545 2017 1666 2069 καθ’
1707 2018 1833 2070 ἑαυ-

241 2105 379 2170 τῶν,
402 2106 489 2159 διὰ
526 2106 635 2159 τῶν
661 2106 864 2177 ἔργων,
898 2106 960 2160 τὸ
992 2106 1298 2176 χειρίστους
1342 2105 1648 2176 ἀνθρώπιον
1689 2098 1829 2160 εἶναι

245 2198 474 2252 πάντων
496 2196 860 2269 ἐψηφίσασθε.

859 2395 1085 2451 ΕΠΙΣΤ.
1116 2395 1233 2450 ΞΔ’.

462 2487 767 2559 Γρηγορίῳ
791 2487 1050 2546 διακόνῳ
1082 2487 1178 2542 καὶ
1214 2488 1614 2556 χαρτυλαρίφ.

1930 551 2360 606 misericordiam
2409 560 2654 621 possent.
2690 565 2793 605 nec
2845 550 3123 606 silentium
3178 554 3510 623 praetulisset

1927 643 2088 714 iusta:
2144 643 2469 713 iniuriarum
2512 642 2891 712 deplorationi.
2938 642 3101 698 Miser
3127 654 3308 700 autem
3344 645 3432 699 ille
3454 654 3512 701 et

1929 748 2153 803 pauper,
2213 732 2267 786 in
2320 733 2477 802 cujus
2510 733 2835 803 jampridem
2885 747 3048 788 causa
3094 734 3163 789 ad
3212 742 3265 789 te
3298 734 3510 790 litteras

1929 824 2075 891 dedi,
2107 823 2308 879 fatetur
2334 834 2387 880 te
2414 824 2669 895 iniuriam
2703 825 2970 893 intulisse,
2995 825 3317 897 iniuriarum
3345 843 3513 899 porro

1933 916 2208 972 illatarum
2267 916 2417 972 haud
2463 917 2597 971 alios
2648 926 2817 972 testes
2857 933 3019 985 quam
3076 918 3313 989 tcipsum
3354 917 3509 973 citat.

1930 1008 2220 1064 Dominum
2275 1024 2461 1063 earum
2498 1024 2679 1062 rerum
2730 1008 2917 1063 haberi
2963 1017 3014 1063 te
3045 1008 3127 1063 vis
3179 1010 3508 1081 legitimum,

1929 1116 2065 1170 quas
2090 1103 2208 1170 'per
2240 1101 2352 1156 vim
2399 1110 2455 1155 et
2495 1101 2835 1171 tyrannidem
2869 1100 3021 1171 prius
3066 1100 3354 1155 abstulisti.
3390 1100 3511 1154 Non

1930 1202 2112 1249 tamen
2141 1195 2429 1264 desperato
2455 1194 2644 1248 morbo
2664 1194 2840 1249 teneri
2864 1202 2937 1257 te,
2956 1193 3040 1247 vel
3071 1194 3377 1256 incurabili,
3409 1208 3513 1246 nec

1929 1286 2252 1356 poenitentia
2301 1286 2644 1357 corrigendo,
2690 1284 3004 1340 arbitratur.
3056 1284 3263 1340 Idcirco
3308 1284 3511 1354 passim

1927 1377 2133 1433 amicos
2191 1377 2323 1444 adit,
2386 1393 2669 1433 sermones
2726 1378 2859 1433 serit
2933 1376 3294 1440 miserabiles,
3351 1384 3513 1446 atque

1928 1470 2178 1541 inprimis
2204 1471 2295 1541 jus
2354 1471 2531 1541 ipsum
2574 1471 2982 1540 deprecatorem
3026 1469 3189 1524 oﬂ‘ert
3218 1484 3232 1521 :
3259 1484 3362 1523 nec
3394 1483 3512 1523 rem

1931 1563 2076 1633 apud
2116 1562 2357 1617 forensia
2410 1562 2703 1617 tribunalia
2740 1571 2958 1627 tractat,
3014 1562 3111 1618 sed
3139 1561 3331 1617 amicis
3366 1560 3515 1615 arbi-

1931 1656 2056 1721 tris,
2086 1663 2143 1710 et
2191 1654 2259 1709 ad
2297 1654 2535 1709 tribunal
2569 1654 2920 1709 conscientia:
2952 1663 3081 1708 tuae.
3131 1653 3189 1707 Si
3214 1652 3394 1707 adhuc
3434 1652 3514 1706 nil

1932 1744 2246 1808 humanius,
2287 1744 2425 1798 nihil
2468 1759 2592 1798 cum
2623 1744 2831 1813 iustitia
2886 1744 3261 1813 coniunctum,
3296 1751 3511 1797 statuas

1938 1835 1993 1889 in
2023 1836 2127 1890 hac
2157 1836 2278 1905 ejus
2330 1850 2517 1901 causa,
2560 1850 2666 1890 nec
2694 1834 2890 1889 cedere
2921 1834 3060 1889 velis
3107 1833 3514 1904 possessionem

1937 1941 2125 1981 eorum
2151 1942 2272 1996 quae
2300 1942 2399 1996 per
2450 1926 2818 1998 tyrannidem,
2850 1941 2957 1981 non
2990 1927 3187 1996 legem,
3221 1924 3512 1989 abstulisti,

1937 2019 2099 2084 scias,
2136 2019 2282 2089 quod
2326 2026 2604 2088 utcunque
2632 2019 2723 2073 ille
2753 2034 2916 2088 quem
2942 2026 2999 2072 tu
3052 2030 3347 2088 pauperem
3375 2014 3514 2071 affe-

1936 2108 2058 2163 cisti
2088 2108 2306 2176 injuria,
2338 2108 2391 2162 id
2421 2123 2530 2162 non
2558 2117 2751 2163 contra
2774 2118 2828 2163 te
2854 2106 3073 2173 dixerit,
3116 2114 3286 2161 temet
3330 2114 3515 2159 tamen

1936 2204 2128 2250 contra
2172 2204 2227 2251 te
2282 2196 2542 2261 sciscere,
2577 2212 2675 2266 per
2702 2212 2766 2251 ea
2810 2212 2933 2265 qua;
2971 2203 3275 2265 perpetras,
3308 2208 3432 2249 esse
3460 2203 3518 2249 te

1934 2287 2195 2343 nimirum
2225 2289 2470 2343 omnium
2502 2289 2785 2343 hominum
2824 2288 3243 2357 nequissimum.

2500 2401 2715 2457 EPIST.
2766 2401 2948 2456 LXIV.

2247 2493 2499 2565 Gregorio
2533 2496 2756 2548 diacono
2788 2503 2836 2548 et
2869 2493 3213 2548 chartularia.

1482 2579 1747 2631 Montacut.
1785 2582 1888 2646 (ep.
1925 2585 2036 2644 113,
2068 2596 2117 2647 p.
2149 2584 2282 2649 155).

329 2686 772 2757 Ἀναθεμάτισαν
800 2686 950 2757 ἡμᾶς
975 2685 1190 2757 χρόνοις
1225 2688 1480 2757 μακροῖς,
1527 2689 1678 2742 πᾶσα
1704 2687 1833 2742 σύν-

244 2782 369 2844 οδος
392 2778 669 2849 αίρετικὴ,
700 2778 797 2831 καὶ
828 2778 938 2831 πᾶν
967 2778 1357 2850 Είκονομάχων
1388 2779 1667 2850 συνέδριον
1690 2797 1705 2812 ο
1735 2783 1833 2853 οὐχ

244 2873 402 2944 ἡμᾶς
454 2871 511 2925 δὲ
540 2870 699 2941 μόνον
720 2910 735 2936 ,
766 2869 903 2923 ἀλλά
951 2870 1048 2923 καὶ
1078 2869 1294 2941 πατέρα
1326 2871 1423 2925 καὶ
1454 2872 1596 2925 θεῖον
1644 2873 1836 2943 ἡμέτε-

246 2984 369 3039 ρον,
438 2965 635 3035 ἀνδρας
685 2963 1026 3033 όμολογητάς
1069 2963 1329 3034 Χριστοῦ,
1388 2965 1483 3019 καὶ
1531 2966 1835 3037 ἀρχιερέων

248 3073 305 3108 σε
315 3054 640 3125 μνολόγημα
660 3058 674 3073 ⁸
699 3053 818 3106 ἀλλ’
852 3053 1374 3125 ἀναθεματίσαντες,
1410 3057 1491 3118 εἰς
1515 3056 1608 3109 τὸν
1649 3058 1837 3127 ἀρχιεο

251 3147 480 3216 ρατικὸν
522 3144 711 3216 θρόνον
768 3145 918 3216 ἡμᾶς
975 3146 1253 3215 ἀνήγαγον
1304 3148 1401 3201 καὶ
1430 3148 1506 3219 μὴ
1559 3147 1835 3214 θέλονταςο

244 3236 800 3306 ἀναθεματιζέτωσαν
844 3238 1135 3308 τοιγαροῦν
1173 3239 1265 3292 καὶ
1305 3238 1402 3292 νῦν
1451 3240 1500 3292 oi
1547 3241 1841 3311 παραπλη-

250 3331 387 3394 σίως
418 3330 649 3392 ἐκείνοις
676 3329 789 3384 τῶν
812 3332 1162 3384 Δεσποτικῶν
1188 3331 1417 3387 ἐντολῶν
1441 3333 1807 3403 ἀλογήσαντες
1824 3373 1839 3397 ,

2009 2690 2371 2746 Anathemate
2403 2705 2507 2745 nos
2540 2691 2893 2761 perculerunt
2934 2689 3254 2761 iamdudum
3283 2689 3522 2761 synodus

1938 2783 2218 2848 haeretica,
2247 2793 2304 2838 et
2346 2784 2634 2838 universus
2672 2768 3156 2839 Iconomachorum
3187 2796 3520 2847 consessus;

1938 2890 2045 2929 nec
2084 2890 2188 2929 nos
2228 2884 2463 2939 tantum,
2497 2874 2592 2929 sed
2640 2883 2697 2929 et
2726 2882 2934 2944 patrem
2970 2881 3025 2926 et
3062 2879 3318 2943 patruum
3357 2870 3522 2926 etiam

1940 2974 2212 3028 nostrum,
2246 2967 2393 3021 viros
2427 2965 2631 3021 Christi
2661 2964 3031 3032 confessores,
3057 2973 3111 3019 et
3138 2965 3523 3036 episcoporum

1939 3057 2186 3128 gloriam,
2234 3058 2328 3113 sed
2367 3067 2548 3113 tamen
2587 3058 3106 3113 anathematizatum
3160 3058 3216 3113 in
3262 3059 3525 3114 thronum

1939 3150 2458 3220 archicpiscopalem
2508 3150 2848 3205 intruserunt
2896 3166 3007 3204 non
3046 3150 3359 3215 volentem;
3392 3164 3526 3204 ana-

1941 3241 2219 3307 themate,
2299 3256 2449 3295 nunc
2514 3243 2679 3295 etiam
2746 3257 2858 3297 non
2922 3241 3102 3297 minus
3147 3241 3345 3297 feriant
3411 3241 3523 3305 illi.

1942 3332 2159 3388 Domini
2196 3324 2450 3389 mandata
2481 3333 2743 3388 facientes
2769 3334 2943 3400 ﬂocci,
2985 3336 3080 3391 sed
3116 3344 3173 3389 et
3211 3343 3521 3406 transgres-

245 3422 347 3475 καὶ
379 3420 756 3492 ’παρανομίας
808 3422 1027 3493 ἀπάσης
1079 3422 1339 3477 πλατεῖαν
1391 3423 1493 3495 τὴν
1526 3425 1702 3496 πύλην
1752 3424 1832 3479 xui

1945 3424 2081 3478 sioni
2109 3424 2416 3494 cuicunque
2439 3426 2739 3494 spatiosum
2779 3434 2833 3478 et
2869 3425 3107 3494 amplum
3148 3436 3366 3495 portum
3392 3441 3524 3497 ape-

245 3510 565 3582 εὐρύχωρον
590 3510 1053 3576 ἀναπετάσαντες,
1084 3512 1172 3566 ἴνα
1194 3512 1289 3566 καὶ
1317 3513 1471 3567 αὐτοὶ⁵
1496 3515 1603 3567 ἀπὸ
1634 3518 1736 3586 γῆς
1757 3516 1837 3578 είς

245 3603 351 3673 τὴν
400 3603 652 3673 οὐράνιον
690 3604 839 3674 ἡμᾶς
872 3602 1152 3674 βασιλείαν
1182 3605 1278 3659 καὶ
1308 3604 1603 3671 ὀκνοῦντας
1654 3606 1845 3661 ἀναδι-

244 3693 515 3749 δάσωσιν.

882 3787 1107 3841 ΕΠΙΣΤ.
1138 3787 1255 3842 ΞΕν.

465 3878 739 3949 Γεωργίῳ
765 3878 1027 3942 διακόνῳ
1055 3880 1158 3933 καί
1184 3882 1628 3951 ὀρφανοτρόςιῳ.

1946 3518 2171 3583 rientcs,
2226 3517 2300 3572 in.
2327 3533 2451 3572 eum
2484 3517 2648 3572 tinem
2705 3527 2767 3573 ut
2786 3532 2874 3573 me
2924 3518 2993 3574 de
3026 3518 3250 3575 terrain
3298 3518 3522 3573 cmleste

1944 3625 2168 3681 regnum
2207 3612 2601 3667 transmittant.

2543 3785 2763 3842 EPIST.
2798 3786 2957 3842 LXV.

2218 3876 2441 3947 Georgio
2465 3876 2689 3931 diacono
2715 3887 2763 3931 et
2793 3879 3238 3947 orphanolropho.

1491 3997 1756 4047 Montacut.
1794 3996 1897 4059 (ep.
1933 3992 2041 4053 156,
2073 4006 2122 4055 ρ.
2156 3990 2287 4053 189).

319 4095 385 4147 El
412 4093 512 4163 μὲν
538 4094 647 4147 ἀπὸ
673 4095 774 4165 τῆς
803 4097 1031 4167 γνώμης
1068 4097 1274 4169 κρίνεις
1295 4100 1363 4152 τά
1390 4099 1712 4170 πράγματα,
1741 4099 1839 4152 καὶ

245 4188 477 4247 σκοπεῖς
499 4186 597 4256 τὴν
628 4186 951 4257 προαίρεσιν
981 4187 1146 4257 (οὕτω
1172 4188 1228 4241 δὲ
1252 4190 1520 4258 προσῆκε,
1551 4190 1647 4242 καὶ
1676 4190 1835 4243 θείων

247 4280 521 4350 χρησμῶν
543 4280 691 4333 ἐστιν
718 4282 753 4350 ή
776 4280 1001 4350 ψῆφος),
1034 4279 1179 4349 ἔχεις
1210 4281 1377 4350 ἡμᾶς,
1407 4283 1455 4334 εί
1478 4281 1553 4351 μὴ
1577 4280 1837 4352 φορτικόν

245 4375 450 4435 εἰπεῖν,
479 4371 751 4442 λαμπρῶς
776 4373 871 4424 ἐπὶ
901 4371 984 4424 σοὶ
1019 4372 1486 4440 στεφανωθέντας.
1535 4374 1598 4425 Et
1627 4373 1684 4425 δὲ
1724 4374 1836 4436 τοῖς

2018 4094 2299 4164 Siquidem
2330 4094 2399 4148 ab
2426 4093 2731 4149 intentione
2758 4093 2827 4165 de
2859 4094 3020 4148 rebus
3052 4093 3189 4148 actis
3212 4091 3444 4163 iudicas,
3468 4098 3525 4148 et

1943 4186 2283 4259 propositum
2307 4186 2622 4240 consideres
2641 4186 2805 4256 (quod
2828 4200 2926 4254 par
2949 4193 3034 4239 est
3055 4184 3252 4249 facere,
3279 4184 3526 4255 quando-

1942 4279 2163 4350 quidem
2189 4278 2266 4331 ita
2291 4276 2473 4332 divina
2502 4276 2822 4347 praacipiant
2847 4275 3297 4341 oracula),habes
3315 4284 3369 4330 et
3400 4290 3525 4341 nos,

1944 4385 2015 4424 ne
2068 4368 2196 4438 quid
2221 4356 2439 4439 gravius
2467 4367 2664 4429 dicam,
2702 4367 2983 4437 splendide
3010 4382 3041 4421 a
3066 4375 3120 4421 te
3156 4374 3447 4421 coronatos
3471 4377 3529 4420 et

246 4466 437 4535 ἔργοις
491 4463 650 4527 δίδως
687 4465 780 4517 τὸν
817 4465 1100 4532 στέφανον,
1143 4466 1292 4535 ἡμᾶς
1351 4465 1449 4535 μὲν
1494 4465 1601 4518 οὐδ’
1657 4464 1829 4529 οὕτως

1943 4460 2238 4515 honoratos
2261 4475 2273 4512 :
2299 4460 2383 4513 sin
2417 4459 2553 4513 actis
2570 4458 2788 4513 dederis
2818 4473 3096 4519 coronam.
3115 4472 3217 4512 nos
3238 4457 3407 4521 nullo,
3427 4471 3529 4510 nec

244 4556 404 4609 οὐδὲν
438 4554 761 4626 ζημιώσεις.
811 4556 948 4609 Οὐδὲ
981 4556 1115 4625 γάρ,
1148 4556 1269 4609 οὐδὲ
1302 4556 1478 4622 τοῦτο,
1515 4556 1693 4610 καίτοι
1722 4556 1832 4609 τῶν

1943 4554 2019 4610 sic
2044 4553 2286 4623 quidem,
2328 4552 2528 4607 damno
2563 4552 2782 4609 aﬂicies.
2826 4550 3011 4621 Neque
3062 4551 3207 4606 enim
3239 4564 3338 4605 nos
3359 4592 3373 4615 ,
3403 4549 3531 4604 licet

246 4647 463 4717 καιρῶν
492 4648 625 4717 ἡμῖν
656 4648 1053 4701 ἀντιπνεόντων
1072 4687 1088 4713 ,
1119 4647 1455 4717 ὲνελίπομεν.
1521 4648 1729 4703 Ἐκεῖνο
1776 4648 1832 4701 δέ

1943 4652 2193 4714 tempore
2259 4643 2512 4708 adverso,
2566 4642 2866 4697 defecimus
2913 4640 3124 4695 oﬂicio:
3180 4649 3237 4694 et
3294 4638 3425 4693 illud
3477 4648 3531 4692 te

250 4757 311 4792 σε
341 4738 587 4792 συνιέναι
638 4737 766 4809 χρὴ,
813 4738 895 4792 ὅτι
945 4738 1122 4794 ταῦτα
1144 4722 1536 4810 ψηφιζόμενος,
1570 4742 1670 4811 οὐχ
1690 4741 1832 4812 ἡμᾶς

1947 4746 2163 4808 Oportet
2184 4735 2349 4802 scire,
2379 4735 2524 4805 quod
2553 4734 2625 4789 ita
2652 4733 3021 4798 decernendo,
3044 4746 3154 4786 non
3182 4739 3291 4785 tam
3316 4745 3419 4785 nos
3456 4730 3531 4784 al-

250 4830 461 4900 μᾶλλον
517 4827 751 4899 θατέρου
795 4828 905 4883 τῶν
961 4830 1245 4898 στεφάνων
1297 4830 1645 4900 ἀποστερεῖς,
1701 4828 1832 4882 ἀλλὰ

1945 4839 2153 4887 terutra
2182 4844 2510 4885 coronarum
2541 4828 2747 4898 privas,
2776 4841 2941 4897 quam
2975 4836 3261 4894 utramque
3291 4839 3322 4877 a
3351 4824 3532 4893 teipso

250 4923 487 4978 σεαυτοῦ
532 4923 795 4995 ἑκάτερον
823 4925 1077 4994 ἀφαιρεῖς
1096 4937 1110 4958 ⁸
1139 4925 1200 4978 ὃν
1228 4940 1288 4976 τε
1313 4921 1564 4992 προξενεῖ
1581 4920 1650 4974 τά
1679 4919 1832 4992 ἔργα,

1948 4920 2134 4987 tollis;
2174 4934 2373 4989 nempe
2400 4933 2564 4989 quam
2608 4916 2911 4988 largiuntur
2942 4929 3133 4986 opera,
3167 4922 3224 4970 et
3250 4929 3413 4985 quam
3434 4929 3532 4969 vo-

250 5017 351 5070 καὶ
377 5016 438 5070 ὃν
466 5016 657 5071 πλέκει
682 5017 717 5086 ή
745 5015 1084 5087 προαίρεσις.

867 5125 1095 5180 ΕιιιΣτ.
1146 5125 1283 5194 scr.

307 5212 691 5281 ’Λναστασίῳ
766 5215 1149 5342 πρεσῗὶυτέρῳ
1214 5215 1315 5272 καὶ
1365 5214 1812 5284 βιϐλοθηκαρίῳ

980 5304 1162 5356 ωμηςο

1950 5012 2135 5068 luntas
2162 5011 2357 5082 plectit
2381 5018 2438 5066 et
2469 5009 2833 5080 propositum.

2480 5122 2701 5179 EPIST.
2742 5121 2925 5178 LXVI.

2058 5216 2343 5273 Anastasio
2391 5217 2687 5287 presbytero
2746 5226 2795 5270 et
2823 5214 3216 5270 bibliothecario
3236 5213 3496 5269 Romano.

1501 5381 1767 5432 Montacut.
1802 5378 1907 5443 (ep.
1942 5376 2050 5435 170,
2081 5393 2131 5441 p.
2164 5379 2297 5441 244).

340 5462 460 5537 Ἀφ’
510 5470 665 5541 ἱερᾶς
726 5468 827 5541 μέν
886 5485 990 5534 σοι,
1022 5469 1084 5523 τὸ
1121 5469 1512 5542 παροιμιῶδες,
1567 5469 1597 5522 ὁ
1643 5468 1835 5537 ἀγών·

255 5557 359 5630 ὀψὲ
417 5560 474 5615 δὲ
502 5561 605 5632 τῆς
649 5548 856 5634 χρείας,
889 5564 985 5618 καὶ
1028 5563 1128 5634 τῆς
1164 5563 1389 5633 γνώμης
1419 5562 1481 5615 οὐ
1529 5562 1839 5632 μέμφομαι.

259 5652 366 5705 Τὸν
432 5655 625 5725 καιρὸν
685 5656 729 5708 δ’
774 5656 886 5725 ὁρῶ
937 5656 1358 5728 παρελάσαντα,
1413 5654 1507 5708 καί
1560 5671 1650 5723 μοι
1698 5654 1847 5706 δοκεῖ

258 5742 444 5796 τοῦτον
503 5747 604 5799 οὐκ
672 5746 937 5816 ἀκόμψως
997 5751 1025 5801 ό
1059 5745 1476 5815 αίνιγματιστὴς
1530 5742 1845 5807 ἀπεικάζων

2019 5468 2065 5521 Α
2089 5483 2243 5522 sacra
2273 5466 2435 5529 linea,
2479 5475 2537 5520 ut
2561 5466 2907 5536 proverbium
2922 5456 3110 5533 habet,
3131 5468 3227 5525 tibi
3255 5479 3533 5525 certamen

1951 5557 2204 5611 sumitur.
2220 5556 2335 5612 Nec
2363 5557 2727 5627 reprehendo,
2754 5559 2900 5628 quod
2918 5568 3042 5630 post
3084 5574 3246 5613 usum
3263 5571 3319 5613 et
3344 5559 3535 5630 cogni-

1955 5649 2157 5702 tionem
2176 5649 2641 5717 opportunitatem
2692 5648 2933 5718 elapsam
2965 5648 3144 5703 video.
3187 5646 3300 5703 Nec
3337 5648 3533 5705 inscite

1956 5740 2091 5795 mihi
2128 5738 2351 5795 videtur
2368 5740 2705 5813 arnigmatica
2747 5740 2921 5797 oratio
2950 5740 3055 5796 hoc
3079 5739 3379 5806 insinuare,
3411 5754 3536 5811 qua
