4024 6446
346 401 447 462 879

1500 391 1762 454 PHOTII
1798 387 2303 450 I’ATRIARCHE
2360 386 2471 445 (ΣΡ.

3512 373 3620 437 880

347 521 525 574 fronte
569 517 880 587 capiHatam
902 513 1264 578 occasionem,
1291 527 1320 565 a
1348 511 1554 581 postico
1578 510 1786 563 calvam
1815 508 1935 576 pin-

2054 503 2216 571 ιόγος,
2283 498 2592 572 ἔμπροσθεν
2646 496 2743 566 μὲν
2807 491 3188 565 ἀκερσεκόμην
3219 530 3234 556 ,
3285 486 3510 541 δπισθεν
3563 486 3623 538 δὲ

347 612 442 682 git.
472 608 605 662 nam
659 623 786 662 cum
837 604 1182 676 praaterlapso
1232 610 1477 671 tempore
1530 599 1781 662 advenit,
1810 596 1937 650 licet

353 702 608 756 onmibus
632 698 900 754 machinis
950 704 1329 768 persequatur,
1389 692 1532 747 haud
1573 688 1937 760 comprehen-

353 793 447 850 det
500 802 703 846 tamen.
765 787 872 842 Sed
917 788 1061 842 bene
1123 787 1191 840 sit
1243 783 1595 854 compatienti
1658 780 1937 852 preposito

353 892 467 949 tuo,
507 890 790 951 utcunque
816 878 969 934 tarde
1020 876 1324 933 advenerit.
1362 875 1536 930 Amici
1560 873 1707 929 enim
1736 872 1939 927 debent

351 975 573 1047 gratiam
600 986 713 1026 non
739 987 839 1026 usu
882 979 938 1025 et
995 968 1321 1026 necessitate
1350 966 1551 1034 metiri,
1606 965 1702 1022 sed
1741 963 1940 1019 aﬂectu

351 1077 406 1120 et
437 1065 739 1120 voluntate.

880 1172 1106 1230 EPIST.
1158 1171 1365 1226 LXVII.

845 1267 1108 1321 Damiano
1147 1265 1462 1318 xenodoclto.

2038 597 2264 666 κουρίαν
2328 594 2387 647 ὲν
2439 587 3026 663 χρῷ,διαγράψασθαι.
3077 582 3332 636 Ἐπειδὰν
3375 580 3487 648 γάρ
3537 595 3625 640 τις

2038 688 2214 741 ὀπίσω
2249 683 2344 738 τοῦ
2390 683 2579 754 χρόνου
2609 681 2860 751 γένηται,
2898 679 3004 731 κᾶν
3040 675 3261 746 μυρίαις
3301 672 3467 724 αὑτὸν
3497 671 3623 722 ὲπιο

2038 778 2210 848 διώκῃ
2238 777 2476 848 τέχναις,
2498 775 2597 828 οὐκ
2624 773 2770 826 ἐστιν
2792 769 2957 825 αὑτοῦ
2983 763 3434 839 περιδράξασθαι.
3479 759 3624 813 Ἀλλ’

2044 866 2175 938 εὖτέ
2208 885 2292 921 σοι
2341 868 2436 922 καὶ
2476 867 2575 936 τῆς
2613 863 2703 918 διὰ
2754 863 2983 934 βράδους
3015 857 3278 926 ἐλθούσης
3303 851 3627 924 συμπαθοῦς

2039 960 2434 1032 προαιρέσεως.
2465 959 2638 1010 Φίλων
2675 955 2808 1026 γὰρ,
2840 954 2962 1023 οὐχί
2999 954 3066 1022 τῇ
3103 948 3266 1018 χρείᾳ
3310 945 3409 1017 τὴν
3465 942 3628 1013 χάριν

2041 1055 2276 1124 μετρεῖν,
2299 1053 2367 1122 τῇ
2390 1048 2611 1120 προθέει
2633 1048 2689 1102 δὲ
2719 1048 2923 1118 κρίνειν
2945 1046 3042 1114 τὴν
3059 1041 3291 1096 εὔνοιαν.

2623 1161 2862 1216 ἘΠΙΣΤ.
2914 1157 3034 1213 ΞΖ’.

2511 1251 2782 1322 Δαμιανῷ
2832 1250 3152 1319 ξενοδόχῳ.

1583 1377 1850 1428 Montacul.
1887 1378 1988 1438 (ep.
2024 1372 2132 1432 195,
2162 1385 2213 1434 p.
2244 1370 2378 1434 295).

427 1482 486 1538 Si
519 1481 796 1554 graviores
839 1495 1002 1550 quam
1054 1478 1249 1534 delicta
1311 1487 1592 1532 merentur
1638 1490 1830 1548 pmnas
1873 1476 1947 1529 ir-

357 1575 652 1646 rogaveris,
691 1573 807 1628 noli
865 1571 1129 1627 arbitrare
1161 1571 1458 1640 tejustitia:
1489 1569 1626 1624 ﬁnes
1667 1585 1779 1624 non
1802 1577 1947 1623 tran-

356 1668 506 1723 silire
543 1685 556 1720 :
604 1681 732 1720 nam
765 1679 874 1719 non
909 1673 1121 1718 tantum
1166 1667 1266 1717 hoc
1316 1663 1511 1716 rationi
1575 1660 1863 1716 reddendae
1899 1670 1951 1714 te

357 1773 468 1814 non
494 1755 770 1826 subiiciet,
801 1755 929 1810 licet
964 1754 1101 1826 legis
1152 1763 1416 1824 praztextu
1467 1753 1576 1817 ﬁat,
1641 1752 1737 1806 sed
1771 1751 1950 1821 dupli-

2114 1469 2206 1542 Μὴ
2238 1470 2457 1541 μείζους
2480 1467 2729 1522 ἀπαιτῶν
2765 1465 2863 1528 τὰς
2883 1465 2992 1518 τῶν
3013 1463 3371 1534 πταισμάτων
3396 1459 3633 1530 είσπρὰο

2052 1563 2163 1628 ξεις
2209 1563 2314 1630 ἔξω
2342 1561 2527 1632 νόμιζε
2556 1560 2773 1622 δικαίας
2807 1560 3001 1628 ποινῆς
3029 1557 3295 1628 πράττειν
3330 1569 3347 1586 ⁶
3368 1553 3431 1607 οὐ
3467 1553 3629 1623 μόνον

2044 1653 2152 1722 γὰρ
2174 1653 2273 1706 οὐκ
2296 1650 2610 1718 ἀνεύθυνον,
2639 1648 2740 1703 κᾶν
2767 1649 2852 1701 ἐπ’
2869 1647 3094 1716 ὀνόματι
3117 1645 3283 1714 νόμου
3306 1643 3469 1698 τοῦτο
3497 1645 3628 1712 ποιῇ

2046 1762 2152 1811 τις,
2207 1744 2342 1798 ἀλλὰ
2398 1744 2494 1797 καὶ
2551 1742 2759 1804 διπλοῖς
2829 1741 3013 1810 ἔνοχον
3100 1738 3436 1806 ἀδικήμασιν
3466 1751 3482 1767 ο
3542 1735 3630 1786 ὅτι

357 1857 492 1906 cata
542 1825 823 1918 iniustitia:
844 1861 996 1902 reum
1026 1825 1172 1910 iacit,
1205 1845 1484 1908 nimirum,
1517 1843 1662 1913 quod
1690 1841 1944 1911 injuriam

2054 1837 2142 1890 καὶ
2210 1835 2420 1898 ἀδικίας
2484 1834 2683 1906 ἄρχει,
2735 1831 2830 1886 καὶ
2871 1831 3074 1902 νόμους
3135 1828 3394 1898 ὑϐρίζειο
3463 1825 3631 1896 μέχρι

359 1940 560 2005 intulit,
599 1916 672 1993 iet
725 1939 871 2008 leges
951 1936 1115 1991 allicit
1179 1936 1504 1990 contumelia
1547 1953 1562 1988 :
1619 1933 1726 1989 huc
1773 1948 1943 2004 usque

2054 1929 2151 2000 μὲν
2201 1929 2308 2000 γὰρ
2359 1927 2516 1982 τοῦτο
2551 1967 2566 1991 ,
2628 1927 2742 1979 ἴσον
2794 1925 2949 1994 παρά
3009 1923 3103 1976 τοῦ
3145 1920 3470 1991 ἠδικηκότος
3533 1916 3626 1969 λαο

359 2031 545 2086 forsan
573 2045 789 2100 aquum
833 2039 888 2083 et
935 2027 1234 2098 legitimum
1266 2037 1368 2091 est,
1424 2027 1492 2081 ab
1553 2026 1758 2096 injuria
1823 2024 1942 2079 allio

357 2122 539 2176 ciente
566 2135 784 2190 paruam
828 2133 1156 2189 reposcere:
1193 2128 1248 2172 at
1279 2132 1590 2171 mensuram
1643 2114 1942 2188 transgredi

358 2211 416 2266 in
444 2210 735 2267 inferendo
771 2210 1059 2280 supplicio,
1088 2219 1285 2264 contra
1322 2208 1469 2278 leges
1511 2207 1799 2262 manifeste
1845 2222 1946 2277 pu-

359 2310 509 2374 gnat,
575 2311 631 2358 et
692 2300 960 2373 supplicio
1024 2301 1246 2372 dignum
1321 2298 1451 2354 facit
1503 2299 1694 2354 eodem
1725 2339 1740 2362 ,
1801 2299 1946 2368 quod

359 2393 638 2465 irrogavit,
673 2394 717 2450 si
771 2409 882 2448 non
908 2393 1173 2463 graviore,
1213 2402 1362 2448 certe
1410 2408 1520 2448 non
1547 2391 1943 2446 moderatiore:

359 2487 452 2540 dat
484 2487 630 2540 enim
671 2485 886 2540 initium
941 2485 1094 2540 alteri
1137 2484 1348 2556 injuriae
1384 2502 1398 2538 :
1449 2483 1496 2538 si
1540 2491 1689 2538 certe
1729 2483 1821 2552 qui
1879 2483 1947 2536 ab

362 2578 535 2630 altero
600 2591 789 2645 poenas
837 2591 937 2646 pro
983 2575 1183 2644 injuria
1214 2574 1468 2644 reposcit,
1511 2588 1578 2628 eo
1629 2571 1748 2642 ipso
1785 2572 1949 2627 debet

364 2667 481 2735 ipse
511 2665 940 2719 moderationem
987 2663 1221 2729 discere,
1250 2677 1321 2716 ne
1345 2662 1491 2732 juste
1517 2675 1582 2715 ea
1610 2675 1769 2730 pcena
1792 2673 1948 2728 repo-

361 2766 543 2811 scatur
594 2756 664 2810 ab
695 2755 838 2826 ipso.
889 2752 1047 2821 Quod
1093 2753 1138 2808 si
1161 2752 1463 2808 debitorem
1494 2752 1684 2806 decem
1718 2751 1947 2805 millium

365 2848 698 2901 talentorum
732 2846 918 2901 animo
959 2845 1188 2907 recolas,
1265 2854 1321 2900 et
1364 2844 1657 2922 terribilem
1700 2844 1845 2897 illam
1894 2850 1949 2897 et

366 2938 593 2992 horrore
621 2937 840 3007 plenam
897 2936 1399 3001 comminationem,
1433 2935 1558 2990 licet
1598 2935 1736 2989 nihil
1768 2945 1950 2990 extor-

361 3028 564 3098 quebat
603 3044 712 3083 non
740 3028 1006 3094 debitum,
1057 3037 1267 3082 tantum
1294 3027 1439 3097 quod
1470 3027 1704 3083 debitori
1727 3043 1837 3081 non
1859 3042 1950 3097 pe-

364 3121 535 3189 percit
575 3140 590 3174 :
623 3136 786 3176 scena
819 3120 909 3175 illa
938 3129 993 3176 et
1024 3128 1340 3190 praeteritus,
1389 3129 1442 3175 te
1479 3119 1781 3175 secundum
1804 3119 1949 3190 leges

2043 2022 2181 2088 δεῖν,
2209 2020 2440 2092 νόμιμον
2491 2021 2621 2083 ῐσως
2676 2019 2789 2082 τοῖς
2834 2016 3046 2079 πολλοῖς
3089 2014 3186 2068 καὶ
3221 2013 3282 2066 οὐ
3325 2011 3565 2079 χαλεπόν
3596 2024 3612 2036 ·

2047 2110 2463 2182 ὑπερϐεϐηκότα
2507 2109 2566 2161 δὲ
2607 2107 2668 2161 τὸ
2711 2107 2931 2178 μέτρον,
2959 2103 3042 2156 ἔτι
3099 2101 3293 2163 ποινάς
3321 2097 3629 2166 ἐπιζητεῖν,

2046 2201 2360 2272 παράνομον
2381 2199 2633 2268 φανερῶς
2646 2195 3017 2266 καὶτιμωρίας
3033 2192 3216 2263 ἔνοχον
3232 2184 3299 2262 ἧς
3321 2185 3630 2259 ἀπῄτησεν,

2052 2294 2141 2346 ἵνα
2170 2291 2245 2364 μὴ
2269 2290 2412 2360 λέγω
2437 2289 2766 2360 βαρυτέρας,
2787 2288 2928 2350 τέως
2952 2287 3013 2338 ού
3041 2281 3414 2354 μετριωτέρας
3439 2296 3453 2308 ·
3480 2278 3628 2348 ἀρχὴ

2046 2384 2156 2455 γάρ
2184 2385 2330 2436 ἐστιν
2349 2381 2685 2451 ἀδικήματος
2713 2377 2872 2432 ἀλλον
2906 2392 2920 2406 ’
2948 2375 3149 2445 καίπερ
3181 2375 3208 2426 ὁ
3237 2371 3393 2441 δίκην
3414 2369 3626 2439 ἕτερον,

2048 2476 2187 2544 ὑπὲρ
2226 2468 2301 2528 ὧν
2329 2473 2606 2544 ἠδίκησεν,
2637 2469 2908 2535 ἀπαιτῶν,
2930 2467 3158 2521 αὐτόθεν
3207 2463 3440 2532 ὤφειλεν
3476 2461 3621 2530 ἔχειν

2046 2568 2138 2620 τὸν
2160 2565 2554 2638 σωφρονισμὸν,
2573 2565 2652 2626 είς
2677 2561 2738 2614 τὸ
2776 2562 2848 2632 μὴ
2878 2559 2974 2612 ἐπὶ
3001 2561 3113 2622 τοῖς
3133 2558 3268 2620 ῐσοις
3299 2555 3394 2607 καὶ
3423 2552 3632 2623 ὁμοίοις

2047 2659 2148 2728 τὴν
2175 2659 2328 2727 δίκην
2360 2657 2613 2725 ὀφείλειν,
2638 2654 2773 2719 ἁλλ’,
2804 2653 2878 2716 ὡς
2919 2652 3116 2715 ἔοικεν,
3139 2649 3241 2702 οὐκ
3268 2647 3417 2700 ἔστιν
3457 2644 3629 2716 ὀργῆς

2048 2750 2475 2822 ἐμμανέστερον.
2512 2747 2572 2798 Εἰ
2598 2746 2656 2798 δὲ
2685 2747 2781 2798 καὶ
2810 2743 2900 2794 τὸν
2929 2740 3213 2810 ὀφειλέτην
3254 2737 3366 2790 τῶν
3417 2735 3628 2805 μυρίων

2048 2841 2332 2897 ταλάντων
2381 2841 2460 2902 εἰς
2511 2836 2636 2890 νοῦν
2695 2833 3023 2896 ἀναλάϐοις,
3083 2830 3180 2883 καὶ
3241 2828 3343 2898 τὴν
3393 2824 3629 2895 φοϐερὰν

2050 2934 2287 3004 ἐκείνην,
2320 2931 2414 2986 καί
2440 2948 2523 2982 τοι
2553 2928 2702 2982 οὐδὲν
2737 2927 2864 2982 ἄλλο
2888 2926 2922 2995 ἢ
2953 2925 3090 2993 ὅπερ
3135 2919 3482 2992 ὲχρεώστητο
3524 2920 3630 2972 ἀπ·-

2048 3028 2168 3100 ῄτει
2187 3026 2280 3080 καὶ
2296 3024 2498 3094 φρίκης
2515 3021 2790 3092 γέμουσαν
2806 3016 3054 3086 ἀπειλὴν,
3074 3016 3158 3068 ὅτι
3190 3013 3268 3084 μὴ
3292 3009 3634 3079 συγγνώμων

2050 3121 2258 3190 ἐγίνετο
2291 3117 2370 3188 τῷ
2407 3115 2684 3186 ὀφειλέτη,
2716 3113 2836 3166 τίνα
2865 3113 2930 3166 ἄν
2965 3127 3046 3162 σοι
3077 3110 3111 3178 ἡ
3150 3104 3327 3176 σκηνὴ
3355 3101 3475 3171 τοῦ,
3497 3100 3634 3154 κατὰ

362 3214 564 3280 facere,
594 3213 726 3284 quid
765 3213 1044 3284 proderit?
1074 3210 1217 3283 quod
1236 3211 1496 3266 auxilium
1530 3222 1659 3266 tunc
1681 3227 1938 3281 procura-

2054 3214 2203 3282 νόμον
2228 3208 2438 3263 οἴεσθαι
2458 3218 2479 3245 ι’
2506 3209 2764 3279 πράττειν
2784 3244 2798 3266 ,
2823 3205 2918 3257 καὶ
2947 3199 3354 3272 παρανομοῦντι
3381 3193 3633 3266 βοήθειαν

362 3305 471 3360 bit?

892 3418 1110 3474 EPIST.
1162 3419 1252 3474 LX
1265 3420 1394 3476 VIII.

754 3511 924 3565 Paulo
965 3513 1217 3565 monacho
1281 3511 1446 3579 lapso.

2055 3301 2354 3371 ὲμπορίσῃς

2632 3408 2854 3462 ΕΠΙΣΤ.
2901 3403 3024 3459 EH'.

2300 3502 2519 3568 Παύλῷ
2557 3496 2804 3572 μοναχῷ
2854 3491 3373 3560 ἀποστατήσαντι.

1625 3631 1890 3680 Montacut.
1928 3627 2115 3690 (ομ-7,
2152 3640 2199 3687 p.
2236 3625 2334 3686 7|).

435 3737 604 3792 Deum
636 3745 882 3791 nostrum
937 3735 1215 3791 Christum
1238 3734 1528 3805 abnegavit
1560 3734 1756 3789 Petrus
1791 3751 1806 3788 :
1837 3733 1944 3788 dif-

365 3829 566 3884 ﬁdebat
599 3828 777 3883 eidem
809 3825 1078 3890 Thomas;
1113 3824 1283 3881 Judas
1347 3835 1530 3880 autem
1565 3824 1826 3895 prodidit.
1863 3823 1946 3878 Tu

361 3931 545 3976 autem
587 3920 634 3975 si
690 3919 988 3990 resipueris
1024 3918 1093 3972 ab
1147 3917 1214 3972 iis
1259 3931 1380 3986 quae
1441 3926 1633 3972 contra
1679 3932 1802 3984 nos,
1855 3926 1951 3970 aut

366 4025 516 4068 tuam
561 4011 743 4082 potius
802 4010 1054 4076 salutem,
1099 4008 1284 4064 lurore
1337 4010 1578 4078 percitus
1624 4009 1945 4078 patraveris,

363 4118 488 4174 quae
525 4109 581 4157 te
620 4100 690 4155 ad
722 4109 962 4155 mentem
1000 4115 1189 4154 sanam
1238 4100 1501 4155 reducere
1529 4098 1822 4163 debebant,
1852 4099 1948 4152 de-

364 4209 585 4264 sperare
608 4193 742 4247 noli.
777 4191 888 4248 Nos
916 4191 1087 4256 enim,
1113 4201 1390 4260 utcunque
1419 4201 1533 4246 tute
1556 4191 1671 4260 ipse
1693 4204 1949 4245 emausor

365 4285 386 4338 t
391 4283 557 4346 ueris,
597 4283 666 4338 ab
687 4281 887 4338 aﬂ'ectu
921 4283 977 4336 in
1017 4290 1068 4336 te
1133 4293 1320 4338 nostro
1349 4297 1460 4336 non
1486 4281 1951 4337 excidimus.Sint

364 4374 605 4431 Thomas
625 4385 681 4430 et
726 4373 920 4430 Petrus
950 4375 1173 4444 antiqua
1205 4373 1298 4429 tibi
1329 4371 1579 4444 exempla
1610 4374 1676 4428 ad
1716 4389 1948 4428 conver—

362 4466 574 4521 sionem
609 4485 624 4520 :
661 4466 756 4522 sed
787 4475 843 4521 et
885 4465 1023 4522 alios
1063 4465 1227 4521 etiam
1260 4466 1529 4535 collapsos
1577 4463 1947 4526 conservabis,

2115 3735 2218 3788 Τὸν
2263 3727 2496 3801 Χριστὸν
2550 3725 2644 3778 καὶ
2683 3703 2827 3776 ⁹Θεὸν
2879 3718 3060 3790 ἡμῶν,
3107 3717 3138 3768 ὁ
3193 3714 3406 3781 Πέτρος
3465 3705 3626 3778 ἠρνή-

2049 3847 2201 3895 σατο,
2254 3829 2284 3882 ὁ
2334 3824 2536 3894 Θωμᾶς
2589 3819 2918 3892 ἠπίστησεν,
2975 3817 3004 3868 ὁ
3061 3810 3267 3872 Ἰούδας
3323 3803 3621 3878 προύδωκεο

2050 3925 2115 3977 σὺ
2164 3920 2353 3986 οὓν,εἱ
2415 3917 2515 3987 μὲν
2579 3913 2853 3985 μετέγνως
2901 3909 2986 3977 ἐφ’
3039 3902 3142 3971 οἷς,
3195 3903 3259 3968 ἐξ
3299 3896 3376 3956 ὧν
3425 3899 3531 3953 ἔδει
3579 3911 3634 3949 σε

2053 4013 2373 4082 σωφρονεῖν,
2398 4009 2519 4063 καθ’
2547 4006 2728 4078 ἡμῶν,
2762 4001 2963 4074 μᾶλλον
2989 3999 3044 4052 δὲ
3067 3998 3170 4068 τῆς
3201 3997 3305 4066 σῆς
3340 3991 3637 4082 σωτηρίας,

2051 4079 2278 4175 ἐμάνης,
2319 4101 2484 4173 μηδὲν
2520 4096 2794 4166 ἀπογνῷς.
2832 4092 2970 4147 Ούτε
3000 4091 3110 4162 γὰρ
3166 4089 3270 4156 τῆς
3304 4085 3465 4156 ἡμῶν

2051 4170 2132 4255 σε,
2174 4170 2276 4243 κάν
2305 4170 2468 4249 αὐτὸς
2511 4184 2756 4254 ἐξέστης,
2810 4183 3136 4249 ἀπέστημεν
3187 4176 3510 4235 διαθέσεως,
3544 4170 3641 4222 καὶ

2049 4283 2252 4353 Θωμᾶς
2272 4299 2355 4336 σοι
2382 4283 2482 4351 τῆς
2505 4276 2873 4348 ἐπιστροφῆς,
2906 4273 3004 4327 καὶ
3033 4271 3264 4340 Πέτρος,
3289 4266 3494 4320 παλαιὰ
3521 4279 3636 4314 πα-

2063 4373 2401 4444 ραδείγματα
2432 4383 2448 4399 ο
2479 4367 2675 4429 σώσεις
2703 4365 2748 4418 δ’
2772 4365 2901 4426 ἴσως
2944 4363 3036 4416 καὶ
3066 4361 3228 4422 αὐτὸς
3256 4357 3450 4417 ἄλλους
3500 4369 3640 4421 σφα-

2051 4465 2265 4527 λέντας,
2301 4461 2372 4515 δι’
2408 4453 2485 4514 ὧν
2513 4459 2677 4521 αὐτὸς
2723 4458 2955 4526 ἀνέστης
2980 4450 3198 4506 πεσών·
3232 4449 3281 4502 εἰ
3335 4446 3396 4500 δὲ
3429 4446 3508 4516 μὴ
3542 4461 3638 4514 με-

363 4573 490 4614 cum
547 4573 580 4613 a
635 4575 767 4614 casu
821 4566 914 4612 tuo
953 4559 1306 4613 resuscitatus
1339 4557 1528 4612 fueris.
1585 4555 1740 4624 Quod
1766 4555 1810 4609 si
1850 4569 1946 4608 ne-

2054 4553 2288 4623 ταγνῷς,
2339 4551 2441 4606 κᾶν
2489 4549 2802 4620 ἀνιώμενοι,
2852 4546 3106 4615 λέγομεν,
3139 4543 3281 4613 πρὸς
3329 4540 3425 4593 τὸν
3471 4535 3645 4590 ’ἰούδα

362 4665 635 4720 quaquam
703 4649 1085 4720 pcenitentiam
1138 4649 1336 4718 egeris,
1391 4657 1445 4702 te
1530 4647 1657 4702 licet
1707 4647 1946 4702 dolentes

2054 4662 2112 4699 σε
2149 4646 2342 4716 βρόχον
2365 4643 2657 4697 ὑπόλοιπον
2679 4639 2913 4710 ἀφορᾷν.

363 4741 445 4798 sic
478 4741 727 4808 aﬁ'amur,
782 4741 1054 4810 reliquum
1135 4749 1312 4795 estut
1361 4738 1514 4793 Judae
1566 4739 1819 4807 laqueum
1865 4752 1953 4790 re-

363 4844 586 4900 spicias.
1345 4883 1352 4898 η

931 4940 1156 5025 EPIST.
1200 4938 1389 4994 LXIX.

863 5034 1114 5089 Monac/ro
1145 5031 1210 5084 E.
1251 5030 1504 5098 collapsa.

2673 4930 2894 4984 ΕΠΙΣΤ.
2928 4927 3049 4979 Ξθ.

2456 5023 2785 5083 Μονάζοντι
2820 5025 2885 5075 Ε.
2918 5021 3192 5072 πεσόντι.

1606 5144 1869 5192 Montacut.
1910 5150 2012 5205 (ep.
2049 5146 2128 5206 12,
2160 5160 2209 5208 p.
2245 5145 2346 5209 74)·.
2433 5155 2437 5160 ’

433 5253 683 5307 Peccasti
719 5270 732 5306 :
778 5255 1081 5308 humanum
1111 5263 1214 5308 est.
1250 5254 1358 5308 Sed
1423 5251 1645 5322 peccato
1710 5249 1948 5303 admisso

363 5341 620 5407 inhaeres,
656 5357 757 5397 nec
794 5343 1086 5397 reverteris
1120 5361 1134 5396 :
1181 5345 1266 5398 hci
1289 5344 1454 5398 mihi!
1489 5343 1591 5396 hoc
1619 5340 1949 5396 diabolicum

363 5439 466 5484 est.
497 5429 815 5497 Considera,
835 5446 1038 5500 quaeso,
1065 5448 1132 5485 an
1161 5449 1268 5510 non
1296 5432 1578 5504 professus
1601 5447 1724 5488 cum
1755 5447 1947 5485 mona—

363 5521 484 5577 chis
508 5531 732 5588 sortem,
773 5525 828 5577 et
878 5525 1166 5594 stipulatus
1227 5526 1526 5596 angelicam
1577 5525 1948 5580 conversatio-

2129 5251 2414 5318 ’Ἡμαρτες
2441 5263 2454 5275 ·
2491 5242 2833 5313 ἀνθρώπινον
2861 5238 3038 5291 τοῦτο.
3079 5236 3220 5289 ’Λλλ’
3252 5233 3542 5310 ἐπιμένεις
3567 5228 3642 5297 τῷ

2055 5341 2232 5411 κακῷ,
2264 5341 2357 5393 καὶ
2385 5341 2485 5391 οὐκ
2528 5335 2834 5408 ἐπιστρέφῃ
2860 5349 2872 5361 ·
2903 5331 3197 5401 δαιμόνων,
3233 5327 3290 5380 οἵ
3317 5343 3432 5397 μοι,
3460 5323 3638 5377 τοῦτο.

2057 5433 2254 5485 Σκόπει
2281 5431 2370 5500 δὴ,
2401 5430 2477 5500 μὴ
2508 5429 2631 5482 ἀντὶ
2659 5428 2755 5480 τοῦ
2788 5421 3158 5494 παραγγεῖλαί
3195 5436 3255 5472 σε
3288 5419 3370 5481 είς
3397 5416 3497 5486 τὴν
3537 5413 3642 5468 τῶν

2065 5519 2920 5596 μοναζόντωνικληρουχίαν,καὶ
2957 5513 3394 5584 ἐπαγγείλασθαί
3431 5529 3492 5565 σε
3545 5509 3642 5580 τὴν

1642 5678 1880 5733 VARle
1934 5677 2340 5733 LECTIONES.

443 5841 466 5872 τ
498 5835 588 5890 lo’.
616 5831 792 5906 οἶμαι.
