4024 6458
262 392 379 466 ’881

1455 412 1996 474 EPISTOLARUM
2037 415 2269 475 LIBER
2311 417 2391 476 II.

3452 422 3559 484 882

266 516 381 569 τῶν
436 514 705 586 ἀγγέλων
776 520 1077 586 πολιτείαν,
1155 525 1234 585 εἰς
1282 526 1382 593 τὴν
1447 526 1554 579 τῶν
1603 528 1859 598 δαιμόνωι

1974 544 2122 595 nem,
2144 529 2201 583 in
2236 529 2531 585 infaustum
2560 523 2957 587 ammouiorum
2983 536 3187 586 Statum
3243 534 3496 593 reeidens
3515 578 3533 603 τ

268 609 626 681 κατενεχθῇς
691 609 989 682 μοχθηρίαν
1016 654 1033 677 ,
1109 616 1205 667 καὶ
1276 618 1417 685 πρὸς
1495 618 1593 695 τὴν
1652 618 1859 671 ἐκείνωι

1968 623 2038 677 ad
2092 623 2306 680 illorum
2327 639 2516 693 poenas
2544 620 2924 695 praecipitaris,
2968 622 3061 678 ubi
3090 635 3270 681 cessat
3301 631 3551 700 proposi-

267 700 605 773 ἀπενεχθῇς
639 704 914 775 τιμωρίαν
942 722 956 736 ·
990 708 1097 759 ’ὅτε
1157 710 1309 762 πᾶσα
1362 711 1637 780 πρόφασις
1685 712 1867 782 ἀργεῖ,

268 793 366 847 καὶ
402 796 494 858 είς
552 795 708 850 κενὸν
743 799 777 867 ή
829 799 1108 868 μετάνοια.

914 912 1139 966 ΕΠΙΣΤ.
1178 916 1251 967 0'.

585 1000 915 1066 Ἀθανασίφ
954 1003 1198 1074 μοναχῷ
1252 1006 1640 1077 ἡσυχάζοντι.

1970 724 2107 780 tum,
2149 722 2206 770 et
2252 714 2547 770 frustratur
2572 717 2917 772 numitentia.

2474 912 2692 968 EPIST.
2752 915 2913 971 LXX.

2204 1005 2494 1059 Athanasio
2530 1008 2783 1060 monacho
2809 1006 3160 1063 anachoreta.

1524 1123 1789 1175 Montacut.
1827 1124 1930 1187 (eo.
1965 1120 2047 1182 20,
2081 1134 2131 1183 p.
2167 1121 2271 1183 81).

355 1213 422 1266 '0
461 1213 577 1284 μὲν
606 1216 706 1286 τῆς
746 1218 1038 1289 Ἐριστὴς⁸
1067 1222 1389 1290 ἐπίσκοπος,
1423 1228 1543 1289 ταῖς
1573 1226 1859 1298 ὑμετέραις

2048 1224 2240 1277 Eristae
2308 1224 2619 1293 episcopus,
2678 1221 2876 1277 vestris
2928 1222 3183 1293 precibus
3238 1232 3472 1289 erectus,
3514 1238 3544 1277 a

272 1304 470 1373 εὐχαῖς
518 1306 806 1377 ὀρθωθεὶς,
851 1311 1130 1383 ἀνέρρωσε
1170 1314 1267 1366 τοῦ
1318 1316 1523 1379 πάθους
1549 1334 1565 1348 ο
1606 1319 1703 1371 καὶ
1768 1319 1859 1387 τῆς

1965 1317 2155 1371 morbo
2178 1316 2451 1370 convaluit
2486 1355 2501 1379 ,
2542 1322 2598 1368 et
2619 1314 2686 1368 de
2731 1315 3029 1385 putredine
3060 1316 3322 1370 liberatus
3395 1316 3543 1370 schi-

275 1398 668 1468 σχισματικῆς
714 1403 1006 1471 σηπεδόνος
1036 1404 1398 1472 ἀπαλλαγεὶς,
1428 1410 1495 1478 τῇ
1523 1407 1740 1478 ὁλότητι
1770 1408 1859 1461 τοῦ

1965 1407 2197 1461 smatica
2230 1447 2245 1471 ,
2307 1405 2476 1475 partis
2516 1405 2628 1475 jam
2695 1414 2749 1460 et
2794 1406 3025 1460 membri
3059 1420 3257 1460 munus
3314 1406 3541 1469 obiens,

271 1490 750 1560 ἐκκλησιαστικοῦ
788 1495 1060 1565 σώματος,
1099 1499 1294 1570 μέλους
1328 1502 1424 1553 καὶ
1468 1501 1667 1574 μέρους
1715 1502 1859 1570 τάξιι

1967 1515 2091 1553 cum
2122 1496 2492 1553 ecclesiastico
2518 1506 2634 1551 toto
2659 1505 2803 1551 cmtu
2824 1497 3238 1569 compaginatus
3263 1506 3368 1563 est,
3398 1498 3546 1567 prio-

272 1580 620 1652 ἀνειληφὼς,
662 1588 1033 1659 συνηρμόσθη,
1060 1590 1231 1643 πολλά
1284 1594 1381 1661 μὲν
1432 1596 1531 1663 τῆς
1596 1594 1859 1665 προτέρας

1970 1606 2086 1644 rem
2151 1590 2350 1643 mentis
2416 1604 2532 1643 suae
2585 1604 2733 1644 sanat
2780 1589 3110 1643 amotiOnem
3171 1590 3357 1643 multis
3409 1604 3545 1643 con—

274 1674 597 1740 καταγνοὺς
640 1677 1103 1748 φρενοϐλαϐείας,
1138 1681 1354 1746 πολλοῖς
1401 1682 1459 1736 δὲ
1510 1683 1743 1754 δάκρυσι
1804 1686 1859 1739 τὸ

1971 1682 2257 1746 demnans,
2293 1680 2544 1751 lacrymis
2583 1681 2952 1749 pavimentum
3015 1680 3210 1751 rigavit
3236 1680 3442 1744 multis,
3495 1689 3552 1735 et

274 1759 481 1829 ἔδαφος
526 1763 751 1833 ῥαίνων,
781 1769 1048 1838 οἰμωγαῖς
1084 1771 1141 1825 δὲ
1168 1773 1413 1836 πολλαῖς,
1440 1774 1537 1828 καὶ
1583 1775 1859 1829 ἐλεεινολο-

1970 1780 2292 1842 praesentem
2333 1773 2620 1842 synodum,
2674 1788 2838 1841 quam
2893 1773 2947 1826 in
2978 1787 3037 1828 se
3067 1772 3284 1827 videbat
3307 1772 3551 1825 inexora-

273 1851 429 1918 γίαις
465 1854 575 1925 τὴν
605 1857 889 1927 παροῦσαν
908 1861 1146 1928 σύνοδον,
1180 1865 1559 1935 ἀπαραίτητον
1577 1867 1665 1919 ἐπ’
1708 1868 1859 1921 αὑτὸν

1969 1864 2153 1928 bilem,
2204 1864 2480 1928 lamentis,
2534 1863 2807 1919 ﬂebilibus
2830 1863 3197 1928 sermonibus,
3229 1866 3446 1919 tandem
3478 1862 3549 1916 ad

274 1944 523 2014 ὁρῶσαν,
558 1949 642 2013 εἰς
679 1950 997 2022 οίκτιρμοὺς
1025 1955 1284 2021 διαλύσας
1316 1973 1329 1986 ·
1366 1957 1462 2010 καὶ
1494 1959 1523 2011 ὅ
1574 1975 1637 2026 γε
1670 1958 1809 2028 ἀνὴρ
1843 1960 1860 1996 ί

274 2036 399 2108 οὐχὶ
436 2037 640 2103 πολιᾶς
668 2042 998 2115 συγγνώμην
1016 2048 1218 2119 ᾔτησεν
1247 2049 1283 2102 ἀ
1306 2050 1509 2112 κακίας
1533 2066 1547 2081 ⁸
1577 2049 1713 2102 ἀλλά
1745 2068 1867 2103 νεα-

277 2134 582 2206 νιευμένην
623 2134 791 2200 ἔδειξε
825 2137 1063 2207 μισήσας
1106 2139 1393 2209 πονηρίαν.
1425 2139 1498 2191 Οὑ
1548 2139 1657 2209 γὰρ
1696 2139 1864 2193 ἁπλό-

276 2242 442 2295 τητος
496 2223 573 2299 ἧν
616 2230 646 2282 ὁ
692 2228 895 2300 γέρων,
954 2230 1069 2283 ἀλλ’
1106 2230 1323 2301 ἀπάτης
1378 2230 1639 2302 θήραμα·
1679 2224 1773 2295 ὧν,
1804 2232 1866 2284 τὸ

280 2322 399 2390 μὲν,
425 2320 693 2392 βοηθείας
748 2325 920 2395 μόνης
952 2340 966 2357 ·
1003 2326 1065 2380 τὸ
1115 2326 1173 2379 δέ
1204 2326 1379 2380 δεῖται
1423 2327 1517 2380 καὶ
1546 2326 1865 2396 προκαθάρ-

276 2430 416 2477 σεως
438 2430 457 2448 ο
484 2415 626 2468 ἀλλὰ
646 2415 756 2486 γὰρ
776 2420 889 2480 τοῖς
915 2418 1196 2488 ὑμετέροις
1222 2419 1407 2482 πόνοις
1428 2419 1608 2482 καλῶς
1641 2420 1736 2474 τοῦ
1765 2419 1859 2488 γέ-

279 2519 465 2571 ροντος
492 2502 941 2575 ἐξεργασθέντος,
964 2507 1060 2559 καὶ
1086 2506 1195 2559 τῶν
1232 2506 1336 2576 τῆς
1372 2506 1655 2572 νουθεσίας
1691 2525 1863 2577 σπερ-

276 2593 469 2659 μάτων
535 2596 1137 2667 προκαταὸληθέντων,
1193 2601 1358 2670 ἡμεῖς
1421 2601 1633 2663 ἀπόνως
1694 2602 1860 2655 αὑτοῦ

274 2683 369 2751 τὴν
382 2685 670 2753 σωτηρίαν
692 2686 1158 2758 ἐκαρπωσάμεθα.
1184 2689 1304 2742 Τῶν
1323 2690 1381 2742 δέ
1403 2689 1663 2758 ἰατρικῶν
1679 2689 1859 2757 εἱδῶν,

275 2774 453 2829 πάντα
485 2775 593 2847 μὲν
621 2777 722 2830 οὑκ
753 2774 822 2849 ἦν
848 2780 1028 2850 εὑρεῖν
1069 2780 1211 2834 κατὰ
1236 2783 1423 2853 χεῖρας
1454 2797 1469 2813 ⁸
1510 2783 1611 2836 ὅσα
1641 2782 1699 2835 δέ
1720 2799 1863 2852 παρ·

275 2865 360 2933 ἦν,
402 2868 723 2940 ἀπεστάλη.
801 2871 924 2925 Τῶν
966 2872 1276 2926 ὑπολοίπων
1308 2875 1342 2944 ἡ
1377 2876 1619 2945 φροντὶς,
1655 2874 1761 2938 ἕως
1792 2874 1859 2928 ἂν

275 2959 641 3029 πορισθῶσιν,
699 2961 802 3015 οὐκ
853 2962 1142 3033 ἐπιλείψει.
1212 2965 1337 3028 Τοῖς
1386 2965 1581 3037 δώροις
1634 2966 1691 3021 δέ
1752 2967 1923 3042 τῆςο

284 3049 563 3122 ὑμετέρας
595 3052 896 3123 ὁσιότητος,
927 3054 1019 3107 ἐπὶ
1062 3056 1205 3125 μέγα
1225 3056 1681 3127 ἡγαλλιασάμεθα
1711 3073 1726 3089 ο
1757 3060 1859 3129 μά-

275 3140 425 3194 λιστά
452 3160 520 3211 γε
554 3144 652 3213 τῆς
676 3145 936 3216 ἀληθινῆς
955 3146 1174 3217 ἀγάπης
1195 3147 1371 3202 ταῦτα
1397 3149 1778 3219 πληθυνούσης
1802 3162 1853 3219 ιι,

277 3232 367 3283 καὶ
416 3234 500 3296 είς
569 3234 799 3303 μέγεθος
850 3237 944 3289 καὶ
992 3236 1189 3301 κάλλος
1235 3234 1599 3310 ἐξαπλούσης,
1631 3240 1726 3292 καὶ
1787 3240 1857 3293 δι’

278 3322 453 3375 αὐτῶν
486 3323 744 3387 διδούσης
775 3326 1061 3390 είκονίξειν
1080 3328 1142 3381 τὸ
1166 3326 1261 3381 τοῦ
1293 3327 1410 3398 βίου
1448 3328 1649 3399 ὑψηλόν
1674 3345 1734 3382 τε
1764 3330 1859 3383 καὶ

279 3414 595 3486 μετάρσιον.
633 3416 910 3489 Ἔῤῥωσο.

863 3678 1088 3734 ΕΠΙΣΤ.
1142 3682 1265 3734 ΟΑ’.
1682 3748 1685 3749 ν

518 3766 765 3839 Ζωσιμᾷ
786 3770 1103 3840 pomifera
1135 3772 1238 3828 καὶ
1261 3772 1607 3843 τῖσυχιιστῇ.

1966 1957 2398 2026 compassionem
2460 1956 2747 2012 convertit.
2777 1954 2889 2011 Nec
2922 1955 3137 2010 veniam
3174 1953 3330 2024 quasi
3356 1953 3549 2007 insons

1966 2049 2182 2104 canitiei
2216 2049 2611 2119 deprecabatur
2631 2089 2647 2114 ,
2683 2048 2779 2103 sed
2816 2048 2941 2104 odio
2969 2063 3029 2103 se
3058 2047 3255 2101 habere
3286 2045 3546 2111 ostendit,

1965 2140 2375 2195 insolentiorem
2424 2141 2667 2210 juventae
2743 2139 3167 2209 improbitatem.
3223 2136 3385 2193 Certe
3436 2151 3546 2191 non

1964 2245 2062 2300 per
2112 2230 2515 2300 simplicitatem
2547 2245 2735 2295 senex,
2804 2229 2901 2285 sed
2946 2228 3073 2284 dolo
3126 2236 3314 2297 captus
3354 2242 3548 2297 pecca-

1963 2330 2155 2388 verat;
2205 2322 2399 2376 borum
2467 2321 2703 2376 duorum
2751 2319 2910 2374 alteri
2959 2334 3097 2389 Opus
3146 2324 3232 2375 est
3262 2317 3409 2373 nudo
3455 2332 3548 2371 au-

1967 2414 2119 2478 xilio,
2179 2413 2336 2467 alteri
2368 2422 2552 2468 autem
2586 2413 2928 2484 purgatione.
2980 2414 3115 2466 (ium
3149 2426 3281 2466 vero
3318 2426 3416 2480 per
3453 2426 3547 2465 ve-

1963 2512 2134 2559 strum
2163 2503 2465 2558 exhibitum
2509 2502 2559 2557 ei
2595 2503 2837 2558 studium
2877 2501 3086 2573 optime
3113 2500 3441 2556 reformetur
3460 2499 3548 2553 ille

1962 2609 2148 2660 senex,
2180 2594 2482 2649 seminibus
2519 2594 2730 2649 consilii
2779 2594 2928 2665 prius
2992 2592 3216 2663 sparsis,
3272 2607 3374 2647 nos
3424 2592 3546 2645 fru-

1961 2694 2109 2740 ctum
2148 2685 2294 2740 illius
2346 2685 2535 2741 salutis
2571 2686 2690 2741 sine
2713 2685 2824 2740 ullo
2862 2693 3074 2740 .nostro
3126 2684 3315 2739 labore
3353 2683 3545 2738 retuli-

1961 2788 2105 2829 mus.
2172 2772 2376 2829 Omnes
2421 2788 2586 2844 porro
2634 2774 2848 2844 species
2903 2774 3189 2829 medicinae
3253 2773 3411 2828 nobis
3478 2772 3550 2827 ad

1960 2880 2157 2921 manus
2183 2880 2295 2921 non
2328 2872 2486 2920 erant
2509 2874 2745 2936 praesto;
2771 2867 2920 2935 quod
2955 2864 3203 2921 erant'in
3239 2865 3547 2934 procinctu,

1960 2956 2143 3012 missa:
2197 2965 2345 3012 sunt.
2378 2956 2523 3012 Cura
2553 2956 2621 3011 de
2672 2957 2926 3025 residuis,
2981 2957 3158 3012 donec
3189 2956 3319 3027 ipsa
3345 2970 3548 3025 suppe-

1961 3046 2229 3111 ditentur,
2290 3063 2393 3102 nec
2451 3063 2561 3102 non
2635 3046 2870 3103 deﬁciet.
2945 3046 3113 3103 Donis
3187 3046 3347 3102 nobis
3383 3062 3414 3100 a
3454 3055 3548 3100 tua

1958 3140 2247 3194 sanctitate
2266 3139 2524 3208 profectis
2550 3139 2916 3209 maximopere
2946 3139 3355 3194 exsultabamus
3387 3146 3547 3192 :suut

1958 3239 2140 3284 autem
2192 3231 2442 3300 inprimis
2471 3232 2558 3285 illa
2616 3246 2648 3284 a
2705 3232 2883 3286 veraci
2924 3230 3167 3301 proiecta
3202 3230 3493 3285 dilectione
3528 3271 3544 3295 ,

1957 3340 2079 3394 quae
2126 3325 2178 3378 in
2223 3324 2474 3378 eximiam
2501 3322 2931 3394 magnitudinem
2976 3332 3035 3378 et
3080 3322 3544 3393 pulchritudinem

1958 3416 2252 3481 succrevit,
2312 3432 2433 3486 qua:
2478 3432 2742 3483 amorem,
2779 3416 2927 3472 unde
2966 3416 3307 3481 oriebantur,
3328 3413 3543 3469 faciunt

1958 3502 2087 3557 vitae
2175 3503 2544 3559 excelsitatem
2625 3512 2682 3559 et
2765 3504 3153 3561 sublimitatem
3225 3518 3535 3575 reprazscn-

1962 3603 2100 3647 tare.

2557 3683 2779 3742 EPIST.
2820 3686 3009 3743 LXXI.

2220 3775 2446 3832 Zosimaz
2486 3779 2740 3833 monacho
2787 3788 2836 3835 et
2880 3781 3231 3838 anachoretaz.

1507 3889 1774 3939 Montacut.
1813 3889 1916 3952 (ep.
1954 3888 2034 3947 25,
2069 3900 2119 3950 p.
2155 3887 2259 3947 85).

344 3987 545 4057 Ὄρειά
567 4004 650 4041 σοι
688 3989 756 4042 τά
781 3989 951 4059 δῶρα,
976 3992 1225 4048 κάστανα
1250 3996 1345 4048 κα).
1370 3996 1633 4065 ἀμανίται
1658 4015 1673 4028 ·
1704 3956 1843 4050 ἀλλά

2020 3991 2276 4046 Montana
2327 4000 2420 4047 tua
2470 4008 2703 4050 munera
2765 4007 3230 4064 sunt,castanea=:
3266 4015 3464 4071 nempe
3486 4012 3542 4057 et

276 4077 567 4149 βασιλικῆς
588 4080 939 4146 πολυτελείας
967 4084 1026 4137 τὸ
1050 4085 1260 4156 πλῆθος
1292 4103 1308 4119 ο
1341 4089 1437 4141 καὶ
1462 4088 1540 4158 τῷ
1565 4090 1663 4159 μὲν
1685 4090 1851 4161 ὁρείφ

272 4170 490 4239 ῆδυνας,
518 4174 616 4243 οὑχ
644 4174 845 4244 ὁμοίως
882 4174 941 4227 δέ
964 4174 1041 4243 τῷ
1086 4177 1371 4231 πολυτελεῖ
1395 4180 1659 4250 διὲθκηας
1688 4196 1703 4210 °
1746 4181 1848 4252 ὅρη

273 4280 328 4314 τε
384 4266 595 4319 ἀδικῶν
632 4307 648 4333 ,
708 4268 803 4320 καὶ
870 4268 1148 4339 βασιλείαν
1222 4270 1473 4324 κλέπτων
1536 4273 1594 4326 ἐν
1643 4272 1849 4343 ὁρεσιν.

276 4355 536 4429 Ἔγραψα
555 4357 750 4427 ταῦτα,
779 4360 867 4414 ἵνα
887 4361 983 4415 καὶ
1008 4362 1295 4433 συστείλῃς
1330 4364 1391 4416 τὸ
1421 4363 1624 4435 πλῆθος
1640 4365 1738 4419 καὶ
1751 4368 1851 4436 τὴν

275 4447 448 4502 εἱδίαν
474 4451 752 4524 φυλάττῃς
778 4452 887 4506 τῶν
902 4454 1091 4524 δώρων
1112 4470 1127 4484 ο
1159 4454 1464 4525 ἐϐουλόμην
1488 4473 1571 4510 σοι
1603 4473 1853 4527 παραγε-

274 4539 477 4605 νέσθαι,
508 4544 645 4597 ἀλλὰ
666 4546 764 4614 τῆς
788 4547 965 4618 ὁρμῆς
985 4548 1217 4619 ἐσχέθην
1252 4566 1267 4581 ⁶
1292 4550 1443 4618 ὅμως
1469 4551 1569 4603 οὐκ
1624 4552 1703 4613 είς
1748 4568 1852 4620 μα-

276 4632 428 4698 κρὰν,
460 4635 578 4687 ἀνθ’
593 4636 777 4706 ἡμῶν,
797 4638 1083 4710 σταλήται,
1110 4640 1188 4707 ὃς,
1206 4641 1266 4694 οὑ
1283 4640 1426 4706 λέγω
1461 4643 1853 4713 ἀναπληρώσει

276 4723 413 4789 (οὑδὲ
436 4728 547 4799 γὰρ
567 4729 741 4796 αὑτοὶ,
762 4731 872 4784 οὐδ’
908 4732 1095 4786 ἄλλοτε
1126 4735 1335 4803 ἡμεῖς),
1384 4734 1519 4788 ἀλλὰ
1557 4734 1853 4805 μετριώσει

274 4815 331 4865 τὸ
377 4818 667 4892 ὑστέρημα
695 4822 873 4892 ἡμῶν.
905 4824 989 4879 Τὰ
1015 4825 1059 4877 δ’
1103 4825 1259 4891 ἄλλα,
1292 4826 1566 4898 ἐρῤωσθαί
1616 4843 1710 4879 σου
1752 4826 1851 4897 τὴν

276 4909 547 4981 πατρικὴν
579 4912 835 4981 ὁσιότητα
896 4915 1259 4986 ἐπευχόμεθα,
1306 4917 1400 4971 καὶ
1450 4917 1548 4987 τῆς
1585 4916 1745 4986 ἡμῶν
1775 4916 1851 4986 μὴ

277 4993 624 5071 ἐπιλελῆσθαι
676 5003 1049 5071 μετριότητος.

886 5179 1110 5235 ΕΠΙΣΤ.
1150 5180 1250 5235 OB'

494 5267 828 5332 Ἀθανασίῳ
867 5269 1112 5339 μοναχῷ
1164 5272 1265 5326 καὶ
1318 5273 1703 5342 ἡσυχάζοντι.

1946 4084 2358 4150 amanita3;sed
2395 4086 2597 4156 regiam
2650 4087 2908 4158 adimplet
2967 4090 3395 4147 muniﬁcentiam
3444 4108 3542 4148 cov-

1947 4174 2075 4243 pia;
2128 4176 2499 4231 montanismo
2530 4178 2840 4247 delectasti,
2894 4195 3006 4235 non
3078 4184 3308 4252 perinde
3367 4185 3543 4238 abun-

1948 4265 2168 4335 dantia;
2223 4276 2440 4323 montes
2496 4270 2667 4337 laedis,
2715 4282 2772 4327 et
2826 4289 3055 4344 regnum
3088 4275 3182 4331 tibi
3226 4276 3282 4329 in
3342 4278 3541 4335 monti-

1948 4344 2407 4410 bus'suﬂ'uraris.
2462 4358 2591 4413 Hzec
2642 4358 2764 4415 ideo
2817 4362 3028 4432 scripsi,
3078 4365 3220 4420 utde
3266 4364 3419 4435 copia
3444 4368 3539 4420 de-

1950 4464 2087 4514 mas,
2121 4457 2175 4504 et
2203 4450 2256 4503 in
2288 4453 2612 4508 muneribus
2637 4469 2934 4527 congruam
3006 4459 3246 4514 retineas
3275 4463 3536 4529 speciem.

1959 4540 2164 4596 Vellem
2197 4544 2287 4597 tibi
2323 4560 2563 4613 praesens
2584 4547 2796 4616 adesse,
2857 4550 2950 4604 sed
2981 4553 3397 4607 retardaturille
3427 4554 3534 4607 im—

1960 4643 2159 4703 petus;
2228 4646 2602 4693 verumtamen
2676 4655 2788 4695 non
2832 4642 2924 4697 diu
2982 4644 3083 4698 erit
3151 4660 3273 4698 cum
3350 4657 3539 4700 nostra

1958 4727 2078 4781 vice
2125 4728 2460 4798 ablegabitur
2477 4732 2569 4799 qui
2602 4746 2710 4785 non
2741 4733 2918 4787 dicam
2957 4735 3297 4805 adimplebit,
3333 4736 3537 4805 (neque

1958 4818 2106 4873 enim
2142 4820 2245 4873 hoc
2275 4820 2567 4891 aliquando
2604 4824 2692 4878 vel
2765 4824 2870 4893 ipsi
2928 4838 3183 4895 praestare
3212 4828 3534 4897 poterimus)

1958 4909 2056 4964 sed
2111 4910 2525 4968 admensurabit
2549 4914 2823 4970 defectum
2857 4927 3127 4972 nostrum.
3161 4918 3369 4973 Caetera
3392 4922 3539 4989 quod

1957 5003 2175 5058 attinet.
2212 5004 2383 5060 Deum
2416 5023 2667 5073 veneror,
2696 5018 2921 5079 paterna
2939 5027 3036 5066 sua
3057 5012 3536 5079 sanctitasvalcat,

1959 5098 2129 5155 nolito
2164 5111 2369 5158 nostra:
2395 5105 2641 5161 oblivisci
2671 5106 3084 5163 mediocritatis.

2470 5196 2687 5253 EPIST.
2718 5198 2934 5255 LXXII.

2170 5285 2461 5341 Athanasio
2490 5288 2746 5342 monacho
2773 5298 2824 5342 et
2856 5291 3210 5347 anachoreta.

1530 5387 1795 5439 Montacut.
1832 5391 1935 5455 (ep.
1968 5394 2047 5453 26,
2070 5410 2119 5457 p.
2152 5395 2256 5458 85).

346 5474 435 5539 Εἰς
466 5478 563 5550 τὴν
587 5482 687 5551 τῆς
728 5483 1026 5553 ἡγεμονίας
1074 5485 1276 5555 ἐπέστη
1308 5488 1502 5558 ἀρχὴν,
1539 5489 1597 5541 ὃν
1656 5492 1846 5562 ἄρχειν

279 5561 372 5631 τῆς
398 5574 772 5643 πνευματικῆς
803 5574 1007 5645 ἀγέλης
1045 5579 1077 5647 ἡ
1123 5579 1189 5647 σὴ
1235 5580 1451 5649 ὁσιότης
1491 5583 1581 5635 διὰ
1615 5582 1847 5654 δοκιμῆς

2024 5498 2107 5553 Ad
2153 5499 2518 5571 principatum
2553 5510 2609 5558 et
2631 5504 3007 5574 magistratum
3038 5516 3320 5575 promotus
3352 5506 3397 5559 is
3419 5517 3523 5573 est,

1955 5606 2117 5661 quem
2171 5602 2263 5649 tua
2322 5596 2603 5661 sanctitas,
2672 5598 3009 5667 experientia
3051 5606 3227 5668 capta,
3294 5613 3527 5668 prmcsse

1553 5730 1781 5788 VARUS
1818 5735 2225 5796 LECTIONES.

360 5838 379 5864 ⁸
408 5831 492 5885 ἱσ.
537 5836 804 5909 Ἑμστῆς.
890 5844 905 5876 ι
940 5841 1024 5895 ἵσ.
1053 5841 1158 5896 διά.
1239 5854 1261 5878 ιι
1296 5860 1383 5911 rp.
1419 5846 1785 5918 πληθυούσης.
