4024 6456
1221 25 1224 27 .
1245 7 1744 28 μ-*πΝ-.,.-.-η.-
1758 11 1987 22 “—.___

433 428 537 492 883
1585 427 1848 489 ΡΗΟΤΙΙ
1882 431 2036 490 ΡΑΤ]

2135 433 2382 493 IRCHAE
2420 433 2529 493 (ΣΡ.
3577 429 3684 495 884

436 534 582 607 gregi
627 532 760 588 fecit
791 533 1081 604 spirituali.
1135 532 1366 589 Precare
1411 550 1562 607 ergo,
1595 535 1773 604 Pater,
1801 548 1861 593 ut
1899 555 2036 600 nec,

2135 542 2410 612 ποιήσατο.
2432 539 2604 611 Εῦχου
2626 534 2738 606 οῦν,
2764 540 2969 613 Πάτερ,
3000 538 3139 612 μήτε
3165 539 3264 610 τὴν
3288 539 3387 609 σὴν
3415 537 3683 608 σφαλῆναι

435 637 528 682 ιιιο
552 625 760 696 judicio
799 625 1088 696 decipiaris
1129 627 1234 697 (est
1267 627 1412 681 enim
1450 628 1554 684 hoc
1601 631 1686 685 vel
1741 630 2014 701 inprimis,

2135 633 2295 704 ιρίσιν
2317 632 2495 704 (τοῦτο
2522 633 2631 704 γάρ
2663 635 2731 704 τῇ
2757 650 2815 687 τε
2847 635 2912 704 σῇ
2950 633 3210 702 ὁσιότητι,
3233 630 3494 700 κάκείνῳ,
3526 630 3683 700 εἴπερ

435 717 479 771 si
531 716 664 786 quid
706 715 876 780 aliud,
908 731 1210 788 congruum
1257 731 1382 772 cum
1415 728 1520 773 tua:
1567 721 1864 786 sanctitati,
1899 729 2014 775 tum

2135 744 2166 781 rt
2194 726 2345 792 ἄλλο,
2379 725 2867 794 λυσιτελέστατον),
2887 726 3023 796 μήτε
3051 724 3148 796 τὴν
3167 723 3325 794 ἡμῶν
3349 720 3685 793 χειροθεσίαν

433 809 601 866 etiam
656 810 780 881 illi),
802 823 905 864 nec
941 823 1202 863 manuum
1264 819 1573 865 nostrarum
1619 811 1896 882 impositio
1947 811 2018 866 ad

2135 816 2366 881 ιὺθύναις
2410 816 2704 889 ἐνορᾶσθαι
2729 833 2746 851 ο
2800 816 2917 871 ἀλλ’
2940 815 3089 882 ἄξιον
3135 815 3226 870 τὸν
3272 814 3462 884 ἄνδρα,
3495 811 3590 865 τοῦ
3627 827 3688 864 τε

435 903 766 959 reddendam
787 910 1014 958 vocetur
1035 902 1301 957 rationem
1326 945 1343 969 ,
1393 903 1490 958 sed
1511 914 1568 959 ut
1615 903 1777 974 plane
1819 904 2018 976 dignus

2135 911 2380 980 ὑμετέρου
2425 909 2800 982 ψηφίσματος,
2828 908 2926 962 καὶ
2971 907 3080 960 τῶν
3131 907 3421 979 ἡμετέρων
3453 904 3688 958 ἐλπίδων

437 995 528 1050 ille
569 995 975 1050 demonstretur
1017 1004 1074 1051 et
1101 1005 1284 1052 vestro
1309 995 1591 1068 suilragio,
1617 1005 1673 1052 et
1710 1012 1808 1067 spe
1857 998 2016 1053 nobis

2135 1001 2490 1072 ιναδειχθῆναι
2516 1019 2532 1034 ·
2561 1001 2633 1056 τὰ
2672 1001 2718 1056 δ’
2749 1001 2885 1056 ἄλλα
2936 998 3210 1071 ἐρῤὦσθαί
3276 1015 3370 1051 σου
3402 995 3503 1068 τὴν
3544 994 3688 1049 ὁσιό-

437 1093 730 1154 concepta.
785 1083 994 1141 Caetera
1049 1085 1196 1156 quod
1265 1095 1521 1157 spectat,
1593 1087 1778 1143 valere
1825 1097 2022 1159 exopto

2135 1109 2250 1162 τητα
2279 1092 2650 1165 ἐπευχόμεθα,
2676 1091 2890 1163 καὶτῆς
2915 1090 3072 1163 ἡμῶν
3101 1089 3178 1162 μὴ
3195 1086 3548 1159 ἐπιλελῆσθαι
3593 1102 3691 1157 με-

438 1184 587 1234 tuam
609 1175 979 1246 sanctitatem,
1026 1185 1085 1234 et
1122 1189 1324 1234 nostrae
1371 1178 1764 1237 mediocritatis
1814 1179 2018 1254 iugiter
2116 1184 2425 1257 τριότητος.

436 1268 779 1327 meminisse.

1012 1377 1231 1435 EPIST.
1283 1377 1518 1436 LXXIII.

1108 1470 1317 1528 Eidem.

2727 1393 2952 1448 ΕΠΙΣΤ.
2985 1392 3104 1446 01".

2760 1483 2847 1552 Τῷ
2865 1483 3047 1552 αὐτῷ.

1701 1597 1965 1644 nontacul.
2004 1595 2107 1659 (ep.
2130 1598 2210 1660 27,
2243 1614 2292 1662 p.
2319 1602 2424 1666 86).

547 1689 630 1745 Ad
685 1705 749 1746 ea
799 1707 920 1761 quae
979 1692 1260 1747 attendere
1317 1691 1507 1747 debuit
1581 1691 1648 1757 is,
1677 1695 1772 1763 qui
1827 1704 2020 1752 vestrae
2053 1710 2094 1764 Β

443 1781 744 1837 sanctitatis
783 1782 991 1839 litteras
1015 1784 1216 1848 attulit,
1246 1784 1566 1840 brevissimo
1589 1792 1644 1837 et
1714 1794 2021 1854 opportuno

445 1882 691 1942 tempore
715 1873 1102 1930 instruebatur.
1169 1873 1428 1929 Prmstitit
1492 1873 1580 1928 ille
1606 1889 1665 1929 se
1684 1875 2012 1946 morigerum

443 1963 530 2018 vel
577 1963 831 2030 maxime,
853 1974 905 2021 et
949 1965 1430 2036 pollicitationibus
1457 1965 1747 2020 declaravit
1787 1966 2024 2021 fructum

443 2058 757 2112 selaturum
810 2060 1271 2116 admonitionibus
1301 2060 1408 2116 illis
1461 2060 1705 2132 dignum,
1762 2060 2022 2115 nimirum

443 2150 624 2219 quoad
656 2159 872 2216 caetera,
911 2152 1284 2222 eomplacente
1335 2152 1466 2219 Deo,
1502 2152 1669 2206 vitam
1711 2151 2022 2219 instituere,

445 2256 551 2296 nec
593 2242 679 2296 vel
703 2242 953 2313 digitum,
1012 2244 1156 2314 quod
1186 2244 1403 2309 dicitur,
1437 2243 1685 2298 attollere
1714 2241 1917 2311 absque
1935 2259 2027 2298 ve-

445 2341 560 2388 stra
591 2332 893 2389 directione
925 2350 941 2400 ;
972 2334 1144 2388 Deum
1212 2349 1311 2390 oro
1359 2342 1419 2389 ut
1475 2331 1841 2403 respondeant
1885 2331 2026 2388 facta

444 2421 646 2487 verbis,
670 2438 740 2477 ne
769 2423 814 2477 si
879 2421 1023 2478 forte
1068 2423 1124 2478 in
1187 2438 1316 2478 saxa
1378 2423 1737 2487 seminantes,
1769 2422 2028 2478 destituat

445 2529 549 2570 nos
575 2527 790 2587 tempus
813 2517 926 2589 agri
954 2518 1218 2573 metendi.

551 2607 799 2663 Monachi
857 2611 1224 2681 symbolorum
1249 2612 1557 2668 inordinate
1609 2629 1668 2670 se
1702 2622 2022 2686 gesserunt,

444 2699 539 2770 qui
601 2714 891 2756 censuram
922 2703 1026 2758 sibi
1064 2714 1386 2776 arrogarunt
1416 2714 1471 2760 et
1508 2715 1831 2776 potestatem
1857 2707 2028 2761 abba-

447 2791 520 2846 tis
571 2791 900 2862 deponendi.
930 2793 1078 2848 Idem
1107 2794 1321 2850 facinns
1345 2797 1485 2861 ausi,
1533 2812 1597 2852 ac
1631 2797 1676 2853 si
1700 2797 1755 2852 in
1786 2799 2028 2869 aurigam

445 2881 791 2954 insurgerent
845 2885 997 2954 equi,
1065 2895 1254 2957 greges
1303 2887 1358 2941 in
1405 2895 1700 2957 pastorem,
1759 2898 1940 2944 nauta
1970 2890 2030 2945 in

444 2974 764 3028 nauclerum
793 2991 807 3028 :
839 2975 950 3029 imo
981 2976 1153 3031 multo
1186 2975 1290 3032 hoc
1346 2979 1520 3048 magis
1547 2979 1814 3034 absonum
1839 2989 1943 3043 est,
1968 2988 2030 3034 ut

2191 1697 2291 1756 Ὧν
2325 1703 2434 1759 ἔδει
2459 1706 2730 1777 κατήκοον
2783 1702 3039 1773 γενέσθαι
3083 1699 3175 1753 τὸν
3229 1695 3696 1769 γραμματοφόρον

2123 1794 2221 1865 τῆς
2245 1795 2398 1862 ὑμῶν
2425 1796 2724 1867 ὁσιότητος,
2747 1795 2821 1859 ὡς
2844 1795 2904 1847 ἐν
2934 1789 3254 1864 βραχυτάτῳ
3284 1785 3481 1859 καιρῷ,
3516 1785 3698 1838 πάντα

2125 1884 2430 1955 παρηνέθη,
2458 1883 2554 1937 καὶ
2603 1884 2765 1948 αὐτὸς
2817 1883 2982 1937 αὐτὸν
3028 1878 3284 1949 εὐπειθῆ,
3339 1877 3435 1930 καὶ
3481 1875 3697 1946 καρπὸν

2125 1973 2293 2028 οίσειν
2352 1974 2460 2028 τῶν
2509 1974 2888 2046 παραινέσεων
2917 1971 3088 2039 ἄξιον,
3156 1970 3278 2031 ταῖς
3334 1965 3696 2035 ὑποσχέσεσιν

2124 2065 2314 2133 ἔδειξε,
2335 2066 2404 2119 τά
2433 2083 2493 2119 τε
2534 2066 2668 2122 ἄλλα
2715 2065 2834 2136 Θεῷ
2879 2065 3188 2136 εὐαρέστως
3211 2059 3381 2134 βιοῦν,
3413 2058 3509 2112 καὶ
3561 2055 3697 2127 μηδέ

2123 2159 2216 2214 τὸν
2282 2158 2562 2222 δάκτυλον,
2613 2159 2642 2211 ὃ
2687 2158 2752 2229 δή
2815 2173 2970 2227 φασι,
3029 2157 3201 2210 κινεῖν
3265 2153 3368 2222 τῆς
3418 2148 3694 2220 ὑμετέρας

2125 2249 2296 2320 χωρὶς
2353 2247 2685 2318 ἐπικρίσεως
2710 2264 2724 2279 ο
2750 2245 3026 2317 εὐχόμεθα
3077 2245 3142 2315 δὴ
3185 2245 3296 2306 τοῖς
3333 2241 3516 2311 ἔργοις
3563 2255 3702 2308 συμ-

2127 2341 2413 2404 6αίνοντας
2444 2340 2572 2393 ἰδεῖν
2599 2342 2725 2403 τοὺς
2755 2339 2968 2408 λόγους,
2999 2338 3088 2391 ἵνα
3121 2336 3199 2408 μὴ
3242 2335 3573 2405 σπείραντας
3619 2331 3701 2392 είς

2127 2433 2403 2504 πέτρας,ό
2441 2429 2536 2486 τοῦ
2577 2430 2846 2502 γεωργίου
2903 2428 3095 2500 καιρὸς
3141 2427 3298 2498 ἡμᾶς
3346 2421 3699 2493 ἐξελέγξειεν.

2199 2614 2263 2666 Οἱ
2291 2611 2350 2665 δέ
2377 2610 2486 2665 τῶν
2536 2608 2824 2679 συμϐόλων
2857 2606 3082 2678 μοναχοὶ
3111 2603 3364 2664 ἀτάκτως
3416 2597 3704 2670 ἐχώρησαν

2129 2705 2340 2766 ἐαυτοῖς
2394 2701 2494 2772 τὴν
2549 2699 2678 2771 περὶ
2728 2698 2823 2752 τοῦ
2889 2696 3040 2766 σφῶν
3093 2693 3400 2764 ἡγουμένου
3454 2689 3706 2756 ἐξουσίαν

2130 2794 2227 2849 καὶ
2274 2792 2456 2864 κρίσιν
2509 2789 2901 2861 ἐπιτρέψαντες
2927 2802 2942 2818 ⁸
2984 2787 3099 2842 ῐσον
3150 2785 3262 2855 γάρ
3311 2785 3458 2836 ἐστιν
3504 2781 3705 2842 ἵππους

2130 2885 2362 2958 ἡνιόχων
2413 2879 2926 2950 κατεξανίστασθαι,
2952 2879 3050 2933 καὶ
3092 2877 3342 2948 πρόὸατα
3388 2873 3484 2927 τοῦ
3515 2875 3708 2941 ποιμέ-

2131 2996 2242 3042 νος,
2273 2976 2370 3030 καὶ
2395 2975 2595 3038 ναύτας
2630 2974 2727 3027 τοῦ
2777 2971 3110 3041 κυϐερνήτου
3141 2984 3156 2999 °
3183 2967 3384 3038 μᾶλλον
3411 2965 3469 3019 δέ
3526 2961 3708 3032 πολλῷ

447 3064 703 3120 monachi
740 3064 966 3120 audacia
1018 3077 1211 3122 contra
1252 3069 1617 3139 hegumenum
1651 3069 1990 3126 insolescant
2012 3113 2029 3136 ,

2135 3069 2482 3141 ἀτοπώτερον
2511 3108 2528 3135 ,
2578 3066 2846 3138 μοναχούς
2884 3065 2994 3118 τῶν
3051 3059 3484 3131 καθηγουμένων
3540 3072 3708 3110 κατα-

447 3156 541 3227 qui
585 3157 851 3212 rationem
910 3157 1031 3212 aliis
1059 3168 1275 3214 tenetur
1302 3169 1359 3215 et
1385 3176 1496 3215 non
1527 3161 1660 3231 ipsis
1698 3161 1946 3217 reddere.
1971 3161 2030 3217 Si

448 3247 582 3317 quid
627 3246 811 3302 abillo
834 3247 1092 3303 delictum
1133 3247 1331 3314 fuerat,
1375 3248 1614 3319 iudicem
1647 3249 1797 3305 adire
1859 3250 2032 3320 majo-

451 3353 570 3394 rem
615 3340 910 3406 debebant,
945 3355 1048 3394 nec
1085 3339 1154 3394 ad
1202 3355 1262 3418 se
1319 3340 1562 3411 arripere
1602 3341 1864 3410 judicium
1913 3341 2036 3411 epi-

446 3431 685 3501 sc0pale,
733 3447 857 3487 cum
889 3431 978 3486 vix
1021 3432 1076 3487 in
1135 3447 1367 3488 numero
1435 3434 1738 3489 consistant
1787 3434 2034 3504 judican-

446 3522 668 3578 dorum.
735 3521 1109 3578 Nihilominus
1161 3538 1288 3578 cum
1341 3522 1409 3578 ad
1460 3533 1696 3580 vestram
1755 3523 2034 3579 conﬂuxe-

449 3613 562 3670 rint
600 3613 945 3669 sanctitatem
974 3656 990 3680 ,
1034 3613 1334 3669 remittitur
1367 3615 1472 3668 illis
1509 3615 1684 3670 audax
1708 3615 1839 3670 illud
1869 3630 2036 3670 anar-

451 3703 590 3759 cliia:
641 3703 874 3767 facinus,
931 3714 988 3760 et
1037 3705 1324 3762 seditionis
1383 3715 1563 3772 motae,
1617 3706 1714 3762 sed
1769 3707 1844 3762 ita
1881 3716 1943 3762 ut
1977 3723 2038 3765 se

452 3793 722 3864 recipiant
767 3793 1139 3863 promittendo
1168 3793 1236 3849 de
1263 3803 1461 3849 caetero
1492 3794 1704 3852 futuros
1779 3796 2038 3852 obedien-

456 3886 662 3952 tiores;
703 3885 755 3940 id
800 3894 982 3940 autem
1030 3886 1105 3940 ita
1136 3885 1571 3942 demonstratum
1614 3885 1884 3952 dederint,
1909 3887 1955 3942 si
1980 3887 2038 3942 in

453 3977 706 4032 abbatem
731 3978 1116 4035 consenserint
1141 3993 1172 4032 a
1203 3987 1294 4032 tua
1323 3979 1614 4034 sanctitate
1649 3979 1990 4034 nominatum
2018 3995 2035 4044 ;

451 4083 634 4138 neque
675 4067 822 4124 enim
870 4068 961 4125 illa
1000 4075 1290 4125 versentur
1341 4069 1620 4139 opinione,
1667 4069 1954 4127 toleratum
1971 4067 2038 4123 iri

453 4171 519 4220 ut
566 4163 658 4234 qui
718 4163 786 4217 ad
835 4161 1162 4217 seditionem
1210 4161 1337 4218 elati
1418 4161 1927 4225 commovebantur,
1981 4161 2038 4216 in

393 4290 402 4296 ν
455 4253 611 4311 illum
653 4254 836 4310 denuo
873 4252 1221 4311 consentiant
1248 4261 1304 4308 et
1358 4253 1676 4322 conspirent
1701 4254 2036 4324 eligendum,

457 4361 648 4417 quem,
709 4345 932 4402 calculis
977 4345 1130 4417 prius
1159 4344 1416 4414 scriptis,
1484 4345 1588 4402 sibi
1651 4345 2036 4417 designarent.

458 4438 720 4494 Sullicere
763 4438 1204 4509 delinquentibus
1255 4438 1420 4493 debet
1465 4439 1509 4492 si
1577 4439 1792 4494 veniam
1836 4441 1904 4496 de
1947 4441 2038 4496 ad-

455 4531 638 4586 missis
671 4529 1124 4601 impetraverint;
1165 4544 1512 4598 nequaquam
1545 4544 1676 4584 vero
1724 4529 2043 4599 aspirabnnt

455 4625 524 4682 ad
583 4640 694 4677 non
735 4621 1166 4693 delinquentium
1196 4621 1630 4692 praerogativam,
1660 4630 1722 4676 ut
1757 4637 1828 4677 ne
1848 4638 1936 4677 res
1955 4623 2042 4676 in-

453 4716 792 4778 dill'erentes,
831 4715 1059 4780 bonum,
1093 4715 1319 4777 malum,
1368 4721 1515 4767 recte
1568 4727 1748 4784 agere,
1779 4722 1836 4768 et
1866 4714 2042 4768 delin-

454 4821 625 4875 quere
683 4806 1009 4870 habeantur,
1044 4805 1252 4875 judicio
1285 4805 1352 4859 de
1385 4816 1616 4874 utroque
1664 4804 2040 4860 indifferenter

457 4896 673 4952 affecto.
700 4897 907 4953 Caetera
967 4898 1114 4968 quod
1152 4905 1380 4968 spectat,
1423 4913 1618 4968 precor
1659 4907 1810 4952 tuam
1861 4899 2044 4953 valere

461 4991 803 5063 sanctitatem
837 5033 852 5057 ,
902 5001 959 5047 et
1003 5000 1215 5048 nostra:
1271 4989 1661 5046 mediocritatis
1719 5006 1829 5046 non
1900 4990 2042 5048 obli-

457 5079 614 5134 visci.

1014 5191 1232 5250 EPIST.
1275 5193 1509 5250 LXXIV.

949 5284 1210 5341 Barnabas
1250 5285 1530 5341 monacho.

2132 3160 2520 3235 φρυάττεσθαι,
2542 3161 2592 3213 οἱ
2603 3159 2762 3227 λόγον
2787 3157 3010 3227 ὑπέχειν
3031 3153 3210 3208 αὐτῶν
3231 3155 3318 3206 ἐτέ
3327 3168 3459 3223 ροις,
3473 3148 3589 3204 ἁλλ’
3609 3150 3710 3200 οὑκ

2130 3253 2362 3316 ἐκείνοις
2383 3293 2399 3318 ,
2439 3249 2840 3320 ἐπιστεύθησαν
2866 3264 2881 3278 ·
2909 3249 2960 3301 εί
2999 3247 3056 3300 δέ
3087 3263 3142 3298 τι
3196 3241 3510 3314 πλημμελεῖ
3536 3281 3552 3305 ,
3589 3239 3708 3310 μεί-

2132 3345 2262 3412 ζονα
2285 3343 2479 3418 κριτὴν
2524 3340 2806 3411 ἐπιζητεῖν
2830 3339 2960 3404 ἔδει,
2995 3335 3132 3390 ἀλλὰ
3185 3335 3261 3405 μὴ
3303 3331 3571 3404 ἁρπάζειν
3609 3330 3710 3400 τὴν

2133 3438 2321 3510 κρίσιν
2349 3435 2460 3489 τῶν
2511 3433 2842 3506 ἀρχιερέων,
2875 3432 3002 3493 τοὺς
3040 3430 3099 3482 ἐν
3128 3430 3195 3498 τῇ
3225 3426 3335 3480 τῶν
3375 3423 3711 3496 κρινομένων

2135 3529 2291 3602 χώρᾳ
2327 3526 2482 3594 μόλις
2513 3524 2940 3594 ἐξεταζομένους
2971 3538 2986 3552 ο
3019 3522 3170 3590 ὅμως
3215 3517 3339 3572 ἐπεὶ
3367 3519 3434 3588 τῇ
3465 3514 3710 3586 ὑμετέρᾳ

2136 3619 2568 3693 προσερῤὓησαν
2619 3613 2923 3685 ἁγιωσύνῃ,
2959 3612 3180 3682 ἀφίεται
3205 3609 3390 3672 αὐτοῖς
3411 3608 3513 3677 τῆς
3545 3607 3711 3674 ἀναρ-

2136 3714 2263 3785 χίας
2296 3712 2358 3764 τὺ
2387 3709 2667 3780 τόλμημα,
2699 3707 2796 3760 καὶ
2841 3706 2940 3775 τῆς
2979 3703 3242 3767 στάσεως,
3292 3702 3342 3754 εί
3401 3699 3496 3752 καὶ
3558 3695 3712 3751 αὐτοὶ

2137 3801 2407 3865 εὐπειθῶς
2425 3798 2520 3853 τοῦ
2553 3797 2743 3852 λοιποῦ
2767 3793 3147 3850 πολιτεύεσθαι
3183 3789 3670 3846 διαὸεὸαιώσαιντο
3695 3802 3711 3818 °

2135 3894 2370 3960 δείξουσι
2401 3891 2480 3957 δὲ,
2521 3889 2619 3944 ἐὰν
2652 3889 2748 3942 ἐνα
2771 3888 2918 3951 τινὰ,
2941 3886 3000 3940 ὃν
3032 3885 3098 3940 ἂν
3117 3883 3352 3956 βουληθῇ
3379 3900 3474 3936 σου
3507 3881 3540 3951 ἡ
3572 3878 3712 3932 όσιό-

2136 4003 2258 4058 της,
2312 3985 2393 4048 εἰς
2441 3980 2752 4053 ἡγούμενον
2799 3979 3043 4044 δέξονται
3067 3993 3083 4010 ·
3128 3979 3203 4049 μὴ
3247 3977 3355 4048 γὰρ
3406 3976 3592 4036 αὐτοῖς
3626 3971 3715 4025 ἐπὶ

2138 4079 2267 4135 νοῦν
2310 4077 2462 4149 ἥκοι.
2502 4075 2580 4139 ὡς
2627 4075 2677 4128 οἱ
2723 4070 3185 4136 καταστασιάζειν
3235 4067 3590 4139 ἐπαρθέντες,
3622 4066 3712 4117 ἀν-

2137 4173 2285 4245 δρὸς,
2318 4169 2462 4241 ὑπὲρ
2492 4161 2554 4222 οῦ
2597 4166 2701 4230 τὰς
2726 4165 2940 4236 ψήφους
2986 4161 3302 4234 ἐγγράφους
3339 4161 3542 4225 ἔθεντο,
3575 4151 3718 4212 οῦτοι

2141 4266 2304 4320 πάλιν
2365 4259 2702 4333 ψηφίζεσθαι
2773 4259 2870 4313 καὶ
2923 4256 3226 4328 μαρτυρεῖν
3297 4252 3716 4322 ἁξιωθήσονται.

2070 4402 2116 4456 D
2153 4359 2340 4428 Ἀρκεῖ
2366 4355 2476 4426 γὰρ
2500 4356 2614 4418 τοῖς
2638 4349 3053 4423 πλημμελοῦσιν
3078 4350 3113 4420 ἡ
3151 4347 3266 4456 τῶν
3293 4343 3720 4450 ἁμαρτηθέντων

2143 4446 2442 4517 συγγνώμη
2462 4465 2476 4477 ·
2505 4444 2566 4498 τὸ
2587 4443 2645 4497 δέ
2673 4442 2970 4514 προνόμιον
2997 4439 3108 4493 τῶν
3139 4436 3604 4507 ἀνεξαμαρτὴτων
3625 4431 3722 4500 οὐχ

2139 4540 2374 4605 ἕξουσιν,
2409 4538 2499 4592 ἵνα
2526 4537 2603 4608 μὴ
2635 4535 2930 4605 ἀδιάφορον
2975 4531 3055 4602 τῷ
3084 4528 3272 4599 ἀγαθῷ
3311 4527 3373 4580 τὸ
3402 4525 3594 4584 κακὸν.
3627 4523 3722 4576 καὶ

2138 4636 2218 4706 τῷ
2245 4631 2546 4705 κατορθοῦν
2592 4631 2657 4684 τὸ
2709 4627 3072 4699 ἁμαρτάνειν,
3099 4626 3158 4677 ἐν
3198 4621 3479 4692 ἁδιαφόρῳ
3522 4620 3588 4688 τῇ
3635 4615 3721 4684 ἐφ’

2141 4727 2405 4796 ἐκατέρου
2435 4724 2615 4796 κρίσει
2639 4720 2930 4791 λογίζοιτο.
2947 4717 3029 4771 Τὰ
3060 4716 3106 4770 δ’
3135 4715 3293 4780 ἄλλα,
3325 4707 3596 4784 ἐρρῶσθαι
3623 4723 3719 4758 σου

2139 4821 2240 4890 τὴν
2290 4818 2548 4888 ὁσιότητα
2573 4812 2944 4885 ἐπευχόμεθα,
2979 4809 3197 4878 καὶτῆς
3242 4805 3402 4878 ἡμῶν
3433 4800 3506 4873 μὴ
3536 4798 3718 4852 ἐπιλε-

2141 4911 2341 4982 λῆσθαι
2364 4909 2744 4982 μετριότητος.

3346 5093 3375 5115 ο

2754 5185 2984 5243 ΕΠΙΣΤ.
3011 5186 3129 5238 ΟΔ’.

2597 5277 2875 5348 Βαρνάϐᾳ
2911 5273 3247 5347 μονάζοντι.

1698 5396 1962 5446 Montacut.
2001 5398 2106 5457 (ep.
2141 5394 2220 5455 ιι,
2254 5407 2302 5456 p.
2337 5391 2439 5454 98).

534 5501 678 5569 Quid
727 5509 1103 5570 paupertatem
1150 5501 1318 5557 deﬂes
1342 5503 1365 5556 ?
1393 5503 1580 5558 Justus
1600 5517 1710 5557 non
1753 5502 2044 5558 deseritur.

467 5595 584 5651 Imo
647 5591 908 5665 (inquies)
974 5593 1327 5649 deserebatur
1383 5594 1506 5650 Job.
1569 5594 1676 5650 Sed
1707 5611 1773 5650 eo
1803 5594 1932 5661 line,
1986 5602 2048 5649 ut

469 5686 703 5757 impium
745 5686 894 5740 illum
921 5686 1192 5742 vincendo
1224 5686 1469 5741 vinceret
1497 5687 1589 5756 qui
1635 5703 1732 5757 per
1779 5701 2046 5742 summam

469 5778 885 5849 impudentiam,
908 5777 1255 5849 purissimam
1292 5777 1463 5849 ipsius
1485 5778 1744 5848 pietatem
1773 5777 1896 5832 vitae
1919 5793 2048 5846 pro-

476 5886 637 5944 spero
679 5886 844 5928 cursu
885 5881 941 5928 et
989 5871 1246 5929 felicitate
1275 5869 1490 5927 volebat
1547 5872 1862 5940 cauponari,
1888 5877 2050 5940 atque

2218 5497 2284 5550 Τί
2314 5496 2531 5566 θρηνεῖς
2552 5493 2774 5560 πενίαν;
2800 5491 3010 5553 δίκαιος
3041 5489 3142 5542 οὐκ
3161 5481 3732 5555 ἐγκαταλιμπὰνεται.

2157 5589 2299 5644 Ἀλλ’
2342 5587 2464 5642 Ἰὼϐ
2497 5584 2914 5656 ἐγκατελείφθη.
2976 5581 3118 5635 Ἀλλ’
3141 5581 3229 5633 ἵνα
3272 5581 3367 5631 καὶ
3413 5577 3510 5629 τὸν
3558 5591 3736 5642 πονη-

2149 5682 2242 5752 ρὸν
2293 5681 2374 5744 εἰς
2403 5678 2607 5750 κράτος
2654 5677 2853 5748 νικήσῃ
2879 5672 3147 5742 εὐπαθείᾳ
3188 5671 3283 5725 καὶ
3339 5667 3457 5738 βίου
3519 5665 3734 5735 εὐροίᾳ,

2147 5774 2245 5846 τὴν
2270 5771 2437 5827 αὑτοῦ
2465 5769 2713 5838 καθαρὰν
2744 5766 3025 5830 εὐσέϐειαν
3071 5761 3403 5833 καπηλεύειν
3432 5761 3732 5826 ἀναισχυν-

2149 5869 2389 5938 τήσαντα
2417 5883 2429 5900 ε
2464 5865 2555 5920 καὶ
2587 5865 2674 5919 ἵνα
2706 5862 2864 5917 πλέον
2895 5853 2970 5916 ὧν
2997 5855 3311 5928 ἐγυμνώθη,
3351 5852 3546 5923 ὀφθείη
3580 5866 3732 5919 περι·
