4024 6480
330 403 448 469 385
1522 406 2059 470 EPISTOLARUM
2089 406 2321 467 LIBER
2360 407 2444 466 II.
3511 405 3618 469 886

322 513 690 584 ϐαλλόμενος
709 529 723 545 ⁶
750 513 887 569 ἀλλὰ
925 514 1022 569 καὶ
1054 514 1265 581 Παῦλός
1318 532 1503 587 φησιν⁹
1550 517 1640 570 Ἐν
1670 514 1813 586 λιμῷ
1842 531 1911 569 κα

2038 518 2098 565 ιιι
2130 511 2287 582 longe
2334 510 2581 582 pluribus
2609 511 2944 577 instructus,
2971 514 3137 580 quam
3188 512 3396 581 quibus
3434 514 3614 585 priva-

320 603 488 673 δίψει
539 604 752 670 διεϐίω,
778 607 873 661 καὶ
901 605 1064 677 ψύχει
1098 608 1194 661 καὶ
1228 608 1560 680 γυμνότητι·
1589 607 1704 661 ἀλλ’
1758 605 1909 660 ἑκών,

2034 602 2215 666 batur,
2259 602 2550 657 videretur.
2616 602 2722 658 Sed
2778 611 2833 657 et
2872 602 3074 657 Paulus
3122 602 3418 671 inquit:ln
3472 605 3617 662 fame

337 695 502 748 Ἀλλ’
560 697 729 769 ἀρκεῖ
754 713 838 750 σοι
882 696 1096 751 Παῦλον
1136 698 1281 768 ἔχειν
1314 700 1435 753 ἀντὶ
1474 698 1675 763 παντὸς
1700 696 1926 752 πλούτου

2031 704 2195 764 atque
2251 695 2339 750 siti
2392 695 2519 762 vixi,
2552 694 2610 749 in
2640 695 2841 766 frigore
2872 704 2929 750 et
2985 694 3267 759 nuditate;
3302 706 3495 764 Sponte
3529 708 3614 753 ta-

324 784 432 839 καὶ
463 784 669 859 πάσης
689 786 1040 858 εὐδαιμονίας
1069 790 1149 854 είς
1176 790 1555 860 παράδειγμα.

2033 801 2195 840 men.
2252 784 2497 842 Sufﬁciat
2564 795 2747 841 autem
2802 784 2896 840 tibi
2959 783 3108 839 Pauli
3146 786 3457 848 exemplum
3517 804 3616 859 pro

2034 874 2369 944 quibuslibet
2412 874 2628 945 opibus,
2661 883 2716 929 et
2739 886 3065 944 quacunque
3084 868 3364 929 felicitate.

982 992 1206 1047 ΕΠΙΣΤ.
1230 994 1349 1046 OE’.
2554 986 2571 1041 I

2554 985 2772 1041 EPIST.
2842 984 3049 1041 LXXV.

806 1085 1123 1153 Σωφρονίφ
1150 1084 1486 1154 μονάζοντι.

2496 1078 2788 1147 Sophronia
2813 1077 3082 1132 monacho.

1591 1200 1857 1250 Moutacut.
1895 1200 1997 1263 (ep.
2027 1198 2107 1260 42,
2138 1212 2188 1261 p.
2220 1196 2323 1260 98).

407 1301 646 1372 Ὠσπερ
674 1303 733 1356 al
758 1302 867 1358 ἀπὸ
888 1303 996 1356 τῶν
1014 1304 1347 1374 τραυμάτων
1375 1304 1550 1372 οὐλαὶ,
1583 1305 1711 1369 τοὺς
1734 1306 1933 1368 τόπους

2105 1300 2571 1369 Quemadmodum
2591 1300 2824 1356 obducta
2871 1298 3215 1357 cicatricibus
3226 1299 3447 1354 vulnera
3468 1299 3614 1355 locos

327 1393 625 1461 ἐκείνους,
654 1393 779 1448 καθ’
800 1393 893 1458 οὓς
916 1395 1419 1467 ὲνεσκιρρώθησαν,
1452 1398 1548 1451 καὶ
1575 1397 1715 1467 μετὰ
1744 1397 1916 1467 ὑγείαι

2034 1394 2176 1461 illos,
2210 1395 2266 1449 in
2284 1394 2485 1464 quibus
2513 1393 2710 1449 callum
2736 1392 3183 1463 superinductum
3201 1392 3421 1453 habent,
3448 1391 3611 1446 etiam

324 1481 618 1546 εὐπαθεῖς
678 1484 775 1537 καὶ
831 1484 1087 1548 νοσώδεις
1155 1486 1675 1555 παρασκευάζουσιν
1707 1504 1722 1518 ·
1790 1486 1913 1540 οὗτιι

2034 1496 2157 1558 post
2209 1487 2546 1543 curationem
2602 1485 2809 1540 morbis
2856 1494 2911 1540 et
2969 1484 3419 1555 impressionibus
3456 1493 3611 1552 aptos

325 1574 431 1627 καὶ
461 1576 521 1626 ot
562 1576 623 1628 ὲν
642 1577 710 1647 τῇ
743 1576 890 1647 ψυχῇ
920 1576 1034 1629 τῶν
1059 1577 1476 1649 ἁμαρτημάτων
1524 1577 1813 1647 μώλωπες,
1839 1580 1914 1633 κα

2037 1580 2274 1635 reddunt
2315 1598 2328 1633 :
2383 1579 2455 1634 ita
2490 1586 2545 1633 et
2574 1578 2771 1633 animae
2802 1592 2898 1648 per
2927 1570 3207 1647 peccatum
3237 1574 3425 1631 inﬂicti
3464 1576 3612 1630 livo-

326 1665 488 1735 μετὰ
506 1666 618 1734 τὴν
639 1666 937 1739 θεραπείαν
968 1667 1369 1738 εὑπαράδεκτον
1400 1670 1569 1740 αὐτὴν
1590 1670 1685 1723 καὶ
1708 1670 1915 1741 ἑτοίμηι

2037 1687 2147 1739 res,
2190 1662 2361 1743 ipsam
2398 1672 2631 1727 reddunt
2659 1671 2806 1741 (post
2846 1670 3214 1739 curationem)
3252 1676 3379 1739 apte
3423 1668 3613 1736 dispo-

324 1757 478 1829 πρὸς
529 1759 639 1829 τὴν
688 1759 1096 1824 καταστίξασαν
1137 1761 1415 1832 ἁμαρτίαν
1479 1760 1913 1833 ἀπεργάζονται

2036 1764 2194 1819 sitam
2260 1772 2318 1819 et
2377 1763 2706 1834 paratiorem
2750 1761 2823 1815 ad
2891 1762 3142 1832 stigmata
3197 1774 3296 1830 per
3328 1769 3612 1830 peccatum

321 1850 513 1919 φεῦγε
553 1850 739 1904 τοίνυν
772 1852 832 1903 ὲν
885 1851 1120 1918 νεότητι,
1150 1853 1293 1907 κατά
1336 1853 1518 1906 πᾶσαν
1573 1853 1829 1925 σπουδήν,
1858 1851 1910 1907 τέ

2034 1854 2324 1910 inurenda.
2367 1854 2589 1941 Qeclina
2622 1854 2783 1925 igitur
2839 1869 2937 1924 per
2972 1851 3395 1907 adolescentiam
3422 1864 3613 1919 pecca-

321 1941 725 2012 ἀμαρτήματα
754 1956 768 1970 ·
799 1941 881 1995 ὅτι
909 1940 1123 2011 συμϐάν
1172 1958 1233 1995 σε
1279 1941 1489 2003 τούτοις
1529 1944 1910 2013 σιτεριπαρῖιτιναι1

2028 1954 2146 2000 tum
2183 1946 2334 2001 omni
2383 1939 2568 2001 Studio
2603 1963 2615 1998 :
2652 1944 2911 2015 quoniam
2968 1943 3013 1998 si
3066 1953 3121 1996 te
3162 1940 3232 1995 ab
3268 1940 3373 1994 illis
3396 1939 3612 1995 confodi

318 2026 434 2081 κᾶν
476 2027 591 2098 τῆς
643 2027 862 2099 πληγῆς
915 2030 1014 2083 σὺν
1069 2030 1218 2101 πόνῳ
1246 2030 1428 2102 πολλῷ
1491 2032 1833 2101 ἀπαλλαγεὶς
1870 2042 1907 2097 ν,

2026 2037 2351 2110 contigerit,
2385 2047 2663 2108 utcunque
2696 2045 2749 2093 te
2777 2053 2807 2092 a
2849 2037 3005 2108 plaga
3036 2050 3160 2089 cum
3214 2034 3387 2088 multo
3427 2033 3612 2088 labore

323 2118 452 2173 ἀλλ’
512 2112 617 2173 οὖν
687 2120 738 2173 οί
790 2119 955 2175 τύποι
1000 2122 1112 2177 τῶν
1171 2123 1495 2194 στιγμάτων
1565 2125 1659 2178 καὶ
1734 2126 1784 2178 οί
1827 2142 1912 2196 χα-

2025 2131 2399 2195 extricaveris,
2448 2131 2761 2202 stigmatum
2841 2138 3025 2184 tamen
3076 2127 3344 2197 impressa
3385 2125 3612 2195 vestigia

317 2210 638 2282 ρακτῆρες,
691 2211 814 2265 οὐδὲ
865 2212 1028 2285 μέχρι
1080 2214 1288 2286 γήρους
1337 2215 1695 2287 σχολάσουσιν
1738 2216 1906 2288 ὲρεθί-

2025 2229 2081 2274 et
2106 2221 2470 2288 characteres,
2508 2237 2680 2292 usque
2702 2221 2771 2276 ad
2814 2220 3041 2277 senilem
3071 2226 3287 2272 aetatem
3314 2230 3424 2271 non
3446 2216 3609 2270 omit-

317 2295 543 2364 ζοντες,
596 2300 691 2355 καὶ
720 2300 829 2354 τῶν
859 2304 1078 2357 οἰκείων
1112 2306 1206 2357 καὶ⁷
1236 2305 1516 2374 συγγενῶν
1562 2305 1753 2360 παθῶν
1798 2307 1906 2360 ἐπι-

2022 2320 2142 2368 teut
2176 2313 2565 2371 irritationem:
2602 2324 2659 2370 et
2683 2328 2808 2369 cum
2846 2313 2945 2368 tibi
2971 2310 3317 2366 familiarium
3342 2309 3610 2363 malorum

312 2390 648 2455 δεικνύντες
693 2391 755 2445 τὸ
780 2392 1016 2460 εἴδωλον,
1047 2396 1108 2449 οὐ
1159 2396 1415 2466 χαλεπῶς
1449 2414 1508 2451 σε
1569 2398 1707 2468 πρὸς
1760 2397 1901 2452 τοῢτι

2022 2413 2074 2458 et
2138 2406 2555 2477 congenitorum
2611 2405 2883 2477 imagines
2931 2400 3465 2470 repraesentaverint,
3498 2414 3611 2454 non

314 2479 835 2553 διαμορφώσουσιν.

2016 2494 2303 2553 ditliculter
2354 2507 2412 2553 te
2465 2498 2534 2553 ad
2584 2498 2673 2552 illa
2731 2496 3128 2554 conformatum
3156 2492 3403 2549 reddent.

928 2598 1154 2653 cum.
1191 2603 1331 2669 θεῖν.

2581 2609 2802 2665 EPIST.
2848 2607 3080 2671 LXXVI.

502 2689 881 2759 Μητροφάνῃ
921 2690 1169 2764 μοναχῷ
1191 2695 1708 2766 ἀποστατήσω-τι.

2371 2701 2707 2774 H‘etropham'
2741 2702 2994 2756 monacho
3034 2706 3312 2767 apostatw.

1567 2813 1836 2865 Montacut.
1872 2815 1976 2879 (ep.
2006 2816 2087 2878 65,
2120 2830 2169 2878 p.
2203 2815 2333 2879 118).

385 2907 594 2972 Οὐδεὶς
620 2909 947 2983 ἀνθρώπιον,
978 2913 1087 2967 οὐδ’
1127 2915 1156 2968 ό
1185 2914 1412 2981 τέλειος,
1451 2915 1559 2970 ἀπὸ
1585 2918 1760 2987 ῥύπου
1813 2937 1913 2972 κα·
1939 2936 1974 2997 c

2083 2918 2258 2976 Nemo
2310 2919 2645 2985 mortalium,
2674 2933 2744 2975 ne
2791 2918 3011 2989 quidem
3070 2914 3379 2987 perfectus,
3431 2930 3462 2970 a
3492 2930 3607 2969 ma-

314 3000 490 3070 θαρός
518 3018 533 3031 ·
568 3004 665 3057 καὶ
686 3004 862 3068 οὐδεὶς
888 3005 1217 3079 ἀνθρώπων,
1248 3007 1361 3061 οὐδ’
1392 3008 1422 3060 ὁ
1450 3009 1730 3077 κάκιστος,
1771 3028 1903 3065 παν-

2019 3011 2146 3066 culis
2182 3026 2352 3082 purus
2386 3019 2443 3066 et
2492 3011 2767 3067 sordibus.
2798 3011 2993 3066 Nullus
3040 3009 3226 3075 homo,
3264 3024 3335 3063 ne
3389 3008 3608 3078 quidem

316 3091 496 3158 τελῶς
542 3095 816 3167 ἀμέτοχος
850 3098 1055 3169 ἀρετῆς
1079 3114 1095 3129 '
1125 3098 1302 3170 δόγμα
1344 3100 1574 3155 παλαιὸν
1615 3101 1711 3154 καὶ
1747 3101 1905 3173 μέχρι

2024 3104 2304 3172 oessimus,
2345 3103 2478 3173 quin
2523 3102 2751 3173 alicujus
2778 3101 2996 3157 virtutis
3031 3101 3307 3171 particeps
3333 3101 3438 3156 sit:
3468 3101 3613 3155 autin

319 3184 418 3238 νῦν
452 3188 587 3250 ταῖς
620 3187 875 3243 ἁπάντων
902 3190 998 3244 καὶ
1020 3189 1222 3262 ψήφοις
1250 3191 1346 3246 καὶ
1377 3191 1610 3262 πράξεσι
1646 3192 1908 3261 φυλαττό-

2021 3210 2179 3263 quum
2217 3194 2413 3265 dogma
2482 3202 2586 3260 est,
2631 3194 2932 3248 etiamnum
2992 3191 3335 3261 singulorum
3390 3189 3610 3244 calculis

322 3293 513 3346 μενον.
554 3278 648 3349 Μὴ
678 3280 912 3354 θελήσῃς
932 3280 1112 3347 λῦσαι,
1135 3282 1213 3354 τῷ
1232 3282 1373 3336 κατὰ
1403 3284 1627 3336 σεαυτὸν
1659 3283 1910 3351 ὑποδείγ-

2020 3296 2067 3343 et
2120 3286 2429 3341 actionibus
2469 3285 2822 3343 custoditum.
2880 3282 3000 3337 Noli
3060 3292 3119 3336 tu
3160 3282 3237 3343 id,
3284 3296 3392 3335 non
3424 3292 3609 3334 exem'

319 3382 452 3435 ματι
473 3409 491 3436 ,
519 3370 682 3424 κενὸν
710 3372 934 3444 ἀπάσης
962 3373 1163 3445 ἀρετῆς
1192 3372 1387 3427 σαυτὸν
1436 3373 1696 3439 ἐπιδεῖξαι
1727 3376 1908 3443 φιλονιη

2015 3378 2103 3447 plo
2139 3384 2461 3433 evacuatan
2510 3375 2775 3429 reddere:
2836 3374 2967 3429 dum
3004 3380 3056 3428 te
3099 3371 3319 3441 penitus
3362 3370 3604 3423 inanem,

318 3460 489 3515 εικῶν
517 3462 618 3517 καὶ
654 3463 811 3517 κενὸν
833 3464 1140 3537 ἀνθρώποις
1164 3464 1428 3536 διήγημα.

2017 3476 2071 3523 et
2097 3466 2436 3536 quantalibet
2492 3464 2709 3520 virtutis
2759 3463 3011 3535 portione
3054 3476 3284 3515 vacuum
3319 3459 3606 3514 contendis

2025 3555 2306 3623 exhibere,
2340 3565 2397 3613 et;
2415 3555 2598 3612 fabula
2626 3554 2769 3625 apud
2792 3562 3019 3609 cunctos
3063 3550 3241 3607 inanis
3262 3549 3378 3604 (ias.

951 3663 1174 3719 ΕΠΙΣΤ.
1198 3666 1317 3722 OZ'.

2590 3662 2809 3721 EPIST.
2855 3661 3119 3717 LXXVII.

982 3755 1069 3822 Τῷ
1095 3754 1276 3822 αὐτῷ.

2736 3758 2939 3813 Eidem.

1579 3874 1848 3926 Montacut.
1884 3875 1988 3940 (ep.
2014 3878 2095 3941 66,
2130 3893 2181 3942 p.
2211 3878 2343 3941 118).

390 3968 607 4024 Ἔπεσε
648 3970 837 4039 Δασὶδ,
860 3973 977 4029 ἀλλ’
1019 3976 1221 4049 ἀνέστη
1244 3994 1259 4009 ⁶
1312 3979 1513 4050 ἀνέστη
1543 3980 1603 4034 δὲ
1642 3984 1915 4054 προσευχῇ

2098 3983 2310 4039 Cecidit
2348 3981 2541 4048 David,
2581 3981 2679 4037 sed
2706 3980 2943 4035 surrexit
2977 4000 2990 4034 :
3016 3979 3256 4036 surrexit
3286 3978 3481 4045 {autem
3510 3992 3605 4048 per

315 4065 648 4132 προφήτου,
700 4065 795 4119 καὶ
840 4066 1072 4137 δάκρυσι
1103 4083 1162 4136 ι,
1215 4072 1309 4124 καὶ
1361 4075 1580 4144 πικροῖς
1676 4075 1904 4146 ἐλέγχοις

2023 4075 2306 4144 prophetae
2351 4087 2571 4144 preces,
2614 4071 2829 4127 acerbis
2874 4071 3144 4141 lacrymis,
3174 4080 3230 4125 et
3272 4071 3472 4125 amaris
3517 4085 3603 4124 re-

313 4153 717 4224 προσαχθεῖσιν
765 4155 871 4210 ὑπὸ
930 4159 1169 4230 δράματι
1204 4176 1219 4192 ο
1259 4162 1349 4215 ναί⁸
1388 4162 1451 4233 δὴ
1482 4166 1577 4218 καὶ
1613 4165 1797 4229 πόνοις
1821 4167 1902 4220 ml

2019 4167 2499 4236 prehensionibus,
2559 4165 2685 4219 ﬁcta
2747 4162 2968 4233 quidem
3007 4176 3266 4231 persona,
3297 4161 3505 4216 occulte
3525 4159 3606 4213 in-

317 4245 666 4355 μεταμελείᾳ
714 4250 811 4303 καὶ
854 4251 923 4321 τῇ
958 4251 1092 4323 ἄλλῃ
1132 4254 1302 4324 ἀρετῇ
1331 4255 1503 4311 αὐτοῦ
1533 4258 1766 4320 ἐκείνου,
1815 4259 1906 4312 τοῦ

2020 4254 2266 4308 tentatis.
2305 4251 2414 4309 Sed
2440 4262 2496 4308 et
2521 4267 2617 4322 per
2652 4251 2870 4306 labores
2907 4249 3153 4319 insuper,
3202 4249 3603 4320 paenitentiam,

315 4338 752 4408 κατενεχθέντος
808 4340 907 4411 μὲν
933 4342 1010 4413 τῷ
1037 4345 1323 4416 πτώματι,
1347 4347 1676 4412 διατιθέντος
1711 4349 1767 4403 δὲ
1816 4369 1901 4421 φιο

2014 4352 2068 4399 et
2111 4344 2341 4400 virtutes
2368 4345 2501 4400 alias
2525 4344 2696 4414 ipsius
2734 4342 2829 4413 qui
2858 4357 2956 4412 per
2971 4342 3184 4412 lapsum
3221 4342 3603 4396 sternebatur.

314 4425 566 4499 λοσόφως
596 4434 737 4504 πρὸς
769 4434 861 4488 τὸν
890 4433 1131 4506 ἔλεγχον.
1172 4437 1409 4503 Ἔπεσες
1457 4442 1551 4493 καὶ
1574 4441 1737 4506 αὐτός
1762 4458 1775 4473 ·
1809 4444 1903 4497 καὶ

2010 4436 2439 4507 Comparabatur
2494 4444 2679 4491 autem
2708 4433 3089 4505 philosophice
3111 4434 3176 4487 ad
3239 4434 3599 4487 taxationem.

313 4522 609 4592 προφήτην
667 4524 766 4595 οὐχ
816 4526 929 4596 ὁρῶ
962 4543 977 4559 ·
1020 4528 1102 4582 ὅτι
1137 4529 1281 4600 μηδὲ,
1310 4530 1413 4585 τοῦ.
1461 4532 1626 4587 Δαϐὶδ
1679 4553 1901 4589 ταπειν⁴

2019 4528 2277 4585 Cecidisti
2328 4538 2383 4585 et
2408 4538 2463 4585 tu
2493 4546 2507 4584 :
2543 4527 2863 4600 prophetam
2891 4527 3105 4582 nullum
3136 4527 3331 4594 video;
3365 4542 3475 4581 non
3499 4526 3600 4578 Da-

312 4612 625 4685 οφροσύνην
660 4618 756 4670 καὶ
810 4618 1102 4688 μετάνοιαν
1137 4638 1151 4653 ·
1203 4622 1295 4676 σόν
1341 4624 1457 4677 ἐστι
1506 4625 1691 4680 λοιπὸν
1741 4628 1901 4682 καθο-

2015 4622 2148 4677 vidis
2168 4621 2528 4679 humilitatem
2563 4621 2754 4687 animi,
2786 4636 2895 4675 non
2943 4620 3388 4691 resipiscentiam.
3438 4618 3520 4672 Ad
3552 4628 3604 4673 te

317 4705 414 4772 ρᾷν
440 4708 541 4760 καὶ
565 4711 871 4779 φροντίζειν
895 4712 1045 4777 ὅπως
1066 4714 1348 4787 ἀναστήσῃ
1379 4717 1475 4769 τοῦ
1507 4722 1821 4789 πτώματος,
1854 4722 1902 4773 εί

2011 4714 2270 4783 deinceps
2332 4720 2545 4783 spectat
2599 4712 2785 4769 videre
2844 4720 2900 4766 et
2958 4726 3173 4776 curare,
3222 4722 3282 4766 ut
3347 4727 3377 4765 a
3446 4710 3600 4779 lapsu

319 4795 395 4865 μή
433 4813 520 4851 σοι
548 4799 609 4851 τὸ
641 4800 826 4854 δοῦναι
843 4802 998 4875 δίκην
1019 4804 1115 4861 καὶ
1133 4806 1277 4871 τότε,
1309 4807 1409 4877 τὴν
1424 4808 1639 4862 ἐκεῖθεν
1663 4809 1758 4863 τοῦ
1781 4811 1898 4864 δια⁴

2012 4804 2387 4867 resusciteris,
2440 4804 2544 4861 nisi
2614 4805 2711 4860 tibi
2764 4805 2894 4860 dare
2951 4819 3143 4875 poenas
3194 4804 3326 4859 olim
3385 4804 3441 4857 in
3506 4818 3601 4857 vo-

319 4892 538 4956 φυγεῖν,
569 4891 719 4946 ἐστὶν
747 4894 1133 4967 αἱρετώτερον.

2004 4899 2073 4951 tis
2129 4897 2299 4969 magis
2337 4898 2540 4952 haereat
2588 4896 2888 4968 proposito,
2919 4910 3083 4967 quam
3126 4911 3157 4951 a
3205 4896 3472 4966 supplicio
3500 4914 3593 4957 ex-

2005 4989 2202 5060 pediri.

922 5098 1151 5155 ΕῐΙιΣΤ.
1175 5102 1304 5156 OH'.

2524 5101 2746 5160 EPIST.
2781 5100 3067 5159 LXXVIII.

553 5189 836 5260 Εὐθυμιῳ
857 5191 1178 5261 you-Mm;
1227 5196 1660 5263 παραπεσόντι.

1650 5234 1660 5251 .
2372 5196 2655 5267 Euthymio
2688 5196 2947 5250 monacho
2984 5193 3239 5264 collapsa.

1553 5308 1822 5360 Montacut.
1857 5311 1963 5372 (ep.
1989 5310 2069 5368 68,
2104 5324 2151 5373 p.
2188 5310 2318 5373 119).

389 5403 453 5458 Εί
486 5407 627 5478 μήτε
655 5410 757 5480 τῆς
781 5412 991 5467 ἐκεῖθεν
1022 5414 1301 5485 βασιλείας
1336 5419 1364 5471 ὁ
1399 5418 1588 5485 πόθος,
1631 5419 1773 5489 μήτε
1802 5419 1903 5491 τῆς

2085 5420 2143 5473 Si
2175 5435 2354 5489 neque
2377 5418 2616 5475 caelestis
2638 5419 2788 5490 regni
2816 5416 3171 5482 desiderium,
3195 5431 3298 5472 nec
3325 5417 3593 5471 inelucta-

314 5488 692 5569 ἀπαραιτήτου
709 5502 982 5573 τιμωρίας
997 5503 1026 5555 ὁ
1040 5503 1225 5573 φόϐος,
1258 5505 1397 5560 ἀλλὰ
1416 5507 1551 5577 μηδὲ
1568 5507 1677 5561 τῶν
1697 5488 1901 5578 θμοίιιλς

2010 5512 2132 5567 bilis
2167 5512 2416 5582 supplicii
2468 5520 2665 5577 metus,
2707 5525 2808 5565 nec
2853 5526 3067 5576 eorum,
3108 5509 3200 5579 qui
3240 5509 3319 5564 tui
3360 5510 3590 5573 similes,

318 5596 403 5636 σοι
427 5587 518 5642 τὸν
575 5590 690 5661 βίον
725 5595 784 5645 ἐν
835 5596 1072 5667 τοσαύτῃ
1124 5600 1363 5670 πονηρίᾳ
1404 5600 1899 5671 καταδαπανησάν-

2010 5603 2175 5657 vitam
2216 5612 2323 5657 tam
2350 5601 2549 5672 insigni
2583 5602 2933 5673 improbitate
2966 5600 3164 5657 foedam
3198 5601 3587 5673 transigerunt,

1579 5733 1815 5791 VARle
1851 5734 2260 5791 LECTIONES.

389 5862 413 5891 ν
439 5875 528 5926 γρ.
565 5862 961 5938 ἀπαλλαγείης.
1040 5875 1065 5904 ³
1105 5868 1190 5923 ἶσ.
1224 5868 1354 5926 add.
1390 5870 1633 5941 οἰκείοις,
1658 5888 1766 5928 nou
1800 5874 1943 5929 cnim
1972 5873 2251 5945 propheta:
2282 5871 2570 5928 Nathanis.
