4024 6434
429 334 534 397 887

1561 347 1823 410 ΡΗΟΤΙΙ
1859 351 2360 418 PATRIARCH/E
2396 359 2506 420 ΕΡ.

3573 366 3680 430 888

423 451 582 513 dura,
599 448 833 505 dillicilia
850 459 905 506 et
932 449 1269 512 intoleranda
1297 471 1419 527 quae
1445 460 1628 514 statim
1663 461 1808 531 passi
1831 471 1984 530 sunt,

2097 486 2226 538 των,
2272 469 2345 524 τὰ
2393 470 2535 526 κατὰ
2587 472 2760 539 πόδας
2811 475 3027 547 χαλεπᾶ
3075 481 3173 535 καὶ
3211 480 3472 536 δύσοιστα
3503 479 3676 553 πάθη,

422 541 516 596 sed
549 555 650 597 nec
677 541 747 598 ab
776 544 1033 600 omnibus
1059 545 1270 617 ingesta
1299 551 1613 621 opprobria,
1656 553 1723 609 ad
1763 570 1995 612 conver-

421 635 634 690 sionem
681 645 737 691 ct
765 636 1136 692 ’sobrietatem
1185 639 1255 694 ab
1315 642 1614 700 audacibus
1663 644 1997 705 facinoribus

420 724 602 781 adhuc
633 726 942 782 excitarunt
967 746 981 782 :
1020 735 1217 784 vereor
1247 745 1347 804 ego
1378 743 1550 801 certe,
1588 748 1658 791 ne
1685 737 1997 797 daemonum

422 823 616 871 natura
648 816 874 873 formam
905 818 960 872 in
983 829 1035 874 te
1065 820 1403 880 simulaverit
1432 825 1750 883 humanam.
1775 827 1995 886 Utinam

423 921 702 977 nunquam
745 924 834 964 me
876 909 944 964 ad
991 909 1093 966 ista
1141 912 1468 982 proferenda
1511 917 1803 988 adegisses.
1833 920 1996 977 Certe

420 998 685 1067 prommia
738 1000 898 1057 nobis
945 1003 1167 1058 venturi
1212 1004 1534 1063 Antichristi
1600 1009 1653 1064 in
1708 1013 1995 1083 temetipso

420 1093 670 1150 exhibes.

947 1210 1167 1290 EPIST.
1210 1212 1453 1272 LXXIX.

841 1299 1026 1356 Marco
1074 1302 1252 1358 Siculo
1297 1308 1570 1362 monacho.

2099 563 2237 632 μήτε
2263 562 2331 616 τὰ
2353 564 2508 617 κοινὰ
2527 565 2682 636 παρὰ
2702 567 2926 623 πάντων
2944 570 3144 644 ὀνείδη,
3168 573 3306 644 πρὸς
3334 574 3677 645 ἐπιστροφήν

2097 671 2157 708 σε
2179 654 2275 708 καὶ
2327 655 2488 727 νῆψιν
2545 657 2658 713 τῶν
2704 659 3072 733 τολμωμένων
3138 662 3296 719 ούπω
3361 665 3624 736 διεγείρει
3653 682 3670 698 ·

2095 745 2307 802 δέδοικα
2332 749 2407 819 μὴ
2436 749 2712 821 δαιμόνων
2753 753 2918 823 φύσις
2959 754 3251 828 ἀνθρώπου
3285 757 3500 829 μορφὴν
3538 757 3674 812 ύπο-

2101 839 2370 909 κρίνεται.
2437 842 2577 897 Ἀλλ’
2631 844 2744 899 εἴθε
2802 847 2878 918 μὴ
2935 848 3244 921 συνήλασας
3303 852 3456 922 ἡμᾶς
3497 849 3672 906 ταῦτα

2094 931 2288 998 εἰπεῖν,
2329 933 2423 987 καὶ
2464 934 2559 988 τοῦ
2625 936 2992 1010 Ἀντιχρίστου
3035 940 3125 998 διὰ
3165 941 3260 996 σοῦ
3312 944 3347 1013 ἡ
3401 941 3673 1013 παρουσία

2098 1025 2534 1094 προοιμιάζεται.

2687 1229 2913 1286 ΕΗΙΣΤ.
2953 1231 3075 1287 08¹⁶

2467 1317 2684 1388 Μάρκῳ
2704 1319 2931 1386 Σικελῷ
2952 1319 3288 1392 portitor-tt.

1645 1421 1910 1473 Montacut.
1947 1424 2049 1488 (ep.
2079 1427 2159 1487 84,
2181 1441 2230 1490 p.
2265 1428 2394 1492 150).

487 1510 638 1568 Multi
685 1513 929 1572 historici
971 1503 1192 1586 docent,
1230 1521 1378 1591 quod
1419 1537 1544 1578 cum
1591 1530 1692 1596 per
1728 1535 1994 1584 terrarum

2171 1532 2310 1595 Τοὺς
2332 1532 2468 1603 πρὸς
2481 1532 2757 1606 Ἑσπέραν
2786 1533 3129 1606 ἀνθρώπους,
3160 1535 3250 1589 ὅτε
3267 1535 3545 1606 πανταχοῦ
3568 1538 3679 1606 γῆς

417 1602 606 1658 orbem
652 1613 828 1662 totum
877 1608 1134 1679 impietas
1191 1611 1616 1680 diffundebatur,
1675 1615 1993 1686 Saturnum,

416 1693 684 1750 Venerem
702 1737 717 1761 ,
747 1707 803 1754 et
828 1697 1213 1771 Proserpinam
1238 1743 1254 1768 ,
1303 1702 1684 1763 Occidentales
1721 1709 1867 1764 solos
1898 1727 1997 1780 pro

417 1784 522 1841 diis
553 1786 808 1844 habuisse
837 1807 853 1845 :
886 1798 943 1846 et
968 1793 1112 1862 quod
1142 1808 1324 1864 neque
1365 1796 1636 1852 malorum
1661 1799 1998 1888 ‘toleratissi-

415 1889 567 1930 mum
585 1872 895 1944 Herculem,
913 1895 1018 1936 nec
1028 1879 1333 1939 Vulcanum
1355 1872 1690 1942 laudandum
1709 1889 1993 1955 artiﬁcem,

416 1979 520 2020 nec
550 1966 978 2026 rhetoricantem
1005 1974 1377 2044 Mercurium,
1413 1993 1517 2034 nec
1557 1978 1722 2034 alium
1759 1981 1995 2050 quemli-

416 2057 510 2112 bet
539 2073 752 2126 eorum,
790 2076 928 2132 quos
957 2063 1156 2120 fabulas
1198 2082 1428 2137 operum
1472 2071 1801 2141 optimorum
1833 2083 1888 2128 et
1915 2073 1997 2129 in-

415 2164 721 2218 genuorum
778 2153 1040 2223 pmsides
1087 2165 1142 2212 et
1199 2169 1482 2216 curatores
1547 2174 1879 2234 suggerunt,
1939 2166 1994 2220 in

413 2240 643 2299 deorum
681 2242 865 2299 album
907 2247 1178 2317 retulisse,
1219 2260 1314 2306 aut
1360 2252 1650 2310 admittere
1707 2256 1991 2313 voluisse:

412 2333 509 2390 sed
537 2348 641 2390 nec
676 2350 826 2391 aram
847 2337 1094 2408 iustitiae,
1119 2344 1513 2413 temperantiae.
1535 2355 1631 2401 aut
1653 2347 1814 2405 alicui
1838 2350 1994 2404 alteri

413 2426 604 2481 virtuti
633 2428 950 2497 aediﬁcasse,
986 2449 1123 2503 quas
1155 2436 1356 2493 multas
1389 2440 1652 2495 mortales
1693 2451 1808 2496 tum
1843 2442 1995 2498 deiti-

411 2518 632 2586 cabant,
664 2530 720 2576 et
750 2525 1140 2594 superstitione
1182 2530 1511 2600 prtevalente
1541 2533 1815 2590 colebant.
1852 2533 1994 2601 Quid

412 2621 531 2664 erat
558 2621 742 2668 autem
778 2630 878 2670 cur
901 2618 1047 2688 apud
1087 2618 1222 2674 istos
1265 2620 1570 2689 Saturnus,
1598 2622 1808 2690 Venus,
1858 2625 1995 2680 Pro-

412 2701 629 2772 serpina
655 2705 998 2775 colebantur,
1047 2710 1225 2766 solum
1272 2727 1340 2767 eo
1368 2715 1514 2782 quod
1566 2715 1816 2772 homines
1865 2718 1996 2773 solis

411 2791 615 2849 addicti
656 2809 810 2850 erant
854 2801 1231 2871 voluptatibus
1269 2805 1500 2870 ventris,
1527 2815 1582 2862 et
1608 2822 1792 2861 rerum
1825 2823 1996 2864 vene-

2096 1620 2380 1692 ὲξήπλωτο
2411 1624 2714 1695 ήάσέσεια,
2753 1627 2984 1697 Κρόνον,
3025 1628 3121 1682 καὶ
3174 1627 3520 1698 Ἀφροδίτην,
3573 1627 3681 1684 καὶ

2097 1711 2448 1783 Περσεφόνην
2480 1713 2677 1785 μόνους
2707 1715 2953 1787 νομίζειν
2986 1717 3145 1781 θεοὺς
3206 1719 3308 1785 τῆς
3366 1715 3609 1788 ἱστορίας
3637 1717 3680 1786 ἠ

2098 1805 2262 1874 πεῖρα
2309 1804 2666 1877 παρέδωκεν,
2705 1808 2803 1862 καὶ
2838 1806 2963 1862 οὔτε
2989 1806 3244 1880 τληπαθῆ
3271 1808 3368 1863 καὶ
3415 1823 3683 1880 καρτερι-

2097 1895 2192 1949 κὸν
2247 1895 2520 1966 Ἠρακλέα
2544 1938 2561 1962 ,
2618 1896 2748 1952 οὔτε
2790 1897 3096 1967 Ἥφαιστον
3125 1897 3509 1968 κλυτοτέχνην,
3554 1895 3686 1951 ἀλλ’

2096 1986 2219 2040 οὐδὲ
2269 1986 2450 2055 λόγιον
2492 1987 2742 2059 Ἑρμῆν,
2781 1989 2894 2044 οὐδ’
2945 1989 3107 2044 ἄλλον
3162 1989 3288 2042 τινὰ
3314 1982 3392 2044 ὧν
3448 1989 3478 2042 δ
3504 1987 3684 2061 μῦθος

2097 2080 2350 2150 χρηστῶν
2381 2080 2476 2135 καὶ
2515 2082 2824 2136 σπουδαίων
2853 2081 3034 2154 Epde
3076 2081 3391 2154 προστάτας
3433 2083 3529 2136 καὶ
3573 2082 3683 2152 ἑφ-

2096 2171 2256 2244 όρους
2280 2171 2618 2239 ὑποτίθεται,
2652 2172 2842 2227 οὐδένα
2876 2174 3082 2227 τούτων
3129 2172 3255 2227 οὔτε
3283 2173 3522 2237 θειᾶσαι,
3548 2171 3686 2227 οὔτε

2095 2262 2530 2334 παραδέξασθαι,
2558 2263 2682 2318 οὐδὲ
2704 2264 2890 2337 βωμὸν
2921 2264 3134 2337 ἱδρῦσαι
3179 2263 3550 2334 δικαιοσύνης,
3608 2265 3683 2318 ού

2098 2355 2209 2425 μὴν
2233 2354 2354 2408 οὐδὲ
2391 2355 2774 2428 σωφροσύνης,
2815 2357 2922 2411 οὐδ’
2951 2358 3119 2428 ἄλλης
3176 2359 3323 2422 τινὸς
3349 2358 3577 2430 ἀρετῆς,
3604 2357 3686 2430 ἢν

2095 2445 2397 2516 τηνικαῦτα
2447 2447 2510 2500 τδ
2561 2447 2910 2520 ἀνθρώπινον
2953 2449 3114 2518 γένος
3151 2451 3420 2504 ὲθεοποίει
3472 2468 3534 2503 τε
3580 2451 3688 2504 καὶ

2097 2539 2251 2592 Eat-:63
2277 2539 2678 2611 δεισιδαιμονίᾳ
2705 2541 3074 2611 κατεχόμενον
3095 2557 3110 2572 ·
3135 2541 3223 2596 διὰ
3259 2542 3313 2595 τί
3334 2537 3428 2596 οὖν
3472 2543 3686 2611 Ἀφρο-

2096 2628 2237 2699 δίτη,
2271 2629 2364 2682 καὶ
2391 2629 2623 2701 Κρόνος,
2649 2630 2745 2682 καὶ
2783 2629 3100 2700 Περσεφόνη
3143 2630 3356 2694 τούτοις
3406 2628 3685 2700 ἐτιμήθη-

2099 2736 2230 2785 σαν;
2256 2720 2338 2773 ὅτι
2369 2720 2538 2790 μόνης
2566 2719 2764 2790 ἡδονῆς
2792 2720 2889 2773 καὶ
2926 2721 3164 2792 γαστρὸς
3213 2721 3309 2775 καὶ
3347 2720 3686 2792 ἀφροδισίων

2098 2812 2187 2866 ἀεὶ
2209 2811 2499 2880 γεγόνασιν
2531 2811 2828 2882 ἅνθρωποι.
2878 2812 2987 2865 Καὶ
3030 2812 3138 2884 γὰρ
3164 2813 3260 2866 καὶ
3287 2812 3512 2878 τούτους
3579 2811 3686 2876 οὓς

410 2899 649 2942 rearum.
687 2887 851 2944 Certe
900 2891 1043 2947 enim
1083 2891 1205 2949 illos
1257 2910 1395 2965 quos
1423 2896 1678 2952 colebant
1713 2899 1846 2954 deos
1891 2901 1995 2955 mi-

2101 2878 2308 2970 Ecs6ov,
2329 2902 2618 2974 μιγνύντες
2636 2878 2891 2976 αλλήλοις
2923 2902 3020 2956 καὶ
3043 2878 3450 2968 ’διαπλέκοντες
3472 2945 3488 2970 ,
3546 2923 3688 2978 τρο-

412 2979 632 3027 scentes
648 2973 904 3045 invicem,
921 2988 977 3034 et
995 2982 1321 3056 promiscuis
1342 2987 1715 3056 complexibus
1731 2987 2000 3044 inhaeren-

411 3071 517 3128 tes,
544 3063 822 3135 alimenta,
857 3067 1066 3138 luxum,
1102 3051 1268 3130 omne
1317 3051 1488 3147 genus
1533 3080 1897 3150 voluptatum,
1928 3082 1998 3137 ab

411 3153 520 3209 illis
541 3154 669 3223 diis,
719 3166 782 3213 ut
821 3157 1006 3216 verbis
1059 3161 1329 3232 ferebant,
1375 3166 1640 3236 ﬂuentes,
1687 3171 1996 3228 actionibus

409 3247 525 3302 suis
553 3251 972 3308 coacervabant.
1006 3253 1127 3309 Non
1161 3268 1246 3312 est
1287 3271 1418 3329 ergo
1451 3260 1676 3324 mirum,
1708 3263 1753 3317 si
1787 3271 1867 3329 tu,
1900 3263 1995 3334 qui

409 3355 585 3410 genus
611 3339 680 3397 ab
713 3338 1162 3403 Occidentalibus
1191 3350 1432 3417 derivas,
1463 3352 1603 3407 nihil
1630 3354 1875 3424 prudens
1901 3365 1997 3413 aut

410 3440 770 3503 temperatum
815 3435 1000 3494 dicere
1045 3439 1130 3496 vel
1167 3439 1348 3497 facere
1392 3445 1569 3514 possis
1615 3464 1628 3500 :
1705 3454 1855 3501 certe
1901 3463 1997 3516 pa-

410 3533 579 3579 ternae
597 3529 1022 3585 consuetudines
1048 3531 1139 3587 vix
1166 3537 1354 3588 autne
1385 3537 1472 3589 vix
1494 3537 1711 3606 quidem
1766 3538 1998 3609 corrigis

410 3625 468 3671 et
496 3617 550 3672 in
582 3619 830 3676 ordinem
860 3623 1032 3695 redigi
1072 3636 1305 3695 possunt
1353 3629 1586 3683 maxima
1614 3629 1857 3685 adhibita
1877 3631 2001 3686 dili-

409 3707 612 3778 gentia,
643 3724 798 3777 cura,
833 3720 890 3768 et
924 3713 1226 3771 laboribus.

965 3827 1183 3887 EPIST.
1224 3830 1439 3886 LXXX.

516 3915 675 3973 Saba:
712 3921 1077 3989 artae/torem,
1123 3941 1244 3979 cum
1282 3928 1542 3997 apostau's
1576 3929 1880 3982 immorata.

2104 2997 2213 3066 φάς
2242 3011 2303 3048 τε
2343 2991 2440 3047 καὶ
2499 2992 2714 3064 τρυφὰς
2768 2992 2864 3048 καὶ
2909 2991 3106 3061 ἠδονόις
3159 2991 3421 3055 παντοίας
3467 2989 3692 3044 ἐκεῖθεν

2100 3087 2288 3148 αὐτοῖς
2313 3085 2394 3157 τῷ
2423 3084 2568 3155 λόγῳ
2599 3083 2829 3155 ῥεούσας
2878 3083 2971 3139 διά
3005 3083 3114 3138 τῶν
3155 3083 3409 3154 πράξεων
3452 3081 3688 3136 συνελέ-

2104 3193 2286 3247 γοντο.
2332 3173 2499 3232 Οὐδὲν
2542 3173 2637 3231 οὖν
2685 3175 3000 3247 θαυμαστὸν
3057 3175 3106 3229 εί
3144 3176 3240 3229 καὶ
3287 3177 3353 3229 σὺ
3402 3175 3466 3228 τὸ
3521 3174 3691 3244 γένος

2098 3272 2272 3326 ἕλκων
2301 3264 2361 3335 ἐξ
2383 3269 2678 3342 Ἐσπέρας,
2710 3267 2887 3333 οὐδὲν,
2910 3266 3035 3321 οὔτε
3063 3269 3284 3339 σῶφρον
3310 3266 3492 3336 λέγειν
3511 3266 3686 3338 ἔχεις,

2097 3361 2220 3416 οὔτε
2246 3359 2694 3434 διαπράττεσθαι.
2726 3357 2981 3432 Μεγίστη
3009 3357 3118 3430 γάρ
3149 3358 3353 3430 σπουδῇ
3381 3358 3480 3413 καὶ
3499 3359 3685 3422 πόνοις

2101 3455 2197 3509 καὶ
2228 3453 2480 3525 μελέταις
2512 3455 2582 3508 τά
2619 3453 2678 3520 ἐξ
2722 3451 2877 3518 ἔθους
2912 3451 3008 3506 καὶ
3041 3451 3302 3522 πατρίδος
3337 3451 3494 3522 μόλις
3551 3451 3683 3504 ποτὲ

2098 3548 2244 3617 φιλεῖ
2272 3545 2832 3618 μεταρρυθμίζεσθαι.

2735 3832 2957 3885 ΕΠΙΣΤ.
2993 3831 3075 3884 Π’.

2104 3926 2266 3994 Σὰϐᾳ
2296 3924 2648 3996 ἠσυχαστῇ,
2671 3926 2824 3994 μετὰ
2845 3923 2963 3978 τῶν
2989 3922 3352 3979 ἀποστατῶν
3384 3923 3676 3994 γεγονότι.

1648 4037 1917 4091 Montacut.
1945 4039 2049 4105 (ep.
2082 4041 2164 4103 90,
2197 4055 2248 4105 p.
2286 4040 2416 4104 155).

480 4124 640 4185 Unde
667 4128 893 4203 factum,
929 4144 990 4191 ut
1025 4151 1151 4193 cum
1182 4139 1249 4194 ad
1270 4142 1453 4196 Omnia
1501 4137 1652 4197 tarde
1681 4151 1735 4197 et
1763 4159 1994 4201 onerosc

407 4223 702 4289 movearis,
725 4225 792 4280 ad
821 4229 1257 4288 machinationes
1277 4239 1463 4290 contra
1495 4245 1584 4291 m‘e
1618 4236 1768 4293 celer
1821 4247 1878 4293 et
1899 4245 1994 4293 ve-

407 4309 638 4374 hemens
684 4317 1010 4374 exstiteris?
1058 4321 1255 4392 Liquet
1300 4323 1450 4390 hinc,
1499 4327 1713 4398 opinor,
1748 4329 1892 4400 quod
1937 4330 1993 4384 in

403 4402 607 4470 quibus
651 4408 954 4466 secundum
990 4413 1258 4470 rationem
1309 4418 1562 4486 procedit
1596 4419 1756 4486 ratio,
1795 4430 1995 4475 utcun-

403 4508 512 4563 que
546 4493 787 4566 ingenita
817 4500 918 4571 ipsi
949 4504 1202 4562 celeritas
1232 4521 1342 4562 non
1379 4510 1452 4565 sit
1475 4511 1544 4566 ad
1575 4520 1703 4567 ante
1730 4514 1994 4569 vertenda
2023 4493 2036 4555 ε

403 4587 778 4654 mola,tamen
827 4593 1111 4653 incitatius
1141 4611 1198 4654 et
1232 4602 1518 4667 continuo,
1574 4620 1677 4660 nec
1725 4621 1994 4677 suspenso

403 4687 585 4746 motu,
612 4681 680 4738 ad
743 4687 883 4742 mala
916 4686 1045 4744 ferri
1094 4706 1204 4746 non
1250 4693 1387 4750 vult.
1423 4697 1494 4751 At
1529 4713 1654 4752 cum
1697 4697 1825 4754 inde
1846 4699 1994 4754 exci-

403 4768 549 4825 derit
577 4775 722 4841 quod
744 4777 1050 4835 secundum
1103 4793 1356 4841 naturam
1384 4797 1489 4854 est,
1520 4805 1629 4844 una
1665 4791 1831 4846 etiam
1857 4791 1992 4847 etre-

400 4869 618 4929 runtur,
647 4877 703 4921 et
735 4878 916 4926 motus
943 4887 1136 4931 omnes
1165 4886 1219 4932 et
1246 4879 1492 4936 actiones
1512 4881 1743 4954 singulae
1775 4883 1833 4937 in
1868 4893 1992 4939 sta-

403 4960 520 5006 tum
570 4956 946 5018 turbulentum
995 4975 1049 5020 et
1106 4967 1396 5026 furiosum.
1471 4974 1609 5029 scito
1667 4985 1850 5030 autem
1905 4990 1991 5030 me

399 5042 558 5118 valde
587 5047 800 5116 pudore
827 5055 1122 5126 sulIusum,
1173 5072 1231 5117 et
1277 5079 1515 5121 maerore
1561 5068 1703 5122 ultra
1762 5069 1985 5124 modum

398 5145 703 5231 arreptum,
735 5156 847 5198 non
862 5149 1011 5216 quod
1031 5166 1232 5210 omnes
1259 5155 1313 5210 in
1345 5159 1637 5228 praesentia
1663 5161 1795 5215 aleae
1821 5161 1985 5231 jactac

398 5223 508 5280 sint
542 5227 600 5282 in
628 5245 740 5298 me,
774 5235 871 5290 sed
902 5242 1048 5309 quod
1074 5243 1206 5302 olim
1240 5255 1298 5303 tu
1333 5223 1402 5306 ex
1436 5250 1504 5307 iis
1535 5223 1984 5309 videbaris'esse.

398 5317 491 5387 qui
520 5334 612 5379 me
637 5326 917 5388 amabant.

2172 4145 2345 4199 Πόθεν
2397 4145 2432 4216 ἡ
2476 4142 2614 4213 πρὸς
2668 4141 2847 4194 πάντα
2899 4156 2996 4194 σου
3049 4139 3269 4211 κίνησις
3318 4137 3541 4211 βραδεῖα
3583 4138 3675 4190 καὶ

2101 4237 2301 4308 νωθὴς,
2343 4237 2424 4300 είς
2451 4236 2552 4307 τὴν
2575 4233 2698 4289 καθ’
2726 4233 2889 4306 ἡμῶν
2925 4232 3166 4303 κατέστη
3218 4229 3489 4300 συσκευὴν
3525 4227 3668 4292 ὀξεῖα

2101 4331 2197 4384 καὶ
2235 4327 2533 4400 σφοδράςῆ
2578 4328 2759 4398 δῆλον,
2817 4327 2895 4390 ὡς
2951 4327 3008 4378 ὲν
3057 4319 3142 4387 οἷς
3197 4323 3299 4393 μὲν
3325 4321 3603 4394 ⁸ἔπραττεν
3634 4321 3664 4372 ὁ

2099 4421 2356 4492 λογισμὸς
2378 4420 2520 4474 κατὰ
2551 4419 2734 4490 φύσιν,
2771 4415 2872 4472 κᾶν
2901 4419 3002 4472 οὐκ
3029 4412 3098 4488 ἦν
3125 4415 3276 4487 αύτῷ
3303 4415 3465 4484 τάχος
3499 4412 3674 4482 ἐμφυ-

2096 4533 2188 4568 τον
2216 4515 2298 4578 εἰς
2339 4511 2629 4584 ἀντίληψιν
2680 4511 2792 4565 τῶν
2824 4510 3035 4575 κακῶν,
3073 4510 3222 4579 ὅμως
3258 4508 3380 4562 οὐδὲ
3419 4505 3674 4577 ἀκρατῶς

2096 4608 2230 4662 είαγ
2259 4605 2397 4678 πρὸς
2427 4604 2498 4664 τὰ
2524 4605 2704 4674 φαῦλα
2752 4603 3036 4675 φέρεσθαι,
3090 4602 3186 4656 καὶ
3234 4600 3532 4662 ἁνενδότως
3578 4596 3679 4667 τὴν

2094 4703 2292 4773 ὁρμήν.
2331 4701 2485 4754 Ἐπεὶ
2508 4699 2566 4753 δὲ
2595 4699 2691 4755 καὶ
2722 4699 2903 4753 αὐτῶν
2933 4697 3157 4764 ἐξέπεσε
3184 4695 3293 4750 τῶν
3322 4696 3465 4749 κατὰ
3493 4692 3678 4763 φύσιν,

2096 4791 2566 4864 συνεξηνέχθησαν
2588 4791 2739 4861 αύτῷ
2777 4791 2875 4844 καὶ
2901 4791 2956 4843 αἱ
2986 4790 3236 4860 κινήσεις
3261 4789 3457 4851 πᾶσαι,
3497 4785 3594 4839 καὶ
3621 4785 3680 4838 αἱ

2093 4887 2324 4958 πράξεις
2343 4889 2424 4950 εὶς
2461 4886 2523 4939 τὸ
2553 4884 2849 4948 στασιῶδες
2895 4879 3028 4957 ἦθος
3076 4884 3170 4936 καὶ
3215 4881 3492 4952 ὲμμανέςο
3529 4879 3678 4949 ἡμᾶς

2091 4979 2149 5032 δὲ
2177 4977 2413 5047 γίνωσκε
2439 4977 2561 5030 λίαν
2599 4975 2968 5047 ἀἰσχύνεσθαι
3025 4975 3120 5028 καὶ
3165 4973 3522 5042 ὑπεραλγεῖν,
3567 4970 3669 5039 οὐχ

2091 5070 2173 5122 ὅτι
2196 5067 2290 5122 νῦν
2319 5069 2531 5131 πάντας
2566 5067 2764 5131 κύόους
2787 5065 2910 5120 καθ’
2943 5065 3101 5135 ἡμῶν
3133 5063 3518 5135 ἀναῤῥίπτεις,
3561 5057 3680 5111 ἀλλ’

2093 5161 2176 5215 ὅτι
2215 5162 2311 5215 καὶ
2331 5161 2494 5225 αὐτὸς
2513 5155 2594 5226 εἷς
2623 5159 2831 5225 ἐδόκεις
2856 5158 3026 5214 πάλαι
3045 5156 3156 5211 τῶν
3184 5153 3488 5226 φιλούντων
3529 5151 3682 5222 ἡμᾶς

2087 5247 2256 5308 εἶναι.

1724 5497 1956 5554 VARUE
1996 5495 2400 5555 LECTIONES.

481 5655 514 5704 V
539 5651 625 5708 ἵσ.
650 5653 761 5725 εἴη.
