  <div class='ocr_page' id='page_1' title='image "/cluster/home/n/w/nwhite01/storage/ocr_20150623/102:no.2/coo.31924054870062/464.png"; bbox 0 0 4024 6446; ppageno 0'>
   <div class='ocr_carea' id='block_1_1' title="bbox 252 399 375 463">
    <p class='ocr_par' dir='ltr' id='par_1_1' title="bbox 252 399 375 463">
     <span class='ocr_line' id='line_1_1' title="bbox 252 399 375 463; baseline 0.016 -2"><span class='ocrx_word' id='word_1_1' title='bbox 252 399 375 463; x_wconf 79' lang='lat'><strong>889</strong></span> 
     </span>
    </p>
   </div>
   <div class='ocr_carea' id='block_1_2' title="bbox 852 514 1231 574">
    <p class='ocr_par' dir='ltr' id='par_1_2' title="bbox 852 514 1231 574">
     <span class='ocr_line' id='line_1_2' title="bbox 852 514 1231 574; baseline 0.016 -7"><span class='ocrx_word' id='word_1_2' title='bbox 852 514 1072 571; x_wconf 79' lang='grc' dir='ltr'><strong>ΕΠΙΣΤ.</strong></span> <span class='ocrx_word' id='word_1_3' title='bbox 1099 518 1231 574; x_wconf 76' lang='lat' dir='ltr'><strong>IIA&#39;.</strong></span> 
     </span>
    </p>
   </div>
   <div class='ocr_carea' id='block_1_3' title="bbox 446 598 1654 684">
    <p class='ocr_par' dir='ltr' id='par_1_3' title="bbox 446 598 1654 684">
     <span class='ocr_line' id='line_1_3' title="bbox 446 598 1654 684; baseline 0.009 -27"><span class='ocrx_word' id='word_1_4' title='bbox 446 598 777 673; x_wconf 80' lang='grc' dir='ltr'>Ἀθανασίφ</span> <span class='ocrx_word' id='word_1_5' title='bbox 798 607 1116 676; x_wconf 74' lang='grc' dir='ltr'>μονάζοντι</span> <span class='ocrx_word' id='word_1_6' title='bbox 1158 611 1257 665; x_wconf 80' lang='grc' dir='ltr'><strong>καί</strong></span> <span class='ocrx_word' id='word_1_7' title='bbox 1302 611 1654 684; x_wconf 73' lang='grc' dir='ltr'>ἠσυχαστῇ.</span> 
     </span>
    </p>
   </div>
   <div class='ocr_carea' id='block_1_4' title="bbox 1410 406 2339 473">
    <p class='ocr_par' dir='ltr' id='par_1_4' title="bbox 1410 406 2339 473">
     <span class='ocr_line' id='line_1_4' title="bbox 1410 406 2339 473; baseline 0.004 -4"><span class='ocrx_word' id='word_1_8' title='bbox 1410 406 1943 471; x_wconf 77' lang='lat' dir='ltr'><strong>EPISTOLARUM</strong></span> <span class='ocrx_word' id='word_1_9' title='bbox 1983 410 2214 473; x_wconf 84' lang='lat' dir='ltr'><strong>LIBER</strong></span> <span class='ocrx_word' id='word_1_10' title='bbox 2254 413 2315 473; x_wconf 89' lang='grc' dir='ltr'><strong>ΙΙ</strong></span> <span class='ocrx_word' id='word_1_11' title='bbox 2323 436 2339 472; x_wconf 92' lang='lat'>:</span> 
     </span>
    </p>
   </div>
   <div class='ocr_carea' id='block_1_5' title="bbox 1858 529 1909 586">
    <p class='ocr_par' dir='ltr' id='par_1_5' title="bbox 1858 529 1909 586">
     <span class='ocr_line' id='line_1_5' title="bbox 1858 529 1909 586; baseline 0 0"><span class='ocrx_word' id='word_1_12' title='bbox 1858 529 1909 586; x_wconf 86' lang='lat' dir='ltr'><strong>A</strong></span> 
     </span>
    </p>
   </div>
   <div class='ocr_carea' id='block_1_6' title="bbox 3399 415 3507 479">
    <p class='ocr_par' dir='ltr' id='par_1_6' title="bbox 3399 415 3507 479">
     <span class='ocr_line' id='line_1_6' title="bbox 3399 415 3507 479; baseline 0 0"><span class='ocrx_word' id='word_1_13' title='bbox 3399 415 3507 479; x_wconf 81' lang='lat'><strong>890</strong></span> 
     </span>
    </p>
   </div>
   <div class='ocr_carea' id='block_1_7' title="bbox 2460 523 2968 581">
    <p class='ocr_par' dir='ltr' id='par_1_7' title="bbox 2460 523 2968 581">
     <span class='ocr_line' id='line_1_7' title="bbox 2460 523 2968 581; baseline 0.006 -3"><span class='ocrx_word' id='word_1_14' title='bbox 2460 523 2658 579; x_wconf 77' lang='lat' dir='ltr'><strong>EPIST</strong></span> <span class='ocrx_word' id='word_1_15' title='bbox 2672 567 2685 580; x_wconf 93' lang='lat'><strong>.</strong></span> <span class='ocrx_word' id='word_1_16' title='bbox 2728 525 2968 581; x_wconf 72' lang='lat' dir='ltr'><strong>LXXXI.</strong></span> 
     </span>
    </p>
   </div>
   <div class='ocr_carea' id='block_1_8' title="bbox 2193 618 3235 673">
    <p class='ocr_par' dir='ltr' id='par_1_8' title="bbox 2193 618 3235 673">
     <span class='ocr_line' id='line_1_8' title="bbox 2193 618 3235 673; baseline 0.003 -3"><span class='ocrx_word' id='word_1_17' title='bbox 2193 618 2482 672; x_wconf 79' lang='lat' dir='ltr'><strong><em>Athanasio</em></strong></span> <span class='ocrx_word' id='word_1_18' title='bbox 2527 620 2777 673; x_wconf 80' lang='lat' dir='ltr'><strong>monacho</strong></span> <span class='ocrx_word' id='word_1_19' title='bbox 2817 628 2866 673; x_wconf 86' lang='lat' dir='ltr'><strong>et</strong></span> <span class='ocrx_word' id='word_1_20' title='bbox 2905 620 3235 673; x_wconf 77' lang='lat' dir='ltr'><strong><em>anachoreta:</em></strong></span> 
     </span>
    </p>
   </div>
   <div class='ocr_carea' id='block_1_9' title="bbox 1513 724 2283 790">
    <p class='ocr_par' dir='ltr' id='par_1_9' title="bbox 1513 724 2283 790">
     <span class='ocr_line' id='line_1_9' title="bbox 1513 724 2283 790; baseline 0.003 -16"><span class='ocrx_word' id='word_1_21' title='bbox 1513 724 1779 775; x_wconf 80' lang='lat' dir='ltr'><strong>Montacut.</strong></span> <span class='ocrx_word' id='word_1_22' title='bbox 1821 728 1926 790; x_wconf 88' lang='lat' dir='ltr'><strong>(ep.</strong></span> <span class='ocrx_word' id='word_1_23' title='bbox 1952 727 2032 787; x_wconf 74' lang='lat'><strong>92,</strong></span> <span class='ocrx_word' id='word_1_24' title='bbox 2066 742 2116 789; x_wconf 91' lang='lat' dir='ltr'><strong>p.</strong></span> <span class='ocrx_word' id='word_1_25' title='bbox 2150 727 2283 790; x_wconf 75' lang='grc'><strong>154).</strong></span> 
     </span>
    </p>
   </div>
   <div class='ocr_carea' id='block_1_10' title="bbox 330 819 1836 904">
    <p class='ocr_par' dir='ltr' id='par_1_10' title="bbox 330 819 1836 904">
     <span class='ocr_line' id='line_1_10' title="bbox 330 819 1836 904; baseline 0.009 -31"><span class='ocrx_word' id='word_1_26' title='bbox 330 819 439 874; x_wconf 86' lang='grc' dir='ltr'>Τὸν</span> <span class='ocrx_word' id='word_1_27' title='bbox 466 820 689 890; x_wconf 85' lang='grc' dir='ltr'>φοίνικα</span> <span class='ocrx_word' id='word_1_28' title='bbox 716 819 852 890; x_wconf 77' lang='grc' dir='ltr'>φασὶ</span> <span class='ocrx_word' id='word_1_29' title='bbox 876 821 937 875; x_wconf 85' lang='grc' dir='ltr'>τὺ</span> <span class='ocrx_word' id='word_1_30' title='bbox 968 825 1134 893; x_wconf 76' lang='grc' dir='ltr'>φυτὸν</span> <span class='ocrx_word' id='word_1_31' title='bbox 1165 827 1232 898; x_wconf 80' lang='grc' dir='ltr'>τῇ</span> <span class='ocrx_word' id='word_1_32' title='bbox 1258 825 1479 901; x_wconf 82' lang='grc' dir='ltr'>ἁλμυρᾷ</span> <span class='ocrx_word' id='word_1_33' title='bbox 1505 830 1718 884; x_wconf 83' lang='grc' dir='ltr'>ϐάλλειν</span> <span class='ocrx_word' id='word_1_34' title='bbox 1740 836 1836 904; x_wconf 79' lang='grc' dir='ltr'><strong>γῇ,</strong></span> 
     </span>
    </p>
   </div>
   <div class='ocr_carea' id='block_1_11' title="bbox 250 912 1839 993">
    <p class='ocr_par' dir='ltr' id='par_1_11' title="bbox 250 912 1839 993">
     <span class='ocr_line' id='line_1_11' title="bbox 250 912 1839 993; baseline 0.007 -27"><span class='ocrx_word' id='word_1_35' title='bbox 250 914 357 967; x_wconf 80' lang='grc' dir='ltr'>καὶ</span> <span class='ocrx_word' id='word_1_36' title='bbox 385 914 485 983; x_wconf 80' lang='grc' dir='ltr'>τὴν</span> <span class='ocrx_word' id='word_1_37' title='bbox 518 912 697 985; x_wconf 84' lang='grc' dir='ltr'><strong>κόμην</strong></span> <span class='ocrx_word' id='word_1_38' title='bbox 718 914 799 979; x_wconf 87' lang='grc' dir='ltr'><strong>είς</strong></span> <span class='ocrx_word' id='word_1_39' title='bbox 837 913 970 985; x_wconf 73' lang='grc' dir='ltr'>ὕψος</span> <span class='ocrx_word' id='word_1_40' title='bbox 998 918 1200 990; x_wconf 80' lang='grc' dir='ltr'>ὲκτρέφ</span> <span class='ocrx_word' id='word_1_41' title='bbox 1216 937 1317 986; x_wconf 95' lang='grc' dir='ltr'>ειν,</span> <span class='ocrx_word' id='word_1_42' title='bbox 1367 923 1463 976; x_wconf 78' lang='grc' dir='ltr'>καὶ</span> <span class='ocrx_word' id='word_1_43' title='bbox 1516 925 1735 993; x_wconf 86' lang='grc' dir='ltr'>καρπὸν</span> <span class='ocrx_word' id='word_1_44' title='bbox 1760 928 1839 988; x_wconf 87' lang='grc' dir='ltr'>εἰς</span> 
     </span>
    </p>
   </div>
   <div class='ocr_carea' id='block_1_12' title="bbox 253 1005 1840 1083">
    <p class='ocr_par' dir='ltr' id='par_1_12' title="bbox 253 1005 1840 1083">
     <span class='ocr_line' id='line_1_12' title="bbox 253 1005 1840 1083; baseline 0.005 -25"><span class='ocrx_word' id='word_1_45' title='bbox 253 1005 466 1076; x_wconf 82' lang='grc' dir='ltr'>πλῆθος</span> <span class='ocrx_word' id='word_1_46' title='bbox 504 1005 601 1059; x_wconf 74' lang='grc' dir='ltr'><strong>καὶ</strong></span> <span class='ocrx_word' id='word_1_47' title='bbox 653 1005 856 1077; x_wconf 77' lang='grc' dir='ltr'>πολλὴν</span> <span class='ocrx_word' id='word_1_48' title='bbox 900 1007 1211 1079; x_wconf 82' lang='grc' dir='ltr'><strong>γλυκύτητα</strong></span> <span class='ocrx_word' id='word_1_49' title='bbox 1273 1010 1473 1083; x_wconf 79' lang='grc' dir='ltr'>φέρειν</span> <span class='ocrx_word' id='word_1_50' title='bbox 1498 1030 1512 1044; x_wconf 87' lang='grc'><strong>·</strong></span> <span class='ocrx_word' id='word_1_51' title='bbox 1554 1018 1647 1067; x_wconf 81' lang='grc' dir='ltr'><strong>καὶ</strong></span> <span class='ocrx_word' id='word_1_52' title='bbox 1704 1015 1840 1077; x_wconf 82' lang='grc' dir='ltr'>ὅλως</span> 
     </span>
    </p>
   </div>
   <div class='ocr_carea' id='block_1_13' title="bbox 254 1100 1840 1176">
    <p class='ocr_par' dir='ltr' id='par_1_13' title="bbox 254 1100 1840 1176">
     <span class='ocr_line' id='line_1_13' title="bbox 254 1100 1840 1176; baseline 0.005 -23"><span class='ocrx_word' id='word_1_53' title='bbox 254 1100 466 1168; x_wconf 80' lang='grc' dir='ltr'>φοίνικι</span> <span class='ocrx_word' id='word_1_54' title='bbox 496 1100 593 1155; x_wconf 78' lang='grc' dir='ltr'><strong>καὶ</strong></span> <span class='ocrx_word' id='word_1_55' title='bbox 612 1100 914 1172; x_wconf 75' lang='grc' dir='ltr'>ἐπιτήδειον</span> <span class='ocrx_word' id='word_1_56' title='bbox 937 1102 1155 1175; x_wconf 87' lang='grc' dir='ltr'>ἁλμυρά</span> <span class='ocrx_word' id='word_1_57' title='bbox 1183 1105 1253 1176; x_wconf 81' lang='grc' dir='ltr'>γῆ</span> <span class='ocrx_word' id='word_1_58' title='bbox 1272 1121 1284 1135; x_wconf 77' lang='grc' dir='ltr'><strong>ο</strong></span> <span class='ocrx_word' id='word_1_59' title='bbox 1310 1106 1487 1160; x_wconf 89' lang='grc' dir='ltr'>καίτοι</span> <span class='ocrx_word' id='word_1_60' title='bbox 1528 1109 1637 1161; x_wconf 87' lang='grc' dir='ltr'><strong>τῶν</strong></span> <span class='ocrx_word' id='word_1_61' title='bbox 1663 1110 1840 1163; x_wconf 79' lang='grc' dir='ltr'>ἄλλων</span> 
     </span>
    </p>
   </div>
   <div class='ocr_carea' id='block_1_14' title="bbox 256 1192 1835 1271">
    <p class='ocr_par' dir='ltr' id='par_1_14' title="bbox 256 1192 1835 1271">
     <span class='ocr_line' id='line_1_14' title="bbox 256 1192 1835 1271; baseline 0.006 -27"><span class='ocrx_word' id='word_1_62' title='bbox 256 1192 620 1264; x_wconf 81' lang='grc' dir='ltr'><strong>σπερμάτων,</strong></span> <span class='ocrx_word' id='word_1_63' title='bbox 643 1193 746 1247; x_wconf 85' lang='grc' dir='ltr'>ὅσα</span> <span class='ocrx_word' id='word_1_64' title='bbox 773 1192 834 1246; x_wconf 83' lang='grc' dir='ltr'>τὸ</span> <span class='ocrx_word' id='word_1_65' title='bbox 862 1193 1033 1261; x_wconf 82' lang='grc' dir='ltr'>γλυκὺ</span> <span class='ocrx_word' id='word_1_66' title='bbox 1057 1196 1233 1263; x_wconf 86' lang='grc' dir='ltr'>φιλεῖν</span> <span class='ocrx_word' id='word_1_67' title='bbox 1262 1197 1437 1251; x_wconf 77' lang='grc' dir='ltr'>ἐθέλει</span> <span class='ocrx_word' id='word_1_68' title='bbox 1462 1200 1559 1252; x_wconf 75' lang='grc' dir='ltr'>καὶ</span> <span class='ocrx_word' id='word_1_69' title='bbox 1587 1200 1835 1271; x_wconf 79' lang='grc' dir='ltr'>λιπαρὸν,</span> 
     </span>
    </p>
   </div>
   <div class='ocr_carea' id='block_1_15' title="bbox 254 1280 1840 1359">
    <p class='ocr_par' dir='ltr' id='par_1_15' title="bbox 254 1280 1840 1359">
     <span class='ocr_line' id='line_1_15' title="bbox 254 1280 1840 1359; baseline 0.006 -23"><span class='ocrx_word' id='word_1_70' title='bbox 254 1284 585 1356; x_wconf 79' lang='grc' dir='ltr'><strong>ὑπάρχουσα</strong></span> <span class='ocrx_word' id='word_1_71' title='bbox 616 1284 909 1359; x_wconf 87' lang='grc' dir='ltr'>φθαρτική.</span> <span class='ocrx_word' id='word_1_72' title='bbox 951 1288 1150 1353; x_wconf 83' lang='grc' dir='ltr'>Καλῶς</span> <span class='ocrx_word' id='word_1_73' title='bbox 1181 1280 1275 1343; x_wconf 81' lang='grc' dir='ltr'>οὖν</span> <span class='ocrx_word' id='word_1_74' title='bbox 1301 1292 1397 1344; x_wconf 58' lang='grc' dir='ltr'><strong>καί¹</strong></span> <span class='ocrx_word' id='word_1_75' title='bbox 1417 1292 1604 1355; x_wconf 81' lang='grc' dir='ltr'>αὐτὸς,</span> <span class='ocrx_word' id='word_1_76' title='bbox 1647 1295 1697 1346; x_wconf 85' lang='lat' dir='ltr'><strong>ei</strong></span> <span class='ocrx_word' id='word_1_77' title='bbox 1746 1294 1840 1346; x_wconf 70' lang='grc' dir='ltr'><strong>καὶ</strong></span> 
     </span>
    </p>
   </div>
   <div class='ocr_carea' id='block_1_16' title="bbox 257 1373 1839 1451">
    <p class='ocr_par' dir='ltr' id='par_1_16' title="bbox 257 1373 1839 1451">
     <span class='ocr_line' id='line_1_16' title="bbox 257 1373 1839 1451; baseline 0.006 -23"><span class='ocrx_word' id='word_1_78' title='bbox 257 1373 341 1446; x_wconf 78' lang='grc' dir='ltr'>μὴ</span> <span class='ocrx_word' id='word_1_79' title='bbox 376 1375 605 1440; x_wconf 82' lang='grc' dir='ltr'>πολλοὺς</span> <span class='ocrx_word' id='word_1_80' title='bbox 632 1375 775 1448; x_wconf 81' lang='grc' dir='ltr'><strong>ἔχεις</strong></span> <span class='ocrx_word' id='word_1_81' title='bbox 798 1377 922 1443; x_wconf 82' lang='grc' dir='ltr'>τοὺς</span> <span class='ocrx_word' id='word_1_82' title='bbox 962 1383 1319 1451; x_wconf 85' lang='grc' dir='ltr'>συνεραστάς,</span> <span class='ocrx_word' id='word_1_83' title='bbox 1364 1384 1486 1437; x_wconf 73' lang='grc' dir='ltr'>ἀντὶ</span> <span class='ocrx_word' id='word_1_84' title='bbox 1542 1383 1651 1437; x_wconf 84' lang='grc' dir='ltr'><strong>τῶν</strong></span> <span class='ocrx_word' id='word_1_85' title='bbox 1687 1385 1839 1437; x_wconf 88' lang='grc' dir='ltr'>πολι-</span> 
     </span>
    </p>
   </div>
   <div class='ocr_carea' id='block_1_17' title="bbox 257 1466 1841 1547">
    <p class='ocr_par' dir='ltr' id='par_1_17' title="bbox 257 1466 1841 1547">
     <span class='ocr_line' id='line_1_17' title="bbox 257 1466 1841 1547; baseline 0.008 -29"><span class='ocrx_word' id='word_1_86' title='bbox 257 1466 435 1521; x_wconf 83' lang='grc' dir='ltr'>τικῶν</span> <span class='ocrx_word' id='word_1_87' title='bbox 452 1467 722 1540; x_wconf 87' lang='grc' dir='ltr'>θορύϐων,</span> <span class='ocrx_word' id='word_1_88' title='bbox 752 1470 851 1540; x_wconf 82' lang='grc' dir='ltr'><strong>τὴν</strong></span> <span class='ocrx_word' id='word_1_89' title='bbox 880 1470 1089 1542; x_wconf 76' lang='grc' dir='ltr'>ἔρημον</span> <span class='ocrx_word' id='word_1_90' title='bbox 1117 1474 1289 1526; x_wconf 79' lang='grc' dir='ltr'>οἰκεῖν</span> <span class='ocrx_word' id='word_1_91' title='bbox 1322 1476 1575 1546; x_wconf 79' lang='grc' dir='ltr'>ᾑρετήσω</span> <span class='ocrx_word' id='word_1_92' title='bbox 1596 1486 1644 1531; x_wconf 71' lang='grc' dir='ltr'>τ.</span> <span class='ocrx_word' id='word_1_93' title='bbox 1680 1478 1841 1547; x_wconf 84' lang='grc' dir='ltr'>Ῥᾷον</span> 
     </span>
    </p>
   </div>
   <div class='ocr_carea' id='block_1_18' title="bbox 260 1558 1841 1637">
    <p class='ocr_par' dir='ltr' id='par_1_18' title="bbox 260 1558 1841 1637">
     <span class='ocr_line' id='line_1_18' title="bbox 260 1558 1841 1637; baseline 0.006 -27"><span class='ocrx_word' id='word_1_94' title='bbox 260 1558 378 1629; x_wconf 66' lang='grc' dir='ltr'><strong>γὰρ</strong></span> <span class='ocrx_word' id='word_1_95' title='bbox 408 1558 473 1613; x_wconf 77' lang='grc' dir='ltr'>ἐκ</span> <span class='ocrx_word' id='word_1_96' title='bbox 502 1559 708 1632; x_wconf 81' lang='grc' dir='ltr'><strong>ταύτης</strong></span> <span class='ocrx_word' id='word_1_97' title='bbox 726 1560 863 1626; x_wconf 76' lang='grc' dir='ltr'>ἐστὶ,</span> <span class='ocrx_word' id='word_1_98' title='bbox 892 1563 977 1616; x_wconf 90' lang='grc' dir='ltr'><strong>σοί</strong></span> <span class='ocrx_word' id='word_1_99' title='bbox 1008 1580 1067 1616; x_wconf 91' lang='grc' dir='ltr'><strong>τε</strong></span> <span class='ocrx_word' id='word_1_100' title='bbox 1099 1565 1193 1617; x_wconf 81' lang='grc' dir='ltr'>καὶ</span> <span class='ocrx_word' id='word_1_101' title='bbox 1231 1568 1347 1629; x_wconf 86' lang='grc' dir='ltr'>τοῖς</span> <span class='ocrx_word' id='word_1_102' title='bbox 1382 1566 1693 1637; x_wconf 78' lang='grc' dir='ltr'>ὑψικόμοις,</span> <span class='ocrx_word' id='word_1_103' title='bbox 1731 1569 1841 1631; x_wconf 83' lang='grc' dir='ltr'>τοῖς</span> 
     </span>
    </p>
   </div>
   <div class='ocr_carea' id='block_1_19' title="bbox 259 1648 1761 1729">
    <p class='ocr_par' dir='ltr' id='par_1_19' title="bbox 259 1648 1761 1729">
     <span class='ocr_line' id='line_1_19' title="bbox 259 1648 1761 1729; baseline 0.007 -28"><span class='ocrx_word' id='word_1_104' title='bbox 259 1648 410 1703; x_wconf 87' lang='grc' dir='ltr'><strong>κατά</strong></span> <span class='ocrx_word' id='word_1_105' title='bbox 439 1649 519 1718; x_wconf 73' lang='grc' dir='ltr'>σὲ,</span> <span class='ocrx_word' id='word_1_106' title='bbox 550 1650 690 1723; x_wconf 82' lang='grc' dir='ltr'>πρὸς</span> <span class='ocrx_word' id='word_1_107' title='bbox 710 1652 939 1707; x_wconf 82' lang='grc' dir='ltr'>οὐοανδν</span> <span class='ocrx_word' id='word_1_108' title='bbox 962 1657 1088 1719; x_wconf 90' lang='grc' dir='ltr'>ταῖς</span> <span class='ocrx_word' id='word_1_109' title='bbox 1115 1657 1339 1727; x_wconf 82' lang='grc' dir='ltr'>ἀρεταῖς</span> <span class='ocrx_word' id='word_1_110' title='bbox 1367 1656 1761 1729; x_wconf 80' lang='grc' dir='ltr'>ἀναφέρεσθαι.</span> 
     </span>
    </p>
   </div>
   <div class='ocr_carea' id='block_1_20' title="bbox 858 1858 1245 1915">
    <p class='ocr_par' dir='ltr' id='par_1_20' title="bbox 858 1858 1245 1915">
     <span class='ocr_line' id='line_1_20' title="bbox 858 1858 1245 1915; baseline 0.01 -4"><span class='ocrx_word' id='word_1_111' title='bbox 858 1858 1087 1913; x_wconf 84' lang='grc' dir='ltr'><strong>ΕΠΙΣΤ.</strong></span> <span class='ocrx_word' id='word_1_112' title='bbox 1120 1859 1245 1915; x_wconf 84' lang='lat' dir='ltr'><strong>UB&#39;.</strong></span> 
     </span>
    </p>
   </div>
   <div class='ocr_carea' id='block_1_21' title="bbox 403 1947 1696 2023">
    <p class='ocr_par' dir='ltr' id='par_1_21' title="bbox 403 1947 1696 2023">
     <span class='ocr_line' id='line_1_21' title="bbox 403 1947 1696 2023; baseline 0.007 -23"><span class='ocrx_word' id='word_1_113' title='bbox 403 1947 787 2015; x_wconf 71' lang='grc' dir='ltr'>Μητροφάνει</span> <span class='ocrx_word' id='word_1_114' title='bbox 826 1948 1143 2019; x_wconf 78' lang='grc' dir='ltr'>μονάζοντι</span> <span class='ocrx_word' id='word_1_115' title='bbox 1178 1953 1696 2023; x_wconf 78' lang='grc' dir='ltr'>ἁποστατήσαντι.</span> 
     </span>
    </p>
   </div>
   <div class='ocr_carea' id='block_1_22' title="bbox 2006 831 3517 905">
    <p class='ocr_par' dir='ltr' id='par_1_22' title="bbox 2006 831 3517 905">
     <span class='ocr_line' id='line_1_22' title="bbox 2006 831 3517 905; baseline 0 -17"><span class='ocrx_word' id='word_1_116' title='bbox 2006 835 2174 890; x_wconf 84' lang='lat' dir='ltr'><strong>Aiunt</strong></span> <span class='ocrx_word' id='word_1_117' title='bbox 2200 837 2433 905; x_wconf 83' lang='lat' dir='ltr'><strong>palmam</strong></span> <span class='ocrx_word' id='word_1_118' title='bbox 2464 836 2712 890; x_wconf 91' lang='lat' dir='ltr'><strong>arborem</strong></span> <span class='ocrx_word' id='word_1_119' title='bbox 2743 835 2882 889; x_wconf 88' lang='lat' dir='ltr'><strong>salsa</strong></span> <span class='ocrx_word' id='word_1_120' title='bbox 2913 833 3148 905; x_wconf 86' lang='lat' dir='ltr'><strong>gaudere</strong></span> <span class='ocrx_word' id='word_1_121' title='bbox 3194 831 3409 899; x_wconf 83' lang='lat' dir='ltr'><strong>tellure,</strong></span> <span class='ocrx_word' id='word_1_122' title='bbox 3461 843 3517 888; x_wconf 91' lang='lat' dir='ltr'><strong>ct</strong></span> 
     </span>
    </p>
   </div>
   <div class='ocr_carea' id='block_1_23' title="bbox 1937 925 3515 994">
    <p class='ocr_par' dir='ltr' id='par_1_23' title="bbox 1937 925 3515 994">
     <span class='ocr_line' id='line_1_23' title="bbox 1937 925 3515 994; baseline -0.001 -15"><span class='ocrx_word' id='word_1_123' title='bbox 1937 926 2157 981; x_wconf 80' lang='lat' dir='ltr'><strong>frondes</strong></span> <span class='ocrx_word' id='word_1_124' title='bbox 2184 928 2237 981; x_wconf 92' lang='lat' dir='ltr'><strong>in</strong></span> <span class='ocrx_word' id='word_1_125' title='bbox 2270 928 2438 981; x_wconf 88' lang='lat' dir='ltr'><strong>altum</strong></span> <span class='ocrx_word' id='word_1_126' title='bbox 2468 928 2741 991; x_wconf 91' lang='lat' dir='ltr'><strong>attollere,</strong></span> <span class='ocrx_word' id='word_1_127' title='bbox 2774 933 2828 981; x_wconf 89' lang='lat' dir='ltr'><strong>et</strong></span> <span class='ocrx_word' id='word_1_128' title='bbox 2873 926 3105 980; x_wconf 82' lang='lat' dir='ltr'><strong>fructum</strong></span> <span class='ocrx_word' id='word_1_129' title='bbox 3158 925 3515 994; x_wconf 77' lang='lat' dir='ltr'><strong>multiplicem</strong></span> 
     </span>
    </p>
   </div>
   <div class='ocr_carea' id='block_1_24' title="bbox 1938 1017 3515 1088">
    <p class='ocr_par' dir='ltr' id='par_1_24' title="bbox 1938 1017 3515 1088">
     <span class='ocr_line' id='line_1_24' title="bbox 1938 1017 3515 1088; baseline -0.001 -18"><span class='ocrx_word' id='word_1_130' title='bbox 1938 1017 2202 1087; x_wconf 81' lang='lat' dir='ltr'><strong>proferre,</strong></span> <span class='ocrx_word' id='word_1_131' title='bbox 2226 1027 2280 1073; x_wconf 91' lang='lat' dir='ltr'><strong>et</strong></span> <span class='ocrx_word' id='word_1_132' title='bbox 2316 1034 2526 1073; x_wconf 90' lang='lat' dir='ltr'><strong>summa</strong></span> <span class='ocrx_word' id='word_1_133' title='bbox 2574 1019 2860 1088; x_wconf 62' lang='lat' dir='ltr'><strong>praeditum</strong></span> <span class='ocrx_word' id='word_1_134' title='bbox 2908 1017 3238 1071; x_wconf 88' lang='lat' dir='ltr'><strong>dulcedine:</strong></span> <span class='ocrx_word' id='word_1_135' title='bbox 3290 1017 3361 1070; x_wconf 86' lang='lat' dir='ltr'><strong>ita</strong></span> <span class='ocrx_word' id='word_1_136' title='bbox 3398 1032 3515 1070; x_wconf 93' lang='lat' dir='ltr'><strong>om-</strong></span> 
     </span>
    </p>
   </div>
   <div class='ocr_carea' id='block_1_25' title="bbox 1937 1109 3515 1179">
    <p class='ocr_par' dir='ltr' id='par_1_25' title="bbox 1937 1109 3515 1179">
     <span class='ocr_line' id='line_1_25' title="bbox 1937 1109 3515 1179; baseline -0.001 -17"><span class='ocrx_word' id='word_1_137' title='bbox 1937 1109 2070 1162; x_wconf 88' lang='lat' dir='ltr'><strong>nino</strong></span> <span class='ocrx_word' id='word_1_138' title='bbox 2098 1109 2195 1164; x_wconf 90' lang='lat' dir='ltr'><strong>soli</strong></span> <span class='ocrx_word' id='word_1_139' title='bbox 2225 1111 2363 1165; x_wconf 86' lang='lat' dir='ltr'><strong>salsa</strong></span> <span class='ocrx_word' id='word_1_140' title='bbox 2413 1111 2574 1165; x_wconf 91' lang='lat' dir='ltr'><strong>tellus</strong></span> <span class='ocrx_word' id='word_1_141' title='bbox 2622 1111 2815 1179; x_wconf 65' lang='lat' dir='ltr'><strong>palma:</strong></span> <span class='ocrx_word' id='word_1_142' title='bbox 2863 1124 3123 1178; x_wconf 82' lang='lat' dir='ltr'><strong>congrua,</strong></span> <span class='ocrx_word' id='word_1_143' title='bbox 3156 1123 3277 1177; x_wconf 61' lang='lat' dir='ltr'><strong>quis</strong></span> <span class='ocrx_word' id='word_1_144' title='bbox 3320 1114 3515 1161; x_wconf 67' lang='lat' dir='ltr'><strong>caetera</strong></span> 
     </span>
    </p>
   </div>
   <div class='ocr_carea' id='block_1_26' title="bbox 1941 1198 3517 1270">
    <p class='ocr_par' dir='ltr' id='par_1_26' title="bbox 1941 1198 3517 1270">
     <span class='ocr_line' id='line_1_26' title="bbox 1941 1198 3517 1270; baseline -0.002 -16"><span class='ocrx_word' id='word_1_145' title='bbox 1941 1202 2122 1254; x_wconf 88' lang='lat' dir='ltr'><strong><em>omnia</em></strong></span> <span class='ocrx_word' id='word_1_146' title='bbox 2149 1202 2353 1255; x_wconf 83' lang='lat' dir='ltr'><strong>semina</strong></span> <span class='ocrx_word' id='word_1_147' title='bbox 2380 1211 2433 1256; x_wconf 89' lang='lat' dir='ltr'><strong>et</strong></span> <span class='ocrx_word' id='word_1_148' title='bbox 2464 1202 2675 1270; x_wconf 90' lang='lat' dir='ltr'><strong>plantas</strong></span> <span class='ocrx_word' id='word_1_149' title='bbox 2719 1215 2842 1269; x_wconf 69' lang='lat' dir='ltr'><strong>qum</strong></span> <span class='ocrx_word' id='word_1_150' title='bbox 2887 1199 3177 1254; x_wconf 87' lang='lat' dir='ltr'><strong>dulcedine</strong></span> <span class='ocrx_word' id='word_1_151' title='bbox 3223 1198 3517 1267; x_wconf 89' lang='lat' dir='ltr'><strong>capiuntur</strong></span> 
     </span>
    </p>
   </div>
   <div class='ocr_carea' id='block_1_27' title="bbox 1941 1292 3518 1365">
    <p class='ocr_par' dir='ltr' id='par_1_27' title="bbox 1941 1292 3518 1365">
     <span class='ocr_line' id='line_1_27' title="bbox 1941 1292 3518 1365; baseline -0.003 -17"><span class='ocrx_word' id='word_1_152' title='bbox 1941 1302 1998 1348; x_wconf 89' lang='lat' dir='ltr'><strong>et</strong></span> <span class='ocrx_word' id='word_1_153' title='bbox 2033 1294 2361 1365; x_wconf 85' lang='lat' dir='ltr'><strong>pinguedine</strong></span> <span class='ocrx_word' id='word_1_154' title='bbox 2415 1294 2689 1362; x_wconf 90' lang='lat' dir='ltr'><strong>salsugine</strong></span> <span class='ocrx_word' id='word_1_155' title='bbox 2745 1301 2962 1349; x_wconf 88' lang='lat' dir='ltr'><strong>enecat.</strong></span> <span class='ocrx_word' id='word_1_156' title='bbox 3022 1292 3201 1357; x_wconf 83' lang='lat' dir='ltr'><strong><em>Quare</em></strong></span> <span class='ocrx_word' id='word_1_157' title='bbox 3259 1299 3405 1345; x_wconf 87' lang='lat' dir='ltr'><strong>recte</strong></span> <span class='ocrx_word' id='word_1_158' title='bbox 3458 1299 3518 1344; x_wconf 93' lang='lat' dir='ltr'><strong>tu</strong></span> 
     </span>
    </p>
   </div>
   <div class='ocr_carea' id='block_1_28' title="bbox 1942 1380 3521 1454">
    <p class='ocr_par' dir='ltr' id='par_1_28' title="bbox 1942 1380 3521 1454">
     <span class='ocr_line' id='line_1_28' title="bbox 1942 1380 3521 1454; baseline -0.003 -17"><span class='ocrx_word' id='word_1_159' title='bbox 1942 1385 2182 1454; x_wconf 78' lang='lat' dir='ltr'><strong>quidem,</strong></span> <span class='ocrx_word' id='word_1_160' title='bbox 2217 1384 2345 1439; x_wconf 89' lang='lat' dir='ltr'><strong>licet</strong></span> <span class='ocrx_word' id='word_1_161' title='bbox 2373 1386 2571 1439; x_wconf 90' lang='lat' dir='ltr'><strong>multos</strong></span> <span class='ocrx_word' id='word_1_162' title='bbox 2600 1400 2712 1437; x_wconf 91' lang='lat' dir='ltr'><strong>non</strong></span> <span class='ocrx_word' id='word_1_163' title='bbox 2736 1382 2940 1437; x_wconf 87' lang='lat' dir='ltr'><strong>habeas</strong></span> <span class='ocrx_word' id='word_1_164' title='bbox 2980 1383 3197 1446; x_wconf 77' lang='lat' dir='ltr'><strong>rivales,</strong></span> <span class='ocrx_word' id='word_1_165' title='bbox 3232 1396 3333 1450; x_wconf 91' lang='lat' dir='ltr'><strong>pro</strong></span> <span class='ocrx_word' id='word_1_166' title='bbox 3354 1380 3521 1433; x_wconf 86' lang='lat' dir='ltr'><strong>civili-</strong></span> 
     </span>
    </p>
   </div>
   <div class='ocr_carea' id='block_1_29' title="bbox 1941 1473 3520 1541">
    <p class='ocr_par' dir='ltr' id='par_1_29' title="bbox 1941 1473 3520 1541">
     <span class='ocr_line' id='line_1_29' title="bbox 1941 1473 3520 1541; baseline -0.004 -10"><span class='ocrx_word' id='word_1_167' title='bbox 1941 1476 2046 1531; x_wconf 87' lang='lat' dir='ltr'><strong>bus</strong></span> <span class='ocrx_word' id='word_1_168' title='bbox 2078 1477 2270 1530; x_wconf 84' lang='lat' dir='ltr'><strong>turmis</strong></span> <span class='ocrx_word' id='word_1_169' title='bbox 2302 1486 2356 1531; x_wconf 91' lang='lat' dir='ltr'><strong>et</strong></span> <span class='ocrx_word' id='word_1_170' title='bbox 2376 1477 2699 1531; x_wconf 76' lang='lat' dir='ltr'><strong>tumultibus</strong></span> <span class='ocrx_word' id='word_1_171' title='bbox 2719 1490 2964 1529; x_wconf 91' lang='lat' dir='ltr'><strong>eremum</strong></span> <span class='ocrx_word' id='word_1_172' title='bbox 2993 1474 3237 1527; x_wconf 92' lang='lat' dir='ltr'><strong>incolere</strong></span> <span class='ocrx_word' id='word_1_173' title='bbox 3266 1473 3476 1541; x_wconf 81' lang='lat' dir='ltr'><strong>elegisti</strong></span> <span class='ocrx_word' id='word_1_174' title='bbox 3504 1488 3520 1525; x_wconf 88' lang='lat'><strong>:</strong></span> 
     </span>
    </p>
   </div>
   <div class='ocr_carea' id='block_1_30' title="bbox 1944 1565 3524 1624">
    <p class='ocr_par' dir='ltr' id='par_1_30' title="bbox 1944 1565 3524 1624">
     <span class='ocr_line' id='line_1_30' title="bbox 1944 1565 3524 1624; baseline -0.003 -2"><span class='ocrx_word' id='word_1_175' title='bbox 1944 1583 2009 1622; x_wconf 79' lang='lat' dir='ltr'><strong>ex</strong></span> <span class='ocrx_word' id='word_1_176' title='bbox 2045 1567 2132 1622; x_wconf 91' lang='lat' dir='ltr'><strong>illa</strong></span> <span class='ocrx_word' id='word_1_177' title='bbox 2157 1568 2302 1623; x_wconf 90' lang='lat' dir='ltr'><strong>enim</strong></span> <span class='ocrx_word' id='word_1_178' title='bbox 2331 1569 2620 1624; x_wconf 88' lang='lat' dir='ltr'><strong>solitudine</strong></span> <span class='ocrx_word' id='word_1_179' title='bbox 2644 1567 2801 1622; x_wconf 86' lang='lat' dir='ltr'><strong>facile</strong></span> <span class='ocrx_word' id='word_1_180' title='bbox 2837 1566 2931 1621; x_wconf 86' lang='lat' dir='ltr'><strong>tibi</strong></span> <span class='ocrx_word' id='word_1_181' title='bbox 2976 1565 3138 1619; x_wconf 81' lang='lat' dir='ltr'><strong>fuerit</strong></span> <span class='ocrx_word' id='word_1_182' title='bbox 3167 1573 3223 1619; x_wconf 91' lang='lat' dir='ltr'><strong>et</strong></span> <span class='ocrx_word' id='word_1_183' title='bbox 3252 1565 3524 1618; x_wconf 82' lang='lat' dir='ltr'><strong>similibus</strong></span> 
     </span>
    </p>
   </div>
   <div class='ocr_carea' id='block_1_31' title="bbox 1868 1643 3524 1731">
    <p class='ocr_par' dir='ltr' id='par_1_31' title="bbox 1868 1643 3524 1731">
     <span class='ocr_line' id='line_1_31' title="bbox 1868 1643 3524 1731; baseline -0.004 -17"><span class='ocrx_word' id='word_1_184' title='bbox 1868 1643 2157 1714; x_wconf 69' lang='lat' dir='ltr'><strong>Bexcelsa</strong></span> <span class='ocrx_word' id='word_1_185' title='bbox 2205 1675 2361 1715; x_wconf 90' lang='lat' dir='ltr'><strong>coma</strong></span> <span class='ocrx_word' id='word_1_186' title='bbox 2410 1659 2673 1731; x_wconf 67' lang='lat' dir='ltr'><strong>praeditis,</strong></span> <span class='ocrx_word' id='word_1_187' title='bbox 2722 1658 2788 1713; x_wconf 86' lang='lat' dir='ltr'><strong>ad</strong></span> <span class='ocrx_word' id='word_1_188' title='bbox 2838 1658 3037 1713; x_wconf 64' lang='lat' dir='ltr'><strong>caalum</strong></span> <span class='ocrx_word' id='word_1_189' title='bbox 3087 1656 3382 1712; x_wconf 88' lang='lat' dir='ltr'><strong>ascendere</strong></span> <span class='ocrx_word' id='word_1_190' title='bbox 3430 1671 3524 1725; x_wconf 81' lang='lat' dir='ltr'><strong>per</strong></span> 
     </span>
    </p>
   </div>
   <div class='ocr_carea' id='block_1_32' title="bbox 1946 1751 2194 1806">
    <p class='ocr_par' dir='ltr' id='par_1_32' title="bbox 1946 1751 2194 1806">
     <span class='ocr_line' id='line_1_32' title="bbox 1946 1751 2194 1806; baseline -0.004 -1"><span class='ocrx_word' id='word_1_191' title='bbox 1946 1751 2194 1806; x_wconf 86' lang='lat' dir='ltr'><strong>virtutes.</strong></span> 
     </span>
    </p>
   </div>
   <div class='ocr_carea' id='block_1_33' title="bbox 2464 1861 2993 1918">
    <p class='ocr_par' dir='ltr' id='par_1_33' title="bbox 2464 1861 2993 1918">
     <span class='ocr_line' id='line_1_33' title="bbox 2464 1861 2993 1918; baseline -0.002 -2"><span class='ocrx_word' id='word_1_192' title='bbox 2464 1862 2686 1918; x_wconf 87' lang='lat' dir='ltr'><strong>EPIST.</strong></span> <span class='ocrx_word' id='word_1_193' title='bbox 2727 1861 2993 1917; x_wconf 77' lang='lat' dir='ltr'><strong>LXXXII.</strong></span> 
     </span>
    </p>
   </div>
   <div class='ocr_carea' id='block_1_34' title="bbox 2245 1953 3191 2025">
    <p class='ocr_par' dir='ltr' id='par_1_34' title="bbox 2245 1953 3191 2025">
     <span class='ocr_line' id='line_1_34' title="bbox 2245 1953 3191 2025; baseline 0 -16"><span class='ocrx_word' id='word_1_194' title='bbox 2245 1953 2581 2025; x_wconf 76' lang='lat' dir='ltr'><strong>Metrophani</strong></span> <span class='ocrx_word' id='word_1_195' title='bbox 2620 1956 2874 2009; x_wconf 80' lang='lat' dir='ltr'><strong><em>monacho</em></strong></span> <span class='ocrx_word' id='word_1_196' title='bbox 2912 1960 3191 2023; x_wconf 68' lang='lat' dir='ltr'><strong>apostataa.</strong></span> 
     </span>
    </p>
   </div>
   <div class='ocr_carea' id='block_1_35' title="bbox 1488 2060 2251 2126">
    <p class='ocr_par' dir='ltr' id='par_1_35' title="bbox 1488 2060 2251 2126">
     <span class='ocr_line' id='line_1_35' title="bbox 1488 2060 2251 2126; baseline 0.005 -16"><span class='ocrx_word' id='word_1_197' title='bbox 1488 2060 1757 2112; x_wconf 83' lang='lat' dir='ltr'><strong>Montacut.</strong></span> <span class='ocrx_word' id='word_1_198' title='bbox 1781 2060 1887 2125; x_wconf 89' lang='lat' dir='ltr'><strong>(ep.</strong></span> <span class='ocrx_word' id='word_1_199' title='bbox 1910 2062 2022 2126; x_wconf 77' lang='grc'>105,</span> <span class='ocrx_word' id='word_1_200' title='bbox 2041 2076 2091 2126; x_wconf 87' lang='lat' dir='ltr'><strong>p.</strong></span> <span class='ocrx_word' id='word_1_201' title='bbox 2117 2062 2251 2125; x_wconf 69' lang='grc'><strong>149).</strong></span> 
     </span>
    </p>
   </div>
   <div class='ocr_carea' id='block_1_36' title="bbox 326 2153 1830 2237">
    <p class='ocr_par' dir='ltr' id='par_1_36' title="bbox 326 2153 1830 2237">
     <span class='ocr_line' id='line_1_36' title="bbox 326 2153 1830 2237; baseline 0.009 -29"><span class='ocrx_word' id='word_1_202' title='bbox 326 2153 446 2226; x_wconf 80' lang='grc' dir='ltr'><strong>Τῆς</strong></span> <span class='ocrx_word' id='word_1_203' title='bbox 472 2156 739 2228; x_wconf 81' lang='grc' dir='ltr'>πονηρίας</span> <span class='ocrx_word' id='word_1_204' title='bbox 765 2158 828 2213; x_wconf 83' lang='grc' dir='ltr'><strong>τὸ</strong></span> <span class='ocrx_word' id='word_1_205' title='bbox 843 2158 1015 2223; x_wconf 85' lang='grc' dir='ltr'>πάθος</span> <span class='ocrx_word' id='word_1_206' title='bbox 1039 2159 1234 2231; x_wconf 81' lang='grc' dir='ltr'>(πάθος</span> <span class='ocrx_word' id='word_1_207' title='bbox 1259 2163 1369 2236; x_wconf 83' lang='grc' dir='ltr'><strong>γὰρ</strong></span> <span class='ocrx_word' id='word_1_208' title='bbox 1397 2165 1571 2236; x_wconf 74' lang='grc' dir='ltr'>ἔγωγε</span> <span class='ocrx_word' id='word_1_209' title='bbox 1596 2167 1830 2237; x_wconf 88' lang='grc' dir='ltr'>μάλιστα</span> 
     </span>
    </p>
   </div>
   <div class='ocr_carea' id='block_1_37' title="bbox 254 2246 1833 2329">
    <p class='ocr_par' dir='ltr' id='par_1_37' title="bbox 254 2246 1833 2329">
     <span class='ocr_line' id='line_1_37' title="bbox 254 2246 1833 2329; baseline 0.008 -28"><span class='ocrx_word' id='word_1_210' title='bbox 254 2246 412 2302; x_wconf 84' lang='grc' dir='ltr'>καλῶ</span> <span class='ocrx_word' id='word_1_211' title='bbox 445 2251 556 2303; x_wconf 76' lang='grc' dir='ltr'><strong>πᾶν</strong></span> <span class='ocrx_word' id='word_1_212' title='bbox 585 2249 723 2321; x_wconf 86' lang='grc' dir='ltr'>ὅπερ</span> <span class='ocrx_word' id='word_1_213' title='bbox 762 2252 1087 2323; x_wconf 83' lang='grc' dir='ltr'>λυμαίνεται</span> <span class='ocrx_word' id='word_1_214' title='bbox 1109 2257 1224 2321; x_wconf 88' lang='grc' dir='ltr'>τοῖς</span> <span class='ocrx_word' id='word_1_215' title='bbox 1266 2258 1409 2312; x_wconf 85' lang='grc' dir='ltr'><strong>κατά</strong></span> <span class='ocrx_word' id='word_1_216' title='bbox 1440 2258 1639 2329; x_wconf 90' lang='grc' dir='ltr'>φύσιν)</span> <span class='ocrx_word' id='word_1_217' title='bbox 1674 2260 1833 2313; x_wconf 82' lang='grc' dir='ltr'>τοῦτο</span> 
     </span>
    </p>
   </div>
   <div class='ocr_carea' id='block_1_38' title="bbox 250 2336 1832 2419">
    <p class='ocr_par' dir='ltr' id='par_1_38' title="bbox 250 2336 1832 2419">
     <span class='ocr_line' id='line_1_38' title="bbox 250 2336 1832 2419; baseline 0.008 -29"><span class='ocrx_word' id='word_1_218' title='bbox 250 2336 318 2409; x_wconf 80' lang='grc' dir='ltr'><strong>δὴ</strong></span> <span class='ocrx_word' id='word_1_219' title='bbox 347 2337 575 2393; x_wconf 73' lang='grc' dir='ltr'>ἐπειδὰν</span> <span class='ocrx_word' id='word_1_220' title='bbox 603 2342 850 2411; x_wconf 87' lang='grc' dir='ltr'>κρεῖττον</span> <span class='ocrx_word' id='word_1_221' title='bbox 870 2344 1097 2416; x_wconf 86' lang='grc' dir='ltr'>γένηται</span> <span class='ocrx_word' id='word_1_222' title='bbox 1128 2347 1231 2417; x_wconf 81' lang='grc' dir='ltr'>τῆς</span> <span class='ocrx_word' id='word_1_223' title='bbox 1251 2347 1361 2401; x_wconf 79' lang='grc' dir='ltr'><strong>ἀπὸ</strong></span> <span class='ocrx_word' id='word_1_224' title='bbox 1377 2348 1487 2402; x_wconf 86' lang='grc' dir='ltr'><strong>τῶν</strong></span> <span class='ocrx_word' id='word_1_225' title='bbox 1505 2351 1832 2419; x_wconf 84' lang='grc' dir='ltr'>παραινούν-</span> 
     </span>
    </p>
   </div>
   <div class='ocr_carea' id='block_1_39' title="bbox 249 2432 1830 2511">
    <p class='ocr_par' dir='ltr' id='par_1_39' title="bbox 249 2432 1830 2511">
     <span class='ocr_line' id='line_1_39' title="bbox 249 2432 1830 2511; baseline 0.004 -28"><span class='ocrx_word' id='word_1_226' title='bbox 249 2446 363 2484; x_wconf 86' lang='grc' dir='ltr'><strong>των</strong></span> <span class='ocrx_word' id='word_1_227' title='bbox 392 2432 633 2503; x_wconf 74' lang='grc' dir='ltr'>ἰατρείας</span> <span class='ocrx_word' id='word_1_228' title='bbox 658 2449 673 2463; x_wconf 85' lang='grc'><strong>·</strong></span> <span class='ocrx_word' id='word_1_229' title='bbox 696 2432 730 2504; x_wconf 76' lang='grc' dir='ltr'>ἢ</span> <span class='ocrx_word' id='word_1_230' title='bbox 755 2435 1078 2507; x_wconf 87' lang='grc' dir='ltr'>σφοδρότητι</span> <span class='ocrx_word' id='word_1_231' title='bbox 1099 2438 1395 2509; x_wconf 84' lang='grc' dir='ltr'>τιμωρίας,</span> <span class='ocrx_word' id='word_1_232' title='bbox 1435 2440 1467 2509; x_wconf 83' lang='grc' dir='ltr'>ἢ</span> <span class='ocrx_word' id='word_1_233' title='bbox 1494 2438 1572 2511; x_wconf 83' lang='grc' dir='ltr'>τῷ</span> <span class='ocrx_word' id='word_1_234' title='bbox 1593 2439 1830 2510; x_wconf 82' lang='grc' dir='ltr'>θανάτῳ,</span> 
     </span>
    </p>
   </div>
   <div class='ocr_carea' id='block_1_40' title="bbox 250 2522 1836 2603">
    <p class='ocr_par' dir='ltr' id='par_1_40' title="bbox 250 2522 1836 2603">
     <span class='ocr_line' id='line_1_40' title="bbox 250 2522 1836 2603; baseline 0.007 -28"><span class='ocrx_word' id='word_1_235' title='bbox 250 2522 352 2593; x_wconf 79' lang='grc' dir='ltr'><strong>τὴν</strong></span> <span class='ocrx_word' id='word_1_236' title='bbox 387 2525 483 2577; x_wconf 75' lang='grc' dir='ltr'>ἐπὶ</span> <span class='ocrx_word' id='word_1_237' title='bbox 509 2524 578 2579; x_wconf 77' lang='grc' dir='ltr'><strong>τὰ</strong></span> <span class='ocrx_word' id='word_1_238' title='bbox 609 2526 777 2598; x_wconf 83' lang='grc' dir='ltr'>χείρω</span> <span class='ocrx_word' id='word_1_239' title='bbox 800 2528 970 2600; x_wconf 80' lang='grc' dir='ltr'>νομὴν</span> <span class='ocrx_word' id='word_1_240' title='bbox 1008 2531 1408 2584; x_wconf 79' lang='grc' dir='ltr'>ἀνακόπτεται·</span> <span class='ocrx_word' id='word_1_241' title='bbox 1449 2532 1836 2603; x_wconf 83' lang='grc' dir='ltr'>παρῃνέσαμεν</span> 
     </span>
    </p>
   </div>
   <div class='ocr_carea' id='block_1_41' title="bbox 249 2616 1840 2695">
    <p class='ocr_par' dir='ltr' id='par_1_41' title="bbox 249 2616 1840 2695">
     <span class='ocr_line' id='line_1_41' title="bbox 249 2616 1840 2695; baseline 0.008 -28"><span class='ocrx_word' id='word_1_242' title='bbox 249 2616 351 2686; x_wconf 81' lang='grc' dir='ltr'><strong>οὐχ</strong></span> <span class='ocrx_word' id='word_1_243' title='bbox 383 2616 555 2684; x_wconf 76' lang='grc' dir='ltr'>ἅπαξ,</span> <span class='ocrx_word' id='word_1_244' title='bbox 578 2617 715 2672; x_wconf 87' lang='grc' dir='ltr'><strong>ἀλλά</strong></span> <span class='ocrx_word' id='word_1_245' title='bbox 736 2620 831 2673; x_wconf 83' lang='grc' dir='ltr'>καὶ</span> <span class='ocrx_word' id='word_1_246' title='bbox 857 2622 1138 2685; x_wconf 83' lang='grc' dir='ltr'>πολλάκις·</span> <span class='ocrx_word' id='word_1_247' title='bbox 1168 2624 1394 2693; x_wconf 69' lang='grc' dir='ltr'>Κωφῶν</span> <span class='ocrx_word' id='word_1_248' title='bbox 1412 2624 1480 2678; x_wconf 81' lang='grc' dir='ltr'><em>δὲ</em></span> <span class='ocrx_word' id='word_1_249' title='bbox 1498 2625 1613 2694; x_wconf 81' lang='grc' dir='ltr'>ἄρα</span> <span class='ocrx_word' id='word_1_250' title='bbox 1634 2626 1840 2695; x_wconf 85' lang='grc' dir='ltr'>θύρας,</span> 
     </span>
    </p>
   </div>
   <div class='ocr_carea' id='block_1_42' title="bbox 249 2703 1843 2783">
    <p class='ocr_par' dir='ltr' id='par_1_42' title="bbox 249 2703 1843 2783">
     <span class='ocr_line' id='line_1_42' title="bbox 249 2703 1843 2783; baseline 0.01 -30"><span class='ocrx_word' id='word_1_251' title='bbox 249 2703 349 2773; x_wconf 86' lang='grc' dir='ltr'>τὴν</span> <span class='ocrx_word' id='word_1_252' title='bbox 377 2704 701 2776; x_wconf 83' lang='grc' dir='ltr'>παροιμίαν,</span> <span class='ocrx_word' id='word_1_253' title='bbox 728 2706 1050 2775; x_wconf 77' lang='grc' dir='ltr'>ἀπέδειξας</span> <span class='ocrx_word' id='word_1_254' title='bbox 1068 2710 1425 2778; x_wconf 79' lang='grc' dir='ltr'>κόπτοντας.</span> <span class='ocrx_word' id='word_1_255' title='bbox 1467 2714 1607 2767; x_wconf 84' lang='grc' dir='ltr'><strong>Ἀλλ’</strong></span> <span class='ocrx_word' id='word_1_256' title='bbox 1634 2714 1843 2783; x_wconf 76' lang='grc' dir='ltr'>ἔδειξας</span> 
     </span>
    </p>
   </div>
   <div class='ocr_carea' id='block_1_43' title="bbox 252 2794 1844 2877">
    <p class='ocr_par' dir='ltr' id='par_1_43' title="bbox 252 2794 1844 2877">
     <span class='ocr_line' id='line_1_43' title="bbox 252 2794 1844 2877; baseline 0.009 -30"><span class='ocrx_word' id='word_1_257' title='bbox 252 2795 356 2863; x_wconf 84' lang='grc' dir='ltr'><strong>μὲν</strong></span> <span class='ocrx_word' id='word_1_258' title='bbox 380 2794 549 2869; x_wconf 38' lang='grc' dir='ltr'>νόσονέ</span> <span class='ocrx_word' id='word_1_259' title='bbox 569 2799 918 2875; x_wconf 82' lang='grc' dir='ltr'>ἀνθρωπίνης</span> <span class='ocrx_word' id='word_1_260' title='bbox 944 2804 1166 2873; x_wconf 78' lang='grc' dir='ltr'>μείζονα</span> <span class='ocrx_word' id='word_1_261' title='bbox 1188 2804 1511 2877; x_wconf 88' lang='grc' dir='ltr'>θεραπείας,</span> <span class='ocrx_word' id='word_1_262' title='bbox 1540 2807 1600 2860; x_wconf 88' lang='grc' dir='ltr'><strong>ού</strong></span> <span class='ocrx_word' id='word_1_263' title='bbox 1646 2807 1844 2872; x_wconf 83' lang='grc' dir='ltr'>δείξεις</span> 
     </span>
    </p>
   </div>
   <div class='ocr_carea' id='block_1_44' title="bbox 249 2882 1845 2969">
    <p class='ocr_par' dir='ltr' id='par_1_44' title="bbox 249 2882 1845 2969">
     <span class='ocr_line' id='line_1_44' title="bbox 249 2882 1845 2969; baseline 0.009 -30"><span class='ocrx_word' id='word_1_264' title='bbox 249 2887 331 2953; x_wconf 81' lang='grc' dir='ltr'><strong>δὲ,</strong></span> <span class='ocrx_word' id='word_1_265' title='bbox 363 2882 542 2959; x_wconf 75' lang='grc' dir='ltr'>οἶμαι,</span> <span class='ocrx_word' id='word_1_266' title='bbox 568 2891 662 2945; x_wconf 83' lang='grc' dir='ltr'>καὶ</span> <span class='ocrx_word' id='word_1_267' title='bbox 690 2892 791 2963; x_wconf 82' lang='grc' dir='ltr'>τῆς</span> <span class='ocrx_word' id='word_1_268' title='bbox 810 2895 917 2948; x_wconf 88' lang='grc' dir='ltr'><strong>ἀπὸ</strong></span> <span class='ocrx_word' id='word_1_269' title='bbox 930 2896 1038 2950; x_wconf 83' lang='grc' dir='ltr'><strong>τῶν</strong></span> <span class='ocrx_word' id='word_1_270' title='bbox 1056 2896 1237 2966; x_wconf 89' lang='grc' dir='ltr'>νόμων</span> <span class='ocrx_word' id='word_1_271' title='bbox 1255 2901 1546 2969; x_wconf 87' lang='grc' dir='ltr'>τιμωρίας.</span> <span class='ocrx_word' id='word_1_272' title='bbox 1580 2900 1643 2954; x_wconf 86' lang='grc' dir='ltr'><strong>Εἰ</strong></span> <span class='ocrx_word' id='word_1_273' title='bbox 1667 2900 1724 2953; x_wconf 83' lang='grc' dir='ltr'><strong>δὲ</strong></span> <span class='ocrx_word' id='word_1_274' title='bbox 1749 2900 1845 2955; x_wconf 77' lang='grc' dir='ltr'><strong>καὶ</strong></span> 
     </span>
    </p>
   </div>
   <div class='ocr_carea' id='block_1_45' title="bbox 2008 2167 3527 2239">
    <p class='ocr_par' dir='ltr' id='par_1_45' title="bbox 2008 2167 3527 2239">
     <span class='ocr_line' id='line_1_45' title="bbox 2008 2167 3527 2239; baseline 0.001 -18"><span class='ocrx_word' id='word_1_275' title='bbox 2008 2167 2375 2237; x_wconf 90' lang='lat' dir='ltr'><strong>lmprobitatis</strong></span> <span class='ocrx_word' id='word_1_276' title='bbox 2443 2168 2630 2239; x_wconf 86' lang='lat' dir='ltr'><strong>passio</strong></span> <span class='ocrx_word' id='word_1_277' title='bbox 2684 2168 3019 2238; x_wconf 87' lang='lat' dir='ltr'><strong>(passionem</strong></span> <span class='ocrx_word' id='word_1_278' title='bbox 3097 2182 3199 2238; x_wconf 93' lang='lat' dir='ltr'><strong>ego</strong></span> <span class='ocrx_word' id='word_1_279' title='bbox 3281 2167 3527 2239; x_wconf 74' lang='lat' dir='ltr'><strong>intelligo</strong></span> 
     </span>
    </p>
   </div>
   <div class='ocr_carea' id='block_1_46' title="bbox 1938 2259 3527 2331">
    <p class='ocr_par' dir='ltr' id='par_1_46' title="bbox 1938 2259 3527 2331">
     <span class='ocr_line' id='line_1_46' title="bbox 1938 2259 3527 2331; baseline -0.002 -17"><span class='ocrx_word' id='word_1_280' title='bbox 1938 2260 2202 2330; x_wconf 87' lang='lat' dir='ltr'><strong>quidquid</strong></span> <span class='ocrx_word' id='word_1_281' title='bbox 2231 2261 2362 2317; x_wconf 90' lang='lat' dir='ltr'><strong>illud</strong></span> <span class='ocrx_word' id='word_1_282' title='bbox 2387 2261 2532 2331; x_wconf 90' lang='lat' dir='ltr'><strong>quod</strong></span> <span class='ocrx_word' id='word_1_283' title='bbox 2579 2260 2886 2316; x_wconf 88' lang='lat' dir='ltr'><strong>secundum</strong></span> <span class='ocrx_word' id='word_1_284' title='bbox 2936 2271 3187 2315; x_wconf 89' lang='lat' dir='ltr'><strong>naturam</strong></span> <span class='ocrx_word' id='word_1_285' title='bbox 3218 2267 3303 2313; x_wconf 92' lang='lat' dir='ltr'><strong>est</strong></span> <span class='ocrx_word' id='word_1_286' title='bbox 3338 2259 3527 2312; x_wconf 84' lang='lat' dir='ltr'><strong>demo-</strong></span> 
     </span>
    </p>
   </div>
   <div class='ocr_carea' id='block_1_47' title="bbox 1937 2349 3525 2421">
    <p class='ocr_par' dir='ltr' id='par_1_47' title="bbox 1937 2349 3525 2421">
     <span class='ocr_line' id='line_1_47' title="bbox 1937 2349 3525 2421; baseline -0.001 -17"><span class='ocrx_word' id='word_1_287' title='bbox 1937 2349 2090 2418; x_wconf 91' lang='lat' dir='ltr'><strong>litur)</strong></span> <span class='ocrx_word' id='word_1_288' title='bbox 2120 2351 2236 2404; x_wconf 72' lang='lat' dir='ltr'><strong>haec</strong></span> <span class='ocrx_word' id='word_1_289' title='bbox 2260 2366 2383 2405; x_wconf 92' lang='lat' dir='ltr'><strong>cum</strong></span> <span class='ocrx_word' id='word_1_290' title='bbox 2414 2350 2661 2421; x_wconf 90' lang='lat' dir='ltr'><strong>superior</strong></span> <span class='ocrx_word' id='word_1_291' title='bbox 2682 2350 2920 2407; x_wconf 89' lang='lat' dir='ltr'><strong>evaserit</strong></span> <span class='ocrx_word' id='word_1_292' title='bbox 2938 2349 3085 2403; x_wconf 91' lang='lat' dir='ltr'><strong>omni</strong></span> <span class='ocrx_word' id='word_1_293' title='bbox 3123 2349 3525 2403; x_wconf 88' lang='lat' dir='ltr'><strong>admonitorum</strong></span> 
     </span>
    </p>
   </div>
   <div class='ocr_carea' id='block_1_48' title="bbox 1942 2438 3525 2509">
    <p class='ocr_par' dir='ltr' id='par_1_48' title="bbox 1942 2438 3525 2509">
     <span class='ocr_line' id='line_1_48' title="bbox 1942 2438 3525 2509; baseline -0.002 -16"><span class='ocrx_word' id='word_1_294' title='bbox 1942 2438 2261 2502; x_wconf 89' lang='lat' dir='ltr'><strong>medecina,</strong></span> <span class='ocrx_word' id='word_1_295' title='bbox 2310 2439 2396 2492; x_wconf 89' lang='lat' dir='ltr'><strong>vel</strong></span> <span class='ocrx_word' id='word_1_296' title='bbox 2447 2454 2546 2507; x_wconf 90' lang='lat' dir='ltr'><strong>per</strong></span> <span class='ocrx_word' id='word_1_297' title='bbox 2596 2438 2849 2508; x_wconf 88' lang='lat' dir='ltr'><strong>supplicii</strong></span> <span class='ocrx_word' id='word_1_298' title='bbox 2889 2438 3210 2509; x_wconf 83' lang='lat' dir='ltr'><strong>gravitatem</strong></span> <span class='ocrx_word' id='word_1_299' title='bbox 3239 2478 3254 2500; x_wconf 90' lang='lat'><strong>,</strong></span> <span class='ocrx_word' id='word_1_300' title='bbox 3289 2438 3373 2493; x_wconf 90' lang='lat' dir='ltr'><strong>vel</strong></span> <span class='ocrx_word' id='word_1_301' title='bbox 3427 2453 3525 2507; x_wconf 79' lang='lat' dir='ltr'><strong>per</strong></span> 
     </span>
    </p>
   </div>
   <div class='ocr_carea' id='block_1_49' title="bbox 1941 2527 3525 2598">
    <p class='ocr_par' dir='ltr' id='par_1_49' title="bbox 1941 2527 3525 2598">
     <span class='ocr_line' id='line_1_49' title="bbox 1941 2527 3525 2598; baseline -0.001 -16"><span class='ocrx_word' id='word_1_302' title='bbox 1941 2537 2174 2582; x_wconf 90' lang='lat' dir='ltr'><strong>mortem</strong></span> <span class='ocrx_word' id='word_1_303' title='bbox 2206 2528 2552 2598; x_wconf 88' lang='lat' dir='ltr'><strong>intercipitur</strong></span> <span class='ocrx_word' id='word_1_304' title='bbox 2590 2544 2659 2582; x_wconf 89' lang='lat' dir='ltr'><strong>ne</strong></span> <span class='ocrx_word' id='word_1_305' title='bbox 2686 2529 2743 2581; x_wconf 92' lang='lat' dir='ltr'><strong>in</strong></span> <span class='ocrx_word' id='word_1_306' title='bbox 2783 2528 3028 2582; x_wconf 88' lang='lat' dir='ltr'><strong>deterius</strong></span> <span class='ocrx_word' id='word_1_307' title='bbox 3058 2527 3317 2596; x_wconf 86' lang='lat' dir='ltr'><strong>procedat</strong></span> <span class='ocrx_word' id='word_1_308' title='bbox 3362 2546 3373 2581; x_wconf 92' lang='lat'>:</span> <span class='ocrx_word' id='word_1_309' title='bbox 3428 2527 3525 2580; x_wconf 88' lang='lat' dir='ltr'><strong>ad-</strong></span> 
     </span>
    </p>
   </div>
   <div class='ocr_carea' id='block_1_50' title="bbox 1938 2618 3526 2688">
    <p class='ocr_par' dir='ltr' id='par_1_50' title="bbox 1938 2618 3526 2688">
     <span class='ocr_line' id='line_1_50' title="bbox 1938 2618 3526 2688; baseline 0 -17"><span class='ocrx_word' id='word_1_310' title='bbox 1938 2618 2125 2672; x_wconf 90' lang='lat' dir='ltr'><strong>monui</strong></span> <span class='ocrx_word' id='word_1_311' title='bbox 2157 2634 2267 2672; x_wconf 93' lang='lat' dir='ltr'><strong>non</strong></span> <span class='ocrx_word' id='word_1_312' title='bbox 2295 2618 2484 2684; x_wconf 89' lang='lat' dir='ltr'><strong>semel,</strong></span> <span class='ocrx_word' id='word_1_313' title='bbox 2539 2619 2635 2673; x_wconf 92' lang='lat' dir='ltr'><strong>sed</strong></span> <span class='ocrx_word' id='word_1_314' title='bbox 2664 2619 2900 2688; x_wconf 83' lang='lat' dir='ltr'><strong>saepius;</strong></span> <span class='ocrx_word' id='word_1_315' title='bbox 2950 2628 3005 2673; x_wconf 84' lang='lat' dir='ltr'><strong>at</strong></span> <span class='ocrx_word' id='word_1_316' title='bbox 3053 2628 3132 2677; x_wconf 86' lang='lat' dir='ltr'><strong>tu,</strong></span> <span class='ocrx_word' id='word_1_317' title='bbox 3162 2619 3308 2688; x_wconf 88' lang='lat' dir='ltr'><strong>quod</strong></span> <span class='ocrx_word' id='word_1_318' title='bbox 3360 2618 3526 2671; x_wconf 82' lang='lat' dir='ltr'><strong>habet</strong></span> 
     </span>
    </p>
   </div>
   <div class='ocr_carea' id='block_1_51' title="bbox 1939 2710 3523 2782">
    <p class='ocr_par' dir='ltr' id='par_1_51' title="bbox 1939 2710 3523 2782">
     <span class='ocr_line' id='line_1_51' title="bbox 1939 2710 3523 2782; baseline 0 -17"><span class='ocrx_word' id='word_1_319' title='bbox 1939 2721 2096 2765; x_wconf 86' lang='lat' dir='ltr'><strong>vetus</strong></span> <span class='ocrx_word' id='word_1_320' title='bbox 2112 2712 2359 2773; x_wconf 87' lang='lat' dir='ltr'><strong>verbum,</strong></span> <span class='ocrx_word' id='word_1_321' title='bbox 2429 2710 2709 2765; x_wconf 77' lang='lat' dir='ltr'><strong>Pulsantes</strong></span> <span class='ocrx_word' id='word_1_322' title='bbox 2732 2715 2873 2782; x_wconf 76' lang='lat' dir='ltr'><strong>[oras</strong></span> <span class='ocrx_word' id='word_1_323' title='bbox 2904 2712 3094 2765; x_wconf 80' lang='lat' dir='ltr'><strong>surdus</strong></span> <span class='ocrx_word' id='word_1_324' title='bbox 3125 2728 3226 2763; x_wconf 89' lang='lat' dir='ltr'><strong><em>non</em></strong></span> <span class='ocrx_word' id='word_1_325' title='bbox 3255 2710 3523 2765; x_wconf 79' lang='lat' dir='ltr'><strong>audivisti.</strong></span> 
     </span>
    </p>
   </div>
   <div class='ocr_carea' id='block_1_52' title="bbox 1940 2801 3529 2873">
    <p class='ocr_par' dir='ltr' id='par_1_52' title="bbox 1940 2801 3529 2873">
     <span class='ocr_line' id='line_1_52' title="bbox 1940 2801 3529 2873; baseline 0 -17"><span class='ocrx_word' id='word_1_326' title='bbox 1940 2801 2144 2857; x_wconf 78' lang='lat' dir='ltr'><strong>Verum</strong></span> <span class='ocrx_word' id='word_1_327' title='bbox 2174 2804 2365 2857; x_wconf 91' lang='lat' dir='ltr'><strong>morbo</strong></span> <span class='ocrx_word' id='word_1_328' title='bbox 2429 2809 2483 2857; x_wconf 87' lang='lat' dir='ltr'><strong>te</strong></span> <span class='ocrx_word' id='word_1_329' title='bbox 2527 2803 2776 2857; x_wconf 87' lang='lat' dir='ltr'><strong>laborare</strong></span> <span class='ocrx_word' id='word_1_330' title='bbox 2822 2803 2914 2873; x_wconf 89' lang='lat' dir='ltr'><strong>qui</strong></span> <span class='ocrx_word' id='word_1_331' title='bbox 2972 2803 3267 2857; x_wconf 87' lang='lat' dir='ltr'><strong>humanam</strong></span> <span class='ocrx_word' id='word_1_332' title='bbox 3299 2801 3529 2856; x_wconf 80' lang='lat' dir='ltr'><strong>excedat</strong></span> 
     </span>
    </p>
   </div>
   <div class='ocr_carea' id='block_1_53' title="bbox 1942 2893 3529 2965">
    <p class='ocr_par' dir='ltr' id='par_1_53' title="bbox 1942 2893 3529 2965">
     <span class='ocr_line' id='line_1_53' title="bbox 1942 2893 3529 2965; baseline -0.004 -12"><span class='ocrx_word' id='word_1_333' title='bbox 1942 2898 2301 2963; x_wconf 88' lang='lat' dir='ltr'><strong>curationem,</strong></span> <span class='ocrx_word' id='word_1_334' title='bbox 2337 2897 2533 2962; x_wconf 88' lang='lat' dir='ltr'><strong>doces;</strong></span> <span class='ocrx_word' id='word_1_335' title='bbox 2566 2895 3042 2965; x_wconf 88' lang='lat' dir='ltr'><strong>sed,opinor,non</strong></span> <span class='ocrx_word' id='word_1_336' title='bbox 3075 2893 3359 2964; x_wconf 68' lang='lat' dir='ltr'><strong>prazstabis</strong></span> <span class='ocrx_word' id='word_1_337' title='bbox 3388 2893 3529 2947; x_wconf 90' lang='lat' dir='ltr'><strong>ultra</strong></span> 
     </span>
    </p>
   </div>
   <div class='ocr_carea' id='block_1_54' title="bbox 249 2980 1841 3069">
    <p class='ocr_par' dir='ltr' id='par_1_54' title="bbox 249 2980 1839 3069">
     <span class='ocr_line' id='line_1_54' title="bbox 249 2980 1839 3069; baseline 0.01 -38"><span class='ocrx_word' id='word_1_338' title='bbox 249 2980 491 3069; x_wconf 69' lang='grc' dir='ltr'>ταύτην,</span> <span class='ocrx_word' id='word_1_339' title='bbox 539 2982 816 3057; x_wconf 81' lang='grc' dir='ltr'>ὑπερϐολῇ</span> <span class='ocrx_word' id='word_1_340' title='bbox 879 2986 1113 3069; x_wconf 73' lang='grc' dir='ltr'>θράσους</span> <span class='ocrx_word' id='word_1_341' title='bbox 1148 2989 1367 3058; x_wconf 78' lang='grc' dir='ltr'>ἐλέγξαι</span> <span class='ocrx_word' id='word_1_342' title='bbox 1418 2991 1839 3062; x_wconf 82' lang='grc' dir='ltr'>φιλονεικήσεις,</span> 
     </span>
    </p>
   </div>
   <div class='ocr_carea' id='block_1_55' title="bbox 1946 2980 3531 3069">
    <p class='ocr_par' dir='ltr' id='par_1_55' title="bbox 1946 2983 3531 3059">
     <span class='ocr_line' id='line_1_55' title="bbox 1946 2983 3531 3059; baseline -0.003 -17"><span class='ocrx_word' id='word_1_343' title='bbox 1946 2988 2156 3059; x_wconf 83' lang='lat' dir='ltr'><strong>legibus</strong></span> <span class='ocrx_word' id='word_1_344' title='bbox 2178 3002 2397 3058; x_wconf 69' lang='lat' dir='ltr'><strong>poenam</strong></span> <span class='ocrx_word' id='word_1_345' title='bbox 2431 2985 2797 3057; x_wconf 89' lang='lat' dir='ltr'><strong>irrogandam.</strong></span> <span class='ocrx_word' id='word_1_346' title='bbox 2844 2983 2999 3050; x_wconf 87' lang='lat' dir='ltr'><strong>Quod</strong></span> <span class='ocrx_word' id='word_1_347' title='bbox 3055 2984 3123 3048; x_wconf 91' lang='lat' dir='ltr'><strong>si,</strong></span> <span class='ocrx_word' id='word_1_348' title='bbox 3156 3000 3280 3055; x_wconf 71' lang='lat' dir='ltr'><strong>quae</strong></span> <span class='ocrx_word' id='word_1_349' title='bbox 3321 2993 3412 3037; x_wconf 90' lang='lat' dir='ltr'><strong>tua</strong></span> <span class='ocrx_word' id='word_1_350' title='bbox 3445 2992 3531 3038; x_wconf 87' lang='lat' dir='ltr'><strong>est</strong></span> 
     </span>
    </p>
   </div>
   <div class='ocr_carea' id='block_1_56' title="bbox 250 3065 1841 3152">
    <p class='ocr_par' dir='ltr' id='par_1_56' title="bbox 250 3065 1837 3152">
     <span class='ocr_line' id='line_1_56' title="bbox 250 3065 1837 3152; baseline 0.008 -28"><span class='ocrx_word' id='word_1_351' title='bbox 250 3070 371 3124; x_wconf 84' lang='grc' dir='ltr'>ἀλλ’</span> <span class='ocrx_word' id='word_1_352' title='bbox 405 3065 501 3127; x_wconf 81' lang='grc' dir='ltr'>οὖν</span> <span class='ocrx_word' id='word_1_353' title='bbox 532 3072 802 3130; x_wconf 82' lang='grc' dir='ltr'>ἁλώσεταί</span> <span class='ocrx_word' id='word_1_354' title='bbox 827 3093 893 3145; x_wconf 89' lang='grc' dir='ltr'><strong>γε</strong></span> <span class='ocrx_word' id='word_1_355' title='bbox 921 3065 1138 3144; x_wconf 74' lang='grc' dir='ltr'>πάντως</span> <span class='ocrx_word' id='word_1_356' title='bbox 1165 3080 1244 3151; x_wconf 80' lang='grc' dir='ltr'><strong>τῷ</strong></span> <span class='ocrx_word' id='word_1_357' title='bbox 1274 3080 1491 3152; x_wconf 90' lang='grc' dir='ltr'>θανάτῳ</span> <span class='ocrx_word' id='word_1_358' title='bbox 1531 3084 1592 3137; x_wconf 85' lang='grc' dir='ltr'><strong>τὸ</strong></span> <span class='ocrx_word' id='word_1_359' title='bbox 1623 3084 1714 3139; x_wconf 81' lang='grc' dir='ltr'><strong>σὸν</strong></span> <span class='ocrx_word' id='word_1_360' title='bbox 1742 3086 1837 3139; x_wconf 73' lang='grc' dir='ltr'><strong>ἐπὶ</strong></span> 
     </span>
    </p>
   </div>
   <div class='ocr_carea' id='block_1_57' title="bbox 1946 3065 3526 3152">
    <p class='ocr_par' dir='ltr' id='par_1_57' title="bbox 1946 3075 3526 3149">
     <span class='ocr_line' id='line_1_57' title="bbox 1946 3075 3526 3149; baseline -0.003 -16"><span class='ocrx_word' id='word_1_361' title='bbox 1946 3079 2177 3149; x_wconf 70' lang='grc' dir='ltr'>,ωρτοῦα</span> <span class='ocrx_word' id='word_1_362' title='bbox 2218 3078 2444 3133; x_wconf 84' lang='lat' dir='ltr'><strong>audacia</strong></span> <span class='ocrx_word' id='word_1_363' title='bbox 2469 3119 2484 3143; x_wconf 95' lang='lat'><strong>,</strong></span> <span class='ocrx_word' id='word_1_364' title='bbox 2524 3086 2582 3132; x_wconf 88' lang='lat' dir='ltr'><strong>et</strong></span> <span class='ocrx_word' id='word_1_365' title='bbox 2626 3078 2772 3130; x_wconf 88' lang='lat' dir='ltr'><strong>illam</strong></span> <span class='ocrx_word' id='word_1_366' title='bbox 2830 3075 3066 3131; x_wconf 86' lang='lat' dir='ltr'><strong>volueris</strong></span> <span class='ocrx_word' id='word_1_367' title='bbox 3108 3075 3264 3131; x_wconf 84' lang='lat' dir='ltr'><strong>ﬂocci</strong></span> <span class='ocrx_word' id='word_1_368' title='bbox 3326 3076 3526 3141; x_wconf 88' lang='lat' dir='ltr'><strong>facere,</strong></span> 
     </span>
    </p>
   </div>
   <div class='ocr_carea' id='block_1_58' title="bbox 252 3162 1707 3244">
    <p class='ocr_par' dir='ltr' id='par_1_58' title="bbox 252 3162 1707 3244">
     <span class='ocr_line' id='line_1_58' title="bbox 252 3162 1707 3244; baseline 0.012 -29"><span class='ocrx_word' id='word_1_369' title='bbox 252 3162 317 3232; x_wconf 76' lang='grc' dir='ltr'>τῇ</span> <span class='ocrx_word' id='word_1_370' title='bbox 358 3163 563 3219; x_wconf 87' lang='grc' dir='ltr'>σαυτοῦ</span> <span class='ocrx_word' id='word_1_371' title='bbox 597 3173 953 3244; x_wconf 74' lang='grc' dir='ltr'>καταστροφῇ</span> <span class='ocrx_word' id='word_1_372' title='bbox 976 3171 1116 3244; x_wconf 83' lang='grc' dir='ltr'>πρὸς</span> <span class='ocrx_word' id='word_1_373' title='bbox 1154 3172 1335 3229; x_wconf 85' lang='grc' dir='ltr'>πάντα</span> <span class='ocrx_word' id='word_1_374' title='bbox 1379 3174 1707 3243; x_wconf 83' lang='grc' dir='ltr'>φιλόνεικον.</span> 
     </span>
    </p>
   </div>
   <div class='ocr_carea' id='block_1_59' title="bbox 858 3368 1246 3426">
    <p class='ocr_par' dir='ltr' id='par_1_59' title="bbox 858 3368 1246 3426">
     <span class='ocr_line' id='line_1_59' title="bbox 858 3368 1246 3426; baseline 0.003 -1"><span class='ocrx_word' id='word_1_375' title='bbox 858 3368 1086 3425; x_wconf 85' lang='grc' dir='ltr'><strong>ΕΠΙΣΤ.</strong></span> <span class='ocrx_word' id='word_1_376' title='bbox 1123 3370 1246 3426; x_wconf 68' lang='lat' dir='ltr'><strong>III”.</strong></span> 
     </span>
    </p>
   </div>
   <div class='ocr_carea' id='block_1_60' title="bbox 478 3458 1633 3537">
    <p class='ocr_par' dir='ltr' id='par_1_60' title="bbox 478 3458 1633 3537">
     <span class='ocr_line' id='line_1_60' title="bbox 478 3458 1633 3537; baseline 0.006 -23"><span class='ocrx_word' id='word_1_377' title='bbox 478 3458 775 3526; x_wconf 81' lang='grc' dir='ltr'>Θεοδοσίφ</span> <span class='ocrx_word' id='word_1_378' title='bbox 795 3462 1113 3531; x_wconf 76' lang='grc' dir='ltr'>μονάζοντι</span> <span class='ocrx_word' id='word_1_379' title='bbox 1136 3464 1237 3518; x_wconf 75' lang='grc' dir='ltr'>καὶ</span> <span class='ocrx_word' id='word_1_380' title='bbox 1278 3465 1633 3537; x_wconf 75' lang='grc' dir='ltr'>ἠσυχαστῇ.</span> 
     </span>
    </p>
   </div>
   <div class='ocr_carea' id='block_1_61' title="bbox 1935 3167 3520 3239">
    <p class='ocr_par' dir='ltr' id='par_1_61' title="bbox 1935 3167 3520 3239">
     <span class='ocr_line' id='line_1_61' title="bbox 1935 3167 3520 3239; baseline -0.003 -14"><span class='ocrx_word' id='word_1_381' title='bbox 1935 3171 2163 3225; x_wconf 90' lang='lat' dir='ltr'><strong>omnino</strong></span> <span class='ocrx_word' id='word_1_382' title='bbox 2191 3170 2396 3225; x_wconf 89' lang='lat' dir='ltr'><strong>evitare</strong></span> <span class='ocrx_word' id='word_1_383' title='bbox 2430 3168 2702 3239; x_wconf 90' lang='lat' dir='ltr'><strong>nequibis,</strong></span> <span class='ocrx_word' id='word_1_384' title='bbox 2724 3183 2833 3238; x_wconf 90' lang='lat' dir='ltr'><strong>quo</strong></span> <span class='ocrx_word' id='word_1_385' title='bbox 2859 3167 3038 3221; x_wconf 91' lang='lat' dir='ltr'><strong>minus</strong></span> <span class='ocrx_word' id='word_1_386' title='bbox 3067 3177 3158 3222; x_wconf 89' lang='lat' dir='ltr'><strong>tua</strong></span> <span class='ocrx_word' id='word_1_387' title='bbox 3191 3168 3279 3223; x_wconf 92' lang='lat' dir='ltr'><strong>illa</strong></span> <span class='ocrx_word' id='word_1_388' title='bbox 3312 3167 3520 3238; x_wconf 85' lang='lat' dir='ltr'><strong>impor-</strong></span> 
     </span>
    </p>
   </div>
   <div class='ocr_carea' id='block_1_62' title="bbox 1941 3257 3313 3329">
    <p class='ocr_par' dir='ltr' id='par_1_62' title="bbox 1941 3257 3313 3329">
     <span class='ocr_line' id='line_1_62' title="bbox 1941 3257 3313 3329; baseline -0.004 -13"><span class='ocrx_word' id='word_1_389' title='bbox 1941 3269 2076 3316; x_wconf 85' lang='lat' dir='ltr'><strong>tuna</strong></span> <span class='ocrx_word' id='word_1_390' title='bbox 2108 3259 2390 3315; x_wconf 88' lang='lat' dir='ltr'><strong>contentio</strong></span> <span class='ocrx_word' id='word_1_391' title='bbox 2416 3258 2473 3313; x_wconf 88' lang='lat' dir='ltr'><strong>in</strong></span> <span class='ocrx_word' id='word_1_392' title='bbox 2507 3259 2629 3329; x_wconf 91' lang='lat' dir='ltr'><strong>ipso</strong></span> <span class='ocrx_word' id='word_1_393' title='bbox 2663 3257 2771 3312; x_wconf 83' lang='lat' dir='ltr'><strong>ﬁne</strong></span> <span class='ocrx_word' id='word_1_394' title='bbox 2799 3257 2942 3312; x_wconf 92' lang='lat' dir='ltr'><strong>male</strong></span> <span class='ocrx_word' id='word_1_395' title='bbox 2974 3258 3313 3313; x_wconf 88' lang='lat' dir='ltr'><strong>succumbat.</strong></span> 
     </span>
    </p>
   </div>
   <div class='ocr_carea' id='block_1_63' title="bbox 2450 3366 3000 3425">
    <p class='ocr_par' dir='ltr' id='par_1_63' title="bbox 2450 3366 3000 3425">
     <span class='ocr_line' id='line_1_63' title="bbox 2450 3366 3000 3425; baseline -0.002 -2"><span class='ocrx_word' id='word_1_396' title='bbox 2450 3368 2673 3425; x_wconf 86' lang='lat' dir='ltr'><strong>EPIST.</strong></span> <span class='ocrx_word' id='word_1_397' title='bbox 2712 3366 3000 3423; x_wconf 79' lang='lat' dir='ltr'><strong>LXXXIII.</strong></span> 
     </span>
    </p>
   </div>
   <div class='ocr_carea' id='block_1_64' title="bbox 2204 3459 3265 3517">
    <p class='ocr_par' dir='ltr' id='par_1_64' title="bbox 2204 3459 3265 3517">
     <span class='ocr_line' id='line_1_64' title="bbox 2204 3459 3265 3517; baseline -0.005 0"><span class='ocrx_word' id='word_1_398' title='bbox 2204 3460 2487 3517; x_wconf 78' lang='lat' dir='ltr'><strong>Theodosio</strong></span> <span class='ocrx_word' id='word_1_399' title='bbox 2524 3461 2779 3515; x_wconf 87' lang='lat' dir='ltr'><strong><em>monacho</em></strong></span> <span class='ocrx_word' id='word_1_400' title='bbox 2817 3467 2869 3515; x_wconf 82' lang='lat' dir='ltr'><strong>et</strong></span> <span class='ocrx_word' id='word_1_401' title='bbox 2906 3459 3265 3514; x_wconf 73' lang='lat' dir='ltr'><strong><em>anachoretaz.</em></strong></span> 
     </span>
    </p>
   </div>
   <div class='ocr_carea' id='block_1_65' title="bbox 1493 3574 2254 3641">
    <p class='ocr_par' dir='ltr' id='par_1_65' title="bbox 1493 3574 2254 3641">
     <span class='ocr_line' id='line_1_65' title="bbox 1493 3574 2254 3641; baseline -0.003 -14"><span class='ocrx_word' id='word_1_402' title='bbox 1493 3576 1761 3630; x_wconf 74' lang='lat' dir='ltr'><strong>lontacut.</strong></span> <span class='ocrx_word' id='word_1_403' title='bbox 1785 3580 1890 3641; x_wconf 88' lang='lat' dir='ltr'><strong>(ep.</strong></span> <span class='ocrx_word' id='word_1_404' title='bbox 1910 3576 2023 3638; x_wconf 77' lang='lat' dir='ltr'><strong>H7,</strong></span> <span class='ocrx_word' id='word_1_405' title='bbox 2045 3588 2095 3639; x_wconf 88' lang='lat' dir='ltr'><strong>p.</strong></span> <span class='ocrx_word' id='word_1_406' title='bbox 2119 3574 2254 3638; x_wconf 79' lang='grc'>158).</span> 
     </span>
    </p>
   </div>
   <div class='ocr_carea' id='block_1_66' title="bbox 323 3671 1836 3754">
    <p class='ocr_par' dir='ltr' id='par_1_66' title="bbox 323 3671 1836 3754">
     <span class='ocr_line' id='line_1_66' title="bbox 323 3671 1836 3754; baseline 0.008 -29"><span class='ocrx_word' id='word_1_407' title='bbox 323 3672 400 3726; x_wconf 85' lang='grc' dir='ltr'><strong>Τί</strong></span> <span class='ocrx_word' id='word_1_408' title='bbox 428 3671 731 3745; x_wconf 75' lang='grc' dir='ltr'>θαυμάζεις</span> <span class='ocrx_word' id='word_1_409' title='bbox 754 3678 803 3731; x_wconf 89' lang='grc' dir='ltr'><strong>εί</strong></span> <span class='ocrx_word' id='word_1_410' title='bbox 831 3680 1147 3749; x_wconf 84' lang='grc' dir='ltr'>προκάθητο</span> <span class='ocrx_word' id='word_1_411' title='bbox 1185 3680 1284 3753; x_wconf 83' lang='grc' dir='ltr'>μὲν</span> <span class='ocrx_word' id='word_1_412' title='bbox 1320 3680 1737 3754; x_wconf 78' lang='grc' dir='ltr'>ὲξοφρυωμένον</span> <span class='ocrx_word' id='word_1_413' title='bbox 1774 3685 1836 3737; x_wconf 83' lang='grc' dir='ltr'><strong>τὸ</strong></span> 
     </span>
    </p>
   </div>
   <div class='ocr_carea' id='block_1_67' title="bbox 256 3763 1837 3849">
    <p class='ocr_par' dir='ltr' id='par_1_67' title="bbox 256 3763 1837 3849">
     <span class='ocr_line' id='line_1_67' title="bbox 256 3763 1837 3849; baseline 0.006 -27"><span class='ocrx_word' id='word_1_414' title='bbox 256 3763 499 3841; x_wconf 79' lang='grc' dir='ltr'>ἀνίέρον,</span> <span class='ocrx_word' id='word_1_415' title='bbox 525 3772 831 3841; x_wconf 83' lang='grc' dir='ltr'>παρίστατο</span> <span class='ocrx_word' id='word_1_416' title='bbox 874 3775 931 3828; x_wconf 83' lang='grc' dir='ltr'>δὲ</span> <span class='ocrx_word' id='word_1_417' title='bbox 962 3776 1071 3831; x_wconf 85' lang='grc' dir='ltr'>τῶν</span> <span class='ocrx_word' id='word_1_418' title='bbox 1101 3777 1404 3849; x_wconf 83' lang='grc' dir='ltr'>ἀρχιερέων</span> <span class='ocrx_word' id='word_1_419' title='bbox 1437 3778 1574 3831; x_wconf 86' lang='grc' dir='ltr'><strong>Θεοῦ</strong></span> <span class='ocrx_word' id='word_1_420' title='bbox 1610 3778 1673 3831; x_wconf 86' lang='grc' dir='ltr'>τὺ</span> <span class='ocrx_word' id='word_1_421' title='bbox 1714 3778 1837 3831; x_wconf 74' lang='grc' dir='ltr'>ἐπί-</span> 
     </span>
    </p>
   </div>
   <div class='ocr_carea' id='block_1_68' title="bbox 259 3862 1836 3940">
    <p class='ocr_par' dir='ltr' id='par_1_68' title="bbox 259 3862 1836 3940">
     <span class='ocr_line' id='line_1_68' title="bbox 259 3862 1836 3940; baseline 0.008 -30"><span class='ocrx_word' id='word_1_422' title='bbox 259 3874 476 3930; x_wconf 88' lang='grc' dir='ltr'>σημον;</span> <span class='ocrx_word' id='word_1_423' title='bbox 551 3862 648 3914; x_wconf 66' lang='grc' dir='ltr'><strong>καὶ⁵</strong></span> <span class='ocrx_word' id='word_1_424' title='bbox 707 3865 916 3933; x_wconf 85' lang='grc' dir='ltr'>κρίνειν</span> <span class='ocrx_word' id='word_1_425' title='bbox 972 3866 1071 3936; x_wconf 84' lang='grc' dir='ltr'>μὲν</span> <span class='ocrx_word' id='word_1_426' title='bbox 1101 3866 1321 3934; x_wconf 73' lang='grc' dir='ltr'>ἐλέγετο</span> <span class='ocrx_word' id='word_1_427' title='bbox 1363 3867 1424 3920; x_wconf 81' lang='grc' dir='ltr'><strong>τὸ</strong></span> <span class='ocrx_word' id='word_1_428' title='bbox 1476 3867 1836 3940; x_wconf 87' lang='grc' dir='ltr'>κατάκριτον,</span> 
     </span>
    </p>
   </div>
   <div class='ocr_carea' id='block_1_69' title="bbox 258 3950 1839 4032">
    <p class='ocr_par' dir='ltr' id='par_1_69' title="bbox 258 3950 1839 4032">
     <span class='ocr_line' id='line_1_69' title="bbox 258 3950 1839 4032; baseline 0.006 -28"><span class='ocrx_word' id='word_1_429' title='bbox 258 3950 647 4016; x_wconf 81' lang='grc' dir='ltr'>κατεδικάζετο</span> <span class='ocrx_word' id='word_1_430' title='bbox 672 3953 730 4005; x_wconf 74' lang='grc' dir='ltr'><strong>δὲ</strong></span> <span class='ocrx_word' id='word_1_431' title='bbox 754 3954 929 4023; x_wconf 82' lang='grc' dir='ltr'>ξίφεσι</span> <span class='ocrx_word' id='word_1_432' title='bbox 962 3959 1518 4030; x_wconf 82' lang='grc' dir='ltr'>περιεστοιχισμένον,</span> <span class='ocrx_word' id='word_1_433' title='bbox 1558 3960 1702 4032; x_wconf 81' lang='grc' dir='ltr'>ὑπὲρ</span> <span class='ocrx_word' id='word_1_434' title='bbox 1744 3958 1839 4013; x_wconf 83' lang='grc' dir='ltr'>τοῦ</span> 
     </span>
    </p>
   </div>
   <div class='ocr_carea' id='block_1_70' title="bbox 263 4042 1839 4123">
    <p class='ocr_par' dir='ltr' id='par_1_70' title="bbox 263 4042 1839 4123">
     <span class='ocr_line' id='line_1_70' title="bbox 263 4042 1839 4123; baseline 0.007 -29"><span class='ocrx_word' id='word_1_435' title='bbox 263 4042 404 4113; x_wconf 79' lang='grc' dir='ltr'>μηδὲ</span> <span class='ocrx_word' id='word_1_436' title='bbox 436 4045 621 4115; x_wconf 75' lang='grc' dir='ltr'>φωνὴν</span> <span class='ocrx_word' id='word_1_437' title='bbox 643 4046 882 4113; x_wconf 88' lang='grc' dir='ltr'>ἀφεῖναι,</span> <span class='ocrx_word' id='word_1_438' title='bbox 915 4048 978 4101; x_wconf 78' lang='grc' dir='ltr'><strong>τὸ</strong></span> <span class='ocrx_word' id='word_1_439' title='bbox 994 4048 1325 4117; x_wconf 87' lang='grc' dir='ltr'>ἀνεύθυνον;</span> <span class='ocrx_word' id='word_1_440' title='bbox 1354 4050 1502 4121; x_wconf 77' lang='grc' dir='ltr'>ἔχεις</span> <span class='ocrx_word' id='word_1_441' title='bbox 1533 4053 1644 4123; x_wconf 79' lang='grc' dir='ltr'>γὰρ</span> <span class='ocrx_word' id='word_1_442' title='bbox 1667 4052 1839 4105; x_wconf 86' lang='grc' dir='ltr'>πολλά</span> 
     </span>
    </p>
   </div>
   <div class='ocr_carea' id='block_1_71' title="bbox 261 4134 1841 4212">
    <p class='ocr_par' dir='ltr' id='par_1_71' title="bbox 261 4134 1841 4212">
     <span class='ocr_line' id='line_1_71' title="bbox 261 4134 1841 4212; baseline 0.007 -26"><span class='ocrx_word' id='word_1_443' title='bbox 261 4135 359 4187; x_wconf 76' lang='grc' dir='ltr'><strong>καὶ</strong></span> <span class='ocrx_word' id='word_1_444' title='bbox 410 4134 509 4188; x_wconf 87' lang='grc' dir='ltr'><strong>νέα</strong></span> <span class='ocrx_word' id='word_1_445' title='bbox 560 4136 656 4189; x_wconf 79' lang='grc' dir='ltr'>καὶ</span> <span class='ocrx_word' id='word_1_446' title='bbox 714 4138 923 4192; x_wconf 86' lang='grc' dir='ltr'>παλαιὰ</span> <span class='ocrx_word' id='word_1_447' title='bbox 972 4141 1426 4212; x_wconf 79' lang='grc' dir='ltr'>παραδείγματα·</span> <span class='ocrx_word' id='word_1_448' title='bbox 1477 4144 1682 4208; x_wconf 82' lang='grc' dir='ltr'>Ἀννας</span> <span class='ocrx_word' id='word_1_449' title='bbox 1746 4146 1841 4197; x_wconf 73' lang='grc' dir='ltr'><strong>καὶ</strong></span> 
     </span>
    </p>
   </div>
   <div class='ocr_carea' id='block_1_72' title="bbox 2008 3672 3531 3747">
    <p class='ocr_par' dir='ltr' id='par_1_72' title="bbox 2008 3672 3531 3747">
     <span class='ocr_line' id='line_1_72' title="bbox 2008 3672 3531 3747; baseline -0.005 -12"><span class='ocrx_word' id='word_1_450' title='bbox 2008 3681 2280 3747; x_wconf 84' lang='lat' dir='ltr'><strong>Quorsum</strong></span> <span class='ocrx_word' id='word_1_451' title='bbox 2314 3676 2532 3732; x_wconf 87' lang='lat' dir='ltr'><strong>miraris</strong></span> <span class='ocrx_word' id='word_1_452' title='bbox 2564 3677 2609 3732; x_wconf 90' lang='lat' dir='ltr'><strong>si</strong></span> <span class='ocrx_word' id='word_1_453' title='bbox 2649 3676 2864 3747; x_wconf 81' lang='lat' dir='ltr'><strong>profani</strong></span> <span class='ocrx_word' id='word_1_454' title='bbox 2907 3690 3032 3732; x_wconf 90' lang='lat' dir='ltr'><strong>cum</strong></span> <span class='ocrx_word' id='word_1_455' title='bbox 3074 3672 3366 3745; x_wconf 89' lang='lat' dir='ltr'><strong>supercilio</strong></span> <span class='ocrx_word' id='word_1_456' title='bbox 3392 3689 3531 3744; x_wconf 65' lang='lat' dir='ltr'><strong>prse-</strong></span> 
     </span>
    </p>
   </div>
   <div class='ocr_carea' id='block_1_73' title="bbox 1940 3767 3529 3843">
    <p class='ocr_par' dir='ltr' id='par_1_73' title="bbox 1940 3767 3529 3843">
     <span class='ocr_line' id='line_1_73' title="bbox 1940 3767 3529 3843; baseline -0.004 -15"><span class='ocrx_word' id='word_1_457' title='bbox 1940 3773 2143 3837; x_wconf 90' lang='lat' dir='ltr'><strong>sident,</strong></span> <span class='ocrx_word' id='word_1_458' title='bbox 2195 3770 2411 3843; x_wconf 82' lang='lat' dir='ltr'><strong>gloriosi</strong></span> <span class='ocrx_word' id='word_1_459' title='bbox 2447 3777 2630 3824; x_wconf 89' lang='lat' dir='ltr'><strong>autem</strong></span> <span class='ocrx_word' id='word_1_460' title='bbox 2668 3768 2939 3823; x_wconf 89' lang='lat' dir='ltr'><strong>antistites</strong></span> <span class='ocrx_word' id='word_1_461' title='bbox 2980 3768 3073 3821; x_wconf 89' lang='lat' dir='ltr'><strong>Dei</strong></span> <span class='ocrx_word' id='word_1_462' title='bbox 3107 3768 3327 3822; x_wconf 88' lang='lat' dir='ltr'><strong>astent?</strong></span> <span class='ocrx_word' id='word_1_463' title='bbox 3377 3767 3529 3836; x_wconf 90' lang='lat' dir='ltr'><strong>quid,</strong></span> 
     </span>
    </p>
   </div>
   <div class='ocr_carea' id='block_1_74' title="bbox 1942 3860 3530 3934">
    <p class='ocr_par' dir='ltr' id='par_1_74' title="bbox 1942 3860 3530 3934">
     <span class='ocr_line' id='line_1_74' title="bbox 1942 3860 3530 3934; baseline -0.003 -17"><span class='ocrx_word' id='word_1_464' title='bbox 1942 3864 2087 3934; x_wconf 81' lang='lat' dir='ltr'><strong>quod</strong></span> <span class='ocrx_word' id='word_1_465' title='bbox 2108 3863 2370 3934; x_wconf 83' lang='lat' dir='ltr'><strong>judicium</strong></span> <span class='ocrx_word' id='word_1_466' title='bbox 2396 3870 2656 3917; x_wconf 76' lang='lat' dir='ltr'><strong>exercent</strong></span> <span class='ocrx_word' id='word_1_467' title='bbox 2676 3861 2881 3931; x_wconf 87' lang='lat' dir='ltr'><strong>judicio</strong></span> <span class='ocrx_word' id='word_1_468' title='bbox 2899 3861 3162 3924; x_wconf 90' lang='lat' dir='ltr'><strong>damnati,</strong></span> <span class='ocrx_word' id='word_1_469' title='bbox 3185 3860 3343 3930; x_wconf 89' lang='lat' dir='ltr'><strong>culpa</strong></span> <span class='ocrx_word' id='word_1_470' title='bbox 3369 3861 3530 3913; x_wconf 87' lang='lat' dir='ltr'><strong>vacui</strong></span> 
     </span>
    </p>
   </div>
   <div class='ocr_carea' id='block_1_75' title="bbox 1944 3950 3535 4028">
    <p class='ocr_par' dir='ltr' id='par_1_75' title="bbox 1944 3950 3535 4028">
     <span class='ocr_line' id='line_1_75' title="bbox 1944 3950 3535 4028; baseline -0.003 -17"><span class='ocrx_word' id='word_1_471' title='bbox 1944 3950 2155 4028; x_wconf 82' lang='lat' dir='ltr'><strong>judicio</strong></span> <span class='ocrx_word' id='word_1_472' title='bbox 2202 3958 2486 4018; x_wconf 86' lang='lat' dir='ltr'><strong>sistantur,</strong></span> <span class='ocrx_word' id='word_1_473' title='bbox 2534 3954 2728 4024; x_wconf 82' lang='lat' dir='ltr'><strong>gladiis</strong></span> <span class='ocrx_word' id='word_1_474' title='bbox 2768 3954 3186 4020; x_wconf 86' lang='lat' dir='ltr'><strong>circumvallati,</strong></span> <span class='ocrx_word' id='word_1_475' title='bbox 3228 3954 3304 4007; x_wconf 92' lang='lat' dir='ltr'><strong>ita</strong></span> <span class='ocrx_word' id='word_1_476' title='bbox 3356 3961 3415 4005; x_wconf 91' lang='lat' dir='ltr'><strong>ut</strong></span> <span class='ocrx_word' id='word_1_477' title='bbox 3462 3968 3535 4007; x_wconf 87' lang='lat' dir='ltr'><strong>ne</strong></span> 
     </span>
    </p>
   </div>
   <div class='ocr_carea' id='block_1_76' title="bbox 1947 4046 3534 4115">
    <p class='ocr_par' dir='ltr' id='par_1_76' title="bbox 1947 4046 3534 4115">
     <span class='ocr_line' id='line_1_76' title="bbox 1947 4046 3534 4115; baseline -0.004 -10"><span class='ocrx_word' id='word_1_478' title='bbox 1947 4065 2138 4105; x_wconf 91' lang='lat' dir='ltr'><strong>vocem</strong></span> <span class='ocrx_word' id='word_1_479' title='bbox 2171 4049 2424 4104; x_wconf 88' lang='lat' dir='ltr'><strong>emittere</strong></span> <span class='ocrx_word' id='word_1_480' title='bbox 2450 4046 2719 4101; x_wconf 77' lang='lat' dir='ltr'><strong>audeant?</strong></span> <span class='ocrx_word' id='word_1_481' title='bbox 2753 4048 2848 4101; x_wconf 91' lang='lat' dir='ltr'><strong>sed</strong></span> <span class='ocrx_word' id='word_1_482' title='bbox 2907 4046 3285 4115; x_wconf 85' lang='lat' dir='ltr'><strong>hujuscemodi</strong></span> <span class='ocrx_word' id='word_1_483' title='bbox 3330 4061 3534 4114; x_wconf 82' lang='lat' dir='ltr'><strong>suppe-</strong></span> 
     </span>
    </p>
   </div>
   <div class='ocr_carea' id='block_1_77' title="bbox 1949 4137 3528 4204">
    <p class='ocr_par' dir='ltr' id='par_1_77' title="bbox 1949 4137 3528 4204">
     <span class='ocr_line' id='line_1_77' title="bbox 1949 4137 3528 4204; baseline -0.003 -10"><span class='ocrx_word' id='word_1_484' title='bbox 1949 4149 2071 4195; x_wconf 85' lang='lat' dir='ltr'><strong>tunt</strong></span> <span class='ocrx_word' id='word_1_485' title='bbox 2098 4140 2289 4202; x_wconf 86' lang='lat' dir='ltr'><strong>multa,</strong></span> <span class='ocrx_word' id='word_1_486' title='bbox 2331 4148 2386 4193; x_wconf 89' lang='lat' dir='ltr'><strong>et</strong></span> <span class='ocrx_word' id='word_1_487' title='bbox 2445 4147 2630 4192; x_wconf 89' lang='lat' dir='ltr'><strong>vetera</strong></span> <span class='ocrx_word' id='word_1_488' title='bbox 2660 4145 2716 4191; x_wconf 88' lang='lat' dir='ltr'><strong>et</strong></span> <span class='ocrx_word' id='word_1_489' title='bbox 2758 4139 2964 4191; x_wconf 88' lang='lat' dir='ltr'><strong>novitia</strong></span> <span class='ocrx_word' id='word_1_490' title='bbox 3003 4137 3269 4204; x_wconf 78' lang='lat' dir='ltr'><strong>exempla.</strong></span> <span class='ocrx_word' id='word_1_491' title='bbox 3316 4138 3528 4201; x_wconf 84' lang='lat' dir='ltr'><strong>Aunas,</strong></span> 
     </span>
    </p>
   </div>
   <div class='ocr_carea' id='block_1_78' title="bbox 262 4227 1841 4307">
    <p class='ocr_par' dir='ltr' id='par_1_78' title="bbox 262 4227 1841 4306">
     <span class='ocr_line' id='line_1_78' title="bbox 262 4227 1841 4306; baseline 0.006 -27"><span class='ocrx_word' id='word_1_492' title='bbox 262 4227 521 4295; x_wconf 82' lang='grc' dir='ltr'>Καϊάφας</span> <span class='ocrx_word' id='word_1_493' title='bbox 560 4229 658 4282; x_wconf 73' lang='grc' dir='ltr'><strong>καὶ</strong></span> <span class='ocrx_word' id='word_1_494' title='bbox 684 4229 919 4295; x_wconf 87' lang='grc' dir='ltr'>Πιλάτος</span> <span class='ocrx_word' id='word_1_495' title='bbox 951 4232 1219 4297; x_wconf 75' lang='grc' dir='ltr'>ἐδίκαζον,</span> <span class='ocrx_word' id='word_1_496' title='bbox 1249 4234 1343 4286; x_wconf 82' lang='grc' dir='ltr'><strong>καὶ</strong></span> <span class='ocrx_word' id='word_1_497' title='bbox 1384 4234 1614 4305; x_wconf 86' lang='grc' dir='ltr'>Ἰησοῦς,</span> <span class='ocrx_word' id='word_1_498' title='bbox 1638 4236 1667 4287; x_wconf 86' lang='grc' dir='ltr'>ὁ</span> <span class='ocrx_word' id='word_1_499' title='bbox 1711 4236 1841 4306; x_wconf 75' lang='grc' dir='ltr'>ἐμὸς</span> 
     </span>
    </p>
   </div>
   <div class='ocr_carea' id='block_1_79' title="bbox 1946 4227 3536 4307">
    <p class='ocr_par' dir='ltr' id='par_1_79' title="bbox 1947 4227 3536 4301">
     <span class='ocr_line' id='line_1_79' title="bbox 1947 4227 3536 4301; baseline -0.004 -14"><span class='ocrx_word' id='word_1_500' title='bbox 1947 4232 2205 4301; x_wconf 89' lang='lat' dir='ltr'><strong>Caipbas,</strong></span> <span class='ocrx_word' id='word_1_501' title='bbox 2253 4237 2308 4284; x_wconf 88' lang='lat' dir='ltr'><strong>et</strong></span> <span class='ocrx_word' id='word_1_502' title='bbox 2352 4229 2558 4285; x_wconf 86' lang='lat' dir='ltr'><strong>Pilatus</strong></span> <span class='ocrx_word' id='word_1_503' title='bbox 2590 4228 2846 4284; x_wconf 89' lang='lat' dir='ltr'><strong>sedentes</strong></span> <span class='ocrx_word' id='word_1_504' title='bbox 2883 4243 2983 4298; x_wconf 88' lang='lat' dir='ltr'><strong>pro</strong></span> <span class='ocrx_word' id='word_1_505' title='bbox 3030 4228 3289 4282; x_wconf 88' lang='lat' dir='ltr'><strong>tribunali</strong></span> <span class='ocrx_word' id='word_1_506' title='bbox 3326 4227 3536 4297; x_wconf 81' lang='lat' dir='ltr'><strong>judica-</strong></span> 
     </span>
    </p>
   </div>
   <div class='ocr_carea' id='block_1_80' title="bbox 261 4321 1837 4397">
    <p class='ocr_par' dir='ltr' id='par_1_80' title="bbox 261 4321 1837 4397">
     <span class='ocr_line' id='line_1_80' title="bbox 261 4321 1837 4397; baseline 0.007 -27"><span class='ocrx_word' id='word_1_507' title='bbox 261 4321 542 4390; x_wconf 88' lang='grc' dir='ltr'>Δεσπότης</span> <span class='ocrx_word' id='word_1_508' title='bbox 585 4322 683 4375; x_wconf 78' lang='grc' dir='ltr'>καὶ</span> <span class='ocrx_word' id='word_1_509' title='bbox 706 4322 864 4387; x_wconf 82' lang='grc' dir='ltr'>Θεὸς,</span> <span class='ocrx_word' id='word_1_510' title='bbox 913 4324 1008 4377; x_wconf 77' lang='grc' dir='ltr'>καὶ</span> <span class='ocrx_word' id='word_1_511' title='bbox 1057 4324 1233 4389; x_wconf 76' lang='grc' dir='ltr'>κοινὸς</span> <span class='ocrx_word' id='word_1_512' title='bbox 1281 4326 1552 4381; x_wconf 86' lang='grc' dir='ltr'>ἁπάντων</span> <span class='ocrx_word' id='word_1_513' title='bbox 1618 4328 1837 4397; x_wconf 85' lang='grc' dir='ltr'>κριτὴς.</span> 
     </span>
    </p>
   </div>
   <div class='ocr_carea' id='block_1_81' title="bbox 265 4411 1844 4486">
    <p class='ocr_par' dir='ltr' id='par_1_81' title="bbox 265 4411 1844 4486">
     <span class='ocr_line' id='line_1_81' title="bbox 265 4411 1844 4486; baseline 0.006 -24"><span class='ocrx_word' id='word_1_514' title='bbox 265 4411 571 4481; x_wconf 85' lang='grc' dir='ltr'>παρίστατο</span> <span class='ocrx_word' id='word_1_515' title='bbox 604 4412 954 4486; x_wconf 77' lang='grc' dir='ltr'>ἐταζόμενος.</span> <span class='ocrx_word' id='word_1_516' title='bbox 1004 4416 1277 4485; x_wconf 84' lang='grc' dir='ltr'>Στέφανος</span> <span class='ocrx_word' id='word_1_517' title='bbox 1322 4419 1351 4469; x_wconf 86' lang='grc' dir='ltr'><strong>ὁ</strong></span> <span class='ocrx_word' id='word_1_518' title='bbox 1385 4418 1717 4485; x_wconf 89' lang='grc' dir='ltr'>καλλίνικος,</span> <span class='ocrx_word' id='word_1_519' title='bbox 1748 4422 1844 4474; x_wconf 76' lang='grc' dir='ltr'><strong>καὶ</strong></span> 
     </span>
    </p>
   </div>
   <div class='ocr_carea' id='block_1_82' title="bbox 264 4503 1845 4580">
    <p class='ocr_par' dir='ltr' id='par_1_82' title="bbox 264 4503 1845 4580">
     <span class='ocr_line' id='line_1_82' title="bbox 264 4503 1845 4580; baseline 0.008 -25"><span class='ocrx_word' id='word_1_520' title='bbox 264 4503 487 4573; x_wconf 84' lang='grc' dir='ltr'>πρῶτος</span> <span class='ocrx_word' id='word_1_521' title='bbox 511 4504 621 4558; x_wconf 82' lang='grc' dir='ltr'>τῶν</span> <span class='ocrx_word' id='word_1_522' title='bbox 652 4507 889 4577; x_wconf 81' lang='grc' dir='ltr'>Χριστοῦ</span> <span class='ocrx_word' id='word_1_523' title='bbox 946 4509 1239 4580; x_wconf 88' lang='grc' dir='ltr'>μαρτύρων</span> <span class='ocrx_word' id='word_1_524' title='bbox 1286 4510 1618 4579; x_wconf 86' lang='grc' dir='ltr'>παρίστατο,</span> <span class='ocrx_word' id='word_1_525' title='bbox 1650 4514 1745 4567; x_wconf 67' lang='grc' dir='ltr'><strong>καὶ</strong></span> <span class='ocrx_word' id='word_1_526' title='bbox 1783 4514 1845 4567; x_wconf 80' lang='grc' dir='ltr'>τὸ</span> 
     </span>
    </p>
   </div>
   <div class='ocr_carea' id='block_1_83' title="bbox 262 4596 1846 4673">
    <p class='ocr_par' dir='ltr' id='par_1_83' title="bbox 262 4596 1846 4673">
     <span class='ocr_line' id='line_1_83' title="bbox 262 4596 1846 4673; baseline 0.009 -27"><span class='ocrx_word' id='word_1_527' title='bbox 262 4596 362 4664; x_wconf 86' lang='grc' dir='ltr'>τῆς</span> <span class='ocrx_word' id='word_1_528' title='bbox 415 4601 727 4667; x_wconf 85' lang='grc' dir='ltr'>μιαιφονίας</span> <span class='ocrx_word' id='word_1_529' title='bbox 777 4601 1076 4673; x_wconf 79' lang='grc' dir='ltr'>συνέδριον,</span> <span class='ocrx_word' id='word_1_530' title='bbox 1139 4602 1310 4666; x_wconf 84' lang='grc' dir='ltr'>λίθοις</span> <span class='ocrx_word' id='word_1_531' title='bbox 1343 4602 1702 4672; x_wconf 83' lang='grc' dir='ltr'>θεολογοῦντα</span> <span class='ocrx_word' id='word_1_532' title='bbox 1746 4606 1846 4659; x_wconf 79' lang='grc' dir='ltr'><strong>τὸν</strong></span> 
     </span>
    </p>
   </div>
   <div class='ocr_carea' id='block_1_84' title="bbox 263 4686 1846 4768">
    <p class='ocr_par' dir='ltr' id='par_1_84' title="bbox 263 4686 1846 4768">
     <span class='ocr_line' id='line_1_84' title="bbox 263 4686 1846 4768; baseline 0.007 -29"><span class='ocrx_word' id='word_1_533' title='bbox 263 4686 506 4759; x_wconf 78' lang='grc' dir='ltr'>ἀθλητὴν</span> <span class='ocrx_word' id='word_1_534' title='bbox 539 4693 936 4763; x_wconf 86' lang='grc' dir='ltr'>κατεχώννυον.</span> <span class='ocrx_word' id='word_1_535' title='bbox 995 4693 1252 4758; x_wconf 81' lang='grc' dir='ltr'>Ἰάκωϐος</span> <span class='ocrx_word' id='word_1_536' title='bbox 1305 4694 1334 4747; x_wconf 86' lang='grc' dir='ltr'>ὁ</span> <span class='ocrx_word' id='word_1_537' title='bbox 1394 4695 1612 4764; x_wconf 87' lang='grc' dir='ltr'>πρῶτος</span> <span class='ocrx_word' id='word_1_538' title='bbox 1655 4699 1846 4768; x_wconf 84' lang='grc' dir='ltr'>ἀρχιε-</span> 
     </span>
    </p>
   </div>
   <div class='ocr_carea' id='block_1_85' title="bbox 267 4778 1847 4860">
    <p class='ocr_par' dir='ltr' id='par_1_85' title="bbox 267 4778 1847 4860">
     <span class='ocr_line' id='line_1_85' title="bbox 267 4778 1847 4860; baseline 0.008 -29"><span class='ocrx_word' id='word_1_539' title='bbox 267 4778 432 4848; x_wconf 80' lang='grc' dir='ltr'>ρέων,</span> <span class='ocrx_word' id='word_1_540' title='bbox 470 4782 564 4835; x_wconf 78' lang='grc' dir='ltr'><strong>καὶ</strong></span> <span class='ocrx_word' id='word_1_541' title='bbox 606 4784 909 4857; x_wconf 82' lang='grc' dir='ltr'>Δεσπστικῇ</span> <span class='ocrx_word' id='word_1_542' title='bbox 939 4789 1084 4858; x_wconf 83' lang='grc' dir='ltr'>χειρὶ</span> <span class='ocrx_word' id='word_1_543' title='bbox 1121 4787 1183 4840; x_wconf 85' lang='grc' dir='ltr'><strong>τὸ</strong></span> <span class='ocrx_word' id='word_1_544' title='bbox 1220 4786 1364 4855; x_wconf 72' lang='grc' dir='ltr'>ἱερὸν</span> <span class='ocrx_word' id='word_1_545' title='bbox 1384 4786 1593 4856; x_wconf 86' lang='grc' dir='ltr'>χρίσμα</span> <span class='ocrx_word' id='word_1_546' title='bbox 1628 4792 1721 4842; x_wconf 76' lang='grc' dir='ltr'>καὶ</span> <span class='ocrx_word' id='word_1_547' title='bbox 1751 4789 1847 4860; x_wconf 84' lang='grc' dir='ltr'>τὴν</span> 
     </span>
    </p>
   </div>
   <div class='ocr_carea' id='block_1_86' title="bbox 263 4871 1847 4950">
    <p class='ocr_par' dir='ltr' id='par_1_86' title="bbox 263 4871 1847 4950">
     <span class='ocr_line' id='line_1_86' title="bbox 263 4871 1847 4950; baseline 0.008 -29"><span class='ocrx_word' id='word_1_548' title='bbox 263 4871 494 4941; x_wconf 76' lang='grc' dir='ltr'>ἐφορίαν</span> <span class='ocrx_word' id='word_1_549' title='bbox 564 4873 954 4946; x_wconf 81' lang='grc' dir='ltr'>Ἱεροσολύμων</span> <span class='ocrx_word' id='word_1_550' title='bbox 1011 4878 1228 4950; x_wconf 86' lang='grc' dir='ltr'>λαχὼν,</span> <span class='ocrx_word' id='word_1_551' title='bbox 1279 4880 1669 4949; x_wconf 74' lang='grc' dir='ltr'>παρειστήκειο</span> <span class='ocrx_word' id='word_1_552' title='bbox 1749 4881 1847 4934; x_wconf 77' lang='grc' dir='ltr'>καὶ</span> 
     </span>
    </p>
   </div>
   <div class='ocr_carea' id='block_1_87' title="bbox 267 4964 1849 5044">
    <p class='ocr_par' dir='ltr' id='par_1_87' title="bbox 267 4964 1849 5044">
     <span class='ocr_line' id='line_1_87' title="bbox 267 4964 1849 5044; baseline 0.006 -29"><span class='ocrx_word' id='word_1_553' title='bbox 267 4964 501 5029; x_wconf 73' lang='grc' dir='ltr'>’Ἄνανος</span> <span class='ocrx_word' id='word_1_554' title='bbox 549 4966 582 5019; x_wconf 77' lang='grc' dir='ltr'><strong>ό</strong></span> <span class='ocrx_word' id='word_1_555' title='bbox 614 4970 680 5021; x_wconf 73' lang='grc' dir='ltr'>ὲκ</span> <span class='ocrx_word' id='word_1_556' title='bbox 720 4969 1117 5039; x_wconf 81' lang='grc' dir='ltr'>Σαδδουκαίων,</span> <span class='ocrx_word' id='word_1_557' title='bbox 1140 4974 1357 5044; x_wconf 79' lang='grc' dir='ltr'>ἐκρότει</span> <span class='ocrx_word' id='word_1_558' title='bbox 1405 4973 1701 5044; x_wconf 83' lang='grc' dir='ltr'>συνέδριον,</span> <span class='ocrx_word' id='word_1_559' title='bbox 1754 4973 1849 5026; x_wconf 73' lang='grc' dir='ltr'><strong>καὶ</strong></span> 
     </span>
    </p>
   </div>
   <div class='ocr_carea' id='block_1_88' title="bbox 263 5054 1849 5139">
    <p class='ocr_par' dir='ltr' id='par_1_88' title="bbox 263 5054 1849 5139">
     <span class='ocr_line' id='line_1_88' title="bbox 263 5054 1849 5139; baseline 0.007 -31"><span class='ocrx_word' id='word_1_560' title='bbox 263 5054 499 5120; x_wconf 81' lang='grc' dir='ltr'>Θάνατος</span> <span class='ocrx_word' id='word_1_561' title='bbox 537 5054 605 5130; x_wconf 82' lang='grc' dir='ltr'>ἦν</span> <span class='ocrx_word' id='word_1_562' title='bbox 626 5060 786 5124; x_wconf 80' lang='grc' dir='ltr'>εὐθὺς</span> <span class='ocrx_word' id='word_1_563' title='bbox 808 5063 887 5134; x_wconf 83' lang='grc' dir='ltr'><strong>τῷ</strong></span> <span class='ocrx_word' id='word_1_564' title='bbox 920 5064 1113 5137; x_wconf 81' lang='grc' dir='ltr'>δικαίῳ</span> <span class='ocrx_word' id='word_1_565' title='bbox 1144 5068 1252 5120; x_wconf 87' lang='grc' dir='ltr'>τῶν</span> <span class='ocrx_word' id='word_1_566' title='bbox 1285 5068 1745 5139; x_wconf 84' lang='grc' dir='ltr'>παρανομούντων</span> <span class='ocrx_word' id='word_1_567' title='bbox 1789 5066 1849 5119; x_wconf 80' lang='grc' dir='ltr'>τὸ</span> 
     </span>
    </p>
   </div>
   <div class='ocr_carea' id='block_1_89' title="bbox 267 5147 1850 5231">
    <p class='ocr_par' dir='ltr' id='par_1_89' title="bbox 267 5147 1850 5231">
     <span class='ocr_line' id='line_1_89' title="bbox 267 5147 1850 5231; baseline 0.005 -29"><span class='ocrx_word' id='word_1_568' title='bbox 267 5147 547 5221; x_wconf 66' lang='grc' dir='ltr'>ψήφισμα.</span> <span class='ocrx_word' id='word_1_569' title='bbox 581 5151 795 5218; x_wconf 79' lang='grc' dir='ltr'>Παῦλος</span> <span class='ocrx_word' id='word_1_570' title='bbox 837 5156 1022 5221; x_wconf 89' lang='grc' dir='ltr'>πάλιν,</span> <span class='ocrx_word' id='word_1_571' title='bbox 1048 5160 1076 5212; x_wconf 83' lang='grc' dir='ltr'><strong>ό</strong></span> <span class='ocrx_word' id='word_1_572' title='bbox 1106 5161 1279 5228; x_wconf 81' lang='grc' dir='ltr'>μέγας</span> <span class='ocrx_word' id='word_1_573' title='bbox 1318 5161 1414 5215; x_wconf 77' lang='grc' dir='ltr'><strong>καὶ</strong></span> <span class='ocrx_word' id='word_1_574' title='bbox 1448 5160 1700 5231; x_wconf 81' lang='grc' dir='ltr'>λαμπρὸς</span> <span class='ocrx_word' id='word_1_575' title='bbox 1750 5158 1850 5226; x_wconf 79' lang='grc' dir='ltr'>τῆς</span> 
     </span>
    </p>
   </div>
   <div class='ocr_carea' id='block_1_90' title="bbox 262 5241 1851 5321">
    <p class='ocr_par' dir='ltr' id='par_1_90' title="bbox 262 5241 1851 5321">
     <span class='ocr_line' id='line_1_90' title="bbox 262 5241 1851 5321; baseline 0.007 -28"><span class='ocrx_word' id='word_1_576' title='bbox 262 5241 595 5317; x_wconf 80' lang='grc' dir='ltr'>οἰκουμένης</span> <span class='ocrx_word' id='word_1_577' title='bbox 620 5248 816 5319; x_wconf 81' lang='grc' dir='ltr'>κῆρυξ,</span> <span class='ocrx_word' id='word_1_578' title='bbox 844 5252 1166 5321; x_wconf 84' lang='grc' dir='ltr'>παρίστατο,</span> <span class='ocrx_word' id='word_1_579' title='bbox 1198 5255 1294 5307; x_wconf 74' lang='grc' dir='ltr'>καὶ</span> <span class='ocrx_word' id='word_1_580' title='bbox 1322 5250 1594 5318; x_wconf 17' lang='grc' dir='ltr'>ν’Λνανίας,</span> <span class='ocrx_word' id='word_1_581' title='bbox 1624 5255 1652 5306; x_wconf 88' lang='grc' dir='ltr'>ὁ</span> <span class='ocrx_word' id='word_1_582' title='bbox 1684 5253 1851 5305; x_wconf 79' lang='grc' dir='ltr'>καθά-</span> 
     </span>
    </p>
   </div>
   <div class='ocr_carea' id='block_1_91' title="bbox 273 5334 1852 5417">
    <p class='ocr_par' dir='ltr' id='par_1_91' title="bbox 273 5334 1852 5417">
     <span class='ocr_line' id='line_1_91' title="bbox 273 5334 1852 5417; baseline 0.006 -32"><span class='ocrx_word' id='word_1_583' title='bbox 273 5349 378 5405; x_wconf 80' lang='grc' dir='ltr'><strong>περ</strong></span> <span class='ocrx_word' id='word_1_584' title='bbox 399 5334 513 5399; x_wconf 81' lang='grc' dir='ltr'>τοῖς</span> <span class='ocrx_word' id='word_1_585' title='bbox 546 5340 759 5408; x_wconf 84' lang='grc' dir='ltr'>χρόνοις</span> <span class='ocrx_word' id='word_1_586' title='bbox 811 5342 1032 5396; x_wconf 83' lang='grc' dir='ltr'>’Λνάνου</span> <span class='ocrx_word' id='word_1_587' title='bbox 1082 5344 1371 5417; x_wconf 76' lang='grc' dir='ltr'>πρότερος,</span> <span class='ocrx_word' id='word_1_588' title='bbox 1418 5345 1561 5399; x_wconf 78' lang='grc' dir='ltr'>οὕτω</span> <span class='ocrx_word' id='word_1_589' title='bbox 1607 5344 1701 5397; x_wconf 77' lang='grc' dir='ltr'><strong>καὶ</strong></span> <span class='ocrx_word' id='word_1_590' title='bbox 1740 5345 1852 5405; x_wconf 81' lang='grc' dir='ltr'>τοῖς</span> 
     </span>
    </p>
   </div>
   <div class='ocr_carea' id='block_1_92' title="bbox 272 5425 1850 5508">
    <p class='ocr_par' dir='ltr' id='par_1_92' title="bbox 272 5425 1850 5508">
     <span class='ocr_line' id='line_1_92' title="bbox 272 5425 1850 5508; baseline 0.006 -30"><span class='ocrx_word' id='word_1_591' title='bbox 272 5425 497 5492; x_wconf 86' lang='grc' dir='ltr'>τρόποις</span> <span class='ocrx_word' id='word_1_592' title='bbox 531 5429 593 5482; x_wconf 82' lang='grc' dir='ltr'><strong>οὐ</strong></span> <span class='ocrx_word' id='word_1_593' title='bbox 617 5430 890 5504; x_wconf 84' lang='grc' dir='ltr'>δεύτερος,</span> <span class='ocrx_word' id='word_1_594' title='bbox 921 5436 983 5487; x_wconf 79' lang='grc' dir='ltr'><strong>τὸ</strong></span> <span class='ocrx_word' id='word_1_595' title='bbox 1032 5435 1134 5505; x_wconf 76' lang='grc' dir='ltr'>τῆς</span> <span class='ocrx_word' id='word_1_596' title='bbox 1158 5438 1419 5508; x_wconf 83' lang='grc' dir='ltr'>ἀληθείας</span> <span class='ocrx_word' id='word_1_597' title='bbox 1465 5437 1640 5508; x_wconf 89' lang='grc' dir='ltr'>στόμα</span> <span class='ocrx_word' id='word_1_598' title='bbox 1681 5451 1850 5502; x_wconf 83' lang='grc' dir='ltr'>προσ-</span> 
     </span>
    </p>
   </div>
   <div class='ocr_carea' id='block_1_93' title="bbox 278 5514 1852 5601">
    <p class='ocr_par' dir='ltr' id='par_1_93' title="bbox 278 5514 1852 5601">
     <span class='ocr_line' id='line_1_93' title="bbox 278 5514 1852 5601; baseline 0.005 -33"><span class='ocrx_word' id='word_1_599' title='bbox 278 5514 468 5573; x_wconf 77' lang='grc' dir='ltr'>έταττε</span> <span class='ocrx_word' id='word_1_600' title='bbox 501 5520 833 5578; x_wconf 63' lang='grc' dir='ltr'>τύπτεσθαι*</span> <span class='ocrx_word' id='word_1_601' title='bbox 878 5526 1015 5582; x_wconf 81' lang='grc' dir='ltr'><strong>ἀλλά</strong></span> <span class='ocrx_word' id='word_1_602' title='bbox 1063 5528 1277 5584; x_wconf 83' lang='grc' dir='ltr'>Παύλου</span> <span class='ocrx_word' id='word_1_603' title='bbox 1315 5531 1596 5601; x_wconf 73' lang='grc' dir='ltr'>μνησθεὶς,</span> <span class='ocrx_word' id='word_1_604' title='bbox 1642 5525 1852 5579; x_wconf 84' lang='grc' dir='ltr'>πολλῶν</span> 
     </span>
    </p>
   </div>
   <div class='ocr_carea' id='block_1_94' title="bbox 1948 4320 3541 4389">
    <p class='ocr_par' dir='ltr' id='par_1_94' title="bbox 1948 4320 3541 4389">
     <span class='ocr_line' id='line_1_94' title="bbox 1948 4320 3541 4389; baseline -0.004 -10"><span class='ocrx_word' id='word_1_605' title='bbox 1948 4326 2101 4389; x_wconf 88' lang='lat' dir='ltr'><strong>bant,</strong></span> <span class='ocrx_word' id='word_1_606' title='bbox 2147 4324 2362 4379; x_wconf 88' lang='lat' dir='ltr'><strong>astabat</strong></span> <span class='ocrx_word' id='word_1_607' title='bbox 2422 4334 2582 4376; x_wconf 90' lang='lat' dir='ltr'><strong>meus</strong></span> <span class='ocrx_word' id='word_1_608' title='bbox 2622 4320 2890 4374; x_wconf 89' lang='lat' dir='ltr'><strong>Dominus</strong></span> <span class='ocrx_word' id='word_1_609' title='bbox 2923 4321 3083 4385; x_wconf 88' lang='lat' dir='ltr'><strong>Deus,</strong></span> <span class='ocrx_word' id='word_1_610' title='bbox 3130 4328 3186 4373; x_wconf 88' lang='lat' dir='ltr'><strong>et</strong></span> <span class='ocrx_word' id='word_1_611' title='bbox 3230 4320 3541 4374; x_wconf 85' lang='lat' dir='ltr'><strong>communis</strong></span> 
     </span>
    </p>
   </div>
   <div class='ocr_carea' id='block_1_95' title="bbox 1944 4412 3535 4483">
    <p class='ocr_par' dir='ltr' id='par_1_95' title="bbox 1944 4412 3535 4483">
     <span class='ocr_line' id='line_1_95' title="bbox 1944 4412 3535 4483; baseline -0.006 -11"><span class='ocrx_word' id='word_1_612' title='bbox 1944 4419 2073 4473; x_wconf 89' lang='lat' dir='ltr'><strong>olim</strong></span> <span class='ocrx_word' id='word_1_613' title='bbox 2130 4416 2375 4470; x_wconf 88' lang='lat' dir='ltr'><strong>omnium</strong></span> <span class='ocrx_word' id='word_1_614' title='bbox 2423 4414 2638 4469; x_wconf 79' lang='lat' dir='ltr'><strong>futurus</strong></span> <span class='ocrx_word' id='word_1_615' title='bbox 2696 4412 3167 4483; x_wconf 75' lang='lat' dir='ltr'><strong>judex,&#39;examini</strong></span> <span class='ocrx_word' id='word_1_616' title='bbox 3232 4412 3535 4479; x_wconf 84' lang='lat' dir='ltr'><strong>subjectus.</strong></span> 
     </span>
    </p>
   </div>
   <div class='ocr_carea' id='block_1_96' title="bbox 1945 4502 3535 4578">
    <p class='ocr_par' dir='ltr' id='par_1_96' title="bbox 1945 4502 3535 4578">
     <span class='ocr_line' id='line_1_96' title="bbox 1945 4502 3535 4578; baseline -0.004 -16"><span class='ocrx_word' id='word_1_617' title='bbox 1945 4508 2258 4578; x_wconf 83' lang='lat' dir='ltr'><strong>Stephanus</strong></span> <span class='ocrx_word' id='word_1_618' title='bbox 2278 4506 2367 4560; x_wconf 90' lang='lat' dir='ltr'><strong>ille</strong></span> <span class='ocrx_word' id='word_1_619' title='bbox 2393 4505 2636 4576; x_wconf 86' lang='lat' dir='ltr'><strong>martyrii</strong></span> <span class='ocrx_word' id='word_1_620' title='bbox 2661 4504 2941 4559; x_wconf 83' lang='lat' dir='ltr'><strong>lemniscis</strong></span> <span class='ocrx_word' id='word_1_621' title='bbox 2958 4503 3219 4557; x_wconf 84' lang='lat' dir='ltr'><strong>etadorea</strong></span> <span class='ocrx_word' id='word_1_622' title='bbox 3246 4502 3535 4572; x_wconf 86' lang='lat' dir='ltr'><strong>gloriosus,</strong></span> 
     </span>
    </p>
   </div>
   <div class='ocr_carea' id='block_1_97' title="bbox 1946 4594 3530 4671">
    <p class='ocr_par' dir='ltr' id='par_1_97' title="bbox 1946 4594 3530 4671">
     <span class='ocr_line' id='line_1_97' title="bbox 1946 4594 3530 4671; baseline -0.005 -18"><span class='ocrx_word' id='word_1_623' title='bbox 1946 4615 2049 4671; x_wconf 89' lang='lat' dir='ltr'><strong>pro</strong></span> <span class='ocrx_word' id='word_1_624' title='bbox 2094 4598 2355 4653; x_wconf 89' lang='lat' dir='ltr'><strong>tribunali</strong></span> <span class='ocrx_word' id='word_1_625' title='bbox 2405 4598 2601 4659; x_wconf 88' lang='lat' dir='ltr'><strong>stetit,</strong></span> <span class='ocrx_word' id='word_1_626' title='bbox 2652 4604 2708 4649; x_wconf 91' lang='lat' dir='ltr'><strong>et</strong></span> <span class='ocrx_word' id='word_1_627' title='bbox 2756 4595 3052 4650; x_wconf 89' lang='lat' dir='ltr'><strong>concilium</strong></span> <span class='ocrx_word' id='word_1_628' title='bbox 3111 4594 3530 4656; x_wconf 87' lang='lat' dir='ltr'><strong>homicidarum,</strong></span> 
     </span>
    </p>
   </div>
   <div class='ocr_carea' id='block_1_98' title="bbox 1946 4683 3529 4747">
    <p class='ocr_par' dir='ltr' id='par_1_98' title="bbox 1946 4683 3529 4747">
     <span class='ocr_line' id='line_1_98' title="bbox 1946 4683 3529 4747; baseline -0.007 -1"><span class='ocrx_word' id='word_1_629' title='bbox 1946 4693 2204 4747; x_wconf 88' lang='lat' dir='ltr'><strong>athletam</strong></span> <span class='ocrx_word' id='word_1_630' title='bbox 2234 4691 2386 4745; x_wconf 92' lang='lat' dir='ltr'><strong>illum</strong></span> <span class='ocrx_word' id='word_1_631' title='bbox 2435 4690 2502 4743; x_wconf 89' lang='lat' dir='ltr'><strong>de</strong></span> <span class='ocrx_word' id='word_1_632' title='bbox 2523 4687 2724 4743; x_wconf 87' lang='lat' dir='ltr'><strong>Christi</strong></span> <span class='ocrx_word' id='word_1_633' title='bbox 2756 4686 3043 4740; x_wconf 87' lang='lat' dir='ltr'><strong>divinitate</strong></span> <span class='ocrx_word' id='word_1_634' title='bbox 3076 4683 3529 4747; x_wconf 87' lang='lat' dir='ltr'><strong>concionantem,</strong></span> 
     </span>
    </p>
   </div>
   <div class='ocr_carea' id='block_1_99' title="bbox 1948 4777 3539 4856">
    <p class='ocr_par' dir='ltr' id='par_1_99' title="bbox 1948 4777 3539 4856">
     <span class='ocr_line' id='line_1_99' title="bbox 1948 4777 3539 4856; baseline -0.006 -17"><span class='ocrx_word' id='word_1_635' title='bbox 1948 4786 2223 4856; x_wconf 86' lang='lat' dir='ltr'><strong>lapidibus</strong></span> <span class='ocrx_word' id='word_1_636' title='bbox 2261 4785 2587 4839; x_wconf 88' lang='lat' dir='ltr'><strong>obruerunt.</strong></span> <span class='ocrx_word' id='word_1_637' title='bbox 2620 4781 2857 4836; x_wconf 78' lang='lat' dir='ltr'><strong>Jacobus</strong></span> <span class='ocrx_word' id='word_1_638' title='bbox 2886 4780 2979 4833; x_wconf 91' lang='lat' dir='ltr'><strong>ille</strong></span> <span class='ocrx_word' id='word_1_639' title='bbox 3025 4778 3281 4848; x_wconf 85' lang='lat' dir='ltr'><strong>princeps</strong></span> <span class='ocrx_word' id='word_1_640' title='bbox 3326 4777 3539 4847; x_wconf 82' lang='lat' dir='ltr'><strong>episco—</strong></span> 
     </span>
    </p>
   </div>
   <div class='ocr_carea' id='block_1_100' title="bbox 1949 4870 3538 4949">
    <p class='ocr_par' dir='ltr' id='par_1_100' title="bbox 1949 4870 3538 4949">
     <span class='ocr_line' id='line_1_100' title="bbox 1949 4870 3538 4949; baseline -0.008 -17"><span class='ocrx_word' id='word_1_641' title='bbox 1949 4894 2167 4949; x_wconf 89' lang='lat' dir='ltr'><strong>porum,</strong></span> <span class='ocrx_word' id='word_1_642' title='bbox 2189 4877 2390 4947; x_wconf 82' lang='lat' dir='ltr'><strong>quique</strong></span> <span class='ocrx_word' id='word_1_643' title='bbox 2417 4876 2488 4929; x_wconf 88' lang='lat' dir='ltr'><strong>de</strong></span> <span class='ocrx_word' id='word_1_644' title='bbox 2518 4888 2686 4928; x_wconf 86' lang='lat' dir='ltr'><strong>manu</strong></span> <span class='ocrx_word' id='word_1_645' title='bbox 2710 4871 2923 4927; x_wconf 89' lang='lat' dir='ltr'><strong>Domini</strong></span> <span class='ocrx_word' id='word_1_646' title='bbox 2960 4870 3274 4924; x_wconf 86' lang='lat' dir='ltr'><strong>unctionem</strong></span> <span class='ocrx_word' id='word_1_647' title='bbox 3302 4884 3538 4933; x_wconf 89' lang='lat' dir='ltr'><strong>sacram,</strong></span> 
     </span>
    </p>
   </div>
   <div class='ocr_carea' id='block_1_101' title="bbox 1949 4962 3540 5039">
    <p class='ocr_par' dir='ltr' id='par_1_101' title="bbox 1949 4962 3540 5039">
     <span class='ocr_line' id='line_1_101' title="bbox 1949 4962 3540 5039; baseline -0.008 -14"><span class='ocrx_word' id='word_1_648' title='bbox 1949 4980 2005 5026; x_wconf 91' lang='lat' dir='ltr'><strong>et</strong></span> <span class='ocrx_word' id='word_1_649' title='bbox 2048 4968 2601 5039; x_wconf 83' lang='lat' dir='ltr'><strong>Hierosolymitanum</strong></span> <span class='ocrx_word' id='word_1_650' title='bbox 2634 4965 2989 5036; x_wconf 72' lang='lat' dir='ltr'><strong>praesulatum</strong></span> <span class='ocrx_word' id='word_1_651' title='bbox 3023 4962 3255 5031; x_wconf 88' lang='lat' dir='ltr'><strong>accepit,</strong></span> <span class='ocrx_word' id='word_1_652' title='bbox 3300 4976 3399 5031; x_wconf 90' lang='lat' dir='ltr'><strong>pro</strong></span> <span class='ocrx_word' id='word_1_653' title='bbox 3441 4962 3540 5014; x_wconf 85' lang='lat' dir='ltr'><strong>tri-</strong></span> 
     </span>
    </p>
   </div>
   <div class='ocr_carea' id='block_1_102' title="bbox 1951 5056 3536 5125">
    <p class='ocr_par' dir='ltr' id='par_1_102' title="bbox 1951 5056 3536 5125">
     <span class='ocr_line' id='line_1_102' title="bbox 1951 5056 3536 5125; baseline -0.007 -6"><span class='ocrx_word' id='word_1_654' title='bbox 1951 5064 2136 5119; x_wconf 88' lang='lat' dir='ltr'><strong>bunali</strong></span> <span class='ocrx_word' id='word_1_655' title='bbox 2195 5062 2373 5125; x_wconf 68' lang='lat' dir='ltr'><strong>stetit;</strong></span> <span class='ocrx_word' id='word_1_656' title='bbox 2421 5069 2476 5115; x_wconf 90' lang='lat' dir='ltr'><strong>et</strong></span> <span class='ocrx_word' id='word_1_657' title='bbox 2544 5058 2783 5113; x_wconf 84' lang='lat' dir='ltr'><strong>Ananias</strong></span> <span class='ocrx_word' id='word_1_658' title='bbox 2832 5056 3162 5111; x_wconf 70' lang='lat' dir='ltr'><strong>Sadducazus</strong></span> <span class='ocrx_word' id='word_1_659' title='bbox 3208 5068 3536 5108; x_wconf 87' lang='lat' dir='ltr'><strong>consessum</strong></span> 
     </span>
    </p>
   </div>
   <div class='ocr_carea' id='block_1_103' title="bbox 1951 5143 3540 5226">
    <p class='ocr_par' dir='ltr' id='par_1_103' title="bbox 1951 5143 3540 5226">
     <span class='ocr_line' id='line_1_103' title="bbox 1951 5143 3540 5226; baseline -0.009 -18"><span class='ocrx_word' id='word_1_660' title='bbox 1951 5154 2322 5226; x_wconf 84' lang='lat' dir='ltr'><strong>congregavit,</strong></span> <span class='ocrx_word' id='word_1_661' title='bbox 2375 5166 2407 5205; x_wconf 89' lang='lat' dir='ltr'><strong>a</strong></span> <span class='ocrx_word' id='word_1_662' title='bbox 2463 5165 2573 5219; x_wconf 90' lang='lat' dir='ltr'><strong>quo</strong></span> <span class='ocrx_word' id='word_1_663' title='bbox 2618 5163 2771 5203; x_wconf 89' lang='lat' dir='ltr'><strong>mors</strong></span> <span class='ocrx_word' id='word_1_664' title='bbox 2826 5146 3228 5201; x_wconf 85' lang='lat' dir='ltr'><strong>decernebatur</strong></span> <span class='ocrx_word' id='word_1_665' title='bbox 3278 5143 3540 5198; x_wconf 89' lang='lat' dir='ltr'><strong>continuo</strong></span> 
     </span>
    </p>
   </div>
   <div class='ocr_carea' id='block_1_104' title="bbox 1952 5237 3534 5314">
    <p class='ocr_par' dir='ltr' id='par_1_104' title="bbox 1952 5237 3534 5314">
     <span class='ocr_line' id='line_1_104' title="bbox 1952 5237 3534 5314; baseline -0.008 -15"><span class='ocrx_word' id='word_1_666' title='bbox 1952 5253 2142 5299; x_wconf 89' lang='lat' dir='ltr'><strong>contra</strong></span> <span class='ocrx_word' id='word_1_667' title='bbox 2180 5246 2358 5299; x_wconf 87' lang='lat' dir='ltr'><strong>virum</strong></span> <span class='ocrx_word' id='word_1_668' title='bbox 2400 5244 2608 5314; x_wconf 88' lang='lat' dir='ltr'><strong>justum</strong></span> <span class='ocrx_word' id='word_1_669' title='bbox 2657 5238 2811 5309; x_wconf 90' lang='lat' dir='ltr'><strong>quasi</strong></span> <span class='ocrx_word' id='word_1_670' title='bbox 2868 5237 3002 5308; x_wconf 83' lang='lat' dir='ltr'><strong>legis</strong></span> <span class='ocrx_word' id='word_1_671' title='bbox 3049 5246 3534 5307; x_wconf 87' lang='lat' dir='ltr'><strong>transgressorem.</strong></span> 
     </span>
    </p>
   </div>
   <div class='ocr_carea' id='block_1_105' title="bbox 1948 5327 3539 5406">
    <p class='ocr_par' dir='ltr' id='par_1_105' title="bbox 1948 5327 3539 5406">
     <span class='ocr_line' id='line_1_105' title="bbox 1948 5327 3539 5406; baseline -0.008 -14"><span class='ocrx_word' id='word_1_672' title='bbox 1948 5338 2154 5392; x_wconf 73' lang='lat' dir='ltr'><strong>Paulus</strong></span> <span class='ocrx_word' id='word_1_673' title='bbox 2186 5337 2276 5391; x_wconf 90' lang='lat' dir='ltr'><strong>ille</strong></span> <span class='ocrx_word' id='word_1_674' title='bbox 2304 5350 2532 5406; x_wconf 84' lang='lat' dir='ltr'><strong>magnus</strong></span> <span class='ocrx_word' id='word_1_675' title='bbox 2560 5341 2616 5387; x_wconf 90' lang='lat' dir='ltr'><strong>et</strong></span> <span class='ocrx_word' id='word_1_676' title='bbox 2671 5331 2900 5387; x_wconf 84' lang='lat' dir='ltr'><strong>illustris</strong></span> <span class='ocrx_word' id='word_1_677' title='bbox 2943 5330 3112 5384; x_wconf 85' lang='lat' dir='ltr'><strong>totius</strong></span> <span class='ocrx_word' id='word_1_678' title='bbox 3158 5327 3309 5382; x_wconf 90' lang='lat' dir='ltr'><strong>orbis</strong></span> <span class='ocrx_word' id='word_1_679' title='bbox 3356 5340 3539 5395; x_wconf 63' lang='lat' dir='ltr'><strong>prteco</strong></span> 
     </span>
    </p>
   </div>
   <div class='ocr_carea' id='block_1_106' title="bbox 1952 5418 3538 5497">
    <p class='ocr_par' dir='ltr' id='par_1_106' title="bbox 1952 5418 3538 5497">
     <span class='ocr_line' id='line_1_106' title="bbox 1952 5418 3538 5497; baseline -0.01 -12"><span class='ocrx_word' id='word_1_680' title='bbox 1952 5431 2144 5495; x_wconf 86' lang='lat' dir='ltr'><strong>astitit,</strong></span> <span class='ocrx_word' id='word_1_681' title='bbox 2179 5439 2235 5483; x_wconf 93' lang='lat' dir='ltr'><strong>et</strong></span> <span class='ocrx_word' id='word_1_682' title='bbox 2256 5430 2514 5491; x_wconf 82' lang='lat' dir='ltr'><strong>Ananias,</strong></span> <span class='ocrx_word' id='word_1_683' title='bbox 2543 5426 2635 5497; x_wconf 88' lang='lat' dir='ltr'><strong>qui</strong></span> <span class='ocrx_word' id='word_1_684' title='bbox 2659 5433 2904 5495; x_wconf 87' lang='lat' dir='ltr'><strong>tempore</strong></span> <span class='ocrx_word' id='word_1_685' title='bbox 2922 5431 2982 5477; x_wconf 89' lang='lat' dir='ltr'><strong>ut</strong></span> <span class='ocrx_word' id='word_1_686' title='bbox 3016 5419 3293 5491; x_wconf 68' lang='lat' dir='ltr'><strong>praecessit</strong></span> <span class='ocrx_word' id='word_1_687' title='bbox 3323 5418 3538 5482; x_wconf 74' lang='lat' dir='ltr'><strong>Anann,</strong></span> 
     </span>
    </p>
   </div>
   <div class='ocr_carea' id='block_1_107' title="bbox 1955 5508 3539 5580">
    <p class='ocr_par' dir='ltr' id='par_1_107' title="bbox 1955 5508 3539 5580">
     <span class='ocr_line' id='line_1_107' title="bbox 1955 5508 3539 5580; baseline -0.01 -1"><span class='ocrx_word' id='word_1_688' title='bbox 1955 5525 2026 5579; x_wconf 88' lang='lat' dir='ltr'><strong>ita</strong></span> <span class='ocrx_word' id='word_1_689' title='bbox 2068 5522 2316 5577; x_wconf 85' lang='lat' dir='ltr'><strong>moribus</strong></span> <span class='ocrx_word' id='word_1_690' title='bbox 2339 5520 2415 5575; x_wconf 91' lang='lat' dir='ltr'><strong>illi</strong></span> <span class='ocrx_word' id='word_1_691' title='bbox 2456 5518 2729 5575; x_wconf 85' lang='lat' dir='ltr'><strong>secundus</strong></span> <span class='ocrx_word' id='word_1_692' title='bbox 2770 5515 2917 5573; x_wconf 88' lang='lat' dir='ltr'><strong>haud</strong></span> <span class='ocrx_word' id='word_1_693' title='bbox 2945 5512 3177 5580; x_wconf 77' lang='lat' dir='ltr'><strong>exstitit,</strong></span> <span class='ocrx_word' id='word_1_694' title='bbox 3206 5508 3451 5567; x_wconf 82' lang='lat' dir='ltr'><strong>veritatis</strong></span> <span class='ocrx_word' id='word_1_695' title='bbox 3474 5523 3539 5563; x_wconf 86' lang='lat' dir='ltr'><strong>os</strong></span> 
     </span>
    </p>
   </div>
   <div class='ocr_carea' id='block_1_108' title="bbox 1576 5692 2257 5753">
    <p class='ocr_par' dir='ltr' id='par_1_108' title="bbox 1576 5692 2257 5753">
     <span class='ocr_line' id='line_1_108' title="bbox 1576 5692 2257 5753; baseline -0.006 -2"><span class='ocrx_word' id='word_1_696' title='bbox 1576 5696 1811 5752; x_wconf 67' lang='lat' dir='ltr'><strong>VARIAS</strong></span> <span class='ocrx_word' id='word_1_697' title='bbox 1854 5692 2257 5753; x_wconf 78' lang='lat' dir='ltr'><strong>LECTIONES.</strong></span> 
     </span>
    </p>
   </div>
   <div class='ocr_carea' id='block_1_109' title="bbox 357 5851 916 5921">
    <p class='ocr_par' dir='ltr' id='par_1_109' title="bbox 357 5851 916 5921">
     <span class='ocr_line' id='line_1_109' title="bbox 357 5851 916 5921; baseline 0.011 -19"><span class='ocrx_word' id='word_1_698' title='bbox 357 5859 379 5888; x_wconf 80' lang='grc' dir='ltr'><strong><em>ι</em></strong></span> <span class='ocrx_word' id='word_1_699' title='bbox 407 5851 662 5921; x_wconf 77' lang='grc' dir='ltr'>ήρετίσω,</span> <span class='ocrx_word' id='word_1_700' title='bbox 696 5851 916 5911; x_wconf 70' lang='grc' dir='ltr'>Πωδϐὶι.</span> 
     </span>
    </p>
   </div>
  </div>
