4024 6428
483 367 590 435 891

1646 363 1911 427 ΡΗΟΤΙΙ
1940 357 2447 424 PATRIARCHIE
2485 358 2600 422 CP.

3647 345 3753 413 892

483 485 617 541 illud
647 483 845 557 pugnis
866 483 1000 542 cadi
1021 483 1248 554 jubebat
1277 500 1290 536 :
1322 481 1473 538 Pauli
1507 488 1692 537 autem
1731 480 1825 536 ubi
1866 479 2068 548 injecta

2178 468 2423 524 τοιούτων
2453 470 2708 542 εὑρήσεις
2739 468 3032 542 συνεδρίων
3055 463 3454 557 ἀπαρίθμησιν.
3479 463 3546 518 Τί
3671 463 3754 518 δεῖ

482 587 568 632 est
591 578 817 641 mentio,
849 576 1012 632 simul
1041 575 1211 629 multa
1237 573 1505 644 ejusmodi
1533 571 1765 628 concilia
1793 571 1848 625 in
1875 583 2073 623 nume-

487 678 604 722 rato
677 667 1231 738 repraesentabantur.
1272 665 1412 732 Quid
1439 663 1640 720 viritim
1660 662 1905 734 singulos
1950 675 2076 730 per-

485 775 712 815 censere
736 761 910 831 opus?
937 759 1229 815 crudelitas
1250 767 1305 813 et
1329 757 1481 812 furor
1508 756 1601 810 ille
1626 754 1856 809 insanus
1882 766 2074 823 perse-

488 860 740 904 cuturum
804 858 860 904 et
917 859 1271 920 tyrannorum
1328 860 1817 918 quorumcunque,
1884 853 2073 899 contra

483 939 690 994 Christi
742 947 1008 1009 martyres
1071 948 1126 994 et
1195 937 1580 1004 confessores,
1640 939 1910 993 illustrem
1972 935 2070 990 tibi

489 1030 736 1102 praeclari
783 1031 942 1086 istius
975 1033 1207 1101 jconcilii
1256 1030 1795 1102 repraesentationem
1841 1028 2071 1085 dabunt.

489 1121 646 1177 Patet
680 1122 825 1177 enim
855 1122 1002 1193 quod
1045 1122 1098 1176 in
1149 1123 1254 1178 illis
1301 1122 1574 1186 homines,
1631 1137 1741 1176 non
1791 1136 1921 1186 una,
1979 1128 2074 1175 aut

483 1213 724 1284 simplici
770 1222 983 1268 tantum
1034 1222 1210 1268 morte
1248 1212 1419 1282 digni,
1457 1212 1552 1268 sed
1590 1211 1900 1282 multiplici,
1944 1225 2070 1266 cum

485 1301 849 1372 superciliosa
904 1301 1138 1371 quadam
1190 1301 1456 1371 gravitate
1497 1315 1598 1369 pro
1639 1296 1897 1354 tribunali
1938 1310 2072 1352 con-

494 1392 756 1456 sederint,
789 1392 1156 1464 legislatorum
1188 1399 1241 1446 et
1265 1390 1512 1460 judicum
1546 1405 1749 1444 nomen
1779 1388 1989 1456 induti;
2018 1395 2075 1445 et

495 1484 596 1548 illi,
640 1484 838 1554 quibus
881 1483 1118 1538 mundus
1177 1482 1323 1537 haud
1373 1481 1570 1554 dignus
1614 1482 1750 1548 fuit,
1799 1482 2076 1538 astiterint

493 1575 711 1645 capitali
743 1575 1014 1630 sententia
1047 1573 1311 1628 damnati.
1344 1572 1464 1627 Noli
1505 1572 1672 1644 igitur
1715 1573 1877 1628 rebus
1906 1572 2073 1644 gestis

492 1664 657 1719 nimis
684 1666 1036 1720 vehementer
1063 1664 1294 1734 percuti,
1325 1663 1422 1718 sed
1454 1677 1558 1718 nec
1604 1661 1699 1718 Dei
1752 1663 2072 1733 patientiam

484 1767 547 1812 et
571 1757 1036 1827 longanimitatem
1066 1757 1121 1810 in
1154 1755 1221 1810 iis
1250 1753 1552 1810 tolerandis
1577 1755 1656 1810 sic
1688 1754 2068 1825 interpretare,

2176 561 2274 615 καὶ
2304 561 2424 614 κατ’
2451 560 2620 632 ἄνδρα
2638 561 2820 630 λέγειν
2841 579 2858 629 ;
2882 562 3036 616 πᾶσα
3085 558 3194 612 τῶν
3227 556 3478 614 διωκτῶν
3508 555 3608 609 καὶ
3655 572 3751 608 τυ-

2175 651 2404 721 ράννων,
2433 652 2632 722 ἠκατά
2656 651 2768 707 τῶν
2799 649 3147 723 ὁμλογητῶν
3192 645 3430 718 Χριστοῦ
3467 647 3563 700 καὶ
3606 663 3752 718 μαρ-

2173 741 2374 810 τύρων,
2418 741 2641 814 ὠμότης
2679 743 2776 798 καὶ
2814 743 3064 806 ἀπόνοια,
3112 739 3345 812 ὑπάρξει
3371 755 3455 792 σοι
3487 737 3584 791 τοῦ
3607 738 3752 809 λαμ-

2174 837 2313 909 προῦ
2343 837 2530 892 τούτου
2573 839 2851 912 συνεδρίου
2932 837 3374 910 παραδείγματα.
3441 834 3531 888 Ἐν
3580 834 3752 889 ἆπασι

2173 932 2282 1002 γὰρ
2313 932 2542 996 ἐκείνοις
2561 931 2745 1003 δῆλον,
2773 932 2944 999 ὡς,.οῖ
2986 929 3086 1003 μὲν
3107 928 3208 1000 οὐχ
3241 927 3412 994 άπαξ,
3447 926 3586 982 ἀλλά
3616 926 3749 981 πολ-

2173 1024 2331 1088 λάκις
2366 1025 2546 1079 θανεῖν
2583 1024 2723 1090 ἀξιοι
2782 1024 2922 1096 μετά
2966 1021 3202 1094 σοϐαροῦ
3245 1021 3343 1076 τοῦ
3402 1021 3753 1092 φρονήματος

2173 1117 2570 1189 προεκάθηντο,
2597 1116 2904 1190 νομοθετῶν
2937 1116 3036 1171 καὶ
3060 1117 3266 1187 κριτῶν
3287 1112 3588 1187 περιϐεϐλη
3598 1111 3751 1183 μένοι

2171 1209 2373 1280 ὅνομα⁸
2406 1203 2481 1264 ὧν
2534 1209 2580 1263 δ’
2607 1210 2708 1265 οὑκ
2760 1204 2830 1281 ῆν
2882 1209 3032 1275 ἄξιος
3079 1209 3190 1264 οὐδ’
3230 1207 3396 1272 αὐτὸς
3449 1206 3479 1260 ὁ
3523 1206 3752 1276 κόσμος,

2174 1302 2525 1373 παρεστῶτες
2545 1302 2645 1372 τὴν
2680 1302 2773 1356 ἐπὶ
2815 1302 3031 1374 θανάτῳ
3073 1300 3480 1372 κατεκρίνοντο.
3533 1297 3751 1366 Μηκέτι

2173 1394 2269 1449 οῦν
2311 1395 2580 1465 ὲκπλήτου
2619 1407 2646 1436 ι
2669 1396 2782 1460 τοῖς
2826 1394 3276 1467 τετολμημένοις,
3323 1393 3462 1465 μηδὲ
3517 1389 3617 1462 τὴν
3665 1388 3753 1442 ἐπ’

2174 1485 2357 1550 αὐτοῖς
2376 1485 2572 1558 ἀνοχὴν
2596 1485 2692 1539 τοῦ
2714 1484 2852 1541 Θεοῦ
2878 1485 2978 1542 καὶ
3010 1485 3400 1558 μακροθυμίαν
3424 1479 3750 1553 ἐγκατάλει-

2173 1578 2267 1649 ψιν
2309 1579 2474 1634 αὐτοῦ
2529 1579 2718 1653 νόμιζε
2763 1579 2871 1635 τῶν
2923 1579 3304 1650 ἀνθρωπίνων.
3367 1577 3442 1632 Οὑ
3506 1575 3618 1646 γὰρ
3675 1575 3756 1636 εἰς

2173 1671 2602 1744 ἀνεπιστάτητον
2657 1671 2755 1728 καὶ
2807 1672 3145 1743 ἀπρονόητον
3199 1671 3295 1726 νῦν
3348 1669 3514 1724 ποθεν
3550 1668 3620 1723 τά
3655 1667 3758 1736 τῆς

2175 1761 2434 1833 προνοίας
2465 1763 2754 1834 περιέστη.
2790 1762 2905 1817 Ἀεὶ
2935 1762 2994 1816 δὲ
3033 1761 3102 1816 τά
3151 1760 3401 1833 ἡμέτερα
3451 1760 3591 1830 σοφῇ
3647 1773 3758 1810 τινι

487 1845 644 1917 quasi
689 1862 871 1901 rerum
925 1845 1288 1899 humanarum
1336 1852 1483 1900 esset
1525 1844 1806 1900 derelictio
1843 1863 1856 1900 :
1892 1859 2071 1914 neque

2178 1852 2264 1906 καὶ
2288 1853 2584 1926 ἀπορρήτῳ
2618 1855 2712 1909 καὶ
2737 1855 2880 1927 ὑπὲρ
2903 1854 3048 1919 νοῦν,
3076 1855 3169 1908 ἐπὶ
3194 1854 3256 1908 τὸ
3285 1852 3508 1925 ἄριστόν
3557 1867 3620 1903 τε
3661 1847 3758 1903 καὶ

487 1938 638 1993 enim
683 1953 782 2008 per
825 1938 942 1993 haec
988 1946 1234 2008 tempora
1281 1936 1466 1992 divina
1514 1937 1855 2007 providentia
1900 1938 2064 1994 rebus

2179 1941 2624 2014 θαυμασιώτατον
2649 1945 2993 2018 μεθοδεύεται
3027 1944 3331 2018 οἰκονομίᾳ.

488 2049 745 2106 praeesse,
781 2043 875 2090 aut
902 2050 996 2090 eas
1035 2049 1330 2105 procurare
1375 2033 1621 2102 destitit;
1669 2050 1796 2089 nam
1828 2035 1920 2106 qui
1959 2036 2156 2108 poterit
2218 2039 2350 2096 illud
2399 2042 2564 2098 ﬁeri?
2598 2042 2707 2100 Sed
2759 2043 2834 2099 ita
2863 2053 2968 2110 est,
3009 2043 3344 2114 dispensatio
3415 2041 3601 2097 divina
3668 2051 3760 2093 res

485 2135 705 2184 nostras
729 2128 1004 2200 sapienter
1037 2136 1093 2182 et
1119 2126 1378 2182 ineffabili
1417 2127 1603 2196 modo,
1649 2142 1815 2199 supra
1841 2138 2064 2200 captum
2101 2129 2427 2201 humanum,
2461 2133 2728 2206 optimum
2765 2143 2821 2192 et
2848 2134 3155 2190 mirandum
3183 2134 3241 2189 in
3264 2132 3488 2190 modum
3548 2128 3756 2202 dirigit.

1007 2240 1230 2297 EPlST.
1267 2239 1557 2298 LXXXIV.

1173 2333 1384 2390 Eidem.

2776 2245 3003 2306 ΕΠΙΣΤ.
3033 2246 3158 2302 ΠΔ’.

2838 2335 2926 2403 Τῷ
2958 2335 3140 2402 αὐτῷ.

1721 2423 1988 2476 Montacut.
2014 2425 2120 2490 (ep.
2141 2426 2250 2490 118,
2269 2441 2320 2492 p.
2342 2425 2476 2492 159).

569 2523 887 2592 Enimvero,
923 2525 1051 2581 licet
1085 2525 1370 2596 hucusque
1413 2541 1525 2580 non
1564 2525 1634 2582 sit
1669 2525 1928 2582 audacter
1957 2535 2082 2582 teu-

489 2630 684 2687 tatum,
713 2629 768 2676 et
783 2621 901 2676 sine
921 2619 1170 2690 exemplo
1189 2619 1280 2685 sit,
1302 2625 1363 2673 ut
1382 2616 1774 2674 lsmaelitarum
1794 2619 2081 2674 atheorum

489 2712 650 2784 legati
685 2723 741 2766 et
766 2712 1071 2767 administri
1134 2711 1187 2765 in
1243 2709 1689 2780 archiepisc0pos
1721 2709 2078 2780 reﬁngantur,

2267 2530 2434 2585 ’Δλλά
2450 2529 2561 2601 γὰρ
2599 2529 2650 2584 εί
2677 2530 2773 2584 καὶ
2805 2528 2971 2600 μέχρι
3031 2524 3127 2581 νῦν
3174 2525 3235 2579 οὐ
3265 2523 3619 2595 τετόλμηται,
3646 2519 3760 2574 οὐδ’

2183 2621 2331 2675 ἐστὶν
2372 2621 2496 2692 έχον
2540 2621 2568 2661 δ
2593 2620 2967 2692 παράδειγμα,
3010 2615 3370 2689 Ἰσμαηλιτῶν
3410 2613 3587 2668 ἀθέων
3625 2614 3759 2684 πρέ-

2183 2714 2331 2776 σϐεις
2355 2713 2450 2766 καὶ
2484 2711 2786 2785 ὑπηρέτας,
2816 2711 2896 2774 είς
2926 2707 3347 2782 ἀρχιερατικοὺς
3361 2706 3562 2776 ἀνδρας
3594 2721 3758 2776 μετα-

490 2813 548 2859 et
597 2814 654 2859 ut
696 2803 1154 2875 patriarchalibus
1206 2801 1582 2874 praerogativis
1634 2811 1988 2870 exornentur,
2022 2810 2078 2858 et

2181 2803 2404 2868 πλάσαι,
2435 2803 2531 2857 καὶ
2562 2802 2940 2874 πατριαρχικά
2964 2801 3184 2865 τούτοις
3203 2797 3481 2870 προνόμια
3505 2814 3575 2850 πε
3585 2797 3754 2868 ριθεῖ-

490 2896 797 2952 admirandi
852 2895 1095 2965 ipsorum
1149 2893 1368 2949 concilii
1423 2893 1680 2963 praesides
1737 2891 1896 2959 ﬁant;
1967 2892 2080 2948 noli

493 2996 676 3042 tamen
715 2995 773 3042 ut
809 2987 1012 3056 hospes
1050 2985 1152 3041 hac
1200 2985 1258 3040 in
1308 2999 1369 3040 re
1438 2985 1646 3040 versari
1688 2984 1928 3052 diutius;
1992 2999 2082 3040 re-

490 3079 880 3150 spondetenim
911 3077 1123 3133 caeteris
1153 3076 1400 3147 ipsorum
1430 3077 1695 3143 audaciis,
1719 3077 2083 3147 sciebantque

491 3171 781 3226 sacerdotii
813 3171 1064 3243 gratiam,
1097 3178 1153 3225 et
1189 3168 1321 3240 ipsis
1347 3177 1405 3224 et
1431 3169 1538 3224 illis
1567 3185 1636 3225 ex
1669 3185 1826 3240 aequo
1857 3169 2080 3236 factam,

490 3270 805 3332 competere
832 3281 846 3318 :
879 3278 988 3317 non
1019 3269 1179 3317 erant
1207 3260 1364 3316 facile
1385 3260 1601 3331 profani
1633 3261 1709 3316 illi
1741 3260 2080 3326 inveniendi,

491 3355 586 3424 qui
635 3355 859 3410 alterius
900 3353 1117 3411 concilii
1166 3369 1484 3409 consessum
1535 3354 1934 3426 adimplerent;
1976 3369 2082 3412 nec

491 3445 606 3511 isti,
638 3461 765 3500 cum
796 3453 984 3501 essent
1011 3445 1240 3515 apostoli
1283 3461 1473 3501 eorum
1505 3445 1598 3516 qui
1626 3446 1906 3502 Christum
1946 3447 2083 3503 ode-

492 3547 637 3604 rant,
669 3539 782 3594 ﬁeri
814 3545 1067 3609 poterant
1123 3538 1396 3610 principes
1437 3547 1493 3594 et
1524 3540 1799 3611 coryphrei
1846 3540 2082 3596 aliorum

490 3626 562 3681 ab
590 3627 721 3696 ipsis
759 3643 1234 3699 quorumcunque.
1284 3628 1455 3699 Ecqui
1493 3631 1638 3685 enim
1668 3631 1761 3685 alii
1802 3631 1868 3685 ad
1891 3645 2082 3686 eorum

491 3724 678 3784 partes
700 3719 1043 3782 accederent,
1070 3725 1258 3773 contra
1289 3725 1390 3782 tot,
1434 3717 1570 3773 tales
1590 3757 1606 3782 ,
1643 3725 1822 3773 tantos
1852 3717 1948 3773 Dei
1977 3733 2082 3774 an-

494 3806 702 3861 tistites
721 3817 777 3862 et
798 3807 1137 3876 sacerdotes,
1154 3817 1212 3864 et
1230 3824 1420 3864 eorum
1448 3808 1688 3863 furorem
1709 3809 2078 3877 imitarentur,

491 3896 598 3952 nisi
623 3897 982 3954 barbarorum
1013 3899 1293 3955 Christum
1322 3910 1379 3956 et
1430 3901 1600 3956 Deum
1643 3902 2080 3973 oppugnantium

490 3988 752 4054 ministri,
799 3989 1033 4057 alumni,
1081 3993 1338 4049 soboles?
1385 3994 1712 4050 Judicialem
1757 4011 1923 4066 porro
1963 3996 2081 4052 sive

491 4083 808 4153 synodalem
829 4099 1151 4140 consessum
1186 4101 1398 4150 eorum,
1453 4086 1700 4142 barbaris
1750 4085 2074 4154 immistum,

2182 2912 2291 2958 ναι,
2323 2895 2529 2950 καὶτοῦ
2561 2894 2869 2966 θαυμασίου
2901 2893 3086 2949 αὐτῶν
3116 2891 3394 2962 συνεδρίου
3421 2887 3754 2960 κορυφαίους

2182 2986 2488 3058 ἀποφῆναι.
2542 2986 2681 3041 Ἀλλ’
2704 2982 2798 3042 οὖν
2820 2986 2958 3058 μηδὲ
2995 2983 3156 3039 τοῦτό
3203 3000 3264 3037 σε
3290 2981 3582 3050 ξενιζέτωε
3629 2979 3759 3034 ἀκό-

2181 3076 2370 3132 λουθόν
2389 3095 2450 3131 τε
2477 3076 2586 3150 γάρ
2616 3077 2739 3141 ταῖς
2762 3076 2954 3141 ἄλλαις
3003 3074 3186 3131 αὐτῶν
3224 3073 3452 3145 τόλμαις
3477 3087 3492 3101 '
3521 3071 3617 3127 καὶ
3644 3071 3760 3142 ᾕδε-

2183 3188 2280 3225 σαν
2311 3171 2411 3242 τῆς
2441 3169 2744 3242 ἱερωσύνης
2779 3170 2880 3242 τὴν
2912 3169 3097 3241 χάριν,
3135 3168 3319 3232 αὐτοῖς
3367 3183 3428 3220 τε
3491 3164 3763 3226 κάκείνοις

2181 3262 2242 3330 ἐξ
2272 3263 2387 3316 τσου
2417 3263 2665 3334 ἀνήκειν.
2694 3260 2833 3316 Οῦτε
2856 3256 2950 3317 οῦν
2999 3258 3226 3324 τούτους
3266 3254 3336 3330 ῆν
3377 3259 3584 3330 εὑρεῖν,
3617 3255 3760 3311 ἀνιέ-

2183 3370 2312 3426 ρους
2365 3354 2678 3424 γεγονότας,
2717 3354 2906 3427 ἑτέρου
2946 3352 3222 3423 συνεδρίου
3273 3351 3555 3422 πλήρωμα
3604 3348 3756 3418 γενέ-

2182 3447 2347 3502 σθαι·
2378 3446 2504 3502 οὕτε
2536 3447 2781 3512 ἐκείνους
2818 3447 3183 3519 μισοχρίστων
3221 3444 3558 3508 ἀποστόλους
3578 3442 3756 3510 ὄντας,

2180 3539 2358 3596 ἄλλων
2386 3539 2552 3594 τινῶν
2593 3539 2928 3611 κορυφαίους
2965 3539 3062 3592 καὶ
3109 3538 3399 3609 ἐξάρχους,
3432 3536 3484 3589 εἰ
3531 3533 3608 3606 μὴ
3635 3533 3756 3588 τού-

2180 3648 2289 3686 των
2332 3630 2743 3705 ἀναρρηθῆναι.
2801 3631 2960 3694 Τίνες
3000 3629 3046 3684 δ’
3085 3629 3155 3684 ἂν
3195 3629 3382 3692 αὐτοῖς
3423 3629 3519 3682 καὶ
3572 3624 3754 3695 συνῆλ-

2182 3721 2297 3790 θον,
2323 3723 2470 3778 κατά
2498 3723 2770 3777 τοσούτων
2790 3723 2888 3777 καὶ
2915 3721 3255 3793 τηλικούτων
3287 3719 3593 3792 ἀρχιερέων
3625 3713 3747 3770 Θεοῦ

2180 3815 2278 3868 καὶ
2305 3815 2498 3885 ἱερέων
2529 3814 2962 3885 συνεκμανῆναι,
3016 3814 3066 3869 εί
3098 3812 3178 3885 μὴ
3222 3812 3509 3884 θεομάχων
3560 3808 3752 3883 βαρϐά·

2183 3922 2295 3980 ρων
2322 3909 2417 3962 καὶ
2447 3907 2740 3979 ὑπηρέται,
2782 3906 2878 3961 καὶ
2904 3905 3220 3978 θρέμματα,
3269 3905 3368 3958 καὶ
3412 3903 3754 3972 γεννήματα;

2178 3999 2242 4055 τὺ
2277 4001 2337 4053 δὲ
2358 4000 2646 4071 κριτήριον
2680 3999 2780 4070 μὲν
2820 3999 2917 4053 καὶ
2951 3997 3170 4052 σύνοδον
3217 3995 3318 4068 τὴν
3364 3993 3760 4066 μιξοϐάρϐαρον

2183 4091 2363 4147 αὐτῶν
2387 4091 2607 4163 ἐνέδραν
2627 4092 2774 4146 ἀποκ
2785 4091 3000 4147 αλέσαι.
3031 4085 3166 4144 Εἶτα
3203 4088 3263 4142 δὲ
3313 4088 3452 4158 μήτε
3481 4083 3763 4156 μάρτυράς
3794 4103 3812 4128 ι

491 4176 705 4232 insidiis
727 4179 1067 4234 occultandis
1093 4180 1274 4236 locum
1302 4180 1579 4251 appellare
1609 4180 1772 4247 licet;
1805 4194 1929 4235 cum
1961 4195 2073 4235 non

2178 4183 2339 4238 ποθέν
2362 4200 2509 4249 τινος
2541 4182 2902 4255 ἀδικήματος,
2957 4183 3096 4255 μήτε
3157 4179 3498 4251 κατηγόρους
3523 4187 3545 4215 ο
3581 4189 3762 4244 παρα-

492 4276 664 4324 testes
723 4269 937 4338 injuriae
993 4271 1154 4327 illata:
1210 4287 1316 4328 nec
1369 4281 1716 4328 accusatores
1769 4273 2117 4349 producere_

490 4370 746 4432 possunt,
799 4372 1080 4434 utcunque
1133 4380 1220 4421 res
1272 4381 1475 4436 susque
1524 4367 1700 4436 deque
1750 4367 2072 4438 agebantur,

490 4456 589 4512 sed
610 4471 713 4510 nec
739 4456 947 4526 aliquid
969 4457 1189 4528 culpare
1209 4459 1355 4528 quod
1382 4468 1535 4515 certo
1556 4460 1844 4515 constabat
1871 4459 2076 4515 factum

488 4563 634 4602 esse.
661 4546 803 4614 Quid
832 4557 1014 4603 autem
1047 4550 1278 4606 ulterius
1328 4550 1530 4607 ﬁebat?
1560 4561 1710 4608 certe
1757 4551 1953 4623 gladiis
1983 4567 2076 4606 aro

489 4649 670 4696 matus
709 4642 890 4697 stabat
929 4643 1224 4708 exercitus,
1274 4652 1506 4699 mortem
1557 4644 1837 4698 intentans
1883 4643 1938 4697 in
1972 4642 2078 4698 cir-

491 4733 641 4788 cuitu
670 4734 877 4790 vocatis
901 4735 957 4788 in
985 4736 1281 4807 judicium,
1311 4736 1405 4806 qui
1447 4737 1658 4792 interea
1709 4751 1813 4791 nec
1859 4736 2078 4792 hiscere

491 4841 597 4881 nec
621 4841 810 4883 vocem
839 4827 1039 4884 efferre
1072 4829 1377 4897 audebant;
1399 4845 1509 4900 quo
1557 4835 1723 4894 statu,
1756 4829 1823 4885 ad
1853 4843 1946 4884 sex
1983 4835 2080 4883 aut

493 4933 690 4973 novem
723 4921 892 4976 etiam
917 4922 1082 4976 horas
1101 4921 1610 4992 circumsepientes,
1642 4922 1793 4976 nulla
1826 4921 2079 4978 satietate

496 5011 821 5066 tenebantur
877 5013 1238 5069 insolescendi
1283 5013 1730 5084 lasciviendique,
1773 5013 1907 5083 quin
1947 5027 2080 5068 con-

495 5102 734 5157 tumeliis
765 5113 1030 5174 perpetuo
1077 5106 1444 5162 incesserent.
1501 5105 1716 5160 Interea
1769 5104 2080 5176 prodigiose

494 5192 665 5247 multa
691 5195 1137 5262 ostendebantur,
1167 5205 1423 5266 tanquam
1453 5196 1510 5250 in
1540 5211 1704 5252 scena
1734 5196 2080 5269 perageban-

495 5292 588 5338 tur
627 5291 803 5350 actus,
860 5285 1108 5341 barbara:
1135 5295 1192 5341 et
1219 5287 1552 5357 blasphemas
1598 5287 1920 5358 legebantur
1960 5287 2082 5357 epi-

497 5373 673 5429 stolae.
709 5375 804 5432 His
833 5376 907 5432 ita
952 5377 1244 5447 expeditis,
1285 5378 1493 5434 tardius
1533 5379 1754 5434 tandem
1807 5380 2082 5440 theatrum

493 5465 846 5536 dimiserunt,
877 5467 1016 5523 nihil
1037 5468 1373 5535 humanitus,
1405 5470 1532 5526 licet
1562 5471 1616 5526 id
1643 5472 2079 5546 praetendebant,

2178 4275 2399 4346 στῆσαι,
2452 4275 2590 4330 ἀλλά
2652 4275 2789 4347 μηδὲ
2841 4276 3179 4347 κατηγορίαν
3225 4271 3349 4326 τινὰ
3399 4266 3754 4340 προενεγκεῖν

2180 4366 2487 4439 ἐξισχῦσαι,
2534 4369 2713 4424 καίτοι
2744 4367 2854 4422 τῶν
2909 4368 3023 4423 ἄνω
3073 4365 3226 4420 κάτω
3255 4361 3552 4434 γινομένων
3575 4377 3588 4390 ·
3614 4358 3757 4428 μήτε

2179 4459 2288 4531 μὴν
2315 4460 2451 4524 ὅλως
2487 4477 2542 4514 τι
2571 4457 2918 4515 αἰτιάσασθαι
2945 4475 2958 4490 ο
2985 4458 3036 4510 εί
3075 4456 3196 4510 τόδε
3227 4453 3256 4495 ἀ
3291 4453 3344 4507 τί
3378 4452 3620 4522 γέγονεν,
3667 4449 3717 4502 εἰ
3738 4459 3766 4487 θ

2181 4550 2258 4622 μὴ
2318 4551 2469 4618 τόδες
2541 4550 2901 4624 ξηφῄρηταιτ
2965 4549 3197 4620 στρατὸν
3259 4544 3612 4619 περιστῆσαι,
3675 4541 3766 4596 τὸν

2178 4643 2407 4698 θάνατον
2428 4644 2542 4708 τοῖς
2576 4643 2840 4714 ἀθληταῖς
2878 4641 3257 4706 ἀνασείοντας,
3290 4639 3434 4693 ὥστε
3458 4636 3595 4707 μηδὲ
3651 4653 3760 4705 φω-

2179 4735 2274 4806 νὴν
2307 4737 2523 4805 ἀφεῖναι
2543 4753 2557 4766 ’
2587 4736 2684 4790 καὶ
2711 4735 2812 4806 τὴν
2846 4735 3036 4788 στάσιν
3059 4734 3247 4796 αὐτοῖς
3273 4731 3360 4801 ἐφ’
3383 4730 3533 4792 ὅλαις
3563 4727 3624 4795 ἒξ
3670 4728 3761 4781 καὶ

2179 4829 2336 4883 ἐννέα
2367 4828 2560 4900 ὥραις,
2592 4823 2680 4882 οἷα
2743 4827 2905 4899 κόρον
2932 4827 3033 4880 οὐκ
3081 4825 3307 4896 ἔχοντας
3365 4819 3758 4890 ὲνασελγαίνειν

2180 4919 2276 4976 καὶ
2303 4921 2518 4992 τρυφᾷν
2555 4918 2736 4973 αὐτῶν
2761 4921 2881 4982 ταῖς
2903 4917 3116 4990 ὕϐρεσι,
3154 4917 3515 4987 παρατεῖναι’
3551 4909 3758 4983 μακρᾶς

2186 5014 2358 5084 άλλης
2406 5012 2698 5084 τερατείας
2763 5010 3244 5080 ἐπιδεικνυμένης,
3291 5008 3390 5064 καὶ
3448 5005 3763 5078 δραμάτων,

2183 5105 2374 5178 ὥσπερ
2405 5105 2498 5158 ἐπὶ
2535 5105 2765 5174 σκηνῆς,
2798 5103 2974 5159 ἄλλων
3003 5101 3092 5156 ἐπ’
3115 5101 3299 5164 ἀλλοις
3337 5099 3448 5154 τῶν
3497 5096 3767 5169 βαρϐαριο

2183 5198 2297 5252 κῶν
2338 5198 2432 5252 καὶ
2473 5196 2812 5268 βλασφήμων
2846 5195 3193 5268 γραμμάτων
3232 5192 3608 5248 ἐπεισιόντων.
3647 5188 3770 5243 Ἐπὶ

2181 5289 2242 5344 δὲ
2264 5290 2499 5356 τούτοις,
2531 5289 2592 5343 τὸ
2621 5287 2850 5360 θέατρον
2895 5288 3126 5351 λύοντας
3156 5285 3255 5357 ὀψὲ
3295 5285 3392 5341 καὶ
3451 5283 3630 5355 μόλις,
3661 5281 3772 5335 τῶν

2184 5381 2542 5452 ἀνθρωπίνων
2569 5380 2670 5452 μὲν
2704 5380 2846 5444 ὅλως
2873 5379 3048 5445 οὐδὲν,
3095 5378 3200 5434 κᾶν
3238 5377 3374 5448 γοῦν
3404 5379 3463 5431 ἐν
3509 5377 3772 5448 σχήματι,

2188 5471 2325 5548 μήτε
2359 5471 2570 5542 πρᾶξαι
2635 5470 2772 5542 μήτε
2826 5468 3213 5540 φθέγξασθαι·
3256 5467 3450 5539 ὥσπερ
3488 5465 3548 5520 δὲ
3606 5481 3774 5535 κορυ-

1792 5651 2028 5708 νΑῐιυΕ
2070 5649 2476 5708 LECTIONES.

577 5818 605 5850 ει
645 5804 1116 5878 ὑπερεκπληττου.
1192 5805 1219 5848 ιι
1253 5807 1417 5880 ἔχειν.

1499 5823 1521 5852 ο
1564 5812 1889 5884 κατήγορον.
1965 5809 1992 5850 ά
2026 5805 2162 5864 εἶτα.

2246 5811 2356 5882 εηο
2440 5807 2691 5882 rasum
2724 5825 2804 5863 τε.
