4024 6428
295 420 405 482 893

1461 425 1997 486 EPISTULARUM
2039 425 2267 484 LIBER
2305 425 2387 485 II.

3453 430 3560 494 894

294 528 641 592 ϐαντιῶντας
689 530 782 583 καὶ
813 530 1286 604 βεϐακχευμένους
1334 537 1493 608 τορόν
1528 555 1579 590 τι
1609 537 1705 590 καὶ
1758 536 1878 587 διω-

1987 549 2081 588 nec
2116 550 2240 589 aetu
2271 550 2371 589 nec
2409 549 2544 589 voce
2572 534 2866 601 facientes;
2896 550 2997 591 nec
3030 536 3382 608 corybantum
3405 554 3561 593 more

291 619 485 687 λύγιον
517 619 843 690 ἀνακράξαι,
876 623 950 685 ὡς
987 624 1177 694 Ἡμεῖς
1213 625 1335 680 οὔτε
1362 627 1568 699 κρίνειν
1611 624 1873 695 συνήλθοο

296 726 422 779 μεν,
461 707 588 762 οὔτε
620 712 882 781 κρίνομεν
906 713 1050 783 ὑμᾶς
1073 731 1085 744 ·
1124 717 1224 787 ἤδη
1279 719 1390 788 γὰρ
1435 718 1873 788 κατεκρίναμεν’

291 801 388 853 καὶ
409 802 535 855 δέον
591 802 841 873 στέργειν
889 806 987 877 τὴν
1041 811 1388 881 κατάκρισιν.
1438 810 1609 863 Τοῦτο
1664 810 1729 878 δὴ
1761 807 1875 874 οῦν,

289 891 454 945 τοῦτο
500 891 563 945 τὸ
603 892 783 960 ἄθεον,
819 897 914 950 καὶ
952 898 1324 968 ἀναίσχυντον,
1378 900 1473 953 καὶ
1525 899 1879 970 ἀνιστόρητον

291 983 578 1054 τόλμημα,
635 985 685 1038 εί
735 987 830 1039 καὶ
887 988 1069 1053 πάσας
1130 989 1404 1045 Ἰουδαίων
1466 991 1689 1061 τόλμας,
1747 990 1880 1053 ὅσας

291 1074 447 1143 ἥλιος
481 1077 666 1130 ἐπεῖδε
696 1078 791 1131 καὶ
818 1078 1014 1151 σελήνη
1061 1082 1424 1155 συνέκρυψεν,
1479 1082 1840 1155 ἀπεκρύψατο
1860 1098 1876 1116 ·

292 1168 525 1222 καὶτῶν
548 1169 823 1241 ἀθεότητα
850 1174 1223 1243 νενοσηκότων
1266 1174 1536 1246 Ἑλλήνων
1575 1176 1635 1229 τὸ
1663 1174 1880 1237 ἀναιδὲς

293 1261 570 1332 ὑπερέσχε
592 1262 686 1316 καὶ
709 1265 1028 1335 παράνομον
1046 1305 1060 1328 ,
1086 1265 1181 1318 καὶ
1200 1266 1491 1338 βαρϐάρων
1519 1268 1639 1321 ὅποι
1657 1268 1760 1336 γῆς
1776 1268 1879 1319 είσι

295 1353 359 1406 τὺ
416 1355 649 1424 μανικὸν
716 1356 1085 1428 ὑπερεϐάλετο
1142 1360 1234 1412 καὶ
1297 1360 1686 1431 ἐμϐρόντητον.
1738 1358 1880 1412 Ἀλλ’

294 1438 391 1500 θῦν
423 1446 593 1517 μηδὲν
649 1446 825 1518 τούτῳ
878 1450 1409 1520 καταπεπληγμένος
1440 1450 1551 1516 ἔσο,
1608 1450 1744 1521 μηδὲ
1770 1450 1882 1503 τῶν

294 1536 459 1590 θείων
490 1540 586 1592 καὶ
618 1539 799 1607 σοφῶν
827 1541 1113 1611 κριμάτων
1142 1542 1424 1610 ἀλόγιστος
1452 1560 1537 1605 τις
1558 1545 1671 1605 τοῖς
1724 1542 1882 1611 λογι-

297 1634 461 1699 σμοῖς
524 1633 1011 1702 συμπαρεισδυέτω
1060 1633 1279 1705 μῶμος
1322 1634 1397 1699 ὡς
1422 1635 1597 1703 ἔγωγε
1644 1633 1882 1700 τοσούτῳ

294 1719 399 1773 δέω
422 1720 641 1783 τούτοις
685 1723 1091 1795 ἐκπεπλῆχθαι,
1137 1726 1233 1779 καὶ
1287 1726 1351 1779 σὺ
1390 1726 1507 1796 μετ’
1547 1726 1727 1794 ὀλίγον
1764 1718 1882 1778 οῖδα

298 1814 582 1882 συνήσεις.
615 1814 781 1868 ’Ὥστε
808 1815 1145 1882 τούναντίον,
1180 1818 1229 1870 εί
1278 1817 1374 1871 καλ⁸
1427 1815 1733 1887 παράδοξόν
1769 1832 1880 1869 τισι

1980 634 2035 681 et
2088 626 2471 681 bacchantium
2533 626 2747 681 fortiter
2798 637 2853 682 et
2894 628 3195 684 inconsone
3267 631 3559 696 eboabant,

1981 718 2211 785 scilicet,
2242 717 2351 773 Nos
2382 720 2490 775 huc
2517 734 2629 773 non
2655 720 3003 786 accessimus,
3061 730 3123 776 ut
3170 723 3312 777 hanc
3342 738 3560 777 causam

1980 824 2434 880 cognosceremus
2462 829 2475 865 :
2504 810 2598 865 sed
2628 826 2729 865 nec
2752 811 2822 866 de
2843 813 2996 867 vobis
3015 813 3280 883 judicium
3306 814 3559 881 fecimus;

1981 902 2464 958 condemnavimus
2510 902 2657 957 enim
2696 902 3043 972 jampridem,
3092 914 3147 959 et
3209 905 3300 958 illa
3347 906 3558 961 conde-

1980 995 2259 1050 mnatione
2288 994 2407 1049 sitis
2430 994 2696 1049 contenti.
2732 992 2849 1049 Hoc
2878 994 3081 1064 itaque,
3138 996 3262 1061 hoc,
3311 996 3561 1065 inquam,

1982 1083 2231 1156 impium,
2257 1085 2566 1155 impudens,
2603 1085 2752 1139 nulla
2788 1085 3013 1139 historia
3042 1074 3398 1141 memoratum
3432 1086 3565 1140 faci-

1981 1190 2108 1239 nus,
2150 1174 2404 1230 Judaicas
2437 1190 2630 1230 omnes
2684 1176 2945 1230 audacter
2977 1185 3321 1246 perpetratas
3368 1177 3563 1246 nequi-

1984 1266 2108 1330 tias,
2139 1282 2275 1336 quas
2302 1266 2381 1321 sol
2418 1267 2505 1321 vel
2534 1266 2690 1333 vidit,
2722 1267 2809 1322 vel
2840 1267 3128 1322 abscondit
3152 1268 3305 1333 luna,
3343 1267 3564 1322 silentio

1982 1358 2252 1413 involvit:
2286 1358 2383 1414 sed
2450 1367 2507 1413 et
2561 1374 2895 1430 paganorum
2936 1360 3235 1414 atheismos
3286 1369 3341 1414 et
3382 1360 3563 1429 impu-

1984 1451 2223 1505 dentiam
2259 1451 2517 1514 excessit,
2553 1451 2802 1522 exlegum
2838 1459 2892 1505 et
2918 1452 3275 1506 barbarorum
3299 1460 3565 1521 quotquot

1985 1542 2186 1611 ubique
2240 1543 2483 1614 gentium
2528 1550 2656 1597 sunt
2704 1543 2918 1598 furores
2951 1553 3007 1599 et
3052 1544 3292 1598 insanias
3338 1555 3459 1614 post
3504 1561 3563 1598 se

1985 1634 2226 1703 reliquit.
2273 1634 2391 1689 Noli
2423 1643 2605 1689 tamen
2661 1634 2783 1689 istis
2827 1637 3190 1701 consternari,
3234 1652 3336 1689 nec
3375 1637 3441 1689 de
3476 1652 3564 1689 sa—

1983 1725 2259 1795 pientibus
2275 1726 2476 1780 divinis
2492 1726 2711 1796 judiciis
2730 1725 2973 1780 animum
2999 1737 3151 1781 tuum
3178 1727 3567 1781 irrationabilis

1986 1816 2464 1886 subeatcogitatio,
2479 1817 2561 1871 vel
2588 1816 3051 1881 obmurmuratio;
3073 1817 3233 1887 longe
3253 1833 3351 1887 ego
3372 1818 3566 1877 absum

295 1900 432 1968 δόξω
482 1903 688 1971 λέγειν,
748 1906 813 1957 ἐκ
856 1904 1066 1958 τούτων
1120 1906 1355 1976 μάλιστα
1424 1882 1527 1977 τῆς
1594 1905 1745 1969 θείας
1787 1906 1883 1958 καὶ

1988 1917 2048 1961 ut
2075 1908 2191 1962 istis
2222 1882 2528 1978 percutiar;
2576 1917 2631 1963 et
2660 1918 2738 1970 tu,
2773 1924 2882 1962 non
2931 1908 3141 1972 dubito,
3172 1882 3449 1977 ideinceps
3494 1909 3566 1962 ita

296 1994 615 2064 ὑπερφυοῦς
643 1997 906 2067 προνοίας
930 1997 1201 2067 ἀλάθητόν
1229 2015 1288 2050 τε
1327 1998 1425 2052 καὶ
1468 1996 1880 2050 πανεπίσκοπον

295 2085 721 2156 ἐνεργεστάταις
776 2087 889 2159 όρῶ
941 2089 1291 2160 μαρτυρίαις.
1354 2088 1478 2152 Πῶς
1520 2088 1586 2161 δὴ
1619 2089 1713 2141 καὶ
1759 2086 1880 2141 τίνα

298 2177 540 2247 τρόπον;
581 2179 704 2232 Ὀτι
751 2181 849 2250 τῆς
899 2180 1235 2252 κρατούσης,
1285 2179 1429 2234 κατά
1471 2180 1581 2234 τῶν
1646 2178 1878 2246 πιστῶν,

296 2269 490 2341 ὀργῆς,
514 2271 635 2325 ἀνθ’
667 2266 742 2329 ὧν
767 2274 1017 2344 αἱμάτων
1070 2273 1321 2345 καθαρὰς
1354 2275 1467 2341 atat]
1494 2273 1748 2342 γλώσσας
1785 2273 1880 2327 καὶ

296 2359 526 2431 γνώμας
548 2362 842 2431 ἐφύλαξαν,
866 2363 1009 2417 οὕτω
1063 2364 1208 2434 μέγα
1257 2365 1353 2418 καὶ
1409 2363 1546 2435 βαρὺ
1582 2364 1877 2434 πνεούσης,

297 2454 516 2525 καὶτῆς
551 2456 650 2526 μὲν
680 2457 940 2528 ἀληθείας
976 2459 1110 2512 πᾶσι
1144 2457 1370 2528 τρόποις
1404 2456 1878 2528 ὲπηρεαζομένης,

297 2544 388 2596 τοῦ
423 2545 657 2615 ψεύδους
680 2546 737 2599 δέ
757 2547 1034 2619 λαμπρῶς
1063 2546 1585 2619 παρρησιαζομένου
1609 2564 1624 2579 ⁸
1666 2548 1761 2601 καὶ
1783 2547 1881 2617 τῆς

301 2634 398 2702 μὲν
435 2636 661 2707 ἀνιέρου
715 2636 926 2708 τόλμης
978 2639 1159 2692 πᾶσαν
1200 2639 1404 2709 πρᾶξιν
1442 2638 1535 2692 καὶ
1590 2638 1748 2707 λόγον
1785 2637 1880 2690 καὶ

300 2726 508 2795 κίνημα
539 2726 758 2798 πικρῶς
781 2709 1376 2801 πολυπραγμονούσης,
1416 2730 1525 2784 τῶν
1554 2730 1795 2783 εὐσεϐῶν
1825 2729 1882 2783 δὲ

296 2819 407 2879 τοῖς
450 2818 758 2889 ὁρωμένοις
801 2820 963 2890 μόνον
1004 2821 1554 2891 ἐπιστυγναζόντων,
1608 2823 1703 2876 καὶ
1746 2823 1882 2893 πρὸς

298 2911 386 2960 τὸν
407 2912 508 2980 τῆς
527 2909 685 2981 δίκης
709 2910 989 2983 ὀφθαλμὸν
1013 2911 1170 2984 ὄμμα
1207 2930 1271 2966 τε
1312 2914 1408 2967 καὶ
1442 2916 1633 2984 χεῖρας
1660 2914 1878 2967 ἀνατει-

298 3000 497 3054 νόντων
524 3017 537 3030 ·
587 3003 683 3055 καὶ
743 3001 852 3056 τῶν
904 3004 1003 3075 μὲν
1055 3004 1404 3074 συκοφάντας
1449 3008 1546 3059 καὶ
1596 3005 1883 3077 μάρτυρας

302 3090 842 3164 περιεργαζομένων,
890 3095 1101 3149 πολλῶν
1130 3096 1187 3149 δὲ
1232 3097 1541 3168 ζητούντων
1596 3099 1664 3168 τῇ
1721 3097 1885 3151 δυνα-

303 3187 451 3257 στείᾳ
468 3187 809 3257 χαρίσασθαι
829 3188 924 3242 καὶ
943 3190 1047 3243 καθ
1066 3190 1079 3211 ’
1100 3189 1293 3260 ἡδονὴν
1315 3189 1680 3261 ὑπηρετῆσαι,
1697 3187 1881 3243 πλείο-

300 3292 387 3341 νος
412 3279 467 3332 δὲ
522 3280 688 3349 φόϐου
739 3282 835 3335 καὶ
869 3281 1123 3347 θανάτου,
1160 3282 1307 3335 κατά
1342 3281 1560 3335 πάντων
1593 3282 1702 3334 τῶν
1742 3280 1883 3352 ὑπὲρ

301 3367 562 3439 ἀληθείας
606 3372 787 3439 λέγειν
826 3390 877 3425 τι
909 3370 1269 3443 βουλομένων,
1328 3371 1753 3443 ὲπικεχυμένου.
1810 3371 1885 3424 Τὸ

300 3460 429 3528 γοῦν
472 3463 753 3517 τοσούτων
784 3465 989 3529 αὐτοῖς,
1038 3465 1135 3518 καὶ
1172 3464 1352 3536 πολλῷ
1386 3464 1651 3518 πλειόνων
1690 3463 1887 3517 πλεον-

300 3555 634 3625 εκτημάτων
696 3557 1229 3627 συγκεχωρημένων,
1251 3556 1591 3628 ἐξαπορῆσαι
1618 3556 1718 3627 μὲν
1746 3556 1885 3620 ὅλως

301 3646 624 3715 γράψασθαί
661 3663 783 3700 τινα
809 3645 1052 3718 γραφὴν,
1086 3645 1505 3719 ἐξαπορῆσαιδέ
1537 3646 1885 3718 γραφόμενον

304 3738 615 3808 παρασχεῖν
637 3752 652 3769 ο
677 3736 772 3790 καὶ
800 3738 939 3809 μήτε
971 3737 1118 3801 τινὸς
1141 3738 1338 3809 ἐπικλή
1347 3755 1516 3810 ματος
1536 3737 1682 3791 κατὰ
1720 3736 1885 3809 μηδε-

301 3827 390 3891 νὸς
442 3828 561 3882 τῶν
608 3828 780 3897 ἁγίων
834 3829 1092 3901 μάρτυρα
1143 3830 1521 3901 παραστῆσαι,
1562 3828 1699 3883 ἀλλά
1748 3829 1884 3900 μηδὲ

303 3918 645 3991 βαρϐαρικοῦ
678 3920 966 3991 κριτηρίου
994 3922 1128 3993 μηδὲ
1149 3923 1342 3994 σχῆμα
1369 3920 1590 3991 ἰσχῦσαι
1619 3919 1880 3990 φυλάξαι,

301 4010 412 4065 ἀλλ’
434 4011 615 4074 οὕτως
635 4012 877 4083 αἰσχρῶς
894 4028 954 4064 τε
979 4013 1074 4066 καὶ
1100 4014 1546 4082 καταγελάστως,
1573 4012 1668 4066 καὶ
1700 4011 1887 4082 πλήρη

300 4103 697 4175 ἀσχημοσύνης
742 4107 838 4157 καὶ
886 4105 1150 4177 αἰσχύνης
1202 4103 1563 4171 ἀπαλλάξαι,
1617 4103 1736 4166 πῶς
1785 4104 1888 4156 οὐκ

303 4193 448 4250 ἐστιν
522 4197 949 4269 ἐναργεστάταις
1002 4197 1100 4251 καὶ
1171 4198 1613 4271 ἀναμφηρίστοις
1669 4198 1888 4251 πίστεσι

303 4283 490 4342 λαϐεῖν
522 4288 624 4358 τῆς
655 4290 837 4343 πάντα
878 4289 1058 4360 σοφῶς
1090 4289 1469 4362 περιεπούσης
1501 4289 1760 4362 προνοίας
1789 4290 1899 4374 τὰς

302 4378 628 4446 ἀποδείξεις,
656 4383 751 4437 καὶ
771 4382 853 4434 ὅτι
879 4383 1028 4435 ἐστὶν
1048 4381 1159 4447 ἀεὶ,
1217 4382 1312 4436 καὶ
1337 4382 1363 4421 ε
1412 4381 1503 4434 τὸν
1544 4381 1888 4452 ἀνθρώπινον

305 4471 425 4527 νοῦν
465 4473 733 4537 πολλάκις
774 4474 1144 4547 ὑπολανθάνῃ,
1204 4474 1589 4545 συμπροιοῦσά
1620 4492 1707 4539 τις
1745 4476 1884 4547 αὐτῇ

1985 2000 2211 2054 affectus
2227 2001 2354 2055 eris.
2374 2001 2455 2055 Ex
2480 2000 2732 2062 adverso,
2753 2015 2855 2069 ego
2868 2000 3073 2069 potius,
3092 2002 3219 2055 licet
3234 2002 3569 2070 paradoxum

1987 2092 2171 2147 videar
2194 2093 2514 2162 quibusdam
2531 2092 2818 2158 dicere,ab
2848 2093 2967 2147 istis
2989 2094 3059 2147 ita
3084 2093 3272 2165 gestis,
3301 2094 3497 2148 divinat
3513 2102 3570 2148 et

1985 2190 2240 2237 naturam
2262 2183 2695 2239 transcendentis
2728 2183 3081 2253 providentia)
3128 2184 3567 2253 inexplicabilem

1985 2283 2040 2329 et
2066 2272 2249 2328 omnia
2279 2282 2694 2343 permanentem
2752 2288 2963 2339 curam,
3006 2288 3069 2327 ex
3100 2272 3451 2342 priscissimis
3487 2282 3569 2328 tc-

1986 2361 2258 2417 stimoniis
2290 2361 2663 2416 continuatam
2690 2362 2873 2417 video.
2918 2361 3203 2428 Quomodo
3224 2364 3443 2417 autem?
3475 2363 3572 2416 Ni-

1985 2454 2187 2507 mirum
2213 2469 2338 2508 cum
2367 2470 2558 2509 eorum
2580 2456 2674 2524 qui
2706 2470 2829 2510 cum
2855 2456 3087 2526 imperio
3111 2462 3262 2520 sunt,
3286 2454 3570 2509 iracundia

1987 2544 2124 2599 adeo
2153 2544 2389 2615 graviter
2411 2553 2468 2599 et
2494 2544 2550 2599 in
2590 2545 2921 2601 immensum
2967 2545 3336 2599 inﬂammetur
3377 2553 3568 2599 contra

1987 2637 2197 2703 ﬁdeles,
2223 2652 2289 2692 eo
2316 2637 2462 2707 quod
2488 2652 2518 2692 a
2539 2639 2804 2710 sanguine
2830 2653 2998 2708 puras
3038 2637 3253 2708 linguas
3281 2645 3335 2692 et
3359 2646 3573 2691 mentes

1989 2730 2368 2786 conservarint
2418 2748 2431 2784 :
2491 2744 2729 2799 cumque
2771 2730 2976 2785 veritas
3018 2739 3098 2785 tot
3141 2728 3319 2784 modis
3369 2729 3571 2799 injuria

1989 2819 2255 2875 alliciatur
2296 2836 2312 2873 :
2360 2819 2706 2874 mendacium
2758 2818 3047 2889 Splendido
3105 2819 3259 2872 cultu
3302 2828 3516 2889 prostet
3553 2837 3569 2872 :

1989 2924 2226 2979 cumque
2277 2907 2443 2978 impia
2495 2907 2723 2963 audacia
2772 2922 2995 2963 omnem
3062 2916 3264 2972 actum,
3318 2907 3571 2969 verbum,

1990 3008 2199 3056 motum
2228 3000 2481 3055 acerbius
2510 2999 2782 3070 exagitet;
2815 2999 3069 3054 homines
3100 2998 3177 3067 pii
3208 2998 3293 3053 his
3315 2997 3445 3053 visis
3470 2998 3574 3052 soli

1990 3092 2371 3163 ingemiscant,
2405 3100 2461 3146 et
2482 3092 2550 3146 ad
2582 3090 2771 3161 judicii
2801 3090 3044 3155 oculum,
3088 3089 3297 3143 lumina
3345 3103 3574 3144 manus-

1989 3197 2097 3252 que
2118 3183 2432 3238 extendant.
2467 3181 2715 3250 Cumque
2754 3180 2845 3235 alii
2888 3180 3253 3250 sycophantas
3286 3178 3486 3233 adeant
3512 3188 3574 3233 ut

1989 3275 2405 3331 accommodent
2439 3273 2842 3339 testimonium;
2874 3273 3030 3326 multi
3061 3272 3428 3342 potestatibus
3450 3260 3575 3342 gra-

1990 3366 2185 3421 tiﬁcari
2221 3366 2446 3435 cupiant
2485 3374 2541 3419 et
2587 3365 2653 3419 ad
2687 3364 2948 3434 placitum
2980 3362 3376 3426 obsecundari;
3410 3362 3575 3417 timor

1987 3474 2099 3512 non
2128 3459 2343 3522 unicus,
2371 3472 2476 3512 nec
2505 3471 2654 3510 mors
2676 3455 2967 3526 singularis
3010 3454 3316 3509 intentetur
3363 3454 3431 3507 iis
3461 3453 3572 3508 cir-

1987 3551 2291 3618 cumfusus,
2320 3550 2412 3620 qui
2444 3566 2547 3620 pro
2578 3550 2809 3603 veritate
2864 3547 3117 3618 proloqui
3157 3546 3423 3617 cupiunt:
3447 3561 3576 3600 eum

1987 3651 2071 3699 tot
2103 3653 2164 3698 ut
2188 3643 2262 3698 illi
2297 3642 2552 3709 audeant,
2584 3652 2640 3696 et
2683 3642 2799 3695 haec
2855 3640 3035 3711 plura,
3072 3639 3411 3703 tolerantur;
3446 3654 3573 3692 cum

1987 3735 2046 3790 hi
2077 3750 2186 3790 non
2237 3734 2477 3789 habeant
2522 3734 2610 3787 vel
2652 3732 2890 3786 litteram
2937 3730 3213 3785 scribendi
3259 3730 3574 3784 facultatem

1988 3837 2328 3887 concessam,
2361 3830 2456 3876 aut
2482 3821 2528 3876 si
2552 3820 2874 3890 scripserint
2897 3818 3229 3884 exhibendi;
3262 3835 3386 3874 eum
3410 3834 3575 3873 nemo

1991 3912 2147 3968 testis
2168 3912 2543 3982 cujuscunque
2573 3909 2820 3963 criminis
2864 3910 2920 3963 in
2961 3918 3179 3964 sanctos
3220 3909 3573 3979 producatur,

1990 4018 2114 4059 cum
2137 4018 2240 4059 nec
2268 4003 2536 4058 barbarici
2559 4000 2749 4073 judicii
2782 4002 2960 4058 forma
2981 4011 3037 4057 et
3065 4017 3359 4072 processus
3380 4002 3573 4055 obser-

1989 4104 2170 4161 vetur,
2221 4095 2317 4151 sed
2343 4104 2452 4149 tam
2498 4094 2817 4165 pudendum
2867 4094 2923 4149 in
2972 4094 3194 4149 modum
3237 4103 3293 4149 et
3323 4092 3570 4156 ridicule,

1992 4196 2100 4243 tam
2138 4188 2258 4241 sine
2284 4187 2494 4257 pudore
2553 4195 2607 4241 et
2627 4187 2891 4241 modestia
2913 4187 3254 4242 dissolvatur.
3288 4186 3573 4253 Quomodo

1988 4294 2102 4333 non
2148 4278 2621 4333 manifestissimas
2671 4278 3172 4334 demonstrationes
3220 4279 3346 4334 inde
3398 4278 3573 4333 dedu-

1990 4387 2199 4438 cemus,
2227 4381 2280 4427 et
2311 4369 2802 4443 inexpressissimis
2851 4377 2906 4424 et
2954 4370 3196 4425 indubiis
3244 4368 3573 4424 testimoniis

1991 4464 2318 4533 arripiemus
2356 4461 2798 4517 commendatam
2825 4460 2971 4515 illam
3011 4462 3251 4518 divinam
3286 4461 3575 4532 providen-

305 4565 546 4637 τιμωρὸς
580 4566 729 4637 δίκη,
757 4566 1065 4631 κολάζουσα
1085 4566 1183 4637 μὲν
1202 4566 1331 4628 τοὺς
1349 4565 1693 4633 ἀδικοῦντας,
1719 4583 1883 4637 τιμω‹

1997 4557 2145 4620 tiam,
2201 4570 2323 4625 quae
2379 4555 2634 4609 universa
2692 4554 3041 4625 amplectitur
3086 4570 3211 4608 cum
3268 4551 3571 4622 sapientia;

310 4655 477 4723 ροῦσα
527 4659 587 4712 δὲ
635 4660 730 4712 καὶ
774 4659 1068 4729 ἐπίκουρος
1114 4662 1227 4722 τοῖς
1274 4656 1654 4729 ἀδικουμένοις
1694 4657 1831 4711 οῦσα
1869 4675 1885 4725 ;

307 4748 383 4801 Δι’
404 4745 474 4822 ἧς
505 4751 603 4804 καὶ
648 4750 743 4804 νῦν
770 4752 897 4815 τοὺς
931 4751 1033 4821 μὲν
1067 4751 1353 4822 ὑϐριστὰς,
1403 4752 1583 4805 καίτοι
1628 4750 1890 4817 δόξαντας

307 4836 592 4913 λαμπροὺς
612 4844 670 4895 ἐν
706 4841 785 4912 τῷ
832 4845 1119 4913 τυραννεῖν
1192 4844 1289 4896 καὶ
1329 4842 1749 4913 περιϐλέπτους,
1806 4845 1893 4897 αἰ-

310 4931 516 5006 σχύνης
574 4935 672 4988 καὶ
733 4935 957 5004 ἀτιμίας
996 4936 1322 5005 ἐπλήρωσε·
1370 4935 1499 4996 τοὺς
1528 4934 1584 4988 δὲ
1628 4933 1888 5003 ἀθλητὰς,

310 5028 514 5098 καίπερ
543 5027 613 5081 τὰ
641 5027 846 5096 ἔσχατα
892 5025 1124 5096 πάσχειν
1153 5024 1532 5094 νομισθέντας,
1576 5027 1754 5096 χαρᾶς
1792 5025 1890 5078 καὶ

309 5115 651 5188 εὐφροσύνης
684 5118 970 5187 ἐνέπλησε,
1002 5120 1095 5172 καὶ
1123 5118 1378 5189 γλώσσης
1406 5118 1625 5189 ἀπάσης
1645 5118 1891 5187 διηνεκὲ-

312 5220 396 5258 σιν
424 5208 727 5280 εὐφημίαις
746 5246 763 5271 ,
807 5202 897 5261 οἷα
926 5207 991 5279 δὴ
1019 5209 1305 5277 στεφάνοις
1342 5208 1751 5280 ἁμαραντίνοις,
1771 5206 1894 5261 ἐκό-

312 5310 491 5365 σμησε
514 5315 529 5329 ο
558 5301 686 5363 τοὺς
716 5298 816 5369 μὲν
838 5299 947 5354 τῶν
994 5300 1222 5365 ἀνοσίως
1250 5300 1435 5364 αὐτοῖς
1459 5299 1889 5370 τετολμημένων

314 5388 379 5442 ἐκ
402 5390 611 5445 τούτων
664 5392 1023 5465 ἀπαρχομένη
1086 5394 1186 5457 τὰς
1233 5392 1506 5465 τιμωρίας
1563 5392 1888 5464 εἰσπράττε-

315 5478 461 5546 σθαι,
483 5483 577 5536 καὶ
596 5482 1062 5554 προοιμιαζομένη
1091 5484 1192 5554 τὴν
1215 5482 1426 5538 ἐκεῖθεν
1446 5482 1630 5546 αὐτοῖς
1650 5481 1888 5553 ἀπαραί-

315 5585 475 5643 τητον
506 5574 832 5648 ἀθλιότηταο
890 5578 1002 5641 τοῖς
1036 5575 1093 5630 δὲ
1140 5576 1250 5631 τῶν
1294 5574 1473 5631 ἄθλων
1518 5574 1885 5645 ἀμειϐομένη,

1987 4648 2239 4719 quodque
2265 4648 2341 4702 illi
2365 4648 2509 4702 adsit
2540 4662 2778 4717 semper,
2813 4648 2939 4702 licet
2966 4663 3026 4703 se
3052 4646 3291 4701 latenter
3331 4652 3571 4705 exserat,

1988 4751 2045 4797 et
2074 4742 2369 4796 humanam
2398 4748 2640 4793 mentem
2674 4754 2782 4792 non
2813 4737 3030 4801 alliciat,
3078 4751 3186 4789 una
3218 4745 3399 4790 tamen
3446 4749 3573 4802 pro-

1988 4832 2194 4887 cedens
2236 4829 2402 4885 ultrix
2449 4829 2678 4900 iustitia,
2722 4843 2844 4898 quae
2893 4826 3222 4896 supplicium
3282 4830 3469 4894 eroget
3516 4822 3571 4875 in

1988 4923 2244 4993 injustos,
2274 4921 2474 4977 vindex
2500 4921 2645 4976 adsit
2690 4931 2745 4975 et
2769 4918 3076 4974 auxiliatrix
3104 4916 3301 4987 injuria
3337 4913 3569 4969 allectis.

1991 5015 2095 5071 Per
2124 5017 2265 5070 hanc
2297 5029 2453 5069 suam
2503 5013 2924 5084 providentiam,
2969 5012 3112 5066 Deus
3160 5009 3325 5063 etiam
3377 5016 3575 5062 contu-

1989 5109 2246 5166 meliosos
2266 5107 2405 5174 illos,
2429 5116 2705 5176 utcunque
2736 5104 3023 5159 videantur
3044 5099 3373 5171 splendidati
3408 5114 3563 5153 exer-

1990 5218 2117 5259 cere
2146 5200 2503 5273 tyrannidem
2532 5207 2583 5253 et
2633 5197 2701 5252 ab
2731 5196 2988 5252 omnibus
3009 5192 3307 5257 observati,
3362 5190 3573 5260 pudore

1991 5293 2265 5365 supplevit
2283 5303 2340 5348 et
2362 5292 2631 5348 dedecore
2659 5308 2673 5347 :
2706 5289 3100 5345 certaminibus
3120 5284 3415 5356 expositos,
3448 5282 3574 5336 licet

1993 5387 2175 5443 omnia
2198 5394 2441 5439 extrema
2470 5385 2577 5454 pati
2616 5381 2978 5453 adjudieatos,
3022 5378 3219 5451 gaudio
3261 5373 3491 5444 replevit
3519 5384 3575 5425 et

1994 5477 2381 5542 exsultatione,
2413 5488 2469 5531 et
2494 5476 2739 5531 omnium
2787 5475 3093 5546 linguarum
3124 5464 3575 5541 applausionibus

1995 5569 2465 5637 continuis,veluti
2479 5568 2697 5655 coronis
2708 5564 3256 5625 immarcescibilibus
3268 5556 3579 5621 exornavit;

1607 5733 1841 5791 VARUE
1881 5730 2292 5791 LECTIONES.

389 5841 417 5884 ⁸
446 5844 529 5901 to.
562 5850 683 5906 κᾶν.
