4024 6438
421 384 531 450 895

1563 385 1822 446 ΡΙΙΟΤΠ
1855 387 2362 447 PATRIARCH/‘E
2399 388 2510 448 ΟΡ.

3582 385 3689 450 895

426 508 481 555 et
499 498 604 552 illis
620 496 838 568 quidem
859 496 1080 568 propmr
1107 513 1172 552 ca
1188 513 1308 568 qua:
1339 498 1506 569 impie
1523 511 1925 570 perpetrarunt,
1948 503 2017 558 ab

2122 504 2210 556 ml.
2237 503 2425 574 ὥσπερ
2453 502 2752 575 ἀρῥασῶνά
2779 519 2899 556 τινα
2932 499 3336 570 κατατιθεμένη
3379 499 3489 554 τῶν
3537 500 3688 553 ἐκεί-

425 590 546 644 istis
578 589 847 658 primitias
879 590 1140 659 quasdam
1171 600 1398 661 apparat
1435 594 1683 662 supplicii
1719 595 2010 660 inferendi,

423 690 480 736 et
528 680 760 736 miserias
785 682 1077 752 aliquando
1116 682 1581 739 i-neonsolabiliter
1621 687 1921 741 subeundae
1945 687 2002 741 in

425 771 611 826 futuro
643 774 864 838 saeculo,
897 774 1050 843 quasi
1102 775 1325 843 praemia
1370 777 1622 844 quaedam
1677 779 1860 832 struit.
1891 779 2013 834 Istis

427 873 612 918 autem
655 863 966 919 certaminis
1019 874 1177 936 parat
1207 867 1451 936 praemia,
1491 877 1547 922 et
1593 867 1787 940 pignus
1834 868 2009 938 quod-

432 955 557 1009 dam
591 953 1016 1026 depositumque
1058 957 1300 1027 disponit
1326 959 1749 1014 retributionum
1779 959 1832 1013 in
1859 959 2012 1012 oculis

431 1042 870 1111 indicendarum,
896 1057 952 1102 et
978 1047 1250 1104 felicitatis
1287 1057 1505 1103 aeternae
1528 1064 1590 1104 ac
1615 1049 1843 1104 multum
1870 1049 2010 1104 desi-

429 1134 650 1191 deratze.
689 1135 868 1192 Habes
914 1139 1009 1202 ita,
1037 1139 1253 1209 opinor,
1293 1139 1602 1208 perspicue,
1649 1140 1722 1195 ita
1768 1149 1828 1194 ut
1870 1141 2010 1194 nihil

431 1227 618 1283 varius
649 1229 876 1284 omnino
901 1231 1143 1295 dubites,
1175 1230 1505 1285 admiranda)
1547 1239 1601 1286 et
1632 1240 1884 1287 naturam
1912 1248 2010 1287 ex-

433 1318 680 1372 cedentis
733 1320 1088 1389 providentia:
1131 1320 1517 1375 inobliviosum
1556 1330 1612 1376 et
1649 1323 2010 1391 omniscium;

432 1423 555 1477 quae
588 1408 722 1479 ipsa,
754 1411 916 1464 etiam
948 1412 1003 1466 in
1030 1413 1216 1475 rebus,
1240 1412 1308 1466 ab
1352 1412 1500 1467 omni
1534 1413 1745 1469 ratione
1769 1432 1890 1484 quae
1923 1417 2004 1472 vi-

435 1498 636 1554 dentur
666 1501 1032 1569 alienissima,
1061 1503 1381 1559 abscondita
1415 1506 1648 1575 quadam
1681 1508 1757 1573 vi,
1805 1518 1861 1563 et
1913 1525 2011 1579 po-

437 1599 632 1646 testate
676 1593 1041 1660 ineluctabili,
1081 1596 1360 1665 sapienter
1390 1597 1658 1666 justitiam
1701 1607 1755 1654 et
1802 1600 2014 1654 incom-

2117 597 2209 650 θεν
2237 597 2494 669 ἀρρήτων
2533 595 2810 663 ἐπάθλων,
2871 595 2964 647 καὶ
3010 594 3111 663 τῆς
3164 591 3538 660 πολυεράστου
3592 593 3690 646 καὶ

2115 687 2289 741 ἀϊδίου
2355 687 2781 758 μακαριότητος.
2839 687 3045 755 Ἔχεις,
3097 679 3276 754 οἶμαι,
3334 683 3547 754 τρανῶς
3596 685 3690 735 καὶ

2113 779 2265 833 οὐδὲν
2302 777 2665 842 ἐπιδιστάζων
2718 777 2820 848 τῆς
2874 776 3182 846 θαυμασίας
3230 775 3327 829 καὶ
3377 773 3690 848 ὑπερφυοῦς

2114 870 2367 942 προνοίας
2419 868 2480 922 τὸ
2528 868 2798 938 ἀλάθητόν
2853 885 2915 920 τε
2967 869 3062 922 καὶ
3109 867 3518 920 πανεπίσκοπον
3542 882 3555 895 ·
3599 867 3693 918 καὶ

2112 963 2194 1015 ὅτι
2237 963 2340 1014 κάν
2397 962 2511 1024 τοίς
2558 960 2779 1013 δοκοῦσι
2825 958 3330 1030 παραλογωτάτοις,
3384 958 3685 1027 ἀπορρήτῳ

2113 1055 2220 1108 τινὶ
2250 1056 2346 1107 καὶ
2374 1051 2796 1124 ἀπειροδυνάμῳ
2830 1049 3022 1121 κράτει
3053 1051 3148 1104 καὶ
3178 1049 3344 1120 σοφίᾳ
3372 1048 3442 1101 τά
3495 1048 3688 1101 δίκαια

2114 1145 2282 1216 αὑτῆς
2331 1147 2424 1198 καὶ
2455 1145 2674 1217 ἀρρεπῆ
2725 1140 3192 1210 συνεπιζευγνῦσα
3215 1141 3476 1210 φυλάττει
3511 1139 3652 1207 ζυγά
3674 1178 3692 1202 ,

2115 1239 2306 1308 είρμόν
2335 1256 2456 1292 τινα
2495 1240 2640 1293 θεῖον
2667 1239 2724 1291 ὲν
2753 1239 2960 1300 αὑτοῖς,
2993 1235 3089 1290 καὶ
3135 1235 3286 1300 τάξιν
3315 1234 3548 1307 ἀρίστην
3600 1233 3697 1286 καὶ

2115 1327 2406 1398 καλλίστην
2464 1329 2693 1393 ὲνιεῖσα,
2766 1327 2817 1380 εί
2853 1327 2946 1380 καὶ
2988 1327 3102 1388 τοῖς
3143 1323 3504 1395 ἀνθρωπίνοις
3542 1322 3695 1390 λογι-

2117 1420 2275 1488 σμοῖς
2305 1419 2391 1472 διά
2417 1419 2578 1489 βάθος
2599 1420 2882 1491 κριμάτων
2933 1415 3359 1486 ἀνεξιχνίαστον,
3388 1415 3480 1468 καὶ
3506 1414 3697 1482 σοφίας

2115 1507 2447 1580 ἀδιεξίτητον

2123 1603 2341 1671 ὲφικτά.

2525 1511 2795 1578 πέλαγος,
2848 1509 2949 1562 οὑκ
3010 1508 3099 1563 ἀεὶ
3163 1507 3377 1577 πέφυκε
3449 1505 3698 1574 γίνεσθαι

439 1687 854 1744 mutabilitatem
879 1706 1034 1745 suam
1064 1691 1300 1762 copulat,
1332 1700 1389 1746 et
1411 1693 1561 1748 librae
1595 1696 1834 1764 pondera
1871 1695 2014 1765 justa
2053 1697 2391 1776 statuminat,
2426 1707 2482 1752 et
2537 1696 2778 1752 divinam
2799 1695 3089 1766 quamdam
3121 1694 3317 1748 seriem
3342 1733 3357 1756 ,
3424 1701 3480 1748 et
3503 1705 3703 1747 conca-

440 1780 758 1838 tinationem
787 1783 841 1838 in
875 1785 1038 1840 rebus
1059 1787 1340 1866 optimam,
1403 1789 1648 1844 ordinem
1681 1799 1737 1844 et
1778 1790 2200 1860 pulcherrimum
2224 1793 2542 1858 immittens,
2572 1791 2698 1847 licet
2762 1792 3044 1846 hominum
3108 1788 3414 1843 ratiociniis
3478 1796 3703 1858 propter

433 1874 764 1944 judiciorum
789 1879 1215 1950 profunditatem
1245 1884 1814 1956 impervcstigabilem,
1886 1895 1935 1942 et
1967 1887 2039 1942 ob
2114 1887 2335 1959 pelagus
2386 1903 2493 1942 non
2552 1886 2907 1950 adeundum,
2968 1899 3078 1939 non
3139 1897 3356 1953 semper
3417 1890 3477 1936 ut
3545 1880 3702 1937 obvia

437 1969 771 2042 arripienda.

966 2085 1188 2144 EPIST.
1229 2089 1494 2144 LXXXV.

796 2179 987 2232 Acacio
1027 2181 1280 2236 monacho
1331 2192 1380 2236 et
1419 2185 1640 2241 medico.

2739 2090 2965 2144 ΕΠΙΣΤ.
2988 2089 3114 2143 HE’.

2428 2187 2686 2250 Ἀκακίῳ
2723 2183 2974 2254 μσναχῷ
3034 2185 3133 2238 καί
3188 2183 3383 2252 ίατρῷ.

1669 2296 1936 2349 Montacut.
1962 2299 2069 2365 (ep.
2091 2296 2200 2361 119,
2221 2313 2272 2363 p.
2295 2298 2429 2362 162).

509 2388 570 2444 Si
591 2388 908 2461 neutiquam
931 2391 1226 2462 aliquando
1248 2393 1316 2449 ab
1337 2393 1567 2466 impuris
1607 2397 2018 2470 togitationibus

434 2495 609 2549 purus
649 2483 923 2549 exstitisti,
960 2497 1186 2554 prorsus
1213 2501 1414 2541 novum
1454 2498 1539 2542 est
1569 2490 1714 2557 quod
1755 2491 1866 2550 ais.
1916 2507 2020 2548 nec

437 2571 688 2643 lacrymae
725 2575 1090 2645 exprimenda:
1109 2591 1230 2647 quae
1264 2577 1571 2648 adaequent.
1595 2582 1750 2646 Quod
1778 2583 1821 2637 si
1848 2583 2018 2641 fueris

437 2662 726 2731 aliquando
778 2666 1012 2722 mundus
1055 2667 1131 2739 (et
1177 2675 1323 2722 certe
1373 2668 1583 2738 fuisti);
1636 2686 1814 2742 neque
1867 2674 2015 2730 enim

437 2754 758 2808 cmlestibus
780 2758 1036 2812 convenit
1061 2773 1337 2828 nunquam
1369 2761 1663 2833 mundari),
1701 2763 1797 2817 sed
1823 2779 1926 2819 nec
1959 2765 2015 2819 in

438 2845 696 2912 jsraasenti
726 2845 837 2900 ullo
868 2849 1122 2918 puritatis
1151 2865 1336 2906 amore
1385 2860 1657 2918 tenerere,
1708 2853 1752 2909 si
1797 2870 1908 2909 non
1950 2855 2018 2909 il-

439 2935 547 2992 lius
601 2935 889 3007 aliquando
937 2941 1327 3010 experientiam
1377 2943 1640 3011 haberes;
1690 2955 1743 3000 et
1793 2957 1942 3003 certe
1973 2949 2020 3004 si

443 3042 554 3080 non
589 3028 875 3098 expeditus
907 3029 1125 3097 fuisses,
1179 3032 1370 3087 saltem
1420 3035 1603 3104 aliqua
1654 3053 1718 3092 ex
1747 3048 1921 3108 parte,
1953 3041 2022 3096 ab

443 3115 552 3173 illis
597 3120 882 3188 sordibus,
931 3122 1075 3177 haud
1129 3122 1610 3194 circumspexisses
1652 3129 1926 3198 quomodo
1965 3146 2024 3186 se

2194 2401 2259 2454 Ei
2323 2399 2422 2472 μὲν
2471 2397 2740 2471 μηδέποτε
2812 2396 3040 2464 γέγονας
3117 2395 3358 2464 καθαρὸς
3418 2395 3693 2466 λογισμῶν

2122 2490 2469 2562 ἀκαθάρτων,
2495 2489 2680 2543 καινόν
2708 2506 2759 2542 τι
2792 2487 2992 2556 λέγεις,
3024 2487 3118 2540 καὶ
3146 2487 3208 2540 οὑ
3242 2485 3321 2558 μὴ
3343 2485 3494 2540 ἐστιν
3520 2489 3697 2557 εὑρεῖν

2121 2583 2355 2654 δάκρυον
2380 2579 2658 2647 ἐξισῶσαι.
2685 2580 2747 2634 Ei
2771 2579 2826 2633 δὲ
2843 2579 3072 2648 γέγονας
3091 2578 3340 2650 (γέγονας
3369 2578 3426 2632 δὲ
3457 2579 3694 2641 πάντως·

2121 2676 2180 2729 οὑ
2209 2673 2318 2744 γὰρ
2365 2674 2613 2744 οὐράνιον
2643 2671 2705 2725 τδ
2734 2670 3004 2742 μηδέποτε
3022 2669 3361 2740 καθαρεῦσαι
3382 2669 3424 2739 ),
3460 2671 3564 2736 καὶ⁸
3594 2671 3694 2723 οὑκ

2121 2766 2188 2820 ἂν
2218 2765 2327 2820 οὐδ’
2355 2765 2435 2829 είς
2458 2763 2635 2836 ἔρωτα
2659 2763 2755 2817 νῦν
2778 2765 2878 2835 τῆς
2899 2761 3294 2832 καθαρότητος,
3327 2763 3377 2815 εί
3435 2762 3508 2833 μὴ
3559 2763 3689 2817 ταύ-

2116 2876 2216 2929 της
2242 2860 2434 2928 πεῖραν
2456 2856 2667 2921 ἔλαϐες,
2695 2851 2859 2926 ἦλθες
2881 2875 2896 2887 ·
2932 2856 3041 2910 οὐδ’
3073 2855 3139 2909 ἂν
3165 2857 3213 2908 εί
3240 2857 3315 2927 μὴ
3349 2855 3689 2926 ἀπηλλάγης,

2120 2953 2225 3008 κᾶν
2252 2953 2344 3006 ἐπὶ
2401 2951 2587 3015 ποσὸν,
2636 2949 2846 3004 ἐκείνου
2898 2949 2994 3004 τοῦ
3039 2949 3235 3020 ῥύπου,
3288 2948 3577 3020 διέϐλεψας
3629 2950 3694 3002 ἀν

2121 3044 2449 3117 ἐπιζητῆσαι
2481 3043 2507 3083 h
2533 3040 2602 3096 δι’
2630 3040 2756 3097 ὅτου
2791 3042 2857 3097 ἄν
2890 3059 2973 3106 τις
2995 3040 3236 3114 καθαρὸν
3276 3040 3467 3093 ἑαυτὸν
3499 3057 3695 3109 συντη-

2126 3141 2286 3213 ρὴσῃ.
2329 3137 2485 3192 Ἐπεὶ
2521 3136 2581 3190 δέ
2613 3151 2747 3190 ποτε
2787 3135 3041 3204 γέγονας,
3073 3127 3129 3202 ιᾧ
3166 3133 3354 3204 τρόπῳ
3378 3133 3693 3202 γεγένησαι,

447 3227 648 3282 purum
695 3213 818 3282 quis
871 3223 1252 3281 conservaret;
1292 3224 1348 3271 at
1390 3232 1516 3271 cum
1562 3219 1799 3274 mundus
1846 3220 2020 3280 factus

2124 3225 2202 3294 τῷ
2232 3223 2380 3294 αὑτῷ
2407 3224 2582 3294 τούτῳ
2601 3223 2696 3277 καὶ
2725 3223 3001 3292 διατηρεῖν
3024 3221 3246 3275 σεαυτὸν
3295 3221 3355 3274 ὲν
3402 3223 3470 3291 τῇ
3530 3221 3715 3274 καθαν

446 3300 636 3369 fueris,
683 3317 751 3356 eo
784 3303 947 3358 modo
985 3319 1096 3374 quo
1139 3305 1212 3358 ita
1269 3305 1446 3360 factus
1477 3309 1716 3374 exsistis,
1757 3326 1824 3365 eo
1871 3321 1924 3367 te
1963 3323 2024 3368 ut

445 3409 738 3450 conserves
783 3395 1044 3451 mundum
1095 3412 1318 3466 operam
1353 3398 1501 3454 dato.
1533 3399 1718 3456 Oratio
1771 3402 1872 3459 hoc
1927 3405 2024 3461 tibi

445 3487 902 3551 subministrabit,
939 3489 1101 3544 modo
1141 3491 1288 3544 illam
1327 3491 1394 3546 ad
1434 3501 1650 3562 tempus
1679 3495 1897 3565 aliquod
1925 3513 2022 3552 ex-

448 3577 709 3633 tcnderis.
741 3576 941 3635 Paulus
968 3580 1057 3635 ille
1089 3581 1340 3646 divinus,
1372 3599 1461 3639 me
1497 3586 1664 3654 prior,
1698 3587 1794 3642 tibi
1827 3589 2025 3645 exhor-

448 3669 707 3725 tationem
727 3681 1000 3742 ‘suggerat,
1029 3673 1122 3728 ubi
1151 3673 1229 3729 ait
1253 3692 1267 3729 :
1291 3674 1651 3732 Indesinenter
1670 3688 1818 3735 orale
1833 3683 1880 3736 '.
1917 3681 2026 3739 Sed

445 3771 504 3818 et
528 3763 872 3820 abstinentia;
899 3764 1102 3820 donum
1132 3782 1257 3822 cum
1301 3783 1513 3824 summa
1541 3773 1815 3829 custodito
1848 3789 1979 3830 cura
2008 3794 2023 3830 :

445 3851 768 3907 naturaliter
792 3853 940 3908 enim
969 3855 1179 3909 accedit
1198 3857 1283 3912 vis
1309 3866 1364 3912 et
1391 3861 1635 3929 potentia
1665 3863 2026 3920 irresistibilis

445 3943 513 3997 ad
537 3943 804 4013 ejusmodi
825 3945 1106 4013 passiones
1137 3947 1525 4006 retundendas.
1565 3949 1673 4008 Sed
1695 3964 1751 4017 et
1769 3955 1834 4009 ad
1861 3956 2027 4013 mise-

445 4035 734 4090 ricordiam
764 4051 890 4107 erga
914 4037 1221 4108 indigentes
1255 4042 1519 4110 accedito,
1551 4060 1655 4100 nec
1682 4047 1751 4102 ab
1781 4046 1870 4104 illa
1892 4049 2028 4106 velis

445 4125 706 4182 resilire:
758 4143 974 4183 sacrum
1026 4129 1228 4201 quippe
1273 4132 1452 4188 oleum
1509 4136 1654 4192 istud
1713 4137 1888 4195 facem
1937 4156 2028 4196 ac-

444 4219 633 4274 cendit
704 4219 1076 4286 luculentam,
1129 4224 1473 4289 nperationes
1517 4242 1644 4284 suas
1696 4230 2026 4299 dividendo;

445 4325 572 4363 nam
600 4325 698 4379 per
721 4313 982 4382 quasdam
1004 4313 1257 4371 incensas
1287 4319 1561 4372 consumit
1590 4323 1905 4391 passiones;
1927 4340 2026 4395 per

445 4400 583 4456 alias
613 4401 884 4458 illuminat
913 4413 966 4460 et
992 4405 1174 4476 dirigit
1214 4406 1270 4460 in
1306 4408 1520 4466 virtutis
1561 4427 1757 4468 currus
1786 4430 2026 4486 gressus.

445 4490 589 4562 Erga
618 4493 758 4557 illos,
793 4495 888 4565 qui
914 4495 1166 4551 videntur
1210 4499 1266 4552 in
1313 4510 1365 4554 te
1409 4502 1720 4572 deliquisse,
1763 4505 1808 4559 si
1850 4515 2027 4574 potes,

446 4586 559 4639 noli
592 4587 925 4642 commoveri
954 4607 966 4642 :
1002 4589 1085 4644 sin
1112 4591 1167 4644 in
1198 4590 1332 4645 iram
1375 4595 1692 4662 prolabaris.
1745 4599 2027 4655 nihilomi-

447 4693 552 4732 nus
574 4687 699 4732 ante
719 4679 848 4734 solis
875 4695 1128 4735 occasum
1159 4683 1210 4736 in
1241 4692 1295 4737 te
1328 4700 1599 4752 reversus,
1623 4689 1868 4745 absolute
1900 4707 2029 4747 con-

445 4769 581 4824 cede
604 4771 819 4824 veniam
851 4781 910 4826 ut
932 4774 1255 4844 simpliciter
1272 4776 1472 4842 dicam,
1503 4779 1649 4834 unde
1683 4781 1776 4835 tibi
1805 4782 2025 4850 accidit,

447 4869 510 4914 ut
559 4877 721 4930 quam
776 4865 1029 4934 expedite
1097 4868 1393 4924 mundatus
1450 4870 1638 4938 fueris,
1699 4873 1826 4928 inde
1878 4878 2029 4931 omni

447 4953 610 5007 modo
642 4953 798 5009 decet
837 4957 1114 5028 indagare,
1176 4976 1278 5014 nec
1321 4962 1587 5017 absistere
1626 4980 1656 5018 a
1709 4966 1832 5021 vitae
1875 4967 2029 5036 puri-

449 5050 606 5097 tate:
668 5045 910 5114 alioquin
963 5065 1075 5103 non
1140 5053 1422 5124 continget
1479 5055 1637 5111 facile
1692 5060 1932 5128 quietem
2002 5077 2031 5117 a

448 5133 714 5189 molestiis
749 5136 996 5206 adipisci,
1047 5143 1143 5196 sed
1171 5153 1266 5198 aut
1298 5161 1395 5214 per
1440 5147 1644 5217 aliquid
1695 5166 1724 5204 e
1781 5155 2033 5222 supradi-

448 5226 572 5294 ctis,
618 5237 714 5282 aut
764 5231 928 5285 etiam
979 5234 1178 5304 aliqua,
1218 5237 1291 5290 si
1329 5255 1436 5294 non
1491 5258 1590 5311 per
1635 5245 1818 5300 omnia
1866 5249 2032 5302 simul

451 5319 768 5390 conjuncta.

529 5486 552 5520 ’
583 5485 603 5542 Ι
635 5485 833 5546 Thess.
861 5505 949 5556 ιιι,
990 5494 1076 5548 l7.

2103 3315 2332 3386 ,ρὸτητι,
2367 3314 2705 3386 διανάστηθι.
2746 3314 3030 3386 Προσευχή
3073 3330 3157 3368 σοι
3193 3313 3386 3367 τούτου
3419 3310 3697 3383 πρόξενος,

2126 3407 2230 3462 κᾶν
2253 3409 2338 3462 ἐπ’
2361 3406 2542 3477 ὀλίγον
2562 3407 2797 3479 κατέστη
2816 3405 3162 3478 παρατείνων
3184 3404 3408 3477 ταύτην·
3438 3405 3650 3469 Παῦλος
3669 3408 3698 3459 ὁ

2127 3500 2270 3564 θεῖος
2323 3499 2428 3572 πρὸ
2470 3500 2627 3572 ἡμῶν
2687 3517 2771 3553 σοι
2837 3498 2937 3570 τὴν
2991 3498 3322 3570 παραίνεσιν
3373 3501 3698 3570 εἰσηγεῖται,

2139 3589 2580 3658 Ἀδιαλειπτως,
2610 3591 2808 3660 λέγων,
2862 3591 3296 3660 προσεύχεσθε.
3328 3589 3471 3643 Ἀλλ’
3501 3591 3700 3660 ἐγκρα-

2125 3685 2278 3749 τείας
2297 3683 2358 3737 “rb
2374 3683 2545 3756 δῶρον
2558 3684 2680 3754 ἔχου
2697 3681 2942 3756 [ταύτης]
2965 3681 3287 3753 ὲπιμελέστε
3296 3697 3406 3751 ρον·
3425 3680 3586 3751 φύσει
3600 3681 3699 3749 γὰρ

2128 3774 2267 3849 αὑτῇ
2299 3773 2394 3831 καὶ
2417 3776 2619 3847 κράτος
2641 3777 2854 3848 ἄμαχον
2891 3773 3150 3844 πρόσεστι
3203 3774 3340 3841 πρὸς
3372 3773 3443 3827 τά
3484 3773 3698 3826 τοιαῦτα

2127 3867 2237 3921 τῶν
2295 3866 2655 3938 παθημάτων.
2725 3863 2865 3918 Ἀλλ’
2909 3863 2998 3916 ἐπ’
3051 3863 3188 3936 ἐλέῳ
3255 3864 3574 3933 πενομένων
3613 3862 3705 3932 ἀφ·

2134 3959 2300 4023 ίκετο,
2333 3959 2408 4029 μὴ
2442 3958 2709 4027 ἀφίστατο
2744 3956 2846 4026 τῆς
2875 3955 3248 4026 ὲλεημοσύνης
3272 3970 3288 3988 ·
3318 3954 3566 4027 μεγάλην
3599 3954 3704 4025 γὰρ

2131 4049 2362 4103 ἀνάπτει
2384 4047 2645 4118 λαμπάδα
2672 4046 2734 4100 τὺ
2766 4045 2909 4116 ἱερὸν
2943 4043 3091 4097 ἔλεον
3121 4045 3138 4086 i
3164 4043 3343 4110 τοῦτο,
3366 4044 3463 4097 καὶ
3496 4042 3709 4115 μερίζει

2129 4141 2228 4204 τὰς
2254 4138 2557 4212 ἐνεργείας,
2583 4139 2678 4192 καὶ
2704 4139 2827 4200 ταῖς
2869 4137 2968 4206 μὲν
3007 4136 3199 4205 φλέγει
3241 4136 3310 4188 τὰ
3351 4135 3524 4205 πάθη,
3587 4137 3708 4197 ταῖς

2130 4233 2188 4288 δὲ
2217 4231 2442 4302 φωτίζει
2464 4231 2559 4284 καὶ
2580 4229 2902 4284 κατευθύνει
2932 4229 3073 4298 πρὸς
3091 4228 3184 4281 τδν
3220 4225 3321 4297 τῆς
3355 4227 3553 4297 ἀρετῆς
3596 4225 3708 4294 δρό-

2109 4341 2237 4395 -μον
2283 4323 2352 4377 τὰ
2396 4321 2729 4392 διαδήματα.
2779 4318 2919 4372 Ἀλλ’
2965 4319 3048 4372 ὃτι
3090 4317 3314 4387 ἀφῆκας
3341 4318 3452 4378 τοῖς
3490 4313 3704 4380 δόξασιν

2133 4418 2214 4480 είς
2271 4415 2331 4469 σὲ
2395 4411 2943 4484 πεπλημμεληκέναι,
3006 4411 3056 4463 εί
3121 4409 3222 4481 μὲν
3281 4407 3534 4471 δυνατὸν,
3580 4405 3704 4476 μηδ’

2131 4507 2373 4580 ὁργίζου.
2407 4506 2470 4560 Εί
2491 4504 2535 4559 δ’
2583 4504 2885 4573 ὲξέπεσας,
2937 4501 3052 4556 ἀλλ’
3074 4497 3167 4555 οὖν
3211 4501 3299 4554 ἀεὶ¹
3339 4498 3448 4570 πρὸ
3488 4497 3712 4567 δυσμῶν

2132 4601 2282 4671 ἡλίου
2303 4600 2382 4662 είς
2404 4597 2628 4653 σεαυτὸν
2652 4595 2815 4650 ἀνιὼν
2833 4593 2847 4644 i
2867 4633 2883 4660 ,
2913 4595 3048 4658 ὅλως
3070 4593 3221 4662 γίνου
3240 4593 3338 4662 τῆς
3363 4589 3714 4658 συγγνώμης,

2129 4691 2225 4747 καὶ
2258 4690 2446 4754 ἁπλῶς
2481 4691 2680 4754 εἰπεῖν,
2711 4687 2779 4740 δι’
2808 4682 2869 4740 οὗ
2898 4704 2980 4740 σοι
3015 4687 3074 4738 ὲν
3123 4685 3322 4756 βραχεῖ
3371 4681 3716 4751 καθαρεῦσαι

2129 4785 2490 4858 προσεγένετο
2516 4823 2531 4848 ,
2561 4782 2650 4836 διὰ
2681 4781 2874 4834 τούτου
2921 4779 3176 4850 θηρεύειν
3217 4777 3306 4831 ἀεὶ
3352 4775 3427 4848 μὴ
3473 4774 3712 4842 ἀποστῇς

2130 4879 2225 4931 καὶ
2252 4876 2348 4948 τὴν
2367 4875 2456 4929 διὰ
2489 4875 2604 4944 βίου
2625 4871 2994 4952 καθαρότητα.
3018 4870 3229 4934 1Ἀλλως
3251 4870 3384 4940 γὰρ,
3411 4867 3590 4928 άλλως
3617 4864 3706 4917 οὐκ

2129 4970 2276 5023 ἔστιν
2296 4969 2433 5026 ὅλως
2476 4967 2660 5020 ἄνεσιν
2707 4965 2887 5034 εὑρεῖν
2931 4963 3042 5017 τῶν
3085 4960 3473 5032 ἐνοχλούντων,
3523 4957 3639 5010 ἀλλ’
3679 4955 3710 5024 ἢ

2137 5063 2226 5118 διά
2257 5080 2403 5126 τινος
2426 5061 2537 5115 τῶν
2561 5059 2888 5132 εἰρημένων,
2917 5059 2952 5128 ἦ
2979 5075 3164 5121 τινων,
3189 5056 3223 5128 ἢ
3251 5055 3350 5110 καὶ
3375 5053 3466 5109 διὰ
3496 5051 3711 5106 πάντων

2137 5173 2272 5227 αμα.

1721 5655 1950 5713 unum
1991 5630 2400 5716 LEcno-NES.

534 5795 562 5838 ιι
589 5798 717 5857 add.
761 5801 975 5872 μαθεῖν.
1055 5807 1073 5847 ί
1118 5807 1315 5865 ἔλαιον.
1394 5809 1408 5861 i
1459 5810 1716 5868 ἐπανιών.
