4024 6424
302 348 407 414 897

892 456 1113 509 eum.
1155 456 1298 524 nq'.

673 549 926 616 Ἀκακίῳ
944 548 1191 619 μοναχῷ
1221 549 1317 604 καὶ
1341 549 1539 619 ἰατρῷ.

1462 344 2005 408 EPISTOLARUM
2046 346 2275 405 LIBER
2315 345 2398 404 ΙΙ.

1910 466 1961 521 Α

3450 348 3559 413 898

2503 455 2719 510 EPIST.
2754 456 3035 511 LXXXVI.

2381 550 2573 604 Acacio
2602 552 2851 603 monacho
2875 561 2920 603 et
2954 551 3169 605 medico.

1526 651 1795 701 Montacut.
1820 650 1923 713 (ep.
1950 647 2056 709 1‘22,
2076 662 2125 710 p.
2150 648 2279 709 165),

370 744 530 815 Μέγα
575 746 748 801 κακὸν
799 748 832 817 ἡ
883 746 1125 815 δόκησις·
1180 748 1394 818 ἄφρονα
1437 750 1526 803 τὸν
1586 751 1874 821 ἄνθρωπον

298 840 477 900 ποιεῖ,
510 836 619 890 οὐδ’
650 838 1033 909 ἀπαλλαγῆναι
1077 838 1169 892 τοῦ
1203 839 1405 904 πάθους
1432 842 1514 913 ea,
1547 842 1668 895 οὐδὲ
1713 859 1877 912 μετα-

300 930 496 1000 μαθεῖν
538 931 599 981 τὸ
641 933 905 984 συνοῖσον.
960 930 1219 1003 Ἐχθρούς
1256 933 1387 1002 ὁρᾷν
1434 932 1719 985 ἀναπείθει
1752 934 1880 995 τοὺς

300 1021 583 1091 μεθέλκειν
628 1020 728 1090 τῆς
772 1021 982 1093 πλάνης
1036 1023 1130 1075 καὶ
1176 1022 1389 1093 βοηθεῖν
1440 1022 1875 1095 ἐπιχειροῦντας

295 1115 424 1176 τοὺς
445 1113 503 1167 δὲ
528 1114 962 1183 φλεγμαίνοντας
984 1113 1083 1185 τὴν
1102 1114 1256 1167 νόσον
1282 1114 1593 1177 κολακείαις
1618 1116 1711 1168 καὶ
1730 1115 1882 1168 ἀνία-

294 1220 388 1256 τον
420 1202 711 1267 ποιοῦντας
743 1204 910 1257 πλέον
934 1204 1233 1269 είσοικίζει.
1273 1206 1446 1275 Φεῦγε
1479 1207 1629 1279 πάσῃ
1656 1208 1881 1276 δυνάμει

293 1296 396 1363 τὴν
453 1294 653 1365 οἴησιν,
706 1296 949 1366 κρημνός
994 1297 1112 1349 ἐστι
1161 1295 1297 1366 βαθὺ
1373 1299 1554 1351 πᾶσαν
1606 1298 1881 1369 σωτηρίας

293 1386 482 1440 ἄνοδον
509 1387 936 1461 περιῃρημένος.

892 1587 1117 1641 ΕΠΙΣΤ.
1158 1588 1278 1643 ΠΖ¹.

829 1682 1069 1747 ἰσακίῳ
1094 1679 1361 1751 μαντικῷ.

2051 748 2301 817 Magnum
2337 744 2538 798 malum
2568 752 2651 798 est
2672 742 2855 811 opinio
2887 742 2991 805 sui,
3024 742 3247 796 stultum
3279 745 3423 798 enim
3461 746 3569 799 lio-

1980 855 2183 893 mmcm
2210 837 2409 901 reddit,
2440 852 2541 891 nec
2574 835 2769 889 morbo
2793 834 2999 903 patitur
3022 834 3261 899 liberari,
3308 844 3404 889 aut
3437 852 3561 889 sero

1979 932 2263 986 addiscere
2297 928 2444 999 quod
2504 927 2561 979 in
2596 942 2710 979 rem
2733 928 2875 991 erit;
2906 925 3015 979 imo
3039 925 3159 980 loco
3210 926 3560 981 inimicorum

1982 1022 2263 1075 habendos
2338 1018 2600 1089 suggerit,
2635 1017 2724 1086 qui
2765 1033 2984 1086 operam
3022 1018 3343 1086 impendunt
3403 1028 3464 1073 ut
3491 1020 3562 1072 ab

1980 1128 2166 1166 errore
2201 1112 2484 1165 retraliant
2515 1116 2570 1162 et
2597 1107 2966 1161 auxilientur:
3002 1123 3097 1161 eos
3129 1116 3309 1162 autem
3331 1109 3423 1178 qui
3459 1125 3560 1179 per

1981 1203 2351 1257 adulationem
2399 1199 2652 1254 morbum
2705 1198 3023 1253 exulcerant
3092 1208 3146 1253 et
3200 1200 3559 1253 insanabilem

1981 1295 2235 1359 reddunt,
2276 1294 2570 1349 familiares
2602 1294 2776 1365 magis
2824 1293 3020 1345 reddit.
3064 1290 3221 1346 Omni
3274 1308 3374 1363 ope
3397 1294 3560 1363 igitur

1975 1402 2245 1456 operaque
2277 1386 2587 1455 opinionem
2628 1386 2757 1449 vita,
2790 1385 2951 1437 inane
2973 1382 3332 1453 praecipitium
3361 1384 3562 1453 quippe

1980 1487 2084 1543 est,
2115 1493 2445 1547 omnemque
2470 1478 2705 1531 obstruit
2728 1476 2919 1531 salutis
2950 1490 3258 1530 ascensum.

2476 1591 2699 1645 EPIST.
2740 1589 3053 1644 LXXXVII.

2534 1682 2707 1737 Isacio
2735 1685 3010 1737 monacho.

1528 1802 1795 1853 Montacut.
1821 1802 1921 1865 (ep.
1947 1802 2053 1861 128,
2075 1816 2125 1865 p.
2153 1802 2285 1865 169).

363 1901 432 1953 EI
461 1900 553 1953 mi.
581 1900 719 1971 πρὸς
750 1899 1031 1971 θερισμὸν,
1065 1903 1151 1969 ἐφ’
1195 1903 1254 1955 ὸν
1275 1905 1303 1955 ὁ
1347 1904 1627 1974 Δεσπότης
1675 1905 1883 1971 σπλαγ-

2063 1900 2349 1969 Utcunque
2383 1901 2447 1954 ad
2500 1916 2734 1954 messem
2773 1899 2918 1954 illam
2961 1900 3268 1954 obeundam
3311 1899 3377 1954 ad
3398 1916 3563 1969 quam

288 1991 615 2061 κνιζόμενος
663 1993 995 2063 ἐργάζεσθαι
1024 1994 1233 2063 πέμπει
1276 1995 1403 2059 τοὺς
1452 1996 1735 2066 μαθητὰς,
1772 1998 1882 2048 ἀω-

290 2085 523 2153 ρότατος
557 2079 628 2135 εἷ’
657 2083 773 2135 ἀλλ’
804 2079 895 2136 οῦν
927 2084 1011 2154 ἐφ’
1048 2085 1107 2138 ὃν
1128 2087 1176 2137 οἱ
1208 2085 1455 2153 θερισταὶ
1489 2088 1883 2157 παραγίνονται

290 2174 524 2241 ἄγγελοι
546 2213 560 2237 ,
598 2175 694 2228 καὶ
718 2174 839 2228 λίαν
863 2177 1167 2247 ἐπιτήδειόν
1193 2194 1253 2229 σε
1276 2177 1551 2231 δείκνυσιν
1582 2182 1610 2231 ὁ
1638 2180 1737 2245 τῆς
1768 2179 1883 2249 ἡλι-

294 2266 428 2329 κίας
474 2267 684 2337 καιρός.
713 2267 839 2330 Πῶς
862 2264 975 2331 οῦν,
1020 2270 1140 2323 ἀντὶ
1168 2272 1265 2339 μὲν
1301 2269 1395 2324 τοῦ
1424 2270 1635 2341 καρπὸν
1673 2272 1879 2342 φέρειν,

292 2356 541 2418 ἀκάνθας
573 2358 851 2427 ὲκφέρεις;
879 2359 1090 2423 ζιζάνια
1118 2360 1175 2413 δὲ
1204 2362 1323 2414 ἀντὶ
1366 2362 1515 2413 σίτου
1544 2379 1558 2426 ;
1594 2362 1703 2414 Καὶ
1729 2361 1881 2414 οὐδὲν

292 2450 541 2519 ἐργῶδες
580 2450 640 2503 ὂν
666 2452 829 2503 καλὸν
860 2456 952 2504 καὶ
983 2452 1212 2519 ἀγαθὸν,
1241 2453 1343 2507 κᾶν
1372 2454 1469 2523 ὀψὲ
1509 2454 1604 2507 τοῦ
1652 2456 1843 2526 καιροῦ
1864 2495 1879 2518 ,

287 2542 386 2593 διὰ
424 2543 709 2612 μετανοίας
738 2544 1014 2612 γενέσθαι.
1048 2545 1119 2598 Σὺ
1148 2546 1205 2598 δὲ
1237 2547 1431 2600 σαυτὸν
1471 2547 1579 2600 εἴθε
1608 2547 1882 2619 ἄχρηστον

288 2634 434 2688 ἀλλά
461 2635 674 2690 δέδοικα
727 2637 802 2707 μὴ
856 2639 949 2690 καὶ
986 2639 1357 2709 αὐτοσαπρίας
1384 2641 1605 2709 ἀγγεῖον
1652 2642 1880 2713 ἐργάζῃ.

302 2727 454 2777 Ἀλλ’
485 2728 772 2795 ὲπίγνωθι,
796 2727 901 2782 κᾶν
931 2728 1026 2782 νῦν
1060 2731 1183 2801 ἤδη,
1218 2732 1307 2785 τὸν
1338 2732 1679 2802 ἀνθρώπινον
1708 2750 1878 2785 κατα-

287 2817 557 2888 δυόμενος
590 2819 723 2887 βίον,
759 2821 843 2873 ὅτι
887 2822 958 2875 τὰ
994 2824 1090 2893 μὲν
1122 2824 1410 2890 συνάγεται
1446 2825 1541 2876 καὶ
1570 2823 1883 2894 ἀποθησαυ-

291 2908 506 2979 ρίζεται
532 2912 611 2972 είς
644 2911 1016 2976 ἀκαταλύτους
1050 2912 1335 2983 ἀποθήκας
1359 2914 1451 2967 καὶ
1479 2912 1579 2982 τῆς
1608 2914 1878 2984 οὐρανῶν,

289 3000 547 3065 ἀξιοῦται
589 3001 906 3070 βασιλείαςο
957 3004 1025 3057 τὰ
1067 3004 1124 3057 δὲ
1164 3006 1515 3068 ἐκκόπτεται,
1543 3007 1598 3059 οῖ
1641 3024 1752 3076 μοι,
1786 3009 1881 3061 καὶ

290 3092 657 3159 ἐκϐάλλεται,
691 3096 783 3147 καὶ
829 3096 1191 3150 κατακαίεται
1221 3097 1302 3168 τῷ
1344 3098 1597 3169 ἐξωτέρω
1625 3100 1720 3153 καὶ
1756 3100 1879 3153 ἀτε-

291 3185 543 3255 λευτήτῳ
572 3188 709 3256 πυρὶ
732 3187 1028 3251 διαπαντὸς
1051 3189 1437 3259 δαπανώμενα.

857 3432 861 3437 1
917 3475 1141 3530 ΕΠΙΣΤ.
1174 3476 1306 3531 HH'.

291 3560 677 3628 Μητροφάνει
743 3564 987 3635 μοναχῷ
1032 3569 1131 3691 ,ἔρῃ
1184 3570 1505 3641 ἠσυχαστῇ
1549 3574 1630 3637 τῷ
1668 3575 1735 3627 ἐκ
1782 3579 1877 3628 Σι-

976 3654 1043 3691 κε
1088 3656 1202 3691 ιαρ.

976 3654 1202 3704 κελιας.

1988 1994 2369 2047 misericordiae
2396 1994 2695 2047 visceribus
2732 1992 2994 2047 Dominus
3025 2002 3202 2047 tactus
3232 1994 3417 2048 emisit
3456 1994 3565 2048 dis-

1985 2085 2193 2153 cipulos
2261 2100 2411 2149 suos,
2451 2085 2528 2138 sis
2556 2085 2791 2138 maxime
2835 2084 3190 2149 immaturus;
3220 2085 3285 2138 ad
3308 2085 3451 2139 illam
3486 2094 3566 2140 ta-

1984 2193 2133 2239 men,
2161 2177 2226 2231 ad
2257 2193 2418 2246 quam
2452 2192 2720 2231 messores
2745 2177 3065 2247 delegantur
3091 2177 3288 2244 angeli,
3326 2186 3458 2231 a-tas
3511 2188 3565 2233 te

1984 2279 2073 2323 tua
2102 2270 2255 2323 valde
2279 2278 2651 2339 comparatum
2680 2269 2858 2323 docet.
2879 2267 3034 2323 Unde
3056 2284 3205 2339 ergo,
3237 2269 3568 2338 proferendo

1983 2361 2220 2416 fructum
2266 2377 2388 2414 eum
2419 2361 2516 2423 sis,
2565 2361 2751 2430 spinas
2802 2359 3098 2429 producis?
3128 2360 3338 2413 zizauia
3378 2370 3564 2415 autem

1982 2469 2081 2522 pro
2117 2452 2439 2506 frumento?
2468 2452 2583 2505 Nec
2633 2460 2718 2505 est
2771 2465 3086 2521 operosum,
3126 2450 3300 2504 virum
3360 2450 3563 2505 bonum

1982 2546 2210 2615 probum
2244 2546 2381 2603 ﬁeri.
2414 2545 2541 2599 licet
2570 2545 2771 2608 serius,
2809 2560 2907 2613 per
2936 2543 3337 2613 paenitentiam.
3404 2543 3483 2596 Tu
3512 2554 3566 2598 te

1983 2648 2191 2703 autem,
2219 2639 2425 2691 utinam
2489 2636 2667 2690 solum
2723 2636 2995 2698 inutilem,
3046 2650 3260 2698 aenon,
3294 2635 3435 2705 quod
3470 2652 3565 2689 ve-

1985 2745 2127 2793 reor,
2176 2745 2269 2785 vas
2290 2730 2596 2797 depravatae
2623 2728 2987 2797 corruptionis
3037 2738 3088 2782 te
3128 2730 3374 2797 praebeas
3407 2733 3418 2780 !
3452 2729 3562 2783 Sed

1984 2828 2041 2873 tu
2069 2834 2420 2890 recognosce,
2441 2819 2524 2872 vel
2543 2833 2693 2873 nunc
2721 2818 2966 2880 tandem,
2996 2817 3089 2885 qui
3110 2817 3327 2886 penitus
3345 2819 3399 2870 in
3420 2832 3567 2871 mor-

1985 2910 2076 2964 tali
2110 2911 2219 2963 vita
2246 2912 2554 2977 immerges,
2585 2910 2731 2979 quod
2754 2918 3025 2977 suntquae
3065 2916 3464 2978 congregantur
3511 2916 3568 2961 et

1983 3003 2392 3069 reponunturiu
2412 3002 2707 3072 apothecas
2732 3004 2876 3058 haud
2905 3016 3143 3071 unquam
3168 3000 3564 3064 dissolvendas,

1981 3101 2038 3147 et
2103 3108 2269 3163 regno
2314 3096 2580 3149 caelorum
2630 3094 2793 3163 digna
2824 3094 3137 3148 habentur:
3185 3101 3333 3155 sunt,
3366 3092 3457 3159 qui
3482 3106 3572 3145 ex-

1988 3184 2331 3245 scinduntur,
2363 3184 2529 3247 eheu,
2560 3194 2617 3239 et
2639 3185 2957 3253 ejiciuntur,
3010 3192 3067 3237 et
3122 3183 3244 3253 igne
3285 3182 3565 3245 exteriori,

1988 3276 2080 3343 qui
2113 3290 2391 3344 nunquam
2416 3276 2814 3345 exstinguetur,
2847 3287 2903 3329 et
2932 3275 3148 3329 flamma
3193 3273 3569 3327 consumenda

1984 3375 2041 3419 et
2072 3366 2443 3421 comburenda
2472 3366 2836 3420 destinantur.

2472 3475 2695 3531 EPIST.
2733 3475 3068 3531 LXXXVIII.

2091 3567 2421 3635 MetrOpham'
2476 3568 2730 3621 nimiae/io
2760 3579 2806 3620 et
2847 3568 3165 3637 hesychasta!
3191 3584 3218 3620 ε
3251 3564 3457 3621 Sicilia.

1537 3758 1803 3811 llontacut.
1826 3763 1929 3825 (ep.
1953 3764 2059 3825 H9,
2080 3781 2129 3829 p.
2151 3768 2284 3828 205).

369 3851 533 3918 Μέγα
560 3852 657 3923 μὲν
669 3853 732 3906 τὸ
748 3853 913 3924 ἄλγος
938 3858 1078 3928 ὑπὲρ
1102 3861 1213 3914 τῶν
1239 3861 1579 3934 Ἐκκλησιῶν
1603 3867 1697 3919 τοῦ
1727 3868 1885 3921 Θεοῦ·

2067 3873 2292 3944 Magnus
2319 3884 2469 3929 certe
2497 3874 2651 3930 dolor
2671 3884 2773 3939 est,
2811 3875 2901 3944 qui
2924 3890 3023 3945 pro
3055 3873 3147 3927 Dei
3186 3873 3423 3928 Ecclesia
3452 3885 3567 3936 est;

291 3941 381 4002 εἰς
404 3940 513 4012 γὰρ
535 3944 635 4013 τὴν
664 3945 994 4016 οἰκουμένην
1018 3948 1188 4020 ἐχύθη
1214 3950 1275 4003 τὸ
1318 3955 1505 4005 κακόν·
1544 3956 1744 4024 μείζων
1766 3957 1821 4010 δὲ
1852 3961 1883 4031 ἡ

1994 3981 2119 4018 nam
2173 3968 2226 4019 in
2250 3966 2439 4020 orbem
2489 3968 2804 4022 universum
2859 3966 3159 4021 cﬂ‘unditur
3208 3966 3409 4019 malum
3452 3982 3465 4019 :
3517 3975 3573 4019 at

291 4034 465 4103 χαρά.
512 4036 600 4088 Ἐν
622 4037 729 4105 γάρ
754 4040 821 4108 τῇ
845 4038 1057 4110 ὐφηλίῳ
1084 4042 1423 4113 θαυμάζεται
1451 4047 1605 4116 ὑμῶν
1634 4049 1701 4101 τὰ
1723 4046 1883 4115 ἆθλα,

292 4126 397 4177 καὶ
452 4126 484 4193 ἡ
533 4128 725 4197 ἀρετή·
792 4129 887 4182 καὶ
942 4132 1141 4195 παντὸς
1209 4136 1478 4205 στόματός
1526 4140 1694 4206 ἐστιν,
1764 4142 1885 4194 ἀντὶ

291 4218 501 4280 παντὸς
530 4219 690 4273 ἄλλου
721 4222 747 4261 κ
774 4224 821 4275 οἱ
847 4223 1089 4294 λαμπροὶ
1113 4225 1268 4297 ὐμῶν
1296 4230 1528 4297 ἀγῶνες,
1550 4233 1641 4284 καὶ
1661 4231 1732 4284 τὰ
1752 4233 1880 4303 τρό-

290 4326 455 4372 παια,
488 4311 583 4362 καὶ
608 4312 637 4363 ὁ
676 4313 844 4377 πολὺς
872 4315 1079 4381 ἐκεῖνος
1116 4320 1211 4371 καὶ
1240 4319 1390 4386 ἄξιος
1416 4324 1525 4376 τῶν
1567 4326 1708 4395 ὑπὲρ
1734 4329 1871 4398 Χρι-

293 4398 427 4450 στοῦ
467 4400 829 4473 παθημάτων,
862 4412 1232 4479 μακαρισμός.

892 4608 1113 4669 ΕΠΙΣΤ.
1153 4614 1281 4669 ΠΘ¹.

305 4688 599 4759 Ἀλεσενίῳ
640 4696 907 4767 μοναχῷ,
933 4704 1314 4773 πρεσϐυτέρῳ
1374 4708 1473 4761 καὶ
1526 4711 1876 4783 ἠσυχαστῇ.
1912 4710 1960 4767 ι)

1994 4057 2173 4125 majus
2214 4066 2397 4110 tamen
2458 4058 2687 4112 resultat
2734 4059 3013 4129 gaudium.
3055 4056 3168 4111 Sub
3219 4058 3333 4111 sole
3370 4057 3572 4127 quippe

1990 4149 2339 4203 admirationi
2364 4150 2830 4214 suntcertamina,
2864 4158 2919 4203 et
2952 4151 3180 4204 virtutes
3220 4158 3345 4214 tua},
3402 4150 3574 4203 omni-

1990 4239 2094 4293 bus
2121 4238 2319 4311 linguis
2348 4251 2661 4303 narrantur,
2719 4256 2819 4295 nec
2849 4241 2994 4295 aliud
3038 4241 3334 4312 quidquam
3370 4256 3572 4311 agones

1982 4330 2082 4389 tui.
2117 4328 2346 4402 Tropaaa
2408 4341 2521 4397 tua,
2557 4333 2843 4399 multiplex
2876 4334 2965 4387 illa
2998 4333 3229 4388 felicitas
3253 4334 3570 4404 prazdicant,

1976 4436 2137 4489 quam
2168 4423 2390 4493 dignum
2421 4433 2473 4478 te
2506 4425 2773 4489 habitum,
2804 4425 2896 4495 qui
2918 4441 3017 4496 pro
3038 4424 3242 4481 Christi
3265 4440 3427 4481 causa
3454 4440 3551 4493 pa-

1984 4515 2156 4569 tiaris.

2480 4627 2701 4713 EI’IST.
2780 4628 3068 4683 LXXXIX.

2113 4718 2334 4773 Arsenio
2363 4722 2637 4784 monacho,
2675 4731 2720 4774 ct
2757 4723 3054 4790 presbytero
3087 4724 3437 4778 anacltorctw.

1541 4818 1806 4870 Montacut.
1833 4823 2068 4885 (ep.182,
2093 4839 2141 4887 p.
2164 4824 2297 4887 271).

372 4900 481 4956 Ἦν
533 4908 725 4985 καιρὸς
752 4909 847 4962 τοῦ
874 4913 1105 4981 γράφειν
1126 4917 1174 4981 ιι,
1217 4916 1403 4991 ὥσπερ
1448 4921 1543 4974 νῦν
1566 4923 1660 4976 τοῦ
1697 4928 1876 4995 σιγᾷν,

296 4992 392 5044 ὅτε
421 4994 570 5045 πᾶσα
600 4997 697 5065 μὲν
736 4998 947 5070 γαλήνη
983 5002 1072 5055 διὰ
1100 5006 1281 5076 πάσης
1310 5009 1535 5078 ὲκέχυτο
1579 4992 1875 5077 πολιτείας·

299 5085 507 5153 ἀρετῆς
557 5087 657 5152 δὲ,
701 5088 804 5159 τῆς
858 5090 953 5144 νῦν
1019 5094 1362 5166 γελωμένης,
1427 5102 1770 5174 ἐθαυμάζετο
1822 5107 1882 5159 τὸ

299 5174 495 5246 χρῆμα
515 5194 528 5205 ·
554 5180 651 5229 καὶ
679 5179 933 5235 εὐσέϐεια
989 5185 1087 5253 μὲν
1117 5190 1177 5237 τὸ
1211 5190 1415 5258 κράτος
1458 5188 1624 5262 εἶχεν·
1654 5196 1884 5263 ἀλήθεια

300 5266 360 5317 δὲ
393 5266 520 5332 (ποῦ
545 5267 640 5321 νῦν
671 5270 885 5341 ἀπῆρες
912 5275 952 5337 ;)
1001 5277 1095 5328 καὶ
1120 5277 1339 5350 γλώσσῃ
1364 5283 1457 5335 καὶ
1488 5285 1677 5349 ἀκοαῖς
1708 5287 1881 5357 ἐπαρ-

305 5358 623 5427 ρησιάζετο,
660 5362 749 5414 ὅτε
784 5362 844 5415 τὸ
888 5365 1164 5421 πολιτικὸν
1196 5371 1253 5423 ἐν
1288 5372 1579 5443 εὐθυμίαις
1610 5379 1885 5450 ἐπανηγῦ-

457 5453 887 5519 σωφρονούσαιςο
926 5459 1021 5510 καὶ
1042 5459 1070 5509 ὁ
1099 5462 1387 5532 φιλόσοφος
1411 5466 1555 5535 βίος,
1603 5470 1738 5539 πρὸς

305 5539 411 5593 τῶν
442 5542 613 5609 ἁγίων
655 5546 866 5616 ἀνδρῶν
908 5549 1321 5623 ἀνατεινόμενος
1368 5558 1622 5629 μίμησιν,
1660 5539 1884 5633 ἀξιοζή-

2063 4928 2190 4983 Erat
2219 4938 2433 4997 tempus
2460 4929 2759 4996 scribendi,
2808 4940 2869 4985 ut
2890 4946 3037 4985 nunc
3058 4939 3142 4985 est
3162 4931 3399 4996 tacendi,
3446 4948 3571 4988 eum

1988 5035 2090 5090 pax
2121 5029 2176 5074 et
2212 5020 2573 5088 tranquillitas
2593 5036 2690 5090 per
2746 5030 2909 5075 lotam
2952 5020 3339 5089 rempublicam
3368 5022 3575 5076 diﬂun-

1992 5109 2214 5163 deretur
2248 5128 2260 5161 :
2305 5109 2501 5171 virtus,
2544 5125 2663 5178 quae
2690 5124 2837 5164 nunc
2865 5109 3100 5163 ludibrio
3139 5110 3390 5173 habetur,
3445 5126 3571 5165 cum

1992 5209 2140 5255 esset
2166 5201 2514 5254 admirationi
2550 5216 2562 5252 :
2613 5210 2669 5254 et
2700 5202 2870 5269 pietas
2904 5201 3013 5255 vim
3062 5216 3217 5255 suam
3274 5202 3568 5256 obtineret.

1992 5291 2203 5346 Veritas
2265 5292 2390 5361 (oh!
2444 5309 2551 5364 quo
2598 5308 2745 5347 nunc
2777 5294 3056 5365 autugisti)
3082 5310 3207 5350 cum
3236 5302 3291 5349 et
3326 5295 3499 5349 oculis
3517 5304 3572 5349 et

1990 5383 2186 5455 linguis
2226 5384 2502 5439 liberrima
2540 5384 2801 5439 insideret
2844 5404 2859 5440 τ
2907 5396 3084 5442 status
3127 5388 3299 5441 civilis
3330 5387 3569 5441 oblecta-

1996 5473 2235 5527 tionibus
2255 5474 2517 5530 modestis
2543 5490 2601 5529 se
2625 5476 2908 5531 reﬁciebat
2931 5494 2943 5529 :
2980 5488 3035 5533 et
3064 5479 3175 5533 vita
3197 5477 3569 5548 philosophica

1994 5565 2061 5619 ad
2113 5565 2467 5621 imitationem
2518 5576 2833 5623 sanctorum
2898 5569 3139 5626 virorum
3207 5569 3568 5633 conformata,

1606 5694 1839 5750 VARle
1881 5698 2283 5757 LECTIONES.

384 5765 411 5805 λ
441 5765 701 5838 διήγημα.
