4024 6442
493 315 600 380 899

1630 317 1895 381 PHOTII
1935 316 2445 378 PATBIARCHIE
2487 316 2598 378 CP.

3661 324 3768 390 900

495 432 657 502 digna
697 438 754 485 et
780 429 897 501 ipsa
925 432 1284 502 reputabatur
1337 433 1690 498 imitatione:
1727 433 2072 490 sacerdotalis

2179 429 2348 493 λωτος
2402 428 2719 500 ἐνομίζετο,
2762 427 2824 482 τὸ
2879 429 3152 500 ἱερατικὸν
3215 429 3312 484 καὶ
3361 431 3768 504 ἀρχιερατικδν,

495 524 632 579 ordo
669 533 724 578 et
756 525 1105 596 episcopalis,
1135 543 1247 582 non
1269 537 1381 584 tam
1398 543 1497 598 per
1521 543 1673 584 sacra
1700 543 1798 582 sua
1824 525 2080 597 insignia,

495 631 658 685 quam
689 632 788 686 per
811 618 1031 672 virtutis
1082 619 1329 675 actiones
1360 619 1586 675 illustris
1619 630 1786 681 esset,
1816 627 1872 673 et
1904 626 2083 672 secta-

497 717 647 762 tores
675 711 1054 780 agnoscendos
1082 713 1390 769 exhiberet.
1419 713 1490 769 At
1535 727 1684 767 nunc
1709 711 1858 782 quod
1901 709 2081 766 scribo

496 799 676 854 threni
739 809 890 866 sunt,
939 800 996 854 in
1044 802 1241 872 quibus
1304 802 1570 860 Jeremias
1628 818 1731 858 nos
1795 799 2077 872 praevenit.

498 889 640 944 Sunt
687 892 832 946 enim
893 903 1077 948 nostra
1129 895 1186 949 in
1240 895 1518 966 prmsenti,
1559 910 1722 964 quam
1760 893 1850 947 illa
1901 900 2078 956 erant,

497 981 914 1052 haudquaquam
963 984 1323 1040 tolerabiliora
1363 1003 1376 1039 :
1445 985 1678 1055 suspiria
1722 982 1940 1038 scribo?
1984 981 2080 1035 sed

497 1088 618 1141 qtae
641 1073 728 1126 illa
759 1083 814 1128 et
838 1075 1017 1143 qualia
1047 1085 1199 1130 tanto
1235 1076 1500 1131 malorum
1536 1074 1766 1130 torrenti
1799 1083 1930 1128 sunt
1959 1071 2078 1127 suf-

503 1165 749 1219 fectura?
799 1166 1159 1238 lacrymarum
1217 1168 1383 1234 rivos,
1430 1184 1598 1223 unum
1643 1177 1768 1238 post
1805 1167 1948 1221 aliud
1971 1181 2082 1219 ma-

503 1257 618 1310 lum
643 1257 987 1323 incumbens,
1025 1260 1097 1313 ita
1126 1261 1380 1316 exhausit
1409 1270 1470 1315 ut
1503 1260 1602 1330 ipsi
1629 1260 1811 1314 fontes
1848 1272 2082 1312 exarue-

498 1349 610 1402 rint
639 1368 655 1416 ;
689 1361 876 1404 sancta
911 1350 1287 1420 profanantur,
1323 1368 1476 1408 sacra
1505 1351 1918 1416 conculcantur,
1951 1364 2079 1404 san-

498 1450 620 1496 ctus
647 1441 882 1512 Spiritus
911 1444 963 1514 (o
997 1443 1138 1498 labia
1161 1445 1425 1514 impia,et
1456 1446 1665 1500 animas
1690 1445 1862 1514 magis
1886 1444 2079 1514 impro-

498 1534 637 1604 bas),
671 1537 874 1606 utquid
905 1551 934 1591 e
959 1537 1140 1600 trivio,
1194 1538 1550 1608 blasphemiis
1581 1537 1871 1592 incessitur
1897 1545 1953 1592 et
1995 1536 2080 1590 lu-

497 1626 707 1681 dibriis.
751 1629 996 1693 Deserta,
1032 1637 1268 1694 montes,
1304 1631 1604 1700 Spelunca,
1632 1638 1875 1684 extrema
1904 1638 2079 1684 terra-

2182 524 2281 594 ούχ
2313 520 2456 576 οὕτω
2477 521 2566 576 διά
2592 521 2702 574 τῶν
2731 519 3062 575 τελεστικῶν
3095 523 3408 592 συμϐόλων,
3439 525 3632 596 ὥσπερ
3661 527 3770 581 ἀπὸ

2180 615 2290 668 τῶν
2332 613 2797 684 κατορθωμάτων,
2840 609 2924 678 οἷς
2964 615 3341 686 περιέλαμπον
3384 617 3514 677 τοὺς
3564 620 3772 688 μυομέ-

2181 721 2335 771 νους,
2372 702 2743 775 ἐγνωρίζοντο.
2771 703 2885 758 Νῦν
2906 704 2965 758 δὲ
2999 705 3056 760 τί
3093 707 3290 778 γράφω
3313 724 3329 774 ;
3353 707 3626 780 θρήνους;
3655 708 3771 763 ἀλλ’

2180 796 2209 848 ὁ
2252 793 2704 866 συμπαθέστατος
2765 794 3038 867 Ἱερεμίας
3079 797 3370 867 προλαϐὼν
3403 800 3590 868 ἡμᾶς,
3642 800 3771 866 τοὺς

2183 883 2413 956 θρήνους
2453 885 2755 939 ἀπέδωκεν·
2783 886 2846 940 οὐ
2889 888 3002 958 γάρ
3031 888 3261 944 ἐκείνων
3305 889 3374 943 τά
3404 886 3501 944 νῦν
3545 890 3772 946 άνεκτόυ

2179 993 2336 1048 τερα.
2382 975 2542 1030 Ἀλλά
2572 975 2942 1048 στεναγμούς;
2972 979 3066 1032 καὶ
3093 978 3282 1050 τίνεςῆ
3310 981 3452 1034 ποῖοι
3467 979 3772 1053 τηλικαύτῃ

2182 1071 2323 1141 φορᾷ
2350 1069 2628 1142 δυσχερῶν
2656 1072 3025 1142 ὲπαρκέσουσι
3050 1091 3065 1141 ;
3095 1073 3205 1128 τῶν
3241 1074 3496 1148 δακρύων
3527 1075 3654 1129 ἄλλο
3679 1074 3770 1129 ἐπ⁹

2180 1161 2327 1232 ἄλλῳ
2355 1161 2528 1226 πάθος
2560 1163 3007 1234 προκαλούμενον
3049 1165 3112 1219 τὸ
3155 1166 3392 1239 ῥεῖθρον,
3437 1167 3538 1232 τάς
3583 1167 3771 1238 πηγὰς

2179 1254 2502 1326 ἀνεξήρανε,
2529 1255 2596 1308 τά
2623 1255 2756 1324 ἆγια
2784 1255 3128 1327 βεϐηλοῦται,
3161 1258 3228 1313 τά
3257 1258 3380 1329 ἱερὰ
3407 1259 3773 1330 συμπεπάτη-

2179 1363 2270 1400 ται
2295 1360 2308 1375 ·
2352 1347 2414 1399 τὸ
2442 1348 2712 1415 πανάγιον
2741 1347 2967 1419 Πνεῦμα
2999 1347 3074 1419 (ὦ
3094 1349 3318 1419 χειλέων
3348 1348 3645 1415 δυσσεϐὦν,
3672 1349 3774 1403 καὶ

2178 1436 2416 1502 διανοίας
2438 1439 2871 1510 δυσσεϐεστέρας
2896 1441 2908 1493 !
2931 1439 2952 1510 )
2980 1439 3171 1513 ὥσπερ
3205 1460 3254 1496 τι
3278 1442 3388 1496 τῶν
3419 1445 3486 1496 ἐκ
3511 1443 3726 1513 τριόδου
3750 1479 3770 1508 ,

2179 1529 2547 1602 δυσφημεῖται
2576 1533 2672 1586 καὶ⁵
2709 1532 3058 1605 διασύρεται·
3102 1533 3331 1604 ἐρημία,
3373 1533 3469 1587 καὶ
3497 1532 3632 1604 ὄρη,
3669 1531 3772 1586 καὶ

2181 1621 2460 1691 σπήλαια,
2500 1623 2596 1676 καὶ
2637 1623 2737 1693 τῆς
2783 1624 2888 1694 γῆς
2929 1623 3204 1694 ἐσχατιαὶ,
3255 1625 3384 1687 τοὺς
3435 1625 3601 1694 ίερείς
3626 1620 3771 1676 Θεοῦ

497 1733 618 1770 rum
647 1716 738 1772 Dei
770 1719 1083 1773 sacerdotes
1104 1728 1158 1773 et
1184 1719 1490 1790 episcopos,
1549 1719 1642 1789 qui
1671 1719 1822 1790 prius
1851 1718 2072 1773 vinculis

2181 1715 2277 1767 καὶ
2317 1715 2594 1786 ἀρχιερεῖς
2619 1755 2636 1782 ,
2681 1715 2854 1782 ὅσους,
2897 1716 2972 1787 μὴ
3041 1716 3514 1786 προκατελάϐοντο
3567 1714 3774 1786 πικραὶ

496 1809 886 1875 acerbioribus,
929 1819 985 1864 et
1010 1810 1215 1865 exsiliis
1245 1811 1598 1876 tenebantur,
1633 1811 1722 1864 vix
1743 1811 1923 1864 salvos
1938 1825 2072 1880 pra:-

2183 1807 2443 1875 φυλακαὶ,
2465 1809 2560 1861 καὶ
2580 1809 2864 1881 ύπερόριοι
2888 1809 3198 1880 φυγαδεῖαι,
3227 1809 3380 1880 μόλις
3411 1806 3770 1873 διασώζουσι·

498 1910 653 1955 stant
699 1917 713 1954 :
761 1915 865 1956 nec
919 1884 1152 1957 ulterius
1183 1902 1287 1957 ista
1319 1917 1643 1973 persequor.
1673 1902 1806 1956 Nam
1839 1901 2072 1972 profecto

2183 1900 2276 1952 καὶ
2299 1897 2452 1953 οὔπω
2485 1899 2628 1969 λέγω
2648 1901 2716 1955 τά
2746 1901 2914 1956 ἀλλα·
2944 1900 3065 1955 οὐδὲ
3101 1901 3232 1971 γὰρ,
3255 1901 3365 1956 οὐδ’
3394 1898 3772 1970 ἀποδύρεσθαι

495 1991 818 2061 impendens
863 1993 1357 2048 eomminationum
1407 2003 1591 2048 metus
1646 1994 1792 2047 haud
1845 1994 2072 2062 patietur

2180 1992 2248 2043 τά
2275 1992 2566 2061 συνέχοντα
2593 1993 2773 2048 πάντα
2805 1991 2870 2063 (ὃ
2899 1992 3061 2062 μόνον
3085 1987 3175 2063 ἦν,
3219 1991 3294 2054 ὼς
3336 1992 3396 2044 ἐν
3421 1990 3771 2062 τηλικούτοις

493 2084 585 2138 illa
620 2083 802 2137 omnia
851 2084 1137 2154 deplorare
1169 2084 1370 2154 quibus
1403 2085 1687 2140 constricti
1725 2093 1976 2139 tenemur
2004 2085 2072 2155 (et

2181 2086 2392 2148 κακοῖς,
2443 2085 2552 2137 τῶν
2583 2085 2881 2156 συμφορῶν
2911 2083 3281 2156 παραμύθιον)
3315 2085 3346 2137 ὁ
3378 2085 3770 2154 ἐπηρτημένος

495 2187 676 2230 tamen
707 2185 768 2231 ut
792 2177 847 2230 in
875 2177 1144 2244 ejusmodi
1179 2177 1338 2233 malis
1389 2178 1642 2232 solatium
1674 2177 2076 2246 quaerebatur).

491 2271 622 2324 Haec
643 2286 744 2340 ego
770 2271 971 2333 scribo,
1000 2286 1122 2340 quae
1153 2279 1213 2325 tu
1241 2270 1385 2325 nosti
1409 2269 1633 2340 optime,
1657 2285 1780 2324 cum
1810 2269 1929 2323 visu
1956 2283 2079 2336 per-

493 2371 674 2429 cepta,
705 2369 820 2416 tum
850 2362 1038 2416 auditu
1073 2379 1087 2415 :
1123 2362 1220 2418 sed
1269 2378 1370 2435 ego
1399 2363 1596 2418 doctus
1635 2362 1703 2416 ab
1746 2362 2078 2430 experientia

489 2463 546 2506 et
577 2452 800 2508 Christo
833 2455 1194 2525 compatiens,
1225 2455 1326 2510 ista
1355 2455 1538 2510 scribo
1568 2471 1582 2508 :
1613 2454 1852 2510 consiste
1889 2464 2076 2508 autem

491 2561 589 2615 per
618 2547 787 2601 Deum
819 2547 1091 2617 placatum
1119 2548 1392 2603 redditum
1415 2547 1674 2620 ﬁgmento
1707 2562 1808 2601 suo
1840 2565 1853 2600 :
1890 2547 2078 2603 attolle

489 2646 710 2692 sanctas
743 2646 864 2692 tuas
892 2638 961 2694 ad
1004 2638 1156 2693 illum
1194 2654 1412 2705 manus,
1467 2638 1560 2708 qui
1613 2653 1741 2692 suas
1787 2637 2077 2707 aliquando

486 2726 542 2779 in
562 2741 746 2793 cruce,
771 2736 1028 2798 tanquam
1047 2729 1458 2800 deprccatorias
1480 2729 1843 2784 extendebat:
1869 2729 2076 2796 clavos,

489 2817 762 2882 lanceam,
793 2819 1136 2890 sanguinem,
1180 2827 1438 2886 mortem,
1458 2820 1790 2890 sepulturam
1814 2835 1912 2890 per
1956 2836 2078 2891 qua:

487 2910 783 2965 salvamur.
815 2909 994 2967 Habes
1023 2911 1169 2967 unde
1196 2912 1459 2983 impetres
1481 2928 1511 2967 a
1547 2911 1904 2968 misericorde
1952 2927 2077 2983 per-

485 3003 830 3057 secutionum
859 3003 1304 3070 allevamentum,
1331 3015 1655 3060 vexatorum
1703 3019 1803 3074 pro
1858 3005 2066 3074 pietate

485 3095 874 3164 constantiam,
929 3096 1257 3152 dilaceratos
1303 3113 1518 3168 greges,
1584 3107 1832 3168 pastores
1873 3098 2070 3168 partim
2098 3117 2145 3180 ο

485 3187 578 3241 ubi
613 3193 881 3242 terrarum
901 3187 1226 3244 delitescant
1254 3188 1564 3261 incognitos
1600 3205 1614 3243 :
1641 3188 1940 3244 Ecclesiam
1972 3187 2068 3244 Dei

486 3277 543 3331 in
595 3287 779 3347 partes
836 3278 1066 3333 scissam
1105 3289 1163 3334 et
1207 3280 1476 3334 divulsam
1505 3299 1519 3336 :
1553 3279 1746 3336 dividit
1763 3281 1911 3334 enim
1949 3295 2070 3334 eam

481 3367 578 3422 Dei
617 3367 798 3434 timor,
845 3381 901 3424 et
945 3370 1218 3425 humanus
1260 3380 1462 3426 metus.
1495 3370 1750 3426 Divinum
1788 3371 2069 3426 oraculum

481 3461 702 3516 mentiri
731 3461 939 3530 nequit,
971 3463 1048 3517 ait
1073 3471 1253 3518 autem
1292 3479 1307 3517 :
1346 3463 1577 3534 Spiritus
1600 3465 1810 3536 quidem
1845 3473 2070 3533 paratus

481 3563 580 3619 est,
607 3554 914 3622 inﬁrmatur
935 3564 1114 3610 autem
1149 3572 1273 3610 caro
1293 3557 1356 3611 ³ο.
1385 3555 1512 3612 Hazc
1540 3572 1655 3627 pra:
1676 3565 1730 3612 te
1759 3556 1920 3622 ferto,
1946 3571 2068 3627 qua:

479 3650 684 3705 melius
708 3649 824 3721 ipse
847 3653 993 3708 nosti
1019 3668 1116 3723 per
1156 3669 1278 3724 qua:
1313 3654 1403 3710 illa
1434 3655 1774 3724 impetrabis.
1800 3652 1935 3708 Nam
1970 3669 2070 3725 per

480 3759 604 3812 qua:
623 3758 718 3800 cor
745 3760 943 3815 purum
972 3747 1157 3818 (modo
1179 3748 1273 3818 qui
1302 3748 1617 3804 hominibus
1647 3747 1924 3820 possibilis
1952 3749 2066 3814 est)

481 3849 592 3904 quo
641 3835 834 3903 Deum,
867 3837 1056 3892 vident
1083 3837 1155 3892 illi
1188 3839 1413 3908 propius
1433 3839 1727 3903 intuentes,
1764 3839 1837 3893 ita
1867 3838 2069 3894 rectius

479 3927 794 4000 intelligunt
826 3928 1089 3998 placatior
1113 3929 1204 3984 ille
1230 3930 1497 3986 redditur.
1519 3929 1883 3985 Mediatricem
1913 3945 2066 3984 com-

477 4018 620 4088 pella
677 4020 1078 4090 deprecationis
1118 4019 1281 4078 Verbi
1341 4022 1566 4078 Matrem
1604 4021 2065 4093 Virginem,illam

479 4109 732 4174 inclama,
755 4118 965 4165 naturae
985 4110 1061 4164 illi
1105 4121 1468 4182 repraesentes
1496 4111 1919 4167 imbecillitatem
1945 4125 2066 4164 ma-

476 4215 639 4272 gnam
670 4210 725 4255 et
755 4200 1184 4272 inexplicabilem
1215 4221 1230 4258 :
1257 4203 1575 4274 tragoediam
1600 4212 1845 4259 nostram
1865 4202 2068 4258 intelli—

475 4290 553 4361 git
579 4307 594 4356 ;
642 4291 798 4346 novit
826 4301 1072 4364 cognatae
1101 4305 1311 4350 natura:
1332 4294 1617 4350 misereri:
1645 4309 1894 4349 assumas
1942 4293 2069 4348 licet

473 4392 776 4454 martyrum
793 4383 1010 4451 choros,
1029 4386 1338 4443 libertatem
1355 4389 1568 4459 plenam
1592 4388 1823 4444 adeundi
1840 4387 2063 4448 habent.

2178 2173 2287 2227 τῶν
2331 2175 2572 2228 ἀπειλῶν
2625 2177 2792 2245 φόϐος
2838 2177 3106 2231 ἐνδίδωσι·
3137 2177 3314 2232 ταῦτα
3359 2177 3600 2249 γράφω·
3644 2177 3770 2231 ἀλλ’

2179 2263 2322 2336 ἔχεις
2345 2265 2442 2337 τὴν
2465 2267 2670 2322 τούτων
2695 2268 2920 2337 γνῶσιν,
2940 2269 3129 2341 ὥσπερ
3155 2269 3280 2339 ὄψει
3309 2271 3405 2324 καὶ
3434 2271 3597 2341 ἀκοῇ,
3620 2269 3771 2323 οὕτω

2175 2357 2233 2411 δὲ
2276 2360 2616 2430 συμπάσχων
2658 2359 2882 2432 Χριστῷ
2903 2399 2919 2425 ,
2956 2361 3052 2414 καὶ
3075 2363 3211 2432 αὐτῇ
3243 2365 3310 2432 τῇ
3341 2361 3542 2433 πείρᾳ,
3571 2360 3681 2432 ἔχω
3711 2361 3770 2415 τί

2176 2446 2394 2517 γράψω·
2429 2449 2588 2518 στῆθι
2617 2451 2756 2521 πρὸς
2790 2450 2949 2518 Θεὸν,
2997 2450 3366 2522 ἐξευμενίζων
3390 2451 3482 2505 τὸν
3509 2453 3770 2523 Πλάστην

2175 2539 2254 2609 τῷ
2284 2540 2583 2611 πλάσματι·
2617 2541 2856 2596 ἔκτεινον
2898 2545 3080 2608 ὁσίους
3107 2561 3201 2598 σου
3232 2547 3445 2616 χεῖρας,
3469 2544 3571 2609 τὰς
3596 2545 3768 2600 ἐκτα-

2178 2632 2365 2696 θείσας
2401 2633 2572 2687 αὑτοῦ
2600 2635 2856 2706 παλάμας
2881 2637 2939 2689 ἐν
2977 2633 3069 2708 τῷ
3088 2637 3304 2708 σταυρῷ
3327 2675 3342 2700 ,
3367 2636 3443 2700 ὡς
3479 2637 3769 2709 ἱκετηρίαν

2176 2726 2498 2796 προτείνων·
2547 2727 2676 2791 τοὺς
2719 2727 2916 2792 ἥλους,
2966 2727 3067 2799 τὴν
3093 2727 3319 2799 λόγχην,
3368 2727 3431 2782 τὸ
3474 2725 3634 2799 αἷμα,
3665 2728 3768 2782 τὸν

2177 2815 2429 2882 θάνατον,
2453 2818 2546 2872 τὸν
2578 2820 2769 2889 τάφον,
2810 2819 2878 2873 δι’
2916 2813 2992 2875 ὧν
3032 2819 3378 2891 σεσώσμεθα·
3405 2819 3552 2892 ἔχεις
3589 2819 3656 2874 δι’
3683 2813 3766 2876 ὧν

2175 2908 2520 2980 δυσωπήσεις
2559 2910 2652 2962 τὸν
2711 2910 2986 2978 εύϊλατον,
3031 2911 3130 2982 τὴν
3180 2909 3466 2983 βαρύτητα
3495 2911 3606 2964 τῶν
3636 2909 3768 2964 διω-

2173 3000 2353 3072 γμῶν·
2380 3001 2490 3056 τῶν
2519 3001 2868 3075 διωκομένων
2892 3003 2954 3058 τὸ
2977 3002 3119 3075 ὑπὲρ
3145 3003 3431 3067 εὐσεϐείας
3454 3003 3762 3058 ἀνένδοτον·

2173 3094 2242 3148 τά
2294 3094 2522 3164 ποίμνια
2569 3094 3023 3167 σπαρασσόμενα·
3077 3096 3206 3160 τοὺς
3255 3095 3559 3167 ποιμένας,
3608 3096 3765 3148 ἐστιν

2171 3186 2286 3253 οὓς,
2311 3187 2422 3241 οὐδ’
2447 3187 2572 3242 ὅποι
2593 3189 2696 3259 γῆς
2725 3190 2834 3242 είσι
2851 3190 3288 3260 γινωσκομένους
3313 3189 3412 3262 τὴν
3434 3187 3765 3260 Ἐκκλησίαν

2169 3277 2306 3332 Θεοῦ
2333 3279 2840 3353 κατατεμνομένην,
2869 3283 3053 3353 οίμοι,
3093 3282 3190 3338 καὶ
3229 3283 3623 3356 μεριζομὲνην·
3661 3301 3763 3355 με-

2173 3372 2383 3442 ρίζεται
2411 3374 2521 3444 γάρ
2547 3373 2720 3444 αὐτὴν
2753 3373 2917 3443 φόϐος
2945 3375 3084 3428 Θεοῦ
3104 3414 3123 3440 ,
3166 3376 3260 3429 καὶ
3285 3376 3452 3445 φόϐος
3481 3377 3763 3448 ἀνθρώπι-

2170 3484 2279 3534 νος·
2309 3467 2433 3522 onst
2475 3467 2607 3541 γὰρ,
2634 3469 2747 3522 οὐδ’
2777 3469 2893 3523 ἔστι
2922 3469 3017 3524 τὸν
3045 3469 3189 3524 θεῖον
3215 3469 3598 3540 διαψεύδεσθαι
3622 3489 3759 3544 χρη-

2171 3563 2326 3632 σμόν·
2347 3561 2416 3617 Τὸ
2437 3561 2556 3631 μὲν
2571 3563 2809 3633 πνεῦμα
2820 3564 3150 3634 πρόθυμον,
3163 3565 3202 3634 ἠ
3214 3564 3283 3619 δὲ
3298 3565 3456 3635 σὰρξ
3467 3565 3752 3634 ἀσθενής.

2171 3651 2359 3706 Ταῦτα
2394 3651 2670 3723 προϐαλοῦ
2693 3691 2710 3718 ,
2745 3652 2948 3724 μᾶλλον
2991 3653 3047 3707 δὲ
3073 3654 3266 3720 αὐτὸς,
3296 3655 3365 3710 δι’
3393 3649 3470 3710 ὧν
3508 3656 3754 3727 δυσωπή-

2169 3760 2314 3809 σεις,
2344 3739 2513 3810 οἶδας·
2545 3741 2626 3807 οἷς
2654 3745 2763 3817 γάρ
2797 3747 2832 3817 ἡ
2855 3743 3052 3816 καρδία
3085 3746 3303 3817 καθαρά
3323 3787 3340 3816 ,
3365 3747 3462 3802 ἅτε
3486 3747 3553 3820 δὴ
3598 3747 3745 3811 Θεὸν,

2167 3838 2244 3900 ὡς
2293 3836 2443 3890 ἔστιν
2487 3835 2764 3909 ἀνθρώπῳ
2809 3836 3038 3893 δυνατὸν
3089 3837 3244 3904 ἰδεῖν,
3284 3839 3584 3910 ἐνορῶσιν·
3610 3833 3750 3894 οὗτοι

2171 3931 2374 4002 μᾶλλον
2399 3928 2508 3983 τῶν
2546 3929 2724 3986 ἄλλων
2752 3930 3032 3995 συνίσασι,
3078 3933 3174 3987 καὶ
3202 3925 3284 3996 οἷς
3308 3931 3750 4002 ἐκμειλίσσεται·

2169 4023 2392 4095 κίνησον
2423 4025 2650 4096 μεσίτην
2685 4025 2790 4096 τῆς
2823 4026 3121 4098 πρεσϐείας
3139 4067 3159 4093 ,
3177 4027 3279 4097 τὴν
3304 4027 3402 4081 τοῦ
3429 4027 3605 4096 Λόγου
3635 4027 3757 4097 Μη-

2167 4115 2302 4187 τέρα
2335 4117 2432 4171 καὶ
2473 4116 2770 4188 Παρθένον·
2809 4118 3002 4190 βόησον
3032 4121 3169 4191 πρὸς
3197 4119 3372 4188 αὐτὴν
3410 4119 3508 4190 τῆς
3537 4117 3754 4188 φύσεως

2166 4206 2268 4278 τὴν
2308 4207 2598 4263 ἀσθένειαν
2644 4209 2746 4280 τὴν
2784 4210 3005 4282 μακρὰν
3051 4209 3212 4282 ήμῶν
3254 4211 3348 4264 καὶ
3398 4209 3752 4278 ἀνιστόρητον

2168 4300 2338 4354 πᾶσιν
2379 4301 2721 4372 τραγῳδίαν·
2771 4297 2916 4357 οἶδεν
2965 4301 3321 4373 συμπαθῆσαι
3372 4301 3449 4372 τῷ
3495 4301 3745 4372 όμοφυεί·

2168 4389 2276 4442 τῶν
2345 4392 2644 4464 μαρτύρων
2698 4392 2792 4447 τὸν
2833 4393 2994 4465 χορὸν
3036 4393 3434 4464 συμπαράλαϐε
3455 4409 3470 4424 ·
3531 4392 3752 4462 ἔχουσιν

473 4490 542 4529 ex
570 4476 770 4530 intuitu
797 4476 1013 4532 illorum
1048 4493 1171 4547 qua:
1197 4495 1296 4550 pro
1317 4457 1537 4536 Christo
1563 4481 1826 4546 tulerunt,
1853 4481 2060 4536 subve-

2174 4457 2502 4553 παρρησίαν,
2533 4457 2616 4548 οἷς
2643 4457 3012 4558 ἔπαθον-ὑπὲρ
3038 4457 3278 4558 Χριστοῦ
3318 4457 3596 4556 ἐπαμῦναι
3635 4485 3755 4547 τοῖς

472 4564 595 4620 nire
645 4567 836 4621 volunt
893 4577 950 4623 et
1002 4569 1126 4624 aliis
1179 4569 1273 4640 qui
1332 4585 1434 4641 pro
1480 4571 1573 4626 illo
1617 4572 1917 4642 patiuntur.
1951 4572 2060 4630 Sed

469 4658 787 4713 communio
821 4661 1138 4728 passionum
1191 4663 1338 4719 cedit
1372 4677 1471 4734 per
1503 4678 1564 4720 se
1614 4665 1670 4720 in
1729 4665 2061 4721 consolatio-

469 4765 618 4815 nem,
642 4760 698 4805 et
724 4759 810 4807 est
834 4752 1088 4809 invitatio
1115 4755 1186 4810 ad
1227 4755 1332 4811 illis
1354 4757 1813 4824 subveniendum,
1843 4759 1936 4829 qui
1963 4774 2060 4829 pa-

469 4840 552 4894 ria
603 4843 882 4910 patiuntur
918 4861 932 4898 :
993 4845 1176 4900 omnia
1219 4848 1511 4918 expedient
1553 4849 2000 4906 intercessionem
2040 4867 2055 4904 :

470 4929 784 4999 deprecatio
817 4935 1172 5008 conjungitur
1197 4952 1323 4993 cum
1354 4954 1452 5008 spe
1491 4939 1657 5007 bona,
1713 4941 2056 4997 solummodo

468 5021 625 5076 deest
677 5032 934 5081 constans
983 5036 1041 5082 et
1092 5028 1417 5084 continuata
1443 5040 1534 5086 tua
1574 5030 1779 5099 oratio,
1801 5040 1972 5104 atque
1997 5032 2054 5087 in

469 5111 814 5182 deprecando
848 5114 1053 5173 fervor.

1073 5230 1290 5288 EPIST.
1333 5231 1444 5290 XC.

648 5318 940 5390 Nicephoro
987 5323 1291 5393 philosopho
1327 5328 1643 5384 monachum
1672 5331 1873 5402 agenti.

2161 4575 2232 4630 δι’
2259 4576 2426 4630 αὑτὸν
2451 4577 2758 4648 πάσχουσι·
2805 4580 2900 4632 καὶ
2931 4579 3042 4645 τῶν
3067 4579 3260 4634 παθῶν
3289 4580 3322 4651 ἠ
3347 4579 3604 4633 κοινωνία
3644 4594 3758 4632 πα-

2165 4667 2432 4738 ράκλησίς
2453 4670 2602 4723 ἐστιν
2626 4669 2768 4741 αὑτὴ
2804 4667 2928 4724 καθ’
2969 4671 3166 4742 αὐτὴν,
3203 4671 3344 4742 πρὸς
3377 4671 3477 4742 τὴν
3512 4670 3621 4723 τῶν
3644 4685 3756 4723 πα-

2164 4762 2402 4830 σχόντων
2429 4764 2773 4836 ἐπικουρίαν·
2823 4765 3170 4835 πανταχόθεν
3201 4765 3362 4837 ῥᾴδια
3389 4766 3460 4820 τά
3484 4764 3587 4834 τῆς
3613 4779 3752 4834 πρε-

2166 4854 2376 4918 σϐείας·
2403 4855 2631 4919 εὔελπις
2657 4858 2693 4927 ἡ
2719 4857 2920 4910 ἱκεσία·
2945 4857 3065 4921 ἐνὸς
3097 4857 3263 4928 μόνου
3288 4857 3484 4922 δεῖται,
3523 4857 3623 4928 τῆς
3649 4853 3749 4924 σῆς

2167 4947 2422 5014 ἐκτενοῦς
2451 4953 2784 5022 προσευχῆς,
2808 4951 2907 5007 καὶ
2928 4951 3191 5023 ἐπιμόνου
3227 4951 3489 5022 δεήσεως.

2777 5235 3002 5290 ΕΠΙΣΤ.
3049 5239 3122 5290 ιε’.

2777 5239 3002 5290 ΕΠΙΣΤ.
3087 5241 3122 5290 ’.

2412 5331 2730 5400 Νικηφόρῳ
2757 5239 3086 5399 φιλοσόφίέι
3114 5323 3452 5397 μονάζοντι.

1694 5435 1963 5488 Montacut.
1990 5437 2092 5502 (ep.
2115 5437 2226 5498 204,
2248 5449 2297 5499 p.
2322 5435 2458 5500 501),

533 5507 730 5563 Omnia
765 5524 826 5564 se
848 5509 1127 5569 habebant
1153 5518 1380 5587 optime,
1409 5536 1513 5577 nec
1545 5523 1789 5594 syntaxis
1817 5523 2045 5580 omnino

464 5595 664 5669 aliquid
692 5601 745 5655 in
776 5605 1280 5674 grammaticalibus
1329 5615 1602 5672 accuratis
1655 5615 1996 5674 claudicabat
2027 5633 2040 5670 :

544 5759 588 5790 "
620 5760 815 5817 Matth.
860 5777 1008 5832 xxvr,
1044 5766 1130 5820 4i.

2224 5521 2480 5575 Ἀπαντα
2517 5520 2618 5590 μὲν
2649 5519 2832 5581 καλῶς
2857 5512 2997 5590 εἶχε,
3028 5517 3124 5572 καὶ
3152 5514 3306 5570 οὐδὲν
3342 5515 3463 5576 ταῖς
3491 5509 3766 5577 συντάξε-

2155 5631 2261 5686 σιν,
2287 5614 2321 5687 ἢ
2351 5617 2472 5680 ταῖς
2501 5615 2688 5681 ἄλλαις
2719 5613 3136 5687 γραμματικαίς
3175 5607 3486 5681 ἀκριϐείαις
3528 5607 3558 5660 ὁ
3585 5603 3768 5672 λόγος
