4024 6432
248 362 334 429 θοι
1390 345 1934 407 EPISTOLARUM
1977 346 2208 405 LIBER
2258 345 2340 407 II.
3394 346 3504 409 902

247 472 525 544 ἐχώλευεν·
556 466 593 522 ἄ
623 465 681 519 δὲ
699 463 806 518 τῶν
834 460 1137 534 ῥητορικῶν
1168 459 1335 513 ἐνέδει
1363 459 1565 529 νόμων,
1600 459 1694 511 καὶ
1720 459 1820 527 τῆς

1921 458 2105 512 nullus
2126 458 2306 527 legum
2326 456 2741 512 rhetoricalium
2775 456 3022 511 defectus
3050 467 3187 525 erat,
3219 457 3305 514 vel
3334 459 3504 532 soler-

246 559 447 617 ἐκεῖθεν
483 554 794 627 περινοίας,
839 554 950 606 οὐδ’
984 554 1042 605 ἐν
1086 550 1297 612 τούτοις
1344 550 1423 611 είς
1458 548 1822 617 ἀναίσχυντον

1921 551 2009 604 tiae
2033 551 2294 619 quiddam
2332 550 2507 605 solitae
2535 549 2779 604 adhiberi
2817 567 2831 603 :
2861 550 2958 604 sed
2985 564 3093 603 nec
3116 550 3192 604 ita
3257 550 3349 605 hic
3372 566 3505 620 pec-

247 648 620 722 ἐκφερομένων
638 646 747 698 τῶν
764 642 1169 717 γεγραμμένων
1185 640 1511 711 ἁμάρτημα*
1538 637 1823 692 καὶταῦτα

1917 641 2148 695 cabatur
2200 651 2260 696 ut
2319 641 2521 710 scripta
2576 656 2636 696 se
2698 641 3075 712 impudentius
3128 641 3499 697 venditarent.

247 744 301 798 δέ
338 759 441 804 σοι,
471 738 659 808 ῶσπερ
692 737 919 808 Ηᾔτησας
942 776 957 800 ,
989 732 1330 805 διορθώσεως
1374 731 1607 801 τυχόντα
1640 746 1818 800 προσ-

1919 730 2048 787 Htec
2075 740 2242 801 prout
2266 732 2540 803 rogaveris
2567 741 2629 786 ut
2674 733 3100 805 corrigerentur,
3139 733 3206 787 ad
3235 740 3293 787 te
3338 733 3500 789 missa

247 830 724 900 αναπεπλήρωται.
753 827 885 897 Εῖης
913 826 970 880 δέ
999 827 1101 880 κάν
1128 824 1357 889 τούτοις,
1376 822 1566 893 ὥσπερ
1584 823 1687 876 κάν
1710 822 1824 883 τοῖς

1922 824 2142 894 perfeci.
2169 824 2250 879 Tu
2273 835 2454 880 autem
2483 826 2537 880 in
2561 826 2704 891 istis,
2732 827 3187 896 quemadmodum
3214 835 3271 881 et
3301 826 3357 881 in
3380 824 3511 881 aliis

248 924 441 988 ἄλλοις,
466 922 627 984 αὐτὸς
660 920 748 973 διὰ
775 917 1002 973 σεαυτοῦ
1030 915 1283 988 λαμπρὸν
1308 912 1491 987 φέρων
1519 912 1580 967 τὸ
1613 913 1821 967 εὐδόκι-

1398 929 1491 968 ιων
1519 912 1580 967 τὸ
1613 913 1821 967 εὐδόκι-
1921 912 2150 969 illustris
2173 914 2271 971 ﬁas
2309 924 2365 971 et
2393 916 2794 987 praedicandus.
2836 916 2987 973 Vale.

253 1036 363 1087 μον.
400 1015 669 1086 Ἔρρωσα

851 1127 1072 1183 ΕΠΙΣΤ.
1101 1123 1218 1193 ιιΛἏ

2517 1120 2739 1175 EPIST.
2780 1119 2915 1175 XCI.

509 1223 825 1293 Νικηφόρφ
861 1218 1177 1291 φιλοσόφῳ
1199 1214 1536 1285 μονάζοντι.

2248 1212 2299 1267 Ν
2307 1214 2545 1281 icephoro
2574 1215 2879 1284 philosopho
2910 1215 3181 1269 monacho.

1478 1325 1742 1380 Montacut.
1767 1322 1873 1385 (ep.
1896 1323 2006 1385 217,
2026 1337 2075 1387 p.
2096 1325 2230 1386 523).

316 1442 419 1495 Τὸν
454 1440 553 1511 μέν
581 1436 676 1491 τοῦ
702 1435 954 1507 σώματος
980 1434 1181 1504 ἔρωτα,
1210 1431 1595 1503 ἐπτερωμένον
1631 1432 1679 1483 οῖ
1712 1447 1820 1483 σω-

1993 1431 2249 1485 Amorem
2280 1431 2623 1500 corporalem
2669 1432 2981 1501 corporales
3010 1432 3114 1502 ipsi
3144 1433 3342 1487 alatum
3381 1432 3508 1507 pin-

258 1533 470 1605 ματικοὶ
515 1530 822 1601 γράφουσι·
860 1527 1132 1596 γράφουσι
1162 1524 1218 1577 δὲ
1256 1526 1352 1578 καὶ
1386 1523 1479 1577 τὸν
1508 1524 1671 1586 θεῖον,
1711 1523 1825 1576 ὅσοι

1923 1532 2056 1593 gunt
2091 1538 2107 1578 :
2137 1523 2369 1593 pingunt
2396 1524 2526 1577 item
2556 1523 2824 1590 divinum,
2854 1534 3120 1594 quotquot
3143 1526 3504 1594 pulchritudi-

254 1628 310 1679 τὸ
332 1622 515 1694 νοερὸν
540 1620 707 1675 αὐτοῦ
734 1618 930 1681 κάλλος
954 1618 1152 1687 ψυχαῖς
1192 1616 1457 1688 καθαραῖς
1504 1615 1824 1687 ἐνεμορφώ-

1924 1629 2046 1669 nem
2106 1616 2227 1682 eius
2279 1615 2673 1685 intelligibilem
2737 1616 2961 1691 animis
2996 1617 3147 1686 puris
3216 1616 3502 1690 eﬂigiatam

257 1730 409 1768 σαντο
433 1728 447 1742 ·
482 1710 609 1765 ἀλλ’
639 1712 688 1762 οἱ
715 1709 813 1780 μὲν
834 1708 1031 1778 βαφαῖς
1054 1707 1148 1760 καὶ
1163 1707 1467 1777 χρωμάτων
1498 1705 1715 1759 ἄνθεσιν
1738 1720 1753 1735 ·
1777 1705 1826 1757 οῖ

1924 1718 2176 1780 gestant:
2200 1709 2275 1763 illi
2303 1709 2544 1763 colorum
2570 1709 2818 1763 tincturis
2837 1717 2893 1763 et
2911 1707 3044 1763 ﬂore
3069 1728 3081 1763 :
3106 1709 3193 1765 isti
3216 1709 3513 1765 virtutibus

255 1804 296 1857 δ’
325 1799 390 1857 αὖ
455 1801 682 1871 ἀρεταῖς
721 1799 815 1852 καὶ
852 1797 1251 1869 λαμπροτέροις
1276 1800 1388 1861 τοῖς
1419 1796 1823 1867 κατορθώμασι.

1928 1809 1985 1856 et
2022 1799 2323 1855 illustribus
2352 1799 2529 1856 factis.
2559 1800 2851 1855 Testantur
2886 1801 3123 1871 utrique,
3152 1817 3218 1857 eo
3256 1803 3402 1872 quod
3428 1803 3507 1856 sic

268 1893 544 1963 Ἐκάτεροι
569 1891 615 1944 δ’
634 1886 727 1945 οῦν
750 1891 903 1961 ὅμως
927 1889 1292 1960 μαρτυροῦσι,
1317 1889 1383 1942 δι’
1399 1883 1474 1943 ὧν
1499 1892 1823 1959 γράφουσιν,

1922 1891 2176 1963 pingunt,
2208 1892 2358 1962 quod
2399 1893 2679 1948 celeritate
2727 1892 2861 1947 mira
2900 1894 3159 1963 praeditus
3206 1901 3289 1948 est
3326 1909 3506 1959 amor,

256 1986 325 2049 ὡς
353 1986 562 2054 ἄφατον
591 1984 705 2054 ἔχει
737 1984 921 2053 τάχος,
949 1983 1045 2036 καὶ
1090 1981 1430 2052 προθεσμίας
1465 1982 1699 2050 ὑπάρχει
1726 1980 1824 2034 τύ-

1923 1984 2185 2056 propositi
2212 1994 2494 2056 tyrannus,
2521 1986 2700 2055 legum
2730 1994 3073 2055 contemptor
3107 1986 3307 2056 quibus
3332 1995 3510 2041 retar-

263 2095 461 2150 ραννος,
487 2078 585 2131 καὶ¹
612 2077 926 2148 ὑπερόπτης
953 2076 1156 2143 νόμων,
1182 2070 1264 2137 οἷς
1309 2074 1548 2144 ἀναϐολὴ
1592 2072 1823 2127 διιθύνε-

1925 2076 2099 2130 datur.
2134 2073 2442 2145 Cognoscas
2479 2076 2661 2146 igitur,
2683 2074 2791 2131 Deo
2821 2085 3031 2131 sacrate
3052 2077 3150 2141 vir,
3188 2092 3289 2131 nos
3310 2078 3378 2132 ab
3406 2078 3514 2133 hoc

261 2186 365 2223 ται.
397 2166 540 2223 Ἰσθι
575 2165 892 2235 τοιγαροῦν,
922 2159 967 2219 ὧ
995 2164 1089 2218 τοῦ
1113 2164 1248 2217 Θεοῦ
1275 2164 1391 2235 ίερὲ
1427 2164 1703 2235 ἄνθρωπε,
1744 2163 1822 2227 ὡς

1924 2174 2156 2238 tyranno
2176 2166 2531 2222 vehementer
2549 2182 2862 2239 oppressos,
2881 2168 2973 2238 qui
2997 2168 3324 2223 voluntatem
3344 2174 3508 2239 cogit,

259 2260 351 2313 καὶ
370 2260 519 2330 ἡμᾶς
550 2260 584 2329 ἡ
613 2258 869 2328 τυραννὶς
917 2257 1055 2327 αὕτη
1109 2256 1253 2309 κατά
1279 2256 1481 2326 κράτος
1527 2249 1698 2321 εἷλκε,
1730 2254 1827 2309 καὶ

1924 2268 1979 2315 et
2025 2268 2151 2314 ante
2182 2265 2397 2329 tempus
2415 2268 2560 2314 tuam
2587 2258 2880 2331 emagitare
2916 2260 3258 2331 praesentiam
3295 2262 3513 2316 incitat.

261 2355 354 2423 τὴν
377 2351 721 2424 προθεσμίαν
750 2350 1025 2417 ἐϐιάσατο,
1057 2349 1153 2403 καὶ
1208 2348 1316 2420 πρὸ
1354 2347 1450 2402 τοῦ
1484 2348 1677 2419 χρόνου
1722 2347 1825 2419 τὴν
1925 2350 2072 2405 Vale.

261 2446 354 2517 σὴν
389 2445 697 2514 παρουσίαν
741 2442 1022 2513 ἐπιζητεῖν
1074 2443 1512 2513 κατηνάγκασεν.
1549 2441 1818 2515 Ἔρρωσθ.

858 2553 1082 2609 ΕΠΙΣΤ.
1120 2552 1236 2619 1.,Β’.

2509 2552 2726 2608 EPIST.
2770 2553 2931 2610 XCII.

437 2646 768 2712 Ἀθανασίφ
806 2644 1121 2717 μονάζοντι
1164 2644 1265 2697 καὶ
1302 2641 1651 2713 ήσυχαστῇ.

2220 2641 2515 2699 Athanasio
2538 2648 2791 2701 monacho
2820 2658 2867 2702 et
2897 2648 3247 2705 anachoretar.

1482 2762 1752 2812 Montacut.
1777 2764 1880 2826 (ep.
1907 2760 2017 2823 212,
2036 2776 2087 2825 p.
2109 2762 2241 2822 515).

340 2867 578 2939 Ἐπειδὴ,
606 2864 750 2922 κατά
779 2865 1010 2937 μίμησιν
1027 2862 1288 2933 Χριστοῦ,
1317 2861 1413 2916 τοῦ
1435 2861 1689 2933 ἀληθινοῦ
1707 2861 1843 2916 Θεοῦ

2007 2865 2493 2937 Quandoquidem,
2540 2867 2607 2922 ad
2649 2868 2959 2939 exemplum
3001 2868 3205 2924 Christi
3258 2870 3372 2925 veri
3420 2869 3515 2925 Dei

264 2964 430 3033 ήμῶν,
442 2958 679 3015 σαυτὸν
693 2957 1085 3025 ἐσταύρωσας
1101 2954 1181 3020 τῷ
1192 2956 1399 3023 κόσμῳ
1414 2954 1507 3007 καὶ
1533 2954 1611 3023 τῷ
1640 2971 1841 3025 κοσμο-

1938 2958 2132 3023 nostri,
2166 2961 2362 3015 mundo
2408 2971 2458 3015 te
2502 2963 2809 3031 cruciftxisti
2861 2972 2917 3019 et
2962 2965 3160 3019 rectori
3216 2965 3514 3031 mundano,

265 3056 507 3124 κράτορι,
538 3046 807 3120 πέπομφά
838 3064 919 3099 σοι
942 3045 1035 3099 τὸν
1082 3043 1316 3116 σταυρὸν
1347 3043 1715 3113 φυλακτήριον
1742 3042 1842 3114 τῆς

1657 3059 1715 3096 ον
1742 3042 1842 3114 τῆς
1940 3049 2063 3105 misi
2088 3050 2157 3106 ad
2187 3061 2240 3107 te
2270 3068 2489 3110 crucem
2522 3054 2826 3110 custodiam
2855 3055 3243 3113 cruciﬁxionis.

268 3143 645 3215 σεαυρώσεως.

874 3248 1099 3305 sum.
1138 3250 1250 3317 tJ".

2508 3250 2724 3307 EPIST.
2767 3252 2946 3307 XCIII.

485 3346 769 3415 Ἀρσενίῳ
792 3343 1110 3414 μονάζοντι
1147 3342 1246 3398 καί
1272 3341 1621 3412 ἠσυχαστῇ.
1864 3355 1909 3418 C

1570 3341 1621 3411 ἦ.
1864 3355 1909 3418 C
2294 3342 2512 3397 Arsenio
2540 3345 2790 3398 monacho
2810 3345 3159 3400 anachoreta.

1486 3455 1759 3506 Montacut.
1785 3455 1891 3520 (ep.
1914 3457 2025 3519 251,
2044 3473 2093 3521 p.
2114 3458 2227 3521 545)

330 3566 391 3617 Τί
422 3563 658 3634 γράφω;
684 3560 892 3629 οἴχεται
927 3560 1027 3628 μὲν
1044 3559 1199 3632 εὐχὴ,
1227 3557 1433 3629 οῖχεται
1456 3557 1502 3612 δ’
1532 3556 1837 3628 ἀνθρώπων

2007 3560 2278 3626 Quorsum
2327 3560 2550 3616 scribo?
2585 3561 2718 3617 abiit
2759 3561 3092 3631 deprecatio,
3128 3562 3303 3617 virtus
3337 3563 3517 3618 homi-

265 3658 421 3728 ἀρετή
459 3670 476 3687 ·
531 3654 864 3707 ἐκκέκοπται
914 3651 971 3704 δὲ
1023 3650 1307 3722 παρρησία
1352 3646 1489 3719 πρὸς
1534 3646 1689 3712 Θεὸν,
1744 3648 1839 3700 καὶ

1936 3667 2065 3706 num
2096 3651 2250 3721 abiit,
2288 3652 2514 3710 libertas
2554 3654 2699 3723 apud
2747 3652 2919 3708 Deum
2964 3653 3227 3718 aufertur,
3270 3653 3514 3708 virorum

265 3751 464 3815 ἀνδρῶν
519 3750 725 3818 ἔρημος
756 3745 786 3797 ὁ
823 3743 937 3813 βίος
988 3742 1254 3796 ἑλκόντων
1303 3742 1416 3803 τοῖς
1458 3739 1552 3792 ἐπὶ⁵
1608 3738 1711 3808 γῆς
1738 3736 1837 3808 τὴν

1936 3745 2045 3797 vita
2077 3758 2247 3797 vacua
2272 3752 2376 3808 est,
2401 3744 2494 3814 qui
2520 3745 2588 3800 de
2631 3745 2767 3801 cmlo
2798 3745 2852 3798 in
2886 3754 3084 3799 terram
3114 3745 3518 3815 providentiam

263 3826 461 3896 ἄνωθεν
497 3840 788 3911 πρόνοιαν·
810 3840 843 3906 ἡ
876 3836 999 3907 δίκη
1031 3834 1171 3908 (πῶς
1204 3833 1384 3900 εῖπω;
1435 3832 1497 3886 οὐ
1539 3832 1649 3904 γὰρ
1678 3831 1836 3886 ἐϐου-

1936 3833 2203 3889 devocant
2242 3852 2257 3888 :
2295 3836 2505 3906 iustitia
2534 3838 2686 3908 (quid
2734 3838 2948 3893 dicam?
2990 3847 3139 3893 certe
3187 3838 3387 3891 nollem
3434 3838 3517 3893 di-

263 3934 428 4005 λὸμην
457 3932 657 4001 εἰπεῖν)
685 3931 768 3983 ὅτι
801 3928 1051 3983 καθεύδει
1083 3930 1228 3998 μέγα
1274 3927 1515 3997 φυσᾶται
1556 3926 1617 3979 τὸ
1657 3925 1837 3995 παράο

1936 3923 2095 3994 cere)
2154 3924 2433 3994 quiescit:
2483 3928 2740 3999 iniquitas
2784 3929 3030 3999 ingentes
3066 3928 3288 3998 spiritus
3329 3928 3520 3995 sumit,

263 4044 417 4096 νομον
443 4040 458 4055 ο
491 4025 588 4077 καὶ
645 4022 862 4093 θεσμῶν
913 4020 1036 4074 οὔτε
1079 4020 1261 4084 θείων,
1313 4019 1438 4073 οὒτε
1480 4018 1838 4090 ἀνθρωπίνων

1934 4013 2083 4068 nulla
2123 4017 2455 4072 verecundia
2489 4029 2575 4074 est
2608 4019 2785 4090 legum
2834 4018 3143 4073 divinarum
3189 4029 3284 4073 aut
3325 4019 3520 4074 huma-

263 4118 418 4181 αίδὼς
458 4117 725 4187 οὐδεμία·
769 4117 816 4168 οἱ
853 4115 912 4168 δέ
943 4114 1041 4183 τῆς
1074 4114 1319 4176 παλαιᾶς
1372 4111 1589 4183 ἐκείνης
1634 4110 1838 4181 ἀρετῆς

1934 4123 2127 4161 narum
2173 4127 2186 4163 :
2249 4109 2500 4164 homines
2542 4112 2717 4180 prisca
2757 4110 2845 4166 illa
2892 4111 3095 4167 virtute
3126 4112 3377 4182 praediti,
3427 4112 3520 4182 qui

263 4209 557 4280 ἄνθρωποι,
585 4209 743 4271 ὅσους
765 4207 841 4277 μὴ
872 4206 1346 4277 προκατελάϐοντο
1380 4204 1557 4275 δεσμά
1592 4203 1685 4258 καὶ
1737 4220 1837 4272 φυ-

1937 4198 2165 4255 vinculis
2184 4209 2238 4255 et
2265 4201 2526 4257 custodiis
2548 4218 2657 4257 non
2681 4211 3120 4269 antevertuntur,
3142 4205 3234 4275 qui
3257 4206 3311 4260 in
3334 4207 3526 4261 exsilio

264 4299 420 4353 λακαὶ
439 4300 540 4353 καὶ
573 4298 855 4369 ὐπερόριοι
895 4296 1210 4360 καταδίκαι,
1254 4300 1365 4360 τοῖς
1386 4296 1538 4367 δρεσι
1582 4295 1679 4348 καὶ
1717 4296 1838 4357 ταῖς

1934 4306 2045 4345 non
2089 4304 2279 4362 agunt,
2310 4293 2589 4349 montibus
2628 4304 2683 4349 et
2732 4295 3011 4364 speluncis
3058 4312 3117 4351 se
3159 4297 3520 4365 inclmlentes,

263 4393 490 4463 πέτραις
553 4389 1080 4459 ἐγκατακλείσαντες
1152 4388 1414 4452 ἑαυτοὺς,
1472 4387 1602 4451 καὶ,
1648 4386 1837 4456 ὥσπερ

1935 4382 2029 4451 qui
2070 4392 2329 4452 tanquam
2360 4384 2587 4439 invento
2623 4384 2867 4451 fortuito,
2911 4387 2968 4440 in
3002 4404 3347 4443 communem
3389 4391 3524 4445 inci-

266 4479 501 4548 ἐρμαίῳ,
530 4479 597 4548 τῇ
626 4479 777 4547 κοινῇ
806 4477 1062 4547 συμφορᾷ
1096 4475 1507 4545 περιτυχόντες,
1541 4476 1697 4530 αὐτοὶ
1735 4474 1837 4544 μὲν

1935 4474 2076 4529 dunt
2108 4476 2493 4540 calamitatem,
2521 4493 2550 4531 a
2576 4478 2908 4533 turbulentis
2928 4480 3145 4549 quidem
3174 4481 3361 4536 mundi
3397 4498 3524 4551 pro-

264 4569 333 4632 ὡς
370 4570 713 4642 πορρωτάτω
744 4569 845 4638 τῆς
869 4570 927 4621 ἐν
948 4569 1138 4638 κόσμῳ
1166 4567 1333 4638 ζάλης
1375 4568 1644 4630 ἵστανται,
1683 4566 1836 4619 οὐδε-

1937 4568 2086 4623 cellis
2116 4579 2483 4635 removentur,
2517 4572 2723 4625 nullam
2752 4581 2935 4625 autem
2965 4587 3150 4626 curam
3178 4582 3234 4627 et
3262 4560 3524 4627 sollicitu-

268 4661 391 4730 μίαν
412 4660 469 4712 δὲ
502 4658 610 4711 τῶν
636 4660 694 4711 ἐν
715 4658 865 4729 αὐτῷ
886 4658 1362 4729 κλυδωνιζομένων
1384 4659 1479 4711 καὶ
1506 4657 1839 4727 βαπτιζομέ-

1939 4659 2119 4714 dinem
2150 4661 2352 4715 habent
2373 4660 2614 4727 illorum,
2642 4662 2733 4731 qui
2760 4662 2814 4715 in
2843 4663 2958 4717 salo
2992 4662 3230 4717 immersi
3256 4663 3524 4719 ﬂuctuan-

264 4766 367 4802 νων
413 4749 569 4802 ἐστιν
603 4743 678 4803 ῶν
706 4749 963 4821 φροντίδα
1015 4749 1323 4820 βάλλονται.
1372 4748 1508 4801 Οὐδὲ
1556 4748 1667 4818 γὰρ
1720 4747 1837 4800 ἱλα-

1942 4758 2133 4821 tesque
2190 4754 2462 4824 agitantur
2499 4770 2537 4805 :-
2568 4752 2927 4823 propitiantes
2975 4768 3171 4809 manus
3226 4754 3294 4809 ad
3352 4753 3522 4810 Deum

268 4841 520 4911 στηρίους
540 4843 729 4912 χεῖρας
752 4841 987 4894 ἁπλοῦσι
1007 4842 1141 4912 πρὸς
1167 4841 1324 4907 Θεὸν,
1356 4840 1477 4894 οὐδὲ
1499 4841 1567 4895 τὰ
1597 4841 1839 4903 Μωσέως

1942 4857 2055 4897 non
2095 4845 2394 4898 attollunt:
2429 4859 2533 4899 nec
2579 4860 2702 4901 cum
2752 4843 2903 4900 Mose
2950 4846 3123 4907 aiunt,
3173 4843 3233 4900 Si
3272 4847 3523 4913 dimittes,

265 4933 614 5003 φθέγγονται,
645 4936 756 4989 Ἂν
764 4936 883 5004 μὲν
911 4935 1093 5004 ἀφῇς,
1114 4935 1285 5005 ἄφες*
1315 4936 1411 4989 καὶ
1423 4935 1522 5005 τὴν
1553 4934 1844 4988 ὑπόλοιπον

1943 4935 2150 4989 dimitte
2181 4952 2201 4989 :
2226 4943 2283 4991 et
2322 4951 2443 5006 qua:
2488 4935 2544 4990 in
2595 4937 2688 4991 illo
2730 4952 2986 4992 sermone
3022 4938 3284 4994 mirabilis
3322 4940 3526 4996 amoris

265 5025 478 5096 ἐκείνην
507 5026 731 5097 φίλτρου
763 5026 1039 5097 γέμουσαν
1064 5029 1159 5081 καὶ
1181 5027 1504 5099 θαυμαστῆς
1529 5028 1844 5099 παρρησίας

1941 5037 2250 5097 sequuntur
2274 5047 2287 5083 :
2311 5045 2421 5083 non
2447 5030 2826 5085 liberationem
2854 5045 2885 5085 a
2907 5031 3064 5087 malis
3087 5031 3526 5088 ineluctabilibus

265 5121 447 5189 φωνήν
464 5134 482 5152 ο
514 5118 635 5171 οὐδὲ
656 5118 809 5172 λύσιν
834 5119 942 5172 τῶν
964 5119 1265 5189 ἀμηχάνων
1293 5119 1482 5173 κακῶν
1508 5115 1592 5183 οἷς
1618 5119 1679 5172 τδ
1712 5135 1844 5187 συγ-

1939 5120 2136 5189 quihus
2157 5120 2345 5176 eadem
2373 5133 2567 5177 natura
2594 5122 2806 5192 pratditi
2831 5123 3113 5192 ιιιοιιιίιιιιο
3131 5123 3520 5194 depascuntur.

264 5208 417 5275 γενὲς
453 5209 731 5281 συνέχεται
760 5209 1171 5280 δαπανώμενον.
1200 5210 1341 5263 Εἰδέ
1370 5210 1662 5281 ψεύδομαι,
1698 5211 1834 5281 ὑμέ-

1942 5211 1997 5267 Si
2038 5215 2290 5279 mentior,
2327 5222 2434 5270 tua:
2469 5226 2654 5285 partes
2692 5207 2835 5271 ειιηι’
2853 5215 3203 5283 convincere,
3236 5233 3369 5272 mea:
3397 5232 3521 5271 mu-

262 5312 420 5366 τερον
458 5299 557 5368 μέν
586 5301 701 5352 ἐστι
722 5298 911 5352 λοιπὸν
946 5299 1209 5368 ἐλέγχειν,
1255 5298 1388 5368 ἐμὸν
1438 5297 1497 5352 δὲ
1547 5297 1840 5367 πεισθῆναι

1942 5311 2061 5357 tare
2105 5304 2433 5358 sententiam
2477 5312 2533 5359 et
2584 5305 2794 5375 pudore
2850 5304 3093 5361 sulIundi
3143 5314 3199 5361 et
3257 5305 3523 5377 pudorem

265 5387 358 5439 ml.
419 5391 746 5461 προσοφλεῖν
792 5391 1076 5463 αἰσχύνην,
1123 5390 1406 5462 ὁμολογεῖν
1458 5391 1634 5462 χαρᾶς
1665 5389 1840 5444 ἀϊδίου

1577 5391 1634 5455 Ξς
1665 5389 1840 5444 ἀϊδίου
1942 5408 2239 5463 agnoscere
2266 5393 2464 5450 lzetitiae
2488 5403 2707 5451 aeterna:
2737 5396 3166 5453 conciliatorem.

268 5476 555 5545 πρόξενον.
