4024 6442
491 353 596 418 903

1063 459 1277 517 EPIST.
1310 458 1498 516 XCIV.

617 554 914 627 Nicephoro
959 555 1282 626 philosopho,
1313 554 1658 609 monasticam
1709 557 1967 625 amplexo.

1649 347 1912 409 PHOTII
1945 347 2449 409 PATRIARCH/E
2495 347 2604 408 CP.

2097 471 2148 527 A

2788 459 3010 515 EHIET.
3049 461 3160 526 t,A'.

2445 551 2769 622 Νικηφόρφ
2811 552 3129 622 φιλοσόφῳ
3171 551 3507 622 μογάζοντι.

1742 667 2010 718 Montacut.
2051 667 2156 732 (ep.
2187 667 2298 725 235,
2327 681 2379 730 p.
2412 665 2548 730 356).

564 776 640 830 De
656 775 854 846 quibus
878 772 1102 828 accedat
1125 788 1442 844 gravamen,
1471 774 1695 845 ignoro:
1717 774 1844 828 novi
1869 783 2076 836 autem,

493 877 751 935 tanquam
792 881 887 936 per
931 863 1263 920 insomnium
1299 872 1543 935 rogatus,
1583 865 1888 921 rhetoricas
1920 864 2077 918 exhi-

491 962 624 1015 bere
654 960 748 1014 tibi
777 959 1110 1022 occasiones,
1146 959 1229 1013 vel
1260 966 1551 1027 praecepta,
1582 967 1698 1012 tum
1737 972 1860 1028 qua:
1892 957 2077 1027 lingua

494 1053 818 1113 efferuntur,
867 1060 982 1104 tum
1033 1065 1154 1120 qua:
1211 1049 1366 1104 libris
1411 1057 1890 1119 repraesentantur.
1941 1046 2079 1102 Novi

495 1146 658 1199 etiam
709 1153 970 1213 praeterea
1003 1143 1234 1196 similem
1267 1157 1552 1197 assensum
1595 1141 1874 1203 exhibere,
1919 1150 1975 1194 et
2003 1140 2078 1193 ain

494 1234 773 1290 communi
824 1234 1056 1302 positum
1079 1275 1093 1298 ,
1123 1233 1306 1287 verbis
1348 1232 1670 1303 simpliciter
1703 1241 1760 1286 et
1790 1230 2078 1285 indeﬁnite

495 1323 746 1393 prolatis,
796 1323 1180 1390 interrogatus.
1217 1323 1350 1377 Cum
1401 1338 1528 1377 vero
1569 1332 1622 1377 te
1653 1324 1709 1376 in
1743 1337 1904 1376 causa
1941 1321 2079 1376 nihil

494 1416 784 1485 adjeceris,
835 1431 938 1469 nec
992 1415 1210 1485 quidem
1265 1415 1412 1484 quod
1477 1416 1533 1470 in
1589 1431 1704 1470 rem
1755 1425 2077 1485 praesentem

495 1505 688 1559 adesse
713 1521 801 1558 me
827 1515 1100 1574 oporteat,
1130 1505 1202 1557 ita
1235 1514 1291 1559 ut
1316 1504 1499 1575 lingua
1523 1505 1838 1561 facultatem
1863 1505 2078 1561 dicendi

495 1594 585 1648 illa
615 1594 830 1659 habeat,
860 1611 982 1665 quae
1007 1595 1236 1650 dicenda
1268 1605 1425 1662 sunt;
1459 1611 1638 1667 neque
1665 1597 1868 1667 aliquid
1891 1607 2080 1667 protu-

496 1685 645 1751 leris,
674 1687 820 1756 quod
867 1687 1179 1759 p'articulari
1217 1697 1502 1760 congruat,
1537 1689 1879 1759 deﬁnitaque
1913 1690 2080 1744 inter-

498 1778 786 1849 rogationi,
807 1795 877 1835 nc
899 1780 1118 1850 quidem
1145 1780 1442 1846 communi,
1463 1790 1520 1835 et
1539 1781 1862 1852 generaliori
1881 1781 2077 1836 modo:

499 1891 604 1930 nec
637 1876 922 1946 perspicue
967 1875 1224 1939 edixeris,
1251 1891 1480 1945 quorum
1508 1876 1603 1931 tibi
1645 1875 1909 1932 librorum
1949 1893 2082 1934 usus

2260 773 2378 844 Ἐφ’
2397 767 2480 839 οἷς
2506 773 2605 844 μὲν
2635 773 2668 845 ἡ
2699 770 2972 843 ἀχθηδὼν,
3000 771 3216 841 ἀγνοῶ’
3247 766 3367 826 οῖδα
3389 771 3448 825 δὲ
3478 772 3602 826 κατ’
3632 771 3761 842 ὄψιν

2177 865 2454 932 ἀξιωθεὶς,
2511 864 2807 936 ῥητορικάς
2857 863 3114 935 ἀφορμάς
3165 867 3494 936 παρασχεῖν,
3530 865 3664 928 ὅσας
3696 881 3762 916 τε

2177 958 2396 1028 γλῶττα
2419 958 2732 1029 χαρίζεται,
2757 957 2850 1010 καὶ
2875 956 3001 1010 εἴτι
3027 956 3200 1026 βίϐλοι
3217 957 3760 1027 προσεκδιδάσκουσι’

2179 1051 2274 1103 καὶ
2321 1048 2512 1112 ἁπλῶς
2552 1049 2654 1118 μὲν
2703 1047 3127 1119 προϐαλλομένῳ
3172 1047 3268 1101 καὶ
3321 1046 3760 1118 ἀπροσδιορίστῳ

2181 1142 2383 1211 ῥήματι
2409 1140 2508 1212 τὴν
2531 1140 2754 1205 ἀξίωσιν
2785 1137 2999 1193 σύνοιδα
3023 1140 3120 1193 καὶ
3145 1138 3308 1202 αὐτὸς
3322 1138 3518 1208 ὁμοίαν
3545 1155 3630 1192 σοι
3659 1139 3760 1192 καὶ

2179 1231 2364 1302 κοινὴν
2391 1231 2757 1302 πεποιημένος
2782 1230 2882 1302 τὴν
2923 1231 3203 1285 ὲπίνευσιν
3226 1243 3240 1258 ⁸
3288 1229 3384 1284 σοῦ
3429 1229 3507 1296 δὲ,
3547 1229 3610 1283 τὺ
3641 1229 3759 1282 λοι-

2178 1325 2301 1390 πὸν,
2379 1324 2545 1395 μηδὲν
2601 1324 2951 1396 προσθέντος,
3025 1325 3165 1395 μήτε
3219 1324 3302 1377 δτι
3353 1322 3762 1394 παραγενέσθαι

2176 1418 2286 1471 δέοι
2307 1433 2320 1447 ο
2352 1417 2440 1471 ῖνα
2465 1417 2560 1470 καὶ
2582 1417 2797 1485 γλῶττα
2819 1415 2999 1484 λέγειν
3021 1416 3164 1487 ἔχοι,
3193 1432 3295 1470 ττα
3322 1413 3391 1469 ἂν
3422 1413 3558 1468 άκαὶ
3585 1411 3762 1481 λέγοι,

2184 1510 2322 1580 μήτε
2361 1511 2441 1572 εῑς
2490 1508 2584 1562 ἐπὶ
2613 1511 2810 1581 μέρους
2856 1509 2953 1562 καὶ
3011 1507 3326 1578 ὡρισμένην
3379 1505 3629 1572 ἀξίωσιν,
3659 1503 3766 1574 τὴν

2181 1598 2497 1668 κοινοτέραν
2529 1599 2624 1652 καὶ
2669 1598 2937 1668 ἀόριστον¹
2971 1597 3442 1667 περιενεγκόντος,
3475 1595 3613 1666 μηδὲ
3659 1611 3766 1648 σα-

2181 1691 2297 1758 φῶς
2324 1691 2707 1762 δεδηλωκότος,
2745 1691 2906 1746 τίνων
2927 1692 3046 1745 ὲστί
3067 1689 3166 1746 ’σοι
3197 1688 3359 1760 χρεία
3380 1688 3624 1760 βιϐλίων,
3663 1685 3767 1742 καὶ

2184 1785 2343 1848 ποίας
2369 1783 2478 1838 τῶν
2510 1783 2818 1854 ῥητορικῶν
2851 1782 3056 1852 τεχνῶν
3099 1779 3510 1851 πραγματείας,
3538 1779 3634 1832 καὶ
3673 1777 3767 1832 τί-

2183 1893 2273 1938 νος
2295 1874 2694 1945 τεχνογράφου.
2725 1871 2849 1935 Πῶς
2880 1872 2947 1927 ἂν
2991 1869 3256 1940 δυναίμην
3277 1865 3410 1936 ἐγὼ,
3456 1865 3489 1935 ἢ
3517 1864 3619 1935 τῆς
3649 1880 3769 1933 φωο

499 1976 604 2031 est,
644 1983 782 2036 quas
806 1967 1084 2022 desideres
1121 1967 1402 2022 rhetorum
1433 1967 1780 2038 scriptiones,
1809 1970 1966 2039 cujus
1993 1986 2081 2024 ar-

2186 1969 2280 2039 νῆς
2305 1967 2403 2038 τὴν
2441 1968 2720 2038 άπήχησιν
2747 1964 2987 2034 τοσούτῳ
3017 1960 3386 2033 διεστηκότων
3405 1958 3764 2028 διαστήματι,

505 2058 662 2112 tilicis
712 2059 1032 2113 artificiosas
1083 2066 1346 2113 texturas.
1398 2058 1681 2124 Quomodo
1725 2069 1885 2130 putas
1924 2076 2085 2131 posse

498 2166 589 2204 me
617 2150 768 2206 vocis
795 2152 1263 2220 repercussionem
1297 2162 1426 2218 tuae,
1466 2167 1590 2208 cum
1619 2161 1772 2208 tanto
1798 2153 2085 2208 intervallo

497 2244 669 2298 simus
698 2243 1085 2310 disterminati,
1123 2244 1192 2299 ad
1222 2253 1343 2299 tuas
1371 2259 1547 2314 usque
1584 2259 1746 2300 aures
1781 2246 2084 2303 derivatam

496 2335 825 2402 extendere,
851 2335 953 2389 nisi
980 2335 1219 2390 fabulam
1255 2335 1322 2391 de
1350 2335 1636 2392 Stentorea
1664 2353 1798 2394 voce
1815 2339 2086 2410 deponere

496 2442 586 2482 me
621 2442 779 2496 posse
811 2428 1006 2497 putes?
1044 2427 1271 2496 Deinde,
1320 2441 1374 2484 et
1409 2429 1663 2485 incusari.
1710 2432 1900 2495 debes,
1940 2434 2086 2503 quod

497 2519 774 2590 ingentem
813 2519 1074 2574 librorum
1096 2534 1352 2576 acervum
1391 2521 1520 2576 hinc
1543 2522 1670 2578 inde
1691 2525 2084 2594 conquisitum,

500 2626 613 2664 non
646 2612 921 2666 incassum
951 2612 1020 2666 ad
1069 2622 1120 2667 te
1164 2613 1426 2668 miserim.
1464 2614 1774 2686 Ignorantia
1818 2627 1964 2673 certe
2005 2619 2086 2674 rei

497 2702 760 2770 quaesitm,
803 2702 907 2757 hoc
940 2712 1045 2769 est,
1079 2719 1207 2758 cum
1255 2704 1430 2774 ipsius
1473 2707 1629 2769 artis,
1661 2715 1777 2761 tum
1820 2708 2084 2764 librorum

497 2792 566 2846 ad
599 2793 744 2846 illam
781 2795 1175 2863 pertinentium
1197 2833 1213 2859 ,
1249 2795 1304 2848 in
1335 2795 1720 2858 necessitatem
1759 2800 2088 2868 coniecisset

494 2885 857 2953 conquirendi
917 2887 1128 2955 (omnes
1189 2886 1393 2949 libros,
1460 2888 1528 2942 de
1577 2904 1906 2960 quacunque
1961 2902 2082 2947 arte

498 2981 731 3049 scriptos
757 2980 820 3050 :).
850 2980 907 3035 Si
932 2981 1091 3035 dolor
1126 2981 1255 3035 hinc
1290 2990 1415 3036 tuus
1433 2981 1765 3037 sortiebatur
1793 2985 2082 3056 originem,

497 3071 636 3125 nihil
665 3071 752 3127 ille
773 3071 994 3142 quidem
1024 3073 1092 3127 ad
1123 3087 1212 3127 me
1245 3082 1491 3142 spectat;
1533 3074 1620 3128 sin
1646 3075 1776 3144 quid
1810 3076 1882 3130 sit
1911 3078 2081 3146 aliud,

499 3173 556 3217 tu
609 3164 744 3218 mihi
790 3165 1059 3235 ignoscas,
1105 3164 1346 3219 virorum
1393 3165 1618 3236 optime,
1667 3171 1760 3238 qui
1820 3173 2082 3242 temporis

495 3255 879 3320 diuturnitate,
917 3265 971 3310 et
1014 3256 1190 3312 morbi
1237 3256 1463 3327 insuper
1499 3259 1816 3326 acerbitate,
1853 3261 2082 3317 oblivio-

2186 2063 2348 2131 μέχρι
2395 2061 2506 2113 τῶν
2546 2061 2658 2113 σῶν
2704 2057 2860 2116 ὢτων
2913 2054 3373 2128 παρατείνεινςεί
3429 2053 3504 2124 μή
3549 2068 3618 2124 με
3665 2053 3770 2104 καὶ.

2184 2152 2562 2222 Στεντορείους
2601 2150 2826 2220 μύθους,
2864 2151 2948 2204 δτι
2999 2150 3073 2219 μὴ
3110 2145 3311 2220 μακρῷ
3367 2143 3768 2214 φθεγγόμενος.

2184 2245 2543 2314 άποκρύπτω,
2575 2243 2738 2298 πάλιν
2765 2242 3013 2312 αἰτιάσῃ,
3046 2240 3080 2311 ἦ
3115 2239 3342 2311 βιϐλίων
3371 2236 3581 2307 πλῆθος
3607 2235 3766 2306 ἀόρι-

2187 2355 2332 2402 στον,
2365 2331 2466 2390 ὦδε
2502 2336 2731 2389 κάκεῖσε
2778 2331 3180 2405 διερευνᾶσθαι,
3235 2326 3360 2385 εἶτα
3403 2329 3583 2400 μάτην
3640 2326 3768 2380 δια-

2187 2431 2448 2502 πέμπειν.
2501 2429 2568 2482 Ἠ
2597 2429 2707 2500 γάρ
2733 2428 2926 2496 άγνοια
2975 2423 3071 2478 τοῦ
3119 2421 3480 2494 ζητουμένου,
3511 2420 3613 2491 τῆς
3672 2419 3768 2472 τέ-

2187 2541 2317 2594 χνης
2342 2523 2560 2591 ἀπάσης
2591 2523 2686 2574 καὶ
2727 2520 2839 2574 τῶν
2879 2519 3009 2590 περὶ
3055 2516 3226 2586 αὐτὴν
3253 2515 3355 2576 τὰς
3392 2513 3629 2584 βίϐλους,
3685 2512 3771 2575 εἰς

2185 2617 2430 2685 ἀνάγκην
2459 2616 2526 2671 ἂν
2558 2615 2741 2685 ἀπῆγε
2781 2613 3142 2684 συναγείρειν.
3185 2609 3326 2664 Ἀλλ’
3346 2609 3396 2662 εἰ
3441 2609 3539 2678 μὲν
3565 2607 3622 2660 ὲν
3648 2606 3773 2660 τού-

2185 2727 2297 2773 τοις
2331 2710 2456 2779 ἔσχε
2508 2709 2607 2771 τὰς
2641 2707 2804 2776 γονὰς
2847 2707 2881 2777 ἡ
2921 2704 3193 2775 ἀχθηδὼν,
3218 2703 3392 2766 οὐδὲν,
3421 2697 3468 2754 ὦ
3499 2699 3766 2770 βέλτιστε,

2153 2789 2322 2875 ’πρὸς
2353 2805 2499 2874 ἡμᾶς
2521 2819 2534 2831 ⁸
2560 2801 2669 2855 εἶδ’
2709 2799 2838 2854 ἄλλο
2863 2799 2918 2852 τί
2953 2800 3103 2862 ἐστι,
3141 2797 3205 2850 σὺ
3236 2795 3294 2849 δέ
3329 2813 3420 2866 μοι
3463 2791 3769 2861 σύγγνωθι.

2186 2897 2280 2948 καὶ
2310 2897 2485 2966 χρόνῳ
2513 2892 2734 2966 μακρῷ,
2781 2892 2877 2946 καὶ
2922 2891 3065 2960 νόσῳ
3107 2889 3285 2960 πικρᾷ
3317 2887 3376 2941 τὸ
3399 2887 3624 2958 κρατεῖν
3673 2883 3771 2935 λα-

2185 2990 2389 3057 ϐούσης
2415 2988 2584 3058 λήθης
2609 2985 2919 3058 ἡττηθέντι.
2965 2981 3128 3036 Ἀλλά
3162 2998 3254 3052 μοι
3289 2979 3507 3050 έρῤωσο
3540 2975 3642 3047 τὴν
3665 2974 3771 3045 ψυ-

2186 3082 2287 3152 χὴν
2316 3081 2413 3132 σὺν
2444 3061 2522 3150 τῖε)
2555 3077 2789 3147 σώματι,
2831 3075 2926 3129 καὶ⁸
2977 3075 3117 3145 μήτε
3154 3072 3352 3144 ῥᾳδίως
3403 3068 3549 3122 οὕτω
3606 3066 3770 3127 σκιᾶς

2185 3171 2492 3243 ἀχθηδόνων
2548 3169 2710 3232 αὐτὸς
2773 3167 3164 3236 διεκπέμπων,
3214 3160 3419 3224 ταύτας
3475 3157 3768 3228 ύπότρεχε,

2189 3270 2327 3335 μήτε
2361 3262 2512 3333 ζήτει
2543 3262 2674 3332 παρ’
2709 3258 2871 3314 ἄλλου
2903 3257 3083 3328 λύπης
3135 3253 3379 3324 ἐξευρεῖν
3423 3249 3768 3318 ἀπαλλαγὴν,

496 3361 622 3400 nem
649 3347 1002 3416 obrepentem
1023 3347 1285 3415 repellere
1301 3347 1543 3416 nequivi.
1563 3349 1672 3404 Sed
1697 3350 1879 3406 valeas
1899 3353 2082 3408 animo

2187 3333 2260 3431 iis
2285 3359 2384 3412 οὐκ
2409 3357 2528 3410 ἐστι
2564 3355 2664 3426 τὴν
2692 3351 2906 3422 γένεσιν
2923 3351 3106 3422 εὑρεῖν
3127 3344 3390 3417 οὐδαμοῦ,
3415 3342 3532 3398 ἀλλ’
3556 3341 3591 3412 ἢ
3618 3339 3773 3410 παρὰ

495 3448 660 3508 atque
688 3454 936 3509 corpore,
971 3448 1026 3494 et
1061 3439 1174 3494 noli
1215 3450 1323 3494 tam
1365 3440 1523 3495 facile
1552 3445 1930 3512 gravaminum
1960 3462 2084 3501 um.

498 3529 645 3594 bras,
681 3545 816 3600 quas
853 3529 970 3599 ipse
999 3529 1244 3600 projicis,
1292 3532 1499 3602 subire,
1545 3549 1650 3589 nec
1693 3535 1762 3594 ab
1795 3536 1904 3592 alio
1943 3549 2106 3612 quo-‘

2188 3454 2287 3517 τὰς
2322 3452 2420 3515 σάς
2473 3451 2575 3521 τῆς
2632 3445 2888 3509 ὑπονοίας
2913 3445 2976 3498 ού
3034 3439 3314 3512 γνησίους,
3344 3433 3527 3506 οἶμαι,
3582 3431 3764 3500 γονάς.

2194 3547 2466 3619 Ἔρρωσθ.

497 3637 659 3692 quam
706 3622 1006 3678 allevamen
1041 3623 1287 3694 requiras
1328 3624 1532 3683 doloris
1577 3627 1686 3692 tui,
1733 3630 1825 3700 qui
1876 3634 2080 3695 nullam
2122 3617 2274 3695 alibi
2311 3639 2538 3694 sortitur
2569 3633 2838 3706 originem
2861 3645 3026 3704 quam
3087 3625 3233 3698 apud
3268 3633 3393 3689 tuas
3429 3617 3764 3690 suspiciones

494 3733 606 3772 non
631 3717 768 3782 illas,
807 3731 907 3788 ego
947 3717 1205 3784 arbitror,
1230 3717 1470 3790 legitime
1504 3730 1680 3780 natas.
1713 3721 1864 3782 Vale.

1074 3878 1300 3936 EPIST.
1341 3880 1430 3935 XC
1440 3879 1505 3937 Υ.

495 3977 716 4031 Arsenio
748 3975 1003 4029 monacho
1029 3985 1076 4028 et
1105 3974 1461 4046 anachoretaz,
1487 3985 1769 4046 postquam
1793 3980 1995 4036 dimissi
2017 3986 2089 4035 ad

567 4047 718 4100 illum
753 4048 986 4118 fuerant,
1015 4046 1103 4118 qui
1129 4047 1211 4106 de,
1235 4043 1496 4116 Bulgaria’
1516 4043 1756 4118 profecti,
1779 4051 1946 4104 vitam
1978 4069 2090 4106 mo-

568 4119 830 4172 nasticam
861 4117 1068 4187 ingredi
1096 4118 1396 4185 cupiebant.

2802 3882 3026 3938 ΕΠΙΣΤ.
3058 3881 3174 3938 ιιΕι.

2802 3886 3026 3938 ΕΠΙΣΤ.
3098 3886 3174 3938 Ε’.

2197 3980 2473 4063 Ἁρσεηίφ
2497 3976 2811 4063 μονάζοντι
2835 3886 3315 4063 καὶὶήσέχρστῇ,
3343 3971 3497 4063 μετὰ
3534 3968 3599 4063 ςό
3624 3969 3770 4063 ἀπο-

2257 4044 2558 4115 σταλῆναι
2608 4046 2761 4114 πρὸς
2816 4045 3006 4098 αὑτὸν
3047 4044 3190 4110 τοὺς
3244 4044 3314 4098 ἐκ
3395 4045 3770 4111 Βουλγαριάς

2266 4119 2593 4188 ζητοῦντας
2628 4117 2918 4188 μονάσαι.

1739 4236 2008 4287 Montacut.
2036 4239 2137 4301 (ep.
2162 4237 2273 4299 256,
2295 4251 2346 4300 p.
2369 4235 2503 4300 357).

571 4342 628 4395 Si
666 4351 795 4396 tunc
824 4355 1042 4411 quoque
1069 4341 1241 4397 oculis
1271 4356 1393 4413 ego,
1435 4343 1635 4414 quibus
1659 4345 1811 4412 olim,
1832 4346 2079 4401 videbam

496 4437 626 4502 (hoc
655 4433 801 4486 enim
843 4432 911 4486 de
958 4448 1045 4486 me
1084 4432 1214 4486 mihi
1249 4439 1356 4490 tuae
1387 4434 1582 4490 litterae
1607 4437 1987 4506 occinuerunt,
2025 4449 2082 4494 et

2263 4348 2326 4402 Et
2371 4346 2587 4418 βλέπων
2633 4343 2746 4413 ἐγὼ
2783 4341 2880 4398 καὶ
2907 4342 3032 4397 τότε
3075 4339 3396 4412 ὀφθαλμοῖς,
3455 4338 3549 4392 τοῦ
3599 4337 3770 4392 πάλαι

2187 4441 2480 4511 βλέποντος
2515 4435 2696 4506 (τοῦτο
2722 4435 2834 4507 γάρ
2867 4452 2934 4506 με
2969 4435 3032 4490 τὸ
3065 4433 3158 4489 σὺν
3185 4432 3467 4504 ἀνύμνησε
3497 4433 3763 4502 γράμμα,

497 4525 640 4578 illam
673 4525 895 4594 gratiam
924 4523 1310 4591 praedicarunt,
1345 4541 1510 4595 quam
1551 4529 1793 4600 alioquin
1840 4547 1940 4602 ego
1965 4546 2077 4586 non

2187 4533 2284 4590 καὶ
2317 4534 2479 4604 χάριν
2522 4531 2725 4585 ἔδωκεν
2751 4530 2810 4584 ὲν
2833 4529 3031 4600 καιρῷ,
3070 4529 3099 4582 ὃ
3153 4527 3257 4582 οὐκ
3297 4527 3364 4582 ἂν
3394 4526 3572 4590 ἄλλως
3600 4524 3771 4594 ἡδέως

493 4617 729 4670 libenter
769 4615 1161 4686 admitterem),
1195 4631 1307 4670 non
1339 4617 1585 4674 obscura:
1614 4622 2083 4694 momignorantize

494 4707 894 4762 convictionem
949 4706 1139 4762 aflero.
1189 4705 1397 4763 Verum
1447 4709 1492 4788 si
1541 4712 1737 4782 quovis
1784 4716 1949 4770 modo
1980 4731 2080 4786 ego

495 4799 692 4853 videns
727 4814 902 4858 eram,
937 4813 1106 4868 quare
1148 4797 1341 4853 ducem
1389 4815 1479 4855 me
1511 4817 1716 4857 czeemn
1761 4807 2084 4862 exhibebam

497 4892 583 4954 iis,
614 4892 702 4959 qui
735 4892 801 4946 ad
833 4890 1009 4944 lucem
1040 4891 1290 4946 veritatis
1321 4882 1692 4949 festinabant?
1722 4895 1838 4951 Non
1871 4899 2086 4955 esthoc

496 4983 753 5047 videntis,
780 4982 995 5052 opinor,
1015 4983 1124 5036 imo
1142 4983 1302 5056 longe
1331 4984 1501 5051 aliud,
1531 4986 1660 5053 imo,
1690 4990 1836 5058 quod
1865 4991 2087 5061 gravius

499 5085 602 5138 est,
648 5075 712 5128 ad
759 5091 882 5129 cum
923 5084 1129 5146 spectat
1159 5077 1251 5146 qui
1285 5088 1523 5133 excaecat
1548 5079 1733 5135 videre
1757 5083 2083 5152 cupientes:

499 5179 554 5222 et
586 5167 744 5238 longo
781 5169 999 5223 tramite
1038 5169 1293 5224 aberrare
1323 5170 1454 5224 facit
1491 5186 1522 5225 a
1550 5173 1778 5228 veritate
1810 5173 1952 5241 illos,
1992 5176 2084 5246 qui

499 5262 663 5315 rectis
693 5261 923 5332 pedibus
969 5261 1108 5314 viam
1156 5263 1376 5318 virtutis
1420 5279 1670 5334 premere
1719 5267 1994 5322 volebant.
2027 5267 2084 5322 Si

500 5353 663 5423 igitur
692 5355 924 5426 hymnus
949 5370 1058 5407 non
1088 5355 1312 5409 omnino
1339 5355 1670 5412 insomnium
1709 5359 1799 5423 sit,
1825 5370 1878 5414 et
1904 5361 2086 5416 sceni-

502 5462 628 5499 cum
661 5446 866 5499 videnti
900 5445 1128 5513 donum,
1175 5461 1276 5515 ego
1323 5447 1446 5503 illos
1492 5450 1936 5516 contradicerim,
1988 5454 2081 5522 qui

505 5537 931 5593 manuductione
961 5537 1307 5607 indigebant;
1339 5548 1396 5593 et
1444 5541 1488 5595 si
1534 5544 1806 5597 sententia
1847 5544 2085 5613 processi

501 5630 571 5684 ab
608 5631 920 5698 incorrupto
957 5627 1184 5697 judicio,
1222 5629 1264 5681 si
1310 5629 1554 5685 animum
1615 5633 1882 5702 dirigebat
1923 5634 2086 5688 recti-

505 5720 657 5786 tudo,
703 5727 895 5774 etnon
924 5735 1095 5785 amor,
1129 5720 1212 5774 cui
1244 5720 1482 5774 ludibrio
1517 5723 1729 5792 justitia
1762 5725 2083 5792 habebatur,

505 5830 608 5872 nec
628 5831 659 5870 a
684 5813 986 5873 visceribus
1012 5831 1106 5886 per
1128 5815 1518 5885 indulgentiam
1544 5817 1763 5874 filialcm
1784 5819 1838 5873 in
1859 5820 2086 5875 alIcctus

2186 4623 2298 4678 οὐδ’
2335 4621 2524 4685 ἁπλῶς
2549 4618 2864 4690 ἐδεξάμην),
2896 4619 2972 4690 μὴ
2999 4619 3149 4674 λάθω
3195 4617 3375 4682 διδοὺς
3423 4617 3643 4686 ἔλεγχον
3670 4616 3769 4684 τῆς

2186 4712 2428 4786 ἐμαυτοῦ
2451 4711 2696 4783 ἀγνοίας.
2727 4711 2868 4766 Ἀλλ’
2900 4711 2949 4763 εί
2999 4710 3100 4778 μὲν
3128 4708 3346 4779 βλέπων
3368 4706 3618 4762 ὁπωσοῦν
3637 4705 3766 4774 ἐγὼ,

2187 4807 2308 4870 πῶς
2342 4805 2539 4875 τυφλὸν
2560 4803 2753 4876 ὁδηγὸν
2808 4805 2922 4866 τοῖς
2957 4803 3096 4872 πρὸς
3118 4800 3180 4856 τὸ
3206 4801 3324 4872 φῶς
3356 4801 3459 4870 τῆς
3512 4798 3765 4870 ἀληθείας

2185 4899 2393 4970 ἐθέμην
2420 4898 2869 4968 ἑπειγουμένοιςς
2894 4894 2969 4948 Οὐ
3003 4895 3134 4967 γὰρ,
3184 4896 3246 4948 οὐ
3276 4894 3572 4965 βλέποντος
3615 4891 3764 4945 τοῦτο

2189 4991 2371 5061 μόνον,
2403 4989 2601 5044 πολλοῦ
2625 5005 2692 5055 γε
2732 4988 2827 5042 καὶ⁵
2859 4987 2942 5040 δεῖ
2965 5004 2980 5018 ·
3016 4988 3152 5042 άλλά
3179 4988 3272 5042 καὶ
3297 4985 3358 5040 τὸ
3385 4982 3769 5057 χαλεπώτατον

2186 5083 2536 5152 τυφλοῦντος,
2589 5082 2816 5151 ἑτέρους
2853 5080 3072 5150 βλέπειν
3125 5080 3420 5150 ἑλομένους
3445 5097 3461 5112 ·
3529 5079 3624 5134 καὶ
3655 5077 3774 5131 δια-

2189 5173 2501 5237 πλανῶντος
2533 5173 2723 5244 μακρᾷ
2750 5171 2926 5244 τρίϐῳ
2946 5173 3046 5242 τῆς
3073 5171 3313 5234 εὐθείας,
3361 5171 3490 5232 τοὺς
3513 5170 3621 5240 ὅλῳ
3649 5169 3776 5222 ποδὶ

2191 5265 2436 5335 μετιέναι
2485 5265 2688 5336 ταύτην
2723 5264 3113 5334 ὲκζητοῦντας.
3152 5265 3216 5318 Et
3245 5263 3424 5317 τοίνυν
3451 5265 3526 5333 μὴ
3571 5277 3777 5316 παντε-

2186 5361 2343 5424 λῶςὸ
2391 5359 2560 5430 ὕμνος
2609 5359 2851 5428 ὄνειρος,
2899 5358 2997 5411 καὶ
3033 5357 3209 5427 δῶρον
3262 5356 3470 5428 σκηνῆς
3519 5355 3778 5425 βλέποντι

2190 5450 2512 5521 παρεθέμην
2559 5448 2672 5517 ἐγὼ
2701 5451 2829 5512 τοὺς
2881 5448 3254 5520 χειραγωγίας
3296 5448 3619 5516 δεομένουςο
3679 5444 3779 5498 καὶ

2190 5543 2424 5613 κρίσεως
2465 5537 2533 5613 ἦν
2563 5541 2865 5596 ἀδεκάστου
2892 5541 3094 5612 ψῆφος,
3127 5543 3222 5594 καὶ
3250 5539 3477 5610 γνώμης
3508 5537 3766 5608 εὐθύτης,

2190 5635 2306 5689 ἀλλ’
2331 5635 2392 5688 ού
2422 5633 2660 5706 στοργῆς
2689 5636 2790 5704 τὴν
2816 5635 2977 5704 δίκην
3008 5634 3368 5705 διαγελώσης,
3401 5632 3524 5686 οὐδὲ
3558 5631 3772 5698 σπλάγ-⁹

2191 5746 2354 5796 χνων,
2384 5727 2464 5798 τῷ
2491 5727 2700 5797 φίλτρῳ
2724 5725 2832 5780 τῶν
2863 5728 3090 5794 τέκνων,
3143 5730 3224 5792 εἰς
3253 5727 3566 5797 παράλογον
3596 5741 3774 5796 προσ-

2190 5820 2423 5874 πάθειαν
2474 5819 2862 5892 διαχεομένων,
2908 5821 2968 5874 τὸ
2994 5825 3059 5893 τῇ
3093 5825 3159 5894 σῇ
3180 5820 3479 5892 τελειότητι
3509 5817 3638 5883 τοὺς
3666 5817 3769 5872 άν-

3651 347 3858 412 904.
