4024 6500
320 442 415 501 905

1460 430 2006 496 EPISTOLARUM
2041 430 2270 490 LIBER
2306 432 2391 491 II.

3448 429 3553 492 906

316 553 435 620 δρας
467 543 834 615 παραπέμψαι
872 541 918 595 ι.
953 540 1162 595 Οὑκοῦν
1188 541 1397 613 ὲρρέτω
1438 540 1498 591 τὸ
1528 538 1659 608 παρ’
1692 535 1876 603 ἀξίαν,

1996 535 2329 589 .rrationales
2377 533 2612 599 dill'usis,
2641 542 2748 588 tua:
2782 531 3043 587 absolutae
3089 532 3408 602 perfectioni
3453 534 3556 588 bo-

317 636 488 694 καὶτὸ
514 635 698 703 θαῦμα
739 634 915 701 φυγδν
966 633 1024 685 τὸ
1070 631 1280 702 θαῦμα·
1337 630 1571 699 γινέσθω
1603 629 1711 682 τῶν
1750 647 1873 682 συν-

317 731 452 802 ήθων
495 729 596 793 τὴν
629 728 684 778 ὲν
727 726 960 796 πράξεσι
1013 723 1331 794 πρέπουσαν
1393 722 1872 792 μεθαρμοζόμενον

314 819 647 881 ἀκολουθίαν,
707 819 800 871 καὶ
842 819 1004 887 ἡμεῖς
1061 817 1212 869 οὐδὲν
1255 820 1320 887 τῇ
1381 820 1447 886 σῇ
1498 813 1874 886 κεχαρίσμεθα

319 909 694 982 μακαριότητι,
725 907 836 962 τῶν
864 908 945 971 εἰς
975 906 1241 976 ἔκπληξιν
1275 909 1518 976 ἀγόντων
1545 922 1559 937 ·
1593 905 1710 958 ἀλλ’
1753 904 1875 957 οὐδὲ

314 1002 413 1054 τῶν
439 1001 529 1052 ἐπὶ
565 1001 627 1053 τὸ
657 1000 877 1070 μέτριον
925 1001 1332 1055 διαϐαινόντων.
1368 999 1545 1069 Χάριν
1579 999 1636 1052 δὲ
1676 998 1878 1069 μᾶλλον

313 1095 404 1162 τὴν
429 1094 508 1145 ὅτι
541 1091 777 1160 μάλιστα
805 1092 1210 1161 ἀπειλήφαμεν,
1247 1092 1304 1143 ὲν
1331 1086 1412 1153 οἷς
1446 1090 1677 1159 ἔσχομεν
1723 1089 1879 1142 ἀδελ-

316 1186 459 1253 φοὺς,
486 1183 612 1252 ἄρτι
645 1185 746 1254 τῆς
775 1186 834 1236 ὲν
865 1182 963 1253 βίῳ
984 1182 1151 1252 ζάλης
1180 1182 1620 1253 ὑποχωροῦντας,
1648 1181 1880 1250 ἡσυχίας

315 1277 402 1330 καὶ
433 1275 722 1343 φιλοσόφου
763 1274 910 1345 ζωῆς
947 1275 1035 1329 διὰ
1069 1275 1163 1328 σοῦ
1218 1276 1399 1344 λιμένι
1447 1275 1879 1345 ἐγκαθορμίσαιο

314 1368 451 1436 ἡμᾶς
479 1366 535 1418 δὲ
563 1366 717 1428 νόσος
752 1366 908 1436 ἔσχεν
939 1368 1076 1436 (εἴγε
1113 1367 1220 1437 χρὴ
1246 1367 1453 1434 ταύτην
1492 1367 1646 1419 νόσον
1673 1367 1877 1432 καλεῖν,

312 1459 440 1512 ἀλλὰ
470 1457 544 1529 μὴ
573 1458 802 1512 Θανάτου
839 1460 1106 1529 πρόθυρα)
1142 1460 1288 1524 ὀξεῖα
1323 1461 1416 1512 καὶ
1442 1460 1879 1529 ἀπροσδόκητος·

314 1546 443 1601 ἀλλά
469 1550 588 1612 ταῖς
619 1549 773 1616 ὑμῶν
804 1549 988 1619 εὐχαῖς
1013 1549 1113 1618 τῆς
1170 1550 1403 1620 σφοδρᾶς
1455 1551 1657 1620 ἀνῆκεν
1697 1549 1884 1602 ἐπιθέ-

315 1656 467 1702 σεως,
491 1639 625 1692 Θεοῦ
645 1641 805 1694 πάλιν
828 1641 1034 1694 ἀνωθεν
1055 1643 1186 1710 ἡμῖν
1203 1643 1302 1712 τὴν
1321 1642 1488 1712 ζωὴν,
1512 1643 1600 1694 ἐπὶ
1625 1641 1884 1712 μετανοίᾳ

315 1731 456 1792 ἴσως,
499 1730 526 1782 ὃ
547 1731 639 1783 καὶ
667 1733 895 1798 γένοιτο,
930 1731 1361 1795 κατανεύσαντος
1389 1751 1402 1763 ·
1437 1735 1529 1787 καὶ
1571 1733 1756 1786 λοιπὸν
1785 1735 1885 1803 ἤδη

1978 624 2155 678 mines
2201 625 2594 680 transmittere.
2657 625 2755 677 Eat
2789 624 2951 693 igitur
2997 638 3105 692 quo
3146 623 3275 677 velit
3321 624 3374 678 id
3413 624 3559 693 quod

1981 724 2176 784 praeter
2226 716 2545 785 dignitatem
2595 716 2830 779 accidit,
2877 724 2931 769 et
2989 713 3283 768 admiratio
3338 714 3553 786 fugiens

1981 809 2414 864 admirationem.
2445 808 2566 862 Fiat
2630 807 2832 877 aliquid
2881 806 3121 873 solitum,
3168 820 3278 875 quo
3321 805 3562 860 imitetur

1983 904 2260 958 actionum
2291 918 2534 974 congrua
2578 902 2991 969 consequentia,
3030 909 3136 954 tua:
3169 897 3415 954 beatitati
3461 913 3563 952 nos

1982 996 2119 1050 nihil
2172 996 2563 1060 condonamus,
2609 994 2754 1065 quod
2804 993 2974 1064 possit
3013 992 3081 1045 ad
3129 999 3406 1061 stuporem
3459 990 3564 1043 im-

1987 1088 2212 1157 pellere,
2257 1096 2353 1142 aut
2403 1088 2549 1157 quod
2597 1085 2823 1140 excedat
2877 1083 3322 1139 moderationem.
3378 1080 3568 1136 Potius

1987 1178 2354 1248 gratissimum
2392 1177 2551 1231 nobis
2585 1183 2690 1241 est,
2722 1174 2868 1245 quod
2894 1171 3160 1242 ejusmodi
3189 1171 3413 1226 aﬂ‘cctos
3458 1169 3568 1224 fra-

1989 1276 2100 1323 tres
2127 1268 2446 1332 habeamus,
2474 1268 2568 1338 qui
2595 1267 2665 1322 dc
2696 1265 2951 1321 ﬂuctibus
2979 1265 3136 1319 istius
3166 1263 3290 1318 vitae
3309 1271 3566 1316 ’cmerse-

1989 1366 2154 1422 runt,
2188 1368 2244 1412 et
2286 1373 2382 1427 per
2420 1365 2473 1412 te
2518 1358 2747 1427 cupiunt
2797 1357 2852 1410 in
2894 1365 3110 1427 portum
3168 1353 3572 1423 tranquillitatis

1991 1459 2045 1504 et
2073 1449 2196 1504 vita:
2226 1449 2615 1520 philosophica:
2646 1449 2861 1504 deduci.
2907 1449 2991 1502 Me
3026 1449 3249 1502 morbus
3273 1446 3462 1500 habuit
3503 1445 3572 1512 (si

1991 1542 2242 1596 morbum
2289 1552 2493 1607 tamen,
2539 1551 2594 1595 et
2632 1558 2742 1595 non
2785 1542 2978 1595 mortis
3021 1540 3203 1610 potius
3243 1537 3571 1593 vestibulum

1993 1633 2176 1688 dicere
2220 1633 2466 1703 debeam)
2499 1643 2687 1688 acutus
2738 1641 2793 1687 et
2844 1633 3271 1704 inexspectatus.
3320 1628 3426 1685 Sed
3473 1645 3571 1699 per

1998 1737 2206 1780 vestras
2235 1741 2446 1795 preces,
2473 1726 2541 1781 dc
2585 1725 2879 1780 acerbitate
2918 1725 3116 1795 aliquid
3163 1723 3403 1786 remisit;
3459 1721 3573 1775 Deo

273 1816 295 1840 '
313 1821 510 1892 ζῶμεν,
541 1824 587 1875 εἰ
613 1825 706 1876 καὶ
733 1824 800 1877 τὰ
827 1825 1055 1894 Laida“;
1083 1825 1174 1880 τοῦ
1216 1825 1420 1889 πάθους
1463 1826 1542 1878 ἔτι
1579 1825 1889 1896 παραλυπεῖ

1996 1817 2212 1872 demum
2236 1789 2314 1872 de
2356 1819 2494 1872 caalo
2536 1817 2672 1872 mihi
2699 1817 2863 1871 vitam
2905 1818 2972 1872 ad
3001 1789 3396 1887 paenitentiam,
3427 1814 3575 1883 quod

312 1913 368 1964 τὸ
391 1917 686 1984 σωμάτιον.

879 2199 1106 2253 sum.
1149 2199 1279 2266 ις’.

614 2289 930 2358 [νικηφόρῳ
955 2293 1273 2359 φιλοσόφῳ
1303 2289 1572 2360 μοναχῷ.

1989 1913 2287 1980 optaverim
2317 1911 2541 1977 factum,
2576 1921 2877 1966 annuente.
2925 1911 3190 1977 Quocirca
3217 1909 3450 1962 vivimus
3473 1907 3574 1960 ad-

1990 2002 2117 2068 huc,
2168 2005 2296 2058 licet
2349 2004 2486 2058 mihi
2535 2004 2918 2074 corpusculum
2971 2002 3212 2072 reliquiae
3253 2001 3396 2055 illius
3446 1997 3573 2054 mali

1995 2096 2132 2149 male
2165 2096 2401 2149 habeant
2438 2093 2717 2150 aﬂ'ectum.

2554 2203 2768 2258 EPIST.
2820 2201 3006 2256 XCVI.

2318 2296 2614 2366 Nicephoro
2653 2296 2956 2364 philosopho
2986 2295 3253 2348 monacho.

1507 2408 1794 2460 .Montacut.
1821 2412 1923 2472 (ep.
1947 2410 2056 2470 237,
2080 2426 2129 2474 p.
2151 2413 2283 2473 558).

384 2511 787 2582 Ἀμηχανοὺντί
819 2531 909 2582 μοι
966 2514 1063 2568 καὶ
1118 2514 1498 2587 ἀπορουμένῳ,
1555 2519 1648 2568 καὶ
1683 2516 1884 2586 ἀσχάλ-

2057 2517 2297 2571 ΙΙιειειιιί
2350 2518 2482 2572 mihi
2534 2512 2734 2582 dubio,
2776 2527 2831 2571 et
2888 2514 3159 2570 vacillanti
3205 2513 3272 2568 de
3324 2527 3570 2569 mearum

304 2604 443 2657 λοντι
478 2607 612 2676 περὶ
638 2605 707 2658 τὰ
753 2607 875 2660 κατ’
908 2609 1146 2679 ἐμαυτὸν
1167 2609 1296 2679 (ἐμὰ
1331 2608 1440 2678 γὰρ
1490 2609 1558 2662 τὰ
1603 2609 1699 2664 τοῦ
1749 2610 1885 2680 ἐμοῦ

1996 2623 2164 2663 rerum
2205 2617 2346 2664 statu
2391 2619 2531 2679 (mea
2562 2610 2706 2665 enim
2737 2616 2885 2674 sunt,
2907 2607 3069 2662 velim
3099 2605 3290 2670 nolim,
3320 2619 3442 2674 quze
3467 2603 3578 2658 mei

304 2697 556 2767 αἵματος,
590 2699 694 2751 κᾶν
730 2700 803 2769 μὴ
833 2699 1017 2768 θέλω),
1053 2701 1148 2754 καὶ
1196 2702 1297 2755 ὅσα
1337 2702 1488 2768 πάθη
1521 2703 1734 2772 συνέχει
1763 2704 1888 2764 τοὺς

1996 2702 2264 2772 sanguinis
2294 2703 2465 2771 sunt),
2501 2710 2557 2755 et
2597 2706 2732 2768 quot
2777 2697 2935 2752 malis
2963 2694 3125 2750 amici
3173 2701 3574 2767 premerentur,

304 2788 488 2854 φίλους
518 2829 532 2848 ,
570 2789 915 2860 παραμύθιον
935 2785 1072 2861 ⁴ἧκεν
1097 2796 1112 2855 (
1121 2789 1258 2856 εἶδες
1295 2792 1480 2863 καινὰ)
1507 2797 1570 2847 ὲκ
1595 2793 1888 2864 συμφορῶν

1996 2793 2140 2847 venit
2169 2794 2424 2848 solatium
2470 2792 2616 2862 (vide
2657 2793 2733 2844 rei
2765 2789 3084 2859 novitatem)
3117 2804 3148 2842 a
3186 2785 3578 2856 multiplicibus

303 2879 660 2977 πολυτρόπων
709 2882 1015 2952 ἠρτημένον
1045 2883 1218 2951 φίλου.
1269 2884 1418 2936 Ἐλθὲ
1447 2885 1511 2956 δὴ
1546 2884 1659 2948 οὖν,
1702 2885 1891 2956 ὥσπερ
1917 2921 1960 2977 C

301 2971 542 3040 ᾔτησας
577 2973 699 3026 ἐλθὲ
727 2975 827 3044 τὴν
856 2975 1118 3046 ταχίστην
1143 2994 1154 3007 ·
1186 2979 1243 3029 ὲν
1276 2977 1435 3047 μέρει
1483 2977 1583 3047 μὲν
1616 2978 1744 3040 ἴσως
1766 2978 1888 3047 (σὺν

299 3063 416 3132 Θεῷ
445 3063 506 3116 δὲ
537 3065 724 3135 φάναι)
752 3069 848 3134 τὴν
876 3067 1195 3137 ἀπαλλαγὴν
1229 3068 1478 3138 εὑρήσων
1501 3069 1608 3122 τῶν
1638 3070 1885 3140 παραλυ-

301 3155 586 3210 πούντων⁸
636 3160 692 3211 ἐν
732 3160 887 3230 μέρει
921 3160 977 3213 δὲ
1017 3163 1112 3212 καὶ
1138 3161 1288 3230 ἡμᾶς
1341 3164 1406 3232 τῇ
1429 3161 1561 3233 φίλῃ
1613 3164 1886 3234 παρουσίᾳ

300 3247 396 3316 τῆς
419 3249 767 3305 πολυωδύνου
795 3249 1069 3321 κουφίζων
1089 3252 1346 3322 ἀθυμίας.

917 3455 1140 3509 ΕΠΙΣΤ.
1183 3458 1296 3521 ιιΖν.

945 3545 1033 3612 Τῷ
1079 3546 1259 3614 αὐτῷ.

1995 2885 2099 2940 illis
2149 2886 2306 2940 malis
2354 2886 2553 2955 quibus
2591 2884 2798 2938 amicus
2843 2882 3138 2952 urgebalur
3179 2898 3193 2934 :
3228 2878 3352 2934 veni
3396 2889 3580 2932 autem

1992 2977 2149 3047 juxta
2179 2977 2323 3046 quod
2353 2977 2669 3046 expetebas,
2698 2984 2754 3030 et
2777 2975 3060 3030 celerrime
3088 2971 3308 3042 quidem
3338 2969 3460 3025 veni
3511 2968 3581 3023 ad

2005 3077 2186 3138 partes
2219 3069 2568 3133 inventurus,
2599 3068 2814 3123 favente
2837 3068 2969 3132 Deo,
2999 3065 3377 3120 liberationem
3417 3061 3484 3115 ab
3514 3059 3581 3113 iis

1993 3178 2114 3230 qua:
2152 3176 2387 3216 mcerore
2434 3171 2485 3215 te
2508 3161 2751 3215 adiciunt
2778 3175 2789 3208 ε
2824 3158 2946 3214 veni
2975 3157 3138 3212 etiam
3170 3156 3226 3210 in
3254 3164 3435 3223 partes
3455 3152 3581 3206 alle-

1994 3251 2176 3305 viandi
2229 3267 2323 3320 per
2367 3253 2598 3308 amicam
2636 3260 2781 3305 tuam
2815 3249 3158 3320 praasentiam
3202 3243 3580 3301 multimodam

1997 3344 2292 3399 tristitiam.

2551 3458 2767 3512 EPIST.
2809 3455 3019 3512 XCVII.

2688 3549 2895 3604 Eidem.

1547 3668 1818 3720 Montacut.
1855 3667 1958 3734 (ep.
1991 3668 2103 3729 258,
2135 3682 2184 3729 p.
2221 3667 2355 3728 55.9).

377 3769 439 3822 Ὀ
467 3767 576 3839 μὲν
617 3767 825 3838 χειμὼν
851 3769 1118 3838 ἐγεγόνει,
1142 3772 1236 3825 καὶ
1266 3774 1364 3842 τὴν
1407 3777 1681 3844 χειμέριον
1719 3777 1884 3847 ὥραν,

295 3857 449 3913 ὥσπε
460 3879 493 3928 ρ
527 3861 802 3931 ἐπιτηδὲς,
833 3863 933 3923 τὰς
958 3862 1060 3925 σάς
1091 3867 1533 3934 προαναστέλλων
1554 3868 1656 3937 τῆς
1693 3869 1891 3940 βραδὺ-

292 3969 460 4020 τητος
490 3951 696 4017 αἰτίας,
732 3951 839 4021 ἀὴρ
869 3951 1044 4015 εὔδιος
1067 3954 1376 4026 ὑπεδέχετο.
1407 3958 1518 4010 Καὶ
1547 3961 1753 4028 χειμὼν
1787 3961 1891 4013 πά-

292 4043 378 4095 λιν
409 4043 544 4097 καθ’
577 4044 734 4114 ἡμῶν
758 4046 960 4111 πολλὰς
988 4048 1218 4116 νιφάδας
1243 4048 1521 4120 λογισμῶν
1548 4052 1732 4119 ἀφιεὶς
1760 4070 1893 4106 κατ-

293 4135 641 4204 εῤῥὴγνυτο.
670 4134 733 4185 Τί
765 4135 822 4187 δὲ
847 4137 1037 4204 γέγονε
1058 4157 1073 4205 ;
1097 4139 1169 4208 μή
1198 4156 1251 4191 τι
1273 4141 1381 4193 τῶν
1407 4141 1686 4210 ἀδοκήτων
1713 4144 1894 4214 ἀπήν-

292 4240 468 4292 τησε;
513 4227 647 4294 μήτι
674 4225 871 4296 συνέϐη
899 4227 1003 4278 τῶν
1032 4229 1392 4298 μολυσμάτων
1410 4240 1450 4261 ω
1475 4249 1489 4295 ;
1543 4233 1650 4303 ἄρα
1686 4235 1743 4287 δὲ
1767 4235 1892 4305 θερ-

2074 3775 2313 3830 Transiit
2350 3773 2548 3837 hiems,
2589 3782 2646 3830 et
2691 3774 2976 3828 hibernam
3025 3779 3400 3842 tempestatem
3431 3770 3581 3827 illam

1999 3871 2296 3926 admodum
2330 3886 2574 3941 congrue
2611 3878 2716 3925 tua:
2740 3871 3008 3926 tarditatis
3036 3886 3228 3928 causas
3253 3869 3576 3935 discutiens,

1997 3966 2195 4021 sudum
2251 3965 2449 4020 coelum
2500 3975 2746 4018 secutum
2776 3972 2881 4018 est.
2935 3964 3144 4018 Rursus
3165 3973 3345 4016 tamen
3379 3962 3434 4016 in
3480 3977 3581 4016 nos

2000 4058 2176 4112 hiems
2233 4057 2622 4128 cogitationum
2656 4056 2814 4111 nives
2853 4067 2908 4112 et
2941 4057 3145 4111 imbres
3179 4054 3405 4109 immisit
3456 4071 3578 4109 cum

2001 4149 2235 4219 fragore.
2270 4148 2411 4214 Quid
2458 4157 2638 4202 autem
2672 4147 2923 4203 factum?
2953 4147 3092 4202 Num
3128 4147 3330 4217 aliquid
3385 4148 3583 4202 accidit

2003 4241 2385 4310 insperatum?
2414 4256 2542 4294 num
2568 4240 3064 4310 impedimentum?
3091 4256 3220 4294 num
3248 4241 3366 4294 sine
3389 4254 3581 4310 magna

297 4313 404 4382 μὴν
435 4313 591 4367 οὕτω
614 4313 750 4384 πρὸς
770 4315 868 4385 τὴν
890 4317 1074 4370 ἄνοδον
1096 4319 1294 4390 ὁρμὴν,
1313 4321 1440 4374 ἄνευ
1464 4325 1707 4395 μεγάλης
1725 4326 1889 4393 ἀνάγ-

2000 4307 2329 4384 necessitate
2377 4329 2557 4400 aliqua
2589 4307 2874 4399 quiescere
2927 4331 3102 4400 potuit
3133 4339 3314 4385 tantus
3338 4331 3432 4386 ille
3482 4307 3583 4385 im—

293 4418 421 4471 κης,
455 4404 593 4470 ἐνῆν
616 4405 906 4473 ἡσυχάσαι.
938 4406 1227 4472 Τοιαύταις
1256 4411 1417 4480 ἡμεῖς
1443 4411 1494 4463 οἱ
1523 4411 1626 4464 ὑπὸ
1660 4415 1759 4482 τῆς
1797 4415 1892 4464 εὑ-

290 4493 415 4554 δίας
443 4493 964 4565 ἐκκλυδωνιζόμεθα
985 4498 1285 4566 φροντίσιν.
1327 4502 1386 4552 Ὀ
1419 4502 1528 4572 γάρ
1552 4502 1771 4573 τρόπος,
1794 4505 1894 4556 οὐκ

290 4579 388 4635 οἷδ’
420 4584 579 4643 ὅθεν.
616 4585 745 4654 ὑμῖν
776 4587 1110 4657 παρακύψας
1149 4600 1200 4654 η,
1230 4591 1368 4661 τάχα
1396 4593 1454 4645 δὲ
1486 4595 1552 4647 ἐκ
1593 4597 1694 4665 τῆς
1735 4613 1894 4665 ποιη-

286 4675 460 4743 τικῆς
497 4675 816 4744 ὲντρεχείας
841 4693 855 4707 ·
889 4681 1205 4748 συνεφεῖλκε
1231 4684 1339 4753 γάρ
1369 4685 1521 4754 αὑτῷ
1543 4687 1638 4739 καὶ
1679 4687 1895 4756 στίχους

289 4763 394 4834 τῆς
426 4764 652 4818 ἐκεῖθεν
673 4767 1077 4837 πεποιημένους
1110 4771 1312 4836 ἀδείας,
1343 4773 1532 4844 ὥσπερ
1562 4778 1894 4847 ἐπιγαυρού-

291 4872 465 4921 μενος
490 4855 573 4924 τῷ
618 4856 789 4922 γένει,
822 4860 916 4910 καὶ
957 4861 1268 4927 ἐπιδεικνὺς
1319 4867 1448 4934 ἡμῖν
1478 4867 1540 4921 τὸ
1573 4869 1890 4939 αὐτόνομον.

303 4945 457 4996 Ἀλλ’
493 4943 594 4999 οὑν
629 4941 785 5011 οὗτος
838 4949 992 5002 οὔπω
1022 4955 1134 5016 τοῖς
1167 4956 1554 5027 ἀγροικότερον
1582 4959 1712 5023 ἴσως
1738 4963 1895 5030 ἡμῖν,

285 5038 432 5104 πρὸς
461 5037 540 5090 τά
567 5038 795 5092 τοιαῦτα
831 5040 1056 5110 βιοῦσιν,
1091 5046 1340 5116 οὐδαμῶς
1385 5052 1701 5120 παρρησίαν
1738 5052 1896 5123 ἔσχεν

284 5128 638 5181 ἐπεισιέναι·
671 5132 858 5200 σχῆμα
897 5137 1222 5203 προφάσεως
1265 5140 1582 5211 ὑποτρέχων
1629 5145 1828 5212 μᾶλλον
1859 5147 1892 5216 ἣ

281 5220 487 5274 αἰτίαν
515 5221 654 5292 ἔχων
679 5223 840 5276 πόθεν
867 5227 1206 5295 ἐμφανίζειν.
1235 5232 1345 5284 Καὶ
1375 5233 1529 5289 οὔπω
1556 5234 1718 5304 λέγω,
1745 5237 1822 5300 ὼς
1847 5241 1896 5291 εί

286 5313 395 5380 μὲν
430 5314 463 5364 ὁ
497 5311 708 5382 χειμὼν
740 5315 969 5385 ἀπεῖργε
991 5334 1005 5348 ·
1066 5322 1319 5389 περιττὸν
1367 5325 1396 5375 ὀ
1424 5326 1657 5394 τρόπος·
1713 5331 1764 5382 εί
1792 5329 1837 5381 δ’
1870 5333 1898 5382 ὁ

279 5403 387 5473 τῆς
426 5403 630 5456 ἀνόδου
663 5407 884 5475 τρόπος,
907 5410 1006 5461 οὐκ
1025 5407 1122 5463 οἷδ’
1161 5414 1309 5478 ὅπως
1337 5417 1722 5487 ἀγνοούμενος,
1749 5425 1899 5476 ἐπεῖ-

281 5513 371 5562 χε,
410 5493 784 5564 παρέλκουσα
816 5499 1090 5569 πρόφασις
1120 5505 1153 5573 ἡ
1187 5506 1280 5558 τοῦ
1330 5511 1599 5579 χειμῶνος
1627 5513 1718 5582 βία
1739 5531 1753 5545 ·
1785 5517 1896 5569 οὐδ’

275 5586 365 5640 ὅτι
396 5583 559 5655 μετά
588 5585 789 5649 πολλὰς
817 5589 1051 5660 ἡμέρας,
1081 5594 1176 5646 καὶ
1208 5596 1454 5666 περίοδον
1495 5600 1636 5654 οὕτω
1676 5607 1896 5673 μακρᾶς

1999 4429 2158 4488 pctus
2181 4428 2344 4490 atque
2373 4421 2536 4474 ardor
2565 4421 2634 4475 ad
2665 4436 2970 4489 regressum
2999 4421 3023 4473 ?
3049 4419 3268 4475 Talibus
3305 4436 3406 4475 nos
3437 4421 3583 4474 curis

1996 4521 2053 4565 et
2103 4512 2493 4582 cogitationum
2523 4512 2960 4581 tempestatibus,
3010 4512 3171 4566 etiam
3222 4527 3346 4565 cum
3381 4511 3581 4565 sudum

2001 4613 2140 4668 erat,
2166 4605 2526 4673 jactabamur.
2573 4604 2762 4658 Modus
2791 4605 2960 4667 enim,
2990 4604 3178 4658 nescio
3205 4603 3367 4667 unde,
3396 4617 3456 4656 se
3487 4617 3582 4656 vo-

1999 4693 2086 4748 bis
2112 4710 2213 4763 per
2239 4695 2574 4765 crepidinem
2602 4695 2918 4761 ostentavit,
2954 4694 3200 4750 fortassis
3246 4695 3314 4749 ab
3346 4693 3581 4749 assidui-

2000 4795 2109 4839 tate
2162 4788 2374 4856 poetica
2403 4803 2561 4853 :una
2613 4787 2757 4842 enim
2807 4802 2993 4841 secum
3037 4787 3344 4841 attrahebat
3391 4802 3580 4841 versus

1999 4879 2264 4946 quosdam
2313 4879 2549 4933 licentiae
2586 4879 2732 4948 apud
2760 4889 2949 4948 poetas
2977 4886 3272 4948 usurpatae,
3305 4879 3461 4948 quasi
3487 4895 3580 4948 ge-

1999 4969 2148 5023 neris
2207 4970 2444 5024 elatione
2470 4979 2707 5030 tumens.
2745 4977 2800 5023 et
2838 4969 2997 5024 nobis
3026 4969 3315 5024 ostendere
3368 4970 3579 5036 volens,

2000 5073 2164 5126 quam
2195 5060 2266 5113 sit
2297 5059 2436 5127 juris
2465 5060 2548 5114 sui
2600 5070 2655 5114 et
2710 5060 3015 5128 potestatis.
3045 5060 3432 5115 Verumtamen
3484 5063 3584 5115 iste

2000 5151 2197 5205 modus
2259 5151 2499 5206 nondum
2533 5151 2666 5206 satis
2699 5153 2964 5206 libertatis
3013 5163 3207 5208 nactus
3235 5162 3338 5219 est,
3368 5155 3436 5208 ad
3484 5170 3584 5209 nos

1999 5242 2339 5312 ingrediendi
2369 5245 2481 5313 (qui
2503 5245 2674 5316 magis
2704 5246 2888 5299 rustici
2913 5247 3082 5300 moris
3104 5247 3314 5316 sumus)
3346 5247 3582 5316 speciem

2001 5337 2292 5404 quamdam
2348 5345 2642 5405 prartextus
2678 5338 2862 5406 potius
2899 5338 3142 5403 subiens,
3184 5355 3348 5408 quant
3399 5355 3579 5394 veram

2001 5442 2218 5482 causam
2248 5427 2474 5493 habens,
2508 5430 2655 5483 unde
2687 5429 3092 5484 manifestetur.
3129 5430 3381 5485 Nondum
3417 5431 3578 5496 addo,

1998 5521 2144 5590 quod
2185 5521 2229 5573 si
2258 5521 2539 5590 prohibuit
2572 5523 2764 5588 hiems,
2794 5523 2996 5578 frustra
3016 5533 3098 5578 est
3125 5524 3202 5577 rei
3231 5524 3424 5578 modus
3457 5525 3579 5588 ;sin

2006 5613 2288 5682 ignoratus
2314 5621 2494 5670 autem
2516 5615 2854 5686 regrediendi
2879 5617 3076 5672 modus
3098 5616 3355 5681 inhibuit,
3380 5615 3578 5670 hiemis

1625 5757 1859 5813 VAliI/E
1899 5760 2303 5821 LECTIONES.

353 5859 371 5898 1
420 5859 521 5912 ἵσ.
563 5863 1018 5934 παραπέμψαιμι.

556 5952 825 6014 Parnm.
874 5961 990 6018 Gn.
1034 5959 1159 6020 Cll.

1099 5880 1136 5905 m
1177 5869 1264 5924 ἵετ’.
1299 5869 1664 5939 κωλυμάτων.
1741 5873 1875 5927 ηἵσ.
1920 5876 2227 5949 παρέκυψε.
