4024 6510
464 437 572 499 9θ7

1617 436 1878 498 ΡΗΟΤΙΙ
1919 437 2423 498 PATRIARCH/E
2463 438 2570 498 ΟΡ.

3614 446 3720 508 908

469 551 557 606 illa
589 549 672 604 vis
706 557 998 619 pratextus
1021 560 1108 604 est
1147 561 1517 618 supervacuus
1549 564 1562 599 :
1599 561 1711 602 non
1738 548 1881 617 quod
1927 563 2021 616 pos

2149 547 2508 618 προθεσμίας,
2533 551 2566 619 ἡ
2597 548 2692 603 τοῦ
2730 551 2934 622 τρόπου
2959 552 3196 625 μάθησις
3234 553 3329 607 νῦν
3357 554 3718 626 ἐπιζητείτω.

373 628 381 634 ’
469 642 670 697 multos
713 641 831 696 dies
857 651 910 696 et
937 641 1222 711 periodum
1269 649 1378 694 tam
1424 638 1567 710 longi
1592 639 1854 709 propositi
1898 639 2042 692 modi

468 732 704 803 cognitio
729 731 843 801 jam
879 730 1094 784 tandem
1125 729 1433 799 inquiritur.
1479 729 1586 784 Sed
1620 731 1744 797 hoc,
1786 730 1865 785 uti
1889 731 2042 785 dixe-

467 840 586 880 ram
616 822 810 878 omitto
835 838 852 888 ;
907 836 1030 876 cum
1054 821 1168 891 jam
1196 820 1490 876 cessaverit
1521 821 1713 885 hiems,
1744 831 1799 876 et
1845 821 2042 877 caelum

468 919 664 975 sudum
695 915 838 970 diem
869 913 1096 968 ridendo
1142 913 1476 968 serenaverit
1506 931 1521 979 ;
1562 929 1828 984 nusquam
1861 924 2043 969 tamen

467 1016 746 1078 comparet
800 1006 1029 1072 amicus,
1059 1015 1116 1060 et
1173 1005 1295 1060 ideo
1328 1005 1650 1060 obnubilum
1681 1014 1738 1060 et
1788 1006 2042 1061 tetricum

466 1116 655 1156 rursus
686 1100 806 1170 ejus
837 1098 1046 1153 vultum
1075 1096 1223 1151 facit.
1257 1095 1324 1151 Et
1359 1103 1541 1151 tamen
1573 1098 1619 1153 si
1649 1112 1682 1152 a
1714 1112 1876 1152 scena
1911 1112 2041 1166 pro-

467 1193 708 1265 spexerit
736 1192 1003 1263 apologia,
1026 1199 1082 1246 et
1115 1191 1408 1261 praeclarus
1431 1190 1519 1244 ille
1547 1205 1664 1246 mos
1690 1204 1749 1245 se
1775 1204 1884 1244 una
1914 1203 2040 1244 cum

469 1293 791 1354 tempestate
841 1283 1139 1339 choreuten
1166 1281 1402 1352 prodat;
1448 1280 1583 1335 mihi
1604 1281 1905 1351 jucundum
1932 1288 2037 1342 est,

466 1378 509 1432 si
540 1376 616 1432 sic
647 1377 733 1431 vel
780 1375 834 1429 in
866 1390 1026 1430 scena
1050 1384 1230 1445 agant.
1282 1374 1418 1429 Cum
1459 1375 1607 1430 enim
1645 1383 1791 1429 esset
1851 1373 2038 1444 procul

465 1467 631 1524 dubio
660 1466 827 1530 aliud,
859 1467 1004 1537 quod
1035 1466 1280 1530 doleret,
1312 1475 1367 1521 et
1402 1465 1696 1521 adventum
1719 1473 1901 1536 posset
1940 1464 2039 1519 de-

467 1560 663 1624 tinere,
716 1573 816 1628 per
843 1557 1170 1613 amotionem
1212 1573 1244 1612 a
1282 1557 1476 1628 seipsis
1503 1557 1649 1612 illius
1667 1571 1874 1624 causae,
1899 1555 2036 1610 libe-

464 1649 729 1703 rationem
767 1655 822 1702 et
851 1647 1250 1718 exemptionem
1276 1647 1557 1702 indicavit.
1580 1646 1847 1704 Gaudium
1873 1661 2036 1717 porro

463 1739 698 1809 gaudere
722 1739 994 1793 sincerum
1024 1753 1056 1793 e
1093 1737 1290 1793 litteris
1317 1738 1506 1793 datum
1535 1749 1619 1793 est
1635 1738 1729 1805 iis,
1759 1738 1852 1809 qui
1888 1753 1920 1793 e
1948 1738 2035 1793 lit-

466 1829 597 1884 teris
618 1828 726 1884 tuis
754 1829 1073 1896 resciscunt,
1093 1838 1146 1883 te
1168 1828 1487 1884 meliuscule
1507 1832 1573 1883 de
1597 1829 1787 1884 morbo
1810 1829 2032 1890 habere,

461 1933 493 1972 a
525 1932 634 1987 quo
663 1918 895 1986 Optarim
929 1926 982 1973 te
1034 1919 1274 1989 perfecte
1312 1919 1551 1986 liberari,
1589 1919 1692 1975 sub
1718 1920 2033 1974 conditione
2063 1898 2106 1952 Β

461 2026 533 2066 ne
554 2012 812 2086 deinceps
845 2011 1047 2084 aliquid
1072 2013 1178 2068 tale
1203 2016 1534 2071 committas.

998 2125 1210 2184 EPIST.
1255 2125 1486 2183 XCVIII.

540 2215 829 2286 Niceplzoro
869 2218 1170 2288 philosopho
1217 2219 1632 2274 monachismum
1677 2219 1941 2287 amplexo.

2155 637 2260 690 Ἐῶ
2291 637 2390 708 μὲν
2427 637 2539 703 οὖν,
2568 637 2758 710 ὥσπερ
2785 642 2943 712 ἐφην,
2983 642 3176 698 ταῦτα.
3222 642 3384 697 Ἀλλὰ
3427 643 3537 715 γὰρ
3565 648 3593 698 6
3622 647 3719 716 μὲν

2143 726 2351 797 χειμὼν
2382 728 2602 798 ἠρέμει,
2647 735 2743 783 καὶ
2775 730 3004 801 γαληνὸν
3054 731 3319 802 μειδίαμα
3367 731 3470 805 τὴν
3506 734 3719 806 ἡμέραν

2142 821 2358 888 διεγέλα
2377 837 2391 852 ·
2427 820 2622 891 παρὼν
2645 822 2691 875 δ’
2708 824 2736 876 6
2767 823 2919 892 φίλος
2943 824 3178 894 οὐδαμοῦ
3206 825 3529 896 σκυθρωπὸν
3549 827 3719 896 αὐτῆς

2143 911 2234 964 καὶ
2269 911 2494 979 στυγνὸν
2552 912 2614 964 τὸ
2653 915 2947 984 πρόσωπον
3005 915 3331 970 ὑπεδείκνυο
3375 916 3517 987 πλὴν
3545 918 3594 970 εί
3628 923 3719 972 καὶ

2144 1001 2348 1070 σκηνῆς
2378 1001 2722 1071 προέκυπτεν
2754 1007 2787 1074 ἡ
2812 1004 3098 1073 ἀπολογία,
3122 1008 3217 1059 καὶ
3250 1009 3279 1060 ὁ
3319 1007 3486 1070 καλὸς
3517 1008 3718 1077 τρόπος

2144 1090 2507 1162 συγχορευτὴν
2526 1091 2719 1146 ἐαυτὸν
2739 1093 2975 1146 ὑπέὸαλε
2994 1095 3088 1147 τοῦ
3113 1093 3384 1165 χειμῶνος
3405 1111 3422 1126 ·
3447 1094 3562 1150 ἀλλ’
3585 1097 3718 1166 ἡμῖν

2140 1199 2207 1251 γε
2242 1185 2336 1236 καὶ
2364 1183 2506 1237 οὕτω
2533 1185 2709 1255 χαρὰν
2763 1185 3071 1258 ἐπέστησαν
3127 1189 3432 1259 θεατρίσαι.
3493 1189 3718 1254 Πάντως

2140 1274 2250 1345 γάρ
2297 1275 2458 1328 ἄλλου
2491 1275 2960 1346 παραλυποῦντος,
2989 1280 3083 1331 καὶ
3114 1279 3345 1332 κωλύειν
3395 1280 3470 1344 ῶς
3503 1280 3719 1353 άληθῶς

2139 1367 2237 1439 τὴν
2260 1369 2442 1438 ἄφιξιν
2472 1371 2770 1441 δυναμένου
2795 1373 2860 1442 τῇ
2883 1371 3003 1424 καθ’
3032 1371 3242 1426 ἑαυτῶν
3268 1373 3597 1443 μεταστάσει
3620 1375 3718 1444 τῆς

2140 1460 2338 1527 αἰτίας,
2389 1461 2711 1532 ἀπαλλαγὴν
2759 1463 2965 1533 ἐμήνυε
3018 1463 3112 1518 καὶ
3151 1463 3494 1535 ἐλευθερίαν·
3540 1465 3717 1538 χαρὰν

2141 1552 2325 1622 μέντοι
2349 1570 2413 1622 γε
2448 1554 2689 1624 καθαρὰν
2713 1554 2883 1608 ἐδίδου
2912 1556 3148 1627 χαίρειν,
3179 1557 3244 1609 ἐκ
3267 1557 3362 1609 τοῦ
3387 1557 3719 1628 γράμματος

2141 1643 2374 1713 μαθοῦσι
2402 1645 2463 1698 τὸ
2495 1645 2624 1716 ῥᾷόν
2656 1663 2716 1699 σε
2759 1645 2870 1698 τῶν
2901 1649 3224 1716 νοσημάτων
3274 1649 3441 1718 ἐχειν,
3475 1655 3568 1702 καὶ
3598 1651 3718 1719 είης

2137 1737 2269 1805 ἡμῖν
2301 1735 2440 1805 μετὰ
2463 1734 2556 1789 τοῦ
2593 1735 2760 1807 μηδὲν
2789 1735 2871 1790 ἐτι
2922 1736 3166 1791 τοιοῦτον
3213 1737 3603 1810 διαμαρτάνειν
3636 1740 3718 1802 είς

2136 1825 2196 1878 τὸ
2228 1824 2437 1878 τέλειον
2455 1825 2900 1896 ἀπηλλαγμένος.

2726 2122 2948 2175 eum.
2981 2124 3100 2191 ur.

2416 2213 2731 2283 Νικηφόρῳ
2758 2215 3076 2284 φιλοσόφῳ
3101 2215 3438 2286 μονάζοντι.

1685 2337 1949 2386 Montacut.
1972 2336 2076 2400 (ep.
2097 2333 2209 2395 242,
2232 2346 2282 2396 p.
2304 2331 2439 2395 365).

525 2439 760 2495 Pavidus
802 2453 886 2496 e5t
922 2439 996 2496 ad
1028 2440 1321 2495 amicitiam
1358 2441 1834 2506 contrahendum;
1887 2441 2032 2494 timi-

454 2533 573 2587 dior
619 2547 746 2603 erga
778 2547 953 2587 meam
1005 2533 1438 2604 dispositionem.
1476 2531 1557 2586 Tu
1595 2543 1778 2586 autem
1807 2532 1930 2587 vide
1976 2531 2032 2586 in

451 2632 714 2695 quantum
746 2640 846 2696 ego
897 2625 992 2679 tibi
1025 2625 1260 2693 conﬁdo,
1292 2640 1416 2680 cum
1446 2640 1550 2680 nec
1578 2624 1892 2696 pavescenti
1932 2640 2031 2694 pe-

449 2717 741 2788 percerim,
774 2717 868 2772 sed
897 2716 1126 2771 ulterius
1159 2717 1339 2772 adhuc
1360 2724 1417 2772 et
1447 2717 1586 2772 alius
1608 2717 1914 2772 timiditatis
1941 2731 2030 2772 se-

433 2807 600 2862 :miua
646 2808 891 2878 jaciam;
942 2807 997 2860 in
1066 2822 1174 2878 quo
1223 2807 1568 2863 timiditatem
1635 2807 2029 2878 reprehendam

435 2908 505 2955 ‘et
539 2899 810 2969 exagitem
843 2916 856 2951 :
894 2898 989 2953 sed
1022 2908 1078 2953 tu
1118 2897 1346 2953 viriliter
1385 2913 1504 2968 age,
1544 2898 1683 2963 vale,
1715 2906 1771 2952 et
1794 2913 1882 2952 me
1903 2912 2028 2952 eum

447 3006 568 3046 esse
619 2989 880 3060 intellige,
928 3005 1090 3059 quem
1133 2981 1248 3043 ‘non
1301 2989 1598 3044 existimas.
1659 2987 1797 3044 Cum
1844 2997 2024 3044 tamen

440 3097 688 3154 praesens
727 3082 832 3138 hoc
881 3091 1091 3153 tempus
1131 3097 1239 3136 non
1280 3081 1378 3136 tibi
1417 3081 1665 3148 sufﬁciat,
1697 3091 1758 3136 ut
1801 3081 1855 3136 in
1895 3082 2029 3152 opi-

445 3176 609 3230 nione
639 3174 996 3240 confirmeris,
1021 3190 1183 3245 quam
1215 3175 1305 3244 qui
1335 3175 1528 3240 aderit,
1557 3174 1765 3245 aperiet
1799 3175 1881 3246 (ut
1902 3190 2025 3230 cum

2208 2438 2393 2502 Δειλδς
2432 2438 2531 2509 μὲν
2554 2440 2635 2502 είς
2656 2436 2756 2509 τὴν
2785 2437 2988 2508 φιλίαν,
3016 2438 3316 2513 δειλότερος
3341 2441 3399 2494 δέ
3455 2425 3586 2514 περῖ
3613 2442 3713 2514 τὴν

2133 2530 2410 2601 ἡμετέραν
2436 2528 2694 2583 διάθεσιν.
2734 2528 2876 2582 Ἀλλ’
2903 2529 3005 2598 δρα
3055 2532 3203 2602 ἡμᾶς
3232 2534 3314 2595 είς
3348 2533 3473 2586 ὅσον
3514 2550 3595 2587 σοι
3623 2551 3713 2588 τε-

2134 2621 2514 2692 θαρῤήκαμεν,
2543 2620 2625 2674 ὅτι
2659 2621 2756 2673 καὶ
2775 2618 3082 2684 δειλιῶντος
3119 2622 3180 2674 οὐ
3229 2621 3549 2693 φειδόμεθα,
3595 2623 3710 2678 ἀλλ’

2131 2711 2326 2783 ἐτέρας
2346 2711 2508 2764 πάλιν
2528 2710 2730 2774 δειλίας
2763 2710 2890 2775 ἴσως
2915 2713 3365 2785 καταϐαλλόμεθα
3395 2714 3708 2787 σπέρματα,

2129 2804 2192 2858 τὺ
2220 2803 2392 2858 δειλὸν
2427 2804 2791 2874 ἐπιτιμῶντες
2813 2804 2908 2859 καὶ
2939 2805 3372 2872 ἐξονειδίζοντες.
3437 2808 3578 2862 Ἀλλ’
3613 2811 3709 2863 ἀν-

2129 2896 2313 2967 δρίζου
2345 2898 2439 2951 καὶ
2470 2896 2682 2969 ἔρρωσο
2708 2897 2802 2950 καὶ
2823 2897 3060 2967 γίνωσκε
3081 2900 3230 2970 ἡμᾶς
3259 2900 3358 2971 οὐχ
3386 2900 3533 2965 οἴους
3558 2901 3680 2972 νομί
3691 2931 3706 2943 ο

2131 2988 2246 3055 ζεις
2266 3005 2280 3019 ’
2309 2989 2425 3046 ἀλλ’
2449 2991 2572 3043 ἐπεὶ⁵
2596 2993 2624 3044 6
2643 2989 2834 3060 παρὼν
2857 2991 3048 3062 καιρὸς
3065 2992 3168 3045 οὐκ
3193 2993 3451 3063 ἀποχρῶν
3478 2993 3596 3047 ἐστί
3623 3011 3706 3047 σοι

2134 3082 2271 3153 πρὸς
2294 3081 2586 3152 βεϐαίωσιν
2609 3082 2752 3146 οἴους
2774 3085 2802 3136 ό
2840 3083 3123 3154 προσέχων
3148 3084 3269 3154 (σὺν
3299 3083 3418 3156 Θεῷ
3443 3084 3502 3138 δέ
3523 3085 3708 3154 φάναι)

2131 3175 2297 3240 δείξει
2322 3173 2421 3247 τὴν
2457 3175 2557 3246 σὴν
2582 3174 2784 3229 δειλίαν
2817 3173 2999 3246 ἔργοις
3051 3175 3406 3246 ἐλέγχοντας·
3453 3175 3517 3229 τὸ
3543 3175 3600 3229 δὲ
3631 3177 3710 3241 είς

437 3269 589 3324 bono
621 3269 731 3323 Deo
755 3268 977 3334 dicam),
1008 3282 1130 3322 cum
1157 3266 1496 3322 timiditatem
1529 3276 1676 3322 tuam
1705 3283 1764 3322 re
1792 3276 1848 3322 et
1869 3283 2028 3338 opere

2132 3266 2233 3337 τὴν
2261 3267 2517 3338 μάρτυρα
2553 3265 2655 3334 τῆς
2688 3265 2844 3334 ὑμῶν
2894 3266 3124 3335 εὐφυΐας
3165 3265 3534 3338 φιλοπόνημα,
3568 3271 3710 3321 κατά

443 3362 774 3433 redarguet:
824 3360 919 3416 sed
946 3360 1261 3430 diligentem
1299 3375 1520 3430 operam
1561 3375 1591 3415 a
1632 3368 1686 3415 te
1720 3360 2025 3431 impensam

442 3453 501 3508 in
523 3462 765 3508 sanctam
800 3462 1093 3522 martyrem
1125 3451 1416 3517 laudando,
1444 3467 1569 3506 cum
1593 3467 1695 3522 pro
1724 3460 1816 3507 tua
1846 3452 2025 3519 digni-

442 3553 556 3600 tate
577 3558 1022 3616 percenseamus,
1055 3541 1284 3596 seminis
1328 3540 1553 3597 Asiatici
1578 3557 1800 3613 germen
1830 3543 2024 3614 genui-

440 3652 575 3692 num
627 3635 1084 3706 apprehendimus
1138 3634 1220 3706 (ut
1255 3632 1308 3688 id
1349 3633 1423 3688 ita
1484 3648 1763 3704 usurpem,
1819 3633 2024 3704 absque

441 3729 720 3784 Musarum
747 3727 988 3783 nominis
1025 3725 1400 3798 usurpatione,
1431 3735 1486 3781 et
1510 3725 1628 3797 ipse
1659 3733 1836 3782 tecum
1869 3725 2026 3782 Asia-

439 3819 551 3873 tico
583 3833 736 3874 more
791 3826 1002 3889 agens).
1033 3817 1227 3872 Errata
1282 3813 1648 3882 nulla'video,
1681 3816 1786 3872 nisi
1837 3816 2024 3872 forsan

439 3907 499 3962 in
527 3907 740 3980 syntaxi
764 3924 780 3972 ;
804 3907 948 3978 quod
976 3915 1030 3962 et
1062 3907 1238 3978 ipsum
1276 3908 1550 3964 rarissime
1578 3909 1838 3964 indicavi.
1869 3909 2023 3977 Quod

439 3998 488 4053 si
532 3999 600 4054 ad
634 3999 901 4054 sermonis
950 3999 1349 4070 verborumque
1403 3999 1865 4071 pulchritudinem
1918 4001 2022 4057 hoc

2128 3360 2229 3430 τὴν
2261 3359 2360 3430 σὴν
2389 3359 2613 3424 ἀξίωσιν
2640 3358 2979 3423 ἐπελθόντες,
3011 3358 3112 3430 τῆς
3137 3359 3238 3429 μὲν
3283 3361 3537 3433 Ἀσιανῆς
3580 3378 3710 3415 σπο-

2134 3453 2234 3524 ρᾶς
2253 3452 2350 3521 (ὡς
2374 3452 2439 3505 ἄν
2467 3467 2556 3514 τις
2581 3450 2728 3503 εἴποι
2759 3450 2894 3520 μηδέ
2922 3449 3004 3521 τῷ
3037 3451 3270 3506 Μουσῶν
3308 3451 3533 3523 ὀνόματι
3568 3452 3707 3524 χρώ-

2131 3560 2316 3614 μενος,
2333 3542 2449 3613 ἃμα
2464 3543 2522 3596 δὲ
2543 3544 2637 3597 καὶ
2660 3540 2974 3608 ἀσιανίζων)
2992 3543 3222 3614 γνησίαν
3253 3544 3418 3616 γονὴν
3448 3546 3702 3616 κατειλή-

2128 3650 2312 3704 φαμεν
2335 3651 2350 3667 ο
2384 3634 2718 3705 σφαλμάτων
2763 3634 2820 3688 δὲ
2870 3635 3044 3700 οὐδὲν,
3094 3634 3236 3706 πλὴν
3285 3637 3440 3689 είπου
3486 3653 3540 3691 τι
3578 3639 3703 3708 περὶ

2129 3725 2382 3792 σύνταξιν
2405 3742 2420 3757 ·
2453 3725 2546 3780 καὶ
2574 3726 2734 3780 τοῦτο
2763 3727 2994 3780 σπάνιον
3031 3727 3523 3798 ἐπεσημηνάμεθα.
3561 3729 3624 3783 Ei
3647 3728 3700 3782 δέ

2125 3837 2177 3873 τι
2199 3819 2336 3892 πρὸς
2363 3818 2464 3891 τὴν
2491 3819 2659 3892 ἄλλην
2686 3819 2947 3890 καλλονὴν
2970 3819 3083 3874 τῶν
3125 3821 3406 3892 ῥημάτων,
3449 3821 3615 3877 καλὸν
3643 3819 3695 3873 ὃν

2125 3914 2276 3984 ὅμως
2309 3913 2559 3984 ὑστερεῖν
2596 3913 2794 3979 ἐδόκει,
2830 3914 2928 3967 καὶ
2957 3913 3116 3967 τοῦτο
3147 3915 3286 3985 πρὸς
3331 3914 3432 3984 τὴν
3467 3913 3697 3984 συγγενῆ

2134 4003 2348 4075 μορφὴν
2370 4005 2432 4057 τὸ
2468 4004 2627 4073 λόγου
2650 4004 2848 4068 κάλλος
2884 4004 3294 4075 μεθηρμόσατο.

439 4107 611 4146 ιιηιιω
643 4091 802 4146 laude
847 4091 1073 4164 dignum
1108 4090 1354 4145 videatur
1375 4090 1590 4158 deesse,
1621 4099 1806 4148 tamen
1863 4098 1920 4147 et
1968 4093 2048 4149 sic
2086 4095 2152 4151 ad
2185 4112 2544 4170 congenerem
2585 4097 2654 4153 de
2701 4106 2899 4153 caetero
2969 4096 3435 4168 pulchritudinem
3479 4097 3698 4152 univer-

429 4197 555 4240 sam
575 4183 758 4254 operis
776 4181 1246 4254 pulchritudinem
1283 4183 1578 4252 copulavit.

1001 4286 1222 4344 EPIST.
1267 4288 1453 4345 XCIX.

1123 4377 1329 4433 Eidem.

2725 4290 2950 4346 eum.
2993 4292 3110 4360 ιιθο.

2770 4377 2854 4445 Τῷ
2887 4379 3069 4446 αὐτῷ.

1658 4489 1925 4540 Montacut.
1953 4489 2058 4553 (ep.
2083 4490 2192 4550 945,
2215 4489 2425 4553 μῖὄϐδ).

495 4589 974 4658 Quemadmodum
1047 4587 1548 4659 pusillanimitatem
1610 4597 1758 4644 tuam
1815 4605 2014 4660 negare
2049 4593 2094 4648 D

431 4698 545 4738 non
596 4692 771 4752 potes,
799 4682 876 4738 ita
907 4681 1103 4752 nequis
1126 4679 1355 4735 inficiari
1385 4697 1473 4736 me
1518 4683 1659 4736 bene
1687 4681 1821 4736 satis
1849 4681 1918 4736 de
1963 4689 2016 4735 te

433 4791 778 4844 persuasum,
808 4787 1100 4848 antequam
1139 4791 1364 4833 suavem
1391 4775 1532 4831 hanc
1563 4775 1850 4846 epistolam
1878 4775 2015 4828 mis-

432 4869 669 4923 sitares:
727 4869 908 4939 passio
942 4869 1060 4939 ipsa
1091 4868 1164 4924 ita
1187 4876 1272 4924 est
1303 4868 1608 4932 manifesta,
1638 4875 1697 4921 ut
1742 4867 2014 4922 volentem

429 4958 863 5014 animadvertere
894 4960 1066 5014 latere
1097 4976 1209 5015 non
1240 4960 1436 5030 possit.
1484 4960 1555 5014 At
1581 4957 1857 5028 quomodo
1893 4956 2012 5011 fieri

431 5048 606 5116 possit
658 5057 722 5103 ut
777 5048 833 5103 in
885 5050 1125 5105 amicitia
1182 5050 1410 5105 colenda
1461 5047 1900 5119 pusillanimitas,
1953 5049 2010 5102 in

430 5149 716 5210 utramque
737 5149 970 5211 partem,
999 5157 1198 5213 nempe
1236 5141 1472 5198 fortuna:
1499 5141 1763 5207 adversae,
1799 5153 1855 5196 et
1880 5157 2010 5197 san-

427 5240 528 5286 cta:
559 5231 880 5286 imitationis
904 5233 1095 5288 refern
1121 5235 1317 5305 possit,
1349 5233 1679 5303 coniecturis
1705 5233 1884 5288 adhuc
1921 5248 2011 5288 as—

422 5322 582 5390 sequi
608 5337 842 5392 nequeo.
897 5322 1157 5381 Miserum
1213 5341 1302 5381 me
1336 5325 1532 5391 fateor,
1570 5326 1826 5396 quocirca
1860 5325 2009 5379 timi-

427 5412 548 5468 dior
609 5413 668 5467 in
729 5413 968 5468 amicitia
1012 5432 1027 5482 ;
1081 5416 1178 5471 sed
1220 5417 1414 5472 eodem
1464 5417 1625 5472 modo
1672 5417 1902 5472 afﬁcitur
1957 5425 2014 5472 et

425 5515 740 5560 sanctorum
783 5506 1020 5562 cohors:
1063 5523 1095 5561 a
1123 5507 1569 5577 pusillanimitate
1599 5525 1706 5564 non
1747 5509 2011 5564 distillant

425 5595 680 5660 dulcedo,
714 5595 800 5650 vel
833 5597 1101 5668 voluptas,
1143 5614 1247 5654 nec
1280 5598 1502 5668 aliquid,
1534 5601 1680 5670 quod
1727 5616 1824 5670 per
1851 5615 2006 5654 suam

424 5696 677 5742 naturam
705 5687 942 5744 oblectat
970 5705 1065 5760 per
1109 5690 1638 5760 inconsequentiam,
1675 5693 1855 5746 minus
1884 5708 2009 5762 gra-

424 5781 512 5834 tiae
541 5781 703 5836 habet
730 5799 746 5837 :
777 5782 821 5836 si
843 5783 989 5838 enim
1034 5783 1260 5838 adversa
1309 5799 1433 5838 cum
1469 5785 1687 5840 fortuna
1739 5785 2004 5856 confligis,

425 5882 640 5927 sanctos
696 5889 804 5928 non
844 5877 1047 5944 poteris
1095 5876 1316 5930 imitari.
1348 5873 1414 5930 At
1440 5877 1484 5931 si
1523 5877 1808 5946 inquibus
1854 5879 2003 5932 timi-

2202 4593 2294 4655 Ὠς
2325 4590 2424 4661 μὲν
2453 4589 2555 4642 οὐκ
2583 4587 2730 4659 ἔχεις
2756 4586 3105 4660 ἐξαρνεῖσθαι
3124 4586 3224 4658 τὴν
3255 4586 3481 4655 δειλίαν,
3504 4589 3614 4644 οὐδ’
3634 4588 3706 4644 ἃν

2120 4683 2417 4754 ἀρνηθείης
2441 4680 2537 4734 καὶ
2567 4682 2676 4751 πρὸ
2706 4679 2910 4750 ταύτης
2947 4697 3042 4733 σου
3061 4680 3162 4751 τῆς
3195 4680 3455 4748 γλυκείας
3485 4682 3700 4734 ἐπιστο-

2118 4775 2217 4846 λῆς
2247 4774 2434 4844 σαφῶς
2461 4774 2829 4843 ἐπεπείσμην.
2863 4770 2971 4826 Τοῦ
3001 4766 3210 4836 πάθους
3233 4772 3342 4844 γὰρ
3381 4772 3444 4825 τὸ
3471 4789 3702 4844 περιφα-

2117 4869 2226 4932 νὲς,
2273 4867 2397 4921 οὐδὲ
2456 4867 2640 4921 λαθεῖν
2689 4864 2991 4936 δυνηθῆναι
3039 4867 3317 4938 συγχωρεῖ
3362 4864 3692 4936 βουληθέντι.

2119 4963 2308 5024 ’Ὅπως
2337 4960 2395 5014 δέ
2426 4976 2485 5012 σε
2507 4958 2568 5012 τὸ
2599 4957 2730 5028 περὶ
2751 4957 2851 5028 τὴν
2873 4956 3056 5026 φιλίαν
3083 4957 3278 5020 δειλὸν,
3313 4956 3428 5026 ἅμα
3469 4955 3568 5027 μὲν
3609 4955 3690 5018 είς

2115 5050 2549 5121 δυστυχημάτων
2595 5045 2822 5119 ’κλῆρον,
2877 5047 2996 5118 ἅμα
3042 5048 3098 5102 δὲ
3145 5051 3226 5110 είς
3257 5050 3422 5116 ἁγίαν
3465 5047 3696 5120 μίμησιν

2117 5135 2403 5212 ἀναφέρει,
2429 5139 2589 5194 τοῦτο
2616 5139 2917 5210 συμϐαλεῖν
2944 5140 3130 5193 οὐκέτι
3153 5140 3380 5204 δυνατὸς
3406 5140 3695 5212 ἐγενόμην.

2117 5235 2278 5306 οἴμοι
2325 5231 2595 5303 δυστυχὴς
2653 5231 2786 5301 ἐγὼ,
2814 5231 2896 5285 διὸ
2941 5232 3038 5284 καὶ
3069 5234 3202 5304 περὶ
3250 5233 3435 5302 φιλίαν
3490 5232 3699 5294 δειλός·

2115 5326 2255 5382 ἀλλὰ
2279 5327 2376 5379 καὶ
2393 5324 2502 5378 τῶν
2523 5324 2694 5393 ἁγίων
2721 5325 2943 5393 σύμπας
2985 5325 3014 5377 6
3053 5323 3234 5394 χορὸς,
3269 5323 3366 5376 καὶ
3409 5321 3585 5376 δειλία
3613 5322 3702 5392 ἄρ’

2114 5423 2178 5473 οὐ
2213 5417 2443 5487 γλυκεῖα
2465 5414 2643 5468 ταῦτα
2670 5414 2865 5486 ἡδονῆς
2915 5412 3104 5476 στάζει
3129 5455 3144 5480 ,
3191 5413 3285 5467 καὶ
3319 5411 3568 5476 οὐδενὸς,
3602 5411 3701 5463 ὅσα

2114 5513 2325 5582 πέφυκε
2356 5509 2436 5581 τῷ
2466 5506 2818 5578 ἀνακολούθῳ
2847 5505 3092 5577 τέρπειν,
3134 5507 3218 5568 εἰς
3264 5504 3425 5573 χάριν
3468 5502 3696 5556 ἐλάττω.

2113 5607 2176 5659 Εἰ
2204 5605 2303 5676 μὲν
2330 5605 2441 5674 γὰρ
2469 5603 2775 5670 δυστυχεῖς,
2814 5599 2980 5653 πόθεν
3013 5615 3097 5651 σοι
3126 5597 3236 5650 τῶν
3261 5596 3432 5665 ἁγίων
3463 5595 3497 5665 ἡ
3525 5594 3697 5664 μίμη-

2114 5716 2232 5765 σις;
2267 5699 2331 5752 Εἰ
2357 5697 2402 5750 δ’
2425 5697 2510 5763 ἐφ’
2541 5689 2624 5758 οἷς
2652 5694 2856 5762 δειλιᾷς
2887 5692 2984 5744 καὶ
3014 5691 3262 5763 τρέμεις,
3310 5688 3486 5757 ἁγίων
3520 5703 3580 5739 σε
3607 5702 3695 5754 χο-

2115 5786 2206 5856 ρὸς
2232 5784 2367 5854 ἔχει,
2403 5779 2508 5834 ποῦ
2539 5798 2635 5834 σου
2663 5781 2732 5834 τὰ
2771 5782 2830 5832 ἐν
2852 5781 2966 5833 ἔθει
3003 5779 3436 5849 δυστυχήματας
3487 5777 3597 5830 Καὶ
3644 5776 3690 5827 εἰ

2110 5875 2270 5929 τοῦτο
2299 5870 2715 5940 δυστυχήματος
2735 5909 2750 5934 ,
2780 5870 2833 5923 τί
2878 5870 2943 5924 ἂν
2978 5872 3065 5940 εἴη
3093 5871 3155 5923 τὸ
3185 5868 3509 5938 εὐτύχημας
3544 5863 3688 5919 Hatﬁ-
