4024 6444
390 327 495 390 909

1549 337 1671 397 EPI
1679 331 2020 397 STOLARU
2028 330 2085 390 M
2131 332 2362 392 LIBER
2397 335 2483 395 II.

3545 327 3654 393 910

382 437 499 506 λος,
530 443 716 513 φησὶν,
748 446 776 497 ὁ
806 445 1008 517 πτηνὸς
1056 448 1150 500 καὶ
1188 450 1482 520 μετάρσιος
1514 453 1798 523 ἄνθρωπος
1820 467 1835 481 ’
1876 452 1951 506 Πέ

2084 450 2203 505 dior
2260 450 2528 521 trepidas,
2580 462 2889 505 sanctorum
2935 464 3255 504 accenseare
3311 448 3521 513 choris,
3558 449 3652 503 ubi

382 548 511 603 τρος
537 533 622 601 ἐφ’
644 526 689 601 ᾧ
717 535 783 586 τά
806 536 905 605 τῆς
928 536 1167 602 πίστεως
1202 543 1380 594 κεῖται
1430 543 1656 612 θεμέλια
1677 559 1691 574 ’
1720 544 1830 597 τῶν
1871 545 1967 600 ἄλ-

383 622 493 675 λων
526 624 780 677 ἀπάντων
807 626 976 693 ἁγίων
1028 630 1061 697 ἡ
1094 628 1302 698 πληθὺς
1358 632 1710 702 παράδειγμά
1745 652 1834 702 μοι
1870 635 1969 702 τῆς

382 713 587 776 δειλίας
626 715 1051 788 καθεστήκασιν.
1091 716 1251 773 Ἀλλά
1297 723 1399 791 φεῦ
1434 724 1543 777 τῶν
1570 726 1717 793 ἐμῶν
1757 728 1965 790 κακῶν,

382 804 674 868 τοσούτους
708 806 848 876 ἔχων
904 810 1195 872 είκονίζειν
1248 814 1327 874 εἰς
1382 814 1507 866 ὅσον
1563 814 1835 886 δυστυχῶ.
1868 817 1967 869 Διά

380 898 545 951 τοῦτο
570 900 679 971 γὰρ
723 901 818 953 καὶ
843 905 972 974 περί
1009 898 1085 959 ὧν
1110 907 1211 958 οὐκ
1242 906 1422 961 ἴσασιν
1457 908 1609 963 ἄλλοι
1631 909 1728 980 τὴν
1763 910 1965 964 δειλίαν

380 996 495 1063 ἐγὼ
516 998 718 1051 δειλιῶ.
744 996 872 1071 Ἆρ’
902 1005 955 1055 εῖ
980 1021 1065 1067 τις
1091 1004 1340 1074 γρίφους,
1364 1006 1397 1076 ἢ
1419 1006 1488 1058 τὰ
1524 1007 1761 1076 Σφιγγὸς
1786 1009 1963 1077 αἰνίγ-

382 1106 535 1157 ματα
557 1092 670 1159 βίον
697 1086 843 1161 εῖχεν
875 1095 1252 1164 ἐκμιμεῖσθαι,
1286 1098 1507 1165 ἄμεινον
1535 1098 1603 1151 ἂν
1621 1138 1635 1162 ,
1671 1098 1705 1169 ἢ
1733 1101 1761 1152 ὁ
1794 1098 1964 1153 ταῦτα

376 1174 555 1247 λέγων
585 1182 872 1252 ἀπηλλάγη
902 1186 1001 1255 τῆς
1052 1187 1366 1251 ἐπιδείξεως
1400 1205 1414 1255 ;
1451 1188 1679 1252 Παῦλον,
1712 1184 1757 1243 ὦ
1793 1190 1962 1259 βέλτι-

380 1284 496 1336 στε,
522 1273 616 1325 καὶ
652 1275 778 1337 τοὺς
825 1278 946 1329 κατ’
985 1277 1169 1339 αὐτὸν,
1203 1278 1230 1330 ὁ
1256 1279 1399 1350 ἱερὸς
1439 1281 1630 1348 φόϐος,
1659 1282 1718 1344 ὃς
1761 1283 1963 1352 ἀρετῆς

378 1359 605 1432 ἁπάσης
631 1406 645 1429 ,
683 1365 758 1428 ὼς
791 1367 888 1419 καὶ
921 1369 1282 1438 συγγράφεις,
1346 1372 1552 1441 κρηπὶς
1599 1371 1959 1443 ὑπεϐἐϐλητο,

377 1456 459 1513 εἰς
482 1456 608 1511 τοὺς
632 1458 1037 1527 ἁμαραντίνους
1072 1460 1275 1528 ἀπάγει
1303 1463 1601 1530 στεφάνους
1623 1480 1638 1492 ·
1663 1464 1726 1515 σὺ
1748 1463 1826 1527 δὲ,
1862 1465 1961 1518 οὐκ

376 1545 496 1599 οἶδα
526 1549 581 1601 δὲ
611 1550 781 1612 ὅπως,
820 1551 895 1613 ὡς
926 1552 1024 1621 μὲν
1042 1552 1254 1617 Παῦλος
1285 1554 1448 1624 φοϐῇ,
1468 1555 1543 1618 ὼς
1560 1555 1603 1607 δ’
1646 1556 1957 1620 Ὀδυσσεὺς,

374 1638 415 1708 ἦ
450 1639 610 1700 εἴτις
642 1641 798 1704 ἄλλος
826 1641 1274 1715 δυστυχέστερος,
1298 1646 1377 1707 εἰς
1422 1642 1485 1699 τά
1532 1646 1736 1716 συνήθη
1762 1646 1958 1699 δυστυ-

374 1730 603 1800 χήματα
624 1732 716 1784 τὸν
744 1735 906 1801 φόϐον
928 1735 1209 1799 ἀνάπτεις.
1242 1737 1351 1789 Καὶ
1377 1737 1493 1790 δέον
1532 1736 1630 1807 μέν
1674 1739 1747 1808 μὴ
1781 1739 1960 1809 παρά-

374 1820 580 1890 δειγμα
602 1824 846 1891 νομίζειν
870 1826 958 1878 τὸν
986 1827 1129 1880 θεῖον
1166 1829 1376 1881 Παῦλον
1400 1828 1500 1898 τῆς
1537 1830 1791 1900 τοιαύτης
1812 1830 1956 1884 διδα-

376 1909 609 1974 σκαλίας
653 1914 927 1983 νομίζειςο
979 1917 1096 1972 δέον
1129 1918 1206 1984 δὲ,
1260 1916 1417 1989 εἴπερ
1447 1921 1656 1974 ἐκείνου
1713 1923 1956 1993 μιμητὴς

372 1999 539 2072 ἦσθα,
574 2005 811 2075 χαίρειν,
862 2009 957 2060 καὶ
988 2010 1125 2078 πρὸς
1148 2012 1274 2073 τοὺς
1307 2012 1603 2080 στεφάνους
1628 2013 1955 2083 ἐπιστρέφε-

374 2096 767 2168 σθαι,θρηνεῖς
818 2102 911 2151 καὶ
936 2100 1101 2173 ὀδύρῃ
1146 2102 1246 2172 τὴν
1295 2102 1605 2174 δυστυχίαν.
1664 2105 1844 2158 Δειλία
1894 2123 1954 2159 σε

378 2189 599 2258 στροϐεῖ
618 2192 1020 2261 προσλαϐοῦσα,
1049 2194 1113 2245 Τί
1143 2211 1222 2247 σοι
1243 2197 1334 2247 καὶ
1352 2196 1549 2266 Παύλῳ
1574 2198 1783 2264 κοινόν;
1816 2198 1956 2269 μέμ-

380 2300 483 2351 φου
515 2284 740 2337 σεαυτόν
761 2301 776 2315 ·
810 2285 1032 2357 ἕκστηθι
1067 2287 1159 2339 τοῦ
1201 2289 1406 2352 πάθους
1432 2306 1445 2319 ·
1473 2289 1608 2343 ἀλλὰ
1637 2291 1845 2355 Παῦλός
1872 2309 1955 2344 σοι

374 2370 700 2437 διδάσκαλος
724 2375 949 2447 ταύτης.
984 2378 1157 2448 Χαῖρε
1208 2381 1274 2449 τῇ
1318 2380 1580 2450 μιμήσει,
1615 2380 1723 2434 τῶν
1775 2380 1953 2435 ἄθλων

374 2466 711 2535 εὐφραίνουο
747 2469 882 2523 ἀλλά
940 2470 1015 2540 μὴ
1060 2472 1423 2538 ἁκκιζόμενος
1471 2472 1566 2525 κα)⁴
1612 2473 1954 2542 ὑποκορίζων

372 2557 475 2628 τὴν
501 2557 816 2629 δυστυχίαν,
849 2561 1027 2632 φύρῃς
1076 2562 1254 2615 πάντα
1296 2563 1391 2616 καὶ
1442 2563 1710 2634 συγχέῃςο
1754 2564 1846 2617 καὶ
1886 2562 1951 2636 τῇ

369 2650 485 2706 τῶν
511 2651 773 2721 ῥημάτων
798 2653 1073 2724 κοινωνίᾳ,
1091 2654 1160 2706 τὰ
1182 2654 1432 2708 πλεῖστον
1460 2656 1707 2727 ἀλλήλων
1729 2655 1953 2709 διεστῶ-

369 2762 446 2799 τα
475 2746 555 2808 εἰς
580 2747 680 2817 τὴν
704 2746 875 2817 αὐτὴν
896 2747 1057 2816 φύσιν
1080 2748 1243 2821 βιάζῃ
1267 2751 1560 2803 συνάπτειν
1591 2768 1605 2783 ο
1628 2752 1703 2813 ὡς
1735 2751 1801 2803 ἂν
1823 2751 1956 2805 καλ-

368 2836 671 2900 λωπίζοιτό
732 2856 849 2905 σου,
907 2840 1001 2892 καὶ
1058 2842 1471 2910 εὐπρόσωποςή
1501 2841 1675 2897 δειλία
1705 2843 1852 2915 δόξῃ.
1889 2843 1951 2895 Τί

367 2929 486 2999 γάρ
514 2929 626 2997 ἔχει
662 2930 840 2982 κοινὸν
874 2932 1038 2999 φόϐος
1070 2931 1271 2995 ἔνθεος,
1305 2934 1398 2985 καὶ
1436 2934 1607 2986 δειλία
1655 2935 1953 3006 ὑϐρίζουσα

367 3020 454 3083 είς
490 3019 705 3089 φιλίαν;
737 3022 769 3093 ἢ
806 3022 1236 3094 δυστυχημάτων
1283 3024 1467 3091 ὄγκος,
1501 3024 1595 3077 καὶ
1633 3025 1789 3090 λόγος
1823 3043 1953 3078 κατ-

2075 542 2364 597 infelicitas
2395 552 2502 598 tua:
2538 543 2663 598 vita).
2689 542 2938 598 consistit
2966 543 2989 595 ?
3026 541 3122 595 Sin
3154 542 3294 595 hanc
3322 542 3650 596 adnumeres

2070 635 2468 703 infelicitatem,
2520 638 2653 707 quid
2712 646 2817 702 est,
2874 635 3018 706 quod
3068 648 3233 689 voces
3288 633 3652 689 felicitatem?

2070 728 2288 794 Paulus,
2319 730 2422 792 ais,
2484 730 2574 784 ille
2608 729 2830 783 volucer
2865 736 2919 781 et
2942 727 2996 781 in
3026 724 3245 781 sublimi
3286 734 3472 793 raptus
3502 740 3519 792 ;
3553 725 3651 779 Pe—

2068 826 2207 882 trus,
2241 819 2297 872 in
2332 834 2440 889 quo
2472 819 2708 889 reposita
2742 828 2871 872 sunt
2904 817 3030 872 ﬁdei
3054 816 3407 870 fundamenta
3441 832 3455 881 ;
3484 823 3652 869 σειρ-

2067 922 2251 961 rerum
2302 917 2615 962 sanctorum
2680 908 2937 963 universa
2992 905 3281 961 multitudo
3331 920 3467 959 mea:
3523 914 3653 959 sunt

2066 1011 2384 1070 argumenta
2437 1001 2789 1056 timiditatis:
2838 1001 2977 1055 eheu
3033 1014 3151 1054 mea
3213 999 3374 1064 mala,
3416 997 3511 1067 qui
3570 1006 3652 1051 tot

2065 1093 2199 1147 mihi
2259 1108 2479 1163 possum
2514 1094 2777 1165 imagines
2810 1102 3199 1163 repraesentare
3219 1107 3355 1146 meae
3412 1090 3650 1145 infelici-

2065 1187 2210 1241 tatis.
2268 1187 2563 1242 Enimvero
2623 1188 2818 1242 timore
2866 1186 3032 1240 timeo
3070 1186 3123 1239 in
3158 1186 3321 1239 rebus
3371 1198 3506 1251 quas
3553 1181 3645 1236 alii

2065 1293 2174 1330 non
2201 1278 2442 1348 capiunt.
2469 1278 2670 1343 Quidni
2724 1278 2815 1348 qui
2842 1278 3088 1349 griphos,
3113 1285 3207 1330 aut
3233 1274 3492 1345 Sphingis
3509 1273 3649 1327 aeni-

2062 1380 2260 1440 gmata,
2290 1371 2455 1425 vitam
2477 1371 2692 1426 vitalem
2720 1370 2917 1425 imitari
2942 1378 3163 1434 statuat,
3187 1369 3356 1424 satius
3378 1378 3433 1423 et
3452 1367 3647 1421 melius

2062 1476 2092 1512 a
2124 1460 2490 1516 declaratione
2534 1477 2724 1517 eorum
2754 1470 3152 1527 semoveretur,
3180 1474 3344 1529 quam
3378 1458 3471 1526 qui
3529 1458 3647 1512 haec

2062 1554 2428 1621 pronuntiat?
2455 1554 2689 1610 Sanctus
2721 1555 2905 1620 timor,
2939 1554 3034 1624 qui
3063 1554 3281 1607 virtutis
3331 1552 3645 1622 cujuslibet,

2063 1652 2123 1699 ut
2155 1654 2210 1699 tu
2241 1647 2585 1715 pronuntias,
2616 1646 2821 1701 fundus
2846 1654 2948 1710 est,
2991 1645 3221 1699 Paulum
3253 1656 3310 1699 et
3364 1645 3647 1699 consocios

2062 1734 2182 1803 ejus
2205 1736 2272 1789 ad
2311 1735 2792 1790 immarcescibiles
2836 1749 3068 1790 coronas
3097 1720 3227 1787 hinc
3265 1733 3508 1788 abduxit.
3562 1732 3645 1787 Tu

2064 1837 2269 1894 autem,
2312 1828 2498 1883 nescio
2530 1829 2827 1899 quomodo,
2878 1837 2938 1881 ut
2973 1826 3173 1881 Paulus
3205 1827 3471 1896 quispiam
3526 1842 3644 1881 me-

2065 1916 2217 1982 tuis;
2250 1925 2311 1971 ut
2360 1908 2579 1988 Ulysses
2620 1918 2836 1986 aliquis,
2868 1918 2950 1972 vel
2978 1918 3117 1972 alius
3159 1932 3224 1970 eo
3268 1917 3539 1971 infelicior
3586 1916 3643 1970 in

2062 2018 2352 2063 consuetas
2414 2009 2762 2064 infelicitates
2826 2010 3081 2065 timorem
3135 2010 3327 2066 refers.
3377 2007 3644 2064 Arbitrari

2062 2110 2243 2154 autem
2295 2101 2521 2155 minime
2554 2101 2719 2156 debes
2772 2116 2894 2156 esse
2940 2116 3259 2172 congruum,
3309 2110 3370 2155 ut
3422 2112 3643 2156 sanctus

2061 2188 2261 2248 Paulus
2289 2193 2341 2247 in
2368 2194 2673 2263 exemplum
2696 2194 2820 2248 talis
2841 2193 3051 2248 timoris
3071 2194 3403 2263 producatur
3425 2194 3637 2247 doctor.

2061 2285 2167 2341 Par
2197 2298 2380 2342 autem
2410 2287 2532 2354 fuit,
2574 2287 2619 2343 si
2653 2288 2868 2357 quidem
2899 2297 2955 2342 tu
2979 2287 3129 2341 illum
3164 2287 3382 2341 volebas
3412 2287 3633 2353 imitari,

2060 2380 2255 2451 gaudio
2284 2389 2344 2434 ut
2373 2379 2685 2447 aﬂicereris,
2710 2394 3006 2434 conversus
3030 2379 3097 2433 ad
3119 2394 3443 2433 coronarum
3476 2378 3639 2432 intui-

2060 2483 2198 2537 tum,
2239 2487 2585 2542 nequaquam
2629 2471 2913 2540 plangeres
2940 2469 3353 2536 infelicitatem;
3413 2471 3640 2539 pusilla-

2058 2566 2279 2621 nimitas
2333 2574 2383 2619 te
2430 2573 2709 2634 arreptum
2755 2572 2956 2618 versat.
3015 2562 3155 2628 Quid
3212 2572 3271 2617 tu
3309 2578 3432 2618 cum
3470 2563 3639 2618 Paulo

2061 2670 2350 2709 commune
2378 2654 2544 2708 habes
2572 2654 2595 2705 ?
2630 2652 3002 2721 Temetipsum
3032 2653 3246 2722 corripe
3273 2671 3288 2719 ;
3327 2668 3357 2706 a
3386 2653 3640 2724 passione

2060 2746 2277 2801 recede.
2312 2746 2443 2808 lmo,
2470 2745 2670 2815 inquis,
2694 2745 2782 2800 hic
2810 2744 3037 2799 Paulum
3056 2756 3390 2815 praeeuntem
3439 2746 3636 2802 habeo.

2060 2839 2269 2894 Laetare
2298 2848 2414 2893 tum
2438 2838 2506 2892 de
2531 2837 2833 2892 imitatione
2857 2855 2872 2903 ;
2903 2838 2972 2892 de
2998 2838 3386 2893 certaminibus
3413 2839 3520 2894 tuis
3546 2854 3642 2893 ex-

2062 2931 2241 2998 sulta;
2270 2929 2589 2998 neutiquam
2615 2945 2744 2984 vero
2770 2930 3108 2985 muliebriter
3135 2930 3329 2986 ludens
3356 2931 3641 2987 infelicita-

2059 3028 2169 3075 tem
2223 3030 2373 3074 tuam
2420 3021 2705 3091 palpitare,
2741 3020 2816 3074 ita
2858 3028 2919 3074 ut
2974 3020 3305 3090 permisceas
3347 3022 3528 3076 omnia
3584 3033 3641 3077 et

363 3113 742 3186 ορθωμάτων;
778 3115 905 3181 Ναὶ,
936 3115 1131 3187 φησίν
1168 3115 1305 3171 ἀλλὰ
1324 3115 1534 3178 Παῦλος
1567 3116 1686 3187 βοᾷ·
1725 3117 1946 3171 Φοϐοῦ-

2060 3112 2388 3177 confundas,
2434 3122 2530 3167 aut
2579 3128 2677 3182 per
2707 3113 2973 3167 sermonis
3005 3114 3469 3178 communionem,
3527 3114 3637 3179 illa,

364 3224 477 3277 μαι
501 3206 588 3276 μή
612 3223 737 3273 πως
756 3208 971 3274 ἄλλοις
993 3208 1278 3276 κηρύξας,
1303 3209 1485 3274 αὐτὸς
1534 3210 1821 3280 ἀδόκιμος
1856 3212 1954 3283 γέ-

368 3314 582 3366 νωμαι.
609 3300 719 3352 Καὶ
740 3299 793 3352 τί
815 3299 1007 3365 τοῦτο;
1044 3300 1248 3369 χωρὶς,
1287 3300 1470 3370 φασὶν,
1501 3300 1570 3353 τὰ
1608 3301 1811 3355 Μύσων
1856 3303 1953 3357 καὶ

362 3391 598 3461 Φρυγῶν
622 3392 902 3463 ὁρίσματα
921 3408 935 3421 ⁸
965 3393 1087 3446 ούδέ
1112 3392 1219 3465 γὰρ
1246 3392 1367 3446 οὐδὲ
1401 3394 1529 3464 περὶ
1552 3393 1651 3457 τὰς
1675 3398 1950 3449 Δεσποτι-

365 3483 475 3546 κάς
509 3483 855 3553 ὑποσχέσεις,
884 3485 1074 3555 ὥσπερ
1107 3486 1135 3537 ὁ
1169 3484 1437 3555 ἡμέτερος
1468 3484 1700 3551 Παῦλος,
1745 3485 1947 3556 ἄπαγε,

362 3573 582 3625 δειλιῶν
634 3575 922 3642 ἐφοϐεῖτο·
985 3575 1094 3627 οὐδ’
1146 3576 1396 3644 ἀγωνιῶν
1448 3575 1546 3646 τὴν
1579 3576 1781 3643 φιλίαν,
1839 3579 1950 3631 οὐδ’

364 3661 599 3713 εὐλαϐού
609 3679 769 3731 μενος
794 3663 866 3732 μή
890 3679 975 3724 τις
1005 3663 1173 3716 αὑτοῦ
1194 3665 1285 3717 τὸν
1316 3666 1615 3735 ὑπέρτιμον
1642 3666 1947 3738 μάργαρον,

360 3753 433 3805 ὲκ
460 3737 798 3824 πειρατικῆς
823 3754 1018 3824 τριϐῆς
1048 3757 1139 3808 καὶ
1169 3755 1400 3826 μελέτης
1427 3737 1781 3827 ἀφαρπάσας,
1816 3737 1949 3828 ἐρη-

369 3860 475 3912 μον
505 3845 708 3906 παντὸς
732 3846 940 3916 άφὴσῃ.
996 3847 1076 3899 Τὰ
1130 3846 1272 3916 σοφὰ
1301 3848 1472 3901 ταῦτα
1523 3850 1618 3902 καὶ
1646 3849 1820 3919 σεμνὰ
1848 3850 1950 3920 τῆς

364 3934 574 4000 δειλίας
601 3939 1003 4008 προσχήματαν
1038 3940 1095 3991 ἐν
1121 3940 1295 3992 οὐδενὶ
1318 3940 1525 3994 τούτων
1580 3944 1789 4005 ἐκεῖνος
1835 3942 1949 3996 ἐδε-

362 4025 506 4079 δίει·
534 4029 842 4081 τούναντίον
879 4029 956 4093 δὲ,
1014 4029 1291 4093 πεποιθὼς
1324 4033 1425 4102 μὲν
1462 4028 1531 4104 ἦν
1562 4033 1656 4085 καὶ
1705 4034 1943 4106 θαρρῶν,

362 4116 424 4170 εί
445 4132 532 4181 τις
565 4114 808 4185 πώποτε,
848 4121 978 4190 περὶ
1010 4122 1111 4184 τὰς
1146 4121 1485 4191 θαυμασίους
1515 4124 1733 4187 ἐκείνας
1773 4129 1947 4194 ἐπαγ·-

362 4209 583 4281 γελίας.
611 4210 840 4275 Βέϐαιος
873 4212 915 4263 δ’
958 4208 1027 4281 ἦν
1055 4213 1175 4276 ὅλος
1205 4215 1299 4267 καὶ
1324 4214 1582 4287 ἀδόνητος
1613 4217 1712 4286 τὴν
1743 4219 1948 4271 Δεσπο-

359 4290 525 4375 τικὴν
582 4305 763 4371 φιλίαν
784 4322 798 4337 ο
853 4305 1034 4358 κοινὸν
1066 4306 1113 4358 δ’
1171 4305 1422 4359 ἐϐούλετο
1461 4308 1523 4360 τὸ
1551 4308 1756 4377 ἀγαθὸν
1781 4312 1945 4362 πᾶσιν

357 4395 725 4466 προκεῖσθαι·
765 4396 1053 4460 Ἰουδαίους
1086 4397 1221 4467 πρὸς
1246 4398 1532 4451 κοινωνίαν
1557 4399 1652 4452 τοῦ
1680 4400 1941 4472 θησαυρίέ

2058 3219 2179 3273 quae
2210 3202 2278 3256 ab
2309 3204 2544 3259 invicem
2576 3203 2765 3258 multis
2800 3204 3149 3273 disparantur
3178 3206 3511 3276 parasangis,
3542 3221 3640 3275 per

2055 3296 2162 3349 vim
2203 3296 2304 3349 sub
2357 3296 2549 3349 eadem
2579 3304 2773 3348 natura
2821 3296 3179 3365 compingas;
3233 3304 3293 3349 ut
3322 3305 3375 3351 te
3431 3299 3641 3353 excolat

2052 3394 2109 3441 et
2148 3386 2441 3457 gloriosum
2501 3386 2695 3441 reddat
2739 3380 2966 3455 pulchra
3011 3384 3147 3439 facie
3194 3386 3635 3456 pusillanimitas.

2052 3479 2193 3546 Quid
2234 3480 2377 3533 inter
2410 3493 2470 3533 se
2512 3493 2803 3533 commune
2848 3477 3051 3531 habent
3100 3476 3318 3532 divinus
3348 3479 3529 3543 timor,
3584 3490 3639 3533 et

2050 3567 2472 3641 pusillanimitas
2498 3582 2618 3638 quae
2636 3566 2867 3621 offendit
2888 3566 2945 3620 in
2979 3564 3274 3621 amicitiam
3303 3583 3318 3629 ;
3349 3567 3434 3621 vel
3468 3566 3639 3620 infor—

2051 3661 2334 3715 tuniorum
2380 3674 2697 3729 gravamen,
2726 3673 2851 3712 cum
2899 3656 3111 3711 ratione
3144 3664 3291 3712 recte
3306 3676 3313 3687 κ
3329 3653 3638 3713 factorum?

2048 3753 2287 3819 Quinita
2317 3750 2573 3817 allirmas,
2607 3764 2797 3805 verum
2818 3763 2951 3803 voca
2982 3747 3230 3814 Paulum,
3258 3749 3419 3819 cujus
3454 3758 3582 3804 sunt
3615 3768 3631 3804 :

2052 3841 2239 3895 Vereor
2266 3857 2328 3894 ne
2380 3840 2507 3893 dum
2538 3839 2663 3892 aliis
2690 3855 2753 3909 pr
2773 3838 2957 3903 (edico,
2984 3839 3093 3907 ipse
3142 3840 3269 3908 ﬁam
3297 3839 3543 3907 reprobus
3567 3840 3632 3895 ¹¹.

2047 3935 2187 4001 Quid
2240 3935 2343 3988 hoc
2394 3933 2509 3986 vult
2539 3930 2686 3986 sibi?
2738 3929 3092 4001 Separantur,
3141 3932 3314 3994 aiunt,
3361 3930 3634 4003 Mysorum

2048 4026 2268 4082 termini
2301 4036 2464 4094 atque
2492 4024 2790 4095 Phrygum.
2822 4025 3014 4094 Neque
3049 4024 3193 4078 enim
3221 4024 3290 4079 de
3317 4025 3634 4094 promissio-

2044 4119 2208 4174 nibus
2247 4118 2558 4182 Dominicis,
2590 4127 2649 4171 ut
2694 4126 2881 4172 noster
2918 4116 3007 4170 ille
3046 4116 3265 4182 Paulus,
3314 4120 3631 4188 expavesci-

2045 4227 2204 4273 mus,
2232 4212 2386 4281 quasi
2436 4211 2525 4264 ille
2558 4225 2671 4279 prae
2721 4211 2914 4263 timore
2940 4208 3304 4279 desponderet
3348 4210 3631 4275 animum;

2043 4322 2152 4361 non
2199 4305 2268 4359 de
2294 4303 2531 4358 amicitia
2556 4303 2876 4372 angebatur,
2925 4316 3035 4355 non
3065 4301 3344 4355 metuebat
3401 4318 3473 4357 ne
3505 4304 3631 4372 quis

2044 4393 2480 4450 inaestimabilem
2512 4392 2881 4463 margaritam.
2918 4382 3145 4459 piratica
3169 4391 3399 4459 quadam
3432 4402 3545 4445 arte
3574 4399 3630 4445 et

362 4505 574 4557 σματος
653 4489 957 4543 συνεκάλει.
1020 4488 1289 4559 Ἕλληνας
1355 4490 1581 4555 ἐκάλει,
1629 4491 1940 4562 βαρϐάρους

2056 4486 2348 4553 impostura
2392 4483 2674 4552 abripiens
2723 4481 3074 4551 exspoliatam
3106 4481 3361 4535 omnibus
3394 4481 3628 4536 derelin-

360 4580 632 4646 ἅπαντας,
667 4581 957 4650 ἄρχοντας,
990 4582 1324 4651 ἀρχομένους
1349 4598 1363 4612 ⁸
1398 4584 1447 4634 εἰ
1501 4582 1681 4653 βούλει
1713 4584 1788 4649 δὲ,
1847 4588 1941 4639 καὶ

357 4669 568 4741 λῃστὰς
598 4672 694 4723 καὶ
726 4670 1009 4741 πειρατὰς,
1033 4671 1127 4723 καὶ
1154 4674 1335 4723 πᾶσαν
1363 4671 1547 4735 ἁπλῶς
1595 4673 1693 4743 τὴν
1730 4674 1943 4745 ἀνθρω-

360 4762 527 4831 πίνην
558 4762 848 4832 συνήγειρε
884 4758 1048 4830 φύσιν
1078 4765 1157 4826 εἰς
1197 4763 1493 4816 ἀπόλαυσιν
1526 4764 1618 4817 τοῦ
1670 4769 1944 4837 μαργαρί-

355 4871 475 4909 του.
512 4856 623 4909 Καὶ
643 4858 742 4925 οὐχ
775 4857 959 4921 ἁπλῶς
988 4858 1179 4921 οὕτως,
1219 4857 1354 4911 ἀλλὰ
1399 4858 1493 4912 καὶ
1532 4860 1809 4926 σπεύδων,
1849 4862 1940 4915 καὶ

354 4945 571 5016 τρέχων
596 4947 690 4997 καὶ
715 4946 893 4999 πάντα
926 4948 1168 5017 πάσχων,
1194 4948 1281 5000 ἵνα
1307 4950 1524 5012 πάντως
1545 4949 1667 5002 τινὰ
1686 4950 1780 5003 τοῦ
1806 4954 1943 5005 ἐκεῖ·

356 5038 452 5091 θεν
499 5038 730 5100 κάλλους
781 5038 877 5091 καὶ
909 5039 1007 5108 τῆς
1033 5038 1158 5101 θέας
1184 5039 1414 5113 ἀξιώσῃ.
1468 5040 1558 5093 Διὸ
1597 5034 1691 5093 καὶ
1738 5043 1940 5115 σφόδρα

357 5126 579 5198 θαρρῶν
609 5126 763 5195 ἐλεγε
782 5143 795 5157 ·
835 5127 945 5181 Τὸν
968 5126 1168 5197 ἀγῶνα
1202 5131 1309 5181 τὸν
1339 5129 1531 5182 καλὸν
1569 5128 1901 5200 ἠγώνισμαι
1923 5166 1939 5199 ,

355 5220 469 5272 τὸν
495 5218 719 5287 δρόμον
743 5221 1043 5284 τετέλεκα,
1075 5219 1192 5287 τὴν
1225 5220 1433 5274 πίστιν
1466 5216 1777 5291 τετήρηκα·
1808 5227 1938 5277 λοι-

352 5291 477 5361 πιῗν
505 5309 813 5362 ἀπόκειταί
837 5326 939 5378 μοι
965 5311 997 5361 ό
1026 5307 1134 5377 τῆς
1176 5309 1570 5376 δικαιοσύνης
1615 5313 1935 5380 στέφανος.

369 5398 513 5452 Ἀλλ’
544 5400 603 5453 ἐν
636 5400 737 5469 μὲν
760 5401 973 5464 τούτοις
1000 5402 1237 5464 τοιοῦτος
1263 5397 1330 5473 ἦν
1359 5403 1630 5471 ἀπτόητος
1655 5409 1745 5455 καὶ
1778 5409 1934 5476 στερ-

358 5492 484 5562 ρός·
528 5490 774 5557 ἐφοϐεῖτο
828 5492 884 5545 δέ
936 5494 1021 5557 τί;
1057 5495 1202 5563 Μήτι
1236 5494 1398 5556 αὐτὸς
1451 5493 1710 5547 ἐλλείπων
1744 5495 1935 5567 ὀφθείη

355 5580 454 5634 τοῦ
490 5581 700 5644 δέοντος
737 5584 1204 5655 συνειπνεχθῆναι
1249 5586 1362 5649 τοῖς
1398 5584 1801 5657 ἐπαγγέλμασι.
1841 5587 1937 5641 Διά

436 5780 477 5808 “
509 5778 527 5831 1
556 5776 683 5833 Cor.
716 5794 791 5843 ιχ,
823 5777 912 5832 27.

2044 4584 2193 4645 quat.
2219 4575 2348 4630 Haec
2376 4582 2508 4628 sunt
2537 4572 2921 4643 proschemata
2961 4571 3050 4625 illa
3088 4571 3403 4642 gravitatem
3432 4571 3629 4641 prafe-

2044 4670 2221 4725 rentia
2253 4667 2579 4723 timiditatis.
2627 4665 2704 4720 De
2749 4658 2900 4719 nullo
2938 4664 3167 4719 istorum
3203 4665 3630 4734 metuebatille;

2045 4780 2076 4818 e
2120 4761 2398 4818 contrario
2446 4759 2730 4813 confidens
2769 4767 2891 4813 erat
2917 4798 2931 4821 ,
2972 4767 3028 4812 et
3078 4757 3368 4820 resolutus,
3417 4757 3462 4812 si
3507 4758 3631 4827 quis

2045 4858 2204 4921 alius,
2235 4857 2303 4911 de
2329 4854 2615 4925 promissis
2662 4853 2769 4907 illis
2798 4851 3097 4917 mirandis;
3128 4851 3318 4904 firmus
3343 4859 3464 4905 erat
3511 4852 3631 4920 pla-

2047 4964 2140 5014 ne,
2174 4957 2231 5002 et
2268 4954 2416 5001 totus
2447 4945 2807 4999 inconcussus
2836 4943 2889 4996 in
2922 4943 3137 4997 Domini
3162 4942 3454 4997 amicitiam
3476 4960 3631 4999 reco-

2049 5041 2211 5095 lendo
2263 5057 2277 5092 :
2341 5037 2630 5092 utilitatem
2696 5035 2913 5090 volebat
2965 5034 3220 5090 omnibus
3279 5048 3627 5090 communem

2054 5125 2331 5184 exhiberi.
2413 5124 2637 5179 Judazos
2720 5125 2787 5178 ad
2855 5123 3297 5178 communionem
3386 5125 3629 5179 thesauri

2051 5221 2321 5283 vocabat;
2362 5218 2594 5272 vocabat
2661 5226 2872 5287 gentes,
2942 5230 3134 5271 omnes
3159 5215 3440 5281 barbaros,
3471 5218 3627 5287 prin-

2049 5312 2220 5382 cipes,
2255 5309 2525 5371 subditos,
2558 5309 2689 5373 imo,
2721 5309 2764 5362 si
2827 5307 2997 5371 lubet,
3028 5307 3289 5372 latrones,
3321 5308 3541 5376 piratas,
3571 5318 3628 5365 et

2048 5405 2358 5459 universam
2416 5402 2726 5457 mortalium
2758 5409 3008 5454 naturam
3044 5399 3110 5453 ad
3158 5399 3624 5469 participationem

2048 5496 2352 5567 margarita:
2392 5493 2748 5548 convocabat.
2803 5492 2917 5546 Nec
2968 5491 3072 5545 hoc
3126 5490 3479 5560 simpliciter,
3528 5493 3627 5548 sed

2048 5606 2173 5645 cum
2196 5596 2416 5653 conatu,
2453 5602 2637 5650 cursu,
2663 5596 2715 5643 et
2736 5586 2880 5642 omni
2914 5584 3219 5651 tolerantia,
3242 5592 3300 5638 ut
3329 5583 3409 5639 sic
3431 5599 3625 5640 omnes
