4024 6434
427 353 522 416 911
1593 347 1855 409 ΡΗΘΤΙΙ
1889 347 2016 407 ΡΑἹ

2124 346 2394 407 ARCH/E
2431 348 2541 407 ΟΡ,

3585 357 3691 420 912

426 470 511 520 vel
543 467 775 533 aliquem
804 466 993 520 saltem
1039 463 1466 535 pulchritudinis
1520 460 1647 515 inde
1696 457 2012 514 resultantis

2117 458 2270 511 τοῦτο
2302 458 2413 529 γὰρ
2450 459 2699 528 ἀγωνιῶν
2725 459 2942 527 ἔλεγεν·
2986 460 3185 527 οὕτως
3221 461 3432 533 τρέχω,
3460 465 3541 532 ὡς
3579 474 3690 524 οὐκ

350 569 366 581 ‘
424 555 592 611 faciat
635 555 952 627 participes.
1015 555 1380 627 Quapropter,
1433 569 1557 607 cum
1600 553 1771 607 multa
1838 549 2011 606 conti-

426 645 611 699 dentia
641 644 719 698 ait
752 644 999 699 :Bonum
1022 647 1222 701 certavi
1259 653 1526 699 certamen
1551 659 1570 707 ;
1596 642 1791 697 absolvi
1835 657 2009 695 meum

425 752 686 801 cursum;
737 736 895 805 ﬁdem
926 738 1266 802 conservavi;
1314 738 1378 790 de
1430 748 1636 797 ca’tero.
1658 734 1885 804 reposita
1935 742 2007 786 est

424 828 554 881 mihi
592 828 821 898 justitiaz
853 844 1048 883 corona
1081 830 1146 883 ".
1172 828 1373 883 Verum
1408 837 1527 882 erat
1555 827 1644 880 ille
1666 826 1720 879 in
1752 825 1870 879 istis
1899 833 2006 878 tam

426 917 828 986 imperterritus
851 930 906 974 et
948 919 1291 984 obﬁrmatus,
1333 928 1393 973 ut
1421 918 1555 972 nihil
1598 924 1905 979 metueret;
1938 929 2009 969 nc

424 1009 706 1063 videretur
761 1009 819 1063 in
853 1010 1036 1081 aliquo
1066 1011 1346 1071 deficiens.
1380 1018 1474 1064 aut
1494 1017 2008 1080 praetereongruum

424 1100 724 1171 quidquam
796 1102 1068 1158 omisisse.
1145 1102 1321 1168 Quam
1371 1102 1441 1157 ob
1505 1116 1724 1157 causam
1777 1108 1832 1153 et
1883 1114 2006 1154 cum

425 1194 699 1249 anxietate
723 1193 940 1249 dicebat
969 1212 983 1250 :
1016 1198 1103 1250 Ita
1136 1211 1311 1257 curro,
1342 1203 1400 1247 ut
1424 1210 1525 1247 non
1554 1195 1607 1248 in
1632 1193 1845 1247 obscuro
1870 1192 2009 1263 posi-

426 1294 508 1338 tus
542 1301 556 1348 ;
588 1285 665 1338 ita
697 1295 958 1352 concerta,
993 1295 1049 1339 ut
1089 1302 1193 1340 non
1227 1295 1478 1356 tanquam
1516 1300 1689 1339 aerem
1722 1282 2006 1348 verberem,

423 1378 514 1430 sed
531 1376 713 1447 subigo
740 1378 986 1432 vibicibus
1007 1394 1194 1446 corpus
1223 1393 1418 1441 meum,
1451 1385 1500 1431 et
1510 1366 1581 1430 'in
1599 1377 1899 1431 servitutem
1923 1392 2008 1429 re-

423 1471 566 1540 digo,
602 1487 665 1525 ne
693 1473 874 1543 forsan
893 1473 1018 1525 dum
1050 1471 1173 1525 aliis
1207 1472 1459 1541 praedico,
1501 1471 1612 1540 ipse
1640 1469 1772 1539 ﬁam
1824 1485 2007 1539 repro-

424 1566 517 1620 bus
541 1566 608 1620 ¹³.
644 1566 932 1633 Quocirca,
962 1568 1029 1622 de
1064 1569 1340 1638 proposito
1368 1583 1477 1622 non
1510 1577 1625 1622 erat
1651 1567 1869 1630 dubius,
1909 1566 2007 1620 de-

424 1658 628 1713 siderio
655 1675 763 1714 non
787 1659 1087 1729 deliquium
1144 1659 1470 1729 patiebatur,
1509 1659 1857 1730 margaritam
1896 1672 2005 1711 non

424 1752 624 1807 metuit
659 1752 1034 1823 abripiendam
1060 1769 1075 1819 ;
1116 1752 1210 1807 sed
1236 1768 1304 1807 ne
1325 1750 1456 1823 quid
1491 1750 1605 1822 ipse
1634 1765 1700 1806 eo
1722 1749 2005 1821 indignum

2110 548 2371 618 ἀδηλῶς,
2397 551 2586 619 οὕτως
2611 554 2903 619 πυκτεύω,
2932 553 3014 620 ὡς
3036 556 3148 608 οὐκ
3176 553 3323 624 ἀέρα
3339 554 3530 626 δέρων
3553 559 3692 615 ἀλλ’

2109 641 2412 704 ὑποπιάζὶο
2428 662 2549 712 μου
2573 644 2640 698 τὸ
2669 644 2863 715 σῶμα,
2903 646 3002 700 καί
3025 646 3385 717 δουλαγωτῶ
3408 688 3422 712 ,
3447 649 3535 720 μή
3569 665 3694 719 πως

2109 732 2325 801 ἄλλοις
2351 736 2636 803 κηρύξας,
2659 737 2845 803 αὐτὸς
2879 738 3162 807 ἀδόκιμος
3178 739 3453 809 γένωμαι.
3484 740 3559 794 Οὐ
3595 743 3695 813 μὲν

2109 824 2225 890 οὖν,
2256 827 2358 880 οὐκ
2414 826 2660 893 ἐδίσταζε
2685 829 2785 898 τὴν
2818 830 3132 899 ὑπόσχεσιν·
3186 830 3287 883 οὐκ
3333 832 3547 899 ἠγωνία
3604 836 3695 889 τὸν

2111 916 2313 971 πόθον·
2348 919 2408 971 οὐ
2446 920 2545 988 τὴν
2602 919 2858 991 ἁρπαγὴν
2917 921 3119 975 ἐδειλία
3172 921 3267 974 τοῦ
3318 926 3694 995 μαργαρίτου·

2111 1010 2245 1064 ἀλλὰ
2276 1012 2351 1083 μή
2376 1029 2429 1065 τι
2457 1012 2619 1076 αὐτὸς
2647 1012 2869 1078 ἀνάξιον
2888 1013 3079 1067 τούτου
3107 1014 3508 1085 διαπράξηται,
3540 1019 3611 1088 μή
3644 1035 3698 1072 τι

2110 1101 2314 1164 ἐνδέον,
2360 1102 2432 1172 μή
2458 1118 2512 1155 τι
2546 1103 2914 1174 σαλευομένης
2939 1101 3169 1173 γνώμης
3211 1105 3530 1160 ἀκόλουθον.
3562 1107 3698 1160 Ἀλ-

2122 1191 2213 1255 λος
2244 1186 2400 1257 οὗτος
2422 1193 2624 1258 δειλίας
2653 1194 2875 1264 τρόπος,
2901 1194 3000 1246 καὶ
3027 1194 3185 1258 ἄλλος
3204 1196 3232 1247 ὁ
3264 1196 3393 1266 περὶ
3420 1197 3519 1260 τὰς
3532 1198 3702 1267 ¹ιίιμοι-

2111 1283 2236 1348 ϐάς.
2303 1285 2541 1347 Ἐκεῖνος
2569 1285 2853 1349 ἐπαινετὸς
2880 1324 2897 1349 ,
2926 1280 3079 1351 οὗτος
3099 1286 3299 1356 ψεκτός
3317 1304 3332 1319 ·
3363 1289 3573 1352 ἐκεῖνος
3600 1307 3703 1343 σα-

2110 1377 2420 1449 λευομένων
2443 1416 2461 1444 ,
2490 1372 2644 1442 οὗτος
2666 1378 3024 1450 ήδρασμένων
3047 1394 3062 1409 ’
3095 1381 3301 1443 ἐκεῖνος
3342 1379 3547 1449 ἀπάγει
3588 1380 3703 1436 τῶν

2113 1464 2387 1540 βράϐείων
2413 1513 2427 1536 ,
2456 1466 2613 1534 οὗτος
2635 1472 3142 1540 συγκατασκευὰςει
3169 1472 3239 1527 τὰ
3282 1472 3518 1527 ἔπαθλα·
3543 1468 3702 1540 οὗτος

2113 1562 2353 1628 Παύλου,
2382 1564 2589 1627 ἐκεῖνος
2610 1564 2902 1636 ἡμέτερος.
2946 1564 3108 1618 Ἀλλὰ
3141 1564 3250 1637 γὰρ
3285 1564 3448 1634 φιλῶ,
3503 1566 3701 1637 φησὶν,

2111 1656 2201 1709 ἵνα
2229 1656 2304 1727 μὴ
2333 1656 2407 1720 ὡς
2433 1656 2607 1720 οὐδεὶς
2635 1657 2774 1712 εῖπω
2802 1656 2961 1711 πλέον
2980 1675 2993 1687 ·
3027 1657 3103 1721 ὡς
3125 1657 3279 1719 εἴτις
3299 1657 3457 1721 ἄλλος
3485 1658 3704 1712 δέδοικα

2110 1747 2167 1801 δέ
2190 1750 2318 1810 τοὺς
2349 1750 2408 1802 ἐν
2428 1747 2529 1818 βίῳ
2551 1753 2837 1820 πειρατὰς,
2876 1750 2950 1819 μή
2988 1766 3055 1818 με
3091 1749 3368 1820 συλήσωσι
3389 1751 3489 1821 τῆς
3518 1748 3704 1819 φιλίας

425 1851 725 1911 pateretur,
773 1811 845 1897 ne
924 1811 1086 1912 quem
1120 1811 1417 1907 defectum,
1444 1811 1530 1895 ne.
1568 1839 1701 1910 quid
1759 1811 2008 1894 admittat

2117 1811 2448 1896 ἀπόνασθαι·
2482 1811 2557 1913 μὴ
2589 1811 2681 1896 τὸν
2716 1811 2848 1911 ἐμόν
2876 1811 3242 1913 ’μαργαρίτην
3283 1811 3576 1913 λοχήσωσι.
3634 1811 3705 1896 Τί

424 1934 570 2003 quod
597 1943 836 1988 mentem
861 1941 1128 1988 emoveat.
1154 1932 1310 1986 Alius
1339 1931 1429 1986 hic
1448 1939 1563 1986 erat
1594 1928 1870 1984 metuendi
1895 1943 2011 1982 mo-

424 2026 549 2091 dus,
583 2025 722 2081 alius
753 2025 845 2094 qui
877 2024 1177 2094 respiceret
1216 2023 1625 2090 retributiones,
1656 2022 1747 2078 ille
1777 2021 2010 2077 laudan-

424 2118 547 2182 dus,
577 2117 971 2187 vituperandus
1001 2117 1126 2181 iste,
1168 2116 1257 2172 ille
1289 2115 1693 2179 ﬂuctuantium,
1717 2114 2013 2170 confirma-

426 2220 603 2266 torum
636 2211 762 2276 iste,
793 2225 825 2265 a
849 2209 1042 2266 brabio
1062 2210 1286 2266 abducit
1308 2209 1420 2277 ille,
1443 2208 1534 2263 hic
1548 2206 1827 2278 componit
1842 2207 2013 2261 victo-

422 2304 520 2357 τίω
539 2303 785 2373 praemia,
832 2302 922 2356 ille
957 2310 1075 2357 erat
1109 2300 1282 2366 Pauli,
1313 2300 1401 2355 hic
1442 2310 1527 2355 est
1553 2309 1756 2354 noster.
1793 2298 2011 2352 Atenim

421 2408 568 2455 amo,
610 2392 845 2462 inquies,
876 2407 947 2446 ne
968 2392 1100 2462 quid
1148 2391 1330 2445 nullus
1351 2407 1451 2463 ego
1476 2389 1598 2461 plus
1629 2388 1861 2443 edicam.
1890 2386 2010 2441 Me-

422 2490 521 2537 tuo
550 2493 734 2538 autem
765 2485 850 2539 vel
880 2485 1115 2539 maxime
1140 2484 1205 2552 (si
1231 2483 1355 2553 quis
1382 2480 1546 2552 alius)
1585 2481 1792 2552 piratas
1821 2479 1876 2534 in
1904 2477 2013 2534 vita

425 2575 717 2640 obeuntes,
758 2590 830 2630 ne
861 2591 949 2630 me
977 2575 1215 2647 spoliem
1247 2574 1503 2629 amicitiae
1546 2572 1752 2637 fructu,
1778 2585 1849 2625 ne
1877 2570 2015 2624 insi-
2080 2582 2086 2607 ι

422 2665 543 2720 dias
575 2674 790 2720 struant
809 2666 1114 2738 margaritae
1138 2681 1297 2721 meae.
1327 2663 1493 2732 Quid,
1526 2664 1715 2730 homo,
1740 2671 1800 2717 tu
1825 2661 2016 2717 balbu-

423 2757 543 2812 tis?
617 2758 896 2812 amicosne
949 2757 1244 2812 malevolos
1292 2755 1472 2811 facis?
1553 2770 1658 2809 nec
1709 2753 1767 2808 in
1815 2754 2014 2809 bonam

425 2858 634 2920 partem
663 2891 677 2913 ,
733 2859 795 2904 ut
840 2858 1183 2905 venustatem
1234 2849 1439 2904 habeas
1495 2846 1855 2903 admiratione
1885 2888 1900 2911 ,
1957 2853 2017 2902 ut

426 2941 717 3012 splendore
752 2950 1077 2997 coruscante
1103 2957 1167 2997 ex
1202 2941 1444 2998 amicitia
1482 2940 1790 2996 illustratus
1818 2937 2018 2994 allicia-

427 3033 508 3087 ris
534 3033 752 3104 gaudio,
789 3044 846 3088 et
874 3047 970 3103 spe
1022 3033 1236 3088 meliori
1272 3032 1590 3088 luxuriere:
1627 3032 1722 3087 sed
1762 3031 1841 3086 uti
1884 3045 2015 3100 pro-

428 3124 569 3179 clive
595 3124 691 3179 tibi
722 3125 813 3189 sit,
841 3133 1099 3196 tanquam
1148 3139 1239 3179 res
1273 3124 1542 3179 inanimes
1561 3124 1812 3194 prodere,
1848 3120 2014 3175 latro-
2038 3155 2083 3218 C

424 3231 559 3272 num
620 3217 936 3272 incursibus
1003 3226 1059 3273 et
1126 3217 1334 3288 rapinis
1403 3216 1647 3280 cedens,
1702 3214 1896 3285 partim
1954 3222 2015 3267 ut

424 3306 699 3375 ingestam
752 3307 1137 3362 contumeliam
1192 3307 1467 3362 occultare
1510 3320 1681 3374 queas
1741 3302 2015 3374 perartili-

428 3401 581 3455 ciose
609 3439 625 3464 ,
675 3409 731 3455 et
787 3388 1135 3471 contemptus
1194 3400 1316 3455 velo
1370 3399 1634 3469 religiosae
1675 3396 2017 3452 verecundiae

428 3489 629 3544 famam
676 3491 893 3546 veneris
931 3507 945 3553 ;
983 3491 1146 3546 simul
1216 3490 1379 3545 etiam
1440 3499 1499 3543 ut
1565 3488 1770 3544 amicos
1828 3504 2017 3543 morsu

428 3582 679 3652 graviore
707 3592 763 3637 et
796 3582 1154 3652 profundiore
1184 3583 1469 3653 corripias.
1507 3580 1582 3636 lta
1620 3591 1700 3648 ut,
1748 3596 1858 3635 non
1883 3596 2016 3650 quo-

428 3673 595 3729 modo
623 3674 802 3730 solent
830 3676 1108 3740 malevoli,
1162 3677 1235 3730 ita
1276 3684 1332 3729 et
1362 3675 1523 3730 amici
1553 3674 1663 3731 sint
1694 3676 1764 3729 ob
1793 3674 2017 3744 pusilla-

428 3766 733 3821 nimitatem
767 3766 1061 3821 cavillandi
1095 3785 1109 3834 ;
1139 3768 1235 3821 sed
1280 3767 1403 3822 idco
1423 3766 1570 3837 quod
1589 3766 1776 3821 videre
1808 3766 2016 3828 videor,

429 3872 653 3911 omnem
711 3857 768 3911 in
802 3872 899 3913 eos
934 3868 1280 3928 potestatem,
1323 3874 1544 3913 omnem
1569 3858 1863 3913 voluntatis
1918 3857 2019 3912 do-

427 3946 810 4013 minationem,
855 3948 922 4003 ad
949 3949 1273 4020 mergendos
1318 3948 1574 4003 ﬂuctibus
1598 3947 1819 4013 abiisse,
1873 3946 2019 4016 quod

427 4039 782 4095 insidiatores
838 4041 1125 4097 observem
1178 4050 1235 4096 et
1266 4039 1567 4111 naufragia.
1599 4040 1910 4105 Enimvero,
1937 4040 2021 4093 vir

430 4133 577 4187 bone
607 4143 664 4187 et
690 4133 982 4195 laudande,
1013 4133 1307 4189 artificiose
1344 4133 1653 4205 procedens
1685 4132 2018 4197 convicium,

428 4223 558 4280 licet
588 4226 727 4280 nihil
769 4226 1211 4292 talcintcnderit,
1241 4226 1487 4298 proderit
1523 4236 1706 4282 tamen
1765 4225 2016 4290 fortasse,

425 4316 557 4371 dum
604 4316 738 4372 foris
791 4318 1000 4373 illatum
1064 4319 1265 4373 mentis
1320 4329 1593 4373 tumorem
1649 4326 1959 4390 compescat
2002 4358 2018 4382 ,

428 4407 729 4481 frangendo
756 4410 906 4465 illum
930 4412 1174 4482 quidem,
1204 4410 1300 4466 sed
1335 4420 1391 4466 et
1420 4411 1712 4466 consilium
1743 4413 2016 4467 adhiben-

2110 1933 2309 1998 λαλεῖς,
2341 1934 2593 2005 ἄνθρωπε
2614 1953 2628 2001 ;
2649 1936 2968 2006 μαργάρους
2996 1936 3121 1998 τοὺς
3158 1934 3341 2006 φίλους
3374 1937 3569 1999 ποιεῖς,
3598 1936 3707 1989 οὐκ

2112 2027 2177 2078 ἐκ
2199 2026 2298 2079 τοῦ
2329 2026 2615 2097 βελτίονος,
2650 2027 2739 2081 ἵνα
2766 2027 2827 2080 τὸ
2851 2026 3047 2091 κάλλος
3086 2027 3375 2098 θαυμάζῃς
3395 2068 3411 2090 ,
3445 2027 3541 2080 καὶ
3577 2030 3707 2092 ταῖς

2115 2123 2515 2191 μαρμαρυγαῖς
2544 2120 2645 2187 τῆς
2667 2121 2725 2171 ἐν
2754 2121 2821 2190 τῇ
2869 2119 3026 2190 φιλίᾳ
3092 2119 3485 2191 λαμπρότητος
3538 2137 3708 2188 περι·

2113 2209 2560 2281 αστραπτόμενος
2582 2211 2805 2281 χαίρῃς,
2820 2211 2915 2264 καὶ⁵
2935 2212 3146 2282 τρυφᾷς
3169 2214 3288 2275 ταῖς
3313 2212 3593 2282 ἀμείνοσιν
3610 2212 3711 2265 ἐλ-

2114 2302 2289 2357 πίσιν.
2328 2301 2469 2355 Ἀλλ’
2510 2302 2601 2356 ἵνα
2625 2301 2720 2374 ἐξῇ
2766 2319 2848 2355 σοι
2872 2302 3031 2355 τοῦτο
3055 2303 3175 2373 μέν,
3199 2302 3275 2367 ὡς
3314 2304 3443 2373 περὶ
3476 2303 3710 2374 ἀψύχων

2114 2393 2405 2464 προδοσίαν
2436 2394 2713 2461 πλάττειν,
2745 2395 2840 2449 καὶ
2873 2393 3090 2468 λῃστῶν
3122 2393 3347 2463 ἐφόδους
3377 2395 3476 2448 καὶ
3509 2396 3709 2467 ἁρπα-

2113 2488 2237 2556 γήν.
2270 2484 2444 2538 Τοῦτο
2475 2485 2553 2552 δέ,
2581 2485 2658 2550 ὡς
2682 2485 2749 2540 ἂν
2779 2486 3067 2559 δυνηθείης
3098 2487 3190 2542 τὸν
3237 2488 3711 2560 προπηλακισμὸν

2112 2576 2380 2648 κρύπτειν
2429 2578 2509 2649 τῷ
2559 2579 2937 2649 τεχνάσματι·
2991 2580 3088 2633 καὶ
3123 2579 3203 2651 τῷ
3233 2580 3711 2652 ἐσχηματισμένῳ

2116 2668 2349 2740 ὕϐρεως,
2373 2669 2492 2740 ἅμα
2527 2670 2625 2741 μὲν
2663 2670 2950 2735 εὐλαϐείας
2983 2671 3142 2737 δόξαν
3169 2671 3429 2744 θηρᾶσαι,
3480 2673 3600 2743 ἅμα
3653 2673 3713 2726 δὲ

2117 2758 2415 2833 βαθύτερόν
2461 2776 2521 2812 τε
2572 2758 2671 2814 καὶ
2728 2761 3058 2833 πικρότερον
3086 2760 3198 2814 τῶν
3230 2761 3401 2830 φίλων
3426 2761 3715 2816 καθάπτε-

2115 2851 2273 2906 σθαι·
2303 2852 2386 2906 ὃτι
2415 2851 2537 2906 καθ’
2574 2852 2635 2906 ὃν
2690 2852 2911 2922 τρόπον,
2967 2853 3066 2923 οὐχ
3094 2854 3144 2906 οἱ
3203 2856 3502 2925 μάργαροι,
3536 2855 3713 2923 λέγω,

2114 2944 2288 3009 οὓτως
2313 2945 2422 2998 οὐδ’
2449 2947 2498 2999 οί
2533 2946 2675 3013 φίλοι
2705 2946 2805 3013 τῆς
2832 2945 3038 3010 δειλίας
3091 2947 3202 3000 είσί
3239 2964 3331 3018 μοι
3380 2948 3672 3019 παραίτιοι
3698 2963 3714 2977 ·

2115 3035 2234 3090 ἀλλ’
2262 3037 2347 3089 ὅτι
2385 3035 2498 3107 ὁρῶ
2528 3036 2626 3105 τὴν
2659 3036 2788 3106 περὶ
2815 3036 3014 3100 αὐτοὺς
3041 3035 3316 3103 ἐξουσίαν,
3351 3038 3445 3090 καὶ
3471 3037 3532 3090 τὸ
3564 3038 3719 3109 κρά-

2115 3144 2207 3191 τος
2234 3128 2329 3182 τοῦ
2372 3127 2735 3199 βουλήματος,
2775 3126 2900 3182 ὅλον
2952 3131 3033 3190 είς
3083 3128 3207 3192 τοὺς
3266 3130 3720 3193 καταποντιστὰς

2119 3220 2539 3290 μεταχωρῆσαν,
2597 3222 2692 3274 καὶ
2745 3220 2873 3283 τοὺς
2900 3219 3178 3290 λοχῶντας
3225 3221 3321 3273 καὶ
3351 3221 3418 3275 τὰ
3446 3219 3717 3290 ναυάγια.

2128 3309 2269 3362 Ἀλλ’
2298 3308 2480 3380 ὕϐρις,
2505 3303 2552 3363 ὦ
2586 3310 2720 3364 καλέ
2749 3310 2844 3363 καὶ
2875 3309 3069 3379 ἀγαθὲ,
3098 3312 3197 3363 σὺν
3226 3309 3393 3384 τέχνῃ
3418 3311 3718 3381 προϊοῦσα,

2114 3401 2460 3456 λανθάνουσα
2491 3403 2611 3473 μὲν,
2635 3402 2777 3472 τάχα
2809 3420 2864 3456 τι
2903 3404 2997 3458 καὶ
3027 3405 3271 3474 συνήσει,
3302 3403 3404 3473 τῆς
3439 3404 3630 3474 ψυχῆς
3659 3405 3723 3457 τὸ

2116 3495 2346 3550 οίδαῖνον
2372 3494 2479 3561 ἐξω
2511 3495 2781 3567 ῥηγνῦσα,
2811 3494 3206 3568 παρηγοροῦσά
3230 3513 3289 3548 τε
3322 3498 3418 3550 καὶ
3438 3497 3725 3568 διαπραΰ-

2117 3603 2319 3642 νουσα·
2350 3586 2608 3642 ἐπειδὰν
2636 3587 2694 3640 δὲ
2723 3587 3051 3658 κατάφωρος
3094 3589 3342 3659 γένηται,
3397 3591 3480 3652 είς
3512 3590 3723 3643 ταύτὸν

2118 3681 2295 3733 ἄτοπα
2323 3678 2496 3733 πολλὰ
2548 3679 2791 3747 συνάγει·
2824 3674 2958 3750 ἦθος
3014 3679 3189 3753 βαρὺ,
3235 3680 3403 3758 ψογὸν
3451 3682 3724 3745 ἐπαίνους

2120 3773 2585 3844 ὑποκρινόμενον·
2652 3772 2935 3843 αἰσχύνην,
2990 3772 3076 3841 ἐφ’
3127 3767 3209 3837 οἷς
3239 3773 3267 3824 ὁ
3320 3772 3586 3844 κρύπτων
3618 3775 3724 3827 οὐκ

2120 3864 2331 3919 ἔλαθεν.
2353 3865 2463 3917 Καὶ
2505 3865 2837 3935 παρατρέχω
2871 3862 2943 3916 τὰ
2974 3863 3217 3918 πλείονα.
3266 3865 3489 3930 Καίτοι,
3522 3867 3575 3918 εί
3619 3868 3725 3938 μὲν

2121 3955 2366 4025 ὑϐρίζειν
2425 3954 2570 4019 ἔδει,
2626 3953 2710 4018 τίς
2743 3958 2775 4024 ή
2833 3954 3051 4024 μηχανὴ
3107 3953 3201 4007 τοῦ
3234 3954 3627 4025 κρύπτεινςεί
3663 3957 3723 4009 δὲ

2119 4048 2304 4104 λαθεῖν
2335 4050 2523 4120 ἐχρῆν,
2553 4049 2777 4116 ἄμεινον
2802 4041 2870 4117 ἦν
2911 4047 3050 4117 μηδέ
3086 4045 3186 4116 τὴν
3213 4046 3388 4116 ἀρχὴν
3410 4047 3490 4110 είς
3522 4045 3726 4118 ὕϐρεις

2120 4140 2319 4195 ἐλθεῖν.
2359 4139 2418 4194 '0
2437 4138 2494 4193 δὲ
2519 4137 2782 4209 κρύπτων
2812 4137 2910 4208 μὲν
2927 4139 2984 4191 ἐν
3007 4136 3085 4208 τῷ
3111 4137 3381 4208 μαργάρῳ
3402 4139 3501 4208 τὴν
3525 4137 3723 4209 ὕϐριν,

2118 4231 2305 4286 λαθεῖν
2333 4230 2391 4285 δέ
2440 4230 2542 4284 οὐκ
2574 4229 2713 4299 ἔχων
2749 4228 2848 4297 τὴν
2899 4228 3132 4299 τέχνην,
3164 4229 3266 4281 οὐκ
3301 4222 3397 4281 οἷδ’
3429 4228 3608 4296 ὅπως,
3644 4225 3728 4282 ὧν

2123 4327 2373 4399 βούλεται
2401 4326 2462 4379 οὐ
2495 4324 2861 4379 διαπεσεῖται.
2898 4318 3037 4373 Οὔτε
3063 4319 3174 4389 γὰρ
3210 4317 3404 4372 ἔλαθεν
3453 4318 3723 4389 ὑϐρίσας,

2124 4421 2218 4474 καὶ
2255 4418 2356 4491 τὴν
2388 4415 2593 4487 σκηνὴν
2640 4413 2748 4485 (ἵνα
2806 4410 2972 4483 μηδὲν
3001 4412 3143 4464 εἴπω
3195 4410 3381 4481 πλέον)
3424 4409 3726 4482 ἐλέγχεται

427 4501 518 4567 do,
561 4511 617 4558 et
650 4503 985 4559 sedatiorem
1024 4504 1323 4572 operando.
1380 4505 1450 4558 At
1488 4520 1611 4557 cum
1642 4503 1858 4574 publice
1886 4517 2016 4558 con—

2125 4510 2301 4581 μάτην
2356 4507 2692 4568 διαπλὼσας.
2747 4502 2936 4556 Βούλει
2993 4499 3342 4572 μαργαρίδας
3392 4499 3522 4562 τοὺς
3589 4501 3728 4563 σοὺς

427 4595 663 4650 vicietur
693 4597 912 4667 aliquis,
948 4597 1148 4652 multas
1195 4596 1578 4667 superinducit
1626 4596 2016 4662 absurditates,

427 4690 802 4745 intolerandus
851 4705 1055 4757 mores,
1082 4689 1414 4759 vituperium
1455 4687 1558 4742 sub
1586 4696 1851 4757 prmtextu
1899 4686 2019 4741 lau-

430 4780 532 4845 dis,
595 4780 1033 4850 pudefactionem
1062 4780 1131 4836 de
1165 4780 1232 4835 iis
1269 4795 1391 4849 quae
1418 4779 1611 4846 voluit,
1649 4780 1743 4836 sed
1776 4780 1974 4834 frustra
2001 4822 2017 4847 ,

431 4872 727 4928 occultare.
794 4874 1033 4928 Plurima
1082 4883 1368 4944 praetereo.
1407 4872 1564 4939 Quod
1621 4872 1665 4926 si
1724 4872 2021 4925 conviciari

430 4965 770 5033 propositum
795 4965 917 5029 fuit,
952 4967 1082 5036 quid
1121 4982 1260 5038 Opus
1283 4965 1596 5021 occultandi
1627 4964 1902 5019 artificio?
1932 4964 2015 5016 sin

431 5057 571 5113 clam
615 5072 737 5113 esse
787 5068 842 5113 et
897 5060 1065 5113 latere
1103 5103 1117 5125 ,
1149 5068 1304 5115 certe
1351 5058 1699 5129 prmstitisset
1756 5057 1825 5111 ab
1866 5055 2018 5109 omni

433 5164 658 5218 prorsus
708 5151 1037 5204 contumelia
1084 5151 1416 5206 abstinuisse
1447 5149 1502 5203 in
1533 5148 1711 5203 initio.
1748 5147 1852 5213 Qui
1889 5163 2019 5202 vero

433 5240 822 5296 Contumeliam
858 5258 955 5311 per
1002 5244 1349 5315 margaritam
1397 5243 1681 5307 occultat,
1713 5256 1816 5295 nec
1845 5240 2021 5295 celare

432 5333 911 5397 novitartiliciose,
945 5344 1149 5400 tamen,
1180 5335 1364 5390 nescio
1392 5349 1500 5404 quo
1534 5342 1715 5404 pacto,
1744 5348 1775 5385 a
1798 5347 1893 5403 spe
1924 5347 2021 5386 sua

2119 4600 2470 4671 ἐξονομάζειν
2497 4598 2717 4667 φίλους;
2750 4595 2826 4666 μὴ
2860 4593 3060 4649 σαῦτδν
3113 4591 3403 4662 δισταγμῷ
3447 4594 3725 4663 περιτρέ-

2121 4709 2265 4758 ποις,
2313 4692 2390 4754 ὡς
2422 4690 2485 4742 τὸ
2540 4688 2736 4741 λευκὸν
2765 4686 2866 4756 τῆς
2924 4683 3147 4753 ἀγάπης
3181 4683 3279 4736 καὶ
3316 4682 3599 4753 λαμπρὸν,
3639 4685 3727 4744 εἰς

2120 4783 2220 4853 τὴν
2250 4783 2514 4852 μέλαιναν
2567 4778 2899 4847 διαχύσωσιν
2954 4773 3185 4845 ἔχθραν·
3225 4773 3361 4844 μηδὲ
3418 4772 3633 4843 δειλιᾷς
3661 4774 3725 4825 τὺ

2122 4880 2221 4952 τῆς
2257 4877 2549 4938 διαθέσεως
2610 4873 2867 4943 ἒντορον,
2932 4870 3029 4923 καὶ
3061 4867 3404 4939 πανταχόθεν
3448 4865 3567 4920 ἴσον
3617 4867 3721 4920 καὶ

2125 4970 2389 5040 καθαρὸν,
2420 4968 2497 5031 ὡς
2525 4969 2606 5029 εἰς
2634 4964 2853 5025 ἀνίσους
2879 4962 3081 5030 γωνίας
3118 4960 3364 5029 πλαστῆς
3410 4958 3726 5030 περιθραυ-

2128 5065 2390 5133 σθὴσεται
2412 5057 2657 5129 γνώμης.
2700 5054 2863 5109 Ἀλλὰ
2881 5055 3110 5124 δειλιᾷς,
3155 5053 3230 5122 μὴ
3262 5053 3485 5123 ἁρπαγῇ
3522 5070 3627 5105 σου
3665 5053 3733 5106 τὸ

2126 5153 2479 5225 τιμιώτατον.
2523 5151 2638 5203 Οὐκ
2666 5148 2811 5209 ἐστιν
2845 5147 3054 5216 ἄψυχος
3102 5145 3223 5197 οὐδὲ
3257 5144 3515 5214 ἀκίνητος
3558 5145 3594 5196 ὀ
3638 5146 3737 5215 φίο

2127 5246 2218 5310 λος
2247 5245 2347 5317 τὴν
2403 5242 2597 5313 φύσιν·
2639 5242 2705 5295 ἐκ
2733 5240 2827 5294 τοῦ
2890 5243 3131 5310 χείρονος
3167 5239 3201 5308 ὴ
3253 5237 3475 5307 τοιαύτη
3516 5238 3741 5308 χρῆσις

2128 5336 2222 5391 τοῦ
2247 5334 2721 5409 παραδείγματος·
2756 5334 2852 5386 καὶ
2872 5332 2901 5383 ὁ
2922 5331 3019 5401 τὴν
3045 5329 3302 5401 ἁρπαγὴν
3327 5328 3501 5397 λέγων
3545 5328 3745 5384 δεδιέ-

434 5442 543 5481 ηοιι
575 5426 773 5481 excidit
825 5434 881 5480 et
915 5426 1202 5481 desiderio.
1243 5424 1427 5496 Neque
1484 5425 1631 5479 enim
1673 5423 1830 5478 latuit
1877 5439 2017 5477 con-

435 5519 778 5574 tumeliosius
809 5534 994 5589 agens,
1035 5528 1090 5573 et
1119 5534 1339 5573 scenam
1371 5518 1537 5587 illam,
1556 5534 1627 5573 ne
1648 5517 1775 5587 quid
1804 5517 2019 5589 gravius

438 5610 639 5676 dicam,
664 5608 866 5665 frustra
895 5612 1240 5666 convincitur
1270 5596 1770 5666 adomasserisne
1800 5611 2018 5664 amicis-

2130 5449 2257 5496 ναι,
2309 5431 2408 5500 τῆς
2459 5427 2664 5490 εἰκόνος
2710 5422 3055 5478 ἐπιϐουλεύει
3111 5421 3170 5475 τὸ
3197 5422 3487 5492 χρήσιμον.
3561 5422 3750 5479 una

2127 5523 2290 5593 φοϐῇ,
2318 5520 2394 5592 μὴ
2425 5518 2697 5591 ἅρπαγμα
2726 5519 2841 5583 τοῖς
2879 5515 3079 5586 λοχῶσι
3104 5515 3348 5582 γένηται.
3384 5512 3493 5566 Καὶ
3548 5515 3616 5567 τί
3664 5518 3749 5590 μὴ

2126 5615 2306 5683 λέγεις
2356 5611 2577 5679 ἁπλῶς;
2629 5610 2767 5667 ἀλλὰ
2825 5607 3095 5680 φοϐοῦμαι
3156 5607 3231 5677 μὴ
3261 5605 3425 5669 αὐτὸς
3467 5606 3751 5674 ἀποστὰς

514 5794 556 5823 ¹²
584 5790 629 5849 ll
661 5792 803 5849 Tim.
840 5812 912 5860 Iv,
947 5798 1000 5852 8.
1081 5796 1123 5828 ¹³
1154 5796 1172 5850 1
1202 5794 1326 5851 Cor.
1361 5812 1435 5866 Ix,
1464 5798 1554 5865 26,
1585 5797 1679 5852 9.7.
