4024 6454
322 442 418 505 913

1460 440 1996 500 EPISTOLARUM
2037 442 2270 502 LIBER
2309 447 2386 505 Il.

3449 445 3558 508 914

318 551 465 624 ἡμῶν
496 545 631 617 μετά
679 546 788 598 τῶν
813 545 1095 615 λοχώντων
1141 547 1364 616 γένηται
1385 563 1400 577 ⁸
1451 549 1525 618 μὴ
1557 549 1879 618 ὲπιλὴσηται

1986 552 2152 604 simos
2195 562 2315 609 tuos
2369 556 2541 624 palam
2593 556 2878 609 nominare
2970 556 2992 608 ?
3043 556 3162 610 l\'oli
3221 558 3568 628 temetipsum

320 637 506 710 φιλίας,
539 635 738 699 πόνων,
777 635 977 697 ἄθλων,
1009 635 1215 697 οὓςδιά
1235 637 1468 705 Χριστὸν
1526 636 1622 690 καὶ
1655 638 1752 708 τὴν
1777 637 1876 689 αὑ-

318 727 404 782 τοῦ
446 724 768 793 Ἐκκλησίαν
789 724 1122 795 ἠνέγκαμεν.
1151 725 1336 788 Οὕτως
1363 729 1389 778 ό
1415 725 1589 794 λέγων
1621 727 1711 780 καὶ
1736 727 1875 780 ἀπο-

319 817 594 873 καλύπτων
630 816 733 880 τῆς
767 816 1007 882 ἀγωνίας
1033 816 1093 867 τὸ
1111 817 1301 877 αἴτιον,
1331 817 1424 869 καὶ
1449 817 1517 868 τὰ
1546 818 1741 870 ἑαυτοῦ
1770 838 1877 888 χω-

321 911 397 976 ρὶς
424 906 670 977 μηχανῆς
698 908 948 975 πράττει,
983 908 1078 960 καὶ
1109 908 1200 960 τὸν
1226 909 1398 960 αἴτιον
1430 909 1600 978 ῥᾷστα
1630 909 1874 979 διορθοῦ-

316 1019 415 1064 ται,
444 1001 535 1052 καὶ
577 998 812 1052 δεικνύει
868 999 1092 1072 θαρρεῖν
1123 1001 1334 1061 ἑαυτὸν,
1387 997 1467 1063 οἷς
1500 1001 1768 1054 ἐπικαλεῖ.
1818 1003 1877 1054 Ὀ

316 1092 368 1144 δὲ
395 1091 594 1160 σκηνὴν
615 1094 849 1160 πηγνὺς,
875 1087 993 1145 εἶτα
1014 1093 1445 1163 δραματουργῶν
1469 1094 1526 1145 ἐν
1550 1095 1708 1163 αὐτῇ,
1742 1094 1880 1162 μετά

317 1183 649 1251 προσωπείου
674 1184 734 1236 τὸ
757 1184 1099 1254 βλάσφημον,
1128 1185 1247 1236 ἀντὶ
1284 1185 1380 1236 τοῦ
1423 1186 1628 1255 σκηνὴν
1672 1188 1880 1257 ἑτέροις

317 1272 612 1343 προϐαλεῖν,
671 1273 994 1344 λαϐύρινθον
1049 1275 1226 1343 ἑαυτῴ
1253 1276 1505 1331 λανθάνει
1537 1278 1838 1348 περιτιθείς
1863 1299 1876 1310 ·

315 1365 384 1426 ὡς
416 1364 511 1417 καὶ
533 1363 626 1416 νῦν
653 1367 786 1434 ὁρᾷς
816 1367 916 1418 οὐκ
946 1367 1093 1419 ἐστιν
1151 1366 1408 1431 ἐξελθεῖν.
1479 1369 1617 1422 Ἀλλ’
1649 1370 1769 1422 ὅθεν
1816 1372 1882 1424 ἄν

313 1472 389 1515 τις
412 1455 690 1525 προκύψαι
721 1459 1029 1530 πειραθείη,
1056 1461 1385 1514 ἀπαντῶσαν
1403 1460 1517 1532 ἔχει
1548 1463 1882 1532 πανταχόθεν

314 1543 401 1596 τοῦ
433 1545 757 1616 λαϐυρίνθου
813 1549 912 1619 τὴν
943 1552 1310 1620 κατασκευήν.
1371 1551 1555 1619 Χωρὶς
1619 1551 1727 1622 γὰρ
1773 1552 1881 1605 τῶν

316 1637 635 1707 εἰρημένων,
668 1641 716 1690 εἰ
751 1641 849 1708 μὲν
877 1640 970 1693 νῦν
992 1640 1193 1711 δειλιᾷς
1223 1642 1322 1713 τὴν
1345 1642 1547 1710 φιλίαν,
1584 1643 1636 1694 τί
1678 1642 1752 1713 μὴ
1799 1643 1882 1714 ῥί-

315 1745 445 1798 πτῃς
468 1737 512 1794 ο,
551 1729 584 1800 ἥ
610 1747 669 1781 σε
703 1729 792 1783 διὰ
819 1730 936 1799 βίου
971 1731 1270 1785 σαλεύουσα
1295 1733 1481 1796 παίζει
1511 1750 1525 1796 ;
1557 1734 1619 1786 Ei
1642 1732 1698 1786 δὲ
1720 1733 1883 1805 ἐθάρ-

315 1822 502 1887 ῥηκας,
535 1820 652 1882 πῶς
692 1823 754 1873 ὲκ
785 1820 880 1874 τοῦ
906 1823 1193 1894 παρόντος,
1229 1824 1324 1877 καὶ
1351 1825 1477 1894 περὶ
1505 1824 1613 1876 τῶν
1661 1825 1882 1894 μελλόν-

311 1927 413 1963 των
440 1910 500 1961 οὐ
534 1909 598 1963 λα
609 1912 828 1981 μὸἀνεις
853 1914 951 1984 τὴν
976 1917 1279 1984 ἀσφάλειαν
1300 1935 1314 1983 ;
1347 1919 1460 1971 ἀλλ’
1484 1915 1565 1982 οἷς
1595 1919 1693 1988 μὲν
1716 1919 1880 1990 ἔχεις,

310 2001 367 2052 ού
398 2002 612 2071 χαίρεις
634 2019 650 2034 ο
678 2003 713 2057 ἃ.
739 2005 782 2056 δ’
819 2006 1092 2073 ὑπονοεῖς,
1139 2010 1214 2073 ὡς
1237 2011 1328 2063 ὑπ’
1361 2011 1542 2064 αὐτῶν
1588 2013 1884 2084 κατειλημ-

313 2094 485 2161 μένος,
524 2097 729 2158 στένεις
753 2113 767 2126 ’
796 2098 996 2168 μᾶλλον
1018 2101 1062 2153 δ’
1094 2102 1158 2155 ἄν
1195 2120 1279 2164 τις
1316 2103 1502 2172 ἔτερος
1549 2105 1779 2158 αἱτιάσοι
1824 2107 1886 2158 τὸ

312 2185 388 2253 (οὐ
417 2185 526 2255 γὰρ
559 2187 734 2255 ἔγωγε
769 2189 836 2241 ἂν
864 2191 1052 2261 φαίην)
1078 2193 1154 2255 ὡς
1177 2195 1235 2260 ἐξ
1258 2189 1333 2248 ὧν
1368 2197 1494 2264 περὶ
1519 2196 1628 2248 τῶν
1659 2197 1882 2266 μελλόν-

307 2294 407 2328 των
435 2279 827 2349 τεθορύὸησαι,
860 2284 1006 2355 ἔργῳ
1039 2285 1140 2338 κᾶν
1178 2289 1252 2358 μὴ
1275 2287 1418 2359 λόγῳ
1443 2289 1780 2360 διομολογῇς,
1808 2289 1883 2353 ὡς

306 2369 420 2422 οὐδὲ
443 2371 512 2423 τὰ
532 2374 777 2442 παρόντα
806 2393 888 2427 σοι
915 2367 1195 2448 πέπηγεν·
1233 2379 1348 2432 ἀλλ’
1397 2382 1578 2451 ἡμεῖς,
1615 2375 1660 2434 ὦ
1707 2381 1879 2451 φίλος,

306 2452 388 2510 οἷα
439 2461 698 2532 λέγομεν,
757 2465 904 2518 ἁπλᾶ
943 2467 1039 2520 καὶ
1087 2469 1235 2539 σαφῆ
1296 2473 1711 2526 συνεπισκόπει.
1769 2474 1884 2527 Οὐκ

305 2551 586 2622 ἐπιτρέπω
618 2555 718 2624 μέν
741 2573 822 2610 σοι
853 2559 1143 2628 προδοῦναι
1189 2561 1282 2614 τὸν
1315 2564 1663 2632 μαργαρίτην
1685 2581 1697 2593 ·
1747 2565 1882 2618 ἁλλά

307 2641 431 2711 μηδ’
461 2645 792 2715 εύπρόδοτον
814 2649 1051 2717 λογίζου*
1087 2653 1246 2705 τοῦτο
1278 2653 1387 2724 γὰρ
1419 2654 1526 2723 πρὸ
1554 2655 1765 2708 ἐκείνου
1791 2675 1882 2709 πι-

304 2736 541 2807 κροτέρα
566 2739 766 2806 μᾶλλον
795 2744 890 2794 καὶ
921 2731 1192 2814 βαθύτερα
1230 2746 1510 2815 προδοσία.
1553 2748 1645 2818 Μὴ
1670 2749 1885 2819 προδῷς

303 2824 390 2876 τὸν
431 2825 529 2878 σὺν
555 2831 925 2901 μαργαρίτην,
955 2832 1092 2885 ἀλλά
1120 2833 1241 2903 μηδ’
1272 2833 1599 2906 ἀναίσθητον
1637 2839 1730 2889 καὶ
1755 2837 1878 2890 ἀκί-

304 2933 457 2985 νητον
488 2919 728 2987 ὑπονόει,
765 2923 900 2992 μηδὲ
920 2926 1032 2987 τοῖς
1061 2925 1275 2995 ἐχθροῖς
1304 2927 1386 2988 είς
1414 2927 1612 2981 ἅλωσιν
1658 2929 1879 2999 πρόχει-

302 3025 422 3079 ρον·
460 3011 541 3081 μὴ
571 3011 740 3065 δειλία
773 3014 874 3083 τὴν
899 3015 1100 3083 φιλίαν·
1135 3015 1292 3087 ὖὸρις
1322 3017 1440 3070 ἐστὶ
1479 3019 1696 3083 πάντως
1722 3021 1754 3091 ἢ
1787 3021 1881 3073 τοῦ

299 3101 687 3175 δειλιῶντος,ἦ
737 3108 866 3177 περ)⁸
891 3102 967 3161 ὧν
1014 3109 1409 3180 δειλαινόμεθα.
1474 3111 1577 3163 Τὸν
1627 3113 1725 3182 μὲν
1773 3113 1881 3185 γάρ

1978 645 2314 700 distractioni
2369 646 2659 716 subjicere,
2709 648 2780 700 ita
2822 655 2883 701 ut
2942 647 3232 701 candorem
3282 648 3479 701 amoris
3515 657 3572 703 et

1979 739 2326 807 splendorem
2381 739 2436 792 in
2495 739 2832 808 nigredinem
2907 753 3192 793 convertas
3258 738 3568 792 inimicitia-

1979 845 2122 883 rum.
2149 830 2266 884 Noli
2304 830 2376 883 ita
2413 829 2764 882 meticulo‘sns
2786 845 2926 894 esse,
2960 840 3020 882 ut
3068 830 3141 882 tui
3177 830 3409 882 instituti
3435 830 3567 884 soli-

1981 921 2229 986 ditatem,
2287 930 2342 974 et
2389 929 2591 974 statum
2633 919 2994 989 undequaque
3055 921 3343 989 aaqnalem,
3402 929 3568 987 atque

1983 1011 2102 1063 labe
2128 1009 2277 1063 omni
2312 1010 2636 1071 iimnunem,
2673 1009 2728 1061 in
2747 1009 2975 1078 angulos
2999 1010 3292 1078 inaequales
3321 1009 3570 1064 confictm

1981 1100 2254 1169 Opinionis
2290 1099 2568 1154 collidere.
2605 1098 2713 1153 Sed
2745 1114 2931 1153 curam
2977 1099 3226 1168 dejiceris
3249 1140 3262 1162 ,
3309 1114 3378 1152 ne
3424 1098 3566 1152 forte

1982 1192 2128 1260 quod
2173 1191 2626 1260 pretiosissimum
2654 1201 2736 1246 est
2811 1192 3076 1246 violenter
3127 1207 3158 1244 a
3206 1202 3257 1244 te
3302 1192 3564 1258 rapiatur.

1983 1281 2203 1336 Amicus
2246 1299 2354 1335 non
2386 1291 2469 1336 est
2509 1283 2626 1337 sine
2650 1283 2852 1346 anima,
2905 1297 3008 1335 nec
3035 1281 3327 1336 immobilis
3369 1290 3566 1334 natura

2180 1391 2210 1428 a
2261 1384 2415 1444 parte
2467 1373 2734 1429 deteriore
2783 1375 3070 1429 deducitur
3120 1372 3280 1442 hujus
3331 1372 3565 1442 exempli

1988 1482 2137 1518 usus.
2173 1465 2220 1518 Is
2247 1467 2336 1534 qui
2371 1481 2429 1520 se
2453 1467 2588 1520 dicit
2617 1464 2860 1536 rapinam
2891 1475 3156 1531 metuere,
3193 1464 3336 1533 quod
3366 1465 3422 1516 in
3451 1464 3567 1532 ipsa

1987 1557 2219 1628 imagine
2271 1557 2399 1612 utile
2431 1557 2662 1611 habetur
2688 1598 2701 1621 ,
2745 1558 2887 1610 idem
2917 1566 3194 1627 oppugnat
3235 1572 3300 1610 ex
3332 1555 3560 1610 insidiis.

1987 1648 2182 1702 Metuis
2234 1665 2415 1717 porro,
2459 1664 2526 1701 ne
2556 1647 2939 1702 insidiantibus
2974 1647 3152 1717 praeda
3187 1647 3318 1711 liat;
3375 1643 3565 1714 quidni

1986 1750 2166 1793 autem
2191 1739 2434 1793 disertim
2462 1738 2742 1792 allirmas?
2785 1753 2980 1791 vereor
3005 1752 3074 1790 ne
3120 1738 3365 1791 desertor
3391 1737 3562 1788 nostri

1993 1831 2060 1883 ad
2103 1838 2286 1898 partes
2337 1843 2395 1882 se
2429 1829 2725 1882 transferat
2763 1827 3186 1892 insidiatorum;
3245 1839 3438 1878 vereor
3492 1839 3564 1878 nc

1987 1922 2340 1976 obliviscatur
2389 1921 2662 1983 amicitiae,
2692 1920 2963 1983 laborum,
3005 1918 3389 1981 certaminum,
3441 1931 3563 1982 qua:

1984 2029 2084 2084 pro
2123 2013 2343 2068 Christo
2372 2013 2704 2068 sustinemus
2747 2021 2801 2066 et
2829 2011 3086 2066 Ecclesia.
3137 2010 3262 2064 llzec
3291 2009 3382 2078 qui
3434 2024 3564 2077 pro-

1983 2103 2219 2168 nuntiat,
2248 2113 2304 2156 ct
2330 2112 2509 2156 metus
2539 2102 2623 2155 sui
2647 2116 2864 2156 causam
2900 2100 2978 2154 sic
3009 2100 3233 2162 revelat,
3262 2114 3380 2152 rem
3408 2113 3564 2151 suam

1983 2198 2093 2263 agit
2128 2194 2247 2268 sine
2282 2193 2551 2258 machina,
2605 2200 2660 2248 et
2697 2208 2823 2247 eum
2879 2191 3034 2245 facile
3067 2191 3276 2245 reducit
3307 2191 3361 2243 in
3416 2190 3562 2242 viam

1983 2296 2187 2340 rectam
2211 2286 2302 2354 qui
2333 2297 2416 2338 est
2442 2286 2497 2338 in
2533 2285 2712 2354 culpa,
2757 2293 2813 2338 et
2844 2299 2901 2337 se
2936 2284 2989 2335 in
3021 2282 3086 2336 iis
3113 2297 3260 2350 spem
3283 2295 3436 2333 suam
3465 2297 3562 2350 po-

1983 2393 2114 2432 nere
2170 2377 2432 2449 agnoscit,
2480 2393 2616 2446 quos
2645 2376 2872 2430 advocat
2907 2375 2964 2428 in
3011 2373 3292 2427 auxilium.
3341 2376 3412 2426 At
3466 2370 3562 2440 qui

1983 2486 2201 2526 scenam
2233 2471 2441 2534 statuit,
2482 2479 2537 2523 et
2573 2471 2625 2522 in
2678 2469 2820 2522 illam
2850 2467 3146 2522 introducit
3192 2475 3424 2528 actores,
3465 2465 3561 2533 qui

1982 2579 2244 2634 personas
2268 2562 2568 2617 maledictis
2598 2562 2894 2623 incessant,
2929 2576 3025 2630 pro
3058 2575 3220 2614 scena
3251 2574 3410 2628 quam
3441 2559 3561 2612 aliis

1983 2655 2287 2718 adornavit,
2312 2670 2431 2709 sese
2474 2654 2650 2708 induit
2687 2654 2743 2707 in
2766 2653 3160 2723 labyrinthum,
3191 2649 3355 2713 unde,
3413 2648 3560 2718 quod

1984 2745 2143 2801 facile
2179 2754 2424 2815 apparet,
2444 2760 2556 2799 non
2580 2744 2709 2799 licet
2737 2743 2990 2797 extricari
3018 2759 3032 2807 ;
3071 2741 3164 2795 sed
3208 2757 3237 2794 a
3258 2755 3364 2808 qua
3404 2750 3562 2809 parte

1984 2837 2106 2906 quis
2152 2836 2463 2907 prospicere
2526 2835 2842 2894 tentaverit,
2889 2843 3142 2888 occursat
3193 2830 3560 2903 eilabyrintbi

1984 2939 2237 2998 paratura
2272 2941 2368 2994 ;ut
2392 2929 2460 2982 ad
2491 2943 2574 2989 ea,
2618 2944 2740 2996 quae
2766 2927 2924 2980 allata
2959 2933 3105 2988 sunt,
3147 2939 3256 2976 non
3288 2923 3560 2987 attendas,

1983 3021 2027 3072 si
2064 3020 2241 3075 adhuc
2265 3037 2413 3075 nunc
2439 3020 2733 3074 amicitiam
2767 3017 3106 3083 reformides,
3133 3016 3261 3086 quid
3287 3030 3392 3068 non
3415 3016 3556 3068 illam

1981 3114 2193 3182 abjicis,
2217 3127 2340 3181 quae
2371 3113 2449 3166 sic
2481 3119 2531 3164 te
2562 3126 2656 3179 per
2682 3119 2850 3164 totam
2871 3119 3016 3164 tuam
3046 3109 3209 3163 vitam
3237 3109 3561 3181 exagitanda

1984 1391 2079 1427 Sllil
2116 1392 2130 1435 Σ,

303 3197 653 3286 μαργαρίτην
684 3198 887 3270 ἐξαίρει
942 3202 1041 3270 τῆς
1075 3202 1255 3266 αίτίας
1279 3203 1342 3254 τὸ
1388 3203 1594 3273 ἄψυχον
1615 3221 1628 3234 ·
1660 3206 1752 3258 τὸν
1781 3208 1876 3260 ἄν-

1985 3203 2239 3258 deludit?
2288 3201 2440 3267 Quod
2465 3202 2508 3256 si
2542 3201 2833 3270 aliquando
2871 3200 3204 3263 conﬁdebas,
3232 3216 3328 3252 cur
3354 3215 3462 3252 non
3505 3209 3561 3252 et

300 3283 520 3353 θρωπον
544 3287 602 3339 δὲ
634 3289 784 3341 οὐδὲν
810 3290 914 3352 ’ἐως
946 3291 1012 3344 ἂν
1045 3292 1328 3362 ἄνθρωπος
1357 3293 1518 3368 μένῃ,
1551 3297 1641 3348 καὶ
1675 3298 1772 3364 τῆς
1791 3297 1878 3350 ἐπ’

297 3376 462 3444 ἄμφω
531 3379 704 3449 ῥοπῆς
745 3379 968 3452 Κύριος.
1002 3383 1069 3433 Τί
1129 3384 1294 3450 ἄλλο;
1358 3388 1449 3457 Μὴ
1517 3388 1703 3454 νόμιζε
1755 3391 1880 3452 τοὺς

298 3466 487 3533 ἁγίους
521 3470 726 3540 ταύτην
759 3473 856 3542 τὴν
883 3473 1081 3528 δειλίαν
1112 3479 1330 3546 νοῆσαι⁹
1376 3480 1451 3548 μὴ
1483 3479 1547 3532 σύ
1575 3497 1660 3547 γε,
1689 3473 1733 3532 ὦ
1760 3481 1881 3550 βέλ-

296 3575 463 3625 τιστε,
505 3563 629 3633 μηδ’
656 3565 747 3616 ἐπὶ
770 3565 941 3636 ταύτῃ
987 3568 1229 3639 καθαρὸς
1259 3569 1478 3624 ἀπιέναι
1521 3572 1728 3640 μώμων
1751 3590 1766 3604 '
1806 3574 1881 3645 μὴ

295 3652 375 3705 ὅτι
415 3671 481 3722 γε
521 3657 802 3724 στεφάνων
837 3659 934 3712 σὺν
967 3661 1150 3724 αὐτοῖς
1177 3659 1486 3726 τεύξεσθαι.
1511 3664 1700 3729 Οὕτως
1720 3668 1881 3737 ἡμεῖς

297 3763 378 3800 σοι
413 3751 880 3820 προσφερόμεθα·
918 3752 1062 3806 οὕτω
1088 3755 1178 3807 καί
1201 3773 1257 3808 σε
1288 3757 1496 3827 πρέπον
1535 3759 1667 3826 ἡμῖν
1708 3777 1880 3830 προσ-

291 3837 596 3906 φέρεσθαιο
628 3841 1018 3913 ἐπιτιμηθῆναι
1048 3845 1164 3911 δεί;
1226 3845 1479 3915 καθαρῶς
1532 3849 1878 3919 ἐπιτίμησον.

290 3927 463 3983 Οὐδὲν
496 3931 747 3996 ἀπαίτει,
807 3935 942 4003 μηδὲ
975 3938 1114 4006 μετά
1144 3939 1341 4008 τέχνης
1369 3940 1660 3992 ἐπίϐαλλεο
1712 3943 1881 4011 ἀφορ-

293 4022 401 4089 μὰς
433 4021 755 4094 δεδώκαμεν
776 4027 1010 4092 δειλίας;
1052 4028 1255 4092 ταύτας
1277 4031 1542 4097 ὲπιδείξον
1565 4049 1578 4060 ⁸
1605 4034 1705 4086 οὐκ
1736 4035 1882 4104 ἔχεις

290 4115 496 4166 εἰπεῖν’
552 4115 690 4185 μηδὲ
721 4117 780 4168 ὲν
803 4118 1009 4188 ἐχθρῶν
1038 4117 1337 4190 προσώπῳ,
1368 4121 1489 4173 καθ’
1515 4123 1549 4191 ἡ
1561 4123 1676 4191 μῶν
1712 4124 1879 4196 ῥίπτῃ

286 4204 378 4256 τὸν
398 4205 632 4258 ὅνειδον·
672 4211 766 4259 καὶ
808 4209 978 4278 μυρία
1011 4208 1054 4260 δ’
1113 4208 1179 4262 ἂν
1209 4211 1494 4281 κατόψωιιτ⁹
1521 4214 1585 4266 ἄν
1618 4231 1722 4278 τις,
1773 4217 1881 4268 ἀπὸ

286 4297 395 4349 τῶν
427 4297 720 4368 ὑμετέρων
754 4300 1095 4373 γραμμάτων
1139 4302 1552 4371 προκύπτοντα*
1599 4306 1711 4359 ἀλλ’
1754 4305 1883 4369 ἴσως

285 4391 383 4440 καὶ
407 4389 592 4442 ταῦτα
614 4391 795 4451 πλέον,
820 4392 852 4462 ἢ
885 4395 1006 4444 κατ’
1031 4394 1319 4463 ἐπιστολῆς
1348 4396 1566 4465 νόμους.
1593 4397 1666 4449 Τὸ
1695 4397 1881 4452 λοιπὸν

287 4480 555 4550 ἀνδρίζου
599 4482 697 4549 τὴν
750 4483 956 4551 φιλίαν,
997 4487 1091 4537 καὶ
1139 4486 1369 4547 ἔκτεινε,
1421 4487 1517 4540 καὶ
1547 4489 1877 4543 κατευοδοῦ·

1985 3298 2038 3350 in
2079 3296 2357 3366 praesenti,
2397 3311 2491 3364 per
2536 3304 2736 3348 statum
2763 3308 2889 3346 eum
2929 3293 3020 3361 qui
3066 3300 3149 3345 est
3180 3302 3232 3344 et
3263 3292 3328 3344 de
3379 3292 3562 3344 futuro

1984 3389 2078 3442 tibi
2105 3387 2341 3457 acquiris
2368 3387 2762 3441 securitatem?
2789 3385 2892 3440 Sed
2921 3387 2987 3440 de
3018 3385 3178 3440 rebus
3203 3384 3562 3454 prmscntibus

1983 3479 2206 3533 minime
2256 3477 2478 3539 laetaris,
2517 3493 2636 3546 qua:
2679 3476 2971 3546 suspicaris
3020 3476 3219 3539 futura,
3249 3491 3358 3528 non
3406 3477 3562 3529 aliter

1983 3570 2176 3639 gemis,
2207 3584 2368 3639 quam
2400 3569 2445 3622 si
2482 3568 2672 3622 iisdem
2704 3567 3037 3622 constrictus
3059 3568 3341 3620 tenet-eris.
3367 3567 3562 3621 Adhuc

1983 3661 2156 3731 magis
2201 3671 2254 3714 te
2289 3669 2508 3715 accuset
2543 3657 2738 3726 aliquis
2767 3659 2837 3727 (is
2867 3658 3012 3712 enim
3043 3666 3256 3728 egomet
3288 3674 3394 3711 non
3443 3674 3562 3725 pm-

1984 3753 2140 3805 liteor
2183 3751 2326 3822 esse)
2375 3750 2521 3819 quod
2577 3759 2856 3818 utcunque
2894 3763 3003 3802 non
3041 3748 3208 3802 verbo
3263 3763 3322 3800 re
3378 3757 3560 3801 tamen

1982 3846 2099 3914 ipsa
2158 3845 2451 3914 profiteris,
2483 3859 2551 3897 ex
2591 3842 2658 3896 iis
2699 3857 2819 3912 quae
2860 3850 3087 3894 ventura
3121 3849 3269 3905 sunt,
3310 3841 3454 3908 quod
3511 3849 3568 3893 te

1984 3935 2335 3996 conturbant,
2366 3944 2419 3988 te
2453 3949 2523 3987 ne
2561 3932 2782 4002 quidem
2818 3930 3178 4000 przesentibus
3209 3929 3468 3982 adhibere
3496 3927 3562 3981 [i-

1981 4024 2124 4077 dem.
2159 4023 2239 4076 Tu
2258 4030 2461 4086 autem,
2486 4021 2657 4074 amice
2678 4020 2771 4085 mi,
2799 4036 2920 4089 quae
2953 4036 2982 4072 a
3011 4035 3097 4072 me
3120 4018 3396 4081 dicuntur,
3429 4018 3560 4072 sim-

1981 4115 2192 4185 pliciter
2247 4127 2301 4170 et
2331 4124 2516 4183 aperte
2573 4114 2736 4167 velim
2766 4111 3114 4178 consideres;
3155 4128 3266 4165 non
3303 4114 3562 4180 permitto

1983 4216 2036 4260 te
2064 4215 2211 4261 tuam
2237 4207 2468 4275 prodere
2490 4205 2857 4275 margaritam,
2887 4219 3009 4272 quae
3033 4213 3214 4257 tamen
3251 4202 3408 4257 facile
3437 4220 3563 4274 pro-

1982 4299 2036 4355 di
2066 4313 2176 4352 non
2229 4307 2406 4366 potest
2432 4314 2446 4361 ;
2480 4305 2565 4350 est
2593 4296 2706 4349 haec
2733 4303 2859 4348 ante
2889 4294 3033 4347 illam
3057 4294 3304 4350 acerbior
3329 4302 3385 4348 et
3431 4310 3562 4364 pro-

1981 4389 2149 4444 funda
2187 4389 2361 4459 magis
2393 4387 2647 4458 proditio.
2671 4383 2747 4437 Ne
2780 4394 2926 4440 tuam
2952 4385 3150 4454 prodas
3177 4385 3558 4455 margaritam;

1983 4480 2080 4534 sed
2106 4495 2208 4534 nec
2230 4481 2564 4534 insensatam
2588 4477 2748 4532 crede
2776 4477 2862 4530 vel
2884 4477 3240 4542 immobilem,
3263 4491 3366 4530 nec
3388 4476 3565 4530 hosti-

283 4573 416 4635 τοὺς
449 4573 727 4642 πειρατὰς
757 4574 854 4628 καὶ
877 4575 1171 4645 λοχῶντας,
1206 4579 1303 4631 καὶ
1323 4577 1376 4630 εί
1396 4595 1448 4631 τι
1474 4579 1604 4632 ἄλλο
1634 4598 1876 4652 κακουρ-

1983 4571 2019 4626 li
2048 4572 2342 4641 direptioni
2370 4571 2702 4641 expositam:
2735 4570 3031 4623 amicitiam
3065 4585 3133 4622 ne
3176 4571 3444 4632 metuito;
3479 4579 3567 4622 est

284 4663 384 4728 γὸν
414 4663 604 4731 γένος,
633 4665 712 4728 είς
731 4666 829 4737 τὴν
853 4667 952 4734 τῆς
979 4669 1240 4739 αίσχύνης
1258 4669 1494 4723 ἀπωθῶν
1517 4673 1611 4724 καὶ
1639 4673 1874 4742 βυθίζων

285 4754 577 4809 θάλασσαν
616 4771 630 4786 ο
669 4759 866 4810 σαυτὸν
894 4758 939 4810 δ’
968 4760 1176 4813 ἐκεῖθεν
1208 4761 1454 4828 ἀνάγων,
1495 4762 1587 4814 τὸν
1626 4765 1876 4835 λαμπρό-

282 4846 454 4899 τατόν
483 4863 577 4899 σου
598 4846 866 4917 λαμπρῶς
891 4850 1208 4920 περιφέρων
1236 4851 1583 4922 μαργαρίτην
1603 4867 1618 4883 ⁸
1642 4853 1745 4906 κᾶν
1768 4855 1878 4918 πᾶς

281 4938 580 5008 ὀφθαλμὸς
603 4940 739 5010 πρὸς
768 4940 930 4994 αὑτὸν
954 4941 1370 5012 ὲπιστρέψηται,
1397 4943 1430 5013 ἢ
1462 4943 1878 5016 ὲποφθαλμιῶν,

284 5031 318 5098 ἢ
355 5029 659 5083 ἀπολαύων
687 5031 780 5084 τοῦ
811 5031 1058 5098 κάλλους,
1093 5033 1214 5086 ὅλον
1262 5033 1406 5104 ἔχειν
1436 5037 1587 5105 παρά
1648 5039 1731 5090 σοὶ
1764 5039 1880 5091 κεί-

286 5137 463 5190 μενον
498 5121 706 5191 νόμιζε.
767 5123 953 5185 Ταῦτα
1015 5126 1226 5189 παίζων
1282 5125 1400 5196 ἆμα
1432 5129 1526 5179 καὶ
1561 5129 1879 5193 σπουδάζων

282 5211 522 5279 ἔγραψα
545 5225 559 5240 ⁸
591 5213 774 5276 παίζω
805 5216 922 5284 μὲν,
957 5215 1044 5269 ἵνα
1080 5217 1246 5287 γνῷς,
1304 5218 1381 5280 ὡς
1436 5221 1551 5272 ἐστὶ
1601 5221 1694 5272 καὶ
1749 5224 1880 5291 ἡμῖν

283 5306 942 5376 καταρρητορευομένοις
962 5309 1067 5362 ὑπὸ
1103 5311 1213 5364 τῶν
1267 5311 1621 5381 σφριγώντων
1650 5313 1748 5384 τὴν
1781 5317 1881 5385 ρη-

279 5395 512 5464 τορίαν,
545 5397 763 5469 ἀμύνης
813 5400 987 5471 ἀκμὴ,
1024 5401 1120 5454 καὶ
1148 5401 1306 5469 λόγος
1339 5403 1484 5457 λύων
1529 5407 1844 5475 σοφίσματα
1866 5424 1880 5437 ·

284 5486 620 5554 σπουδάζων
649 5491 726 5553 δὲ,
760 5492 847 5546 ἵνα
880 5494 1076 5564 μηκέτι
1105 5494 1276 5560 δειλὸς
1306 5492 1391 5568 ᾗς,
1418 5498 1546 5568 περὶ
1595 5492 1670 5550 ὧν
1713 5515 1876 5567 προσ-

1985 4665 2131 4720 enim
2158 4664 2318 4734 plane
2348 4662 2478 4717 illud
2522 4661 2720 4731 injuria
2752 4661 2838 4714 vel
2869 4661 3178 4718 metuentis,
3215 4660 3299 4712 vel
3351 4660 3418 4712 de
3451 4661 3566 4728 qui-

1981 4761 2084 4814 bus
2142 4758 2456 4811 metuimus.
2494 4753 2838 4823 Margaritam
2874 4753 3030 4821 culpa
3066 4751 3274 4816 eximit,
3300 4753 3444 4820 quod
3495 4753 3567 4807 sit

1984 4851 2348 4904 inanimatum
2397 4849 2529 4918 quid
2561 4845 2878 4910 ;honiincm
2909 4844 3048 4898 nihil
3101 4845 3302 4897 eximet
3326 4845 3565 4913 quandiu

1982 4949 2169 4996 manet
2208 4941 2392 5005 homo,
2450 4947 2507 4992 et
2543 4936 2798 4991 dominus
2829 4943 2915 4990 est
2954 4933 3322 4987 inclinationis
3353 4949 3465 4988 sua:
3509 4935 3568 4987 in

1983 5042 2272 5101 utramque
2319 5035 2551 5099 partem.
2581 5023 2789 5092 Ecquid
2825 5023 2972 5076 aliud
3012 5020 3220 5074 restat?
3251 5019 3368 5074 Noli
3409 5035 3565 5074 acce-

1981 5128 2114 5182 dere
2140 5131 2360 5178 sanctos
2389 5122 2538 5175 hunc
2556 5118 2803 5172 timorem
2825 5114 3176 5169 intellexisse.
3204 5113 3393 5183 Neque
3419 5113 3564 5167 enim

1983 5231 2044 5276 tu
2091 5221 2196 5274 hoc
2227 5216 2389 5271 modo
2432 5229 2462 5268 a
2493 5211 2919 5283 reprehensione
2972 5207 3231 5263 immunis
3273 5207 3510 5262 abiveris
3547 5225 3563 5272 ;

1984 5331 2087 5370 nec
2119 5327 2350 5368 coronas
2382 5325 2506 5364 cum
2546 5309 2649 5361 illis
2679 5317 3000 5360 communes
3039 5302 3425 5371 consequeris:
3478 5309 3564 5354 at-

1987 5421 2094 5476 que
2121 5405 2227 5458 hoc
2273 5401 2436 5456 modo
2462 5413 2562 5469 ego
2614 5405 2665 5450 te
2697 5396 2967 5449 allocutus
3000 5408 3158 5458 sum;
3200 5393 3273 5445 ita
3302 5400 3357 5446 et
3383 5401 3435 5445 te
3476 5406 3566 5444 me

1989 5499 2187 5568 alloqui
2245 5510 2342 5565 par
2369 5502 2498 5557 est;
2539 5491 2581 5546 si
2623 5489 2969 5558 correptione
3021 5501 3160 5557 opus
3199 5485 3290 5550 sit,
3350 5485 3565 5539 sincere

1591 5708 1829 5763 VARUE
1868 5703 2280 5763 LECTIONES.

369 5870 398 5898 ο
429 5863 524 5916 to.
555 5866 789 5935 ῥίπτεις.
