4024 6438
415 441 519 506 915
1549 445 1822 507 ΡΗΟΤΙΙ.
1851 448 2360 509 ΡΑΤΒΙΛΒΟΗΕ
2400 451 2505 512 CP.

413 556 680 629 corripias
711 557 875 613 velim
908 575 923 624 ;
956 558 1070 613 noli
1098 557 1305 628 aliquid
1333 558 1668 631 efﬂagitare;
1700 561 1812 616 noli
1842 561 2002 631 quid—

2130 564 2248 633 ἧκεν
2273 565 2645 636 ἀνδρίζεσθαι.
2687 567 2750 623 Ἦ
2779 568 2836 623 δὲ
2865 570 3310 642 παρακαταθήκη
3339 572 3428 644 (σὺ
3456 572 3513 628 δὲ
3543 573 3705 631 πάλιν

411 667 576 722 quam
612 651 905 708 artiﬁciose
933 651 1171 721 adjicere
1198 670 1213 718 ;
1255 652 1576 708 occasiones
1597 653 1998 708 meticulosita-

2130 653 2330 723 ῖειλία),
2367 656 2463 726 καὶ
2492 655 2727 720 σώζεται
2753 659 2848 712 καὶ
2872 658 3203 731 σωθήσεται.

411 749 480 804 tis
531 748 828 804 dedimus?
876 747 1040 802 hasce
1087 749 1289 815 revela,
1346 749 1442 804 sed
1493 749 1740 819 proferre
1785 750 2003 820 nequis.
2045 748 2165 805 Noli
2189 749 2356 823 igitur
2414 762 2744 822 personatus
2783 754 2955 810 hostis
2991 755 3046 810 in
3110 771 3200 811 me
3230 757 3704 826 exprobrationem

410 845 720 915 projicere:
751 864 982 918 quorum
1013 846 1147 902 satis
1187 854 1394 902 tantam
1427 845 1818 916 supellectilem
1857 861 1888 899 e
1922 845 2030 900 tuis
2103 845 2302 901 litteris
2350 848 2788 917 proreptantium
2825 849 3014 905 videre
3065 850 3234 917 licet;
3288 859 3344 904 et
3395 852 3512 907 haec
3565 851 3706 911 forte

412 935 662 1004 pluribus
711 953 875 1007 quam
943 937 1245 992 secundum
1295 939 1445 1009 leges
1489 936 1820 1007 epistolieas.
1859 937 2015 1002 Quod
2054 946 2245 1003 restat,
2314 937 2530 994 fortiter
2569 947 2722 993 tuere
2777 940 3105 1008 amicitiam;
3133 958 3252 996 eam
3279 943 3535 1006 extende,
3557 954 3705 1011 recta

412 1022 643 1087 incede;
680 1028 907 1097 piratas,
962 1028 1330 1090 insidiatores,
1366 1038 1423 1082 et
1478 1035 1708 1082 ueteres
1734 1026 2007 1083 maleficos
2045 1025 2360 1098 in'pudoris
2401 1030 2627 1101 pelagus
2689 1031 2951 1101 propelle,
2997 1041 3053 1087 et
3080 1033 3338 1106 demerge
3409 1035 3705 1106 profundo.

413 1115 619 1186 Expedi
671 1127 723 1173 te
776 1119 925 1186 inde,
972 1130 1028 1176 et
1067 1120 1408 1191 splendidam
1456 1121 1603 1175 illam
1655 1121 2004 1191 margaritam
2085 1130 2236 1177 tuam
2285 1123 2570 1193 splendide
2612 1123 2986 1187 cireumferto,
3056 1128 3248 1184 oculus
3295 1130 3608 1200 quicunque
3651 1129 3707 1183 in

413 1225 537 1266 eam
593 1220 966 1276 convertetur,
1015 1213 1100 1268 vel
1129 1213 1474 1283 lippitudine,
1511 1213 1597 1267 vel
1653 1228 1754 1268 sua
1797 1214 2206 1285 pulchritudine
2274 1214 2566 1283 fruiscens,
2626 1226 2681 1271 tu
2709 1231 2890 1274 tamen
2910 1219 3053 1288 apud
3083 1230 3135 1275 te
3189 1222 3493 1293 depositam
3527 1229 3713 1278 custo-

415 1305 574 1360 dito:
622 1303 740 1359 haec
787 1305 986 1376 partim
1039 1307 1204 1367 serio,
1247 1305 1445 1375 partim
1495 1308 1620 1376 joco
1669 1306 1886 1377 Scripsi.
1943 1306 2010 1360 Et
2049 1307 2173 1363 ideo
2231 1307 2455 1377 quidem
2515 1308 2691 1378 joeor,
2729 1318 2791 1364 ut
2830 1310 3099 1379 intelligas
3126 1313 3270 1382 apud
3333 1328 3420 1368 me
3472 1313 3714 1369 rhetori—

417 1406 634 1452 cantem
688 1412 810 1452 esse
841 1407 897 1453 et
931 1398 1112 1467 vigere
1154 1397 1374 1454 ultionis
1417 1399 1610 1464 aciem,
1651 1410 1707 1453 et
1756 1399 2002 1467 solvendi
2039 1400 2380 1471 sophismata
2444 1401 2712 1456 scientem
2753 1403 3020 1459 orationis
3066 1406 3202 1472 vim,
3267 1406 3335 1460 ab
3361 1405 3429 1462 iis
3459 1407 3708 1462 edoctam

417 1490 510 1560 qui
544 1489 917 1546 valentissime
946 1490 1385 1547 rhetoricantur:
1420 1492 1565 1548 serio
1606 1505 1791 1549 autem
1819 1495 2019 1559 scribo,
2062 1511 2135 1549 ne
2171 1494 2430 1567 deinceps
2474 1496 2552 1552 sis
2579 1497 2962 1562 meticulosus,
2996 1497 3086 1553 ubi
3136 1499 3315 1553 virum
3347 1507 3518 1559 temet
3571 1515 3715 1570 prie.

3599 458 3703 522 916

419 1595 566 1650 stare
614 1596 849 1660 oportet.
896 1586 1216 1666 Depositum
1245 1605 1376 1646 vero
1401 1590 1544 1662 apud
1589 1605 1676 1648 me
1709 1598 1886 1659 tuum,
1941 1600 1996 1648 et
2034 1601 2289 1648 servatur
2329 1602 2408 1658 et,
2444 1592 2556 1648 noli
2588 1601 2859 1660 metuere,
2882 1594 3213 1650 servabitur.

1050 1725 1272 1784 EPIST.
1311 1728 1378 1786 Ε.

1114 1817 1321 1874 Eidem.

2734 1734 2960 1788 ΕΠΙΣΤ.
2996 1735 3075 1790 P'.

2767 1825 2852 1890 Τῷ
2885 1824 3068 1890 αὐτῷ.

1657 1941 1935 1993 Monlaeut.
1965 1941 2071 2004 (ep.
2095 1942 2207 2003 2M,
2229 1955 2280 2005 p.
2309 1940 2443 2002 57f).

492 2035 608 2092 Nec
653 2052 873 2094 scenam
899 2055 1000 2114 ego
1028 2056 1133 2101 nec
1170 2041 1444 2103 theatrum
1477 2045 1580 2100 sub
1607 2045 1707 2101 alis
1737 2047 1875 2102 meis
1920 2064 2012 2120 ge-

423 2137 578 2184 stans
602 2132 912 2204 prodigiose
952 2150 1072 2189 sum
1104 2135 1322 2192 locutus
1355 2153 1371 2202 ;
1403 2137 1498 2192 sed
1523 2139 1668 2209 quod
1693 2155 1914 2213 aequum
1949 2150 2008 2196 et

419 2221 631 2297 justum
657 2223 779 2291 fuit,
827 2225 999 2283 libere
1030 2245 1130 2300 pro
1162 2230 1394 2285 veritate
1451 2232 1712 2298 constiti;
1754 2248 1855 2304 ego
1901 2248 2014 2291 non

424 2325 618 2370 contra
648 2317 874 2382 amicos,
903 2319 1000 2374 sed
1023 2329 1080 2375 et
1108 2336 1212 2377 nec
1242 2330 1431 2378 contra
1465 2323 1651 2378 hostes
1683 2325 1808 2388 tela,
1831 2340 2014 2392 arcus,

423 2407 558 2462 belli
582 2409 807 2465 ordines
835 2411 1048 2467 institui
1079 2458 1093 2479 ,
1139 2414 1321 2469 nullos
1349 2416 1558 2478 hostes,
1588 2417 1806 2487 clypeos
1843 2419 2022 2473 nullos

425 2500 694 2556 somniavi
723 2518 739 2569 ;
790 2511 852 2558 ut
881 2505 1060 2560 solent
1089 2505 1185 2572 illi,
1213 2505 1307 2576 qui
1344 2522 1466 2562 eum
1499 2523 1627 2562 aere
1669 2508 2020 2579 depugnant;

425 2593 525 2648 sed
553 2593 727 2650 libere
753 2595 969 2651 locutus
1003 2613 1123 2652 sum
1158 2614 1256 2668 pro
1289 2599 1499 2656 amicis.
1535 2600 1692 2668 Quod
1725 2602 1770 2657 si
1811 2602 1908 2657 tibi
1937 2618 2026 2657 ar-

426 2687 594 2756 ridet,
636 2700 693 2743 ut
728 2691 797 2744 ab
829 2673 1106 2746 ulceribus
1142 2691 1259 2746 suis
1308 2691 1546 2748 Lazarus
1578 2693 1863 2759 liberetur,
1899 2695 2023 2765 qui-

427 2781 533 2839 bus
556 2781 924 2847 conﬂictatur,
954 2800 1057 2839 nec
1084 2785 1347 2855 deinceps
1377 2786 1446 2840 ab
1486 2787 1554 2840 iis
1583 2787 1890 2841 molestiam
1928 2803 2024 2858 pa-

429 2874 603 2929 tiatur
638 2891 653 2940 ;
679 2876 723 2930 si
745 2891 964 2932 omnem
994 2877 1260 2933 ﬂuctuum
1307 2879 1678 2949 ingruentium
1708 2880 1819 2934 vim
1850 2879 1905 2934 in
1934 2895 2027 2935 ca-

427 2975 530 3038 put
555 2967 850 3038 pirataram
869 2981 1176 3034 convertas,
1201 2980 1316 3026 tum
1334 2971 1554 3026 demum
1567 2988 1717 3028 mare
1730 2974 1851 3028 vitae
1869 2974 2026 3029 istius

427 3058 549 3120 sine
565 3070 714 3116 metu
733 3061 1285 3134 licetnavigare.Vide
1300 3073 1504 3130 autem,
1525 3065 1668 3134 quod
1685 3080 1785 3137 ego
1801 3067 2028 3122 minime

430 3152 529 3208 tibi
562 3141 790 3209 insidias
837 3164 1045 3210 struam
1072 3173 1170 3226 per
1207 3159 1311 3214 hoc
1358 3161 1668 3230 exemplum
1699 3178 1714 3228 ;
1745 3176 1849 3216 nec
1889 3160 2030 3215 indi-

2188 2046 2326 2100 Οῦτε
2353 2045 2559 2118 σκηνὴν
2587 2045 2680 2103 καὶ
2707 2044 2934 2117 Θέατρον
2957 2046 3062 2103 ὑπὸ
3093 2046 3270 2117 μάλης
3308 2047 3565 2119 φέροντες
3587 2051 3716 2104 ἐτε.

2122 2138 2524 2215 ρατευσάμεθα·
2583 2139 2768 2210 δικαίᾳ
2814 2139 2870 2192 δὲ
2903 2139 3077 2208 λόγων
3112 2140 3398 2212 ἐλευθερίᾳ
3449 2143 3551 2212 τῆς
3581 2143 3723 2214 ἄλη.

2122 2233 2274 2297 θείας
2303 2234 2650 2306 προέστημεν
2671 2247 2685 2262 ·
2715 2231 2839 2286 οὔτε
2874 2233 3016 2288 κατὰ
3043 2233 3236 2302 φίλων,
3281 2234 3399 2287 ἀλλ’
3433 2235 3554 2289 οὐδὲ
3585 2236 3718 2290 κατ’

2123 2324 2334 2397 ἐχθρῶν
2363 2324 2724 2396 ὡπλισάμεθα
2753 2324 2879 2396 βέλη
2907 2326 3003 2378 καὶ
3028 2326 3160 2390 τόξα
3209 2327 3306 2381 καὶ
3341 2327 3682 2398 παρατάξεις
3700 2344 3715 2361 ο

2122 2417 2215 2469 καὶ
2245 2415 2535 2486 πολεμίους
2569 2417 2664 2471 καὶ
2693 2416 2928 2480 ἀσπίδας
2960 2416 3401 2488 ὀνειρώττοντες,
3440 2417 3638 2488 ὥσπερ
3667 2419 3720 2471 oi

2121 2508 2262 2579 πρὸς
2293 2509 2434 2579 ἀέρα
2457 2509 2822 2572 πυκτεύοντες
2849 2526 2862 2541 ο
2916 2509 3032 2563 ἀλλ’
3072 2510 3214 2580 ὑπὲρ
3259 2511 3428 2580 φίλων
3464 2513 3719 2582 ὲπαρρηη

2125 2600 2454 2670 σιασάμεθα.
2487 2601 2553 2656 Ei
2581 2599 2762 2671 βούλει
2785 2600 2863 2666 δὲ,
2900 2600 2996 2653 καὶ
3026 2601 3112 2654 ἵνα
3137 2604 3164 2655 ὁ
3186 2601 3436 2673 Λάζαρος
3470 2602 3720 2658 ἀπαλλα-

2122 2695 2194 2764 γῇ
2221 2693 2315 2746 τοῦ
2347 2692 2798 2763 παραλυποῦντος
2856 2692 3070 2756 ἕλκους,
3124 2694 3222 2747 κα)⁵
3276 2693 3552 2766 ἁνὼτερος
3616 2695 3716 2749 τοῦ

2121 2783 2461 2853 διοχλοῦντος
2492 2784 2742 2852 γένηται,
2773 2786 2955 2840 πᾶσαν
3003 2785 3264 2855 κυμάτων
3310 2787 3579 2857 ἐπιφορὰν
3637 2787 3718 2850 είς

2123 2876 2222 2940 τὰς
2253 2875 2363 2928 τῶν
2397 2877 2675 2946 πειρατῶν
2705 2876 2950 2946 κεφαλὰς
2993 2877 3447 2950 ὲπαναστρέφων,
3478 2878 3572 2933 καὶ
3607 2877 3722 2932 λοιο

2126 2970 2228 3024 πὸν
2255 2969 2425 3033 ἀδεῶς
2453 2969 2700 3024 διαπλὲοι
2729 2969 2822 3023 τοῦ
2850 2970 2967 3041 βίου
3005 2970 3105 3042 τὴν
3135 2971 3431 3025 θάλασσαν.
3479 2971 3594 3024 Καὶ
3621 2972 3722 3041 ὅρα

2125 3059 2202 3124 ὡς
2227 3060 2326 3130 οὐχ
2351 3059 2688 3114 ἐπιδουλεύω
2705 3059 2782 3131 τῷ
2799 3061 3226 3132 παραδείγματι,
3249 3063 3370 3115 οὐδὲ
3397 3063 3726 3131 περιτρὲπιυ

2127 3151 2225 3204 τοῦ
2249 3151 2594 3222 κεχρημένου
2622 3149 2682 3202 τὸ
2705 3149 2979 3220 βούλημα,
3003 3151 3094 3203 τὸν
3118 3151 3375 3204 πλούσιον
3393 3151 3722 3214 ὲπιστένων,

429 3245 609 3316 gentis
637 3247 972 3303 voluntatem
1007 3250 1284 3314 subverto,
1320 3267 1444 3307 cum
1475 3252 1764 3324 gemitibus
1793 3253 2019 3308 divitem

2130 3243 2223 3296 καὶ
2252 3243 2351 3313 τὴν
2378 3243 2647 3314 ἄστηκτον
2668 3242 2849 3313 δίψαν,
2888 3243 3068 3296 καὶτὸ
3101 3243 3289 3314 χάσμα
3309 3283 3324 3308 ,
3359 3245 3455 3295 καὶ
3487 3242 3548 3295 τὸ
3586 3241 3722 3311 πῦρ.

427 3352 749 3410 prosequor,
803 3351 859 3396 et
910 3341 1056 3397 sitim
1111 3344 1644 3414 inexstinguibilem,
1687 3355 1744 3400 et
1790 3347 2015 3400 chasma

428 3430 584 3496 illud,
643 3441 700 3487 et
742 3434 920 3504 ignem
957 3478 971 3502 ,
1005 3445 1060 3491 et
1095 3447 1384 3493 tormenta.
1444 3437 1561 3493 Non
1599 3439 1744 3494 enim
1786 3453 1817 3493 a
1864 3449 2017 3510 parte

429 3524 704 3580 deteriore
735 3527 1069 3598 (quanquam
1096 3538 1246 3585 recte
1292 3540 1348 3586 tu
1381 3531 1512 3585 illud
1542 3531 1596 3585 in
1639 3547 1836 3586 manus
1865 3547 2018 3587 sum-

429 3618 649 3691 pseris),
683 3621 777 3677 sed
825 3623 881 3680 in
931 3622 1156 3680 meliore
1185 3623 1460 3689 sumitur;
1503 3625 1737 3683 arbitror
1786 3641 1875 3680 me
1907 3643 2016 3682 non

432 3711 633 3767 frustra
689 3729 909 3784 operam
963 3716 1181 3775 dedisse
1212 3717 1447 3776 libertati
1499 3717 1698 3788 linguae
1731 3735 1746 3785 ;
1778 3719 1924 3788 quod
1973 3719 2019 3772 si

431 3803 564 3858 mihi
619 3804 796 3859 virum
844 3806 1236 3865 amicissimum
1281 3808 1524 3863 nancisci
1573 3809 1798 3880 contigit
1853 3808 2020 3882 (quod

432 3911 464 3949 a
499 3905 552 3950 te
593 3898 857 3966 scriptum
905 3899 1102 3968 gaudio
1133 3915 1221 3958 me
1253 3901 1485 3974 replevit
1533 3910 1590 3956 et
1631 3901 1874 3973 laetitia),
1928 3902 2021 3973 qui

434 3988 781 4046 timiditatem
817 4007 924 4061 qua
957 3992 1096 4049 male
1147 3994 1499 4062 premebatur
1528 3994 1683 4066 longe
1706 4011 1736 4048 a
1760 4010 1819 4050 se
1843 4011 2024 4050 remo-

433 4080 535 4146 vit,
561 4082 681 4152 ejus
707 4089 889 4145 autem
919 4083 1038 4139 loco
1071 4084 1232 4156 elegit
1253 4085 1355 4141 sibi
1387 4087 1636 4146 moribus
1655 4087 1770 4141 suis
1797 4098 1852 4142 et
1879 4097 2025 4142 recte

435 4173 598 4229 factis
618 4190 911 4246 congruam
948 4185 1003 4232 et
1041 4192 1406 4248 congenerem
1446 4177 1864 4247 fortitudinem;
1903 4181 2026 4250 qui-

437 4282 546 4337 que
569 4268 771 4337 piratas
801 4268 922 4323 illos
951 4285 1076 4326 cum
1111 4273 1226 4326 suis
1257 4271 1504 4328 artificiis
1526 4281 1582 4328 et
1611 4274 2028 4330 machinamen-

439 4359 511 4414 tis
538 4359 812 4428 profundo
835 4361 1116 4418 demersos
1138 4365 1342 4427 obruit,
1377 4365 1497 4434 ipse
1545 4375 1736 4421 autem
1772 4367 2028 4422 onmibus

439 4453 710 4509 malorum
784 4464 1073 4511 ventorum
1138 4456 1356 4514 ﬂatibus
1415 4469 1472 4516 et
1537 4459 1792 4518 ﬂuctibus
1853 4477 2030 4533 super

440 4554 685 4610 exstans,
721 4561 819 4616 spe
845 4562 906 4602 se
935 4546 1091 4609 fulcit
1119 4557 1174 4604 et
1214 4551 1474 4608 sublimat
1507 4551 1670 4608 bona.
1704 4552 1834 4608 llaec
1866 4567 2030 4622 porro

2120 3336 2217 3394 καὶ
2243 3335 2342 3407 τὴν
2377 3334 2629 3406 βάσανον.
2663 3336 2738 3388 Οὐ
2768 3335 2877 3406 γὰρ
2906 3338 2971 3388 ἐκ
2998 3334 3093 3388 τοῦ
3129 3335 3374 3406 χείρονος
3395 3335 3532 3405 (ἀλλ’
3593 3333 3725 3404 εὖτέ

2123 3447 2207 3484 σοι
2233 3427 2736 3501 μεταχειριζομένῳ
2758 3429 2900 3482 κατὰ
2915 3427 2977 3480 τὸ
2999 3427 3207 3497 βέλτιον
3229 3427 3533 3497 εἴληπται),
3557 3425 3722 3498 οἶμαι

2119 3522 2166 3581 δ’
2191 3522 2263 3586 ὡς
2294 3521 2416 3577 οὐδὲ
2452 3522 2632 3593 μάτην
2661 3523 2694 3592 ἡ
2724 3520 3029 3590 παρρησία,
3055 3521 3149 3573 καὶ
3179 3521 3241 3573 τὸ
3289 3519 3578 3590 ἐλεύθερον
3621 3520 3724 3588 τῆς

2121 3613 2369 3686 γλώττης
2401 3629 2492 3682 μοι
2525 3612 2962 3669 διεσπούδασται.
2994 3612 3062 3664 Εί
3091 3629 3156 3681 γε
3184 3611 3276 3665 τὸν
3317 3612 3576 3681 φίλτατον
3607 3611 3724 3681 ἔχοι

2127 3725 2225 3778 μεν
2255 3708 2350 3779 (ὡς
2375 3711 2472 3763 καὶ
2501 3709 2566 3762 σὺ
2598 3708 2840 3779 γράφεις
2865 3709 3041 3780 χαρᾶς
3064 3707 3215 3778 ἡμᾶς
3249 3709 3344 3760 καὶ
3374 3707 3719 3776 εὐφροσύνης

2125 3799 2377 3871 πληρῶν)
2427 3800 2827 3871 παρωσάμενον
2879 3801 2977 3871 μὲν
3032 3801 3136 3870 τὴν
3199 3798 3501 3869 οὐδαμόθεν
3573 3795 3718 3867 αὐτῷ

2127 3894 2515 3965 προσήκουσαν
2538 3893 2778 3961 δειλίαν,
2811 3894 3172 3964 ἀνθελόμενον
3219 3893 3276 3946 δὲ
3328 3891 3428 3964 τὴν
3478 3890 3722 3961 συγγενῆ

2125 3985 2235 4038 τῶν
2272 3985 2449 4040 ἄλλων
2491 3985 2710 4057 τρόπων
2768 3987 2863 4040 καὶ
2909 3985 3354 4056 κατορθωμάτων
3411 3983 3679 4055 ἀνδρείαν
3707 3997 3720 4011 ·

2127 4081 2222 4136 καὶ
2250 4079 2400 4151 βυθῷ
2435 4081 2534 4151 μὲν
2578 4082 2707 4145 τοὺς
2762 4081 3051 4151 πειρατὰς,
3103 4081 3296 4144 αὐταῖς
3327 4083 3603 4151 μηχαναῖς
3634 4079 3727 4132 καὶ

2127 4172 2348 4242 τέχναις
2376 4172 2477 4242 τῆς
2508 4169 2660 4240 σφῶν
2697 4170 3004 4242 βδελυρίας,
3028 4169 3399 4223 ὲπικλύσαντα
3426 4185 3441 4200 ο
3478 4167 3647 4228 αὑτὸν
3670 4165 3729 4217 δὲ

2130 4265 2314 4334 πάσης
2341 4263 2637 4335 τρικυμίας
2670 4262 2923 4334 πονηρῶν
2981 4261 3433 4333 ὑπερανασχόντα
3476 4258 3730 4330 πνευμά-

2131 4373 2264 4422 των,
2284 4357 2378 4410 καὶ
2409 4359 2533 4418 ταῖς
2557 4354 2751 4418 καλαῖς
2773 4354 2986 4408 ἐλπίσιν
3006 4355 3374 4424 γεγενημένον
3404 4355 3730 4423 μετάρσιον.

2135 4445 2218 4501 Τὰ
2252 4447 2349 4515 μέν
2377 4463 2462 4498 τοι
2491 4445 2913 4516 παραδείγματα
2939 4444 2999 4497 οὐ
3042 4443 3141 4514 μὲν
3187 4439 3282 4496 οὖν
3313 4443 3375 4494 οὐ
3414 4440 3730 4509 κεκακούρ-

2135 4557 2302 4611 γηται
2330 4539 2462 4610 παρ’
2494 4539 2672 4610 ⁴ἡμῶν,
2713 4536 2830 4592 ἀλλ’
2861 4537 2948 4590 ἵνα
2991 4537 3066 4608 μὴ
3106 4535 3526 4606 κακουργῆται,
3565 4532 3729 4600 λόγον

439 4635 688 4706 exempla
744 4652 1089 4709 nequaquam
1126 4640 1266 4703 mala
1315 4649 1498 4697 mente
1529 4658 1558 4696 a
1598 4658 1687 4698 me
1733 4642 2024 4712 proferun-

2131 4635 2456 4704 ἀπείληφεν.
2487 4631 2552 4688 Τί
2573 4649 2636 4700 γε
2664 4631 2844 4700 λέγω;
2877 4631 2966 4684 ἵνα
2993 4633 3066 4701 μή
3094 4647 3178 4693 τις
3213 4630 3399 4699 πηγὴν
3430 4629 3528 4682 καὶ
3554 4642 3728 4679 ποτα-

441 4735 553 4792 tur,
605 4739 664 4784 et
718 4745 790 4783 ne
844 4731 984 4791 male
1050 4733 1321 4798 multent,
1379 4733 1645 4788 rationem
1711 4733 1890 4788 inivi:
1942 4733 2030 4789 illa

439 4829 628 4876 autem
665 4837 918 4891 quaenam
949 4831 1033 4878 est
1061 4823 1190 4880 ?Ne
1207 4825 1329 4894 quis
1357 4823 1590 4890 scilicet,
1620 4823 1825 4879 fontem
1846 4834 1902 4879 et
1930 4823 2032 4878 ﬂu-

443 4912 593 4972 vium
640 4930 673 4968 a
716 4925 911 4970 natura
942 4915 1156 4974 sincera
1189 4915 1244 4978 in
1283 4917 1590 4984 exemplum
1620 4915 1846 4971 trahens
1901 4915 2032 4986 (quo

447 5011 602 5057 tuum
653 5014 708 5060 te
759 5005 973 5075 lapsum
1013 5007 1286 5064 sustinere
1321 5021 1483 5078 posse
1521 5006 1772 5077 exemplo
1825 5004 2031 5076 putas),

446 5095 651 5153 deinde
681 5106 908 5164 metuat,
943 5114 1015 5153 ne
1047 5099 1148 5155 sibi
1173 5099 1452 5161 veneratio
1479 5098 1772 5164 dilabatur,
1800 5107 1896 5152 aut
1938 5097 2034 5152 de-

445 5191 625 5260 ploret
647 5197 900 5260 tanquam
940 5192 1008 5246 ab
1035 5192 1154 5248 aliis
1180 5209 1279 5263 per
1310 5193 1514 5249 rivulos
1536 5193 1794 5255 deducta,
1824 5192 2035 5261 dispar—

449 5292 540 5342 eat
574 5301 588 5336 :
622 5298 725 5339 nec
752 5283 946 5340 metuit
973 5299 1044 5338 ne
1084 5285 1376 5354 aliquando
1422 5299 1613 5342 ansam
1644 5283 1752 5339 illis
1778 5283 1872 5338 det
1931 5281 2033 5338 sibi

447 5374 819 5447 applaudcndi
863 5375 933 5430 de
963 5374 1131 5441 furto,
1157 5377 1252 5445 qui
1303 5376 1639 5437 utauferant
1684 5375 2031 5441 insidiantur,

449 5477 546 5522 aut
570 5467 806 5536 negligat
841 5466 1213 5534 insidiatores,
1255 5468 1453 5536 quibus
1479 5468 1531 5521 id
1572 5469 1629 5520 in
1655 5466 1796 5524 votis
1817 5474 1920 5530 est,
1975 5474 2036 5524 ut

448 5565 728 5612 amatores
752 5558 898 5626 justa
932 5555 1194 5610 fruitione
1223 5556 1571 5611 defraudem.
1602 5555 1729 5612 Haec
1755 5573 1856 5612 nos
1879 5556 2034 5611 senili

448 5647 679 5703 consilio
724 5648 1027 5703 secundum
1072 5648 1361 5703 veritatem
1397 5648 1651 5714 diximus,
1680 5665 1792 5705 non
1852 5657 2036 5706 autem

450 5741 763 5797 ostentandi
792 5755 891 5796 nos
936 5739 1128 5812 gratia,
1157 5748 1251 5796 aut
1271 5751 1330 5794 ut
1351 5741 1586 5811 juvenes
1615 5743 1814 5807 solent,
1859 5741 2033 5796 disse-

454 5833 687 5894 ruimus.
733 5831 1022 5899 Quocirca,
1058 5847 1168 5888 non
1198 5833 1398 5887 hortati
1441 5848 1632 5888 sumus
1659 5842 1720 5888 ut
1757 5835 2035 5888 abrenun-

459 5923 562 5987 tias
613 5925 864 5984 amicitiae
918 5924 1102 5997 (absit,
1145 5933 1203 5980 ut
1237 5926 1421 6000 aliqua
1447 5926 1737 5984 rhetoricae
1799 5925 2034 5997 gravitas

2137 4728 2262 4798 μὸν,
2291 4727 2386 4780 ἐπὶ
2417 4726 2516 4796 τῆς
2550 4724 2832 4795 ἀκηράτου
2855 4723 3072 4806 φύσεως
3102 4722 3414 4791 ὑπόδειγμα
3450 4717 3638 4774 λαϐὼν
3667 4715 3730 4786 (ὃ

2133 4821 2228 4874 καὶ
2258 4820 2318 4872 τὸ
2346 4818 2436 4872 σὺν
2464 4818 2679 4888 ἀνέχειν
2711 4815 3019 4886 ὑπείληφας
3051 4811 3489 4885 παρολίσθημα),
3530 4810 3726 4863 ἔπειτα

2133 4914 2194 4965 τὸ
2233 4911 2307 4983 μὴ
2340 4910 2669 4982 διαρρυῆναι
2698 4909 2848 4977 αὐτῷ
2872 4908 2934 4961 τὸ
2959 4906 3123 4971 σέϐας
3146 4907 3320 4976 δειλιᾷ
3341 4923 3354 4937 ο
3381 4905 3505 4977 μηδ’
3528 4904 3603 4966 ὡς
3629 4899 3721 4969 ὑφ’

2133 5005 2340 5075 ἐτέρων
2363 5002 2834 5074 παροχετούμενον
2854 4995 3218 5069 κατοδύρηται
3242 5017 3258 5032 ο
3320 5001 3444 5071 μηδ’
3478 4998 3592 5068 ἔχοι
3623 4996 3727 5064 φό-

2136 5101 2248 5163 ϐον,
2279 5099 2355 5162 ὡς
2375 5101 2490 5161 τοῖς
2510 5095 2852 5167 ὲνεδρεύουσί
2874 5113 3004 5148 ποτε
3026 5095 3143 5165 δοίη
3172 5093 3438 5164 κρατῆσαι
3460 5091 3560 5162 τὴν
3585 5089 3733 5142 axu-

2136 5210 2222 5245 σιν
2248 5207 2262 5222 °
2297 5191 2330 5261 ἢ
2364 5189 2491 5253 τοὺς
2517 5189 2791 5259 λοχῶντας
2841 5185 3187 5258 περιόψεται,
3223 5185 3550 5252 ἀποστερεῖν
3607 5181 3734 5232 ἑπι-

2135 5283 2454 5355 χειροῦντας
2481 5281 2581 5344 τὰς
2608 5280 2848 5350 ἐραστὰς
2875 5280 3045 5332 αὑτοῦ
3090 5277 3192 5348 τῆς
3233 5276 3449 5339 δικαίας
3480 5272 3739 5328 ἀπολαύ-

2137 5390 2296 5435 σεως.
2323 5371 2512 5436 Οὕτως
2545 5371 2708 5441 ἡμεῖς
2739 5366 3126 5439 πρεσϐυτικῶς
3149 5384 3213 5420 τε
3255 5367 3352 5421 καὶ
3382 5365 3737 5436 φιλαλήθως,

2136 5465 2374 5518 ἀλλὀὐκ
2403 5462 2806 5526 ἐπιδεικτικῶς,
2839 5460 2962 5514 οὐδὲ
3021 5459 3164 5515 κατὰ
3207 5460 3550 5522 νεανίσκους,
3602 5457 3746 5529 περὶ

2135 5551 2213 5613 ὧν
2243 5556 2433 5628 ἐχρῆν,
2457 5555 2831 5625 διεξήλθομεν.
2864 5554 3065 5626 Διόπερ
3088 5553 3210 5607 οὐδὲ
3231 5552 3330 5623 τὴν
3355 5550 3538 5622 φιλίαν
3576 5550 3744 5619 ῥίψαι

2137 5650 2311 5720 προῦτ
2323 5649 2570 5720 ρέψαμεν
2605 5648 2704 5717 (μή
2740 5665 2834 5717 μοι
2865 5648 3078 5713 γένοιτο
3107 5646 3184 5717 μὴ
3211 5644 3356 5698 οὕτω
3395 5644 3492 5714 τῆς
3523 5641 3745 5712 πολλῆς

2135 5743 2295 5814 ἡμῶν
2325 5743 2632 5812 ἁπλότητος
2681 5741 2743 5794 τὸ
2776 5740 2952 5794 δεινὸν
2981 5741 3080 5810 τῆς
3121 5739 3380 5810 ρητορίας
3421 5752 3740 5805 κατεντρυ-

2137 5836 2338 5906 φάτω).
2373 5834 2488 5887 ἀλλ’
2539 5835 2662 5904 ἥτις
2716 5834 2836 5886 ἐστὶ
2878 5833 3004 5896 τοὺς
3062 5833 3248 5901 φίλους
3281 5830 3580 5895 παίζουσα,
3613 5829 3743 5898 ἣτις

2141 5931 2465 5998 σαλεύουσαι,
2501 5926 2716 5999 ἐκείνην
2751 5925 3177 5994 ἀποτείσασθαι,
3217 5925 3432 5996 ἐκείνην
3468 5919 3676 5994 ῥίψαν
3712 5919 3756 5993 η
