4024 6424
313 365 415 430 917

1468 366 2006 428 EPISTOLARUM
2049 367 2279 428 LIBER
2312 369 2395 428 ΙΙ.

3468 364 3571 427 918

312 484 373 536 τό
398 498 465 551 γε
496 481 695 551 ἑαυτῆς
728 481 893 552 μέρος
927 482 1272 553 προαπέστη,
1326 484 1422 537 καὶ
1466 484 1855 538 καταλέλοιπεν
1876 498 1889 513 '

2004 486 2074 538 sic
2102 484 2434 554 simplicitati
2494 497 2626 535 mea:
2655 481 2925 550 insultet),
2949 482 3044 536 sed
3076 481 3151 535 illi
3180 482 3431 535 nuntium
3486 498 3575 535 re-

312 574 532 643 ὲκείνην
564 574 638 644 μὴ
662 574 853 644 φέρειν
875 574 1040 644 ἄχθος
1075 574 1323 645 μάταιον,
1365 577 1681 647 τὴνγλόγοις
1735 577 1897 647 μόνον

312 666 702 736 ἐπιμειδιῶσαν
722 684 737 698 ·
789 668 938 737 ἔργῳ
979 668 1036 721 δὲ
1064 668 1125 722 τὸ
1156 668 1478 739 σκυθρωπὸν
1502 670 1597 722 κα)⁸
1625 668 1724 739 τὴν
1764 685 1895 721 κατ-

313 760 513 828 ήφειαν
535 758 675 828 μετὰ
704 760 809 811 τῶν
830 759 1041 829 ἐχθρῶν
1066 759 1529 823 συσκευάζουσαν.
1556 760 1636 815 Τὰ
1666 762 1708 814 δ’
1736 760 1894 823 ἄλλα,

313 849 504 920 ῶσπερ
529 850 755 920 ᾔτησας,
787 850 1059 920 πτέρυγες
1089 851 1271 920 φιλίας
1310 852 1590 921 ἥρπασαν,
1630 853 1723 905 καὶ
1758 869 1894 922 προ-

315 938 462 1001 νοίας
496 940 819 1008 περιέπουσι
850 940 1083 1011 θάλαμοι
1110 984 1125 1006 ,
1158 940 1256 994 καὶ
1303 940 1611 1012 οἱκειοῦμαι
1644 940 1710 993 τὰ
1744 939 1852 1009 ἐμά
1878 955 1891 968 ·

2000 574 2353 635 mittendum,
2418 587 2539 641 quae
2567 571 2744 627 illudit
2790 571 2997 627 amicos
3024 612 3039 636 ,
3079 587 3201 641 qua:
3244 570 3465 627 ﬂuctuat
3521 582 3579 629 et

1997 664 2215 720 vacillat
2246 680 2261 729 ;
2323 663 2468 717 illam
2494 662 2848 731 rejiciendam
2879 677 3020 728 esse,
3060 677 3182 732 qua:
3210 663 3353 731 quod
3403 663 3579 732 ipsam

1998 764 2230 826 spectat,
2287 754 2400 825 jam
2450 754 2679 809 recessit
2708 763 2763 809 et
2796 754 3010 824 reliquit
3059 753 3266 819 sedem,
3292 768 3417 808 cum
3469 769 3581 809 non

1998 856 2144 902 esset
2172 846 2327 901 oneri
2382 844 2705 900 sustinendo
2738 861 2855 915 par,
2887 861 3006 915 quae
3040 847 3221 901 verbis
3264 856 3423 901 tenus
3444 848 3587 901 arri-

1997 940 2090 994 det
2121 948 2330 993 tantum
2355 978 2369 1001 ,
2410 953 2471 993 re
2496 946 2677 991 autem
2720 937 2835 1007 ipsa
2882 953 2981 1008 per
3012 939 3357 993 tetricitatem
3384 952 3439 993 et
3488 939 3583 993 de-

314 1032 406 1084 καὶ
437 1031 622 1084 ούκέτι
648 1032 840 1102 δέομαι
875 1034 1207 1103 φαρμάκων,
1243 1033 1364 1085 οὐδὲ
1410 1032 1740 1103 θεραπείας,
1773 1032 1899 1103 μηδ’

2004 1030 2203 1097 iectum
2236 1030 2444 1085 vultum
2484 1045 2513 1083 a
2558 1028 2805 1098 partibus
2830 1029 3078 1084 consistit
3109 1030 3368 1084 hostium.
3427 1029 3583 1095 Quod

317 1120 603 1184 ἰλεοῦντος,
634 1122 797 1185 αύτός
823 1140 908 1191 γε,
944 1124 1079 1193 μηδὲ
1106 1123 1531 1194 πρεσϐεύοντος.
1586 1122 1736 1191 Ἔχω
1786 1121 1896 1190 γὰρ

2004 1120 2266 1191 reliquum
2298 1130 2405 1185 est,
2440 1120 2494 1174 id
2523 1118 2668 1189 quod
2711 1119 2949 1185 volebas,
2986 1120 3085 1175 alae
3103 1120 3399 1174 amicitiam
3434 1120 3585 1175 abri-

311 1213 399 1265 τον
426 1214 765 1281 ποθούμενον
796 1216 977 1284 πάσης
1000 1216 1313 1286 ἀρρωστίας
1346 1215 1629 1286 ἀνώτερον
1651 1230 1664 1243 ·
1711 1214 1806 1265 καὶ
1834 1213 1896 1265 τὸ

2004 1229 2162 1285 puere
2184 1252 2199 1277 ,
2239 1220 2294 1268 et
2328 1212 2685 1283 providentiae
2714 1213 3024 1269 refocillant
3054 1214 3275 1269 thalami
3317 1233 3331 1269 :
3364 1229 3465 1284 ego
3495 1229 3585 1267 res

315 1304 457 1372 ἴχνος
489 1305 621 1357 αὐτὸ
648 1305 744 1358 τοῦ
771 1307 1099 1377 νοσήματος,
1126 1308 1224 1376 τὴν
1261 1307 1470 1377 μικρὰν
1489 1306 1716 1372 δειλίαν,
1746 1306 1898 1373 εὐγε-

313 1395 417 1457 νῶς
446 1412 507 1448 τε
534 1397 627 1449 καὶ
656 1397 847 1470 ὥσπερ
894 1400 1167 1470 ηὐχόμην,
1199 1400 1601 1470 ἀπορρίψαντα.

1993 1320 2145 1358 meas
2170 1304 2303 1358 mihi
2327 1304 2495 1359 reddo
2533 1303 2832 1359 familiares
2864 1322 2880 1370 ;
2916 1320 3021 1359 nec
3046 1306 3224 1360 adhuc
3255 1304 3390 1359 mibi
3413 1304 3587 1358 medi-

1990 1396 2111 1451 cina
2144 1410 2279 1463 opus
2334 1402 2439 1459 est,
2471 1406 2566 1449 aut
2615 1395 2900 1451 curatione
2944 1396 3073 1460 ulla,
3109 1397 3197 1451 vel
3240 1411 3275 1451 a
3311 1410 3584 1466 quoquam

314 1487 690 1552 miseratione,
739 1490 944 1544 nedum
972 1491 1203 1561 alicujus
1246 1490 1659 1547 intercessione.
1719 1486 1893 1553 Quem
1930 1487 2077 1541 enim
2132 1487 2403 1547 desidero,
2442 1486 2588 1540 hunc
2615 1486 2887 1555 possideo,
2925 1487 3071 1540 omni
3141 1486 3331 1542 morbo
3362 1493 3419 1541 et
3449 1486 3588 1541 vale-

314 1580 500 1635 tudine
550 1582 912 1650 superiorem,
976 1584 1180 1653 quique
1235 1581 1522 1653 vestigium
1586 1579 1766 1635 omnis
1831 1576 2169 1651 :egritudinis
2232 1585 2437 1631 metum
2520 1577 2607 1631 vel
2656 1576 2943 1633 minimum
2993 1592 3277 1649 generose,
3324 1587 3385 1633 ut
3425 1587 3584 1647 opta-

314 1672 509 1738 verim,
548 1672 777 1743 rejiciat.

909 1784 1132 1839 ΕΠΙΣΤ.
1166 1784 1293 1839 PA'.

315 1876 609 1944 Εὐσεσείᾳ
628 1876 972 1959 [toruiorti
998 1878 1133 1959 καὶ-
1149 1877 1454 1959 ἡγουμένῃ
1475 1947 1488 1959 ⁸
1502 1878 1901 1948 παραμυθητι-

628 1947 731 2016 κὴ,
768 1948 868 2002 ἐπὶ
896 1947 1133 2019 ἀδελφῇ
1155 1947 1596 2018 mmmam.

2624 1781 2844 1840 EPIST.
2885 1782 2973 1839 Cl.

2006 1872 2248 1929 Eusebia:
2298 1877 2588 1944 monac/ue,
2644 1885 2695 1930 et
2744 1877 3044 1945 hegumenaz
3091 1874 3159 1927 de
3203 1872 3399 1926 sororis
3423 1874 3584 1941 obitu,

2607 1944 2978 2001 comoldtoria.

1546 2039 1813 2088 Montacut.
1847 2038 1951 2103 (ep.
1974 2036 2085 2099 245,
2110 2050 2158 2099 p.
2181 2038 2313 2101 372).

382 2146 445 2197 Et
484 2145 587 2214 μὲν
631 2144 727 2213 ἀφ’
752 2145 909 2215 ἡμῶν
952 2145 983 2198 ὁ
1031 2143 1261 2207 θάνατος
1307 2144 1528 2215 ἧρχετο,
1562 2143 1660 2196 καὶ
1689 2141 1898 2211 πρῶτοι

2076 2140 2133 2196 Si
2170 2158 2200 2197 a
2234 2141 2392 2197 nobis
2416 2155 2564 2196 mors
2612 2140 2908 2210 inciperet,
2935 2148 2994 2195 et
3022 2139 3270 2195 omnium
3306 2138 3361 2193 in
3390 2153 3591 2211 genere

315 2234 402 2288 διὰ
428 2235 524 2288 τοῦ
552 2235 744 2304 γένους
773 2237 852 2299 είς
884 2237 1081 2307 πεῖραν
1108 2234 1271 2288 αὑτοῦ
1307 2231 1688 2303 καθιστάμεθα
1711 2272 1727 2295 ,
1756 2231 1902 2285 εἰκό-

317 2343 421 2389 τως
448 2325 518 2380 ἂν
564 2326 642 2389 ὡς
693 2326 1085 2397 ἀπροσδοκήτῳ
1136 2327 1233 2380 καὶ⁵
1283 2324 1455 2395 καινῷ
1507 2324 1901 2395 περιπεσόντες

316 2417 725 2488 ἐθορυϐούμεθα
742 2418 821 2490 τῷ
850 2417 1217 2489 συμπτώματι
1240 2434 1254 2447 ·
1289 2418 1414 2470 ἐπεὶ
1442 2416 1520 2483 δὲ,
1543 2417 1638 2486 ἀφ’
1660 2410 1720 2470 οὗ
1744 2415 1904 2484 γεγό-

315 2526 470 2562 νασιν
506 2510 814 2581 ἄνθρωποι,
863 2509 975 2581 ζωῇ
1008 2511 1103 2564 καὶ
1142 2510 1360 2580 θανάτῳ
1414 2507 1775 2580 μεριζόμεθα,
1808 2508 1905 2560 καὶ

315 2602 643 2671 προγονικὸν
696 2603 933 2674 ὑπάρχει
963 2603 1027 2655 τὸ
1054 2602 1330 2673 ἐπιτίμιον
1348 2618 1362 2632 ο
1419 2602 1513 2656 καὶ
1539 2601 1641 2655 οὐκ
1667 2599 1816 2655 ἐστιν
1843 2599 1905 2661 δς

315 2692 566 2763 ζήσεται,
592 2695 684 2748 καὶ
713 2695 813 2748 οὐκ
840 2694 1035 2764 ὄψεται
1056 2694 1318 2748 θάνατον·
1348 2694 1401 2746 τί
1421 2694 1483 2747 τὸ
1513 2694 1694 2748 κοινὸν
1744 2694 1904 2764 χρεὺς

320 2784 451 2838 ἰδίαν
480 2785 693 2855 ζημίαν
716 2784 1045 2854 λογιζόμεθα
1067 2800 1082 2850 ;
1114 2783 1231 2849 καὶ,
1255 2783 1331 2847 ὡς
1351 2782 1544 2853 καινὴν
1572 2782 1904 2853 ἀπαιτηθέν-

315 2894 404 2941 τες
422 2860 717 2945 εἴσπραξιν
730 2874 1206 2945 ἁπολοφυρόμεθα;
1232 2875 1327 2928 καὶ
1343 2874 1371 2928 ὃ
1392 2872 1538 2947 [οὐκ]
1554 2874 1704 2927 ἐστὶν
1727 2874 1901 2937 ἄλλως

315 2968 603 3037 γενέσθαι,
638 2969 748 3022 οὐδ’
778 2970 813 3040 ὴ
850 2968 1009 3037 φύσις
1036 2968 1195 3023 ἄλλον
1220 2967 1385 3038 νόμον
1414 2968 1723 3033 ἐπίσταται,
1745 2967 1821 3029 ὡς
1848 2968 1902 3019 τὶ

320 3060 427 3112 τῶν
479 3060 806 3132 παραδόξων
851 3058 1448 3130 ύπερεκπληττόμεθας
1502 3058 1595 3112 καὶ
1644 3059 1900 3127 διδόαμεν

320 3152 551 3214 ἑαυτοὺς
584 3154 684 3205 οὑκ
733 3152 982 3220 εύαγῶς,
1047 3152 1169 3205 οὐδὲ
1220 3152 1366 3206 κατὰ
1410 3154 1537 3215 τοὺς
1578 3152 1775 3221 νόμους
1802 3149 1898 3203 τοῦ

318 3242 652 3311 πνεύματος,
683 3244 836 3307 ὅλους
870 3245 936 3313 τῇ
960 3242 1107 3315 λύπῃ
1141 3243 1501 3313 βαπτίζεσθαι
1528 3260 1541 3309 ;
1575 3243 1670 3295 καὶ
1702 3242 1901 3296 λανθάο

318 3348 505 3401 νομεν,
556 3330 786 3385 θάνατον
848 3331 1127 3400 συγγενῶν
1156 3332 1513 3402 ὀδυρόμενοι,
1571 3332 1784 3394 ἑαυτοῖς
1822 3329 1901 3399 τῷ

320 3421 501 3493 θρήνῳ
526 3422 619 3475 τὸν
651 3422 881 3475 θάνατον
904 3422 1544 3490 συγκατασκευάζοντες
1574 3423 1767 3475 Καίτοι
1791 3463 1805 3487 ,
1850 3422 1899 3474 εί

322 3514 417 3582 μὲν
448 3513 689 3583 χαλεπὸν
712 3516 739 3565 ὁ
760 3513 1008 3578 θάνατος,
1037 3514 1091 3566 τί
1118 3513 1307 3567 τοῦτον
1337 3515 1551 3575 ἑαυτοῖς
1580 3515 1900 3584 επιταχύνο-

321 3623 452 3673 μεν;
490 3608 584 3660 καὶ
609 3608 699 3659 τὸν
727 3609 851 3678 ὅρον
873 3605 967 3659 τοῦ
996 3606 1242 3667 Πλάστου
1271 3605 1901 3677 φθάσαιδιανιστάμεθα;

319 3694 381 3749 El
407 3697 451 3749 δ’
482 3697 690 3765 ἀγαθὸν
746 3696 841 3749 καὶ
876 3698 1165 3767 σωτήριον,
1192 3698 1245 3750 τί
1270 3699 1400 3759 τοὺς
1448 3697 1903 3767 ἀποικουμένους,

317 3788 411 3839 καὶ
436 3787 565 3840 τότε
588 3787 771 3857 κρίσει
800 3787 895 3841 τοῦ
922 3789 1225 3855 Δεσπότου,
1262 3789 1405 3859 πέρα
1429 3788 1525 3842 τοῦ
1558 3790 1781 3860 μετρίου
1814 3808 1906 3843 κο-

319 3878 604 3949 πτόμεθα;
670 3878 898 3948 Ἀδελφή
931 3896 1021 3949 με,
1068 3881 1260 3950 φησιν,
1292 3880 1675 3949 ἐγκατέλιπεν.
1704 3884 1737 3950 ἡ
1769 3882 1905 3952 μόνη

322 3973 458 4039 μετὰ
483 3970 618 4024 Θεὸν
656 3971 979 4043 παραψυχὴ,
1017 3973 1125 4025 τῶν
1150 3973 1412 4042 λυπηρῶν
1455 3976 1489 4043 ή
1539 3974 1903 4045 παράκλησις,

318 4063 425 4117 τῶν
448 4063 720 4132 ἀλγεινῶν
750 4064 1069 4135 ἡδιάλυσις,
1096 4066 1128 4135 ὴ
1153 4064 1345 4137 πρώτη
1371 4064 1481 4118 τῶν
1506 4066 1906 4137 εύφραινόντων

320 4155 601 4219 ὑπόθεσις.
655 4158 769 4211 Kal.
823 4160 874 4211 τί
912 4156 1103 4222 τοῦτο;
1150 4160 1243 4209 καὶ
1291 4160 1474 4230 πατήρ
1497 4176 1556 4211 σε
1596 4158 1689 4212 καὶ
1722 4161 1908 4233 μήτηρ

322 4248 703 4319 προλέλοιπεν,
754 4251 848 4303 καὶ
906 4252 1188 4317 συγγενεῖς
1238 4249 1434 4313 ἄλλοι,
1471 4251 1565 4305 καὶ
1617 4250 1679 4303 τὸ
1715 4251 1910 4323 μέχρις

334 4339 509 4409 Ἀδάμ
529 4341 689 4407 γένος
720 4340 1149 4411 ἀναφερόμενον.
1177 4340 1250 4394 Σὺ
1288 4340 1348 4394 δὲ
1371 4341 1535 4396 πάλιν
1583 4341 1777 4407 ἄλλους
1809 4360 1909 4399 καμ-

319 4432 621 4501 ταλείψεις,
648 4433 743 4486 καὶ
765 4434 865 4486 οὐκ
894 4433 1042 4487 ἔστιν
1062 4434 1266 4504 εὑρεῖν,
1295 4432 1355 4487 ὃν
1383 4435 1443 4487 ού
1471 4435 1714 4489 πλεῖστοι
1736 4452 1907 4489 κατα-

319 4522 701 4593 λιμπάνονσιν.
742 4524 970 4595 Ἀδελφὴ
996 4525 1289 4579 κατέλιπεν
1317 4525 1553 4596 ἀδελφήν
1573 4544 1587 4557 ·
1610 4526 1725 4581 ἀλλ’
1751 4522 1910 4598 εὗρεν

320 4616 445 4677 τοὺς
482 4614 857 4685 προλαϐόντας
884 4616 1245 4685 γεννήτοραςο
1300 4616 1592 4670 κατέλιπεν
1648 4619 1906 4690 ἀδελφὴν,

321 4707 438 4759 ἀλλ’
467 4709 547 4771 εἰς
577 4708 672 4761 τὸν
704 4709 884 4762 κοινὸν
932 4710 1211 4779 Δεσπότην
1244 4709 1336 4761 καὶ
1367 4710 1588 4780 Πατέρα
1615 4710 1907 4782 ἀπεδήμη-

2006 2242 2198 2288 nostro
2251 2233 2415 2304 primi
2445 2248 2547 2288 nos
2588 2232 2733 2287 illam
2765 2232 3160 2302 experiremur,
3211 2232 3409 2287 merito
3467 2231 3591 2301 qui-

2003 2327 2147 2392 dem,
2172 2334 2231 2381 ut
2251 2326 2319 2381 de
2348 2342 2408 2381 re
2454 2326 2821 2396 inexspectata
2846 2336 2902 2379 et
2928 2326 3190 2380 inusitato
3213 2341 3341 2381 casu
3369 2334 3590 2381 contur.

2004 2418 2281 2473 baremur.
2312 2416 2384 2472 At
2409 2432 2534 2472 cum
2564 2425 2690 2487 post
2724 2417 2973 2472 homines
2992 2417 3230 2487 primum
3264 2426 3422 2473 natos
3446 2416 3591 2471 inter

2004 2508 2169 2562 vitam
2225 2514 2281 2563 et
2322 2515 2557 2562 mortem
2612 2506 2956 2571 dividamur,
3010 2521 3244 2578 cumque
3292 2506 3596 2576 majoribus

2003 2600 2206 2657 nostris
2239 2600 2502 2656 inﬂictum
2532 2600 2603 2657 sit
2649 2600 2977 2672 supplicium
3007 2640 3022 2665 ,
3051 2616 3155 2655 nec
3192 2600 3264 2655 sit
3298 2599 3392 2670 qui
3431 2599 3588 2664 vivit,

2003 2693 2136 2762 quin
2170 2691 2410 2761 gustabit
2437 2700 2670 2746 mortem
2695 2709 2707 2744 :
2732 2707 3025 2747 commune
3054 2692 3300 2747 debitum
3324 2706 3588 2761 quorsum

2004 2799 2105 2838 nos
2162 2791 2221 2838 ut
2249 2784 2526 2853 peculiare
2558 2783 2818 2838 damnum
2862 2792 3203 2854 reputamus,
3228 2792 3285 2838 et
3327 2792 3588 2853 tanquam

2004 2876 2073 2931 ad
2100 2876 2315 2931 noviter
2346 2876 2791 2946 superinductam
2836 2876 3164 2931 solutionem
3205 2876 3382 2947 adacti
3418 2875 3588 2946 gemi-

2005 2970 2259 3023 mus?et
2286 2983 2411 3023 cum
2468 2968 2629 3022 aliter
2685 2967 2800 3023 fieri
2855 2983 2965 3022 non
3015 2968 3205 3038 possit,
3256 2983 3361 3023 nec
3416 2968 3592 3038 legem

2003 3061 2257 3115 admittat
2287 3070 2480 3114 natura
2514 3059 2702 3124 aliam,
2738 3075 2839 3113 cur
2864 3069 3124 3128 tanquam
3154 3070 3354 3129 praeter
3374 3060 3592 3128 opinio-

2000 3167 2129 3205 nem
2177 3152 2588 3222 contingentem
2614 3151 2681 3205 ad
2707 3165 2829 3205 eam
2872 3150 3287 3215 conturbamur,
3319 3159 3371 3204 et
3438 3150 3596 3203 tradi-

2002 3259 2126 3297 mus
2160 3257 2258 3296 nos
2305 3241 2525 3297 mmrori
2558 3240 2991 3311 immergendos,
3022 3255 3131 3295 non
3173 3249 3363 3294 sancto
3408 3239 3594 3307 alique

2003 3348 2175 3397 more,
2225 3343 2321 3387 aut
2368 3332 2671 3387 secundum
2714 3332 2862 3402 leges
2914 3331 3189 3400 spiritus?
3222 3331 3406 3387 Nosne
3466 3330 3596 3383 latet

2004 3427 2133 3480 dum
2166 3433 2397 3479 mortem
2429 3424 2589 3478 nobis
2631 3421 2873 3477 amnium
2903 3423 3170 3493 lugemus,
3203 3436 3306 3475 nos
3354 3430 3591 3475 mortem

2004 3517 2163 3571 nobis
2182 3516 2314 3586 ipsis
2345 3530 2442 3585 per
2470 3515 2679 3569 luctum
2712 3514 3025 3568 adornare?
3058 3512 3215 3578 Quod
3254 3512 3301 3566 si
3334 3527 3424 3567 res
3452 3512 3592 3567 adeo

2005 3610 2139 3663 dura
2169 3622 2314 3662 mors
2355 3616 2461 3672 est,
2495 3622 2594 3662 cur
2621 3622 2743 3661 eam
2776 3605 2850 3659 ita
2880 3605 3041 3660 nobis
3074 3604 3447 3659 acceleramus
3475 3604 3499 3657 ?
3540 3610 3596 3657 et

2006 3708 2194 3756 contra
2232 3699 2407 3769 legem
2452 3698 2723 3753 Creatoris
2763 3697 2934 3753 nostri
2972 3694 3325 3765 insurgimus,
3360 3703 3435 3748 ut
3474 3708 3595 3748 eam

2007 3788 2404 3859 praeveniamus
2434 3788 2457 3841 ?
2485 3787 2582 3842 Sin
2613 3802 2644 3843 e
2673 3788 2832 3843 bonis
2865 3787 2937 3841 sit
2963 3795 3017 3841 et
3050 3784 3397 3850 salutaribus,
3428 3799 3597 3855 quor-

2006 3896 2127 3936 sum
2185 3880 2472 3935 defunctos
2516 3879 2586 3934 de
2626 3878 2839 3933 Domini
2878 3877 3150 3932 sententia
3182 3876 3325 3930 ultra
3376 3891 3597 3931 omnem

2007 3974 2230 4029 modum
2260 3973 2647 4044 deploramus?
2676 3970 2843 4025 Soror
2866 3985 2953 4023 me
2986 3969 3225 4038 reliquit,
3250 3968 3482 4037 inquies,
3506 3982 3599 4021 so-

2008 4068 2119 4123 lum
2155 4076 2277 4138 post
2333 4068 2504 4121 Deum
2551 4066 2794 4120 Solamen
2832 4078 3037 4126 meum,
3089 4062 3291 4117 doloris
3334 4060 3597 4122 lenimen,

2008 4160 2320 4215 acerbitatis
2354 4160 2687 4230 dissipatrix,
2729 4161 3028 4231 principale
3056 4161 3257 4217 laetitiae
3284 4176 3421 4216 meae
3466 4160 3598 4215 sub-

2005 4252 2233 4322 jectum.
2269 4251 2336 4307 Et
2376 4251 2507 4320 quid
2534 4260 2648 4306 tum
2690 4261 2877 4323 postea
2908 4254 2932 4306 ?
2967 4253 3127 4308 Pater
3165 4262 3218 4307 te
3252 4261 3309 4307 et
3334 4260 3507 4306 mater
3528 4265 3601 4305 an

2010 4358 2121 4398 non
2147 4343 2575 4413 dereliquerunt,
2604 4345 2821 4414 cognati
2844 4361 3064 4416 quoque
3088 4345 3197 4410 alii,
3226 4355 3282 4401 et
3301 4346 3370 4400 ab
3391 4344 3600 4399 Adamo

2009 4435 2229 4506 longum
2268 4434 2475 4506 genus?
2517 4442 2573 4489 et
2615 4444 2673 4489 tu
2722 4444 2847 4505 post
2884 4445 2939 4491 te
2973 4436 3248 4506 relinques
3294 4436 3450 4498 alios,
3494 4449 3598 4489 nec

2011 4524 2260 4579 invenies
2285 4523 2465 4577 virum
2485 4538 2648 4593 quem
2671 4539 2785 4580 non
2830 4524 3050 4595 plurimi
3084 4526 3400 4581 deseruere.
3432 4523 3599 4579 Soror

2011 4614 2259 4670 deseruit
2292 4630 2561 4680 sororem,
2606 4616 2702 4670 sed
2731 4624 2992 4686 parentes
3028 4616 3239 4671 invenit
3278 4615 3601 4686 praeceden-

2012 4715 2135 4773 tes;
2170 4706 2415 4761 deseruit
2441 4722 2710 4772 sororem,
2753 4708 2850 4762 sed
2891 4707 2960 4761 ad
2994 4707 3283 4762 Dominum
3314 4716 3370 4761 et
3399 4721 3602 4777 paren-

323 4813 414 4849 σεν
436 4814 450 4829 ο
479 4798 616 4851 ἀλλὰ
645 4798 781 4869 πρὸς
818 4797 1032 4867 ἐκείνην
1075 4799 1175 4868 τὴν
1205 4798 1504 4864 πολιτείαν,
1548 4799 1685 4866 πρὸς
1716 4800 1783 4871 ἢν
1811 4801 1902 4853 καὶ

2015 4810 2123 4854 tem
2154 4815 2505 4855 communem
2535 4800 2669 4854 abiit
2699 4817 2713 4865 ;
2750 4800 2806 4854 in
2848 4800 2993 4854 illam
3020 4800 3274 4872 migravit
3298 4800 3599 4870 rempubli-

320 4890 484 4959 ἡμεῖς
512 4889 885 4962 πορευόμεθα.
938 4886 1075 4943 Εἶτα
1101 4892 1181 4944 ὅτι
1222 4890 1322 4960 μέν
1354 4908 1413 4943 σε
1445 4892 1787 4957 κατέλειπεν,
1819 4892 1902 4945 λο-

2013 4909 2154 4960 cam,
2206 4895 2275 4948 ad
2308 4909 2468 4963 quam
2502 4909 2604 4949 nos
2632 4909 2851 4963 quoque
2891 4894 3185 4963 pergimus.
3215 4893 3318 4959 Tu,
3350 4894 3496 4963 quod
3550 4902 3603 4947 te

321 4982 452 5054 γίζῃ
473 4997 489 5011 ⁸
520 4984 667 5046 οἵους
696 4983 752 5036 δὲ
787 4982 1090 5037 κατέλαϐεν
1116 4983 1217 5035 οὐκ
1255 4984 1495 5048 ἐννοεῖς;
1551 4984 1661 5037 Καὶ
1712 4985 1775 5038 τὸ
1809 4985 1902 5054 μὲν

2008 4986 2276 5051 deseruit,
2306 4998 2739 5053 commemoras;
2782 4995 2849 5040 at'
2867 5001 3006 5056 quos
3029 4986 3261 5053 invenit,
3288 5002 3397 5041 non
3444 5002 3603 5042 reco-

325 5074 486 5145 σῶμα
516 5076 725 5138 στένεις
777 5075 859 5128 ὅτι
916 5076 1014 5144 οὐχ
1054 5076 1188 5147 ὁρᾷς
1208 5090 1223 5105 ·
1253 5076 1286 5145 ἡ
1313 5076 1371 5129 δὲ
1421 5075 1567 5147 ψυχὴ
1591 5077 1673 5130 ὅτι
1706 5076 1902 5147 μᾶλλον

2009 5080 2118 5145 lis;
2164 5078 2309 5149 quod
2366 5094 2565 5148 corpus
2598 5094 2709 5133 non
2758 5078 3045 5146 intuearis,
3099 5081 3399 5151 gemis;at
3456 5079 3603 5149 quod

324 5165 600 5221 ἀκώλυτον
632 5161 791 5237 εὗρεν
828 5166 928 5237 τὴν
960 5167 1098 5238 πρὸς
1134 5168 1196 5220 σὲ
1229 5170 1544 5237 συνάφειαν,
1599 5169 1660 5221 ού
1694 5167 1902 5238 χαίρεις

2008 5171 2193 5224 anima
2222 5184 2334 5223 non
2369 5168 2776 5239 impediendam
2820 5177 3001 5223 tecum
3041 5170 3483 5241 conjunctionem
3518 5168 3605 5222 in-

325 5259 589 5329 συνορᾷνο
648 5259 743 5312 καὶ
790 5258 873 5311 ὃτι
928 5257 1027 5327 μὲν
1085 5258 1347 5331 φθαρτῶν
1400 5260 1713 5332 ἀπηλλάγη,
1757 5261 1902 5315 δεινὰ

2014 5263 2184 5325 venit,
2232 5262 2339 5317 hoc
2378 5276 2491 5315 non
2519 5276 2937 5327 commemoras,
2985 5276 3111 5318 cum
3142 5262 3338 5334 gaudio
3396 5258 3599 5316 intueri

325 5352 497 5411 ποιεῖς
516 5368 529 5383 ο
558 5351 642 5403 ὃτι
673 5350 729 5403 δὲ
749 5349 858 5403 τῶν
882 5350 1176 5422 ἀφθάρτων
1195 5352 1480 5415 ἀπολαύει,
1514 5354 1576 5406 ού
1608 5353 1752 5423 μέγα
1772 5356 1902 5426 ἡγῇ.

2014 5366 2127 5406 non
2161 5366 2345 5407 curas.
2376 5351 2535 5417 Quod
2558 5367 2587 5405 a
2620 5352 2976 5421 corruptione
2999 5353 3255 5422 expedita
3281 5352 3373 5417 sit,
3407 5367 3600 5422 grava-

326 5440 452 5501 Πῶς
496 5440 585 5495 δαὶ
611 5442 707 5495 καὶ
739 5441 1070 5507 κατέλιπεν;
1099 5442 1149 5495 εί
1179 5442 1280 5513 μὲν
1305 5446 1385 5508 είς
1400 5444 1461 5496 τὸ
1489 5445 1565 5514 μὴ
1595 5443 1655 5496 ὂν
1690 5446 1902 5515 ὑπεχώ-

2015 5446 2113 5499 tim
2168 5444 2278 5499 fers
2311 5461 2326 5509 ;
2376 5444 2521 5515 quod
2552 5443 2766 5498 fruatur
2796 5445 3206 5515 incorruptione
3246 5460 3357 5500 non
3416 5444 3601 5516 magni

329 5550 517 5603 ρησεν,
548 5536 598 5588 εί
620 5534 711 5587 ὑπ’
734 5534 902 5605 ἄλλην
922 5535 1175 5602 ἐξουσίαν
1204 5537 1301 5591 καὶ
1331 5538 1633 5609 κυριότητα
1662 5540 1902 5609 γέγονεν,

2018 5537 2171 5593 facis.
2198 5535 2399 5591 Verum
2439 5544 2492 5591 te
2534 5537 2807 5606 quomodo
2854 5536 3143 5607 dereliquit
3184 5535 3209 5589 ἲ
3250 5537 3411 5591 Certe
3449 5535 3511 5591 si’
3541 5538 3599 5592 in

326 5623 448 5675 τότε
508 5624 573 5677 ἂν
628 5626 775 5695 ἡμᾶς
828 5625 904 5688 ὼς
936 5625 1153 5696 άληθῶς
1206 5626 1619 5695 ἐγκατέλειπεν.
1669 5630 1733 5682 Εἰ
1761 5630 1817 5683 δὲ
1838 5634 1905 5702 τῇ

330 5713 465 5783 αὐτῇ
518 5715 743 5786 παλάμῃ
783 5719 1100 5786 φρουρεῖται
1158 5717 1252 5769 τού
1307 5719 1639 5787 Πλάσαντος,
1692 5723 1909 5775 καὶτὸν

333 5803 490 5857 αὑτὸν
519 5808 722 5878 Κύριιν
750 5808 1077 5872 δεσπόζοντά
1110 5826 1166 5863 τε
1198 5812 1294 5864 καὶ
1348 5812 1742 5885 προνοούμενον
1785 5815 1907 5886 ἔχο-

2018 5646 2126 5683 non
2167 5645 2266 5684 ens
2296 5628 2585 5693 reciderit»,
2636 5629 2680 5684 si
2711 5630 2765 5683 in
2805 5629 3038 5683 alienam
3065 5628 3505 5698 iurisdictionem
3546 5640 3604 5684 et

2019 5731 2347 5793 potestatem
2370 5722 2524 5787 abiit,
2556 5734 2669 5775 tum
2708 5722 2919 5777 fatebor
2940 5735 3181 5775 eamnos
3221 5720 3601 5790 dereliquisse.

2020 5816 2178 5883 Quod
2216 5814 2259 5872 si
2290 5814 2480 5871 cadem
2512 5812 2824 5870 Conditoris
2850 5812 2933 5868 sui
2968 5810 3223 5867 manibus
3258 5813 3560 5871 custoditur
3582 5830 3607 5879 -,
3668 5854 3683 5861 -
