4024 6482
409 397 514 460 919

1536 402 1800 461 ΡΗΟἸἸΙ
1840 402 2345 462 PATRIARCILE
2379 406 2488 464 (ΖΡ.

3556 402 3663 463 920

407 513 456 566 si
500 510 751 566 eumdem
804 526 906 566 nos
941 521 996 568 et
1043 513 1128 567 illa
1181 513 1468 569 Dominum
1513 516 1870 586 imperantem
1935 523 1987 569 et

2092 532 2211 583 μεν,
2247 518 2394 585 καὶὴ
2427 514 2566 584 αὑτὴ
2600 516 2882 584 ἑκατέροις
2909 513 3158 584 διατριϐή
3186 530 3248 566 τε
3268 513 3362 565 καὶ
3381 515 3660 584 κατασκή-

409 611 792 671 procura-atem
834 602 1099 660 habemus
1130 623 1145 672 ;
1192 607 1237 660 si
1270 608 1457 661 eadem
1488 609 1752 664 habitatio
1774 618 1829 663 et
1853 622 1985 662 con-

409 693 648 748 versatio
696 695 940 764 utrisque
990 706 1302 766 apparatur,
1368 699 1414 752 si
1477 700 1622 754 illam
1673 699 1838 754 habet
1876 699 1985 752 vita

413 786 743 841 tumultuum
799 803 1033 858 expers,
1080 805 1182 845 nos
1241 799 1422 845 autem
1475 790 1729 846 ﬂuctibus
1789 792 1986 846 etiam-

411 893 542 932 num
577 879 763 949 jactati
795 881 1230 938 circumferimur
1260 900 1273 936 :
1305 898 1474 953 quare
1529 885 1754 939 dicenda
1785 893 1868 940 est
1897 884 1986 938 illa

410 985 515 1025 nos
554 971 959 1041 dereliquisse?
998 974 1054 1027 Si
1093 989 1205 1028 non
1253 976 1318 1029 ad
1345 975 1597 1030 eumdem
1631 974 1828 1044 quietis
1856 989 1984 1044 por-

411 1071 526 1116 tum
570 1077 733 1117 cursu
770 1064 963 1119 directi
1001 1060 1243 1119 feramur
1271 1084 1286 1118 :
1317 1067 1358 1120 si
1400 1081 1510 1120 non
1549 1066 1736 1120 eadem
1764 1066 1986 1122 insistao

411 1168 535 1208 mus
564 1154 648 1208 via
682 1173 695 1208 :
729 1156 774 1210 si
797 1171 905 1210 non
929 1165 986 1209 et
1005 1172 1104 1210 nos
1121 1171 1334 1226 quoque
1359 1157 1480 1210 finis
1508 1157 1650 1211 idem
1672 1164 1983 1226 exspectet;

412 1251 529 1297 tum
566 1245 1006 1300 ratiocinandum
1034 1246 1138 1300 fuit
1181 1263 1298 1301 eam
1331 1246 1721 1316 dereliquisse;
1757 1256 1868 1300 tum
1899 1247 1986 1300 di-

412 1337 649 1392 vortium
696 1339 899 1394 factum
945 1340 1336 1409 deplorandum
1382 1341 1501 1394 fuit.
1536 1340 1630 1394 Sin
1659 1355 1785 1394 vero
1813 1342 1986 1410 quod-

413 1443 647 1497 cumque
676 1430 798 1499 quis
827 1429 1053 1484 consilio
1085 1430 1268 1500 agitet,
1295 1439 1350 1484 et
1373 1431 1583 1501 agendo
1605 1432 1871 1500 perficiat,
1918 1446 1985 1485 eo

414 1526 624 1573 tantum
666 1519 1000 1574 contendat:
1054 1519 1182 1588 quid
1214 1519 1411 1573 frustra
1453 1518 1800 1589 plangimus?
1846 1518 1986 1584 Quid

410 1607 514 1679 legi
546 1618 752 1664 natura:
776 1610 1249 1665 obmurmuramus
1273 1649 1288 1675 ,
1315 1626 1383 1665 eo
1402 1611 1567 1680 quod,
1599 1627 1722 1667 cum
1745 1612 1987 1667 mortalis

325 1691 328 1694 Α
411 1699 716 1763 exsisteret,
741 1699 900 1755 morti
930 1700 1258 1755 subservivit
1288 1716 1302 1763 ;
1349 1701 1494 1769 quod
1517 1701 1815 1770 aequalibus
1858 1717 1984 1768 spa-

412 1789 501 1843 tiis
528 1804 653 1843 cum
685 1799 857 1859 patre,
892 1799 1089 1854 matre,
1128 1790 1387 1844 universo
1414 1806 1613 1860 genere
1643 1792 1808 1846 vitam
1841 1791 1986 1847 hanc

2087 623 2250 668 νωσις
2294 607 2676 677 ἐτοιμάζεται·
2741 610 2843 661 κᾶν
2876 608 2975 677 τὴν
3025 607 3124 676 μὲν
3155 606 3256 677 ἡδη
3292 604 3540 675 θορύϐων
3561 604 3659 678 ἔχῃ

2089 698 2199 766 βίος
2231 699 2535 769 ἐλεύθερος,
2570 701 2730 769 ἡμείς
2755 699 2812 752 δὲ
2843 698 2923 751 ἔτι
2955 697 3033 769 τῷ
3081 698 3400 768 κυμαίνοντι
3434 713 3662 767 περιφε-

2088 791 2327 860 ρόμεθα·
2363 793 2482 855 πῶς
2532 794 2678 862 ἡμᾶς
2727 793 3144 860 ἐγκατέλειπενς
3177 791 3241 843 El
3279 791 3354 860 μὴ
3401 789 3538 855 πρδς
3570 789 3662 842 τὸν

2084 883 2250 936 αὐτὸν
2281 884 2376 937 καὶ
2400 886 2561 954 ἡμεῖς
2585 883 2977 954 κυδερνώμεθα
3004 883 3104 951 τῆς
3147 879 3544 942 καταπαύσεως
3576 880 3660 932 λι-

2090 974 2245 1042 μένα·
2273 975 2320 1025 εἰ
2352 974 2424 1043 μὴ
2449 974 2548 1044 τὴν
2567 975 2734 1043 αὐτὴν
2761 974 2878 1027 ὁδὸν
2900 973 3206 1043 διανύωμεν
3225 991 3239 1005 ·
3268 975 3316 1027 εὶ
3348 973 3420 1044 μὴ
3441 972 3504 1025 τδ
3528 973 3662 1025 αὐτὸ

2084 1063 2234 1131 ἡμᾶς
2275 1061 2553 1131 ἐκδέχεται
2580 1061 2731 1123 τέλος
2749 1077 2762 1090 ο
2805 1061 2914 1113 ἔδει
2942 1062 3064 1113 τότε
3096 1060 3409 1128 λογίζεσθαι
3433 1061 3533 1130 τὴν
3563 1061 3658 1128 ἐγ-

2085 1153 2422 1223 κατάλειψιν,
2455 1154 2560 1208 ἔδει
2599 1155 2723 1207 τότε
2769 1153 2986 1206 πενθεῖν
3038 1152 3138 1222 τὴν
3184 1152 3484 1206 διάστασιν.
3510 1151 3572 1204 El
3603 1151 3663 1203 δὲ

2083 1249 2183 1299 ὅσα
2213 1246 2277 1300 ἄν
2306 1265 2388 1309 τις
2416 1248 2511 1299 καὶ
2543 1245 2804 1317 βουλεύσῃ
2841 1263 2898 1298 τε
2933 1247 3027 1298 καὶ
3065 1244 3268 1317 πράξῃ,
3298 1244 3478 1297 πάντα
3521 1243 3662 1312 πρὸς

2084 1338 2300 1407 ἐκείνην
2323 1338 2420 1409 τὴν
2448 1338 2614 1410 μονὴν
2641 1338 2842 1402 ἀπάγει
2861 1353 2877 1369 ο
2907 1337 2959 1391 τί
2997 1337 3174 1407 μάτην
3219 1334 3574 1405 κοπτόμεθα;
3607 1333 3664 1385 τί

2084 1430 2140 1483 δὲ
2171 1433 2313 1485 κατὰ
2355 1430 2450 1484 τοῦ
2497 1433 2662 1501 νόμου
2697 1431 2798 1500 τῆς
2849 1431 3063 1500 φύσεως
3094 1429 3494 1498 χαλεπαίνομεν
3523 1471 3536 1484 ,
3576 1428 3664 1480 ὅτι

2086 1523 2277 1594 θνητὸς
2313 1523 2389 1577 ὢν
2410 1525 2508 1593 τὴν
2547 1523 2708 1593 φύσιν
2730 1524 3016 1594 ἄνθρωπος
3043 1522 3123 1594 τῷ
3147 1522 3362 1591 Θανάτῳ
3388 1521 3668 1587 ὲλειτούρ⁴

2084 1631 2284 1684 γησεν;
2312 1615 2394 1668 ὅτι
2420 1615 2488 1668 τὰ
2510 1615 2603 1667 ῐσα
2627 1615 2724 1668 καὶ
2744 1614 2904 1684 ὅμοια
2933 1614 3106 1684 πατρὶ
3138 1613 3232 1665 καὶ
3266 1611 3433 1682 μητρὶ
3469 1608 3666 1676 καὶτῷ

2083 1708 2254 1778 λοιπῷ
2307 1707 2454 1776 γένει
2504 1706 2596 1760 τὸν
2630 1706 2878 1776 παρόντα
2935 1707 3049 1776 βίον
3099 1704 3454 1774 διεπέρασεν;
3499 1701 3565 1753 Τί
3611 1699 3661 1752 δ’

2083 1800 2252 1871 ἐχρῆν
2283 1801 2370 1866 ἐφ’
2400 1798 2558 1868 ἡμῶν
2585 1797 2742 1867 μόνον
2771 1798 3151 1866 ἀνατραπῆναι
3198 1794 3298 1865 τὴν
3351 1793 3534 1864 φύσιν,
3565 1791 3668 1844 καὶ

413 1881 664 1937 transivit
688 1883 712 1935 ?
744 1884 830 1936 An
859 1891 978 1937 erat
1002 1898 1216 1952 aequum
1249 1892 1310 1938 ut
1333 1893 1516 1937 nostra
1539 1899 1702 1938 causa
1749 1885 1978 1939 subrue-

2089 1890 2420 1961 συγχυθῆναι
2445 1889 2572 1952 τοὺς
2598 1889 2758 1958 ὅρους
2796 1889 2900 1958 τῆς
2922 1887 3150 1947 κτίσεως
3174 1901 3188 1949 ;
3215 1885 3269 1937 τί
3298 1884 3407 1954 γὰρ
3447 1881 3674 1952 προκύ-

413 1981 564 2026 retur
595 1982 786 2028 natura
812 2013 829 2038 ,
861 1982 918 2028 et
948 1983 1009 2028 ut
1032 1973 1324 2028 creationis
1353 1975 1571 2029 termini
1590 1975 1985 2031 confunderen-

413 2063 541 2117 tur?
569 2063 702 2117 Nam
730 2064 860 2132 quid
901 2080 1138 2135 unquam
1190 2066 1390 2134 prodiit
1417 2081 1516 2136 per
1555 2067 1982 2137 generationem,

413 2152 557 2221 quod
589 2168 698 2208 non
736 2154 954 2207 demum
981 2169 1079 2223 per
1107 2155 1514 2209 dissolutionem
1557 2164 1612 2210 et
1640 2166 1868 2212 mortem
1892 2171 1984 2212 rc-

412 2245 716 2316 mcrgitur?
751 2247 956 2303 Omitto
987 2249 1186 2303 herbas
1224 2248 1500 2312 ﬂorentes,
1547 2251 1815 2319 pulchras,
1858 2249 1982 2322 qui-

407 2335 514 2390 bus
531 2351 639 2390 non
656 2338 818 2392 modo
835 2339 999 2406 oculi,
1023 2338 1119 2393 sed
1137 2347 1190 2393 ct
1205 2354 1397 2394 sensus
1412 2340 1592 2393 caeteri
1607 2340 1946 2395 oblectantur
1965 2357 1980 2394 :

410 2427 726 2498 plantarum
783 2440 1000 2487 transeo
1033 2431 1308 2498 decorem,
1350 2441 1407 2487 et
1439 2431 1817 2488 universorum
1865 2433 1983 2487 ani-

407 2520 637 2574 malium
671 2537 885 2594 greges,
917 2539 1037 2593 quae
1078 2525 1259 2578 omnia
1285 2524 1620 2594 temporibus
1676 2533 1980 2591 transeunt,

407 2617 465 2664 et
503 2611 803 2666 sortiuntur
855 2615 1260 2684 generationem
1313 2629 1455 2680 eam,
1489 2630 1609 2684 quae
1657 2616 1981 2684 prommium

407 2701 594 2774 pangit
639 2702 1005 2760 dissolutioni.
1065 2705 1172 2760 Sed
1215 2707 1395 2762 recole
1437 2717 1710 2761 astrorum
1751 2708 1982 2760 chorum

409 2793 551 2848 bene
575 2793 984 2864 dispositorum,
1011 2805 1213 2866 quanta
1234 2797 1490 2853 ﬁrmitate
1510 2806 1775 2852 exornant
1801 2798 1984 2852 ﬁrma-

408 2893 678 2951 mentum,
734 2886 1120 2943 illustrioribus
1151 2903 1336 2944 aerem
1363 2889 1636 2945 coloribus
1676 2890 1870 2944 ﬂorum
1928 2891 1982 2944 in

408 2991 619 3030 morem
687 2979 1099 3047 illuminantes;
1155 2991 1372 3037 noctem
1422 2984 1656 3053 qualiter
1705 2985 1984 3041 funalibus

408 3077 694 3136 exornant,
739 3070 870 3126 dum
921 3072 1295 3130 horriditatem
1352 3075 1496 3130 illius
1553 3078 1721 3132 radiis
1771 3079 1984 3135 emissis

410 3169 736 3228 temperant,
763 3163 834 3217 ita
856 3174 1064 3236 gratum
1097 3166 1407 3223 hominibus
1422 3171 1788 3238 spectaculum
1823 3171 1979 3228 exhi-

409 3249 594 3314 bentia
623 3269 636 3306 :
663 3251 844 3307 lunam
857 3225 1122 3326 deinceps
1142 3257 1374 3338 intuere,
1398 3225 1518 3329 qua:
1544 3270 1786 3317 mutuata
1809 3279 1839 3318 a
1867 3265 1982 3320 sole
2006 3225 2050 3286 ϐ

408 3344 586 3400 lucem
614 3361 790 3415 suam,
828 3348 945 3404 sine
973 3349 1098 3406 dote
1128 3352 1294 3422 gratis
1317 3369 1498 3408 aerem
1524 3354 1775 3422 illustrat,
1798 3366 1852 3412 et
1883 3358 1982 3412 do-

409 3450 541 3489 num
565 3448 845 3507 acceptum
893 3440 1135 3511 impertit
1154 3442 1312 3515 longe
1345 3445 1560 3514 lateque
1586 3485 1602 3512 ,
1630 3448 1703 3502 ita
1724 3457 1785 3502 ut
1837 3449 1979 3504 diem

409 3527 519 3583 diei
552 3531 980 3587 antecedaneum
1025 3535 1356 3591 constituere
1399 3539 1620 3593 nitatur.
1657 3539 1764 3595 Sed
1794 3543 1984 3595 termi-

411 3636 545 3674 num
602 3621 705 3676 ista
730 3625 911 3678 omnia
965 3627 1264 3695 respiciunt
1311 3645 1491 3693 suum,
1529 3631 1771 3686 debitum
1818 3649 1984 3703 agno-

412 3721 574 3769 scunt
600 3728 780 3778 suum,
813 3724 868 3769 et
891 3716 958 3770 ad
992 3715 1294 3772 faciendam
1327 3720 1652 3775 solutionem
1688 3731 1982 3778 maturant.

415 3804 506 3859 Sol
541 3805 655 3875 ipse
682 3821 865 3860 nonne
899 3808 1164 3862 mirabilis
1185 3819 1268 3864 est
1297 3821 1540 3880 aspectu,
1581 3813 1987 3882 pulchritudine

415 3896 580 3964 plane
624 3899 955 3954 admirabilis
994 3901 1016 3953 ?
1068 3907 1137 3955 de
1185 3917 1294 3970 quo
1345 3917 1456 3956 non
1508 3903 1656 3957 aliud
1708 3905 1988 3971 edixeris,

415 4004 578 4055 quam
597 3991 742 4058 quod
783 4001 840 4044 ut
869 3993 1019 4062 gigas
1050 3994 1277 4047 exsultat
1302 3995 1551 4063 conﬁcere
1575 4012 1783 4049 cursum
1812 4014 1989 4062 suum,

415 4079 482 4133 ab
514 4096 619 4134 una
643 4082 759 4135 εωίὶ
782 4087 1111 4144 extremitate
1139 4086 1208 4139 ad
1229 4086 1454 4140 alteram
1479 4088 1542 4155 ¹¹⁵,
1569 4103 1737 4142 cursu
1754 4091 1990 4159 quodam

2083 1985 2189 2052 ψαν
2219 1981 2307 2034 διὰ
2331 1980 2624 2049 γενέσεως,
2649 1980 2712 2033 ού
2734 1978 2820 2032 διὰ
2846 1979 3052 2041 λύσεως
3079 1977 3241 2030 πάλιν
3279 1976 3374 2029 καὶ
3426 1974 3666 2028 θανάτου

2082 2073 2438 2140 καταδύεται;
2476 2072 2805 2143 Παραλείπω
2833 2070 3070 2140 βοτανῶν
3100 2069 3235 2138 ἄνθη
3263 2069 3358 2122 καὶ
3380 2067 3574 2135 κάλλη,
3598 2065 3672 2118 οὐ

2080 2165 2178 2236 τὴν
2206 2163 2330 2234 ὄψιν
2363 2163 2542 2233 μόνον,
2575 2161 2712 2214 ἀλλὰ
2749 2164 2847 2214 καὶ
2876 2160 2972 2223 τὰς
3005 2160 3171 2222 ἄλλας
3225 2157 3508 2227 αἰσθήσεις
3534 2156 3668 2227 τέρ-

2082 2273 2274 2310 ποντα.
2336 2254 2672 2324 Παρατρέχω
2725 2250 2910 2320 φυτῶν
2956 2249 3321 2320 ὡραιότητας,
3363 2247 3566 2317 ἀγέλας
3597 2262 3668 2300 τε

2083 2345 2439 2402 παντοδαπῶν
2491 2343 2668 2408 ζώων.
2710 2344 2964 2395 Ἀπαντα
2987 2342 3065 2412 τῷ
3095 2342 3273 2411 χρόνῳ
3301 2340 3670 2410 παρέρχεται,

2082 2443 2178 2495 καὶ
2197 2439 2294 2510 τὴν
2322 2437 2538 2506 γένεσιν
2568 2436 2818 2506 εὑρίσκει
2857 2433 3320 2506 προοιμιάζουσαν
3352 2433 3453 2502 τὴν
3479 2431 3672 2485 διάλυ-

2084 2549 2190 2584 σιν.
2235 2529 2373 2582 Ἀλλ’
2409 2528 2579 2580 ἐννόει
2613 2543 2702 2596 μοι
2727 2525 2820 2578 τὸν
2845 2524 3106 2578 εὔτακτον
3131 2525 3292 2594 χορὸν
3350 2523 3460 2576 τῶν
3501 2523 3676 2577 ἀστέ-

2085 2639 2214 2692 ρων,
2241 2621 2388 2681 ὅπως
2411 2637 2469 2672 τε
2503 2618 2841 2671 ποικίλλουσι
2871 2619 2934 2670 τὸ
2958 2616 3261 2686 στερέωμα,
3295 2616 3494 2684 βαφαῖς
3520 2615 3673 2684 λαμ-

2083 2714 2377 2786 προτέραις
2403 2707 2841 2780 περιανθίζοντες
2866 2709 2935 2761 τὰ
2952 2708 3208 2778 οὐράνια.
3250 2709 3360 2761 Καὶ
3384 2708 3533 2769 ὅπως
3563 2707 3672 2778 δᾳ-

2081 2804 2329 2876 δουχοῦσι
2347 2803 2447 2873 τὴν
2469 2802 2660 2864 νύκτα,
2691 2801 2751 2853 τὸ
2781 2800 3011 2867 στυγνὸν
3035 2799 3209 2867 αὐτῆς
3231 2798 3672 2866 ὑπαυγάζοντες,

2083 2898 2178 2950 καὶ
2214 2896 2314 2964 τὴν
2348 2895 2474 2947 θέαν
2515 2892 2721 2947 ἄλυπον
2763 2893 2876 2953 τοῖς
2905 2890 3074 2960 ὁρῶσι
3127 2890 3496 2960 παρεχόμενοι
3518 2905 3532 2919 ·
3563 2889 3679 2958 τὴν

2085 2990 2313 3058 σελήνην
2339 2987 2499 3039 πάλιν
2531 2986 2842 3046 ἐπισκόπει,
2859 2985 3007 3046 ὅπως
3034 2984 3100 3035 ὲκ
3116 2981 3209 3035 τοῦ
3240 2982 3393 3052 ἡλίου
3416 2980 3677 3044 δανειζο-

2094 3082 2230 3152 μένη
2247 3080 2308 3132 τὸ
2332 3080 2468 3148 φῶς,
2496 3081 2697 3147 προῖκα
2715 3079 2807 3130 τὸν
2829 3076 2967 3145 ἀέρα
3013 3074 3296 3143 πυρσεύει,
3340 3073 3438 3127 καὶ
3459 3074 3677 3141 φιλοτι-

2088 3177 2273 3245 μεῖται
2301 3173 2360 3227 τὸ
2383 3172 2579 3241 δῶρον,
2608 3171 2702 3223 καὶ
2724 3170 2831 3239 πρὸ
2850 3168 3061 3238 ἡμέρας
3081 3165 3249 3235 ἄλλην
3277 3167 3496 3236 ἡμέραν
3517 3165 3682 3234 φιλο-

2082 3266 2256 3317 νεικεῖ
2281 3260 2714 3334 ἄπεργάζεσθαι.
2731 3257 2891 3312 Ἀλλὰ
2916 3259 3009 3311 καὶ
3038 3257 3211 3312 ταῦτα
3239 3257 3419 3310 πάντα
3435 3257 3573 3327 πρὸς
3591 3256 3682 3309 τέο

2081 3355 2172 3417 λος
2195 3355 2317 3424 ὁρᾷ,
2331 3352 2505 3406 καὶτὸ
2525 3352 2681 3422 χρέος
2698 3346 2827 3416 οἵδε,
2847 3349 2941 3404 καὶ
2959 3349 3143 3421 τρέχει
3168 3349 3304 3419 πρὸς
3325 3349 3424 3418 τὴν
3438 3348 3681 3417 ἀπαίτηο

2086 3461 2190 3499 σιν.
2224 3444 2396 3506 Αὐτὸς
2419 3445 2448 3496 ό
2477 3442 2627 3512 ἥλιος
2640 3443 2702 3495 οὺ
2725 3441 2980 3512 λαμπρὸς
3002 3441 3098 3511 μὲν
3125 3441 3274 3501 ίδεῖν,
3295 3440 3598 3509 θαυμάσιος
3615 3441 3680 3492 δὲ

2081 3538 2144 3591 τὸ
2169 3535 2398 3601 κάλλος;
2434 3535 2530 3588 καὶ
2568 3534 2622 3587 τί
2666 3534 2776 3603 γὰρ
2811 3533 2940 3588 ἄλλο
2979 3534 3186 3595 εἰπεῖν,
3217 3532 3250 3602 ἢ
3284 3533 3368 3585 ὅτι
3399 3533 3481 3597 ὡς
3503 3532 3680 3600 γίγας

2083 3628 2534 3698 ἀγαλλιώμενος
2553 3624 2798 3695 δραμεῖν
2828 3624 2974 3678 ὁδὸν
2995 3623 3204 3686 αὐτοῦ,
3221 3623 3321 3677 ἀπ’
3352 3620 3542 3688 ἄκρου
3567 3621 3686 3675 τοῦ

2086 3719 2370 3790 οὐρανοῦ,
2386 3719 2496 3786 ἕως
2527 3719 2716 3786 ἄκρου
2739 3716 2847 3771 τοῦ
2861 3715 3146 3784 οὐρανοῦ,
3169 3716 3375 3767 ἐκεῖνον
3391 3713 3488 3765 τὸν
3503 3713 3680 3783 ὑπερ-

2088 3814 2198 3884 φυῆ
2231 3814 2430 3884 δρόμον
2454 3813 2548 3864 καὶ
2593 3809 2856 3863 εὔτακτον
2910 3810 2968 3860 ὲν
3001 3806 3150 3877 αὐτῷ
3176 3807 3328 3876 μέσῳ
3377 3805 3454 3876 τῷ
3482 3806 3686 3874 κόσμῳ

2090 3902 2765 3972 ἁνελίττων,θεατρίζειτε
2782 3903 2873 3954 καὶ
2901 3900 3294 3953 ἐπιδείκνυταιο
3328 3901 3424 3951 καὶ
3447 3898 3516 3951 τὰ
3535 3897 3678 3966 σύμ-

2092 4015 2267 4051 παντα
2290 3999 2410 4058 ταῖς
2437 3996 2621 4047 ἀκτῖσι
2655 3992 2884 4062 βάλλων,
2918 3991 3014 4044 καὶ
3041 3990 3202 4043 τοῖτο
3236 3989 3334 4059 μὲν
3366 3987 3679 4055 ζωογονῶν,

2091 4089 2250 4143 τοῦτο
2277 4089 2334 4141 δὲ
2367 4087 2611 4150 θάλπων,
2641 4085 2740 4138 καὶ
2770 4083 3010 4152 συνέχων
3030 4082 3101 4132 τὰ
3121 4080 3376 4150 περίγεια
3409 4079 3553 4146 λόγῳ
3583 4081 3681 4131 καὶ

415 4173 667 4228 ordinato
697 4215 712 4240 ,
768 4176 896 4230 licet
942 4180 1339 4247 supernaturali
1369 4221 1384 4246 ,
1422 4180 1475 4233 in
1517 4181 1666 4236 orbis
1713 4183 1892 4237 medio
1935 4198 1988 4238 se

2095 4181 2247 4250 νόμῳ
2283 4177 2379 4232 τοῦ
2420 4177 2746 4238 Κτίσαντος,
2774 4175 2896 4244 οὐχὶ
2925 4174 3166 4244 τοσούτῳ
3225 4175 3458 4243 μακροῖς
3503 4170 3681 4225 ταῦτα

415 4263 715 4332 explicans,
749 4273 1004 4335 tanquam
1032 4269 1087 4321 in
1118 4269 1331 4323 theatro
1371 4270 1770 4338 manifestatur,
1803 4281 1858 4326 et
1909 4288 1988 4327 τοι

2096 4272 2350 4342 πράττων
2367 4271 2428 4322 οὐ
2449 4268 2719 4338 γηράσκει
2741 4267 2974 4338 χρόνοις,
2998 4266 3108 4319 οὐδ’
3132 4264 3441 4317 ἀλλοιοῦται
3462 4264 3525 4315 τὸ
3549 4263 3684 4315 κάλ-

414 4353 519 4406 diis
573 4355 754 4408 omnia
805 4357 1138 4426 percutiens,
1174 4359 1366 4427 partim
1406 4360 1513 4414 vita
1545 4360 1725 4414 dolata
1778 4361 1988 4427 imbuit,

2096 4365 2207 4427 λος,
2242 4361 2366 4415 οὐδὲ
2393 4362 2485 4414 τὸν
2516 4361 2720 4432 δρόμον
2775 4357 3020 4423 ὀκλάζει,
3055 4356 3165 4409 οὐδ’
3196 4355 3310 4425 ἔχει
3355 4354 3578 4426 πρᾶξιν,
3610 4355 3679 4408 δι’

413 4445 614 4513 partim
646 4445 794 4500 fovet
827 4465 842 4512 ;
876 4457 929 4501 ct
969 4449 1267 4520 compingit
1298 4450 1351 4504 in
1387 4466 1467 4514 se,
1502 4467 1840 4520 quaecunque
1868 4452 1988 4506 sub-

2097 4451 2156 4512 οὗ
2205 4456 2305 4526 τὴν
2355 4455 2508 4507 λύσιν
2562 4451 3016 4522 άπαιτηθήσεται.
3083 4449 3245 4502 Ἀλλὰ
3304 4449 3404 4502 καὶ
3461 4443 3619 4510 οὗτος
3651 4449 3680 4500 ὁ

415 4537 626 4590 lunaria
680 4539 982 4593 secundum
1036 4540 1275 4595 edictum
1337 4542 1666 4597 conditionis
1694 4560 1806 4598 sua:
1841 4564 1853 4597 :
1893 4561 1988 4598 ne-

2098 4547 2353 4610 τοσοῦτος
2379 4546 2474 4600 καὶ
2507 4543 2827 4615 τηλικοῦτος
2855 4543 2918 4595 ού
2949 4540 3236 4609 διαφεύγει
3265 4539 3326 4592 τὺ
3355 4540 3530 4603 τέλος,
3563 4539 3678 4592 ἀλλ’

413 4645 521 4698 que
551 4630 781 4693 interea,
825 4632 953 4686 dum
984 4634 1087 4688 hoc
1129 4634 1340 4706 peragit
1370 4635 1534 4689 tantis
1558 4645 1614 4690 et
1643 4644 1750 4690 tam
1787 4639 1994 4706 produ-

415 4722 517 4777 ctis
539 4724 729 4792 spatiis
755 4726 1121 4790 consenescit,
1153 4741 1331 4796 neque
1353 4727 1566 4782 decoris
1589 4729 1671 4783 sui
1693 4729 1992 4799 deliquium

421 4815 503 4870 vel
551 4816 970 4873 diminutionem
1021 4819 1244 4889 patitur,
1298 4836 1407 4874 non
1456 4821 1512 4874 in
1558 4837 1723 4875 cursu
1773 4821 1990 4886 fatiscit,

417 4907 552 4961 nihil
581 4909 710 4979 agit,
734 4909 880 4965 unde
930 4911 999 4965 de
1023 4911 1384 4966 dissolutione
1428 4913 1735 4981 postuletur
1765 4929 1780 4977 ;
1811 4921 1864 4966 et
1909 4923 1994 4966 ta-

419 5013 542 5051 men
563 4999 652 5054 ille
682 5001 802 5054 talis
843 5011 1133 5072 tantusque
1156 5003 1320 5058 finem
1362 5018 1522 5058 suum
1581 5014 1997 5058 etconsumma—

421 5090 622 5142 tionem
653 5106 764 5144 non
796 5092 1028 5164 diﬂ‘ugit,
1065 5095 1161 5149 sed
1207 5095 1443 5150 decretis
1494 5096 1803 5151 succumbit
1833 5105 1998 5150 natu-

418 5179 643 5234 ralibus.
676 5179 869 5235 Omnia
892 5182 1095 5254 quippe
1137 5186 1516 5250 immutantur,
1565 5200 1669 5239 nec
1700 5185 1994 5255 quidquam

419 5281 523 5332 est,
579 5272 726 5341 quod
781 5289 878 5342 per
933 5277 1335 5345 generationem
1383 5279 1808 5345 substantiatur,
1865 5279 1998 5349 quin

421 5373 546 5416 ante
588 5372 820 5417 mortem
860 5366 1063 5434 aspirct
1097 5368 1580 5425 immortalitatem.
1633 5371 1777 5436 Quid
1823 5371 1999 5441 ergo?

423 5451 550 5505 [huc
578 5452 763 5505 omnia
800 5452 1157 5523 reﬁnguntur,
1194 5465 1250 5511 et
1297 5474 1356 5514 se
1409 5460 1719 5524 immutant,
1771 5476 1875 5515 nec
1931 5459 2000 5513 de

423 5545 532 5597 line
571 5543 900 5598 conditionis
949 5561 1062 5600 sua:
1102 5558 1465 5615 murmurant,
1502 5551 1597 5606 sed
1649 5550 1873 5622 Opiﬂcis
1913 5551 2000 5606 sui

424 5633 826 5703 bcueplacitum
892 5652 1047 5705 mque
1113 5638 1296 5694 animo
1343 5640 1565 5697 ferunt:
1623 5651 1677 5697 at
1732 5660 1855 5710 nos,
1906 5645 1998 5714 qui

503 5817 543 5847 "'
577 5815 720 5870 I‘sal.
751 5834 905 5885 xvm,
945 5822 996 5873 6.

2103 4639 2410 4692 ύποκύπτει
2433 4638 2545 4699 τοῖς
2562 4637 2748 4705 νόμοις
2769 4635 2865 4702 τῆς
2898 4632 3136 4702 φύσεως.
3158 4633 3344 4684 Πάντα
3371 4631 3485 4701 γὰρ
3514 4647 3678 4698 μετα-

2102 4729 2377 4792 ϐάλλεται,
2407 4726 2501 4778 καὶ
2526 4724 2702 4787 οὐδὲν,
2746 4722 2775 4775 ὃ
2819 4723 2907 4774 διὰ
2942 4720 3208 4787 γενέσεως
3245 4718 3507 4786 οὑσιώθη,
3560 4721 3676 4770 ἐπι-

2101 4822 2256 4894 ζητεῖ
2295 4819 2400 4890 πρὸ
2423 4817 2518 4892 τοῦ
2551 4816 2780 4870 θανάτου
2813 4812 3002 4883 μαθεῖν
3026 4812 3088 4864 τὸ
3115 4811 3404 4866 ἀθάνατον.
3449 4809 3514 4863 Τί
3545 4809 3670 4868 οὗν;

2101 4911 2275 4966 ταῦτα
2296 4910 2472 4964 πάντα
2497 4906 2928 4978 μεταπλάττεται
2957 4904 3051 4957 καὶ
3078 4902 3404 4970 μεταϐάλλει
3431 4903 3523 4954 καὶ
3545 4900 3674 4969 πρὸς

2101 5004 2195 5056 τὸν
2220 5003 2346 5071 ὅρον
2365 5001 2467 5054 οὐκ
2493 4999 2792 5066 ἀγανακτεῖ
2826 4996 2929 5064 τῆς
2958 4994 3231 5056 πλάσεως,
3263 4993 3380 5045 ἀλλ’
3415 4989 3677 5051 εὐπειθῶς

2101 5093 2258 5163 φέρει
2293 5089 2386 5143 τοῦ
2415 5088 2664 5158 τεχνίτου
2688 5085 2748 5138 τὸ
2779 5084 3025 5154 βούλημα
3050 5098 3064 5111 ·
3095 5083 3258 5152 ἡμεῖς
3295 5080 3353 5132 δὲ
3381 5078 3450 5132 δι’
3479 5074 3553 5132 ὧν
3578 5076 3680 5142 μά-

2101 5203 2200 5256 την
2226 5183 2560 5252 κοπτόμεθα;
2581 5179 2703 5232 καθ’
2729 5179 2884 5248 ἡμῶν
2925 5177 2988 5229 τὸ
3014 5175 3170 5228 Θεῖον
3197 5171 3557 5244 παροργίζειν
3583 5171 3684 5222 οὑκ

2101 5279 2406 5347 ὀκνήσομεν
2427 5291 2441 5337 ;
2461 5273 2556 5326 καὶ
2571 5270 2810 5324 τοσαῦτα
2830 5269 2935 5340 πρὸ
2953 5265 3246 5335 ὀφθαλμῶν
3266 5265 3484 5335 ἔχοντες
3503 5279 3684 5332 παρα-

2100 5370 2371 5438 δείγματα
2389 5409 2404 5433 ,
2435 5367 2538 5420 ὑπὸ
2559 5363 2762 5417 τούτων
2789 5363 2885 5432 μὲν
2915 5360 3128 5422 οὐδενὸς
3156 5357 3539 5428 ἀνανήψομενς
3585 5355 3688 5406 ὃσα

2103 5462 2160 5516 δὲ
2187 5463 2246 5514 τὸ
2277 5459 2449 5520 πάθος
2471 5457 2566 5510 καὶ
2594 5459 2622 5509 ὁ
2653 5454 2887 5524 πονηρὸς
2917 5452 3269 5521 ὑπαγορεύει,
3314 5449 3526 5510 τούτοις
3553 5447 3687 5498 ἐαυ-

2109 5554 2236 5614 τοὺς
2265 5549 2698 5620 παραδώσομενς
2735 5544 2966 5599 Ἔλαϐεν
3004 5545 3034 5596 ὁ
3059 5541 3312 5611 ιιλάστης
3336 5540 3474 5608 πρὸς
3498 5539 3690 5590 ἑαυτὸν

2110 5645 2170 5699 τὸ
2199 5643 2547 5714 πλαστούργη
2558 5659 2632 5713 μα
2658 5657 2670 5672 ·
2701 5640 2792 5693 καὶ
2817 5639 2881 5691 σὺ
2905 5639 3004 5690 οὐκ
3031 5634 3198 5705 ἀνέχῃ
3225 5634 3311 5687 ἵνα
3341 5632 3402 5685 λύ
3413 5649 3478 5701 σῃ
3514 5629 3689 5682 πόνων
