4024 6504
264 468 348 536 921

1392 469 1934 531 EPISTOLARUM
1975 472 2207 533 LIBER
2250 474 2331 533 Ιῐ.

3398 474 3509 538 922

266 591 349 641 καὶ
378 576 687 652 φροντίδων,
722 577 758 630 ἃ
780 576 856 648 τῷ
888 576 987 646 βίῳ
1013 578 1227 640 πάντως
1276 579 1783 633 συνανακύπτουσιν
1804 596 1815 609 ’

1941 582 2127 638 'rustra
2152 584 2477 655 plangimur,
2505 597 2604 653 per
2633 589 2881 635 nostram
2910 580 3056 635 illam
3080 582 3358 650 querelam
3387 586 3505 638 Nu-

266 677 350 731 καὶ⁹
385 674 448 727 σὺ
471 670 841 742 δυσχεραίνεις
876 670 962 722 ἵνα
994 672 1271 740 ἀναστήσῃ
1301 686 1315 701 ⁸
1348 671 1445 724 καὶ
1467 673 1532 723 σὺ
1562 670 1659 742 τὴν
1700 688 1825 723 τοσ-

268 767 421 835 αύτην
442 764 600 833 χάριν
632 762 873 832 ὀλοφύρῃ
901 781 915 829 ;
944 763 1117 826 Αὐτὸς
1161 763 1582 829 ἀπαθανατίζει,
1608 764 1703 817 καὶ
1735 765 1822 829 σὺ,

266 860 331 921 ὡς
363 856 553 927 μηκέτι
573 853 759 923 οὔσης,
783 857 863 917 εἰς
886 855 1153 925 ὀδυρμοὺς
1176 855 1536 918 καταπίπτειζ
1559 870 1572 883 ⁸
1600 855 1695 909 καὶ
1720 855 1823 908 ποῦ

266 949 420 1003 ταῦτα
448 948 549 1015 τῆς
580 946 678 1016 σῆς
710 947 912 1017 ἀρετῆς
962 947 1123 1014 ἇξιας
1166 947 1279 1000 ἀλλ’
1310 946 1669 1015 ἀναλάϐωμεν
1699 949 1826 1000 ἐαυ-

264 1044 397 1103 τοὺς,
428 1040 740 1108 ἐπι-γνῶμεν
782 1039 939 1109 ήμῶν
983 1039 1082 1110 τὴν
1139 1038 1323 1108 φύσιν,
1384 1039 1702 1110 ὲπιγνῶμεν
1737 1038 1827 1092 τὸν

268 1134 520 1199 Ιιλάστην,
556 1131 902 1200 ἐννοήσωμεν
933 1131 1034 1201 τὴν
1084 1129 1320 1184 ἄϐυσσον
1345 1132 1448 1198 τῆς
1488 1133 1827 1198 Δεσποτικῆς

266 1219 682 1289 φιλανθρωπίας.
723 1222 962 1276 Ἔδωκεν
996 1224 1075 1285 είς
1107 1223 1385 1291 ἐπιτιμίου
1414 1222 1569 1291 λόγον
1611 1224 1701 1277 τὸν
1731 1223 1829 1277 θά-

266 1326 443 1364 νατον·
475 1310 594 1363 ἀλλ’
633 1311 935 1373 ἀθανασίας
986 1313 1147 1365 αὑτὸν
1201 1312 1377 1381 πύλην
1405 1313 1471 1365 δι’
1534 1314 1664 1365 ίδίου
1700 1331 1829 1379 μετ-

266 1404 547 1457 εσκεύασεν
569 1404 825 1459 θανάτου.
874 1396 1091 1474 Ὀργῆς
1120 1403 1216 1457 καὶ
1235 1404 1660 1475 ἀγανακτήσεως
1688 1406 1828 1457 ἀπό-

266 1515 416 1566 φασις
444 1494 541 1565 ἦν·
596 1497 735 1550 ἀλλὰ
792 1498 891 1565 τὴν
917 1497 1092 1566 ἄκραν
1151 1495 1467 1567 ἀγαθότητα
1508 1496 1600 1549 τοῦ
1638 1496 1827 1567 κριτοῦ

268 1589 487 1659 μηνύει·
515 1589 633 1643 ἀλλ’
673 1588 991 1658 ὑπερϐαίνει
1037 1588 1312 1657 λογισμῶν
1372 1588 1628 1658 μεθόδους
1659 1590 1719 1641 τὸ
1744 1590 1830 1641 ὲν-

265 1678 450 1747 νόημα.
481 1678 615 1731 Λύει
653 1678 751 1749 μὲν
778 1678 886 1747 γὰρ
908 1676 1122 1747 Θανάτῳ
1147 1677 1244 1747 τὴν
1265 1677 1446 1745 φύσιν,
1472 1678 1593 1748 ἥτις
1624 1679 1710 1731 διά
1736 1677 1830 1730 τοῦ

265 1767 580 1835 προγονικοῦ
616 1768 903 1839 συνετρίϐη
937 1767 1411 1838 παραπτώματος·
1438 1767 1553 1821 ἀλλ’
1601 1770 1635 1838 ή
1680 1768 1832 1831 λύσις

264 1859 538 1929 προοίμιον
565 1858 664 1928 τῆς
693 1858 1053 1921 ἀναπλάσεως
1074 1858 1303 1926 γίνεται.
1335 1860 1545 1928 Διαιρεῖ
1588 1857 1684 1910 τοῦ
1720 1858 1827 1911 σώ-

267 1927 427 2019 ματος
474 1949 578 2017 τὴν
610 1947 790 2019 ψυχήν
810 1965 822 1977 ·
856 1947 949 2000 xui.
1001 1949 1033 2016 ή
1065 1947 1327 2018 διαίρεσις
1350 1927 1493 2018 ἀρχὴ
1538 1947 1830 2017 συναφείας
1861 1927 1905 1983 Β

262 2041 642 2111 λαμπροτέρας
672 2056 734 2093 τε
773 2039 866 2093 καὶ
892 2039 1172 2110 θειοτέρας
1214 2040 1549 2110 εὑρίσκεται·
1586 2041 1831 2107 Σπείρε-

262 2149 350 2187 ται
381 2134 489 2201 γὰρ
524 2130 695 2200 σῶμα
713 2132 1006 2201 ψυχικὸν,
1036 2132 1320 2201 ἐγείρεται
1344 2132 1515 2201 σῶμα
1564 2147 1831 2199 πνευμα-

261 2226 452 2277 τικόν·
500 2223 811 2292 σπείρεται
851 2222 922 2276 ἐν
974 2223 1196 2291 ἀτιμίᾳ,
1242 2223 1529 2293 ἐγείρεται
1555 2224 1624 2277 ἐν
1654 2224 1829 2292 δόξῃ.

274 2313 664 2385 ’Λναλαμϐάνει
688 2314 749 2367 τὸ
776 2314 1147 2384 φιλοτέχνημα
1184 2315 1293 2369 τῶν
1331 2318 1546 2368 οἰκείων
1575 2316 1773 2386 χειρῶν
1803 2318 1831 2368 ὁ

261 2407 596 2477 Δημιουργὸς
622 2446 639 2473 ,
686 2406 835 2459 ἕλκει
876 2408 1014 2477 πρὸς
1048 2407 1240 2459 ἑαυτόν
1266 2423 1280 2437 ·
1330 2408 1551 2477 χωρίζει
1594 2409 1693 2477 μὲν
1723 2406 1832 2460 τῶν

259 2499 609 2570 ἀνθρωπίνων
641 2499 957 2569 ὀφθαλμῶν,
1016 2500 1129 2552 ἀλλ’
1193 2498 1296 2552 ὑπὸ
1338 2502 1458 2562 ταῖς
1512 2499 1833 2567 ἀγγελικαῖς

258 2592 565 2661 ἀστραπαῖς
580 2591 675 2643 καὶ
697 2590 1074 2661 λαμπρότησιν
1090 2589 1480 2656 ὲγκατοικίζει.
1519 2590 1629 2642 Ποῦ
1661 2590 1835 2643 ταῦτα

261 2681 484 2751 θρήνων,
549 2678 653 2732 ποῦ
702 2680 760 2733 δὲ
788 2679 1075 2749 δακρύων;
1108 2680 1271 2731 πόσον
1303 2679 1498 2749 ἀπέχει
1530 2681 1735 2733 τούτων
1772 2682 1834 2734 τὸ

256 2772 442 2837 πένθος
465 2791 480 2839 ;
513 2772 700 2826 Ταῦτα
726 2773 1085 2843 διανοουμένη
1114 2773 1209 2825 καὶ
1230 2773 1460 2842 μελέτην
1482 2772 1702 2843 έχουσα,
1740 2776 1837 2827 καὶ

260 2870 359 2936 πρό
382 2884 447 2936 γε
473 2866 687 2919 τούτων
714 2865 969 2919 ἁπάντων
997 2869 1171 2918 ἐκεῖνο
1194 2864 1435 2918 λαϐοῦσα
1461 2866 1561 2935 τῆς
1591 2867 1831 2937 μνήμης,

254 2960 328 3013 ὃτι
358 2963 422 3013 ὲκ
449 2959 693 3029 βρέφους
720 2959 840 3029 Θεῷ
868 2958 1187 3027 ὲκολλήῢης,
1217 2957 1313 3009 καὶ
1346 2958 1425 3028 τῷ
1446 2956 1710 3028 ἀφθάρτῳ
1740 2959 1836 3010 καὶ

256 3053 506 3122 ἀθανάτῳ
536 3051 753 3121 νυμφίῳ
780 3050 1001 3121 Χριστῷ
1035 3048 1456 3119 συνηρμόσθης,
1505 3052 1835 3120 γεννήτορας

258 3146 350 3214 μὲν
371 3149 467 3200 καὶ
497 3146 765 3213 ἀδελφοὺς
791 3146 885 3197 καὶ
908 3144 1230 3213 συγγένειαν
1254 3143 1434 3196 πᾶσαν
1456 3142 1833 3214 ἀρνησαμένη,

1928 690 2051 729 men
2085 676 2301 729 irritare
2331 690 2441 729 non
2472 688 2801 744 gravamur:
2836 686 3015 741 neque
3037 687 3160 725 cum
3196 681 3275 727 tot
3304 674 3509 729 habea-

1927 782 2050 820 mus
2078 783 2189 836 pree
2217 767 2391 822 oculis
2420 766 2689 835 exempla,
2716 765 2784 819 ad
2809 780 2997 819 eorum
3033 765 3249 834 aliquod
3287 768 3509 821 excitati

1927 857 2077 912 velut
2104 859 2171 913 de
2200 858 2413 913 somnio
2448 857 2693 927 sapimus
2716 898 2733 923 ,
2774 858 2870 911 sed
2908 858 3089 926 potius
3121 872 3221 911 nos
3248 858 3314 912 iis
3346 861 3512 913 tradi-

1931 965 2051 1005 mus
2079 950 2448 1020 exagitandos,
2474 968 2596 1021 quae
2642 952 2892 1006 diabolus
2925 952 3165 1020 suggerit
3197 960 3252 1005 et
3278 951 3511 1006 affectus

1929 1043 2122 1097 nostri.
2151 1041 2454 1117 Transtulit
2491 1042 2771 1112 opiﬁcium
2807 1059 2967 1097 suum
3001 1045 3067 1096 ad
3102 1044 3342 1113 seipsum
3374 1045 3507 1098 arti-

1929 1134 2055 1199 fex;
2089 1141 2149 1188 tu
2173 1142 2382 1205 .autem
2420 1148 2562 1204 aegre
2591 1133 2700 1187 fers
2725 1174 2741 1197 ,
2784 1142 2843 1187 ut
2873 1149 2903 1187 a
2928 1132 3201 1187 laboribus
3244 1143 3299 1188 et
3338 1136 3507 1199 curis,

1930 1241 2050 1294 quae
2091 1225 2299 1295 passim
2354 1240 2452 1295 per
2481 1225 2603 1280 vitae
2633 1240 2853 1279 cursum
2900 1234 3215 1285 occurrunt.
3242 1242 3300 1280 se
3346 1242 3510 1294 expe-

1930 1317 2064 1371 diat.
2105 1316 2225 1373 Pati
2254 1332 2363 1371 non
2406 1326 2561 1386 potes
2593 1326 2652 1371 ut
2695 1326 2945 1388 resurgat
2983 1318 3107 1382 illa;
3137 1317 3231 1372 sed
3258 1318 3418 1371 talem
3456 1326 3513 1373 et

1934 1417 2136 1463 tantam
2167 1408 2392 1478 gratiam
2434 1408 2689 1464 collatam
2720 1409 2894 1463 doles.
2951 1408 3092 1462 Deus
3129 1409 3276 1462 illam
3325 1409 3511 1463 reddi-

1932 1502 2009 1555 dit
2064 1501 2448 1566 immortalem,
2486 1510 2540 1554 et
2597 1509 2655 1553 tu
2710 1499 2936 1566 idcirco,
2992 1501 3147 1569 quasi
3184 1516 3294 1553 non
3336 1500 3515 1555 adhuc

1933 1602 2172 1649 exstaret
2231 1593 2452 1657 alicubi,
2500 1593 2556 1646 in
2619 1593 2795 1647 lessus
2865 1602 2917 1646 te
2968 1577 3122 1646 dedis
3156 1600 3209 1646 et
3251 1593 3510 1649 lamenta.

1934 1686 2189 1741 Haeccine
2224 1696 2368 1740 tuam
2400 1700 2471 1738 an
2516 1699 2625 1740 non
2660 1684 2929 1739 dedecent
2955 1684 3255 1737 virtutem?
3282 1684 3515 1737 llecolli—

1935 1793 2124 1848 gamus
2153 1793 2254 1832 nos
2305 1778 2451 1847 ipsos
2498 1787 2703 1841 autem,
2738 1786 2989 1831 naturam
3034 1785 3278 1830 nostram
3310 1777 3517 1831 recola-

1938 1876 2088 1936 mus',
2140 1870 2489 1926 Conditorem
2560 1885 2920 1940 agnoscamus
2951 1910 2967 1934 ,
3017 1870 3267 1939 abyssum
3316 1870 3521 1925 divinae

1936 1962 2322 2018 misericordiae
2345 1964 2667 2033 cogitemus.
2699 1961 2927 2017 Mortem
2975 1962 3065 2016 ille
3091 1962 3373 2016 constituit
3395 1972 3516 2015 tan-

1932 2069 2093 2123 quam
2142 2058 2398 2124 poenam,
2461 2055 2556 2110 sed
2610 2071 2707 2125 per
2744 2054 3019 2123 propriam
3076 2070 3229 2108 suam
3282 2065 3515 2108 mortem

1929 2147 2149 2216 januam
2184 2147 2603 2202 immortalitatis
2622 2158 2857 2201 mortem
2886 2146 3173 2201 constituit
3199 2164 3213 2200 :
3243 2148 3517 2201 sententia

1934 2239 2036 2294 fuit
2097 2240 2241 2303 irati,
2290 2247 2346 2294 et
2380 2240 2717 2309 indignantis
2741 2239 2858 2301 Dei,
2902 2240 2998 2294 sed
3026 2249 3212 2292 tamen
3261 2239 3517 2292 eximiam

1930 2330 2127 2399 judicis
2162 2330 2463 2384 bonitatem
2522 2329 2769 2393 indicat;
2825 2329 3050 2384 rationis
3103 2328 3246 2383 viam
3294 2344 3516 2381 onmem

1934 2433 2225 2493 exsuperat
2245 2423 2520 2493 cogitatio.
2551 2422 2655 2477 Per
2680 2432 2913 2476 mortem
2953 2430 3146 2475 natura
3177 2420 3404 2475 solvitur
3428 2435 3513 2483 ea,

1934 2532 2055 2586 qua:
2078 2515 2465 2570 conterebatur
2497 2530 2595 2584 per
2650 2513 2810 2584 primi
2858 2513 3098 2584 parentis
3128 2512 3516 2583 transgressio-

1935 2628 2100 2678 nem;
2134 2612 2227 2666 sed
2286 2611 2376 2665 illa
2420 2610 2706 2665 dissolutio
2742 2610 2800 2663 fit
2829 2609 3151 2679 prooemium
3199 2617 3399 2661 nostrze
3429 2622 3519 2660 re—

1936 2702 2249 2757 creationis.
2307 2700 2519 2769 Corpus
2563 2709 2618 2755 et
2647 2698 2885 2754 animam
2931 2704 3145 2766 separat
3208 2710 3391 2757 mors;
3428 2693 3522 2747 illa

1937 2804 2118 2849 autem
2145 2792 2553 2861 coniunctionis
2586 2792 2810 2847 alterius
2846 2799 2901 2845 et
2929 2787 3241 2843 illustrioris
3272 2798 3327 2841 et
3379 2786 3519 2840 divi-

1937 2888 2105 2941 niuris
2173 2886 2388 2940 initimn
2438 2885 2747 2955 reperitur:
2792 2883 3097 2937 Seminatur
3148 2882 3288 2934 enim
3336 2895 3523 2946 corpus

1938 2980 2195 3043 animale,
2223 2981 2391 3050 surgit
2424 2996 2613 3047 corpus
2659 2978 2978 3046 spirituale;
3006 2975 3300 3029 seminatur
3338 2989 3525 3041 corpus

1939 3075 1990 3125 in
2021 3073 2289 3137 dedecore,
2316 3076 2485 3142 surgit
2521 3072 2578 3124 in
2604 3071 2774 3141 gloria
2810 3071 2874 3121 ίδ.
2911 3069 3060 3138 Opus
3090 3069 3239 3122 enim
3264 3081 3525 3120 manuum

1939 3177 2157 3214 suarum
2194 3160 2426 3215 assumit
2450 3158 2663 3229 Opifcx,
2698 3160 2764 3212 ad
2792 3175 2850 3214 sc
2883 3158 3141 3212 transfert
3169 3176 3182 3221 ;
3217 3158 3433 3225 seponit
3456 3155 3527 3207 ab

256 3238 395 3308 αὐτῷ
428 3239 487 3291 δὲ
515 3238 665 3309 μόνῳ
692 3238 783 3291 τὸν
815 3238 926 3307 βίον
951 3237 1069 3289 ὅλον
1092 3236 1186 3288 καὶ
1205 3236 1304 3306 τὴν
1325 3234 1471 3303 ζωὴν
1494 3234 1832 3303 καθυποσχο-

1944 3252 2195 3306 humanis
2256 3251 2469 3316 oculis,
2504 3251 2600 3304 sed
2652 3251 2897 3303 habitare
2946 3250 3158 3302 facitin
3205 3256 3529 3302 coruscante

260 3333 419 3401 μένηε
462 3332 546 3401 μὴ
578 3329 877 3399 καθύϐριζε
922 3333 1036 3394 τοῖς
1082 3328 1337 3398 ὀδυρμοῖς
1393 3327 1491 3397 τὴν
1522 3328 1832 3398 ὁμολογίαν,

260 3426 385 3494 μηδὲ
416 3424 501 3496 τῷ
538 3424 725 3477 πένθει
751 3424 851 3494 τὴν
880 3424 1039 3493 χάριν
1063 3422 1278 3491 ἐκείνην
1299 3421 1637 3493 ἀμαυρώσῃς
1655 3463 1669 3487 ,
1704 3421 1838 3492 μηδὲ

256 3522 317 3589 τῇ
343 3519 438 3572 νῦν
463 3519 886 3587 σκυθρωπότητι
925 3518 1024 3587 τὴν
1051 3519 1159 3570 τῶν
1193 3517 1443 3584 ἀγγέλων
1493 3517 1616 3569 τότε
1666 3518 1839 3586 χαράν

257 3612 588 3685 ἀπαλλάξῃ.
627 3612 725 3664 “Av
745 3613 853 3682 γὰρ
885 3607 966 3674 οἷς
997 3612 1195 3663 ἐκεῖνοι
1228 3612 1347 3663 νυνὶ
1377 3610 1659 3680 χαίρουσιν
1699 3626 1841 3679 παρ-

256 3706 402 3759 θένον
427 3706 619 3776 ψυχὴν
645 3706 738 3757 καὶ
768 3706 881 3756 τῶν
916 3704 1106 3757 παθῶν
1143 3703 1444 3773 ἀνωτέραν,
1495 3706 1574 3765 εἰς
1598 3702 1841 3772 ἀναπλή-

259 3814 420 3865 ρωσιν
448 3796 569 3851 τῶν
602 3794 987 3866 ἀπορρυέντων
1012 3795 1306 3865 δαιμονίων
1350 3795 1742 3864 εἰσδεξάμενοι,
1777 3796 1840 3847 σὺ

253 3890 419 3943 ταῦτα.
457 3888 696 3951 πένθους
731 3888 1162 3950 κατασκευάζεις
1186 3888 1463 3942 ὑπόθεσιν.
1509 3889 1653 3957 Ὅρα
1695 3889 1843 3950 ὅπως

253 3985 361 4045 τοῖς
386 3982 675 4047 δευτέροις
710 3980 922 4049 πικρῶς
952 3980 1252 4049 ὲξυϐρίζεις
1275 3980 1342 4032 τὰ
1363 3979 1623 4050 πρότερα.
1656 3979 1844 4041 Οὐδεὶς

251 4075 527 4144 ἀκμάζων
551 4072 628 4142 τῷ
655 4071 790 4142 πρὸς
821 4072 911 4123 τὸν
952 4072 1184 4139 νυμφίον
1208 4070 1390 4140 ἔρωτι,
1426 4071 1602 4123 λείπει
1628 4071 1727 4140 μὲν
1750 4070 1843 4123 τὸν

256 4167 440 4235 πόθον,
473 4166 690 4235 γίνεται
716 4165 773 4218 δὲ
798 4164 893 4217 τοῦ
922 4164 1172 4227 πένθους.
1225 4165 1335 4217 Καὶ
1387 4164 1470 4217 ὅτι
1517 4164 1615 4232 μὲν
1640 4165 1845 4217 ἐκεῖνον

253 4260 387 4329 ἔχει,
422 4258 889 4313 ἐπιλανθάνεταιο
942 4256 1207 4317 θανάτους
1258 4256 1315 4308 δὲ
1364 4258 1692 4327 περισκοπεῖ
1748 4255 1845 4309 καὶ

253 4352 692 4424 περιεργάζεται
727 4351 824 4403 καὶ
855 4349 1067 4412 τούτοις
1108 4350 1508 4418 περιοδυνεῖται
1529 4364 1543 4377 ο
1581 4348 1658 4418 τῷ
1682 4348 1844 4402 πάθει

253 4445 341 4496 τὸν
384 4444 565 4497 πόθον
595 4442 892 4512 βαπτίζων,
925 4440 1020 4494 καὶ
1070 4440 1169 4509 τὴν
1222 4440 1396 4510 χαρὰν
1448 4438 1732 4509 προδιδοὺς
1776 4442 1843 4509 τῇ

253 4533 398 4610 λύπῃ
426 4536 808 4607 αἰχμάλωτον.
845 4535 907 4587 El
944 4534 1041 4599 μὲν
1071 4529 1163 4586 οὖν
1196 4534 1224 4585 ὁ
1250 4533 1601 4600 τελευτήσας,
1643 4530 1845 4600 μᾶλλον

1946 3344 2337 3397 illuminatione
2364 3342 2700 3412 angelorum.
2741 3344 2825 3393 An
2868 3341 3115 3408 lacryune
3144 3337 3360 3405 hicjam
3388 3352 3525 3388 con-

1945 3434 2191 3506 gruunt?
2217 3450 2287 3488 an
2320 3434 2558 3486 lamenta
2587 3432 2608 3483 ’ἒ
2643 3447 2806 3500 quam
2849 3430 3008 3500 longe
3055 3428 3185 3482 hinc
3215 3434 3525 3480 removetur

1950 3529 2197 3596 planctus
2228 3525 2250 3577 ?
2283 3524 2409 3579 Haac
2432 3534 2491 3577 tu
2522 3522 2830 3586 revolvens,
2859 3535 2907 3574 et
2933 3520 3076 3589 apud
3104 3518 3345 3571 animum
3373 3525 3530 3569 tuum

1947 3617 2215 3687 cogitans,
2240 3625 2296 3671 et
2316 3623 2514 3685 praeter
2542 3614 2658 3669 lucc
2685 3613 3049 3668 omnia'illius
3084 3609 3353 3680 imprimis
3377 3609 3533 3661 remi-

1948 3711 2187 3776 niscens,
2246 3710 2389 3778 quod
2428 3708 2539 3762 Deo
2568 3707 2635 3761 ab
2675 3705 3022 3760 incunabulis
3068 3702 3281 3756 addicta
3323 3703 3535 3762 fueras,

1950 3801 2350 3871 iucorruptibili
2403 3809 2459 3855 et
2483 3798 2776 3852 immortali
2813 3811 3016 3866 sponso
3059 3794 3278 3849 Christo
3313 3791 3535 3860 c0pula-

1951 3906 2023 3961 ta,
2056 3904 2333 3964 parentes,
2364 3894 2582 3955 fratres,
2611 3888 3052 3961 consanguineos
3080 3887 3375 3955 abnegans,
3429 3884 3535 3953 ipsi

1950 3990 2053 4043 soli
2087 3990 2253 4043 vitam
2280 3988 2595 4042 universam
2622 3994 2678 4038 et
2706 3983 2922 4038 vivendi
2954 3983 3224 4036 rationem
3253 3976 3533 4047 stipulata.

1951 4081 2068 4135 Noli
2094 4081 2258 4151 igitur
2287 4079 2638 4133 lamentando
2664 4077 2809 4130 illam
2831 4084 2977 4130 tuam
3004 4073 3404 4144 professionem
3435 4071 3535 4124 de-

1951 4175 2250 4239 decorare;
2282 4172 2389 4226 noli
2421 4172 2568 4225 luctu
2588 4171 2729 4223 illam
2753 4169 2981 4239 gratiam
3018 4166 3309 4229 olfuscare,
3334 4180 3403 4217 ne
3435 4178 3537 4234 pro

1953 4266 2205 4335 praesenti
2240 4264 2532 4319 tetricitate
2562 4263 2816 4334 gaudium
2858 4269 3164 4315 commutes
3194 4259 3536 4328 angelorum.

1952 4356 2009 4409 Si
2056 4356 2224 4419 enim,
2264 4354 2559 4423 quibusilli
2588 4368 2735 4407 nunc
2791 4353 3065 4417 laetantur,
3111 4349 3349 4401 animam
3384 4347 3539 4415 Virgi-

1952 4460 2113 4499 neam
2146 4444 2490 4515 passionibus
2512 4442 2857 4512 superiorem
2886 4440 3163 4503 humanis,
3186 4439 3252 4491 ad
3282 4438 3539 4506 supplen-

1954 4539 2082 4593 dum
2143 4538 2324 4592 locum
2371 4546 2423 4590 et
2475 4544 2676 4590 statum
2718 4533 3135 4596 daemoniorum,
3186 4532 3275 4600 qui
3322 4531 3389 4583 de
3446 4529 3541 4579 illo

247 4628 303 4681 δὲ
328 4630 492 4700 ἡμᾶς
534 4630 568 4697 ἡ
599 4626 950 4695 προλαϐοῦσα
977 4624 1084 4678 τῶν
1105 4624 1324 4695 ἀμελῶς
1348 4626 1443 4677 καὶ
1472 4625 1573 4677 οὐκ
1606 4624 1838 4686 εὐσεϐῶς

1952 4630 2290 4693 exciderunt,
2318 4626 2679 4696 suscipientes
2699 4664 2713 4689 ,
2747 4634 2805 4678 tu
2842 4626 2897 4677 in
2922 4630 3301 4693 argumentum
3333 4618 3541 4672 doloris

249 4721 610 4790 βεϐιωκότων
640 4720 939 4789 ἐτύγχανεν
960 4736 974 4749 ο
1008 4720 1148 4788 τάχα
1177 4719 1243 4772 ἂν
1280 4717 1610 4787 συγγνώμην
1638 4713 1783 4787 εἶχεν
1817 4717 1845 4768 ὁ

245 4815 572 4884 στεναγμὸς
606 4814 701 4866 καὶ
722 4814 792 4865 τὰ
824 4812 1059 4881 δάκρυα,
1092 4812 1270 4866 καίτοι
1302 4829 1366 4880 γε
1389 4813 1417 4864 ό
1449 4810 1653 4880 Κύριος
1688 4809 1845 4879 ήμῶν

243 4909 340 4959 καὶ
367 4906 598 4975 Σωτὴρ,
622 4907 655 4975 ὴ
675 4905 777 4974 τῆς
802 4903 1215 4972 φιλανθρωπίας
1233 4904 1406 4972 πηγὴ,
1428 4902 1549 4954 οὐδὲ
1566 4902 1705 4970 πρὸς
1728 4899 1848 4953 τού-

240 5011 373 5057 τους
399 4993 842 5064 ἐπιστρέφεσθαι
865 4997 978 5056 τοῖς
1011 4993 1326 5045 ἀκολουθεῖν
1376 4992 1525 5062 αὐτῷ
1548 5008 1845 5062 προαιρου-

242 5088 438 5153 μένοις
462 5086 633 5156 νόμον
654 5086 828 5140 ἔθετο.
890 5088 1076 5155 Ἄφες
1097 5087 1225 5156 γὰρ,
1253 5087 1379 5157 ἔφη,
1407 5086 1548 5150 τοὺς
1592 5084 1848 5153 νεκροὺς

238 5178 441 5247 θάψαι
500 5178 645 5244 τοὺς
687 5177 918 5231 ἑαυτῶν
962 5178 1214 5245 νεκρούς
1239 5194 1253 5209 ·
1296 5178 1378 5231 σὺ
1406 5177 1476 5230 δὲ
1531 5178 1851 5231 ἀκολούθει

232 5289 361 5339 μοι.
415 5270 585 5323 Ἐπεὶ
610 5271 667 5325 δὲ
697 5272 806 5324 τῶν
832 5271 997 5332 ὁσίως
1030 5272 1125 5322 καὶ
1155 5269 1422 5338 θεοφιλῶς
1450 5271 1845 5339 διαξησάντων,

238 5368 335 5419 καὶ
372 5364 510 5434 Θεῷ
537 5365 635 5434 τὴν
678 5366 861 5419 πίστιν
898 5365 1145 5435 καθαρὰν
1172 5364 1575 5435 τετηρηκότων,
1612 5366 1673 5416 τὸ
1704 5380 1847 5432 παρτ

234 5457 468 5511 θενικδν
507 5458 685 5510 ἐκεῖνο
709 5460 805 5510 καὶ
839 5458 1109 5527 μακάριον
1139 5456 1334 5519 σκεῦος
1366 5455 1665 5525 ἐτύγχανεν
1690 5469 1703 5484 ·
1728 5454 1847 5518 πῶς

230 5549 337 5620 τὴν
360 5549 720 5619 Δεσποτικὴν
765 5550 950 5619 φωνὴν
1000 5550 1062 5601 οὺ
1117 5549 1551 5620 δυσωπούμεθα;
1602 5549 1722 5611 πῶς
1753 5550 1852 5619 οὐχ

231 5643 591 5711 εὑρίσκομεν
611 5645 669 5695 ἐν
692 5643 828 5713 αὐτῇ
852 5645 1037 5696 πᾶσαν
1059 5645 1364 5715 κατηφείας
1386 5644 1630 5697 διάλυσιν
1653 5663 1668 5710 ;
1688 5644 1749 5696 Ὀ
1766 5656 1854 5696 πι-

231 5735 496 5789 στεύων
525 5735 612 5801 εὶς
639 5735 764 5805 ἐμὲ,
785 5736 902 5791 κᾶν
922 5737 1220 5805 ἀποθάνῃ,
1251 5737 1489 5804 ζήσεται
1513 5754 1525 5766 ·
1566 5738 1655 5790 διὰ
1684 5736 1852 5792 θανά-

315 5923 359 5953 ⁸⁸
399 5921 423 5977 ι
463 5921 601 5978 (lor.
628 5941 718 5995 xv,
752 5928 835 5981 li.

1958 4724 2325 4781 transtuleris.
2357 4722 2476 4775 vide
2499 4738 2569 4775 an
2598 4736 2706 4774 non
2739 4719 2921 4788 priora
2946 4726 3038 4771 tua
3069 4728 3216 4768 recte
3242 4713 3404 4777 facta,
3441 4726 3539 4779 per

1955 4818 2055 4871 ista
2128 4816 2427 4886 posteriora
2496 4813 2676 4868 vities.
2729 4809 2903 4865 Nemo
2968 4825 3155 4862 amore
3203 4806 3288 4861 sui
3351 4807 3537 4874 sponsi

1954 4908 2323 4964 inﬂammatus
2375 4906 2547 4961 amori
2580 4904 2833 4958 nuntium
2890 4901 3153 4959 remittet,
3192 4909 3249 4951 ut
3289 4912 3346 4951 se
3378 4897 3541 4950 dedat

1956 5002 2159 5056 luctui:
2194 5001 2397 5054 oblitus
2418 4996 2564 5067 quod
2597 4995 2747 5049 illum
2785 4991 3166 5061 amplectatur,
3199 4994 3401 5039 mortes
3427 4984 3540 5038 cir-

1955 5093 2271 5161 cumspicit,
2295 5100 2345 5143 et
2372 5089 2586 5142 curiose
2610 5084 2868 5152 inquirat,
2891 5092 2946 5134 et
2962 5080 3031 5134 ob
3050 5080 3168 5132 illas
3186 5077 3539 5130 vehementer

1948 5202 2006 5241 se
2037 5184 2257 5253 allliget,
2276 5179 2622 5252 passionibus
2656 5177 2983 5245 immergens
3005 5170 3337 5225 desiderium
3354 5186 3538 5229 suum,

1948 5286 2003 5334 ct
2034 5278 2287 5348 gaudium
2321 5276 2375 5328 in
2418 5271 2652 5325 vinculis
2694 5268 3051 5322 constrictum
3079 5264 3245 5317 luctui
3281 5263 3489 5315 dedens
3521 5280 3535 5314 :

1948 5373 2013 5433 si,
2037 5378 2217 5424 autem
2253 5367 2342 5421 illa
2370 5381 2470 5419 suo
2500 5364 2610 5418 fato
2648 5361 2857 5423 functa,
2889 5359 2975 5413 vel
3011 5366 3074 5411 ut
3120 5356 3307 5410 verius
3336 5355 3535 5413 dicam,

1950 5481 2069 5535 quae
2098 5478 2200 5518 nos
2233 5458 2546 5521 antecessit,
2584 5459 2640 5511 in
2680 5471 2868 5511 earum
2905 5454 3096 5508 fuisset
3121 5466 3372 5513 numero,
3416 5464 3540 5517 qua:

1950 5570 2158 5610 secura:
2235 5552 2340 5615 sui,
2403 5567 2509 5605 nec
2598 5548 2901 5604 secundum
2986 5546 3157 5600 Deum
3233 5542 3535 5603 vixerant,

1950 5661 2064 5705 tum
2139 5657 2289 5702 certe
2378 5644 2672 5715 gemitibus
2743 5639 3135 5710 indulgendum
3190 5635 3287 5690 tibi
3364 5632 3531 5687 foret.

1953 5742 2086 5795 Nam
2145 5735 2411 5792 Dominus
2439 5746 2493 5790 et
2533 5734 2794 5789 Servator
2822 5740 3013 5788 noster
3034 5726 3123 5783 ille
3152 5725 3278 5784 fons
3302 5735 3359 5781 et
3378 5724 3537 5795 origo
