4024 6508
473 451 580 514 92ἶῖ

1621 451 1879 514 ΡΗΟΤΙΙ
1919 451 2422 514 ΡΑΤΒΙΑΒΟΗᾹΞ
2465 455 2576 518 CP.

3632 453 3736 515 924

472 559 700 616 humani
737 560 940 616 amoris
977 577 1240 632 sequaces
1272 581 1401 622 suos
1423 578 1767 635 nequaquam
1816 561 2062 633 permisit

2161 578 2256 615 του
2282 561 2428 633 ζωὴν
2458 564 2729 618 ἀθάνατον
2754 564 2952 635 εὕρατο
2974 579 2989 594 ’
3017 564 3108 621 διὰ
3149 563 3356 629 λύσεως
3381 565 3480 635 τὴν
3520 564 3737 619 ἀδιάλυ-

472 653 674 707 talibus
731 653 1110 709 aﬂectionibus
1160 657 1355 712 abduci
1408 675 1420 711 :
1476 656 1751 721 Permitte,
1777 655 2053 724 inquiens,

471 751 705 795 mortuos
738 757 859 795 suos
900 753 1133 798 mortuas
1183 745 1404 816 sepelire
1448 761 1468 800 :
1523 755 1580 799 tu
1615 754 1794 798 autem
1843 758 2057 813 sequere

473 851 556 888 me
579 834 643 888 ".
676 833 812 889 Cum
838 851 968 890 vero
1021 837 1164 892 inter
1194 855 1291 894 eos
1315 839 1408 909 qui
1434 839 1735 895 secundum
1777 836 1873 891 Dei
1925 836 2059 892 dile-

471 927 709 981 ctionem
765 927 1037 994 vixerunt,
1062 939 1116 984 et
1152 928 1263 985 Deo
1303 932 1463 986 iidem
1497 931 1764 986 sinceram
1792 937 1848 985 et
1884 929 2058 984 illiba-

471 1023 581 1068 tam
637 1029 1015 1085 servaverunt,
1073 1021 1377 1093 virgineum
1422 1023 1554 1076 illud
1586 1022 1912 1093 et,beatum
1959 1034 2056 1075 vas

471 1105 659 1172 fuerit,
688 1108 831 1163 unde
862 1119 966 1177 est,
985 1112 1128 1180 quod
1164 1112 1496 1169 Dominicam
1521 1128 1707 1168 vocem
1737 1128 1848 1168 non
1870 1126 2058 1167 verea-

471 1214 596 1252 mur
623 1200 646 1253 ?
685 1201 796 1256 Cur
823 1217 935 1257 non
976 1203 1030 1257 in
1059 1219 1123 1258 eo
1169 1220 1297 1260 vase
1327 1205 1737 1274 dissipationem
1767 1204 2056 1259 obnubila-

473 1291 635 1348 tionis
684 1296 1012 1364 requirimus
1058 1296 1280 1366 potius?
1327 1294 1428 1361 Qui
1475 1296 1641 1350 credit
1672 1297 1728 1350 in
1784 1312 1886 1360 me,
1937 1293 2054 1348 licet

471 1386 734 1441 moriatur
760 1390 961 1453 vivet",
988 1400 1333 1460 permortcm
1359 1406 1558 1462 nempe
1581 1390 1809 1460 adeptus
1831 1390 2055 1444 immor-

469 1477 755 1546 talitatem,
776 1495 874 1551 per
905 1481 1229 1537 solutionem
1255 1493 1448 1538 nactus
1481 1482 1854 1538 indissolubile
1878 1480 2053 1536 taber-

467 1571 743 1627 naculum.
802 1573 945 1628 Dixit
995 1575 1192 1630 iterum
1257 1576 1566 1630 communis
1629 1576 1721 1630 ille
1768 1573 2053 1630 hominum

469 1664 747 1733 Servatur,
801 1673 858 1721 et
887 1667 1270 1723 salvandorum
1301 1683 1570 1740 sponsus:
1621 1667 1747 1722 Filii
1791 1669 2055 1737 sponsalia

468 1756 694 1810 thalami
727 1757 904 1828 lugere
931 1776 1035 1812 non
1057 1768 1294 1828 possunt,
1340 1761 1575 1830 quandiu
1602 1777 1718 1814 cum
1741 1760 1846 1814 illis
1877 1769 2053 1814 manet

466 1864 689 1917 sponsus
705 1850 768 1904 '°.
795 1851 972 1906 Audin
997 1853 1126 1922 quid
1160 1853 1332 1908 dicit?
1360 1852 1480 1908 Noli
1517 1862 1568 1909 te
1601 1862 1808 1908 tuamet
1831 1863 2051 1908 senten-

470 1941 545 1996 tia
606 1942 887 2010 damnare,
948 1944 1017 1999 ad
1070 1945 1473 2016 separationem
1529 1946 1650 2002 talis
1701 1945 1897 2016 Sponsi
1955 1962 2054 2017 per

469 2031 706 2090 lamenta
738 2052 753 2102 ;
790 2051 893 2092 nec
945 2037 1077 2093 illud
1109 2037 1165 2092 in
1207 2039 1437 2108 leipsum
1473 2040 1756 2094 decretum
1816 2039 2054 2105 sancias,

469 2124 615 2194 quod
644 2125 688 2180 si
710 2126 833 2196 quis
861 2127 1002 2184 alius
1031 2129 1262 2196 tulisset,
1295 2129 1550 2200 injuriam
1586 2146 1695 2184 non
1717 2130 1890 2186 ferres
1918 2131 2057 2185 irro-

470 2224 672 2284 gatam,
703 2219 798 2274 sed
829 2218 886 2273 in
916 2220 1035 2277 loco
1064 2221 1234 2278 hostis
1264 2231 1319 2277 et
1351 2223 1553 2277 malum
1608 2222 1705 2278 tibi
1735 2223 2057 2278 machinan-

469 2304 543 2359 tis
572 2306 771 2362 habere
811 2309 997 2371 velles.
1033 2319 1090 2366 et
1117 2312 1433 2368 omnimodo
1455 2327 1487 2366 a
1513 2321 1564 2367 te
1588 2313 1935 2385 relegandum
1970 2314 2055 2369 di-

469 2411 647 2452 ceres.
703 2397 820 2454 ani
868 2409 924 2456 tu
969 2401 1205 2471 lugendo
1227 2403 1457 2475 gloriam
1508 2404 1676 2469 illam,
1707 2421 1813 2475 qua
1856 2405 2058 2460 fruitur

472 2486 584 2552 illa,
613 2498 666 2544 te
701 2491 874 2562 ipsam
911 2493 1166 2565 lacrymis
1194 2496 1412 2566 dignam
1442 2496 1624 2552 facere
1655 2515 1669 2551 :
1702 2496 1905 2568 Lugere
1953 2515 2058 2553 non

472 2593 712 2650 possunt,
762 2585 852 2656 qui
891 2589 1142 2641 assistunt
1199 2606 1390 2658 sponso
1419 2589 1485 2645 ".
1525 2589 1641 2645 Hoc
1675 2589 1897 2644 eﬂatum
1927 2591 2057 2660 quid

473 2671 574 2726 sibi
600 2675 717 2728 vult
745 2677 768 2729 ?
802 2676 943 2742 Quid
974 2695 1108 2734 voce
1154 2680 1256 2735 hac
1280 2681 1561 2736 Dominica
1593 2682 1929 2737 terribilius?
1953 2684 2058 2738 De-

474 2763 694 2834 ploras?
751 2767 933 2839 itaque
994 2772 1262 2844 disjungis
1308 2789 1339 2828 a
1385 2789 1586 2843 sponso
1623 2791 1638 2841 ;
1697 2775 2060 2831 lamenteris?

474 2860 640 2922 atque
665 2857 738 2911 ita
785 2860 1056 2928 genialem
1085 2863 1382 2918 thalamum
1408 2865 1736 2920 contumelia
1767 2865 1955 2931 aﬂicis,
2005 2866 2058 2921 id

473 2946 622 3014 quod
651 2949 901 3005 homines
930 2953 1182 3024 plerique
1210 2965 1265 3010 et
1282 2955 1402 3010 vilis
1426 2957 1711 3012 multitudo
1729 2957 1875 3024 facit,
1904 2974 2062 3014 nem-

475 3051 544 3106 pe
597 3054 628 3094 e
681 3041 922 3098 thalamo
958 3045 1230 3102 excidisti.
1268 3046 1533 3114 Quocirca
1574 3064 1645 3104 ne
1673 3058 1734 3104 ut
1786 3058 2058 3105 mortuam

473 3130 824 3200 deplorenius
878 3153 1021 3205 eam,
1053 3155 1174 3209 qua:
1195 3157 1321 3196 cum
1371 3142 1603 3198 Domino
1631 3143 1798 3210 vivit;
1832 3159 1902 3199 ne
1961 3161 2060 3214 per

2155 669 2249 707 τον
2272 657 2690 726 κατασκήνωσιν
2717 655 3090 727 ἐκληρώσατο.
3119 655 3268 725 Ἔφη
3303 654 3467 709 πάλιν
3502 657 3532 708 ὁ
3560 655 3740 721 κοινὸς

2157 745 2461 819 ἀνθρώπων
2481 747 2692 817 Σωτὴρ,
2715 750 2808 801 καὶ
2833 751 2942 801 τῶν
2985 749 3308 818 σωζομένων
3341 744 3572 817 νυμφίος
3599 763 3611 775 ·
3651 749 3736 800 Οὐ

2156 840 2447 894 δύνανται
2474 839 2720 894 πενθεῖν
2739 845 2792 895 οἱ
2814 841 2931 896 υιοί
2959 841 3064 895 τοῦ
3087 839 3433 909 νυμφῶνος,
3468 839 3562 909 ἐφ’
3584 841 3738 893 ὅσον

2155 933 2382 1002 χρόνον
2391 931 2723 1002 μετάὐτῶν
2738 932 2910 988 ἐστιν
2924 936 2956 988 ό
2967 932 3247 1002 νυμφίοςι
3262 931 3483 994 ἀκούεις
3499 931 3732 998 τίλέγεις

2158 1024 2235 1093 μὴ
2258 1023 2632 1095 καταδικήσης
2657 1027 2876 1094 σεαυτῇ,
2913 1023 3002 1077 διὰ
3029 1022 3123 1076 τοῦ
3153 1022 3408 1086 πένθους,
3438 1019 3535 1074 τοῦ
3586 1019 3736 1090 τηλι-

2155 1113 2349 1168 κούτου
2384 1116 2619 1186 νυμφίου
2673 1115 2769 1188 τὴν
2806 1115 3108 1180 διάστασιν,
3171 1114 3311 1184 μηδὲ
3354 1113 3538 1182 ψῆφον
3592 1111 3736 1164 κατά

2158 1207 2390 1276 σεαυτῆς
2437 1194 2754 1280 ἐξενέγκῃς,
2785 1207 2814 1260 ὃ
2867 1208 2962 1260 καὶ
3005 1206 3166 1260 ἀλλου
3197 1204 3503 1275 τολμῶντος
3535 1202 3637 1256 οὐκ
3668 1201 3736 1254 ἀν

2156 1298 2297 1371 αὐτὴ
2322 1299 2421 1370 τὴν
2445 1300 2710 1370 ἐπήρειαν
2740 1300 2979 1370 ἤνεγκας
3002 1316 3016 1330 ·
3040 1299 3154 1352 ἀλλ’
3171 1298 3384 1370 ἐχθρὸν,
3415 1295 3552 1350 ἀλλὰ
3579 1294 3736 1348 πολέ-

2159 1409 2303 1462 μιον,
2337 1391 2476 1447 ἀλλά
2496 1395 2675 1446 πάντα
2691 1393 2858 1446 κακὸν
2881 1393 3060 1463 ἀπεκή
3070 1391 3233 1463 ρυξας
3250 1408 3263 1422 ·
3299 1390 3434 1462 μηδὲ
3457 1389 3556 1460 τὴν
3576 1383 3735 1457 δόξης

2155 1485 2533 1540 ἀπολαύουσαν
2563 1483 2839 1556 θρηνοῦσα
2863 1483 3095 1551 σεαυτὴν
3125 1483 3307 1553 ἔνοχον
3345 1481 3557 1552 θρήνων
3598 1479 3735 1533 ἀπο-

2154 1577 2357 1651 δείξῃς·
2397 1579 2480 1632 Οὑ
2504 1577 2795 1633 δύνανται
2822 1575 3067 1632 πενθεῖν
3083 1578 3136 1628 ol
3153 1575 3450 1638 συνόντες
3484 1571 3564 1637 τῷ
3585 1587 3706 1640 νυμ
3731 1603 3735 1606 -

2155 1672 2291 1740 φίῳ.
2315 1670 2379 1723 Τί
2398 1668 2602 1738 ταύτης
2622 1668 2724 1738 τῆς
2745 1668 2949 1738 φωνῆς,
2979 1665 3178 1737 μᾶλλον
3201 1665 3259 1718 δὲ
3279 1664 3377 1734 τῆς
3396 1661 3731 1729 Δεσποτικῆς

2155 1761 2589 1836 διαμαρτυρίας,
2622 1759 3031 1833 φοϐερώτερονς
3058 1759 3316 1824 Πενθείςς
3346 1758 3592 1826 ἀπέστης
3634 1754 3730 1809 τοῦ

2155 1855 2413 1926 νυμφίου.
2459 1853 2694 1926 Ὀδύρῃς
2739 1853 2831 1907 τὸν
2891 1851 3134 1921 θάλαμον
3175 1849 3443 1924 ὑϐρίζεις.
3512 1847 3596 1902 Τά
3621 1847 3732 1900 τῶν

2155 1948 2367 2002 πολλῶν
2397 1948 2493 2002 καὶ
2524 1947 2758 2018 χυδαίων
2783 1945 3065 2015 πράττεις,
3091 1942 3379 2004 ὲκπίπτεις
3401 1940 3504 2009 τῆς
3525 1937 3732 1992 παστά-

2153 2042 2271 2106 δος·
2300 2039 2438 2094 ἀλλά
2477 2038 2674 2111 μηκέτι
2705 2037 2804 2110 τὴν
2825 2039 2882 2090 ὲν
2900 2035 3019 2108 Θεῷ
3053 2034 3236 2100 ζῶσαν
3267 2034 3342 2096 ὡς
3371 2030 3572 2102 νεκρὰν
3593 2029 3729 2100 θρη-

2155 2134 2336 2205 νῶμεν
2356 2151 2370 2164 ·
2400 2132 2534 2203 μηδὲ
2564 2130 2631 2184 δι’
2665 2123 2742 2186 ὧν
2769 2130 3024 2200 στέργειν
3057 2126 3226 2197 αὐτὴν
3254 2123 3552 2194 νομίζομεν
3575 2161 3592 2187 ,
3636 2119 3732 2172 καὶ

2155 2220 2327 2292 αὐτὴν
2355 2220 2572 2290 ἐκείνην
2599 2216 2983 2288 ἀτιμάζωμεν.
3015 2214 3211 2284 ’Ὑδρις
3239 2213 3356 2266 ἐστὶ
3380 2214 3494 2274 τοῖς
3518 2209 3608 2262 τὸν
3636 2209 3730 2262 οὐ·

2159 2313 2319 2386 ρανὺν
2362 2310 2836 2384 θαλαμηπολοῦσιν
2893 2312 2922 2362 6
2949 2308 3209 2380 ὀδυρμὸς·
3258 2309 3351 2359 καὶ
3391 2303 3462 2358 τά
3519 2303 3732 2373 δάκρυα

2156 2406 2330 2476 δυο-φη
2340 2403 2583 2475 μούντων
2604 2403 2750 2456 ἐστὶν
2773 2400 2954 2456 αὐτῶν
2973 2399 3033 2453 τὸ
3056 2398 3346 2469 μακάριον,
3369 2393 3731 2458 δισταζόντων

2157 2497 2255 2568 τὴν
2277 2495 2596 2560 ἀπόλαυσιν,
2625 2491 3074 2564 ἀμφιϐαλλόντων
3095 2490 3205 2559 (ἵνα
3249 2487 3324 2559 μὴ
3357 2485 3732 2540 ἀπιστούντων

2156 2589 2322 2662 λέγω)
2352 2589 2450 2660 τὴν
2479 2589 2774 2642 ἀνάστασιν
2796 2602 2810 2616 ·
2840 2584 2878 2640 ἀ
2900 2584 3079 2637 πάντα
3111 2579 3471 2651 λογισαμένη,
3505 2578 3602 2632 καὶ
3633 2593 3729 2646 νη-

2159 2681 2336 2754 φούσῃ
2360 2679 2538 2751 κρίσει
2563 2677 2999 2748 ὲπισκοπήσασα,
3035 2675 3192 2747 ρίψον
3245 2671 3306 2726 τὺ
3352 2669 3566 2732 πένθος,
3599 2667 3735 2722 ἀπό-

2160 2773 2253 2826 θου
2273 2773 2334 2825 τὺ
2355 2771 2544 2836 πάθος,
2565 2770 2691 2832 τοὺς
2714 2767 3074 2836 στεναγμοὺς,
3095 2765 3186 2819 καὶ
3202 2763 3272 2818 τὰ
3291 2764 3520 2834 δάκρυα.
3539 2759 3734 2811 Ἔσται

2158 2866 2216 2919 δὲ
2248 2863 2406 2918 τοῦτο
2431 2866 2544 2927 τοῖς
2563 2879 2622 2914 τε
2653 2860 2852 2925 ἄλλοις,
2884 2853 2967 2922 οἷς
2998 2857 3370 2929 προείπομεν,
3411 2854 3504 2907 καὶ
3527 2852 3736 2919 ἐάνπερ

2161 2958 2363 3028 ἑαυτὴν
2409 2956 2625 3008 πάντων
2665 2953 2776 3006 τῶν
2799 2951 3001 3007 λοιπῶν
3031 2949 3424 3010 ἀποσπάσασα,
3451 2947 3611 3018 μόνον
3639 2943 3737 2998 τοῦ

2162 3047 2404 3118 καθαροῦ
2444 3047 2539 3100 καὶ
2565 3045 2833 3116 ἀχράντου
2867 3041 3102 3114 νυμφίου
3131 3038 3370 3111 Χριστοῦ
3411 3039 3505 3091 τὸν
3557 3036 3741 3106 μακά-

2164 3158 2278 3212 ριον
2303 3141 2399 3193 καὶ
2425 3138 2731 3207 ἀνώλεθρον
2761 3136 2943 3206 ἔρωτα
2968 3174 2984 3198 ,
3017 3133 3136 3186 ὅλον
3169 3130 3292 3185 καθ’
3338 3130 3466 3198 ὅλην
3501 3125 3744 3197 σεαυτὴν

474 3222 714 3314 οιιᾲίηαιιι
737 3227 1184 3297 dehonestemus,
1208 3233 1410 3304 quibus
1440 3250 1560 3288 eam
1586 3249 1770 3290 amore
1803 3237 2058 3306 prosequi

2163 3229 2527 3296 ἀναλαϐοῦσα,
2560 3229 2696 3300 πρὸς
2725 3231 2930 3283 ἐκεῖνον
2968 3227 3028 3279 οὐ
3068 3225 3257 3295 λήγεις
3297 3218 3741 3290 ἐπιστρεφομένη

473 3311 645 3368 videri
707 3318 957 3376 volumus
988 3341 1001 3376 :
1030 3322 1280 3393 planctus
1303 3325 1614 3380 convicium
1640 3325 1748 3380 illis
1777 3324 1926 3392 facit,
1957 3328 2049 3396 qui

2158 3326 2254 3382 καὶ
2277 3324 2619 3388 ἀτενίζουσα.

475 3405 728 3463 caelestes
757 3410 1021 3469 thalamos
1066 3415 1311 3471 incolunt
1343 3433 1358 3483 ;
1394 3417 1642 3488 lacrymae
1693 3417 2061 3475 convitiantur
2097 3421 2258 3477 beato
2291 3421 2503 3474 illorum
2529 3415 2733 3482 statui;
2765 3414 2832 3470 de
2862 3411 3122 3468 fruitione
3146 3409 3418 3470 dubitant,
3478 3403 3573 3477 qui
3634 3401 3744 3457 du-

472 3499 651 3554 bitant
681 3501 749 3557 de
784 3508 1206 3576 resurrectione,
1253 3526 1323 3565 ne
1351 3510 1528 3566 dicam
1554 3513 1648 3582 qui
1676 3513 1894 3568 tollunt.
1936 3512 2050 3569 Hoc
2091 3524 2146 3570 tu
2180 3514 2485 3576 ruminans,
2518 3520 2575 3567 et
2599 3509 2780 3565 sobrio
2805 3518 2966 3578 atque
2992 3507 3275 3576 jejunante
3344 3501 3493 3557 velut
3557 3498 3744 3551 animo

475 3599 845 3666 perpendens,
885 3617 1080 3659 amove
1113 3605 1345 3672 luctum,
1379 3607 1618 3663 laetitiam
1655 3609 1922 3677 exprime,
1966 3611 2275 3679 passionem
2326 3609 2468 3664 hanc
2536 3606 2748 3672 abdica,
2782 3604 2977 3668 lessus,
3045 3602 3303 3662 lamenta,
3373 3595 3610 3656 dolores,
3659 3593 3743 3644 la-

475 3703 708 3759 crymas.
735 3690 849 3748 lloc
865 3695 1085 3760 emcies,
1120 3714 1243 3753 cum
1275 3700 1342 3754 ad
1372 3716 1434 3754 ea
1464 3717 1585 3770 qua:
1615 3701 1855 3758 diximus
1884 3703 2234 3766 attendendo,
2291 3713 2346 3757 et
2375 3700 2641 3770 imprimis
2670 3699 2714 3754 si
2766 3708 2817 3753 te
2854 3696 3092 3752 abducas
3115 3693 3333 3764 penitus
3394 3690 3462 3744 ab
3491 3685 3744 3743 omnibus

476 3783 619 3847 aliis,
648 3784 990 3844 solummodo
1015 3788 1081 3844 ad
1102 3789 1322 3846 beatum
1338 3791 1490 3845 illum
1511 3792 1902 3848 etduraturum
1927 3808 2144 3863 semper
2168 3807 2410 3849 amorem
2434 3790 2661 3856 Christi,
2685 3787 2959 3860 purissimi
2987 3786 3128 3839 illius
3155 3793 3212 3838 et
3233 3780 3502 3853 impolluti
3525 3777 3730 3850 sponsi,

477 3873 748 3948 integrum
785 3881 996 3953 integre
1028 3891 1371 3954 assumptum
1392 3892 1705 3950 convertas,
1735 3893 1792 3940 et
1847 3899 2192 3956 nequaquam
2251 3883 2470 3942 desinas
2525 3883 2606 3939 sic
2659 3895 2921 3938 conversa
2963 3880 3115 3936 illum
3143 3876 3424 3934 anhelare.

1309 4239 1841 4320 FRANCISCI
1921 4239 2272 4317 SCOBSI
2355 4235 2859 4317 MONITUM

1617 4417 1685 4474 IN
1741 4415 2165 4484 SEQUENTEM
2211 4413 2623 4471 EPISTOLAM.

1393 4579 1496 4649 (Ex
1517 4581 1839 4652 praefatione
1869 4580 1938 4636 ad
1966 4595 2133 4652 opera
2157 4579 2516 4652 Theophanis
2541 4572 2835 4642 Ceramei.)

557 4713 745 4770 Habeo
777 4713 830 4769 in
858 4715 996 4771 meis
1015 4715 1386 4787 monumentis
1413 4732 1442 4770 a
1475 4718 1540 4771 P.
1569 4717 1795 4773 Octavio
1822 4716 2064 4772 Caetano
2092 4713 2642 4786 collectis'epistolam
2669 4709 2849 4787 Photii
2882 4706 3103 4762 missam
3127 4703 3452 4787 Theophani
3480 4702 3755 4787 monacho

482 4785 673 4840 Graece
713 4787 970 4854 scriptam
1023 4803 1189 4841 manu
1217 4787 1280 4841 P.
1315 4785 1502 4842 Jacobi
1533 4788 1810 4843 Sirmondi
1833 4798 1889 4842 et
1936 4788 2129 4844 Latine
2159 4790 2228 4844 ab
2250 4804 2317 4844 eo
2337 4773 2628 4852 redditam,
2654 4782 3052 4852 depromptam,
3090 4786 3150 4830 ut
3178 4773 3388 4846 judico,
3427 4790 3496 4830 ex
3549 4773 3757 4829 Biblio-

488 4856 643 4912 theca
671 4856 964 4912 cardinalis
1001 4857 1230 4922 Sirletti,
1272 4873 1421 4913 nunc
1453 4858 1610 4914 ducis
1646 4859 1913 4930 Alternps.

1095 5038 1317 5096 EPIST.
1367 5037 1477 5096 Cll.

2156 5063 2160 5083 μ
2781 5028 3008 5085 ΕΠΙΣΤ.
3037 5027 3161 5080 PB'.

978 5129 1278 5202 Theophani
1321 5131 1598 5186 monacho.

2650 5122 2925 5192 Θεοφάνη
2944 5119 3284 5191 pomifer-rt.

832 5239 976 5291 Edita
1005 5256 1035 5292 a
1064 5243 1332 5293 Francisco
1355 5243 1536 5293 Scorso
1567 5242 1621 5292 in
1648 5241 1942 5292 Prefatione
1965 5241 2026 5291 ad
2054 5241 2222 5303 Opera
2250 5240 2571 5303 TheOpbanis
2599 5234 2826 5290 Ceramei
2859 5233 3045 5298 (in-fol.
3072 5231 3230 5281 Paris.
3257 5229 3424 5290 16H).

569 5341 626 5397 Si
677 5351 730 5398 te
787 5343 1112 5402 humilitatis
1140 5355 1347 5402 nostra;
1372 5346 1568 5401 littera:
1613 5346 1908 5411 delectant,
1958 5362 2080 5399 rur-

2249 5345 2314 5397 Εί
2337 5343 2421 5396 σοὶ
2443 5341 2595 5410 φίλον
2629 5341 2691 5393 τὺ
2714 5339 2853 5410 πρὸς
2883 5335 3043 5408 ἡμῶν
3064 5333 3176 5388 τῶν
3216 5330 3453 5386 εὐτελῶν
3499 5326 3768 5400 γράμμα,

494 5449 616 5489 sum
645 5436 856 5507 accipe,
883 5438 1371 5505 desideratissime,
1410 5455 1534 5509 qua:
1555 5439 1690 5493 nihil
1721 5438 1938 5509 quidem
1973 5439 2084 5493 ele-

2180 5435 2356 5506 δέχοιο
2387 5435 2480 5488 καὶ
2513 5429 2689 5495 αὖθις,
2709 5424 2754 5483 ὦ
2773 5430 3088 5500 τριπόθητε,
3111 5427 3267 5480 οὐδὲν
3289 5425 3386 5496 μὲν
3411 5423 3534 5493 ἕχον
3563 5423 3774 5491 εὐπρε-

497 5527 718 5598 εοιιιὶω,
777 5527 1156 5598 facundiaque
1187 5530 1442 5596 habeant,
1483 5540 1544 5585 ut
1583 5540 1642 5584 tu
1671 5530 1868 5584 blande
1895 5529 2032 5584 dicis
2067 5545 2082 5593 ;

2184 5529 2286 5591 πές
2313 5545 2373 5580 τε
2411 5527 2506 5579 καὶ
2539 5523 2808 5594 εὐφραδὲς
2829 5563 2844 5587 ,
2878 5521 2956 5584 ὡς
2986 5522 3171 5592 χάριτι
3204 5519 3342 5588 φής,
3372 5515 3434 5569 τὸ
3457 5514 3502 5568 δ’
3529 5513 3625 5567 οῦν
3674 5513 3774 5579 τῆς

500 5618 787 5674 ιτιιιιτίυιιίε
812 5635 944 5675 vero
975 5621 1281 5691 symbolum
1308 5630 1436 5676 sunt
1460 5621 1649 5692 procul
1675 5622 1878 5677 dubio:
1913 5635 2084 5689 quan-

2185 5621 2407 5689 ἀγάπης
2437 5617 2706 5690 σύμϐολον
2758 5613 3234 5686 ὁμολογουμένως.
3291 5607 3402 5663 Καὶ
3443 5623 3508 5674 γε
3567 5605 3699 5658 ὅσον
3731 5607 3772 5674 ἡ

494 5719 680 5781 neque
737 5709 946 5767 fuerint
967 5711 1274 5768 litterarum
1316 5713 1485 5778 vices,
1520 5724 1674 5770 tanto
1705 5722 1763 5769 et
1807 5711 2084 5768 charitatis

2189 5709 2458 5775 ἀντίδοσις
2506 5709 2618 5761 τῶν
2653 5706 3000 5778 γραμμάτων
3025 5703 3260 5773 γένοιτο,
3307 5696 3624 5764 τοσοῦτονή
3667 5693 3782 5762 τῆς

582 5889 626 5919 ⁸⁸
659 5886 848 5944 Matth.
887 5907 1004 5957 \‘Ili,
1033 5891 1127 5946 ‘22.
1206 5892 1246 5924 "
1274 5891 1431 5947 Joau.
1463 5910 1534 5955 vn,
1570 5893 1659 5947 «l7.
1771 5892 1815 5924 "
1848 5889 2012 5946 Marc.
2050 5907 2107 5953 ιι,
2149 5890 2230 5943 19.
2312 5889 2352 5920 ι’
2390 5885 2578 5940 Matth.
2614 5901 2686 5951 Ix,
2726 5884 2812 5939 15-
