  <div class='ocr_page' id='page_1' title='image "/cluster/home/n/w/nwhite01/storage/ocr_20150623/102:no.2/coo.31924054870062/482.png"; bbox 0 0 4024 6424; ppageno 0'>
   <div class='ocr_carea' id='block_1_1' title="bbox 256 459 355 521">
    <p class='ocr_par' dir='ltr' id='par_1_1' title="bbox 256 459 355 521">
     <span class='ocr_line' id='line_1_1' title="bbox 256 459 355 521; baseline -0.03 -1"><span class='ocrx_word' id='word_1_1' title='bbox 256 459 355 521; x_wconf 67' lang='grc'><strong>925</strong></span> 
     </span>
    </p>
   </div>
   <div class='ocr_carea' id='block_1_2' title="bbox 1403 471 2335 543">
    <p class='ocr_par' dir='ltr' id='par_1_2' title="bbox 1403 471 2335 543">
     <span class='ocr_line' id='line_1_2' title="bbox 1403 471 2335 543; baseline 0.012 -11"><span class='ocrx_word' id='word_1_2' title='bbox 1403 471 1948 535; x_wconf 79' lang='lat' dir='ltr'><strong>EPISTOLARUM</strong></span> <span class='ocrx_word' id='word_1_3' title='bbox 1987 478 2218 541; x_wconf 84' lang='lat' dir='ltr'>LIBER</span> <span class='ocrx_word' id='word_1_4' title='bbox 2260 484 2335 543; x_wconf 91' lang='lat' dir='ltr'><strong>II.</strong></span> 
     </span>
    </p>
   </div>
   <div class='ocr_carea' id='block_1_3' title="bbox 3408 487 3515 548">
    <p class='ocr_par' dir='ltr' id='par_1_3' title="bbox 3408 487 3515 548">
     <span class='ocr_line' id='line_1_3' title="bbox 3408 487 3515 548; baseline 0 -1"><span class='ocrx_word' id='word_1_5' title='bbox 3408 487 3515 548; x_wconf 61' lang='lat'><strong>996</strong></span> 
     </span>
    </p>
   </div>
   <div class='ocr_carea' id='block_1_4' title="bbox 251 566 1812 667">
    <p class='ocr_par' dir='ltr' id='par_1_4' title="bbox 251 566 1812 650">
     <span class='ocr_line' id='line_1_4' title="bbox 251 566 1812 650; baseline 0.01 -29"><span class='ocrx_word' id='word_1_6' title='bbox 251 568 466 638; x_wconf 79' lang='grc' dir='ltr'><strong>ἀγάπης</strong></span> <span class='ocrx_word' id='word_1_7' title='bbox 492 566 731 632; x_wconf 82' lang='grc' dir='ltr'>διάθεσις</span> <span class='ocrx_word' id='word_1_8' title='bbox 754 569 989 636; x_wconf 77' lang='grc' dir='ltr'>αὔξοιτο.</span> <span class='ocrx_word' id='word_1_9' title='bbox 1021 567 1096 626; x_wconf 65' lang='lat' dir='ltr'><strong>Ob</strong></span> <span class='ocrx_word' id='word_1_10' title='bbox 1126 575 1176 628; x_wconf 92' lang='grc' dir='ltr'><strong>τί</strong></span> <span class='ocrx_word' id='word_1_11' title='bbox 1209 576 1279 631; x_wconf 84' lang='grc' dir='ltr'>ἂν</span> <span class='ocrx_word' id='word_1_12' title='bbox 1324 581 1408 650; x_wconf 74' lang='grc' dir='ltr'>εἴη</span> <span class='ocrx_word' id='word_1_13' title='bbox 1473 583 1812 637; x_wconf 82' lang='grc' dir='ltr'>σπουδαιότε-</span> 
     </span>
    </p>
   </div>
   <div class='ocr_carea' id='block_1_5' title="bbox 1916 566 3515 667">
    <p class='ocr_par' dir='ltr' id='par_1_5' title="bbox 1924 591 3515 667">
     <span class='ocr_line' id='line_1_5' title="bbox 1924 591 3515 667; baseline 0.005 -23"><span class='ocrx_word' id='word_1_14' title='bbox 1924 599 2140 644; x_wconf 79' lang='lat' dir='ltr'><strong>crescat</strong></span> <span class='ocrx_word' id='word_1_15' title='bbox 2198 591 2445 647; x_wconf 80' lang='lat' dir='ltr'><strong>all&#39;ectus.</strong></span> <span class='ocrx_word' id='word_1_16' title='bbox 2487 592 2605 658; x_wconf 88' lang='lat' dir='ltr'><strong>Quo</strong></span> <span class='ocrx_word' id='word_1_17' title='bbox 2631 593 2847 662; x_wconf 82' lang='lat' dir='ltr'><strong>quidem</strong></span> <span class='ocrx_word' id='word_1_18' title='bbox 2888 594 3178 664; x_wconf 74' lang='lat' dir='ltr'><strong>optabilius</strong></span> <span class='ocrx_word' id='word_1_19' title='bbox 3207 612 3327 651; x_wconf 86' lang='lat' dir='ltr'><strong>esse</strong></span> <span class='ocrx_word' id='word_1_20' title='bbox 3380 599 3515 667; x_wconf 87' lang='lat' dir='ltr'><strong>quid</strong></span> 
     </span>
    </p>
   </div>
   <div class='ocr_carea' id='block_1_6' title="bbox 255 658 1824 746">
    <p class='ocr_par' dir='ltr' id='par_1_6' title="bbox 255 658 1824 746">
     <span class='ocr_line' id='line_1_6' title="bbox 255 658 1824 746; baseline 0.013 -34"><span class='ocrx_word' id='word_1_21' title='bbox 255 677 376 732; x_wconf 84' lang='lat' dir='ltr'><strong>pov;</strong></span> <span class='ocrx_word' id='word_1_22' title='bbox 405 658 538 713; x_wconf 85' lang='grc' dir='ltr'><strong>ἀλλά</strong></span> <span class='ocrx_word' id='word_1_23' title='bbox 572 659 731 714; x_wconf 89' lang='grc' dir='ltr'>τοῦτο</span> <span class='ocrx_word' id='word_1_24' title='bbox 763 662 859 716; x_wconf 92' lang='grc' dir='ltr'><strong>νῦν</strong></span> <span class='ocrx_word' id='word_1_25' title='bbox 912 665 1116 720; x_wconf 81' lang='grc' dir='ltr'><strong>κείσθω</strong></span> <span class='ocrx_word' id='word_1_26' title='bbox 1168 670 1427 727; x_wconf 82' lang='grc' dir='ltr'>ἐνταῦθα.</span> <span class='ocrx_word' id='word_1_27' title='bbox 1484 676 1625 746; x_wconf 77' lang='grc' dir='ltr'>Πρὸς</span> <span class='ocrx_word' id='word_1_28' title='bbox 1679 678 1824 732; x_wconf 79' lang='grc' dir='ltr'>δὲτὸ</span> 
     </span>
    </p>
   </div>
   <div class='ocr_carea' id='block_1_7' title="bbox 252 749 1822 840">
    <p class='ocr_par' dir='ltr' id='par_1_7' title="bbox 252 749 1822 840">
     <span class='ocr_line' id='line_1_7' title="bbox 252 749 1822 840; baseline 0.014 -38"><span class='ocrx_word' id='word_1_29' title='bbox 252 749 370 821; x_wconf 80' lang='grc' dir='ltr'><strong>ἑξῆς</strong></span> <span class='ocrx_word' id='word_1_30' title='bbox 397 750 680 821; x_wconf 79' lang='grc' dir='ltr'><strong>βαδιστέον</strong></span> <span class='ocrx_word' id='word_1_31' title='bbox 710 755 738 806; x_wconf 81' lang='grc' dir='ltr'><strong>ό</strong></span> <span class='ocrx_word' id='word_1_32' title='bbox 766 754 946 823; x_wconf 89' lang='grc' dir='ltr'>λόγος.</span> <span class='ocrx_word' id='word_1_33' title='bbox 988 758 1054 810; x_wconf 90' lang='grc' dir='ltr'>Τί</span> <span class='ocrx_word' id='word_1_34' title='bbox 1086 759 1147 812; x_wconf 84' lang='grc' dir='ltr'><strong>τὸ</strong></span> <span class='ocrx_word' id='word_1_35' title='bbox 1188 761 1282 816; x_wconf 89' lang='grc' dir='ltr'><strong>νῦν</strong></span> <span class='ocrx_word' id='word_1_36' title='bbox 1337 770 1734 840; x_wconf 82' lang='grc' dir='ltr'>καινοτομηθὲν</span> <span class='ocrx_word' id='word_1_37' title='bbox 1763 772 1822 824; x_wconf 86' lang='grc' dir='ltr'><strong>ἐν</strong></span> 
     </span>
    </p>
   </div>
   <div class='ocr_carea' id='block_1_8' title="bbox 250 840 1822 932">
    <p class='ocr_par' dir='ltr' id='par_1_8' title="bbox 250 840 1822 932">
     <span class='ocr_line' id='line_1_8' title="bbox 250 840 1822 932; baseline 0.014 -38"><span class='ocrx_word' id='word_1_38' title='bbox 250 846 353 905; x_wconf 87' lang='grc' dir='ltr'>τοῖς</span> <span class='ocrx_word' id='word_1_39' title='bbox 381 840 588 909; x_wconf 77' lang='grc' dir='ltr'>αὑτόθις</span> <span class='ocrx_word' id='word_1_40' title='bbox 622 846 732 898; x_wconf 78' lang='grc' dir='ltr'>Καὶ</span> <span class='ocrx_word' id='word_1_41' title='bbox 756 847 899 911; x_wconf 89' lang='grc' dir='ltr'>τίνες</span> <span class='ocrx_word' id='word_1_42' title='bbox 920 850 969 901; x_wconf 80' lang='grc' dir='ltr'><strong>οἱ</strong></span> <span class='ocrx_word' id='word_1_43' title='bbox 990 852 1266 919; x_wconf 88' lang='grc' dir='ltr'>νεοφανῶς</span> <span class='ocrx_word' id='word_1_44' title='bbox 1292 855 1589 925; x_wconf 85' lang='grc' dir='ltr'>δράκοντες</span> <span class='ocrx_word' id='word_1_45' title='bbox 1618 862 1822 932; x_wconf 75' lang='grc' dir='ltr'>χαρυϐο</span> 
     </span>
    </p>
   </div>
   <div class='ocr_carea' id='block_1_9' title="bbox 251 930 1822 1021">
    <p class='ocr_par' dir='ltr' id='par_1_9' title="bbox 251 930 1822 1021">
     <span class='ocr_line' id='line_1_9' title="bbox 251 930 1822 1021; baseline 0.015 -39"><span class='ocrx_word' id='word_1_46' title='bbox 251 930 400 1021; x_wconf 83' lang='grc' dir='ltr'>δηδὸν</span> <span class='ocrx_word' id='word_1_47' title='bbox 456 934 850 1001; x_wconf 80' lang='grc' dir='ltr'>καταπίνοντες</span> <span class='ocrx_word' id='word_1_48' title='bbox 892 938 1069 1008; x_wconf 75' lang='grc' dir='ltr'>ψυχὰς</span> <span class='ocrx_word' id='word_1_49' title='bbox 1146 942 1223 1015; x_wconf 80' lang='grc' dir='ltr'>μὴ</span> <span class='ocrx_word' id='word_1_50' title='bbox 1288 930 1703 1017; x_wconf 35' lang='grc' dir='ltr'>ὲστηριγμένας-</span> <span class='ocrx_word' id='word_1_51' title='bbox 1744 951 1822 1021; x_wconf 82' lang='grc' dir='ltr'>τῷ</span> 
     </span>
    </p>
   </div>
   <div class='ocr_carea' id='block_1_10' title="bbox 250 1020 1818 1111">
    <p class='ocr_par' dir='ltr' id='par_1_10' title="bbox 250 1020 1818 1111">
     <span class='ocr_line' id='line_1_10' title="bbox 250 1020 1818 1111; baseline 0.014 -38"><span class='ocrx_word' id='word_1_52' title='bbox 250 1020 384 1092; x_wconf 81' lang='grc' dir='ltr'>λόγῳ</span> <span class='ocrx_word' id='word_1_53' title='bbox 409 1023 503 1093; x_wconf 83' lang='grc' dir='ltr'>τῆς</span> <span class='ocrx_word' id='word_1_54' title='bbox 540 1024 835 1095; x_wconf 86' lang='grc' dir='ltr'>άληθείας;</span> <span class='ocrx_word' id='word_1_55' title='bbox 862 1030 1032 1094; x_wconf 76' lang='grc' dir='ltr'>Αὐτὸς</span> <span class='ocrx_word' id='word_1_56' title='bbox 1062 1034 1159 1102; x_wconf 83' lang='grc' dir='ltr'><strong>μὲν</strong></span> <span class='ocrx_word' id='word_1_57' title='bbox 1188 1030 1282 1089; x_wconf 79' lang='grc' dir='ltr'><strong>οὖν</strong></span> <span class='ocrx_word' id='word_1_58' title='bbox 1328 1037 1428 1090; x_wconf 78' lang='grc' dir='ltr'><strong>οὐκ</strong></span> <span class='ocrx_word' id='word_1_59' title='bbox 1482 1020 1818 1111; x_wconf 55' lang='grc' dir='ltr'>ἐξωνομάτιὲ</span> 
     </span>
    </p>
   </div>
   <div class='ocr_carea' id='block_1_11' title="bbox 252 1116 1822 1204">
    <p class='ocr_par' dir='ltr' id='par_1_11' title="bbox 252 1116 1822 1204">
     <span class='ocr_line' id='line_1_11' title="bbox 252 1116 1822 1204; baseline 0.015 -40"><span class='ocrx_word' id='word_1_60' title='bbox 252 1129 379 1179; x_wconf 87' lang='grc' dir='ltr'>σας,</span> <span class='ocrx_word' id='word_1_61' title='bbox 418 1116 579 1185; x_wconf 81' lang='grc' dir='ltr'><strong>ἡμεῖς</strong></span> <span class='ocrx_word' id='word_1_62' title='bbox 624 1117 683 1170; x_wconf 86' lang='grc' dir='ltr'><strong>δὲ</strong></span> <span class='ocrx_word' id='word_1_63' title='bbox 716 1120 807 1171; x_wconf 82' lang='grc' dir='ltr'><strong>καὶ</strong></span> <span class='ocrx_word' id='word_1_64' title='bbox 858 1121 964 1192; x_wconf 85' lang='grc' dir='ltr'><strong>πρὸ</strong></span> <span class='ocrx_word' id='word_1_65' title='bbox 1012 1124 1113 1195; x_wconf 79' lang='grc' dir='ltr'>τῆς</span> <span class='ocrx_word' id='word_1_66' title='bbox 1154 1126 1438 1195; x_wconf 82' lang='grc' dir='ltr'><strong>δηλώσεως</strong></span> <span class='ocrx_word' id='word_1_67' title='bbox 1480 1131 1589 1185; x_wconf 87' lang='grc' dir='ltr'><strong>τῶν</strong></span> <span class='ocrx_word' id='word_1_68' title='bbox 1638 1149 1822 1204; x_wconf 84' lang='grc' dir='ltr'>γραμ-</span> 
     </span>
    </p>
   </div>
   <div class='ocr_carea' id='block_1_12' title="bbox 250 1206 1819 1297">
    <p class='ocr_par' dir='ltr' id='par_1_12' title="bbox 250 1206 1819 1297">
     <span class='ocr_line' id='line_1_12' title="bbox 250 1206 1819 1297; baseline 0.014 -41"><span class='ocrx_word' id='word_1_69' title='bbox 250 1206 429 1277; x_wconf 81' lang='grc' dir='ltr'>μάτων</span> <span class='ocrx_word' id='word_1_70' title='bbox 455 1210 948 1280; x_wconf 76' lang='grc' dir='ltr'>κατεστενάξαμεν,</span> <span class='ocrx_word' id='word_1_71' title='bbox 994 1215 1077 1268; x_wconf 85' lang='grc' dir='ltr'>ὅτι</span> <span class='ocrx_word' id='word_1_72' title='bbox 1126 1219 1362 1287; x_wconf 86' lang='grc' dir='ltr'>μάλιστα</span> <span class='ocrx_word' id='word_1_73' title='bbox 1393 1221 1479 1290; x_wconf 86' lang='grc' dir='ltr'>ἐφ’</span> <span class='ocrx_word' id='word_1_74' title='bbox 1527 1223 1609 1276; x_wconf 77' lang='grc' dir='ltr'><strong>ἑνὶ</strong></span> <span class='ocrx_word' id='word_1_75' title='bbox 1662 1225 1819 1297; x_wconf 79' lang='grc' dir='ltr'>ἀνδρὶ</span> 
     </span>
    </p>
   </div>
   <div class='ocr_carea' id='block_1_13' title="bbox 248 1301 1817 1382">
    <p class='ocr_par' dir='ltr' id='par_1_13' title="bbox 248 1301 1817 1382">
     <span class='ocr_line' id='line_1_13' title="bbox 248 1301 1817 1382; baseline 0.012 -30"><span class='ocrx_word' id='word_1_76' title='bbox 248 1301 523 1372; x_wconf 84' lang='grc' dir='ltr'>αἱρετικῷ,</span> <span class='ocrx_word' id='word_1_77' title='bbox 564 1304 763 1372; x_wconf 81' lang='grc' dir='ltr'>μᾶλλον</span> <span class='ocrx_word' id='word_1_78' title='bbox 793 1306 848 1359; x_wconf 87' lang='grc' dir='ltr'><strong>δὲ</strong></span> <span class='ocrx_word' id='word_1_79' title='bbox 893 1305 1152 1380; x_wconf 81' lang='grc' dir='ltr'>βλασφήμ</span> <span class='ocrx_word' id='word_1_80' title='bbox 1168 1330 1212 1382; x_wconf 85' lang='grc' dir='ltr'>ῳ</span> <span class='ocrx_word' id='word_1_81' title='bbox 1259 1314 1337 1380; x_wconf 83' lang='grc' dir='ltr'>τῷ</span> <span class='ocrx_word' id='word_1_82' title='bbox 1392 1315 1505 1368; x_wconf 82' lang='grc' dir='ltr'>ὄντι</span> <span class='ocrx_word' id='word_1_83' title='bbox 1541 1319 1621 1380; x_wconf 84' lang='grc' dir='ltr'>εἰς</span> <span class='ocrx_word' id='word_1_84' title='bbox 1650 1317 1817 1370; x_wconf 81' lang='grc' dir='ltr'>Θεόν’</span> 
     </span>
    </p>
   </div>
   <div class='ocr_carea' id='block_1_14' title="bbox 249 1390 1820 1475">
    <p class='ocr_par' dir='ltr' id='par_1_14' title="bbox 249 1390 1820 1475">
     <span class='ocr_line' id='line_1_14' title="bbox 249 1390 1820 1475; baseline 0.012 -34"><span class='ocrx_word' id='word_1_85' title='bbox 249 1390 458 1459; x_wconf 79' lang='grc' dir='ltr'><strong>λαχόντι</strong></span> <span class='ocrx_word' id='word_1_86' title='bbox 492 1395 551 1445; x_wconf 82' lang='grc' dir='ltr'>ἐν</span> <span class='ocrx_word' id='word_1_87' title='bbox 585 1396 699 1457; x_wconf 83' lang='grc' dir='ltr'>τοῖς</span> <span class='ocrx_word' id='word_1_88' title='bbox 724 1396 910 1450; x_wconf 80' lang='grc' dir='ltr'>αὐτόθι</span> <span class='ocrx_word' id='word_1_89' title='bbox 967 1402 1119 1470; x_wconf 83' lang='grc' dir='ltr'><strong>παρὰ</strong></span> <span class='ocrx_word' id='word_1_90' title='bbox 1176 1402 1269 1454; x_wconf 91' lang='grc' dir='ltr'><strong>τοῦ</strong></span> <span class='ocrx_word' id='word_1_91' title='bbox 1316 1405 1553 1475; x_wconf 83' lang='grc' dir='ltr'><strong>κράτους</strong></span> <span class='ocrx_word' id='word_1_92' title='bbox 1589 1424 1820 1475; x_wconf 84' lang='grc' dir='ltr'>χαρτου-</span> 
     </span>
    </p>
   </div>
   <div class='ocr_carea' id='block_1_15' title="bbox 247 1483 1816 1571">
    <p class='ocr_par' dir='ltr' id='par_1_15' title="bbox 247 1483 1816 1571">
     <span class='ocr_line' id='line_1_15' title="bbox 247 1483 1816 1571; baseline 0.011 -35"><span class='ocrx_word' id='word_1_93' title='bbox 247 1483 516 1554; x_wconf 87' lang='grc' dir='ltr'>λαρεῦσιν,</span> <span class='ocrx_word' id='word_1_94' title='bbox 570 1488 747 1541; x_wconf 81' lang='grc' dir='ltr'>ἐκεῖνο</span> <span class='ocrx_word' id='word_1_95' title='bbox 788 1491 1175 1555; x_wconf 80' lang='grc' dir='ltr'>είπόντες,ὅτι</span> <span class='ocrx_word' id='word_1_96' title='bbox 1226 1512 1288 1563; x_wconf 90' lang='grc' dir='ltr'><strong>γε</strong></span> <span class='ocrx_word' id='word_1_97' title='bbox 1336 1498 1436 1568; x_wconf 84' lang='grc' dir='ltr'>τῆς</span> <span class='ocrx_word' id='word_1_98' title='bbox 1490 1500 1816 1571; x_wconf 84' lang='grc' dir='ltr'>περιϐοήτου</span> 
     </span>
    </p>
   </div>
   <div class='ocr_carea' id='block_1_16' title="bbox 246 1575 1819 1659">
    <p class='ocr_par' dir='ltr' id='par_1_16' title="bbox 246 1575 1819 1659">
     <span class='ocr_line' id='line_1_16' title="bbox 246 1575 1819 1659; baseline 0.011 -32"><span class='ocrx_word' id='word_1_99' title='bbox 246 1575 521 1641; x_wconf 79' lang='grc' dir='ltr'>Σικελίας,</span> <span class='ocrx_word' id='word_1_100' title='bbox 559 1577 796 1647; x_wconf 76' lang='grc' dir='ltr'>ἔφθασεν</span> <span class='ocrx_word' id='word_1_101' title='bbox 824 1580 1064 1651; x_wconf 74' lang='grc' dir='ltr'>ὄλεθρος.</span> <span class='ocrx_word' id='word_1_102' title='bbox 1090 1584 1222 1637; x_wconf 82' lang='grc' dir='ltr'><strong>Τόδε</strong></span> <span class='ocrx_word' id='word_1_103' title='bbox 1268 1585 1330 1638; x_wconf 80' lang='grc' dir='ltr'>τὸ</span> <span class='ocrx_word' id='word_1_104' title='bbox 1383 1588 1568 1659; x_wconf 84' lang='grc' dir='ltr'>πῆμα,</span> <span class='ocrx_word' id='word_1_105' title='bbox 1600 1591 1700 1644; x_wconf 83' lang='grc' dir='ltr'><strong>οὐκ</strong></span> <span class='ocrx_word' id='word_1_106' title='bbox 1754 1592 1819 1643; x_wconf 82' lang='grc' dir='ltr'>ὲκ</span> 
     </span>
    </p>
   </div>
   <div class='ocr_carea' id='block_1_17' title="bbox 246 1668 1820 1753">
    <p class='ocr_par' dir='ltr' id='par_1_17' title="bbox 246 1668 1820 1753">
     <span class='ocr_line' id='line_1_17' title="bbox 246 1668 1820 1753; baseline 0.011 -34"><span class='ocrx_word' id='word_1_107' title='bbox 246 1668 575 1738; x_wconf 83' lang='grc' dir='ltr'>δογματικῆς</span> <span class='ocrx_word' id='word_1_108' title='bbox 619 1671 816 1741; x_wconf 89' lang='grc' dir='ltr'>πείρας</span> <span class='ocrx_word' id='word_1_109' title='bbox 850 1675 1251 1745; x_wconf 84' lang='grc' dir='ltr'>τετεχνωμένον</span> <span class='ocrx_word' id='word_1_110' title='bbox 1283 1694 1296 1706; x_wconf 84' lang='grc'><em>’</em></span> <span class='ocrx_word' id='word_1_111' title='bbox 1332 1680 1557 1751; x_wconf 84' lang='grc' dir='ltr'>ἄπειρον</span> <span class='ocrx_word' id='word_1_112' title='bbox 1611 1681 1721 1753; x_wconf 86' lang='grc' dir='ltr'>γὰρ</span> <span class='ocrx_word' id='word_1_113' title='bbox 1760 1684 1820 1737; x_wconf 84' lang='grc' dir='ltr'><strong>τὸ</strong></span> 
     </span>
    </p>
   </div>
   <div class='ocr_carea' id='block_1_18' title="bbox 245 1756 1819 1841">
    <p class='ocr_par' dir='ltr' id='par_1_18' title="bbox 245 1756 1819 1841">
     <span class='ocr_line' id='line_1_18' title="bbox 245 1756 1819 1841; baseline 0.013 -34"><span class='ocrx_word' id='word_1_114' title='bbox 245 1756 650 1829; x_wconf 85' lang='grc' dir='ltr'>ἁνδριαντάριον</span> <span class='ocrx_word' id='word_1_115' title='bbox 698 1773 715 1790; x_wconf 71' lang='grc' dir='ltr'><strong><em>ο</em></strong></span> <span class='ocrx_word' id='word_1_116' title='bbox 768 1762 905 1815; x_wconf 85' lang='grc' dir='ltr'>ἀλλὰ</span> <span class='ocrx_word' id='word_1_117' title='bbox 948 1764 1009 1828; x_wconf 79' lang='grc' dir='ltr'>ἐξ</span> <span class='ocrx_word' id='word_1_118' title='bbox 1055 1766 1287 1832; x_wconf 88' lang='grc' dir='ltr'>ἀσεϐοῦς</span> <span class='ocrx_word' id='word_1_119' title='bbox 1334 1770 1561 1841; x_wconf 84' lang='grc' dir='ltr'><strong>γνώμης</strong></span> <span class='ocrx_word' id='word_1_120' title='bbox 1611 1773 1819 1840; x_wconf 87' lang='grc' dir='ltr'>πεπλη-</span> 
     </span>
    </p>
   </div>
   <div class='ocr_carea' id='block_1_19' title="bbox 248 1851 1815 1935">
    <p class='ocr_par' dir='ltr' id='par_1_19' title="bbox 248 1851 1815 1935">
     <span class='ocr_line' id='line_1_19' title="bbox 248 1851 1815 1935; baseline 0.01 -34"><span class='ocrx_word' id='word_1_121' title='bbox 248 1851 506 1919; x_wconf 83' lang='grc' dir='ltr'>ρωμένον,</span> <span class='ocrx_word' id='word_1_122' title='bbox 550 1854 646 1906; x_wconf 78' lang='grc' dir='ltr'>καὶ</span> <span class='ocrx_word' id='word_1_123' title='bbox 681 1854 768 1909; x_wconf 80' lang='grc' dir='ltr'>ἵνα</span> <span class='ocrx_word' id='word_1_124' title='bbox 794 1856 1189 1930; x_wconf 86' lang='grc' dir='ltr'>τὰληθέστερον</span> <span class='ocrx_word' id='word_1_125' title='bbox 1219 1861 1433 1933; x_wconf 75' lang='grc' dir='ltr'>ῥηθείη,</span> <span class='ocrx_word' id='word_1_126' title='bbox 1459 1864 1693 1935; x_wconf 82' lang='grc' dir='ltr'>πρόσθεν</span> <span class='ocrx_word' id='word_1_127' title='bbox 1726 1866 1815 1920; x_wconf 76' lang='grc' dir='ltr'>ἐπὶ</span> 
     </span>
    </p>
   </div>
   <div class='ocr_carea' id='block_1_20' title="bbox 244 1926 1894 2028">
    <p class='ocr_par' dir='ltr' id='par_1_20' title="bbox 244 1926 1894 2028">
     <span class='ocr_line' id='line_1_20' title="bbox 244 1926 1894 2028; baseline 0.012 -35"><span class='ocrx_word' id='word_1_128' title='bbox 244 1941 300 1993; x_wconf 85' lang='grc' dir='ltr'><strong>τὸ</strong></span> <span class='ocrx_word' id='word_1_129' title='bbox 329 1942 569 1997; x_wconf 86' lang='grc' dir='ltr'>άσεϐοῦν</span> <span class='ocrx_word' id='word_1_130' title='bbox 602 1948 843 2016; x_wconf 78' lang='grc' dir='ltr'>ἠγμένον</span> <span class='ocrx_word' id='word_1_131' title='bbox 863 1966 876 1980; x_wconf 76' lang='grc' dir='ltr'><strong>ο</strong></span> <span class='ocrx_word' id='word_1_132' title='bbox 918 1926 1014 2005; x_wconf 81' lang='grc' dir='ltr'><strong>καί</strong></span> <span class='ocrx_word' id='word_1_133' title='bbox 1054 1926 1118 2018; x_wconf 80' lang='grc' dir='ltr'><strong>γε</strong></span> <span class='ocrx_word' id='word_1_134' title='bbox 1155 1926 1625 2020; x_wconf 33' lang='grc' dir='ltr'>συνδόσινγᾶλλοις</span> <span class='ocrx_word' id='word_1_135' title='bbox 1653 1958 1814 2028; x_wconf 86' lang='grc' dir='ltr'>ὀμαί-</span> <span class='ocrx_word' id='word_1_136' title='bbox 1844 1926 1894 1987; x_wconf 82' lang='grc' dir='ltr'>Β</span> 
     </span>
    </p>
   </div>
   <div class='ocr_carea' id='block_1_21' title="bbox 254 2036 1816 2121">
    <p class='ocr_par' dir='ltr' id='par_1_21' title="bbox 254 2036 1816 2121">
     <span class='ocr_line' id='line_1_21' title="bbox 254 2036 1816 2121; baseline 0.012 -35"><span class='ocrx_word' id='word_1_137' title='bbox 254 2050 422 2103; x_wconf 92' lang='grc' dir='ltr'>μοσιν.</span> <span class='ocrx_word' id='word_1_138' title='bbox 462 2036 626 2092; x_wconf 83' lang='grc' dir='ltr'>Ἀλλὰ</span> <span class='ocrx_word' id='word_1_139' title='bbox 645 2039 853 2107; x_wconf 85' lang='grc' dir='ltr'>τούτοις</span> <span class='ocrx_word' id='word_1_140' title='bbox 881 2042 981 2111; x_wconf 85' lang='grc' dir='ltr'><strong>μὲν</strong></span> <span class='ocrx_word' id='word_1_141' title='bbox 1031 2045 1064 2114; x_wconf 81' lang='grc' dir='ltr'>ἡ</span> <span class='ocrx_word' id='word_1_142' title='bbox 1095 2045 1266 2117; x_wconf 85' lang='grc' dir='ltr'>Τριὰς</span> <span class='ocrx_word' id='word_1_143' title='bbox 1302 2047 1521 2112; x_wconf 81' lang='grc' dir='ltr'>ἐνθέους</span> <span class='ocrx_word' id='word_1_144' title='bbox 1555 2050 1816 2121; x_wconf 89' lang='grc' dir='ltr'>στόμασιν</span> 
     </span>
    </p>
   </div>
   <div class='ocr_carea' id='block_1_22' title="bbox 243 2121 1817 2204">
    <p class='ocr_par' dir='ltr' id='par_1_22' title="bbox 243 2121 1817 2204">
     <span class='ocr_line' id='line_1_22' title="bbox 243 2121 1817 2204; baseline 0.011 -27"><span class='ocrx_word' id='word_1_145' title='bbox 243 2121 333 2178; x_wconf 80' lang='grc' dir='ltr'>οἷδ’</span> <span class='ocrx_word' id='word_1_146' title='bbox 383 2127 465 2179; x_wconf 85' lang='grc' dir='ltr'>ὅτι</span> <span class='ocrx_word' id='word_1_147' title='bbox 517 2128 888 2200; x_wconf 77' lang='grc' dir='ltr'>άπορῤαπίσει</span> <span class='ocrx_word' id='word_1_148' title='bbox 943 2134 1097 2204; x_wconf 81' lang='grc' dir='ltr'>ὑμῶν</span> <span class='ocrx_word' id='word_1_149' title='bbox 1141 2154 1201 2191; x_wconf 88' lang='grc' dir='ltr'><strong>τε</strong></span> <span class='ocrx_word' id='word_1_150' title='bbox 1266 2140 1360 2192; x_wconf 72' lang='grc' dir='ltr'><strong>καὶ</strong></span> <span class='ocrx_word' id='word_1_151' title='bbox 1413 2140 1523 2194; x_wconf 86' lang='grc' dir='ltr'><strong>τῶν</strong></span> <span class='ocrx_word' id='word_1_152' title='bbox 1582 2139 1817 2195; x_wconf 79' lang='grc' dir='ltr'>ἐνταῦθα</span> 
     </span>
    </p>
   </div>
   <div class='ocr_carea' id='block_1_23' title="bbox 245 2216 1813 2297">
    <p class='ocr_par' dir='ltr' id='par_1_23' title="bbox 245 2216 1813 2297">
     <span class='ocr_line' id='line_1_23' title="bbox 245 2216 1813 2297; baseline 0.011 -29"><span class='ocrx_word' id='word_1_153' title='bbox 245 2216 703 2289; x_wconf 79' lang='grc' dir='ltr'>ὑπερμαχοῦντων</span> <span class='ocrx_word' id='word_1_154' title='bbox 724 2222 824 2291; x_wconf 85' lang='grc' dir='ltr'>τῆς</span> <span class='ocrx_word' id='word_1_155' title='bbox 850 2222 1130 2294; x_wconf 84' lang='grc' dir='ltr'>ἀληθείας.</span> <span class='ocrx_word' id='word_1_156' title='bbox 1154 2227 1222 2280; x_wconf 79' lang='grc' dir='ltr'><strong>Σὲ</strong></span> <span class='ocrx_word' id='word_1_157' title='bbox 1254 2227 1331 2291; x_wconf 86' lang='grc' dir='ltr'><strong>δὲ,</strong></span> <span class='ocrx_word' id='word_1_158' title='bbox 1364 2231 1457 2283; x_wconf 75' lang='grc' dir='ltr'><strong>καὶ</strong></span> <span class='ocrx_word' id='word_1_159' title='bbox 1480 2231 1571 2283; x_wconf 83' lang='grc' dir='ltr'><strong>τὸν</strong></span> <span class='ocrx_word' id='word_1_160' title='bbox 1593 2224 1703 2295; x_wconf 77' lang='grc' dir='ltr'>οἷος</span> <span class='ocrx_word' id='word_1_161' title='bbox 1724 2232 1813 2297; x_wconf 80' lang='grc' dir='ltr'><strong>σὺ,</strong></span> 
     </span>
    </p>
   </div>
   <div class='ocr_carea' id='block_1_24' title="bbox 247 2309 1812 2393">
    <p class='ocr_par' dir='ltr' id='par_1_24' title="bbox 247 2309 1812 2393">
     <span class='ocr_line' id='line_1_24' title="bbox 247 2309 1812 2393; baseline 0.008 -32"><span class='ocrx_word' id='word_1_162' title='bbox 247 2309 404 2381; x_wconf 86' lang='grc' dir='ltr'>μηδὲν</span> <span class='ocrx_word' id='word_1_163' title='bbox 438 2310 720 2377; x_wconf 80' lang='grc' dir='ltr'>ξενιζέτω,</span> <span class='ocrx_word' id='word_1_164' title='bbox 758 2315 791 2384; x_wconf 78' lang='grc' dir='ltr'><strong>η</strong></span> <span class='ocrx_word' id='word_1_165' title='bbox 821 2313 901 2367; x_wconf 78' lang='grc' dir='ltr'>ἔτι</span> <span class='ocrx_word' id='word_1_166' title='bbox 932 2316 1202 2371; x_wconf 85' lang='grc' dir='ltr'>λυττοῦσα</span> <span class='ocrx_word' id='word_1_167' title='bbox 1230 2320 1460 2391; x_wconf 74' lang='grc' dir='ltr'>αἵρεσις.</span> <span class='ocrx_word' id='word_1_168' title='bbox 1501 2320 1671 2374; x_wconf 77' lang='grc' dir='ltr'>Οὔπω</span> <span class='ocrx_word' id='word_1_169' title='bbox 1702 2321 1812 2393; x_wconf 86' lang='grc' dir='ltr'>γὰρ</span> 
     </span>
    </p>
   </div>
   <div class='ocr_carea' id='block_1_25' title="bbox 244 2403 1814 2482">
    <p class='ocr_par' dir='ltr' id='par_1_25' title="bbox 244 2403 1814 2482">
     <span class='ocr_line' id='line_1_25' title="bbox 244 2403 1814 2482; baseline 0.01 -29"><span class='ocrx_word' id='word_1_170' title='bbox 244 2403 592 2474; x_wconf 81' lang='grc' dir='ltr'>ἐκτέτριπται</span> <span class='ocrx_word' id='word_1_171' title='bbox 653 2406 715 2458; x_wconf 85' lang='grc' dir='ltr'><strong>τὸ</strong></span> <span class='ocrx_word' id='word_1_172' title='bbox 763 2408 932 2460; x_wconf 89' lang='grc' dir='ltr'>κακὸν</span> <span class='ocrx_word' id='word_1_173' title='bbox 990 2408 1116 2462; x_wconf 77' lang='grc' dir='ltr'>οὔτε</span> <span class='ocrx_word' id='word_1_174' title='bbox 1167 2412 1576 2482; x_wconf 84' lang='grc' dir='ltr'>δεδοικίμασται</span> <span class='ocrx_word' id='word_1_175' title='bbox 1615 2415 1814 2480; x_wconf 82' lang='grc' dir='ltr'>ἱκανῶς</span> 
     </span>
    </p>
   </div>
   <div class='ocr_carea' id='block_1_26' title="bbox 241 2492 1814 2578">
    <p class='ocr_par' dir='ltr' id='par_1_26' title="bbox 241 2492 1814 2578">
     <span class='ocr_line' id='line_1_26' title="bbox 241 2492 1814 2578; baseline 0.01 -33"><span class='ocrx_word' id='word_1_176' title='bbox 241 2492 341 2546; x_wconf 85' lang='grc' dir='ltr'><strong>τῶν</strong></span> <span class='ocrx_word' id='word_1_177' title='bbox 371 2495 582 2550; x_wconf 85' lang='grc' dir='ltr'>πιστῶν</span> <span class='ocrx_word' id='word_1_178' title='bbox 610 2497 672 2550; x_wconf 82' lang='grc' dir='ltr'><strong>τὸ</strong></span> <span class='ocrx_word' id='word_1_179' title='bbox 707 2500 981 2567; x_wconf 86' lang='grc' dir='ltr'>φιλόθεον⁶</span> <span class='ocrx_word' id='word_1_180' title='bbox 1015 2504 1108 2556; x_wconf 73' lang='grc' dir='ltr'><strong>καὶ</strong></span> <span class='ocrx_word' id='word_1_181' title='bbox 1142 2507 1323 2574; x_wconf 87' lang='grc' dir='ltr'>τρίτον</span> <span class='ocrx_word' id='word_1_182' title='bbox 1348 2546 1362 2569; x_wconf 87' lang='grc'><strong>,</strong></span> <span class='ocrx_word' id='word_1_183' title='bbox 1395 2508 1493 2578; x_wconf 79' lang='grc' dir='ltr'><strong>οὐχ</strong></span> <span class='ocrx_word' id='word_1_184' title='bbox 1516 2502 1617 2561; x_wconf 74' lang='grc' dir='ltr'>οἷοί</span> <span class='ocrx_word' id='word_1_185' title='bbox 1647 2511 1814 2578; x_wconf 79' lang='grc' dir='ltr'>ἐσμεν</span> 
     </span>
    </p>
   </div>
   <div class='ocr_carea' id='block_1_27' title="bbox 241 2586 1814 2667">
    <p class='ocr_par' dir='ltr' id='par_1_27' title="bbox 241 2586 1814 2667">
     <span class='ocr_line' id='line_1_27' title="bbox 241 2586 1814 2667; baseline 0.011 -30"><span class='ocrx_word' id='word_1_186' title='bbox 241 2586 556 2655; x_wconf 70' lang='grc' dir='ltr'>ἱμϐατεύειν</span> <span class='ocrx_word' id='word_1_187' title='bbox 607 2591 687 2654; x_wconf 86' lang='grc' dir='ltr'><strong>είς</strong></span> <span class='ocrx_word' id='word_1_188' title='bbox 743 2592 981 2648; x_wconf 81' lang='grc' dir='ltr'>ἄϐυσσον</span> <span class='ocrx_word' id='word_1_189' title='bbox 1024 2598 1306 2666; x_wconf 77' lang='grc' dir='ltr'>χριμάτων</span> <span class='ocrx_word' id='word_1_190' title='bbox 1355 2599 1511 2667; x_wconf 90' lang='grc' dir='ltr'>Θεοῦ,</span> <span class='ocrx_word' id='word_1_191' title='bbox 1562 2600 1683 2655; x_wconf 79' lang='grc' dir='ltr'>καθ’</span> <span class='ocrx_word' id='word_1_192' title='bbox 1721 2600 1814 2665; x_wconf 80' lang='grc' dir='ltr'><strong>οὒς</strong></span> 
     </span>
    </p>
   </div>
   <div class='ocr_carea' id='block_1_28' title="bbox 240 2680 1813 2767">
    <p class='ocr_par' dir='ltr' id='par_1_28' title="bbox 240 2680 1813 2767">
     <span class='ocr_line' id='line_1_28' title="bbox 240 2680 1813 2767; baseline 0.011 -36"><span class='ocrx_word' id='word_1_193' title='bbox 240 2680 464 2749; x_wconf 82' lang='grc' dir='ltr'>τρόπους</span> <span class='ocrx_word' id='word_1_194' title='bbox 518 2685 771 2755; x_wconf 81' lang='grc' dir='ltr'>ἀνέχεται</span> <span class='ocrx_word' id='word_1_195' title='bbox 826 2687 1011 2759; x_wconf 79' lang='grc' dir='ltr'>ἀκμὴν</span> <span class='ocrx_word' id='word_1_196' title='bbox 1070 2690 1491 2756; x_wconf 81' lang='grc' dir='ltr'>κλυδωνίζεσθαι</span> <span class='ocrx_word' id='word_1_197' title='bbox 1539 2694 1616 2763; x_wconf 83' lang='grc' dir='ltr'>τῷ</span> <span class='ocrx_word' id='word_1_198' title='bbox 1667 2694 1813 2767; x_wconf 87' lang='grc' dir='ltr'>σάλῳ</span> 
     </span>
    </p>
   </div>
   <div class='ocr_carea' id='block_1_29' title="bbox 238 2774 1096 2844">
    <p class='ocr_par' dir='ltr' id='par_1_29' title="bbox 238 2774 1096 2844">
     <span class='ocr_line' id='line_1_29' title="bbox 238 2774 1096 2844; baseline 0.01 -19"><span class='ocrx_word' id='word_1_199' title='bbox 238 2774 329 2844; x_wconf 85' lang='grc' dir='ltr'><strong>τῆς</strong></span> <span class='ocrx_word' id='word_1_200' title='bbox 359 2776 623 2841; x_wconf 85' lang='grc' dir='ltr'>ἀπιστίας</span> <span class='ocrx_word' id='word_1_201' title='bbox 646 2778 738 2831; x_wconf 83' lang='grc' dir='ltr'><strong>τὸν</strong></span> <span class='ocrx_word' id='word_1_202' title='bbox 773 2779 904 2832; x_wconf 86' lang='grc' dir='ltr'>λαὸν</span> <span class='ocrx_word' id='word_1_203' title='bbox 931 2781 1096 2834; x_wconf 83' lang='grc' dir='ltr'>αὐτοῦ</span> 
     </span>
    </p>
   </div>
   <div class='ocr_carea' id='block_1_30' title="bbox 303 2865 1811 2948">
    <p class='ocr_par' dir='ltr' id='par_1_30' title="bbox 303 2865 1811 2948">
     <span class='ocr_line' id='line_1_30' title="bbox 303 2865 1811 2948; baseline 0.009 -31"><span class='ocrx_word' id='word_1_204' title='bbox 303 2865 444 2934; x_wconf 82' lang='grc' dir='ltr'>Πλὴν</span> <span class='ocrx_word' id='word_1_205' title='bbox 501 2871 901 2939; x_wconf 88' lang='grc' dir='ltr'>συμπερασμοῦ</span> <span class='ocrx_word' id='word_1_206' title='bbox 951 2871 1044 2924; x_wconf 88' lang='grc' dir='ltr'><strong>τοῦ</strong></span> <span class='ocrx_word' id='word_1_207' title='bbox 1085 2872 1284 2941; x_wconf 87' lang='grc' dir='ltr'>λόγου,</span> <span class='ocrx_word' id='word_1_208' title='bbox 1341 2874 1427 2928; x_wconf 80' lang='grc' dir='ltr'><strong>ἵνα</strong></span> <span class='ocrx_word' id='word_1_209' title='bbox 1491 2877 1539 2928; x_wconf 79' lang='grc' dir='ltr'>οἱ</span> <span class='ocrx_word' id='word_1_210' title='bbox 1596 2876 1811 2948; x_wconf 81' lang='grc' dir='ltr'>δόκιμοι</span> 
     </span>
    </p>
   </div>
   <div class='ocr_carea' id='block_1_31' title="bbox 239 2957 1810 3038">
    <p class='ocr_par' dir='ltr' id='par_1_31' title="bbox 239 2957 1810 3038">
     <span class='ocr_line' id='line_1_31' title="bbox 239 2957 1810 3038; baseline 0.009 -29"><span class='ocrx_word' id='word_1_211' title='bbox 239 2957 505 3024; x_wconf 87' lang='grc' dir='ltr'>γίγνοιντο</span> <span class='ocrx_word' id='word_1_212' title='bbox 539 2962 786 3032; x_wconf 69' lang='grc' dir='ltr'>φανεροὶ,</span> <span class='ocrx_word' id='word_1_213' title='bbox 814 2962 891 3026; x_wconf 85' lang='grc' dir='ltr'>ὡς</span> <span class='ocrx_word' id='word_1_214' title='bbox 928 2966 957 3017; x_wconf 88' lang='grc' dir='ltr'><strong>ό</strong></span> <span class='ocrx_word' id='word_1_215' title='bbox 997 2966 1097 3035; x_wconf 85' lang='grc' dir='ltr'>τῆς</span> <span class='ocrx_word' id='word_1_216' title='bbox 1144 2966 1336 3035; x_wconf 84' lang='grc' dir='ltr'>σοφίας</span> <span class='ocrx_word' id='word_1_217' title='bbox 1363 2968 1565 3038; x_wconf 86' lang='grc' dir='ltr'>ταμίας</span> <span class='ocrx_word' id='word_1_218' title='bbox 1598 2968 1810 3034; x_wconf 90' lang='grc' dir='ltr'>Παῦλος</span> 
     </span>
    </p>
   </div>
   <div class='ocr_carea' id='block_1_32' title="bbox 238 3048 1807 3133">
    <p class='ocr_par' dir='ltr' id='par_1_32' title="bbox 238 3048 1807 3133">
     <span class='ocr_line' id='line_1_32' title="bbox 238 3048 1807 3133; baseline 0.01 -32"><span class='ocrx_word' id='word_1_219' title='bbox 238 3048 464 3121; x_wconf 78' lang='grc' dir='ltr'>λέλεχεν.</span> <span class='ocrx_word' id='word_1_220' title='bbox 502 3052 594 3106; x_wconf 82' lang='grc' dir='ltr'><strong>Διὸ</strong></span> <span class='ocrx_word' id='word_1_221' title='bbox 639 3055 1070 3125; x_wconf 81' lang='grc' dir='ltr'>παρακαλοῦμεν</span> <span class='ocrx_word' id='word_1_222' title='bbox 1130 3060 1226 3112; x_wconf 81' lang='grc' dir='ltr'>καὶ</span> <span class='ocrx_word' id='word_1_223' title='bbox 1270 3059 1678 3132; x_wconf 87' lang='grc' dir='ltr'>ἀντιϐολοῦμεν,</span> <span class='ocrx_word' id='word_1_224' title='bbox 1732 3064 1807 3133; x_wconf 85' lang='grc' dir='ltr'>μὴ</span> 
     </span>
    </p>
   </div>
   <div class='ocr_carea' id='block_1_33' title="bbox 241 3142 1807 3217">
    <p class='ocr_par' dir='ltr' id='par_1_33' title="bbox 241 3142 1807 3217">
     <span class='ocr_line' id='line_1_33' title="bbox 241 3142 1807 3217; baseline 0.008 -23"><span class='ocrx_word' id='word_1_225' title='bbox 241 3142 494 3198; x_wconf 81' lang='grc' dir='ltr'>ὲκκακεῖν</span> <span class='ocrx_word' id='word_1_226' title='bbox 525 3144 972 3217; x_wconf 86' lang='grc' dir='ltr'>διακατελέγχειν</span> <span class='ocrx_word' id='word_1_227' title='bbox 1007 3166 1065 3201; x_wconf 92' lang='grc' dir='ltr'><strong>σε</strong></span> <span class='ocrx_word' id='word_1_228' title='bbox 1095 3152 1209 3213; x_wconf 82' lang='grc' dir='ltr'>τοῖς</span> <span class='ocrx_word' id='word_1_229' title='bbox 1244 3150 1587 3216; x_wconf 84' lang='grc' dir='ltr'>ὑπεναντίοις</span> <span class='ocrx_word' id='word_1_230' title='bbox 1610 3154 1674 3207; x_wconf 81' lang='grc' dir='ltr'>ὲκ</span> <span class='ocrx_word' id='word_1_231' title='bbox 1699 3154 1807 3208; x_wconf 88' lang='grc' dir='ltr'><strong>τῶν</strong></span> 
     </span>
    </p>
   </div>
   <div class='ocr_carea' id='block_1_34' title="bbox 1927 680 3515 756">
    <p class='ocr_par' dir='ltr' id='par_1_34' title="bbox 1927 680 3515 756">
     <span class='ocr_line' id='line_1_34' title="bbox 1927 680 3515 756; baseline 0.006 -23"><span class='ocrx_word' id='word_1_232' title='bbox 1927 681 2153 749; x_wconf 86' lang='lat' dir='ltr'><strong>possit?</strong></span> <span class='ocrx_word' id='word_1_233' title='bbox 2180 680 2380 737; x_wconf 83' lang='lat' dir='ltr'><strong>Verum</strong></span> <span class='ocrx_word' id='word_1_234' title='bbox 2414 684 2527 737; x_wconf 64' lang='lat' dir='ltr'><strong>haec</strong></span> <span class='ocrx_word' id='word_1_235' title='bbox 2581 684 2746 738; x_wconf 90' lang='lat' dir='ltr'><strong>missa</strong></span> <span class='ocrx_word' id='word_1_236' title='bbox 2790 685 3053 739; x_wconf 81' lang='lat' dir='ltr'><strong>faciamus</strong></span> <span class='ocrx_word' id='word_1_237' title='bbox 3085 703 3097 739; x_wconf 91' lang='lat'>:</span> <span class='ocrx_word' id='word_1_238' title='bbox 3126 686 3191 740; x_wconf 90' lang='lat' dir='ltr'><strong>ad</strong></span> <span class='ocrx_word' id='word_1_239' title='bbox 3231 690 3515 756; x_wconf 77' lang='lat' dir='ltr'><strong>sequentia</strong></span> 
     </span>
    </p>
   </div>
   <div class='ocr_carea' id='block_1_35' title="bbox 1929 776 3519 850">
    <p class='ocr_par' dir='ltr' id='par_1_35' title="bbox 1929 776 3519 850">
     <span class='ocr_line' id='line_1_35' title="bbox 1929 776 3519 850; baseline 0.006 -25"><span class='ocrx_word' id='word_1_240' title='bbox 1929 782 2118 844; x_wconf 89' lang='lat' dir='ltr'><strong>pergat</strong></span> <span class='ocrx_word' id='word_1_241' title='bbox 2179 776 2374 830; x_wconf 89' lang='lat' dir='ltr'><strong>oratio.</strong></span> <span class='ocrx_word' id='word_1_242' title='bbox 2408 776 2550 843; x_wconf 76' lang='lat' dir='ltr'><strong>Quid</strong></span> <span class='ocrx_word' id='word_1_243' title='bbox 2597 778 2703 833; x_wconf 91' lang='lat' dir='ltr'><strong>hoc</strong></span> <span class='ocrx_word' id='word_1_244' title='bbox 2733 787 2837 842; x_wconf 90' lang='lat' dir='ltr'><strong>est,</strong></span> <span class='ocrx_word' id='word_1_245' title='bbox 2859 780 3003 847; x_wconf 89' lang='lat' dir='ltr'><strong>quod</strong></span> <span class='ocrx_word' id='word_1_246' title='bbox 3034 795 3180 833; x_wconf 89' lang='lat' dir='ltr'><strong>nunc</strong></span> <span class='ocrx_word' id='word_1_247' title='bbox 3224 781 3367 850; x_wconf 91' lang='lat' dir='ltr'><strong>apud</strong></span> <span class='ocrx_word' id='word_1_248' title='bbox 3417 796 3519 835; x_wconf 85' lang='lat' dir='ltr'><strong>vos</strong></span> 
     </span>
    </p>
   </div>
   <div class='ocr_carea' id='block_1_36' title="bbox 1930 868 3513 940">
    <p class='ocr_par' dir='ltr' id='par_1_36' title="bbox 1930 868 3513 940">
     <span class='ocr_line' id='line_1_36' title="bbox 1930 868 3513 940; baseline 0.004 -21"><span class='ocrx_word' id='word_1_249' title='bbox 1930 868 2250 922; x_wconf 75' lang='lat' dir='ltr'><strong>innovatum</strong></span> <span class='ocrx_word' id='word_1_250' title='bbox 2309 870 2525 924; x_wconf 84' lang='lat' dir='ltr'><strong>audio?</strong></span> <span class='ocrx_word' id='word_1_251' title='bbox 2568 869 2633 924; x_wconf 90' lang='lat' dir='ltr'><strong>Et</strong></span> <span class='ocrx_word' id='word_1_252' title='bbox 2683 870 2903 940; x_wconf 85' lang='lat' dir='ltr'><strong>quinam</strong></span> <span class='ocrx_word' id='word_1_253' title='bbox 2946 870 3000 923; x_wconf 90' lang='lat' dir='ltr'><strong>hi</strong></span> <span class='ocrx_word' id='word_1_254' title='bbox 3044 870 3167 923; x_wconf 91' lang='lat' dir='ltr'><strong>novi</strong></span> <span class='ocrx_word' id='word_1_255' title='bbox 3225 871 3513 936; x_wconf 81' lang='lat' dir='ltr'><strong>dracones,</strong></span> 
     </span>
    </p>
   </div>
   <div class='ocr_carea' id='block_1_37' title="bbox 1927 958 3517 1031">
    <p class='ocr_par' dir='ltr' id='par_1_37' title="bbox 1927 958 3517 1031">
     <span class='ocr_line' id='line_1_37' title="bbox 1927 958 3517 1031; baseline 0.003 -18"><span class='ocrx_word' id='word_1_256' title='bbox 1927 958 2214 1030; x_wconf 84' lang='lat' dir='ltr'><strong>charybdis</strong></span> <span class='ocrx_word' id='word_1_257' title='bbox 2256 961 2429 1015; x_wconf 90' lang='lat' dir='ltr'><strong>instar</strong></span> <span class='ocrx_word' id='word_1_258' title='bbox 2479 963 2689 1017; x_wconf 89' lang='lat' dir='ltr'><strong>animas</strong></span> <span class='ocrx_word' id='word_1_259' title='bbox 2734 962 3089 1016; x_wconf 88' lang='lat' dir='ltr'><strong>absorbentes</strong></span> <span class='ocrx_word' id='word_1_260' title='bbox 3126 978 3245 1031; x_wconf 86' lang='lat' dir='ltr'><strong>quae</strong></span> <span class='ocrx_word' id='word_1_261' title='bbox 3269 964 3517 1017; x_wconf 76' lang='lat' dir='ltr'><strong>veritatis</strong></span> 
     </span>
    </p>
   </div>
   <div class='ocr_carea' id='block_1_38' title="bbox 1922 1050 3514 1123">
    <p class='ocr_par' dir='ltr' id='par_1_38' title="bbox 1922 1050 3514 1123">
     <span class='ocr_line' id='line_1_38' title="bbox 1922 1050 3514 1123; baseline 0.003 -20"><span class='ocrx_word' id='word_1_262' title='bbox 1922 1050 2093 1104; x_wconf 88' lang='lat' dir='ltr'><strong>verbo</strong></span> <span class='ocrx_word' id='word_1_263' title='bbox 2132 1051 2361 1107; x_wconf 73' lang='lat' dir='ltr'><strong>ﬁrmatae</strong></span> <span class='ocrx_word' id='word_1_264' title='bbox 2409 1069 2518 1107; x_wconf 91' lang='lat' dir='ltr'><strong>non</strong></span> <span class='ocrx_word' id='word_1_265' title='bbox 2552 1054 2728 1108; x_wconf 85' lang='lat' dir='ltr'><strong>sunt?</strong></span> <span class='ocrx_word' id='word_1_266' title='bbox 2777 1052 2857 1107; x_wconf 93' lang='lat' dir='ltr'><strong>Tu</strong></span> <span class='ocrx_word' id='word_1_267' title='bbox 2887 1052 3105 1123; x_wconf 86' lang='lat' dir='ltr'><strong>quidem</strong></span> <span class='ocrx_word' id='word_1_268' title='bbox 3138 1054 3278 1107; x_wconf 85' lang='lat' dir='ltr'><strong>haud</strong></span> <span class='ocrx_word' id='word_1_269' title='bbox 3333 1055 3514 1108; x_wconf 91' lang='lat' dir='ltr'><strong>nomi-</strong></span> 
     </span>
    </p>
   </div>
   <div class='ocr_carea' id='block_1_39' title="bbox 1925 1140 3515 1217">
    <p class='ocr_par' dir='ltr' id='par_1_39' title="bbox 1925 1140 3515 1217">
     <span class='ocr_line' id='line_1_39' title="bbox 1925 1140 3515 1217; baseline 0.005 -25"><span class='ocrx_word' id='word_1_270' title='bbox 1925 1140 2066 1193; x_wconf 89' lang='lat' dir='ltr'><strong>nasti</strong></span> <span class='ocrx_word' id='word_1_271' title='bbox 2098 1158 2111 1193; x_wconf 94' lang='lat'><strong>:</strong></span> <span class='ocrx_word' id='word_1_272' title='bbox 2140 1156 2240 1196; x_wconf 94' lang='lat' dir='ltr'><strong>nos</strong></span> <span class='ocrx_word' id='word_1_273' title='bbox 2275 1159 2404 1197; x_wconf 92' lang='lat' dir='ltr'><strong>vero</strong></span> <span class='ocrx_word' id='word_1_274' title='bbox 2434 1144 2595 1197; x_wconf 87' lang='lat' dir='ltr'><strong>etiam</strong></span> <span class='ocrx_word' id='word_1_275' title='bbox 2643 1152 2938 1213; x_wconf 81' lang='lat' dir='ltr'><strong>antequam</strong></span> <span class='ocrx_word' id='word_1_276' title='bbox 2985 1145 3180 1199; x_wconf 68' lang='lat' dir='ltr'><strong>litterae</strong></span> <span class='ocrx_word' id='word_1_277' title='bbox 3207 1155 3311 1200; x_wconf 74' lang='lat' dir='ltr'><strong>tuae</strong></span> <span class='ocrx_word' id='word_1_278' title='bbox 3346 1147 3515 1217; x_wconf 89' lang='lat' dir='ltr'><strong>signi-</strong></span> 
     </span>
    </p>
   </div>
   <div class='ocr_carea' id='block_1_40' title="bbox 1924 1231 3513 1306">
    <p class='ocr_par' dir='ltr' id='par_1_40' title="bbox 1924 1231 3513 1306">
     <span class='ocr_line' id='line_1_40' title="bbox 1924 1231 3513 1306; baseline 0.005 -22"><span class='ocrx_word' id='word_1_279' title='bbox 1924 1231 2179 1299; x_wconf 90' lang='lat' dir='ltr'><strong>ﬁcarent,</strong></span> <span class='ocrx_word' id='word_1_280' title='bbox 2236 1235 2595 1290; x_wconf 84' lang='lat' dir='ltr'><strong>vehementer</strong></span> <span class='ocrx_word' id='word_1_281' title='bbox 2648 1237 2998 1306; x_wconf 87' lang='lat' dir='ltr'><strong>planximus,</strong></span> <span class='ocrx_word' id='word_1_282' title='bbox 3057 1237 3219 1290; x_wconf 91' lang='lat' dir='ltr'><strong>unius</strong></span> <span class='ocrx_word' id='word_1_283' title='bbox 3272 1239 3513 1292; x_wconf 90' lang='lat' dir='ltr'><strong>hominis</strong></span> 
     </span>
    </p>
   </div>
   <div class='ocr_carea' id='block_1_41' title="bbox 1922 1326 3511 1399">
    <p class='ocr_par' dir='ltr' id='par_1_41' title="bbox 1922 1326 3511 1399">
     <span class='ocr_line' id='line_1_41' title="bbox 1922 1326 3511 1399; baseline 0.004 -22"><span class='ocrx_word' id='word_1_284' title='bbox 1922 1340 2087 1378; x_wconf 86' lang='lat' dir='ltr'><strong>causa</strong></span> <span class='ocrx_word' id='word_1_285' title='bbox 2141 1326 2423 1392; x_wconf 65' lang='lat' dir='ltr'><strong>haeretici,</strong></span> <span class='ocrx_word' id='word_1_286' title='bbox 2485 1329 2581 1383; x_wconf 90' lang='lat' dir='ltr'><strong>sed</strong></span> <span class='ocrx_word' id='word_1_287' title='bbox 2640 1330 2821 1398; x_wconf 86' lang='lat' dir='ltr'><strong>potius</strong></span> <span class='ocrx_word' id='word_1_288' title='bbox 2880 1345 3070 1383; x_wconf 85' lang='lat' dir='ltr'><strong>revera</strong></span> <span class='ocrx_word' id='word_1_289' title='bbox 3117 1330 3415 1399; x_wconf 88' lang='lat' dir='ltr'><strong>blasphemi</strong></span> <span class='ocrx_word' id='word_1_290' title='bbox 3457 1332 3511 1384; x_wconf 92' lang='lat' dir='ltr'><strong>iu</strong></span> 
     </span>
    </p>
   </div>
   <div class='ocr_carea' id='block_1_42' title="bbox 1922 1416 3522 1492">
    <p class='ocr_par' dir='ltr' id='par_1_42' title="bbox 1922 1416 3522 1492">
     <span class='ocr_line' id='line_1_42' title="bbox 1922 1416 3522 1492; baseline 0.005 -22"><span class='ocrx_word' id='word_1_291' title='bbox 1922 1416 2118 1483; x_wconf 90' lang='lat' dir='ltr'><strong>Deum,</strong></span> <span class='ocrx_word' id='word_1_292' title='bbox 2159 1418 2253 1488; x_wconf 90' lang='lat' dir='ltr'><strong>qui</strong></span> <span class='ocrx_word' id='word_1_293' title='bbox 2304 1420 2621 1475; x_wconf 90' lang='lat' dir='ltr'><strong>chartularii</strong></span> <span class='ocrx_word' id='word_1_294' title='bbox 2665 1437 2867 1475; x_wconf 92' lang='lat' dir='ltr'><strong>munus</strong></span> <span class='ocrx_word' id='word_1_295' title='bbox 2905 1421 3029 1476; x_wconf 87' lang='lat' dir='ltr'><strong>istic</strong></span> <span class='ocrx_word' id='word_1_296' title='bbox 3076 1421 3144 1476; x_wconf 89' lang='lat' dir='ltr'><strong>ab</strong></span> <span class='ocrx_word' id='word_1_297' title='bbox 3184 1421 3522 1492; x_wconf 77' lang='lat' dir='ltr'><strong>imperatore</strong></span> 
     </span>
    </p>
   </div>
   <div class='ocr_carea' id='block_1_43' title="bbox 1923 1510 3511 1579">
    <p class='ocr_par' dir='ltr' id='par_1_43' title="bbox 1923 1510 3511 1579">
     <span class='ocr_line' id='line_1_43' title="bbox 1923 1510 3511 1579; baseline 0.005 -17"><span class='ocrx_word' id='word_1_298' title='bbox 1923 1510 2153 1579; x_wconf 91' lang='lat' dir='ltr'><strong>adeptus</strong></span> <span class='ocrx_word' id='word_1_299' title='bbox 2184 1520 2288 1577; x_wconf 90' lang='lat' dir='ltr'><strong>est,</strong></span> <span class='ocrx_word' id='word_1_300' title='bbox 2304 1511 2409 1567; x_wconf 92' lang='lat' dir='ltr'><strong>hoc</strong></span> <span class='ocrx_word' id='word_1_301' title='bbox 2429 1513 2674 1568; x_wconf 87' lang='lat' dir='ltr'><strong>dicentes</strong></span> <span class='ocrx_word' id='word_1_302' title='bbox 2691 1514 3061 1569; x_wconf 68' lang='lat' dir='ltr'><strong>celeberrimae</strong></span> <span class='ocrx_word' id='word_1_303' title='bbox 3076 1513 3271 1569; x_wconf 65' lang='lat' dir='ltr'><strong>Sicilire</strong></span> <span class='ocrx_word' id='word_1_304' title='bbox 3284 1515 3511 1570; x_wconf 88' lang='lat' dir='ltr'><strong>exitium</strong></span> 
     </span>
    </p>
   </div>
   <div class='ocr_carea' id='block_1_44' title="bbox 1925 1601 3510 1680">
    <p class='ocr_par' dir='ltr' id='par_1_44' title="bbox 1925 1601 3510 1680">
     <span class='ocr_line' id='line_1_44' title="bbox 1925 1601 3510 1680; baseline 0.004 -24"><span class='ocrx_word' id='word_1_305' title='bbox 1925 1601 2206 1674; x_wconf 83' lang='lat' dir='ltr'><strong>obtigisse.</strong></span> <span class='ocrx_word' id='word_1_306' title='bbox 2245 1605 2521 1660; x_wconf 71' lang='lat' dir='ltr'><strong>Pernicies</strong></span> <span class='ocrx_word' id='word_1_307' title='bbox 2561 1618 2751 1665; x_wconf 87' lang='lat' dir='ltr'><strong>autem</strong></span> <span class='ocrx_word' id='word_1_308' title='bbox 2788 1608 2906 1663; x_wconf 71' lang='lat' dir='ltr'><strong>haec</strong></span> <span class='ocrx_word' id='word_1_309' title='bbox 2954 1625 3065 1663; x_wconf 89' lang='lat' dir='ltr'><strong>non</strong></span> <span class='ocrx_word' id='word_1_310' title='bbox 3094 1626 3163 1665; x_wconf 81' lang='lat' dir='ltr'><strong>ex</strong></span> <span class='ocrx_word' id='word_1_311' title='bbox 3206 1609 3510 1680; x_wconf 78' lang='lat' dir='ltr'><strong>dogmatica</strong></span> 
     </span>
    </p>
   </div>
   <div class='ocr_carea' id='block_1_45' title="bbox 1922 1694 3512 1773">
    <p class='ocr_par' dir='ltr' id='par_1_45' title="bbox 1922 1694 3512 1773">
     <span class='ocr_line' id='line_1_45' title="bbox 1922 1694 3512 1773; baseline 0.007 -27"><span class='ocrx_word' id='word_1_312' title='bbox 1922 1694 2176 1750; x_wconf 87' lang='lat' dir='ltr'><strong>doctrina</strong></span> <span class='ocrx_word' id='word_1_313' title='bbox 2208 1697 2439 1752; x_wconf 84' lang='lat' dir='ltr'><strong>conﬂata</strong></span> <span class='ocrx_word' id='word_1_314' title='bbox 2476 1708 2559 1753; x_wconf 89' lang='lat' dir='ltr'><strong>est</strong></span> <span class='ocrx_word' id='word_1_315' title='bbox 2588 1718 2601 1752; x_wconf 87' lang='lat'>:</span> <span class='ocrx_word' id='word_1_316' title='bbox 2643 1699 2907 1755; x_wconf 80' lang='lat' dir='ltr'><strong>doctrinae</strong></span> <span class='ocrx_word' id='word_1_317' title='bbox 2924 1701 3068 1755; x_wconf 91' lang='lat' dir='ltr'><strong>enim</strong></span> <span class='ocrx_word' id='word_1_318' title='bbox 3099 1719 3291 1772; x_wconf 79' lang='lat' dir='ltr'><strong>expers</strong></span> <span class='ocrx_word' id='word_1_319' title='bbox 3318 1703 3512 1773; x_wconf 88' lang='lat' dir='ltr'><strong>ingens</strong></span> 
     </span>
    </p>
   </div>
   <div class='ocr_carea' id='block_1_46' title="bbox 1924 1785 3515 1864">
    <p class='ocr_par' dir='ltr' id='par_1_46' title="bbox 1924 1785 3515 1864">
     <span class='ocr_line' id='line_1_46' title="bbox 1924 1785 3515 1864; baseline 0.006 -24"><span class='ocrx_word' id='word_1_320' title='bbox 1924 1785 2041 1842; x_wconf 76' lang='lat' dir='ltr'><strong>haec</strong></span> <span class='ocrx_word' id='word_1_321' title='bbox 2076 1797 2290 1843; x_wconf 88' lang='lat' dir='ltr'><strong>statua:</strong></span> <span class='ocrx_word' id='word_1_322' title='bbox 2325 1791 2421 1845; x_wconf 88' lang='lat' dir='ltr'><strong>sed</strong></span> <span class='ocrx_word' id='word_1_323' title='bbox 2480 1792 2547 1847; x_wconf 92' lang='lat' dir='ltr'><strong>ab</strong></span> <span class='ocrx_word' id='word_1_324' title='bbox 2582 1792 2747 1861; x_wconf 90' lang='lat' dir='ltr'><strong>impia</strong></span> <span class='ocrx_word' id='word_1_325' title='bbox 2793 1802 2974 1847; x_wconf 87' lang='lat' dir='ltr'><strong>mente</strong></span> <span class='ocrx_word' id='word_1_326' title='bbox 3001 1794 3263 1864; x_wconf 80' lang='lat' dir='ltr'><strong>profecta,</strong></span> <span class='ocrx_word' id='word_1_327' title='bbox 3312 1805 3515 1864; x_wconf 68' lang='lat' dir='ltr'><strong>atque,</strong></span> 
     </span>
    </p>
   </div>
   <div class='ocr_carea' id='block_1_47' title="bbox 1924 1880 3517 1958">
    <p class='ocr_par' dir='ltr' id='par_1_47' title="bbox 1924 1880 3517 1958">
     <span class='ocr_line' id='line_1_47' title="bbox 1924 1880 3517 1958; baseline 0.006 -26"><span class='ocrx_word' id='word_1_328' title='bbox 1924 1887 1985 1933; x_wconf 88' lang='lat' dir='ltr'><strong>ut</strong></span> <span class='ocrx_word' id='word_1_329' title='bbox 2017 1880 2163 1949; x_wconf 91' lang='lat' dir='ltr'><strong>quod</strong></span> <span class='ocrx_word' id='word_1_330' title='bbox 2226 1882 2411 1937; x_wconf 85' lang='lat' dir='ltr'><strong>verius</strong></span> <span class='ocrx_word' id='word_1_331' title='bbox 2446 1892 2530 1938; x_wconf 90' lang='lat' dir='ltr'><strong>est</strong></span> <span class='ocrx_word' id='word_1_332' title='bbox 2576 1884 2812 1948; x_wconf 84' lang='lat' dir='ltr'><strong>dicatur,</strong></span> <span class='ocrx_word' id='word_1_333' title='bbox 2854 1886 2923 1941; x_wconf 92' lang='lat' dir='ltr'><strong>ad</strong></span> <span class='ocrx_word' id='word_1_334' title='bbox 2966 1886 3300 1957; x_wconf 84' lang='lat' dir='ltr'><strong>impietatem</strong></span> <span class='ocrx_word' id='word_1_335' title='bbox 3354 1888 3517 1958; x_wconf 86' lang='lat' dir='ltr'><strong>prius</strong></span> 
     </span>
    </p>
   </div>
   <div class='ocr_carea' id='block_1_48' title="bbox 1922 1973 3508 2049">
    <p class='ocr_par' dir='ltr' id='par_1_48' title="bbox 1922 1973 3508 2049">
     <span class='ocr_line' id='line_1_48' title="bbox 1922 1973 3508 2049; baseline 0.005 -25"><span class='ocrx_word' id='word_1_336' title='bbox 1922 1980 2045 2024; x_wconf 87' lang='lat' dir='ltr'><strong>nata</strong></span> <span class='ocrx_word' id='word_1_337' title='bbox 2082 1990 2095 2025; x_wconf 91' lang='lat'><strong>:</strong></span> <span class='ocrx_word' id='word_1_338' title='bbox 2127 1981 2186 2027; x_wconf 89' lang='lat' dir='ltr'><strong>et</strong></span> <span class='ocrx_word' id='word_1_339' title='bbox 2213 1973 2434 2042; x_wconf 87' lang='lat' dir='ltr'><strong>quidem</strong></span> <span class='ocrx_word' id='word_1_340' title='bbox 2477 1990 2600 2029; x_wconf 88' lang='lat' dir='ltr'><strong>cum</strong></span> <span class='ocrx_word' id='word_1_341' title='bbox 2645 1975 2857 2032; x_wconf 88' lang='lat' dir='ltr'><strong>duabus</strong></span> <span class='ocrx_word' id='word_1_342' title='bbox 2890 1977 3011 2031; x_wconf 89' lang='lat' dir='ltr'><strong>aliis</strong></span> <span class='ocrx_word' id='word_1_343' title='bbox 3065 1978 3508 2049; x_wconf 88' lang='lat' dir='ltr'><strong>consanguineis.</strong></span> 
     </span>
    </p>
   </div>
   <div class='ocr_carea' id='block_1_49' title="bbox 1922 2060 3519 2141">
    <p class='ocr_par' dir='ltr' id='par_1_49' title="bbox 1922 2060 3519 2141">
     <span class='ocr_line' id='line_1_49' title="bbox 1922 2060 3519 2141; baseline 0.005 -25"><span class='ocrx_word' id='word_1_344' title='bbox 1922 2060 2026 2117; x_wconf 88' lang='lat' dir='ltr'><strong>Sed</strong></span> <span class='ocrx_word' id='word_1_345' title='bbox 2055 2062 2156 2118; x_wconf 92' lang='lat' dir='ltr'><strong>hos</strong></span> <span class='ocrx_word' id='word_1_346' title='bbox 2185 2062 2428 2120; x_wconf 87' lang='lat' dir='ltr'><strong>Trinitas</strong></span> <span class='ocrx_word' id='word_1_347' title='bbox 2450 2066 2650 2121; x_wconf 83' lang='lat' dir='ltr'><strong>divinis</strong></span> <span class='ocrx_word' id='word_1_348' title='bbox 2666 2068 2855 2123; x_wconf 89' lang='lat' dir='ltr'><strong>oribus</strong></span> <span class='ocrx_word' id='word_1_349' title='bbox 2882 2069 3209 2141; x_wconf 84' lang='lat' dir='ltr'><strong>proﬁigahit,</strong></span> <span class='ocrx_word' id='word_1_350' title='bbox 3241 2080 3297 2124; x_wconf 89' lang='lat' dir='ltr'><strong>et</strong></span> <span class='ocrx_word' id='word_1_351' title='bbox 3327 2082 3519 2125; x_wconf 81' lang='lat' dir='ltr'><strong>vestro</strong></span> 
     </span>
    </p>
   </div>
   <div class='ocr_carea' id='block_1_50' title="bbox 1918 2149 3508 2227">
    <p class='ocr_par' dir='ltr' id='par_1_50' title="bbox 1918 2149 3508 2227">
     <span class='ocr_line' id='line_1_50' title="bbox 1918 2149 3508 2227; baseline 0.006 -19"><span class='ocrx_word' id='word_1_352' title='bbox 1918 2161 1973 2208; x_wconf 88' lang='lat' dir='ltr'><strong>et</strong></span> <span class='ocrx_word' id='word_1_353' title='bbox 1995 2154 2249 2219; x_wconf 90' lang='lat' dir='ltr'><strong>aliorum,</strong></span> <span class='ocrx_word' id='word_1_354' title='bbox 2292 2172 2414 2227; x_wconf 84' lang='lat' dir='ltr'><strong>quae</strong></span> <span class='ocrx_word' id='word_1_355' title='bbox 2441 2159 2726 2214; x_wconf 87' lang='lat' dir='ltr'><strong>veritatem</strong></span> <span class='ocrx_word' id='word_1_356' title='bbox 2769 2160 2841 2215; x_wconf 89' lang='lat' dir='ltr'><strong>ibi</strong></span> <span class='ocrx_word' id='word_1_357' title='bbox 2897 2159 3218 2216; x_wconf 84' lang='lat' dir='ltr'><strong>defendunt.</strong></span> <span class='ocrx_word' id='word_1_358' title='bbox 3251 2162 3327 2216; x_wconf 90' lang='lat' dir='ltr'><strong>Te</strong></span> <span class='ocrx_word' id='word_1_359' title='bbox 3363 2149 3508 2217; x_wconf 61' lang='lat' dir='ltr'><strong>&#39;vero</strong></span> 
     </span>
    </p>
   </div>
   <div class='ocr_carea' id='block_1_51' title="bbox 1917 2246 3507 2311">
    <p class='ocr_par' dir='ltr' id='par_1_51' title="bbox 1917 2246 3507 2311">
     <span class='ocr_line' id='line_1_51' title="bbox 1917 2246 3507 2311; baseline 0.007 -11"><span class='ocrx_word' id='word_1_360' title='bbox 1917 2254 1972 2300; x_wconf 89' lang='lat' dir='ltr'><strong>et</strong></span> <span class='ocrx_word' id='word_1_361' title='bbox 2003 2246 2077 2300; x_wconf 92' lang='lat' dir='ltr'><strong>tui</strong></span> <span class='ocrx_word' id='word_1_362' title='bbox 2107 2247 2313 2303; x_wconf 90' lang='lat' dir='ltr'><strong>similes</strong></span> <span class='ocrx_word' id='word_1_363' title='bbox 2360 2250 2591 2306; x_wconf 87' lang='lat' dir='ltr'><strong>minime</strong></span> <span class='ocrx_word' id='word_1_364' title='bbox 2620 2252 2803 2307; x_wconf 85' lang='lat' dir='ltr'><strong>turbet</strong></span> <span class='ocrx_word' id='word_1_365' title='bbox 2850 2252 3028 2307; x_wconf 89' lang='lat' dir='ltr'><strong>adhuc</strong></span> <span class='ocrx_word' id='word_1_366' title='bbox 3043 2253 3232 2309; x_wconf 83' lang='lat' dir='ltr'><strong>furens</strong></span> <span class='ocrx_word' id='word_1_367' title='bbox 3253 2254 3507 2311; x_wconf 72' lang='lat' dir='ltr'><strong>hau-esis.</strong></span> 
     </span>
    </p>
   </div>
   <div class='ocr_carea' id='block_1_52' title="bbox 1916 2337 3507 2413">
    <p class='ocr_par' dir='ltr' id='par_1_52' title="bbox 1916 2337 3507 2413">
     <span class='ocr_line' id='line_1_52' title="bbox 1916 2337 3507 2413; baseline 0.004 -20"><span class='ocrx_word' id='word_1_368' title='bbox 1916 2337 2172 2394; x_wconf 85' lang='lat' dir='ltr'><strong>Nondum</strong></span> <span class='ocrx_word' id='word_1_369' title='bbox 2231 2341 2376 2395; x_wconf 89' lang='lat' dir='ltr'><strong>enim</strong></span> <span class='ocrx_word' id='word_1_370' title='bbox 2424 2358 2713 2398; x_wconf 83' lang='lat' dir='ltr'><strong>excussum</strong></span> <span class='ocrx_word' id='word_1_371' title='bbox 2740 2354 2795 2400; x_wconf 91' lang='lat' dir='ltr'><strong>et</strong></span> <span class='ocrx_word' id='word_1_372' title='bbox 2838 2353 3126 2400; x_wconf 89' lang='lat' dir='ltr'><strong>contusum</strong></span> <span class='ocrx_word' id='word_1_373' title='bbox 3159 2356 3244 2400; x_wconf 92' lang='lat' dir='ltr'><strong>est</strong></span> <span class='ocrx_word' id='word_1_374' title='bbox 3276 2347 3507 2413; x_wconf 89' lang='lat' dir='ltr'><strong>malum,</strong></span> 
     </span>
    </p>
   </div>
   <div class='ocr_carea' id='block_1_53' title="bbox 1916 2432 3501 2504">
    <p class='ocr_par' dir='ltr' id='par_1_53' title="bbox 1916 2432 3501 2504">
     <span class='ocr_line' id='line_1_53' title="bbox 1916 2432 3501 2504; baseline 0.006 -22"><span class='ocrx_word' id='word_1_375' title='bbox 1916 2444 2018 2484; x_wconf 91' lang='lat' dir='ltr'><strong>nec</strong></span> <span class='ocrx_word' id='word_1_376' title='bbox 2049 2432 2177 2487; x_wconf 81' lang='lat' dir='ltr'><strong>satis</strong></span> <span class='ocrx_word' id='word_1_377' title='bbox 2215 2432 2397 2487; x_wconf 91' lang='lat' dir='ltr'><strong>adhuc</strong></span> <span class='ocrx_word' id='word_1_378' title='bbox 2427 2435 2691 2503; x_wconf 85' lang='lat' dir='ltr'><strong>probatus</strong></span> <span class='ocrx_word' id='word_1_379' title='bbox 2741 2437 2983 2491; x_wconf 91' lang='lat' dir='ltr'><strong>ﬁdelium</strong></span> <span class='ocrx_word' id='word_1_380' title='bbox 3024 2437 3077 2490; x_wconf 91' lang='lat' dir='ltr'><strong>in</strong></span> <span class='ocrx_word' id='word_1_381' title='bbox 3113 2437 3279 2492; x_wconf 89' lang='lat' dir='ltr'><strong>Deum</strong></span> <span class='ocrx_word' id='word_1_382' title='bbox 3311 2453 3501 2504; x_wconf 85' lang='lat' dir='ltr'><strong>amor;</strong></span> 
     </span>
    </p>
   </div>
   <div class='ocr_carea' id='block_1_54' title="bbox 1919 2522 3506 2600">
    <p class='ocr_par' dir='ltr' id='par_1_54' title="bbox 1919 2522 3506 2600">
     <span class='ocr_line' id='line_1_54' title="bbox 1919 2522 3506 2600; baseline 0.007 -27"><span class='ocrx_word' id='word_1_383' title='bbox 1919 2535 1981 2574; x_wconf 90' lang='lat' dir='ltr'><strong>ac</strong></span> <span class='ocrx_word' id='word_1_384' title='bbox 2013 2522 2198 2588; x_wconf 90' lang='lat' dir='ltr'><strong>tertio,</strong></span> <span class='ocrx_word' id='word_1_385' title='bbox 2231 2539 2342 2579; x_wconf 90' lang='lat' dir='ltr'><strong>non</strong></span> <span class='ocrx_word' id='word_1_386' title='bbox 2382 2541 2674 2596; x_wconf 86' lang='lat' dir='ltr'><strong>possumus</strong></span> <span class='ocrx_word' id='word_1_387' title='bbox 2722 2528 2928 2598; x_wconf 78' lang='lat' dir='ltr'><strong>ingredi</strong></span> <span class='ocrx_word' id='word_1_388' title='bbox 2982 2528 3036 2582; x_wconf 88' lang='lat' dir='ltr'><strong>in</strong></span> <span class='ocrx_word' id='word_1_389' title='bbox 3076 2529 3325 2600; x_wconf 80' lang='lat' dir='ltr'><strong>abyssum</strong></span> <span class='ocrx_word' id='word_1_390' title='bbox 3353 2528 3506 2598; x_wconf 88' lang='lat' dir='ltr'><strong>judi-</strong></span> 
     </span>
    </p>
   </div>
   <div class='ocr_carea' id='block_1_55' title="bbox 1918 2609 3509 2686">
    <p class='ocr_par' dir='ltr' id='par_1_55' title="bbox 1918 2609 3509 2686">
     <span class='ocr_line' id='line_1_55' title="bbox 1918 2609 3509 2686; baseline 0.006 -24"><span class='ocrx_word' id='word_1_391' title='bbox 1918 2609 2128 2664; x_wconf 92' lang='lat' dir='ltr'><strong>ciorum</strong></span> <span class='ocrx_word' id='word_1_392' title='bbox 2182 2610 2303 2677; x_wconf 89' lang='lat' dir='ltr'><strong>Dei,</strong></span> <span class='ocrx_word' id='word_1_393' title='bbox 2339 2616 2613 2683; x_wconf 88' lang='lat' dir='ltr'><strong>quomodo</strong></span> <span class='ocrx_word' id='word_1_394' title='bbox 2669 2617 2928 2686; x_wconf 88' lang='lat' dir='ltr'><strong>populum</strong></span> <span class='ocrx_word' id='word_1_395' title='bbox 2960 2632 3120 2671; x_wconf 90' lang='lat' dir='ltr'><strong>suum</strong></span> <span class='ocrx_word' id='word_1_396' title='bbox 3172 2616 3509 2672; x_wconf 88' lang='lat' dir='ltr'><strong>inﬁdelitatis</strong></span> 
     </span>
    </p>
   </div>
   <div class='ocr_carea' id='block_1_56' title="bbox 1918 2704 2930 2779">
    <p class='ocr_par' dir='ltr' id='par_1_56' title="bbox 1918 2704 2930 2779">
     <span class='ocr_line' id='line_1_56' title="bbox 1918 2704 2930 2779; baseline 0.009 -24"><span class='ocrx_word' id='word_1_397' title='bbox 1918 2704 2161 2771; x_wconf 81' lang='lat' dir='ltr'><strong>procella</strong></span> <span class='ocrx_word' id='word_1_398' title='bbox 2190 2721 2365 2776; x_wconf 89' lang='lat' dir='ltr'><strong>usque</strong></span> <span class='ocrx_word' id='word_1_399' title='bbox 2392 2707 2529 2763; x_wconf 89' lang='lat' dir='ltr'><strong>adeo</strong></span> <span class='ocrx_word' id='word_1_400' title='bbox 2550 2709 2740 2779; x_wconf 89' lang='lat' dir='ltr'><strong>agitari</strong></span> <span class='ocrx_word' id='word_1_401' title='bbox 2771 2710 2930 2764; x_wconf 90' lang='lat' dir='ltr'><strong>sinat.</strong></span> 
     </span>
    </p>
   </div>
   <div class='ocr_carea' id='block_1_57' title="bbox 1988 2885 3503 2944">
    <p class='ocr_par' dir='ltr' id='par_1_57' title="bbox 1988 2885 3503 2944">
     <span class='ocr_line' id='line_1_57' title="bbox 1988 2885 3503 2944; baseline 0 -3"><span class='ocrx_word' id='word_1_402' title='bbox 1988 2885 2262 2941; x_wconf 66' lang='lat' dir='ltr'><strong>Caeterum</strong></span> <span class='ocrx_word' id='word_1_403' title='bbox 2312 2889 2582 2943; x_wconf 88' lang='lat' dir='ltr'><strong>sermonis</strong></span> <span class='ocrx_word' id='word_1_404' title='bbox 2650 2888 2926 2944; x_wconf 90' lang='lat' dir='ltr'><strong>conclusio</strong></span> <span class='ocrx_word' id='word_1_405' title='bbox 2994 2898 3077 2944; x_wconf 85' lang='lat' dir='ltr'><strong>est</strong></span> <span class='ocrx_word' id='word_1_406' title='bbox 3119 2898 3182 2942; x_wconf 92' lang='lat' dir='ltr'><strong>ut</strong></span> <span class='ocrx_word' id='word_1_407' title='bbox 3229 2888 3503 2942; x_wconf 80' lang='lat' dir='ltr'><strong>manifesti</strong></span> 
     </span>
    </p>
   </div>
   <div class='ocr_carea' id='block_1_58' title="bbox 1917 2977 3499 3052">
    <p class='ocr_par' dir='ltr' id='par_1_58' title="bbox 1917 2977 3499 3052">
     <span class='ocr_line' id='line_1_58' title="bbox 1917 2977 3499 3052; baseline 0.002 -20"><span class='ocrx_word' id='word_1_408' title='bbox 1917 2977 2052 3033; x_wconf 89' lang='lat' dir='ltr'><strong>ﬁant</strong></span> <span class='ocrx_word' id='word_1_409' title='bbox 2084 2979 2264 3044; x_wconf 90' lang='lat' dir='ltr'><strong>electi,</strong></span> <span class='ocrx_word' id='word_1_410' title='bbox 2298 2981 2442 3036; x_wconf 89' lang='lat' dir='ltr'><strong>sicut</strong></span> <span class='ocrx_word' id='word_1_411' title='bbox 2481 2980 2761 3052; x_wconf 72' lang='lat' dir='ltr'><strong>sapientiae</strong></span> <span class='ocrx_word' id='word_1_412' title='bbox 2787 2982 3130 3051; x_wconf 83' lang='lat' dir='ltr'><strong>dispensator</strong></span> <span class='ocrx_word' id='word_1_413' title='bbox 3158 2981 3358 3036; x_wconf 88' lang='lat' dir='ltr'><strong>Paulus</strong></span> <span class='ocrx_word' id='word_1_414' title='bbox 3404 2982 3499 3035; x_wconf 91' lang='lat' dir='ltr'><strong>ait.</strong></span> 
     </span>
    </p>
   </div>
   <div class='ocr_carea' id='block_1_59' title="bbox 1914 3070 3543 3145">
    <p class='ocr_par' dir='ltr' id='par_1_59' title="bbox 1914 3070 3543 3145">
     <span class='ocr_line' id='line_1_59' title="bbox 1914 3070 3543 3145; baseline 0.002 -20"><span class='ocrx_word' id='word_1_415' title='bbox 1914 3070 2257 3143; x_wconf 86' lang='lat' dir='ltr'><strong>Quapropter</strong></span> <span class='ocrx_word' id='word_1_416' title='bbox 2287 3072 2571 3127; x_wconf 89' lang='lat' dir='ltr'><strong>hortamur</strong></span> <span class='ocrx_word' id='word_1_417' title='bbox 2607 3082 2663 3127; x_wconf 88' lang='lat' dir='ltr'><strong>et</strong></span> <span class='ocrx_word' id='word_1_418' title='bbox 2704 3074 3086 3139; x_wconf 87' lang='lat' dir='ltr'><strong>obsecramus,</strong></span> <span class='ocrx_word' id='word_1_419' title='bbox 3121 3091 3188 3127; x_wconf 89' lang='lat' dir='ltr'><strong>ne</strong></span> <span class='ocrx_word' id='word_1_420' title='bbox 3239 3075 3543 3145; x_wconf 77' lang='lat' dir='ltr'><strong>fatigeris,‘</strong></span> 
     </span>
    </p>
   </div>
   <div class='ocr_carea' id='block_1_60' title="bbox 1918 3163 3502 3234">
    <p class='ocr_par' dir='ltr' id='par_1_60' title="bbox 1918 3163 3502 3234">
     <span class='ocr_line' id='line_1_60' title="bbox 1918 3163 3502 3234; baseline 0.001 -17"><span class='ocrx_word' id='word_1_421' title='bbox 1918 3178 2098 3232; x_wconf 91' lang='lat' dir='ltr'><strong>neque</strong></span> <span class='ocrx_word' id='word_1_422' title='bbox 2132 3179 2315 3219; x_wconf 90' lang='lat' dir='ltr'><strong>cesses</strong></span> <span class='ocrx_word' id='word_1_423' title='bbox 2349 3163 2695 3219; x_wconf 89' lang='lat' dir='ltr'><strong>adversarios</strong></span> <span class='ocrx_word' id='word_1_424' title='bbox 2736 3179 3031 3234; x_wconf 87' lang='lat' dir='ltr'><strong>coarguere</strong></span> <span class='ocrx_word' id='word_1_425' title='bbox 3066 3181 3128 3218; x_wconf 87' lang='lat' dir='ltr'><strong>ex</strong></span> <span class='ocrx_word' id='word_1_426' title='bbox 3163 3165 3352 3219; x_wconf 88' lang='lat' dir='ltr'><strong>intimo</strong></span> <span class='ocrx_word' id='word_1_427' title='bbox 3378 3182 3502 3221; x_wconf 90' lang='lat' dir='ltr'><strong>cor-</strong></span> 
     </span>
    </p>
   </div>
   <div class='ocr_carea' id='block_1_61' title="bbox 241 3235 1812 3330">
    <p class='ocr_par' dir='ltr' id='par_1_61' title="bbox 241 3235 1806 3316">
     <span class='ocr_line' id='line_1_61' title="bbox 241 3235 1806 3316; baseline 0.009 -28"><span class='ocrx_word' id='word_1_428' title='bbox 241 3235 439 3291; x_wconf 87' lang='grc' dir='ltr'>άδύτων</span> <span class='ocrx_word' id='word_1_429' title='bbox 479 3239 723 3308; x_wconf 86' lang='grc' dir='ltr'>ταμείων</span> <span class='ocrx_word' id='word_1_430' title='bbox 751 3241 852 3310; x_wconf 82' lang='grc' dir='ltr'><strong>τῆς</strong></span> <span class='ocrx_word' id='word_1_431' title='bbox 881 3241 1111 3313; x_wconf 84' lang='grc' dir='ltr'>καρδίας</span> <span class='ocrx_word' id='word_1_432' title='bbox 1158 3261 1274 3309; x_wconf 88' lang='grc' dir='ltr'>σου,</span> <span class='ocrx_word' id='word_1_433' title='bbox 1341 3246 1686 3316; x_wconf 84' lang='grc' dir='ltr'>προφέροντα</span> <span class='ocrx_word' id='word_1_434' title='bbox 1738 3250 1806 3302; x_wconf 87' lang='grc' dir='ltr'>τὰ</span> 
     </span>
    </p>
   </div>
   <div class='ocr_carea' id='block_1_62' title="bbox 1916 3235 3501 3330">
    <p class='ocr_par' dir='ltr' id='par_1_62' title="bbox 1916 3254 3501 3325">
     <span class='ocr_line' id='line_1_62' title="bbox 1916 3254 3501 3325; baseline 0.001 -16"><span class='ocrx_word' id='word_1_435' title='bbox 1916 3254 1997 3309; x_wconf 81' lang='lat' dir='ltr'><strong>(lis</strong></span> <span class='ocrx_word' id='word_1_436' title='bbox 2027 3254 2103 3309; x_wconf 91' lang='lat' dir='ltr'><strong>tui</strong></span> <span class='ocrx_word' id='word_1_437' title='bbox 2132 3270 2276 3324; x_wconf 90' lang='lat' dir='ltr'><strong>penu</strong></span> <span class='ocrx_word' id='word_1_438' title='bbox 2314 3255 2501 3309; x_wconf 89' lang='lat' dir='ltr'><strong>divina</strong></span> <span class='ocrx_word' id='word_1_439' title='bbox 2518 3271 2779 3324; x_wconf 89' lang='lat' dir='ltr'><strong>promens</strong></span> <span class='ocrx_word' id='word_1_440' title='bbox 2810 3255 3158 3319; x_wconf 88' lang='lat' dir='ltr'><strong>documenta,</strong></span> <span class='ocrx_word' id='word_1_441' title='bbox 3192 3264 3352 3325; x_wconf 88' lang='lat' dir='ltr'><strong>atque</strong></span> <span class='ocrx_word' id='word_1_442' title='bbox 3375 3255 3501 3311; x_wconf 85' lang='lat' dir='ltr'><strong>hinc</strong></span> 
     </span>
    </p>
   </div>
   <div class='ocr_carea' id='block_1_63' title="bbox 241 3325 1807 3411">
    <p class='ocr_par' dir='ltr' id='par_1_63' title="bbox 241 3325 1807 3411">
     <span class='ocr_line' id='line_1_63' title="bbox 241 3325 1807 3411; baseline 0.009 -33"><span class='ocrx_word' id='word_1_443' title='bbox 241 3325 347 3380; x_wconf 86' lang='grc' dir='ltr'>θεία</span> <span class='ocrx_word' id='word_1_444' title='bbox 384 3328 720 3400; x_wconf 87' lang='grc' dir='ltr'>διδάγματα,</span> <span class='ocrx_word' id='word_1_445' title='bbox 770 3334 865 3385; x_wconf 73' lang='grc' dir='ltr'><strong>καὶ</strong></span> <span class='ocrx_word' id='word_1_446' title='bbox 913 3334 1337 3387; x_wconf 85' lang='grc' dir='ltr'>ὑποδεικνύοντα</span> <span class='ocrx_word' id='word_1_447' title='bbox 1385 3337 1633 3391; x_wconf 78' lang='grc' dir='ltr'>ἐντεῦθεν</span> <span class='ocrx_word' id='word_1_448' title='bbox 1681 3339 1807 3411; x_wconf 85' lang='grc' dir='ltr'>ἀρι-</span> 
     </span>
    </p>
   </div>
   <div class='ocr_carea' id='block_1_64' title="bbox 237 3416 1810 3501">
    <p class='ocr_par' dir='ltr' id='par_1_64' title="bbox 237 3416 1810 3501">
     <span class='ocr_line' id='line_1_64' title="bbox 237 3416 1810 3501; baseline 0.01 -32"><span class='ocrx_word' id='word_1_449' title='bbox 237 3416 415 3487; x_wconf 85' lang='grc' dir='ltr'>δήλως,</span> <span class='ocrx_word' id='word_1_450' title='bbox 466 3420 551 3474; x_wconf 81' lang='grc' dir='ltr'><strong>ὅτι</strong></span> <span class='ocrx_word' id='word_1_451' title='bbox 582 3423 818 3493; x_wconf 78' lang='grc' dir='ltr'>Χριστὸς</span> <span class='ocrx_word' id='word_1_452' title='bbox 850 3424 911 3476; x_wconf 78' lang='grc' dir='ltr'><strong>οὐ</strong></span> <span class='ocrx_word' id='word_1_453' title='bbox 938 3426 1197 3496; x_wconf 77' lang='grc' dir='ltr'>Χριστὸς,</span> <span class='ocrx_word' id='word_1_454' title='bbox 1226 3429 1273 3479; x_wconf 87' lang='grc' dir='ltr'>εἰ</span> <span class='ocrx_word' id='word_1_455' title='bbox 1299 3426 1373 3499; x_wconf 84' lang='grc' dir='ltr'><strong>μὴ</strong></span> <span class='ocrx_word' id='word_1_456' title='bbox 1409 3430 1810 3501; x_wconf 84' lang='grc' dir='ltr'>περιγράφοντο</span> 
     </span>
    </p>
   </div>
   <div class='ocr_carea' id='block_1_65' title="bbox 236 3513 1809 3592">
    <p class='ocr_par' dir='ltr' id='par_1_65' title="bbox 236 3513 1809 3592">
     <span class='ocr_line' id='line_1_65' title="bbox 236 3513 1809 3592; baseline 0.011 -30"><span class='ocrx_word' id='word_1_457' title='bbox 236 3513 294 3581; x_wconf 80' lang='grc' dir='ltr'>τῇ</span> <span class='ocrx_word' id='word_1_458' title='bbox 312 3516 429 3570; x_wconf 86' lang='grc' dir='ltr'>καθ’</span> <span class='ocrx_word' id='word_1_459' title='bbox 450 3517 603 3585; x_wconf 81' lang='grc' dir='ltr'>ἡμᾶς</span> <span class='ocrx_word' id='word_1_460' title='bbox 637 3516 770 3588; x_wconf 80' lang='grc' dir='ltr'>ἰδέᾳ.</span> <span class='ocrx_word' id='word_1_461' title='bbox 803 3518 975 3589; x_wconf 80' lang='grc' dir='ltr'>Εἴπερ</span> <span class='ocrx_word' id='word_1_462' title='bbox 996 3519 1103 3592; x_wconf 84' lang='grc' dir='ltr'>γὰρ</span> <span class='ocrx_word' id='word_1_463' title='bbox 1130 3519 1265 3589; x_wconf 77' lang='grc' dir='ltr'>σὰρξ</span> <span class='ocrx_word' id='word_1_464' title='bbox 1294 3521 1559 3590; x_wconf 77' lang='grc' dir='ltr'>ἐγεγόνει,</span> <span class='ocrx_word' id='word_1_465' title='bbox 1591 3525 1809 3589; x_wconf 86' lang='grc' dir='ltr'>πάντως</span> 
     </span>
    </p>
   </div>
   <div class='ocr_carea' id='block_1_66' title="bbox 236 3610 1806 3688">
    <p class='ocr_par' dir='ltr' id='par_1_66' title="bbox 236 3610 1806 3688">
     <span class='ocr_line' id='line_1_66' title="bbox 236 3610 1806 3688; baseline 0.004 -26"><span class='ocrx_word' id='word_1_466' title='bbox 236 3610 320 3662; x_wconf 77' lang='grc' dir='ltr'>καὶ</span> <span class='ocrx_word' id='word_1_467' title='bbox 342 3610 415 3674; x_wconf 84' lang='grc' dir='ltr'>ὡς</span> <span class='ocrx_word' id='word_1_468' title='bbox 445 3610 591 3681; x_wconf 82' lang='grc' dir='ltr'>σὰρξ</span> <span class='ocrx_word' id='word_1_469' title='bbox 625 3612 1039 3682; x_wconf 85' lang='grc' dir='ltr'>περιγράφοιτο.</span> <span class='ocrx_word' id='word_1_470' title='bbox 1086 3616 1150 3666; x_wconf 87' lang='lat'><strong>&quot;0</strong></span> <span class='ocrx_word' id='word_1_471' title='bbox 1196 3615 1251 3667; x_wconf 79' lang='grc' dir='ltr'><strong>δὲ</strong></span> <span class='ocrx_word' id='word_1_472' title='bbox 1289 3615 1363 3686; x_wconf 82' lang='grc' dir='ltr'><strong>μὴ</strong></span> <span class='ocrx_word' id='word_1_473' title='bbox 1394 3618 1806 3688; x_wconf 85' lang='grc' dir='ltr'>περιγράφοιτο,</span> 
     </span>
    </p>
   </div>
   <div class='ocr_carea' id='block_1_67' title="bbox 236 3701 1808 3782">
    <p class='ocr_par' dir='ltr' id='par_1_67' title="bbox 236 3701 1808 3782">
     <span class='ocr_line' id='line_1_67' title="bbox 236 3701 1808 3782; baseline 0.007 -28"><span class='ocrx_word' id='word_1_474' title='bbox 236 3701 379 3756; x_wconf 86' lang='grc' dir='ltr'>τοῦτο</span> <span class='ocrx_word' id='word_1_475' title='bbox 414 3703 522 3758; x_wconf 84' lang='grc' dir='ltr'><strong>οὐκ</strong></span> <span class='ocrx_word' id='word_1_476' title='bbox 571 3703 703 3757; x_wconf 79' lang='grc' dir='ltr'>εἵσω</span> <span class='ocrx_word' id='word_1_477' title='bbox 745 3704 1188 3776; x_wconf 82' lang='grc' dir='ltr'>ἀνθρωπότητος,</span> <span class='ocrx_word' id='word_1_478' title='bbox 1232 3707 1348 3761; x_wconf 87' lang='grc' dir='ltr'>ἀλλ’</span> <span class='ocrx_word' id='word_1_479' title='bbox 1405 3708 1510 3773; x_wconf 77' lang='grc' dir='ltr'>ἔξω</span> <span class='ocrx_word' id='word_1_480' title='bbox 1562 3710 1808 3782; x_wconf 88' lang='grc' dir='ltr'>δηλονότι</span> 
     </span>
    </p>
   </div>
   <div class='ocr_carea' id='block_1_68' title="bbox 233 3795 1808 3875">
    <p class='ocr_par' dir='ltr' id='par_1_68' title="bbox 233 3795 1808 3875">
     <span class='ocr_line' id='line_1_68' title="bbox 233 3795 1808 3875; baseline 0.006 -27"><span class='ocrx_word' id='word_1_481' title='bbox 233 3795 318 3848; x_wconf 74' lang='grc' dir='ltr'><strong>καὶ</strong></span> <span class='ocrx_word' id='word_1_482' title='bbox 343 3796 517 3850; x_wconf 81' lang='grc' dir='ltr'>τόπου</span> <span class='ocrx_word' id='word_1_483' title='bbox 545 3798 638 3850; x_wconf 66' lang='grc' dir='ltr'>καὶ</span> <span class='ocrx_word' id='word_1_484' title='bbox 676 3797 892 3868; x_wconf 89' lang='grc' dir='ltr'>χρόνου,</span> <span class='ocrx_word' id='word_1_485' title='bbox 945 3798 1076 3862; x_wconf 82' lang='grc' dir='ltr'>Θεὸς</span> <span class='ocrx_word' id='word_1_486' title='bbox 1127 3801 1331 3871; x_wconf 79' lang='grc' dir='ltr'>γυμνὸς</span> <span class='ocrx_word' id='word_1_487' title='bbox 1375 3804 1439 3873; x_wconf 81' lang='grc' dir='ltr'>τῇ</span> <span class='ocrx_word' id='word_1_488' title='bbox 1473 3804 1808 3875; x_wconf 67' lang='grc' dir='ltr'>ἀπεριληψίᾳ</span> 
     </span>
    </p>
   </div>
   <div class='ocr_carea' id='block_1_69' title="bbox 235 3888 1806 3964">
    <p class='ocr_par' dir='ltr' id='par_1_69' title="bbox 235 3888 1806 3964">
     <span class='ocr_line' id='line_1_69' title="bbox 235 3888 1806 3964; baseline 0.005 -23"><span class='ocrx_word' id='word_1_489' title='bbox 235 3904 288 3941; x_wconf 88' lang='grc' dir='ltr'><strong>τε</strong></span> <span class='ocrx_word' id='word_1_490' title='bbox 343 3889 438 3942; x_wconf 72' lang='grc' dir='ltr'>καὶ</span> <span class='ocrx_word' id='word_1_491' title='bbox 510 3888 794 3960; x_wconf 80' lang='grc' dir='ltr'>ἀοριστίᾳ,</span> <span class='ocrx_word' id='word_1_492' title='bbox 844 3889 939 3942; x_wconf 76' lang='grc' dir='ltr'><strong>καὶ</strong></span> <span class='ocrx_word' id='word_1_493' title='bbox 1003 3889 1297 3961; x_wconf 88' lang='grc' dir='ltr'>λεγόμενος</span> <span class='ocrx_word' id='word_1_494' title='bbox 1346 3894 1440 3946; x_wconf 81' lang='grc' dir='ltr'><strong>καὶ</strong></span> <span class='ocrx_word' id='word_1_495' title='bbox 1492 3893 1806 3964; x_wconf 63' lang='grc' dir='ltr'>μοούμενοςο</span> 
     </span>
    </p>
   </div>
   <div class='ocr_carea' id='block_1_70' title="bbox 233 3979 1803 4055">
    <p class='ocr_par' dir='ltr' id='par_1_70' title="bbox 233 3979 1803 4055">
     <span class='ocr_line' id='line_1_70' title="bbox 233 3979 1803 4055; baseline 0.006 -23"><span class='ocrx_word' id='word_1_496' title='bbox 233 3979 319 4032; x_wconf 81' lang='grc' dir='ltr'><strong>καὶ</strong></span> <span class='ocrx_word' id='word_1_497' title='bbox 368 3980 532 4034; x_wconf 88' lang='grc' dir='ltr'>τοῦτο</span> <span class='ocrx_word' id='word_1_498' title='bbox 590 3980 878 4055; x_wconf 86' lang='grc' dir='ltr'>ἀραρότως</span> <span class='ocrx_word' id='word_1_499' title='bbox 934 3984 1013 4045; x_wconf 75' lang='grc' dir='ltr'>εἰς</span> <span class='ocrx_word' id='word_1_500' title='bbox 1064 3983 1471 4054; x_wconf 87' lang='grc' dir='ltr'>ἀναμφίλεκτον</span> <span class='ocrx_word' id='word_1_501' title='bbox 1524 3986 1803 4053; x_wconf 81' lang='grc' dir='ltr'>ἀπόδειξιν</span> 
     </span>
    </p>
   </div>
   <div class='ocr_carea' id='block_1_71' title="bbox 231 4071 1803 4147">
    <p class='ocr_par' dir='ltr' id='par_1_71' title="bbox 231 4071 1803 4147">
     <span class='ocr_line' id='line_1_71' title="bbox 231 4071 1803 4147; baseline 0.007 -24"><span class='ocrx_word' id='word_1_502' title='bbox 231 4071 318 4141; x_wconf 79' lang='grc' dir='ltr'>τῆς</span> <span class='ocrx_word' id='word_1_503' title='bbox 384 4071 650 4140; x_wconf 87' lang='grc' dir='ltr'>ἀληθείας</span> <span class='ocrx_word' id='word_1_504' title='bbox 742 4076 979 4144; x_wconf 81' lang='grc' dir='ltr'>φυσικῆς</span> <span class='ocrx_word' id='word_1_505' title='bbox 1069 4076 1393 4141; x_wconf 83' lang='grc' dir='ltr'>ἀκολουθίας</span> <span class='ocrx_word' id='word_1_506' title='bbox 1492 4078 1803 4147; x_wconf 78' lang='grc' dir='ltr'>ἀναγκαζό-</span> 
     </span>
    </p>
   </div>
   <div class='ocr_carea' id='block_1_72' title="bbox 234 4164 1805 4241">
    <p class='ocr_par' dir='ltr' id='par_1_72' title="bbox 234 4164 1805 4241">
     <span class='ocr_line' id='line_1_72' title="bbox 234 4164 1805 4241; baseline 0.006 -25"><span class='ocrx_word' id='word_1_507' title='bbox 234 4180 382 4231; x_wconf 79' lang='grc' dir='ltr'>μενον</span> <span class='ocrx_word' id='word_1_508' title='bbox 467 4164 907 4237; x_wconf 86' lang='grc' dir='ltr'>περιγράφεσθαι</span> <span class='ocrx_word' id='word_1_509' title='bbox 979 4168 1215 4238; x_wconf 86' lang='grc' dir='ltr'>Χριστὸν</span> <span class='ocrx_word' id='word_1_510' title='bbox 1298 4168 1403 4223; x_wconf 78' lang='grc' dir='ltr'>κᾶν</span> <span class='ocrx_word' id='word_1_511' title='bbox 1483 4173 1550 4241; x_wconf 82' lang='grc' dir='ltr'>τῇ</span> <span class='ocrx_word' id='word_1_512' title='bbox 1635 4173 1805 4227; x_wconf 78' lang='grc' dir='ltr'>εἰκόνι</span> 
     </span>
    </p>
   </div>
   <div class='ocr_carea' id='block_1_73' title="bbox 231 4258 1806 4335">
    <p class='ocr_par' dir='ltr' id='par_1_73' title="bbox 231 4258 1806 4335">
     <span class='ocr_line' id='line_1_73' title="bbox 231 4258 1806 4335; baseline 0.009 -29"><span class='ocrx_word' id='word_1_513' title='bbox 231 4258 731 4329; x_wconf 82' lang='grc' dir='ltr'>προσκυνούμενον,</span> <span class='ocrx_word' id='word_1_514' title='bbox 791 4260 1023 4331; x_wconf 70' lang='grc' dir='ltr'>ἐπείπερ</span> <span class='ocrx_word' id='word_1_515' title='bbox 1073 4263 1132 4314; x_wconf 82' lang='grc' dir='ltr'>ἐν</span> <span class='ocrx_word' id='word_1_516' title='bbox 1187 4263 1326 4333; x_wconf 81' lang='grc' dir='ltr'>αὐτῇ</span> <span class='ocrx_word' id='word_1_517' title='bbox 1385 4261 1445 4316; x_wconf 85' lang='grc' dir='ltr'>τὸ</span> <span class='ocrx_word' id='word_1_518' title='bbox 1496 4265 1806 4335; x_wconf 86' lang='grc' dir='ltr'>ἀρχέτυπον</span> 
     </span>
    </p>
   </div>
   <div class='ocr_carea' id='block_1_74' title="bbox 232 4348 1803 4423">
    <p class='ocr_par' dir='ltr' id='par_1_74' title="bbox 232 4348 1803 4423">
     <span class='ocr_line' id='line_1_74' title="bbox 232 4348 1803 4423; baseline 0.007 -23"><span class='ocrx_word' id='word_1_519' title='bbox 232 4348 564 4419; x_wconf 78' lang='grc' dir='ltr'>ὲκπέφανται</span> <span class='ocrx_word' id='word_1_520' title='bbox 589 4392 605 4417; x_wconf 94' lang='grc'><strong>,</strong></span> <span class='ocrx_word' id='word_1_521' title='bbox 669 4351 862 4420; x_wconf 87' lang='grc' dir='ltr'>ῶσπερ</span> <span class='ocrx_word' id='word_1_522' title='bbox 928 4354 1063 4422; x_wconf 82' lang='grc' dir='ltr'>φησὶ</span> <span class='ocrx_word' id='word_1_523' title='bbox 1138 4353 1431 4423; x_wconf 88' lang='grc' dir='ltr'>θεόφαντος</span> <span class='ocrx_word' id='word_1_524' title='bbox 1484 4357 1803 4421; x_wconf 88' lang='grc' dir='ltr'>Διονύσιος,</span> 
     </span>
    </p>
   </div>
   <div class='ocr_carea' id='block_1_75' title="bbox 231 4442 1805 4520">
    <p class='ocr_par' dir='ltr' id='par_1_75' title="bbox 231 4442 1805 4520">
     <span class='ocr_line' id='line_1_75' title="bbox 231 4442 1805 4520; baseline 0.008 -29"><span class='ocrx_word' id='word_1_525' title='bbox 231 4442 319 4493; x_wconf 78' lang='grc' dir='ltr'><strong>καὶ</strong></span> <span class='ocrx_word' id='word_1_526' title='bbox 368 4443 627 4512; x_wconf 86' lang='grc' dir='ltr'>ἀλλαχοῦ,</span> <span class='ocrx_word' id='word_1_527' title='bbox 659 4444 921 4515; x_wconf 84' lang='grc' dir='ltr'>ἑκάτερον</span> <span class='ocrx_word' id='word_1_528' title='bbox 966 4446 1025 4497; x_wconf 83' lang='grc' dir='ltr'>ὲν</span> <span class='ocrx_word' id='word_1_529' title='bbox 1083 4446 1330 4519; x_wconf 82' lang='grc' dir='ltr'>ἑκατέρῳ</span> <span class='ocrx_word' id='word_1_530' title='bbox 1380 4448 1534 4520; x_wconf 81' lang='grc' dir='ltr'>παρὰ</span> <span class='ocrx_word' id='word_1_531' title='bbox 1584 4448 1644 4501; x_wconf 81' lang='grc' dir='ltr'>τὸ</span> <span class='ocrx_word' id='word_1_532' title='bbox 1702 4449 1805 4519; x_wconf 82' lang='grc' dir='ltr'>τῆς</span> 
     </span>
    </p>
   </div>
   <div class='ocr_carea' id='block_1_76' title="bbox 226 4532 1802 4611">
    <p class='ocr_par' dir='ltr' id='par_1_76' title="bbox 226 4532 1802 4611">
     <span class='ocr_line' id='line_1_76' title="bbox 226 4532 1802 4611; baseline 0.008 -30"><span class='ocrx_word' id='word_1_533' title='bbox 226 4532 407 4597; x_wconf 79' lang='grc' dir='ltr'>οὐσίας</span> <span class='ocrx_word' id='word_1_534' title='bbox 470 4534 749 4604; x_wconf 78' lang='grc' dir='ltr'>διάφορον.</span> <span class='ocrx_word' id='word_1_535' title='bbox 800 4535 965 4589; x_wconf 82' lang='grc' dir='ltr'>Ὥστε</span> <span class='ocrx_word' id='word_1_536' title='bbox 1020 4538 1050 4589; x_wconf 86' lang='grc' dir='ltr'><strong>ό</strong></span> <span class='ocrx_word' id='word_1_537' title='bbox 1104 4536 1541 4607; x_wconf 85' lang='grc' dir='ltr'>ἁπαναινόμενος</span> <span class='ocrx_word' id='word_1_538' title='bbox 1597 4541 1802 4611; x_wconf 73' lang='grc' dir='ltr'>ἐγγρά-</span> 
     </span>
    </p>
   </div>
   <div class='ocr_carea' id='block_1_77' title="bbox 1910 3346 3501 3419">
    <p class='ocr_par' dir='ltr' id='par_1_77' title="bbox 1910 3346 3501 3419">
     <span class='ocr_line' id='line_1_77' title="bbox 1910 3346 3501 3419; baseline -0.002 -18"><span class='ocrx_word' id='word_1_539' title='bbox 1910 3347 2204 3419; x_wconf 88' lang='lat' dir='ltr'><strong>perspicue</strong></span> <span class='ocrx_word' id='word_1_540' title='bbox 2263 3348 2669 3413; x_wconf 89' lang='lat' dir='ltr'><strong>demonstrans,</strong></span> <span class='ocrx_word' id='word_1_541' title='bbox 2713 3347 2998 3402; x_wconf 89' lang='lat' dir='ltr'><strong>Christum</strong></span> <span class='ocrx_word' id='word_1_542' title='bbox 3029 3362 3139 3400; x_wconf 88' lang='lat' dir='ltr'><strong>non</strong></span> <span class='ocrx_word' id='word_1_543' title='bbox 3165 3362 3286 3401; x_wconf 86' lang='lat' dir='ltr'><strong>esse</strong></span> <span class='ocrx_word' id='word_1_544' title='bbox 3335 3346 3501 3401; x_wconf 89' lang='lat' dir='ltr'><strong>Chri-</strong></span> 
     </span>
    </p>
   </div>
   <div class='ocr_carea' id='block_1_78' title="bbox 1911 3436 3498 3511">
    <p class='ocr_par' dir='ltr' id='par_1_78' title="bbox 1911 3436 3498 3511">
     <span class='ocr_line' id='line_1_78' title="bbox 1911 3436 3498 3511; baseline -0.002 -20"><span class='ocrx_word' id='word_1_545' title='bbox 1911 3447 2076 3501; x_wconf 91' lang='lat' dir='ltr'><strong>stum,</strong></span> <span class='ocrx_word' id='word_1_546' title='bbox 2139 3437 2246 3493; x_wconf 90' lang='lat' dir='ltr'><strong>nisi</strong></span> <span class='ocrx_word' id='word_1_547' title='bbox 2270 3438 2423 3508; x_wconf 79' lang='lat' dir='ltr'><strong>juxta</strong></span> <span class='ocrx_word' id='word_1_548' title='bbox 2456 3438 2683 3511; x_wconf 89' lang='lat' dir='ltr'><strong>ﬁguram</strong></span> <span class='ocrx_word' id='word_1_549' title='bbox 2718 3447 2960 3492; x_wconf 88' lang='lat' dir='ltr'><strong>nostram</strong></span> <span class='ocrx_word' id='word_1_550' title='bbox 2995 3436 3498 3491; x_wconf 87' lang='lat' dir='ltr'><strong>circumscribatur.</strong></span> 
     </span>
    </p>
   </div>
   <div class='ocr_carea' id='block_1_79' title="bbox 1908 3530 3497 3600">
    <p class='ocr_par' dir='ltr' id='par_1_79' title="bbox 1908 3530 3497 3600">
     <span class='ocr_line' id='line_1_79' title="bbox 1908 3530 3497 3600; baseline -0.003 -15"><span class='ocrx_word' id='word_1_551' title='bbox 1908 3532 2044 3585; x_wconf 88' lang='lat' dir='ltr'><strong>Nam</strong></span> <span class='ocrx_word' id='word_1_552' title='bbox 2076 3532 2119 3587; x_wconf 91' lang='lat' dir='ltr'><strong>si</strong></span> <span class='ocrx_word' id='word_1_553' title='bbox 2151 3547 2277 3587; x_wconf 91' lang='lat' dir='ltr'><strong>caro</strong></span> <span class='ocrx_word' id='word_1_554' title='bbox 2308 3531 2482 3586; x_wconf 80' lang='lat' dir='ltr'><strong>factus</strong></span> <span class='ocrx_word' id='word_1_555' title='bbox 2532 3540 2636 3597; x_wconf 91' lang='lat' dir='ltr'><strong>est,</strong></span> <span class='ocrx_word' id='word_1_556' title='bbox 2668 3531 2855 3600; x_wconf 90' lang='lat' dir='ltr'><strong>utique</strong></span> <span class='ocrx_word' id='word_1_557' title='bbox 2886 3530 3051 3585; x_wconf 80' lang='lat' dir='ltr'><strong>veluti</strong></span> <span class='ocrx_word' id='word_1_558' title='bbox 3107 3545 3234 3585; x_wconf 88' lang='lat' dir='ltr'><strong>caro</strong></span> <span class='ocrx_word' id='word_1_559' title='bbox 3260 3531 3497 3584; x_wconf 77' lang='lat' dir='ltr'><strong>circurn-</strong></span> 
     </span>
    </p>
   </div>
   <div class='ocr_carea' id='block_1_80' title="bbox 1910 3621 3497 3689">
    <p class='ocr_par' dir='ltr' id='par_1_80' title="bbox 1910 3621 3497 3689">
     <span class='ocr_line' id='line_1_80' title="bbox 1910 3621 3497 3689; baseline -0.004 -10"><span class='ocrx_word' id='word_1_560' title='bbox 1910 3624 2203 3679; x_wconf 90' lang='lat' dir='ltr'><strong>scribetur.</strong></span> <span class='ocrx_word' id='word_1_561' title='bbox 2266 3622 2422 3689; x_wconf 84' lang='lat' dir='ltr'><strong>Quod</strong></span> <span class='ocrx_word' id='word_1_562' title='bbox 2451 3638 2582 3677; x_wconf 92' lang='lat' dir='ltr'><strong>vero</strong></span> <span class='ocrx_word' id='word_1_563' title='bbox 2625 3638 2734 3677; x_wconf 90' lang='lat' dir='ltr'><strong>non</strong></span> <span class='ocrx_word' id='word_1_564' title='bbox 2774 3621 3261 3686; x_wconf 90' lang='lat' dir='ltr'><strong>circumscribitur,</strong></span> <span class='ocrx_word' id='word_1_565' title='bbox 3290 3622 3341 3676; x_wconf 90' lang='lat' dir='ltr'><strong>id</strong></span> <span class='ocrx_word' id='word_1_566' title='bbox 3387 3637 3497 3687; x_wconf 84' lang='lat' dir='ltr'><strong>non</strong></span> 
     </span>
    </p>
   </div>
   <div class='ocr_carea' id='block_1_81' title="bbox 1908 3711 3501 3776">
    <p class='ocr_par' dir='ltr' id='par_1_81' title="bbox 1908 3711 3501 3776">
     <span class='ocr_line' id='line_1_81' title="bbox 1908 3711 3501 3776; baseline -0.002 -9"><span class='ocrx_word' id='word_1_567' title='bbox 1908 3714 2050 3769; x_wconf 86' lang='lat' dir='ltr'><strong>intra</strong></span> <span class='ocrx_word' id='word_1_568' title='bbox 2091 3713 2487 3769; x_wconf 89' lang='lat' dir='ltr'><strong>humanitatem</strong></span> <span class='ocrx_word' id='word_1_569' title='bbox 2530 3722 2648 3776; x_wconf 90' lang='lat' dir='ltr'><strong>est,</strong></span> <span class='ocrx_word' id='word_1_570' title='bbox 2700 3711 2795 3767; x_wconf 91' lang='lat' dir='ltr'><strong>sed</strong></span> <span class='ocrx_word' id='word_1_571' title='bbox 2845 3722 2997 3766; x_wconf 79' lang='lat' dir='ltr'><strong>extra</strong></span> <span class='ocrx_word' id='word_1_572' title='bbox 3042 3712 3187 3766; x_wconf 92' lang='lat' dir='ltr'><strong>haud</strong></span> <span class='ocrx_word' id='word_1_573' title='bbox 3236 3712 3399 3765; x_wconf 92' lang='lat' dir='ltr'><strong>dubie</strong></span> <span class='ocrx_word' id='word_1_574' title='bbox 3444 3722 3501 3765; x_wconf 91' lang='lat' dir='ltr'><strong>et</strong></span> 
     </span>
    </p>
   </div>
   <div class='ocr_carea' id='block_1_82' title="bbox 1907 3803 3499 3874">
    <p class='ocr_par' dir='ltr' id='par_1_82' title="bbox 1907 3803 3499 3874">
     <span class='ocr_line' id='line_1_82' title="bbox 1907 3803 3499 3874; baseline -0.003 -15"><span class='ocrx_word' id='word_1_575' title='bbox 1907 3807 2086 3860; x_wconf 90' lang='lat' dir='ltr'><strong>locum</strong></span> <span class='ocrx_word' id='word_1_576' title='bbox 2146 3816 2202 3861; x_wconf 77' lang='lat' dir='ltr'><strong>et</strong></span> <span class='ocrx_word' id='word_1_577' title='bbox 2258 3814 2495 3874; x_wconf 90' lang='lat' dir='ltr'><strong>tempus,</strong></span> <span class='ocrx_word' id='word_1_578' title='bbox 2530 3803 2675 3858; x_wconf 86' lang='lat' dir='ltr'><strong>Deus</strong></span> <span class='ocrx_word' id='word_1_579' title='bbox 2708 3804 2911 3867; x_wconf 89' lang='lat' dir='ltr'><strong>nudus,</strong></span> <span class='ocrx_word' id='word_1_580' title='bbox 2962 3819 3125 3873; x_wconf 90' lang='lat' dir='ltr'><strong>quem</strong></span> <span class='ocrx_word' id='word_1_581' title='bbox 3189 3803 3499 3870; x_wconf 89' lang='lat' dir='ltr'><strong>incompre-</strong></span> 
     </span>
    </p>
   </div>
   <div class='ocr_carea' id='block_1_83' title="bbox 1907 3891 3501 3962">
    <p class='ocr_par' dir='ltr' id='par_1_83' title="bbox 1907 3891 3501 3962">
     <span class='ocr_line' id='line_1_83' title="bbox 1907 3891 3501 3962; baseline -0.003 -13"><span class='ocrx_word' id='word_1_582' title='bbox 1907 3895 2196 3951; x_wconf 89' lang='lat' dir='ltr'><strong>hensibilis</strong></span> <span class='ocrx_word' id='word_1_583' title='bbox 2253 3904 2310 3950; x_wconf 88' lang='lat' dir='ltr'><strong>et</strong></span> <span class='ocrx_word' id='word_1_584' title='bbox 2361 3893 2663 3950; x_wconf 72' lang='lat' dir='ltr'><strong>indeﬁnitze</strong></span> <span class='ocrx_word' id='word_1_585' title='bbox 2696 3901 2905 3947; x_wconf 57' lang='lat' dir='ltr'><strong>natura</strong></span> <span class='ocrx_word' id='word_1_586' title='bbox 2933 3892 3168 3953; x_wconf 87' lang='lat' dir='ltr'><strong>dicimus</strong></span> <span class='ocrx_word' id='word_1_587' title='bbox 3215 3901 3270 3946; x_wconf 87' lang='lat' dir='ltr'><strong>et</strong></span> <span class='ocrx_word' id='word_1_588' title='bbox 3298 3891 3501 3962; x_wconf 85' lang='lat' dir='ltr'><strong>cogita-</strong></span> 
     </span>
    </p>
   </div>
   <div class='ocr_carea' id='block_1_84' title="bbox 1905 3984 3501 4060">
    <p class='ocr_par' dir='ltr' id='par_1_84' title="bbox 1905 3984 3501 4060">
     <span class='ocr_line' id='line_1_84' title="bbox 1905 3984 3501 4060; baseline -0.005 -15"><span class='ocrx_word' id='word_1_589' title='bbox 1905 4006 2050 4045; x_wconf 91' lang='lat' dir='ltr'><strong>mus.</strong></span> <span class='ocrx_word' id='word_1_590' title='bbox 2086 3989 2268 4060; x_wconf 84' lang='lat' dir='ltr'><strong>Atque</strong></span> <span class='ocrx_word' id='word_1_591' title='bbox 2303 3989 2407 4044; x_wconf 91' lang='lat' dir='ltr'><strong>hoc</strong></span> <span class='ocrx_word' id='word_1_592' title='bbox 2428 3996 2796 4060; x_wconf 87' lang='lat' dir='ltr'><strong>congruenter</strong></span> <span class='ocrx_word' id='word_1_593' title='bbox 2821 3986 2887 4040; x_wconf 89' lang='lat' dir='ltr'><strong>ad</strong></span> <span class='ocrx_word' id='word_1_594' title='bbox 2919 3997 3120 4041; x_wconf 86' lang='lat' dir='ltr'><strong>certam</strong></span> <span class='ocrx_word' id='word_1_595' title='bbox 3160 3984 3501 4043; x_wconf 86' lang='lat' dir='ltr'><strong>demonstra-</strong></span> 
     </span>
    </p>
   </div>
   <div class='ocr_carea' id='block_1_85' title="bbox 1908 4076 3501 4151">
    <p class='ocr_par' dir='ltr' id='par_1_85' title="bbox 1908 4076 3501 4151">
     <span class='ocr_line' id='line_1_85' title="bbox 1908 4076 3501 4151; baseline -0.004 -16"><span class='ocrx_word' id='word_1_596' title='bbox 1908 4082 2111 4137; x_wconf 90' lang='lat' dir='ltr'><strong>tionem</strong></span> <span class='ocrx_word' id='word_1_597' title='bbox 2142 4082 2389 4138; x_wconf 88' lang='lat' dir='ltr'><strong>veritatis</strong></span> <span class='ocrx_word' id='word_1_598' title='bbox 2420 4089 2631 4136; x_wconf 77' lang='lat' dir='ltr'><strong>naturas</strong></span> <span class='ocrx_word' id='word_1_599' title='bbox 2675 4081 2829 4151; x_wconf 90' lang='lat' dir='ltr'><strong>sequi</strong></span> <span class='ocrx_word' id='word_1_600' title='bbox 2872 4092 3097 4134; x_wconf 89' lang='lat' dir='ltr'><strong>necesse</strong></span> <span class='ocrx_word' id='word_1_601' title='bbox 3132 4086 3235 4141; x_wconf 89' lang='lat' dir='ltr'><strong>est,</strong></span> <span class='ocrx_word' id='word_1_602' title='bbox 3263 4076 3501 4130; x_wconf 90' lang='lat' dir='ltr'><strong>circum-</strong></span> 
     </span>
    </p>
   </div>
   <div class='ocr_carea' id='block_1_86' title="bbox 1908 4168 3501 4242">
    <p class='ocr_par' dir='ltr' id='par_1_86' title="bbox 1908 4168 3501 4242">
     <span class='ocr_line' id='line_1_86' title="bbox 1908 4168 3501 4242; baseline -0.006 -11"><span class='ocrx_word' id='word_1_603' title='bbox 1908 4175 2074 4231; x_wconf 89' lang='lat' dir='ltr'><strong>scribi</strong></span> <span class='ocrx_word' id='word_1_604' title='bbox 2136 4175 2438 4240; x_wconf 88' lang='lat' dir='ltr'><strong>Christum,</strong></span> <span class='ocrx_word' id='word_1_605' title='bbox 2492 4173 2626 4228; x_wconf 90' lang='lat' dir='ltr'><strong>etin</strong></span> <span class='ocrx_word' id='word_1_606' title='bbox 2662 4171 2898 4242; x_wconf 87' lang='lat' dir='ltr'><strong>imagine</strong></span> <span class='ocrx_word' id='word_1_607' title='bbox 2938 4169 3173 4234; x_wconf 87' lang='lat' dir='ltr'><strong>adorari,</strong></span> <span class='ocrx_word' id='word_1_608' title='bbox 3232 4168 3501 4238; x_wconf 89' lang='lat' dir='ltr'><strong>siquidem</strong></span> 
     </span>
    </p>
   </div>
   <div class='ocr_carea' id='block_1_87' title="bbox 1907 4260 3500 4339">
    <p class='ocr_par' dir='ltr' id='par_1_87' title="bbox 1907 4260 3500 4339">
     <span class='ocr_line' id='line_1_87' title="bbox 1907 4260 3500 4339; baseline -0.006 -17"><span class='ocrx_word' id='word_1_609' title='bbox 1907 4269 1965 4322; x_wconf 90' lang='lat' dir='ltr'><strong>in</strong></span> <span class='ocrx_word' id='word_1_610' title='bbox 2019 4284 2080 4323; x_wconf 91' lang='lat' dir='ltr'><strong>ea</strong></span> <span class='ocrx_word' id='word_1_611' title='bbox 2114 4269 2473 4339; x_wconf 78' lang='lat' dir='ltr'><strong>archetypum</strong></span> <span class='ocrx_word' id='word_1_612' title='bbox 2520 4274 2942 4335; x_wconf 65' lang='lat' dir='ltr'><strong>reprtesenlatur</strong></span> <span class='ocrx_word' id='word_1_613' title='bbox 2970 4302 2986 4327; x_wconf 93' lang='lat'><strong>,</strong></span> <span class='ocrx_word' id='word_1_614' title='bbox 3041 4260 3500 4332; x_wconf 88' lang='lat' dir='ltr'><strong>quemadmodum</strong></span> 
     </span>
    </p>
   </div>
   <div class='ocr_carea' id='block_1_88' title="bbox 1906 4352 3499 4429">
    <p class='ocr_par' dir='ltr' id='par_1_88' title="bbox 1906 4352 3499 4429">
     <span class='ocr_line' id='line_1_88' title="bbox 1906 4352 3499 4429; baseline -0.009 -13"><span class='ocrx_word' id='word_1_615' title='bbox 1906 4359 2273 4429; x_wconf 85' lang='lat' dir='ltr'><strong>diviniloquus</strong></span> <span class='ocrx_word' id='word_1_616' title='bbox 2321 4359 2395 4413; x_wconf 87' lang='lat' dir='ltr'><strong>ait</strong></span> <span class='ocrx_word' id='word_1_617' title='bbox 2445 4358 2781 4429; x_wconf 85' lang='lat' dir='ltr'><strong>Dionysius,</strong></span> <span class='ocrx_word' id='word_1_618' title='bbox 2826 4365 2882 4410; x_wconf 91' lang='lat' dir='ltr'><strong>et</strong></span> <span class='ocrx_word' id='word_1_619' title='bbox 2956 4354 3108 4417; x_wconf 87' lang='lat' dir='ltr'><strong>alibi,</strong></span> <span class='ocrx_word' id='word_1_620' title='bbox 3158 4353 3389 4407; x_wconf 88' lang='lat' dir='ltr'><strong>alterum</strong></span> <span class='ocrx_word' id='word_1_621' title='bbox 3446 4352 3499 4403; x_wconf 91' lang='lat' dir='ltr'><strong>in</strong></span> 
     </span>
    </p>
   </div>
   <div class='ocr_carea' id='block_1_89' title="bbox 1905 4445 3503 4521">
    <p class='ocr_par' dir='ltr' id='par_1_89' title="bbox 1905 4445 3503 4521">
     <span class='ocr_line' id='line_1_89' title="bbox 1905 4445 3503 4521; baseline -0.006 -15"><span class='ocrx_word' id='word_1_622' title='bbox 1905 4452 2099 4515; x_wconf 89' lang='lat' dir='ltr'><strong>altero,</strong></span> <span class='ocrx_word' id='word_1_623' title='bbox 2142 4461 2344 4521; x_wconf 86' lang='lat' dir='ltr'><strong>praeter</strong></span> <span class='ocrx_word' id='word_1_624' title='bbox 2392 4450 2712 4506; x_wconf 71' lang='lat' dir='ltr'><strong>substantiae</strong></span> <span class='ocrx_word' id='word_1_625' title='bbox 2770 4448 3157 4505; x_wconf 68' lang='lat' dir='ltr'><strong>differentiam.</strong></span> <span class='ocrx_word' id='word_1_626' title='bbox 3193 4447 3370 4511; x_wconf 80' lang='lat' dir='ltr'><strong>Quare</strong></span> <span class='ocrx_word' id='word_1_627' title='bbox 3408 4445 3503 4514; x_wconf 85' lang='lat' dir='ltr'><strong>qui</strong></span> 
     </span>
    </p>
   </div>
   <div class='ocr_carea' id='block_1_90' title="bbox 1908 4540 3502 4615">
    <p class='ocr_par' dir='ltr' id='par_1_90' title="bbox 1908 4540 3502 4615">
     <span class='ocr_line' id='line_1_90' title="bbox 1908 4540 3502 4615; baseline -0.008 -15"><span class='ocrx_word' id='word_1_628' title='bbox 1908 4552 2070 4614; x_wconf 76' lang='lat' dir='ltr'><strong>negat</strong></span> <span class='ocrx_word' id='word_1_629' title='bbox 2121 4544 2341 4615; x_wconf 89' lang='lat' dir='ltr'><strong>depingi</strong></span> <span class='ocrx_word' id='word_1_630' title='bbox 2382 4543 2685 4604; x_wconf 80' lang='lat' dir='ltr'><strong>Christum,</strong></span> <span class='ocrx_word' id='word_1_631' title='bbox 2731 4542 2777 4597; x_wconf 92' lang='lat' dir='ltr'><strong>is</strong></span> <span class='ocrx_word' id='word_1_632' title='bbox 2818 4551 3006 4596; x_wconf 89' lang='lat' dir='ltr'><strong>natum</strong></span> <span class='ocrx_word' id='word_1_633' title='bbox 3053 4540 3331 4594; x_wconf 90' lang='lat' dir='ltr'><strong>hominem</strong></span> <span class='ocrx_word' id='word_1_634' title='bbox 3378 4554 3502 4591; x_wconf 83' lang='lat' dir='ltr'><strong>esse</strong></span> 
     </span>
    </p>
   </div>
   <div class='ocr_carea' id='block_1_91' title="bbox 229 4624 1812 4707">
    <p class='ocr_par' dir='ltr' id='par_1_91' title="bbox 229 4624 1798 4699">
     <span class='ocr_line' id='line_1_91' title="bbox 229 4624 1798 4699; baseline 0.007 -23"><span class='ocrx_word' id='word_1_635' title='bbox 229 4624 417 4688; x_wconf 85' lang='grc' dir='ltr'>φεσθαι</span> <span class='ocrx_word' id='word_1_636' title='bbox 458 4627 696 4697; x_wconf 85' lang='grc' dir='ltr'>Χριστὸν</span> <span class='ocrx_word' id='word_1_637' title='bbox 724 4628 959 4698; x_wconf 78' lang='grc' dir='ltr'>ἤρνηται</span> <span class='ocrx_word' id='word_1_638' title='bbox 1004 4627 1289 4699; x_wconf 84' lang='grc' dir='ltr'>ἄνθρωπον</span> <span class='ocrx_word' id='word_1_639' title='bbox 1330 4630 1637 4699; x_wconf 87' lang='grc' dir='ltr'>γεγονέναι.</span> <span class='ocrx_word' id='word_1_640' title='bbox 1687 4634 1798 4687; x_wconf 79' lang='grc' dir='ltr'>Καὶ</span> 
     </span>
    </p>
   </div>
   <div class='ocr_carea' id='block_1_92' title="bbox 1916 4624 3499 4707">
    <p class='ocr_par' dir='ltr' id='par_1_92' title="bbox 1916 4631 3499 4707">
     <span class='ocr_line' id='line_1_92' title="bbox 1916 4631 3499 4707; baseline -0.006 -16"><span class='ocrx_word' id='word_1_641' title='bbox 1916 4637 2125 4707; x_wconf 80' lang='lat' dir='ltr'><strong>negavit</strong></span> <span class='ocrx_word' id='word_1_642' title='bbox 2151 4654 2166 4703; x_wconf 86' lang='lat'><strong>;</strong></span> <span class='ocrx_word' id='word_1_643' title='bbox 2207 4646 2263 4691; x_wconf 91' lang='lat' dir='ltr'><strong>et</strong></span> <span class='ocrx_word' id='word_1_644' title='bbox 2287 4637 2378 4706; x_wconf 93' lang='lat' dir='ltr'><strong>qui</strong></span> <span class='ocrx_word' id='word_1_645' title='bbox 2399 4637 2520 4705; x_wconf 89' lang='lat' dir='ltr'><strong>ejus</strong></span> <span class='ocrx_word' id='word_1_646' title='bbox 2542 4635 2831 4706; x_wconf 89' lang='lat' dir='ltr'><strong>imaginem</strong></span> <span class='ocrx_word' id='word_1_647' title='bbox 2858 4650 2966 4689; x_wconf 91' lang='lat' dir='ltr'><strong>non</strong></span> <span class='ocrx_word' id='word_1_648' title='bbox 2994 4633 3204 4696; x_wconf 89' lang='lat' dir='ltr'><strong>adorat,</strong></span> <span class='ocrx_word' id='word_1_649' title='bbox 3228 4647 3297 4685; x_wconf 91' lang='lat' dir='ltr'><strong>ne</strong></span> <span class='ocrx_word' id='word_1_650' title='bbox 3320 4631 3499 4699; x_wconf 88' lang='lat' dir='ltr'><strong>ipsum</strong></span> 
     </span>
    </p>
   </div>
   <div class='ocr_carea' id='block_1_93' title="bbox 227 4714 1802 4795">
    <p class='ocr_par' dir='ltr' id='par_1_93' title="bbox 227 4714 1802 4795">
     <span class='ocr_line' id='line_1_93' title="bbox 227 4714 1802 4795; baseline 0.006 -29"><span class='ocrx_word' id='word_1_651' title='bbox 227 4714 254 4765; x_wconf 85' lang='grc' dir='ltr'><strong>ό</strong></span> <span class='ocrx_word' id='word_1_652' title='bbox 283 4716 356 4787; x_wconf 85' lang='grc' dir='ltr'>μὴ</span> <span class='ocrx_word' id='word_1_653' title='bbox 382 4716 707 4787; x_wconf 80' lang='grc' dir='ltr'>προσκυνῶν</span> <span class='ocrx_word' id='word_1_654' title='bbox 741 4718 908 4771; x_wconf 86' lang='grc' dir='ltr'>αὑτοῦ</span> <span class='ocrx_word' id='word_1_655' title='bbox 947 4719 1046 4790; x_wconf 85' lang='grc' dir='ltr'><strong>τὴν</strong></span> <span class='ocrx_word' id='word_1_656' title='bbox 1087 4720 1294 4785; x_wconf 85' lang='grc' dir='ltr'>εἰκόνα,</span> <span class='ocrx_word' id='word_1_657' title='bbox 1332 4721 1394 4774; x_wconf 83' lang='grc' dir='ltr'><strong>ού</strong></span> <span class='ocrx_word' id='word_1_658' title='bbox 1422 4721 1593 4775; x_wconf 91' lang='grc' dir='ltr'>τύπον</span> <span class='ocrx_word' id='word_1_659' title='bbox 1627 4739 1802 4795; x_wconf 90' lang='grc' dir='ltr'>προσ-</span> 
     </span>
    </p>
   </div>
   <div class='ocr_carea' id='block_1_94' title="bbox 227 4809 1801 4885">
    <p class='ocr_par' dir='ltr' id='par_1_94' title="bbox 227 4809 1801 4885">
     <span class='ocr_line' id='line_1_94' title="bbox 227 4809 1801 4885; baseline 0.005 -25"><span class='ocrx_word' id='word_1_660' title='bbox 227 4810 374 4861; x_wconf 84' lang='grc' dir='ltr'>κυνεῖ</span> <span class='ocrx_word' id='word_1_661' title='bbox 441 4809 604 4863; x_wconf 82' lang='grc' dir='ltr'>αὐτὸν</span> <span class='ocrx_word' id='word_1_662' title='bbox 659 4810 722 4863; x_wconf 79' lang='grc' dir='ltr'>τὸ</span> <span class='ocrx_word' id='word_1_663' title='bbox 758 4810 1015 4877; x_wconf 85' lang='grc' dir='ltr'>καθόλου,</span> <span class='ocrx_word' id='word_1_664' title='bbox 1068 4814 1173 4866; x_wconf 86' lang='grc' dir='ltr'><strong>κᾶν</strong></span> <span class='ocrx_word' id='word_1_665' title='bbox 1225 4813 1421 4884; x_wconf 81' lang='grc' dir='ltr'>νομίζῃ</span> <span class='ocrx_word' id='word_1_666' title='bbox 1454 4816 1801 4885; x_wconf 87' lang='grc' dir='ltr'>προσκυνεῖν,</span> 
     </span>
    </p>
   </div>
   <div class='ocr_carea' id='block_1_95' title="bbox 229 4899 1798 4978">
    <p class='ocr_par' dir='ltr' id='par_1_95' title="bbox 229 4899 1798 4978">
     <span class='ocr_line' id='line_1_95' title="bbox 229 4899 1798 4978; baseline 0.004 -23"><span class='ocrx_word' id='word_1_667' title='bbox 229 4899 347 4955; x_wconf 67' lang='grc' dir='ltr'>ἐπεί</span> <span class='ocrx_word' id='word_1_668' title='bbox 405 4919 573 4972; x_wconf 87' lang='grc' dir='ltr'>φησιν</span> <span class='ocrx_word' id='word_1_669' title='bbox 600 4904 628 4956; x_wconf 90' lang='grc' dir='ltr'><strong>ό</strong></span> <span class='ocrx_word' id='word_1_670' title='bbox 670 4904 814 4973; x_wconf 85' lang='grc' dir='ltr'>ίερδς</span> <span class='ocrx_word' id='word_1_671' title='bbox 868 4904 1047 4972; x_wconf 86' lang='grc' dir='ltr'>λόγος,</span> <span class='ocrx_word' id='word_1_672' title='bbox 1095 4907 1158 4959; x_wconf 78' lang='lat' dir='ltr'><strong>Ol</strong></span> <span class='ocrx_word' id='word_1_673' title='bbox 1204 4905 1426 4959; x_wconf 78' lang='grc' dir='ltr'>ἄπιστοι</span> <span class='ocrx_word' id='word_1_674' title='bbox 1472 4908 1798 4978; x_wconf 87' lang='grc' dir='ltr'>ὁμολογοῦσι</span> 
     </span>
    </p>
   </div>
   <div class='ocr_carea' id='block_1_96' title="bbox 228 4991 1801 5072">
    <p class='ocr_par' dir='ltr' id='par_1_96' title="bbox 228 4991 1801 5072">
     <span class='ocr_line' id='line_1_96' title="bbox 228 4991 1801 5072; baseline 0.006 -28"><span class='ocrx_word' id='word_1_675' title='bbox 228 4991 358 5045; x_wconf 83' lang='grc' dir='ltr'>Θεὸν</span> <span class='ocrx_word' id='word_1_676' title='bbox 390 4994 627 5062; x_wconf 81' lang='grc' dir='ltr'>εἰδέναι,</span> <span class='ocrx_word' id='word_1_677' title='bbox 657 4998 771 5059; x_wconf 85' lang='grc' dir='ltr'>τοῖς</span> <span class='ocrx_word' id='word_1_678' title='bbox 818 4996 875 5049; x_wconf 83' lang='grc' dir='ltr'>δὲ</span> <span class='ocrx_word' id='word_1_679' title='bbox 908 4996 1091 5067; x_wconf 76' lang='grc' dir='ltr'>ἔργοις</span> <span class='ocrx_word' id='word_1_680' title='bbox 1128 4998 1436 5068; x_wconf 88' lang='grc' dir='ltr'>ἀρνοῦνται.</span> <span class='ocrx_word' id='word_1_681' title='bbox 1482 4999 1667 5055; x_wconf 90' lang='grc' dir='ltr'>Ταῦτα</span> <span class='ocrx_word' id='word_1_682' title='bbox 1702 5002 1801 5072; x_wconf 84' lang='grc' dir='ltr'><strong>οὐχ</strong></span> 
     </span>
    </p>
   </div>
   <div class='ocr_carea' id='block_1_97' title="bbox 226 5081 1801 5161">
    <p class='ocr_par' dir='ltr' id='par_1_97' title="bbox 226 5081 1801 5161">
     <span class='ocr_line' id='line_1_97' title="bbox 226 5081 1801 5161; baseline 0.007 -27"><span class='ocrx_word' id='word_1_683' title='bbox 226 5081 299 5146; x_wconf 87' lang='grc' dir='ltr'><strong>ὡς</strong></span> <span class='ocrx_word' id='word_1_684' title='bbox 325 5083 599 5158; x_wconf 83' lang='grc' dir='ltr'>ἀγνοούσῃ</span> <span class='ocrx_word' id='word_1_685' title='bbox 645 5088 712 5157; x_wconf 83' lang='grc' dir='ltr'>τῇ</span> <span class='ocrx_word' id='word_1_686' title='bbox 763 5088 1036 5159; x_wconf 82' lang='grc' dir='ltr'>τιμιότητί</span> <span class='ocrx_word' id='word_1_687' title='bbox 1069 5105 1163 5141; x_wconf 93' lang='grc' dir='ltr'><strong>σου</strong></span> <span class='ocrx_word' id='word_1_688' title='bbox 1193 5090 1540 5161; x_wconf 83' lang='grc' dir='ltr'>ὑπεδήλωσα,</span> <span class='ocrx_word' id='word_1_689' title='bbox 1588 5092 1704 5145; x_wconf 83' lang='grc' dir='ltr'>ἀλλ’</span> <span class='ocrx_word' id='word_1_690' title='bbox 1724 5093 1801 5156; x_wconf 82' lang='grc' dir='ltr'><strong>ὡς</strong></span> 
     </span>
    </p>
   </div>
   <div class='ocr_carea' id='block_1_98' title="bbox 227 5179 1804 5254">
    <p class='ocr_par' dir='ltr' id='par_1_98' title="bbox 227 5179 1804 5254">
     <span class='ocr_line' id='line_1_98' title="bbox 227 5179 1804 5254; baseline 0.005 -24"><span class='ocrx_word' id='word_1_691' title='bbox 227 5190 539 5246; x_wconf 86' lang='grc' dir='ltr'>συνομογνω</span> <span class='ocrx_word' id='word_1_692' title='bbox 569 5179 805 5251; x_wconf 83' lang='grc' dir='ltr'>μονούσῃ</span> <span class='ocrx_word' id='word_1_693' title='bbox 831 5220 845 5246; x_wconf 96' lang='grc'><strong>,</strong></span> <span class='ocrx_word' id='word_1_694' title='bbox 869 5181 965 5233; x_wconf 85' lang='grc' dir='ltr'>καὶ</span> <span class='ocrx_word' id='word_1_695' title='bbox 986 5179 1178 5252; x_wconf 81' lang='grc' dir='ltr'>ὥσπερ</span> <span class='ocrx_word' id='word_1_696' title='bbox 1212 5182 1400 5252; x_wconf 83' lang='grc' dir='ltr'>ρανίδα</span> <span class='ocrx_word' id='word_1_697' title='bbox 1427 5185 1490 5236; x_wconf 80' lang='grc' dir='ltr'>ὲκ</span> <span class='ocrx_word' id='word_1_698' title='bbox 1532 5184 1804 5254; x_wconf 82' lang='grc' dir='ltr'>πελάγους</span> 
     </span>
    </p>
   </div>
   <div class='ocr_carea' id='block_1_99' title="bbox 222 5267 1805 5350">
    <p class='ocr_par' dir='ltr' id='par_1_99' title="bbox 222 5267 1805 5350">
     <span class='ocr_line' id='line_1_99' title="bbox 222 5267 1805 5350; baseline 0.008 -30"><span class='ocrx_word' id='word_1_699' title='bbox 222 5267 506 5339; x_wconf 84' lang='grc' dir='ltr'>δογμάτων</span> <span class='ocrx_word' id='word_1_700' title='bbox 539 5272 865 5339; x_wconf 84' lang='grc' dir='ltr'>ἀνελκύσας.</span> <span class='ocrx_word' id='word_1_701' title='bbox 924 5275 1064 5344; x_wconf 85' lang='grc' dir='ltr'>πρὸς</span> <span class='ocrx_word' id='word_1_702' title='bbox 1119 5275 1181 5329; x_wconf 85' lang='grc' dir='ltr'>τὸ</span> <span class='ocrx_word' id='word_1_703' title='bbox 1220 5276 1317 5330; x_wconf 71' lang='grc' dir='ltr'>καὶ</span> <span class='ocrx_word' id='word_1_704' title='bbox 1369 5276 1596 5350; x_wconf 81' lang='grc' dir='ltr'>ἄπειρον</span> <span class='ocrx_word' id='word_1_705' title='bbox 1636 5279 1805 5348; x_wconf 81' lang='grc' dir='ltr'>ἐσμὸν</span> 
     </span>
    </p>
   </div>
   <div class='ocr_carea' id='block_1_100' title="bbox 225 5355 1800 5443">
    <p class='ocr_par' dir='ltr' id='par_1_100' title="bbox 225 5355 1800 5443">
     <span class='ocr_line' id='line_1_100' title="bbox 225 5355 1800 5443; baseline 0.01 -32"><span class='ocrx_word' id='word_1_706' title='bbox 225 5355 363 5415; x_wconf 82' lang='grc' dir='ltr'>εἶναι</span> <span class='ocrx_word' id='word_1_707' title='bbox 392 5364 705 5436; x_wconf 85' lang='grc' dir='ltr'>Πατρικῶν,</span> <span class='ocrx_word' id='word_1_708' title='bbox 732 5368 872 5438; x_wconf 85' lang='grc' dir='ltr'>μετὰ</span> <span class='ocrx_word' id='word_1_709' title='bbox 902 5368 998 5421; x_wconf 78' lang='grc' dir='ltr'>καὶ</span> <span class='ocrx_word' id='word_1_710' title='bbox 1028 5369 1128 5439; x_wconf 83' lang='grc' dir='ltr'>τῆς</span> <span class='ocrx_word' id='word_1_711' title='bbox 1149 5369 1508 5441; x_wconf 83' lang='grc' dir='ltr'>ἀρχαιολόγου</span> <span class='ocrx_word' id='word_1_712' title='bbox 1538 5373 1800 5443; x_wconf 80' lang='grc' dir='ltr'>ἱστορίας,</span> 
     </span>
    </p>
   </div>
   <div class='ocr_carea' id='block_1_101' title="bbox 222 5451 1804 5534">
    <p class='ocr_par' dir='ltr' id='par_1_101' title="bbox 222 5451 1804 5534">
     <span class='ocr_line' id='line_1_101' title="bbox 222 5451 1804 5534; baseline 0.008 -29"><span class='ocrx_word' id='word_1_713' title='bbox 222 5451 313 5507; x_wconf 82' lang='grc' dir='ltr'>ἀπ’</span> <span class='ocrx_word' id='word_1_714' title='bbox 359 5458 531 5529; x_wconf 79' lang='grc' dir='ltr'>αὐτῆς</span> <span class='ocrx_word' id='word_1_715' title='bbox 568 5459 819 5530; x_wconf 75' lang='grc' dir='ltr'>βαλϐῖδος</span> <span class='ocrx_word' id='word_1_716' title='bbox 857 5462 949 5515; x_wconf 90' lang='grc' dir='ltr'><strong>τοῦ</strong></span> <span class='ocrx_word' id='word_1_717' title='bbox 1011 5462 1370 5534; x_wconf 85' lang='grc' dir='ltr'>κηρύγματος</span> <span class='ocrx_word' id='word_1_718' title='bbox 1417 5464 1499 5528; x_wconf 82' lang='grc' dir='ltr'>εἰς</span> <span class='ocrx_word' id='word_1_719' title='bbox 1544 5463 1804 5520; x_wconf 82' lang='grc' dir='ltr'>σύστασιν</span> 
     </span>
    </p>
   </div>
   <div class='ocr_carea' id='block_1_102' title="bbox 220 5545 1654 5628">
    <p class='ocr_par' dir='ltr' id='par_1_102' title="bbox 220 5545 1654 5628">
     <span class='ocr_line' id='line_1_102' title="bbox 220 5545 1654 5628; baseline 0.001 -18"><span class='ocrx_word' id='word_1_720' title='bbox 220 5545 314 5616; x_wconf 77' lang='grc' dir='ltr'><strong>τῆς</strong></span> <span class='ocrx_word' id='word_1_721' title='bbox 353 5549 656 5621; x_wconf 81' lang='grc' dir='ltr'>ἀμωμήτου</span> <span class='ocrx_word' id='word_1_722' title='bbox 686 5555 843 5625; x_wconf 79' lang='grc' dir='ltr'>ἡμῶν</span> <span class='ocrx_word' id='word_1_723' title='bbox 872 5556 981 5611; x_wconf 85' lang='grc' dir='ltr'><strong>τῶν</strong></span> <span class='ocrx_word' id='word_1_724' title='bbox 1018 5555 1365 5628; x_wconf 82' lang='grc' dir='ltr'>Χριστιανῶν</span> <span class='ocrx_word' id='word_1_725' title='bbox 1395 5556 1654 5620; x_wconf 84' lang='grc' dir='ltr'>πίστεως.</span> 
     </span>
    </p>
   </div>
   <div class='ocr_carea' id='block_1_103' title="bbox 1904 4726 3496 4801">
    <p class='ocr_par' dir='ltr' id='par_1_103' title="bbox 1904 4726 3496 4801">
     <span class='ocr_line' id='line_1_103' title="bbox 1904 4726 3496 4801; baseline -0.004 -18"><span class='ocrx_word' id='word_1_726' title='bbox 1904 4731 2125 4801; x_wconf 90' lang='lat' dir='ltr'><strong>quidem</strong></span> <span class='ocrx_word' id='word_1_727' title='bbox 2178 4745 2407 4801; x_wconf 91' lang='lat' dir='ltr'><strong>prorsus</strong></span> <span class='ocrx_word' id='word_1_728' title='bbox 2457 4729 2668 4794; x_wconf 91' lang='lat' dir='ltr'><strong>adorat,</strong></span> <span class='ocrx_word' id='word_1_729' title='bbox 2718 4727 2849 4782; x_wconf 90' lang='lat' dir='ltr'><strong>licet</strong></span> <span class='ocrx_word' id='word_1_730' title='bbox 2893 4726 3125 4780; x_wconf 90' lang='lat' dir='ltr'><strong>adorare</strong></span> <span class='ocrx_word' id='word_1_731' title='bbox 3176 4740 3234 4779; x_wconf 89' lang='lat' dir='ltr'><strong>se</strong></span> <span class='ocrx_word' id='word_1_732' title='bbox 3292 4733 3496 4793; x_wconf 86' lang='lat' dir='ltr'><strong>putet:</strong></span> 
     </span>
    </p>
   </div>
   <div class='ocr_carea' id='block_1_104' title="bbox 1901 4815 3504 4895">
    <p class='ocr_par' dir='ltr' id='par_1_104' title="bbox 1901 4815 3504 4895">
     <span class='ocr_line' id='line_1_104' title="bbox 1901 4815 3504 4895; baseline -0.007 -16"><span class='ocrx_word' id='word_1_733' title='bbox 1901 4823 2121 4895; x_wconf 87' lang='lat' dir='ltr'><strong>quando</strong></span> <span class='ocrx_word' id='word_1_734' title='bbox 2152 4824 2372 4894; x_wconf 86' lang='lat' dir='ltr'><strong>quidem</strong></span> <span class='ocrx_word' id='word_1_735' title='bbox 2397 4863 2413 4888; x_wconf 95' lang='lat'><strong>,</strong></span> <span class='ocrx_word' id='word_1_736' title='bbox 2453 4831 2516 4876; x_wconf 89' lang='lat' dir='ltr'><strong>ut</strong></span> <span class='ocrx_word' id='word_1_737' title='bbox 2537 4836 2718 4876; x_wconf 90' lang='lat' dir='ltr'><strong>sermo</strong></span> <span class='ocrx_word' id='word_1_738' title='bbox 2743 4835 2899 4874; x_wconf 89' lang='lat' dir='ltr'><strong>sacer</strong></span> <span class='ocrx_word' id='word_1_739' title='bbox 2925 4819 3021 4883; x_wconf 90' lang='lat' dir='ltr'><strong>ait,</strong></span> <span class='ocrx_word' id='word_1_740' title='bbox 3054 4818 3299 4872; x_wconf 87' lang='lat' dir='ltr'><strong>inﬁdeles</strong></span> <span class='ocrx_word' id='word_1_741' title='bbox 3328 4815 3504 4872; x_wconf 87' lang='lat' dir='ltr'><strong>conﬁ-</strong></span> 
     </span>
    </p>
   </div>
   <div class='ocr_carea' id='block_1_105' title="bbox 1901 4908 3501 4981">
    <p class='ocr_par' dir='ltr' id='par_1_105' title="bbox 1901 4908 3501 4981">
     <span class='ocr_line' id='line_1_105' title="bbox 1901 4908 3501 4981; baseline -0.006 -9"><span class='ocrx_word' id='word_1_742' title='bbox 1901 4925 2085 4972; x_wconf 90' lang='lat' dir='ltr'><strong>tentur</strong></span> <span class='ocrx_word' id='word_1_743' title='bbox 2134 4932 2195 4971; x_wconf 89' lang='lat' dir='ltr'><strong>se</strong></span> <span class='ocrx_word' id='word_1_744' title='bbox 2245 4916 2418 4971; x_wconf 89' lang='lat' dir='ltr'><strong>Deum</strong></span> <span class='ocrx_word' id='word_1_745' title='bbox 2451 4929 2637 4980; x_wconf 90' lang='lat' dir='ltr'><strong>nosse,</strong></span> <span class='ocrx_word' id='word_1_746' title='bbox 2674 4913 2837 4968; x_wconf 76' lang='lat' dir='ltr'><strong>factis</strong></span> <span class='ocrx_word' id='word_1_747' title='bbox 2871 4922 3052 4965; x_wconf 86' lang='lat' dir='ltr'><strong>autem</strong></span> <span class='ocrx_word' id='word_1_748' title='bbox 3102 4918 3318 4981; x_wconf 83' lang='lat' dir='ltr'><strong>negant.</strong></span> <span class='ocrx_word' id='word_1_749' title='bbox 3373 4908 3501 4963; x_wconf 68' lang='lat' dir='ltr'><strong>llam</strong></span> 
     </span>
    </p>
   </div>
   <div class='ocr_carea' id='block_1_106' title="bbox 1900 5002 3497 5080">
    <p class='ocr_par' dir='ltr' id='par_1_106' title="bbox 1900 5002 3497 5080">
     <span class='ocr_line' id='line_1_106' title="bbox 1900 5002 3497 5080; baseline -0.004 -17"><span class='ocrx_word' id='word_1_750' title='bbox 1900 5024 2001 5080; x_wconf 85' lang='lat' dir='ltr'><strong>ego</strong></span> <span class='ocrx_word' id='word_1_751' title='bbox 2034 5024 2143 5063; x_wconf 91' lang='lat' dir='ltr'><strong>non</strong></span> <span class='ocrx_word' id='word_1_752' title='bbox 2178 5017 2437 5078; x_wconf 91' lang='lat' dir='ltr'><strong>tanquam</strong></span> <span class='ocrx_word' id='word_1_753' title='bbox 2470 5006 2743 5079; x_wconf 86' lang='lat' dir='ltr'><strong>ignoranti</strong></span> <span class='ocrx_word' id='word_1_754' title='bbox 2778 5005 3099 5060; x_wconf 78' lang='lat' dir='ltr'><strong>reverentia:</strong></span> <span class='ocrx_word' id='word_1_755' title='bbox 3122 5013 3227 5057; x_wconf 66' lang='lat' dir='ltr'><strong>tua:</strong></span> <span class='ocrx_word' id='word_1_756' title='bbox 3248 5002 3497 5072; x_wconf 62' lang='lat' dir='ltr'><strong>exposui,</strong></span> 
     </span>
    </p>
   </div>
   <div class='ocr_carea' id='block_1_107' title="bbox 1900 5096 3500 5172">
    <p class='ocr_par' dir='ltr' id='par_1_107' title="bbox 1900 5096 3500 5172">
     <span class='ocr_line' id='line_1_107' title="bbox 1900 5096 3500 5172; baseline -0.006 -15"><span class='ocrx_word' id='word_1_757' title='bbox 1900 5104 1999 5157; x_wconf 90' lang='lat' dir='ltr'><strong>sed</strong></span> <span class='ocrx_word' id='word_1_758' title='bbox 2052 5112 2309 5172; x_wconf 87' lang='lat' dir='ltr'><strong>tanquam</strong></span> <span class='ocrx_word' id='word_1_759' title='bbox 2344 5117 2453 5155; x_wconf 88' lang='lat' dir='ltr'><strong>una</strong></span> <span class='ocrx_word' id='word_1_760' title='bbox 2505 5100 2793 5163; x_wconf 89' lang='lat' dir='ltr'><strong>sentienti,</strong></span> <span class='ocrx_word' id='word_1_761' title='bbox 2840 5114 2903 5153; x_wconf 88' lang='lat' dir='ltr'><strong>ac</strong></span> <span class='ocrx_word' id='word_1_762' title='bbox 2950 5096 3117 5152; x_wconf 88' lang='lat' dir='ltr'><strong>veluti</strong></span> <span class='ocrx_word' id='word_1_763' title='bbox 3174 5104 3380 5165; x_wconf 84' lang='lat' dir='ltr'><strong>guttam</strong></span> <span class='ocrx_word' id='word_1_764' title='bbox 3429 5109 3500 5148; x_wconf 77' lang='lat' dir='ltr'><strong>ex</strong></span> 
     </span>
    </p>
   </div>
   <div class='ocr_carea' id='block_1_108' title="bbox 1916 5190 3496 5266">
    <p class='ocr_par' dir='ltr' id='par_1_108' title="bbox 1916 5190 3496 5266">
     <span class='ocr_line' id='line_1_108' title="bbox 1916 5190 3496 5266; baseline -0.007 -16"><span class='ocrx_word' id='word_1_765' title='bbox 1916 5196 2231 5266; x_wconf 88' lang='lat' dir='ltr'><strong>dogmatum</strong></span> <span class='ocrx_word' id='word_1_766' title='bbox 2285 5195 2474 5266; x_wconf 81' lang='lat' dir='ltr'><strong>pelago</strong></span> <span class='ocrx_word' id='word_1_767' title='bbox 2506 5194 2785 5258; x_wconf 91' lang='lat' dir='ltr'><strong>hauriens,</strong></span> <span class='ocrx_word' id='word_1_768' title='bbox 2814 5207 2938 5247; x_wconf 92' lang='lat' dir='ltr'><strong>cum</strong></span> <span class='ocrx_word' id='word_1_769' title='bbox 2970 5190 3200 5245; x_wconf 75' lang='lat' dir='ltr'><strong>inﬁnita:</strong></span> <span class='ocrx_word' id='word_1_770' title='bbox 3235 5196 3496 5257; x_wconf 74' lang='lat' dir='ltr'><strong>praeterea</strong></span> 
     </span>
    </p>
   </div>
   <div class='ocr_carea' id='block_1_109' title="bbox 1914 5282 3498 5351">
    <p class='ocr_par' dir='ltr' id='par_1_109' title="bbox 1914 5282 3498 5351">
     <span class='ocr_line' id='line_1_109' title="bbox 1914 5282 3498 5351; baseline -0.004 -9"><span class='ocrx_word' id='word_1_771' title='bbox 1914 5288 2025 5342; x_wconf 90' lang='lat' dir='ltr'><strong>sint</strong></span> <span class='ocrx_word' id='word_1_772' title='bbox 2047 5286 2272 5341; x_wconf 88' lang='lat' dir='ltr'><strong>Patrum</strong></span> <span class='ocrx_word' id='word_1_773' title='bbox 2297 5288 2607 5351; x_wconf 63' lang='lat' dir='ltr'><strong>sententiae,</strong></span> <span class='ocrx_word' id='word_1_774' title='bbox 2642 5301 2748 5339; x_wconf 91' lang='lat' dir='ltr'><strong>una</strong></span> <span class='ocrx_word' id='word_1_775' title='bbox 2778 5300 2902 5339; x_wconf 89' lang='lat' dir='ltr'><strong>cum</strong></span> <span class='ocrx_word' id='word_1_776' title='bbox 2932 5293 3117 5339; x_wconf 86' lang='lat' dir='ltr'><strong>vetere</strong></span> <span class='ocrx_word' id='word_1_777' title='bbox 3150 5283 3397 5346; x_wconf 84' lang='lat' dir='ltr'><strong>historia,</strong></span> <span class='ocrx_word' id='word_1_778' title='bbox 3429 5282 3498 5335; x_wconf 86' lang='lat' dir='ltr'><strong>ab</strong></span> 
     </span>
    </p>
   </div>
   <div class='ocr_carea' id='block_1_110' title="bbox 1911 5373 3498 5450">
    <p class='ocr_par' dir='ltr' id='par_1_110' title="bbox 1911 5373 3498 5450">
     <span class='ocr_line' id='line_1_110' title="bbox 1911 5373 3498 5450; baseline -0.005 -17"><span class='ocrx_word' id='word_1_779' title='bbox 1911 5379 2136 5433; x_wconf 81' lang='lat' dir='ltr'><strong>exordio</strong></span> <span class='ocrx_word' id='word_1_780' title='bbox 2184 5380 2305 5450; x_wconf 89' lang='lat' dir='ltr'><strong>ipso</strong></span> <span class='ocrx_word' id='word_1_781' title='bbox 2349 5379 2678 5450; x_wconf 76' lang='lat' dir='ltr'><strong>evangelica:</strong></span> <span class='ocrx_word' id='word_1_782' title='bbox 2720 5375 3125 5447; x_wconf 68' lang='lat' dir='ltr'><strong>prazdicationis</strong></span> <span class='ocrx_word' id='word_1_783' title='bbox 3172 5374 3236 5428; x_wconf 85' lang='lat' dir='ltr'><strong>ad</strong></span> <span class='ocrx_word' id='word_1_784' title='bbox 3280 5373 3498 5427; x_wconf 76' lang='lat' dir='ltr'><strong>illibata:</strong></span> 
     </span>
    </p>
   </div>
   <div class='ocr_carea' id='block_1_111' title="bbox 1910 5466 3175 5527">
    <p class='ocr_par' dir='ltr' id='par_1_111' title="bbox 1910 5466 3175 5527">
     <span class='ocr_line' id='line_1_111' title="bbox 1910 5466 3175 5527; baseline -0.004 -2"><span class='ocrx_word' id='word_1_785' title='bbox 1910 5469 2037 5525; x_wconf 85' lang='lat' dir='ltr'><strong>ﬁdei</strong></span> <span class='ocrx_word' id='word_1_786' title='bbox 2084 5480 2287 5526; x_wconf 57' lang='lat' dir='ltr'><strong>nostra</strong></span> <span class='ocrx_word' id='word_1_787' title='bbox 2318 5469 2646 5527; x_wconf 81' lang='lat' dir='ltr'><strong>Christianae</strong></span> <span class='ocrx_word' id='word_1_788' title='bbox 2677 5466 3175 5524; x_wconf 90' lang='lat' dir='ltr'><strong>conﬁrmationem.</strong></span> 
     </span>
    </p>
   </div>
  </div>
