4024 6502
417 501 520 564 9ί¹ζ7
1584 509 1860 575 ΡΗΟΤΙΙ,
1879 512 2006 571 ΡΑἸ

2069 513 2381 574 .IARCH/E
2416 513 2513 575 CP.
3556 517 3658 579 9:28

423 637 3647 673 ..._..__________________________________________________

1047 732 1414 810 ΡΗΟΤΙΙ
1464 734 2186 815 EPISTOLABUM
2230 739 2530 816 LIBER
2574 739 3054 820 TERTIUS.

856 883 1215 942 EPISTOLIE
1256 886 1347 944 AD
1384 886 1791 943 OFFICIALES
1833 886 2082 944 LAlCOS
2115 888 2204 943 ET
2236 889 2730 948 MAGISTRATUS
2766 891 3215 950 SECULARES.

1007 1061 1226 1118 EPIST.
1258 1062 1299 1117 ι.
2015 1078 2065 1135 Α
2240 1134 2241 1137 γ

2015 1078 2065 1135 Α
2240 1134 2241 1137 γ
2702 1068 2928 1123 ΕΠΙΣΤ.
2975 1068 3054 1122 A'.

626 1150 820 1207 Joanni
847 1156 1150 1224 aspathario
1178 1165 1225 1210 et
1247 1154 1579 1225 Philoponesi
1598 1155 1740 1213 duci.
2106 1160 2215 1216 Ἰωι

2106 1159 2353 1230 Ἰωάννῃ
2387 1161 2739 1230 ἁσπαθαριῳ
2756 1163 2856 1215 καὶ
2890 1158 3203 1231 στρατηγῷ
3214 1157 3665 1230 Φυλοπονήσου.

1640 1249 1906 1312 Montacut.
1943 1254 2050 1318 (ep.
2082 1255 2133 1317 5,
2164 1268 2216 1318 p.
2245 1254 2349 1318 69).

491 1331 738 1388 Adverso
765 1329 1009 1399 ﬂumine,
1038 1331 1182 1403 quod
1204 1334 1498 1403 proverbio
1531 1337 1749 1399 dicitur,
1776 1337 1833 1391 in
1858 1353 1997 1407 prae-

2168 1340 2320 1394 Ἀνω
2350 1338 2633 1409 ποταμῶν,
2680 1339 2715 1407 ἡ
2755 1339 3047 1409 παροιμία,
3099 1339 3191 1393 ἐπὶ
3224 1338 3418 1410 καιροῦ
3445 1338 3512 1392 ἂν
3534 1337 3667 1407 φαίη

423 1425 564 1481 senti
622 1426 838 1498 negotia
892 1425 1024 1481 ferri
1061 1428 1365 1485 videntur:
1415 1428 1656 1487 Joannes
1695 1430 1845 1485 enim
1910 1430 2004 1485 ille

2094 1433 2164 1485 τά
2210 1429 2512 1502 πράγματα
2538 1445 2552 1458 ’
2608 1429 2864 1499 Ἰωάννης
2916 1431 2945 1484 ὁ
2992 1429 3156 1493 καλός
3192 1448 3251 1484 τε
3290 1431 3385 1483 καὶ
3445 1429 3668 1496 ἀγαθὸς,

422 1518 697 1587 quondam
743 1518 995 1573 laudatus
1026 1519 1312 1590 bonusque
1366 1521 1549 1577 subito
1575 1537 1685 1576 non
1718 1530 1803 1577 est
1831 1521 1876 1575 is
1908 1520 2000 1590 qui

2096 1525 2356 1595 ἐξαίφνης
2377 1523 2478 1591 (ἔτι
2501 1524 2610 1595 γὰρ
2631 1521 2965 1593 εὐλαϐοῦμαι
2987 1522 3121 1576 αὐτὸ
3140 1522 3452 1578 τούναντίον
3472 1523 3668 1594 εἰπεῖν)

424 1610 531 1664 fuit
555 1619 681 1664 ante
697 1609 906 1682 (religio
933 1610 1081 1665 enim
1110 1611 1241 1665 mihi
1268 1621 1353 1667 est
1377 1612 1553 1667 adhuc
1575 1612 1760 1668 dicere
1798 1612 2000 1680 aliter),

2095 1618 2196 1672 οὐκ
2227 1616 2375 1671 ἐστιν
2408 1611 2637 1685 οἷόσπερ
2689 1610 2780 1685 ἦν,
2809 1614 2916 1667 οὐδ’
2952 1609 3064 1666 οἷον
3094 1613 3257 1668 αὐτὸν
3309 1614 3492 1685 μένειν
3517 1614 3675 1685 εὐχό-

422 1715 535 1755 non
560 1709 645 1756 est
666 1701 756 1771 qui
786 1701 982 1766 fuerat,
1014 1718 1117 1758 nec
1140 1703 1353 1773 qualem
1384 1720 1607 1759 manere
1629 1720 1755 1760 eum
1785 1704 1843 1759 in
1861 1704 2003 1759 votis

2100 1708 2270 1778 μεθαο
2297 1708 2413 1761 ἀλλ’
2444 1706 2679 1761 ἐνταῦθα
2699 1705 2921 1776 ἡλικίας
2942 1703 3136 1769 ἐλθὼν,
3167 1704 3265 1758 καὶ
3296 1706 3432 1776 πρὸς
3460 1706 3677 1774 δυσμὰς

421 1791 555 1846 mihi
588 1801 726 1859 erat,
759 1795 852 1849 sed
880 1810 1004 1849 cum
1034 1795 1137 1851 bac
1168 1803 1327 1851 astate
1359 1797 1447 1861 sit,
1474 1806 1530 1852 et
1557 1797 1626 1852 ad
1670 1798 1795 1852 vita:
1835 1812 1997 1852 oeca-

2100 1801 2339 1855 ὲλαύνων
2391 1800 2529 1871 βίου,
2584 1798 3004 1870 μεταϐέϐληται.
3072 1798 3228 1868 Ἐρει
3253 1806 3280 1846 ιι
3334 1797 3403 1851 τὰ
3458 1798 3605 1852 καλά
3654 1812 3674 1851 2

424 1897 545 1938 sum
592 1884 815 1957 jamjam
862 1887 1138 1959 devergat,
1191 1888 1529 1943 immutatur.
1578 1887 1863 1944 Deﬂuxerc
1912 1902 2000 1942 res

2095 1892 2328 1963 τέθνηκε
2367 1890 2413 1944 δ’
2449 1890 2624 1960 ἀρετὴ
2654 1931 2670 1955 ,
2700 1889 2797 1943 καὶ
2821 1888 2992 1959 λήθης
3018 1888 3175 1960 τάφῳ
3218 1888 3374 1957 φιλία
3400 1887 3680 1942 καλύπτε-

423 1977 721 2045 preeclarae,
754 1990 969 2033 mortua
998 1988 1083 2034 est
1115 1978 1311 2046 virtus,
1346 1979 1634 2036 oblivionis
1666 1981 1876 2035 tumulo
1904 1993 2000 2035 oe-

2101 2001 2224 2039 ται·
2263 1984 2358 2038 καὶ
2389 1983 2542 2053 φίλος
2568 1984 2793 2047 ἐκεῖνος,
2848 1982 2945 2052 οὐχ
2971 1983 3119 2045 ὅστις
3142 1981 3202 2048 ἐξ
3224 1982 3346 2034 ὅλου
3390 1981 3542 2048 λέγει
3578 1980 3677 2034 τοῦ

424 2067 662 2122 enitatur
680 2068 914 2125 amicitia
940 2087 953 2123 :
973 2070 1181 2125 amicus
1201 2070 1476 2127 communi
1492 2071 1700 2127 calculo
1723 2082 1996 2137 censetur,

2102 2074 2218 2140 νοῦ,
2263 2074 2360 2128 καὶ
2408 2073 2611 2136 ἀδόλως
2642 2072 2732 2125 διὰ
2767 2071 2885 2143 βίου
2936 2072 3090 2141 μένει
3141 2070 3334 2141 φιλῶν,
3382 2070 3499 2124 ἀλλ’
3528 2070 3682 2133 ὅστις

423 2174 535 2213 non
573 2160 665 2215 ille
696 2160 789 2230 qui
818 2162 962 2231 quod
995 2162 1236 2232 loquitur
1262 2178 1327 2216 ex
1358 2170 1471 2217 tota
1524 2161 1705 2218 anima
1738 2163 1997 2232 loquitur,

2104 2168 2293 2239 ὑφάλῳ
2316 2164 2531 2236 γνώμῃ,
2560 2165 2701 2218 κατά
2740 2164 3035 2234 πρόσωπον
3068 2164 3169 2232 μὲν
3198 2164 3371 2234 ἡδέως
3400 2161 3680 2232 γαληνιῶν

423 2260 482 2306 et
514 2251 631 2306 sine
655 2253 779 2309 dolo
825 2255 1000 2326 diligit
1049 2271 1146 2325 per
1176 2256 1345 2311 totius
1371 2257 1495 2312 vitae
1542 2272 1787 2322 cursum,
1825 2257 1922 2313 sed
1952 2257 2000 2313 is

2100 2260 2301 2329 ὁμιλεῖ,
2334 2257 2439 2322 ἔξω
2455 2257 2515 2310 δὲ
2538 2256 2829 2326 γενόμενος
2855 2255 3173 2324 ὀφθαλμῶν,
3205 2254 3505 2325 τρικυμίας
3534 2251 3684 2307 ἁπά-

424 2346 515 2414 qui
548 2346 773 2401 subdola
813 2355 867 2403 et
894 2348 1135 2404 sublesta
1164 2358 1368 2413 mente,
1417 2364 1600 2404 coram
1629 2357 1687 2407 et
1718 2351 1772 2405 in
1808 2350 2003 2405 faciem

1187 2358 1368 2413 nente,
1417 2364 1600 2404 coram
1629 2357 1687 2407 et
1718 2351 1772 2405 in
1808 2350 2003 2405 faciem
2112 2366 2210 2414 σας
2246 2351 2452 2418 ὲγείρει
2477 2347 2776 2418 πονηριῶν.

428 2439 787 2509 tranquilliter
812 2450 868 2497 et
900 2443 1142 2512 jucunde
1204 2453 1582 2512 conversatur,
1642 2452 1700 2499 at
1726 2460 1853 2500 cum
1921 2451 2073 2500 extra
2110 2443 2277 2499 fuerit
2322 2442 2602 2499 oculorum
2683 2448 3060 2509 conspectum,
3092 2437 3432 2501 omnimodos
3484 2434 3688 2492 ﬂuctus

423 2532 625 2587 malum
654 2533 976 2590 intentando
1014 2536 1270 2609 concitat.

1020 2624 1238 2683 EPIS'l‘.
1275 2626 1341 2683 Il.

2701 2617 2929 2672 ΕΠΙΣΤ.
2981 2617 3055 2672 B'.

646 2715 832 2787 Sergio
871 2718 1148 2788 magistro,
1192 2729 1239 2773 et
1268 2718 1449 2773 Dromi
1484 2719 1773 2792 logothetaz.
2175 2719 2235 2770 Σι

2175 2715 2396 2784 Σεργίῳ
2419 2714 2725 2785 μαγίστρῳ
2774 2713 2872 2765 καὶ
2905 2710 3193 2782 λογοθέτῃ
3224 2711 3329 2765 τοῦ
3360 2711 3611 2780 Δρόμου.

1098 2820 1103 2821 ⁷
1677 2817 1945 2867 Montacut.
1986 2815 2088 2878 (ep.
2127 2812 2200 2873 10,
2237 2826 2285 2873 p.
2319 2808 2400 2871 75)

497 2894 620 2949 Non
647 2897 866 2966 quidem
907 2909 1097 2953 contra
1134 2915 1258 2965 nos,
1286 2907 1349 2953 ut
1378 2908 1497 2954 tute
1526 2899 1744 2964 scribis,
1774 2899 1869 2954 sed
1911 2913 2013 2967 pro

2183 2895 2258 2945 οὐ
2290 2891 2412 2946 καθ’
2438 2890 2622 2961 ἡμῶν,
2653 2889 2846 2959 ῶσπερ
2869 2887 3139 2959 ἔγραψας,
3167 2889 3303 2943 ἀλλά
3330 2891 3470 2962 ὑπὲρ
3499 2894 3533 2963 ἡ
3544 2894 3691 2963 μῶν,

427 2989 590 3043 nobis
613 2990 783 3057 dicta,
808 3006 930 3059 quae
958 2991 1281 3046 dicebantur
1309 3008 1338 3046 a
1366 3001 1439 3055 te.
1470 3002 1820 3062 reputamus;
1852 2999 2014 3060 atque

2111 2986 2180 3040 τὰ
2206 2983 2511 3054 λαληθέντα
2543 2999 2630 3035 σοι
2655 2980 2992 3051 λογιζόμεθα
3015 2996 3028 3009 ’
3067 2979 3264 3035 οὐκοῦν
3292 2983 3414 3036 οὐδὲ
3444 2985 3697 3054 συγγνώ-

428 3082 554 3136 ideo
584 3081 975 3147 veniamzdietis
1000 3084 1210 3153 precari
1237 3100 1345 3139 non
1378 3093 1496 3139 erat
1519 3098 1678 3155 opus.
1715 3081 2009 3153 Siquidem

2115 3097 2243 3149 μην,
2279 3073 2361 3141 οἷς
2417 3075 2707 3147 ὲλάλησας,
2750 3075 3028 3146 προσῆκεν
3081 3077 3276 3132 αἰτεῖν.
3329 3078 3393 3130 Εἰ
3436 3079 3538 3148 μὲν
3580 3081 3695 3150 γὰρ

428 3189 551 3243 qum
567 3174 839 3243 protulisti
865 3189 991 3229 vera
1015 3183 1163 3238 sunt,
1192 3176 1497 3238 commodo,
1526 3191 1636 3231 non
1668 3174 2015 3230 incommodo

2111 3170 2285 3241 ἀληθῆ
2334 3169 2402 3222 τὰ
2444 3167 2698 3240 ρηθέντα,
2729 3167 3041 3237 ὠφέλησας,
3096 3165 3211 3219 ἀλλ’
3264 3168 3366 3220 οὐκ
3424 3166 3693 3237 ἔϐλαψας,

430 3280 520 3319 me
548 3265 801 3327 aﬂ'ecisti,
844 3266 974 3322 dum
1004 3267 1286 3337 culparum
1331 3268 1572 3323 instituis
1624 3267 2014 3339 reprehensio-

2113 3264 2338 3333 ἔλεγχον
2364 3260 2475 3314 τῶν
2497 3260 2907 3333 ἡμαρτημένων
2931 3259 3317 3331 ποιησάμενος,
3344 3260 3403 3326 ἐξ
3426 3254 3504 3315 ὧν
3528 3262 3696 3316 εἴωθε

432 3372 560 3411 nem
592 3400 608 3421 ,
661 3374 783 3428 quae
836 3360 976 3413 solet
1027 3375 1325 3429 procurare
1396 3361 1871 3428 emendationem;
1926 3360 2012 3415 sin

2113 3356 2401 3426 διόρθωσις
2437 3352 2852 3425 περιγίνεσθαι·
2889 3353 2938 3405 εἰ
3001 3352 3058 3405 δὲ
3086 3352 3452 3423 ψευδῆ,’πολὺ
3486 3355 3697 3425 μᾶλλον

432 3447 570 3502 falsa
599 3447 912 3517 protuleris,
946 3450 1116 3521 magis
1145 3451 1363 3520 quidem
1393 3451 1673 3521 magisque
1714 3450 2005 3522 profueris,

2113 3449 2424 3521 ὠφέλησας,
2463 3449 2639 3519 μάτην
2675 3446 3082 3514 αἰτιασάμενος.
3131 3446 3432 3517 Προσέχειν
3468 3464 3529 3501 τε
3586 3446 3700 3518 γὰρ

434 3554 502 3594 eo
529 3540 677 3609 quod
710 3539 846 3596 falso
873 3542 1221 3612 culpaveris;
1258 3559 1347 3599 res
1383 3544 1529 3598 enim
1563 3544 1736 3616 magis
1761 3544 2010 3599 attende-

2114 3540 2257 3595 οὕτω
2282 3540 2503 3612 μᾶλλον,
2527 3538 2622 3592 καὶ
2643 3537 3016 3610 περιστέλλειν
3035 3539 3282 3600 ἑαυτοὺς,
3305 3539 3365 3591 οὐ
3388 3538 3496 3592 τῶν
3513 3538 3698 3608 ἔργων

435 3646 518 3696 re,
544 3640 599 3685 et
632 3630 687 3685 in
717 3632 1076 3702 praecinctura
1110 3642 1257 3688 stare
1287 3648 1388 3688 nos
1412 3632 1586 3689 fecisti
1619 3650 1635 3700 ;
1670 3648 1784 3687 non
1805 3641 2017 3688 tantum

2120 3634 2303 3705 μόνον,
2334 3634 2437 3686 ὅσα
2471 3631 2548 3702 μὴ
2589 3631 2689 3695 δεῖ,
2733 3631 3113 3701 διανέστησας,
3159 3630 3276 3684 ἀλλ’
3334 3631 3486 3685 οὐδὲν
3528 3628 3700 3704 ἧττον

435 3731 499 3776 ut
526 3722 596 3777 ab
620 3723 874 3792 operibus
899 3724 966 3778 iis
995 3723 1366 3779 abstineamus
1401 3740 1522 3794 qua:
1559 3724 1927 3790 retulisti,sed
1959 3735 2020 3779 ut

2120 3728 2373 3782 σπεύδειν
2401 3728 2706 3804 ἀναχωρεῖν
2735 3727 2831 3779 καὶ
2862 3726 2973 3778 τῶν
3022 3725 3099 3796 μὴ
3125 3725 3310 3778 καλῶν
3341 3723 3699 3793 ὑπολήψεων.

438 3823 495 3870 et
525 3831 555 3870 a
587 3816 770 3887 pravis
812 3816 1233 3889 cogitationibus
1268 3819 1597 3888 quantocius
1645 3832 1806 3887 quam
1863 3816 2022 3888 longe

2121 3816 2331 3879 Ἀλλως
2362 3833 2422 3868 τε
2468 3814 2545 3879 δὲ,
2576 3815 2658 3868 ὅτι
2688 3814 2782 3867 καὶ
2832 3811 3247 3883 μισθαποδοσίαι
3279 3814 3394 3873 τοῖς
3431 3810 3526 3862 ἐπὶ
3559 3807 3700 3878 ψεύ-

442 3907 765 3963 recedamus
790 3924 806 3975 ;
836 3924 902 3962 eo
925 3908 1071 3978 quod
1105 3908 1394 3970 retributio
1420 3925 1449 3963 a
1473 3909 1626 3964 caelis
1665 3909 1905 3979 reposita
1936 3915 2023 3963 est

2117 3908 2234 3962 δεσι
2271 3907 2426 3979 ῥῆμα
2458 3904 2696 3976 πονηρὸν
2734 3904 3145 3975 ὑφισταμένοις,
3183 3904 3393 3958 ἐκεῖθεν
3439 3901 3704 3954 ἀπόκειν-

439 4000 532 4065 iis,
562 4000 654 4070 qui
679 4015 803 4055 eum
840 4000 1120 4071 proposito
1150 4001 1445 4056 mentiendi
1474 4001 1641 4057 verba
1692 4000 1856 4072 impia
1886 4016 2017 4071 pro-

2118 4017 2230 4053 ται.
2280 3999 2498 4071 Μηκέτι
2546 3993 2638 4053 οὖν
2697 3996 3042 4068 ὲπερυθριῶν
3098 3997 3210 4058 τοῖς
3262 4011 3345 4047 σοι
3389 3992 3704 4060 λαληθεῖσιν

442 4092 637 4146 tulere.
676 4091 797 4148 Noli
862 4093 1025 4165 igitur
1073 4095 1343 4150 de’dictis
1389 4095 1750 4161 erubescere;
1805 4101 2015 4148 tantum

2120 4090 2507 4144 ἑπιδείκνυσο·
2564 4090 2728 4161 ἡμεῖς
2784 4088 2893 4158 γὰρ
2942 4085 3200 4140 τοσοῦτον
3244 4086 3527 4154 ἀπέχομεν
3578 4082 3707 4150 περὶ

443 4182 599 4239 abest
633 4194 689 4239 ut
717 4194 771 4240 te
800 4202 901 4240 nos
931 4188 1002 4242 ob
1029 4186 1121 4241 illa
1155 4187 1489 4254 incusemus,
1518 4199 1580 4244 ut
1620 4188 1788 4244 etiam
1817 4187 2020 4259 scripto

2118 4181 2326 4234 τούτων
2379 4182 2681 4247 ἐπικαλεῖν,
2725 4179 2866 4233 ὥστε
2920 4196 3002 4232 σοι
3051 4180 3145 4232 καὶ
3196 4177 3361 4248 χάριν
3414 4175 3706 4247 ὁμολογεῖν

443 4276 788 4345 consignatas
817 4277 1114 4333 habeamus
1139 4278 1357 4349 gratias.

2125 4273 2416 4345 ἐγγράφως
2438 4274 2538 4345 ἤδη
2573 4272 2952 4342 συντιθέμεθα.

1047 4367 1264 4423 EPIST.
1298 4367 1386 4423 Ill.

2754 4364 2980 4418 ΕΠΙΣΤ.
3020 4363 3097 4417 Γ’.

728 4452 928 4510 Basilio
960 4458 1183 4527 patricio
1216 4459 1362 4512 urbis
1389 4460 1655 4530 prwfecto.
2278 4461 2317 4511 Ε

2278 4458 2577 4520 Buculeio)
2604 4456 2891 4525 πατρικίφ
2918 4454 3017 4508 καὶ
3036 4453 3279 4525 ἐπάρχῳ
3306 4453 3568 4518 πόλεως.

1699 4547 1969 4598 Montacut.
2007 4546 2107 4611 (ep.
2147 4546 2224 4608 l5,
2256 4562 2307 4609 p.
2340 4549 2444 4608 74).

518 4631 759 4688 Ditiluxit
793 4634 989 4701 virtus,
1022 4636 1155 4690 abiit
1179 4636 1297 4707 ejus
1342 4637 1532 4709 gratia,
1568 4637 1782 4693 obtinet
1828 4636 2027 4707 impie—
2060 4640 2107 4693 D

2213 4635 2403 4705 Ἐρῤει
2434 4634 2504 4688 τὰ
2533 4635 2697 4700 καλὰ,
2734 4634 2832 4687 καὶ
2858 4633 2960 4704 τῆς
2998 4630 3204 4701 ἀρετῆς
3226 4631 3259 4699 ἡ
3286 4630 3449 4699 χάρις
3478 4628 3712 4698 οἴχεται.

448 4731 553 4786 tas,
578 4734 632 4779 et
679 4726 1024 4781 mendacium
1062 4728 1162 4781 alis
1207 4729 1597 4797 pullulantibus
1630 4730 1850 4795 crescit,
1885 4729 2026 4783 veri-

2130 4723 2298 4776 κακία
2325 4723 2382 4775 δὲ
2405 4714 2770 4777 mittebatur
2795 4721 2971 4776 καὶτὸ
2999 4720 3101 4790 μὲν
3122 4719 3320 4790 ψεῦδος
3346 4718 3714 4788 πτεροφυεῖιι,

448 4817 576 4873 tatis
603 4818 699 4873 ala:
720 4818 987 4890 ﬂoresque
1015 4822 1294 4877 decidunt.
1327 4821 1483 4878 Unde
1512 4833 1695 4878 autem
1726 4825 1844 4879 haec
1868 4824 2027 4878 inva-

2130 4813 2448 4881 φυλλοϐολεῖ
2501 4814 2559 4868 δὲ
2611 4815 2683 4868 τὰ
2736 4814 2912 4884 πτέρα
2957 4815 2991 4884 ὴ
3040 4812 3286 4882 ἀλήθεια.
3318 4810 3489 4863 Πόθεν
3537 4806 3638 4861 οὖν
3682 4806 3717 4875 ὴ

449 4909 552 4965 luit
612 4912 877 4966 malorum
936 4913 1105 4968 Ilias?
1138 4914 1408 4969 Nimirum
1451 4916 1607 4971 aiunt
1634 4917 1780 4986 quod
1828 4926 1889 4971 tu
1948 4916 2024 4969 sis

2131 4906 2367 4980 τοσαύτη
2394 4907 2504 4961 τῶν
2540 4906 2728 4961 κακῶν
2772 4906 2973 4973 Ἰλίας;
3007 4906 3131 4959 Ὀτι
3166 4905 3231 4957 σὺ
3266 4903 3385 4974 μὲν,
3416 4901 3494 4966 ῶς
3520 4914 3713 4968 φασιν,

452 5016 574 5055 eum
602 5002 850 5073 imperio,
882 5014 939 5059 et
963 5007 1055 5075 qui
1097 5008 1268 5062 multo
1320 5008 1596 5079 digniores
1644 5018 1773 5063 sunt
1815 5018 1877 5063 ut
1932 5008 2026 5061 tibi

2132 5001 2322 5071 ἄρχεις
2342 5020 2356 5034 ·
2388 5004 2439 5055 οἱ
2469 5000 2530 5054 δέ
2577 5018 2669 5055 σου
2727 5000 2861 5053 πολὺ
2903 4999 3192 5070 κρείσσους
3227 4998 3420 5067 ἄρχειν
3441 5037 3458 5059 ,
3487 4993 3580 5046 τὸν
3623 4991 3721 5043 σὺν

451 5091 739 5162 imperent,
771 5106 925 5154 tuum
976 5099 1204 5152 tolerare
1228 5109 1283 5154 et
1331 5101 1549 5155 trahere
1591 5100 1782 5172 jugum
1827 5117 2029 5171 cogan-

2140 5096 2300 5171 βαρὺν
2332 5094 2515 5149 ἕλκειν
2539 5093 2706 5163 ζυγὸν
2755 5091 3160 5159 ἀναγκάζονται
3181 5107 3195 5121 ο
3227 5091 3322 5142 καὶ
3353 5089 3555 5161 μετρία
3592 5086 3729 5140 τού-

456 5194 565 5239 tur.
603 5186 877 5243 Moderata
923 5204 1071 5245 certe
1110 5193 1325 5249 videtur
1348 5194 1668 5264 improbitas
1694 5210 1815 5265 quae
1860 5197 2026 5249 vitam

2141 5209 2237 5253 rei;
2268 5193 2546 5253 κάκωσις,
2581 5189 2616 5258 ἡ
2661 5185 2737 5257 μὴ
2788 5186 2971 5239 πᾶσαν
3016 5183 3197 5236 αὐτῶν
3235 5182 3337 5251 τὴν
3367 5182 3517 5249 ζωὴν
3559 5197 3730 5251 περι-

454 5279 587 5347 ipsis
633 5282 852 5349 penitus
909 5299 1020 5338 non
1072 5286 1404 5353 absciderit;
1434 5289 1536 5343 hoc
1580 5297 1666 5343 est
1709 5288 1853 5358 quod
1881 5287 2031 5342 fures

2146 5285 2439 5337 ιόπτουσα·
2494 5280 2653 5335 τοῦτο
2708 5281 2857 5331 ἐσδτιν
2906 5280 2935 5331 ὁ
2979 5277 3038 5328 ὲν
3074 5274 3229 5328 πόλει
3267 5275 3517 5345 λῃστὴς,
3562 5273 3669 5327 καὶ
3703 5272 3735 5326 ὀ

455 5370 658 5439 passim
691 5379 746 5425 et
802 5373 1085 5429 carniﬁces
1119 5392 1217 5445 per
1266 5377 1456 5431 urbem
1505 5386 1734 5431 scatent.
1772 5376 1899 5432 Hac
1928 5392 2031 5446 ego

2188 5375 2418 5443 ίνδημος
2464 5372 2677 5441 δήμιος.
2720 5369 2862 5437 Ἐγὼ
2909 5369 3010 5438 μὲν
3053 5368 3117 5420 οὐ
3170 5366 3314 5434 λέγω
3357 5365 3545 5418 ταῦτα
3599 5363 3739 5434 περὶ
3774 5418 3777 5423 ,

454 5462 523 5517 de
552 5471 603 5516 te
626 5462 809 5517 nullus
839 5463 1107 5532 pranlico;
1150 5466 1196 5522 is
1225 5478 1406 5523 autem
1450 5468 1542 5538 qui
1570 5468 1624 5522 in
1648 5469 1907 5538 praesenti
1935 5483 2032 5537 pa—

2146 5467 2262 5520 σοῦ’
2298 5465 2417 5519 ἀλλ’
2469 5467 2497 5517 ὁ
2538 5463 2709 5517 ποιῶν
2752 5462 2819 5514 τὰ
2851 5463 2970 5513 νυνὶ
3019 5460 3169 5530 πάσῃ
3193 5457 3419 5529 γλώσσῃ
3448 5458 3557 5509 καὶ
3588 5458 3735 5525 ἀκοῇ

458 5565 564 5611 trat
618 5570 683 5611 ea
718 5572 839 5626 quae
866 5572 964 5626 per
984 5559 1228 5613 omnium
1260 5575 1354 5615 ora
1383 5570 1438 5615 ct
1472 5575 1633 5615 aures
1661 5561 2029 5622 celebrantur,

2148 5561 2285 5630 πάσῃ
2320 5556 2711 5629 περιᾳδόμενα,
2752 5553 2960 5615 ἐκεῖνος
2982 5552 3098 5604 ἐστι
3125 5549 3249 5614 (κᾶν
3279 5548 3389 5614 ἐγὼ
3419 5550 3737 5617 σιωπήσω-

457 5648 575 5717 ipse
638 5656 725 5703 est
769 5648 863 5717 qui
911 5648 1083 5717 (licet
1124 5665 1225 5721 ego
1281 5652 1681 5721 conticescam)
1722 5650 2029 5707 istiusmodi

2151 5650 2263 5721 μαι)
2316 5652 2345 5702 ὁ
2391 5648 2600 5701 τούτων
2631 5646 2740 5699 τῶν
2791 5646 3074 5714 ὀνομάτων
3106 5643 3275 5707 ἄξιος.
3315 5642 3390 5695 Σὺ
3413 5640 3498 5700 δε,
3539 5643 3596 5693 εἰ
3638 5641 3740 5711 μὲν

460 5740 634 5794 titulis
662 5739 859 5807 dignus
898 5750 1000 5796 est.
1034 5739 1114 5795 Tu
1164 5757 1348 5811 porro,
1384 5742 1431 5796 si
1478 5741 1623 5812 quod
1652 5741 1918 5808 referunt,
1944 5742 2031 5795 illa

2153 5744 2399 5813 πράττεις
2422 5740 2459 5795 ἆ
2484 5758 2669 5809 (pasto,
2714 5738 2945 5808 μίσησον
2994 5734 3193 5807 μᾶλλον
3222 5734 3323 5804 τὴν
3372 5731 3615 5801 πρᾶξιν,
3646 5729 3742 5784 καὶ

461 5833 595 5902 agis,
624 5834 751 5889 odio
782 5835 965 5909 potius
989 5835 1188 5889 habeto
1212 5834 1483 5889 actionem
1512 5833 1706 5903 ipsam,
1732 5833 1801 5889 de
1832 5849 2029 5904 perpe-

2150 5835 2254 5896 τοῐς
2315 5830 2710 5900 πραττομένοις
2758 5824 3099 5896 αἰσχύνθητι,
3167 5824 3202 5894 ἢ
3236 5824 3352 5881 τοῖς
3385 5820 3739 5890 ὀνομάζουσι

1746 5926 1980 5983 VARUS
2018 5922 2403 5982 LECTIONES

546 6001 575 6041 Ρ
602 5993 686 6047 la.
722 5995 889 6065 ἔρρει.
967 6007 995 6047 ⁸1
1020 5998 1105 6051 ῖο.
1136 5999 1445 6067 πτερορυεῖ.
