4024 6442
224 401 317 462 929

1384 399 1921 460 EPISTOLARUM
1963 398 2190 458 LIBER
2233 399 2348 458 III.

3390 409 3497 470 930

231 505 665 578 μνησικάκησον.
718 504 794 556 Ub
844 503 953 574 γὰρ
1003 502 1148 556 ἐστιν
1198 503 1372 568 ἄλλως
1429 507 1526 569 τὰς
1558 507 1808 576 πράξεις,

1925 505 2080 557 tratis
2111 504 2373 573 pudelias,
2405 520 2565 572 quam
2604 507 2920 563 memineris
2965 520 3024 562 ut
3057 510 3252 578 punias
3285 527 3377 566 eos
3403 513 3497 582 qui

228 602 335 656 ἁλλ’
367 599 400 670 ἢ
434 600 553 661 τοῖς
604 598 825 661 οἰκείοις
876 599 1226 667 ἐξονομάζειν
1269 600 1552 670 ὀνόμασιν.
1586 601 1697 654 Καὶ
1730 601 1808 670 τῷ

228 691 634 762 δυσχεραίνοντι
682 692 803 752 ταῖς
869 691 1156 759 κλήσεσιν,
1208 690 1388 760 πολλῷ
1448 691 1714 761 πρότερον
1773 694 1806 761 ἡ

228 783 368 853 φυγὴ
393 783 740 836 διαπονεῖται
763 781 871 836 τῶν
911 781 1184 850 πράξεων.
1224 784 1285 836 Ei
1333 782 1391 835 δὲ
1419 782 1490 834 τὰ
1512 782 1679 852 ψευδῆ
1714 801 1806 835 σου

230 877 596 945 καταχέουσι·
652 873 886 927 σπεῦσον
938 873 1126 944 ὥσπερ
1175 873 1380 943 ἔφυγες
1433 875 1532 946 τὴν
1581 876 1800 943 πρᾶξιν,

227 965 364 1018 οὕτω
388 967 589 1033 φυγεῖν
612 981 670 1016 σε
702 967 795 1018 καὶ
815 965 876 1036 τὸ
901 965 1068 1032 ἐγγὺς
1098 965 1386 1035 τυγχάνειν
1412 964 1513 1034 τῆς
1536 966 1808 1034 πράξεως.

227 1056 296 1108 Τὸ
328 1056 428 1124 μὲν
461 1059 578 1126 γὰρ
603 1056 902 1121 κολάσεως,
931 1056 992 1108 τὸ
1019 1057 1078 1109 δὲ
1107 1057 1207 1109 οὐκ
1238 1057 1476 1110 ἐπαίνων
1508 1057 1658 1122 ἄξιον
1680 1074 1694 1088 ·
1725 1058 1820 1110 καὶ

226 1149 340 1218 οὐχὶ
393 1150 455 1201 τὸ
506 1147 624 1212 πῦρ
677 1150 999 1220 λυμαίνεται
1067 1149 1229 1218 μόνον
1277 1153 1403 1215 τοὺς
1458 1153 1816 1223 ἁπτομένους,

231 1241 364 1294 ἀλλὰ
394 1242 546 1295 καὶὸ
578 1242 818 1309 καπνὸς,
869 1243 975 1296 τῶν
1014 1244 1087 1313 μὴ
1123 1245 1313 1316 πόρρω
1350 1245 1446 1297 τοῦ
1494 1246 1668 1316 πυρὸς
1712 1247 1817 1313 ἀφ-

228 1335 538 1403 εστηκότων
575 1335 892 1406 δριμύσσων
924 1336 1021 1398 τὰς
1048 1336 1198 1405 ὄψεις
1237 1338 1332 1390 καὶ
1369 1337 1812 1408 ἁμαυρούμενος.

823 1536 1044 1588 ΕΠΙΣΤ.
1105 1539 1176 1587 Δ¹.

499 1628 728 1696 Σεργίῳ
761 1629 1071 1698 μαγίστρῳ
1098 1627 1196 1681 καὶ
1231 1628 1543 1697 λογοθέτῃ.

1912 596 1991 650 sic
2021 596 2336 664 loquuntur.
2364 596 2500 650 Sunt
2531 599 2676 651 enim
2707 601 2953 654 actiones
2980 603 3220 671 propriis
3251 605 3365 657 suis
3395 621 3498 657 no-

1916 688 2154 742 minibus
2207 687 2572 759 designandm.
2623 689 2724 755 Qui
2767 708 3145 762 quemcunque
3194 693 3408 748 titulum
3444 697 3496 749 in

1917 779 2114 832 malam
2140 789 2352 849 partem
2385 782 2548 849 capit.
2588 781 2632 834 is
2656 782 2835 850 potius
2878 783 2928 835 id
2961 800 3118 854 agere
3157 786 3410 852 debebat,
3441 796 3503 840 ut

1917 872 2162 926 actiones
2221 872 2367 941 ipsas
2411 873 2675 927 evitaret:
2728 876 2810 928 sin
2864 886 3042 930 autem
3103 887 3153 932 te
3197 881 3501 933 mendaciis

1918 975 2172 1028 onerant,
2203 966 2254 1019 id
2295 982 2422 1036 agas
2468 977 2701 1036 eportet,
2734 978 2794 1023 ut
2831 972 3281 1037 quemadmodum
3317 988 3501 1026 reces-

1918 1057 2056 1110 seris
2105 1061 2172 1111 ah
2220 1060 2432 1128 agendo
2463 1060 2623 1117 male,
2659 1060 2733 1112 ita
2783 1071 2837 1114 et
2878 1076 3094 1114 onmem
3126 1063 3330 1116 devites
3379 1066 3500 1133 ejus

1918 1150 2406 1220 propinquitatem.
2446 1149 2578 1204 Illud
2615 1153 2942 1220 supplicium
2993 1163 3250 1218 meretur,
3280 1155 3500 1209 laudem

1919 1240 2065 1295 istud
2132 1257 2240 1295 non
2298 1250 2557 1295 meretur.
2587 1241 2707 1295 Non
2756 1242 2919 1296 modo
2955 1243 3099 1297 lzedit
3165 1245 3303 1314 ignis
3361 1246 3503 1299 arri-

1914 1332 2147 1399 pientes,
2197 1334 2290 1386 sed
2345 1341 2401 1386 et
2442 1333 2622 1386 fumus
2657 1349 2845 1387 eorum
2879 1336 3068 1389 oculos
3101 1339 3419 1408 perstringit
3450 1349 3502 1394 et

1912 1424 2160 1494 fuliginat
2185 1427 2276 1494 qui
2308 1439 2417 1479 non
2455 1426 2611 1495 longe
2653 1426 2721 1479 ab
2741 1425 2863 1496 igne
2891 1427 3218 1483 consistunt.

2580 1536 2798 1591 EPIST.
2844 1538 2935 1591 IV.

2293 1625 2477 1699 Sergio
2503 1631 2754 1701 magistro
2783 1644 2830 1684 et
2863 1631 3152 1702 logotltetw.

1467 1744 1736 1795 Montacut.
1776 1745 1880 1802 (ep.
1919 1745 1996 1802 14,
2030 1759 2078 1802 p.
2115 1746 2216 1802 75).

1467 1745 1736 1795 Montacut.
1776 1745 1815 1805 (ι

304 1823 551 1894 Ἑχθρῶν
614 1827 754 1878 εἰσιν
803 1825 860 1877 αἱ
931 1826 1220 1880 ἐπιϐουλαὶ
1272 1826 1370 1880 καὶ
1428 1829 1485 1882 αἱ
1532 1827 1813 1898 λοιδορίαι,

1919 1745 1996 1802 14,
2067 1784 2078 1794 .
2115 1746 2174 1795 73
2207 1785 2216 1796 .

1998 1759 2081 1882 Aph
2107 1749 2357 1884 ho)stibus
2385 1829 2616 1893 insidiae,
2638 1831 2903 1898 convicia,
2935 1833 3190 1888 barathra
3214 1843 3497 1903 parantur.

229 1919 412 1972 καὶτὰ
461 1917 747 1988 βάραθραο
807 1917 980 1987 φίλων
1011 1919 1090 1983 δὲ,
1126 1919 1188 1972 τὸ
1238 1920 1674 1990 ὑπερασπίζειν,
1719 1923 1813 1972 καὶ

229 2011 707 2081 προκινδυνεύειν,
733 2012 826 2064 καὶ
853 2012 1084 2066 κωλύειν
1105 2014 1232 2076 τοὺς
1253 2013 1685 2084 ἐπηρεάζοντας,
1712 2015 1811 2083 ὃση

229 2103 473 2173 δύναμις.
536 2104 781 2176 Μέτριος
832 2101 926 2158 οὖν
974 2105 1083 2159 τῶν
1129 2107 1340 2176 ἐχθρῶν
1372 2108 1596 2170 ἐκεῖνος,
1649 2109 1812 2162 ὁτῶν

231 2197 651 2267 προειρημένων
675 2197 866 2250 ἐαυτὸν
907 2197 1174 2267 καθυφείς
1201 2215 1216 2230 ·
1255 2200 1349 2252 καὶ
1384 2201 1520 2270 μήτε
1551 2217 1813 2270 συκοφαν-

230 2287 354 2350 τῶν,
422 2289 571 2358 μήτε
607 2286 814 2352 δόλους,
867 2289 1006 2356 μήτε
1047 2289 1342 2350 ἐπιϐουλὰς
1391 2290 1808 2358 σκευαζόμενος.

229 2376 335 2430 Καὶ
368 2376 564 2440 ἄθλιος
614 2378 725 2430 τῶν
778 2378 947 2446 φίλων
998 2379 1204 2443 ἐκεῖνος
1240 2380 1376 2450 (εἴγε
1410 2380 1562 2448 φίλος
1599 2381 1758 2446 ὅλως)
1785 2385 1812 2435 ὀ

233 2471 364 2538 μήτε
437 2469 878 2540 ὑπερασπίζων,
954 2473 1092 2542 μήτε
1150 2475 1612 2543 προκινδυνεύων,
1671 2477 1811 2546 μήτε

229 2562 562 2615 ἀνακόπτειν
625 2561 874 2615 σπεύδων
921 2563 1049 2626 τοὺς
1104 2566 1574 2636 προαιρουμένους
1638 2568 1814 2620 ἐπιτί-

234 2655 438 2710 θεσθαι.
479 2655 660 2708 Τοῦτο
682 2655 792 2726 γὰρ
823 2656 920 2710 καὶ.
948 2656 1056 2710 τῶν
1087 2657 1296 2728 ἐχθρῶν
1328 2659 1394 2712 ἂν
1421 2658 1632 2729 (ὥσπερ
1655 2658 1813 2729 ἔφην)

231 2749 434 2822 ποιήσῃ
461 2751 490 2801 ὁ
520 2748 765 2819 μέτριος.
800 2750 999 2803 Σκόπει
1048 2746 1163 2816 οὖν,
1206 2745 1287 2812 οἷς
1318 2751 1459 2820 ὑπὲρ
1487 2751 1580 2804 σοῦ
1615 2751 1812 2818 λέγεις,

230 2841 333 2895 τίνι
381 2841 614 2896 σεαυτὸν
649 2842 984 2905 συντάττεις.
1023 2844 1134 2912 Οὐχ
1165 2842 1364 2914 ὓϐρισα
1392 2843 1523 2913 γὰρ,
1565 2844 1685 2897 οὐδὲ
1708 2845 1815 2896 τῶν

230 2931 615 3004 διασυρόντων,
649 2937 863 3004 φήσεις,
913 2935 1132 3002 γέγονα,
1169 2936 1291 2988 οὐδὲ
1338 2939 1480 2990 κατὰ
1511 2936 1604 2988 σοῦ
1631 2937 1813 3000 δόλους

234 3023 590 3096 ὲρῤαῲόιμην.
632 3023 774 3093 Ἐγὼ
802 3024 846 3076 δ’
887 3025 935 3076 εί
968 3025 1042 3093 μὴ
1070 3025 1128 3076 τὸ
1154 3023 1411 3093 φορτικὸν
1435 3024 1812 3094 ηὐλαϐούμην,

239 3115 612 3189 ξσχυρισάμην
645 3118 737 3182 ἂν,
769 3119 843 3180 ὡς
891 3118 1011 3170 οὐδὲ
1046 3117 1202 3170 τοῦτο
1233 3119 1331 3180 τῆς
1384 3116 1485 3186 σῆς
1518 3118 1683 3170 ἕνεκα
1722 3136 1814 3186 φι-

235 3207 475 3279 λοτιμίας
532 3211 627 3264 καὶ
674 3211 935 3280 γνώμης·
983 3209 1096 3262 ἀλλ’
1151 3210 1233 3262 ὅτι
1292 3208 1416 3276 μηδ’
1448 3207 1614 3280 ἔχεις,
1656 3210 1714 3276 ἐξ
1741 3203 1816 3263 ὧν

241 3315 319 3351 σοι
343 3301 545 3362 ταῦτα,
585 3299 659 3370 μὴ
709 3299 830 3352 λίαν
881 3301 1215 3370 ἀσχημόνως
1273 3300 1369 3352 καὶ
1418 3298 1812 3366 ἐπιγελάστως,

243 3393 753 3463 συμπλασθήσεται.

851 3657 1077 3712 ΕΠΙΣΤ.
1125 3655 1208 3709 E'.

657 3749 826 3814 Ἠλίᾳ
869 3747 1396 3817 πρωτοσπαθαρίῳ.

1915 1921 2216 1976 amicorum
2239 1931 2344 1983 est,
2379 1921 2622 1993 indignis
2674 1925 2852 1978 modis
2885 1925 3142 1980 multatos
3171 1927 3308 1981 tueri
3339 1928 3498 1992 velle,

1916 2012 2172 2079 periculis
2204 2027 2264 2066 se
2313 2013 2383 2067 ob
2438 2029 2532 2068 eos
2577 2013 2796 2078 oﬂ‘erre,
2837 2023 2892 2068 et
2937 2015 3047 2068 vim
3083 2016 3285 2069 illatam
3316 2017 3505 2086 prohi-

1917 2103 2067 2166 bere,
2093 2114 2358 2172 quantum
2413 2106 2636 2174 quidem
2694 2106 2749 2159 in
2808 2107 2939 2175 ipsis
2975 2107 3162 2162 fuerit.
3218 2109 3503 2163 lnterini-

1915 2195 2086 2250 micos
2119 2181 2421 2252 modestus
2474 2205 2575 2261 est,
2631 2197 2724 2265 qui
2785 2197 2852 2251 ab
2908 2207 3036 2252 ante
3092 2201 3403 2253 memoratis
3441 2214 3503 2255 se

1915 2286 2228 2354 expeditum
2291 2297 2486 2341 tenens
2511 2328 2526 2350 ,
2557 2302 2661 2341 nec
2713 2289 3071 2356 sycophanta,
3121 2303 3227 2343 nec
3255 2289 3499 2353 dolosns,

1913 2393 2016 2431 nec
2058 2379 2382 2433 insidiarum
2413 2388 2650 2432 structor
2673 2379 2795 2432 erit.
2835 2379 3119 2448 Improbus
3149 2389 3332 2433 autem
3357 2381 3500 2432 ami-

1914 2486 2012 2525 cus
2039 2471 2128 2526 ille
2159 2471 2240 2544 (si
2282 2474 2444 2526 modo
2499 2472 2619 2525 talis
2679 2472 2888 2526 amicus
2941 2473 3238 2543 dicendus)
3274 2473 3364 2540 qui
3397 2489 3500 2526 nec

1915 2565 2174 2635 protegit,
2235 2579 2340 2618 nec
2384 2565 2719 2634 periclitatur
2765 2581 2863 2634 pro
2895 2567 3092 2626 amico,
3138 2579 3243 2618 nec
3283 2565 3501 2618 festinat

1917 2670 2012 2709 eos
2042 2655 2328 2724 repellere.
2389 2656 2479 2724 qui
2516 2656 2570 2709 in
2625 2656 2859 2710 amicum
2891 2657 3010 2724 ejus
3055 2657 3268 2709 irruere
3310 2671 3498 2710 secum

1919 2754 2248 2801 statuerunt.
2277 2747 2335 2801 Id
2365 2749 2512 2801 enim
2542 2749 2626 2802 vel
2652 2748 2745 2816 qui
2775 2748 2916 2802 inter
2941 2747 3190 2802 inimicos
3219 2747 3501 2802 modestus

1919 2847 2001 2891 est
2037 2841 2140 2906 (ut
2178 2837 2326 2907 dixi)
2357 2838 2574 2893 eiliciet.
2616 2837 2746 2892 Vide
2775 2838 2851 2892 sis
2890 2853 3020 2908 ergo
3061 2839 3148 2892 cui
3177 2839 3416 2908 ipsorum
3450 2848 3504 2892 te

1917 2945 2270 2994 annumeres,
2302 2947 2397 3000 per
2417 2946 2479 2984 ea
2510 2945 2632 2999 qua:
2655 2946 2754 3000 pro
2780 2939 2833 2984 te
2860 2931 3080 3002 allegas.
3113 2930 3189 2985 Te
3210 2947 3322 2985 non
3347 2929 3502 2986 aifeci

1919 3021 2290 3087 contumeliis,
2339 3022 2575 3090 inquies,
2625 3038 2730 3076 nec
2777 3022 2845 3077 iis
2877 3023 3280 3077 annumerabar
3325 3025 3505 3093 quite

1918 3111 2250 3179 irridebant;
2281 3113 2458 3167 nullos
2490 3113 2543 3166 in
2594 3123 2644 3168 te
2694 3115 2952 3168 contexui
2994 3115 3167 3169 dolos.
3198 3115 3306 3186 Ego
3330 3127 3501 3183 certe,

1918 3201 2023 3257 nisi
2056 3204 2204 3272 quod
2230 3204 2476 3259 odiosum
2507 3205 2609 3258 hoc
2643 3205 2759 3259 fore
2791 3221 3001 3271 verear,
3048 3205 3374 3261 conﬁrmare
3402 3224 3503 3261 au-

1919 3297 2106 3352 derem
2142 3299 2247 3353 hoc
2272 3300 2426 3354 nullo
2454 3299 2619 3353 modo
2646 3308 2707 3353 ut
2731 3299 3076 3354 aestimationi
3108 3308 3214 3352 tuaa
3248 3301 3504 3354 consule-

1914 3402 2026 3451 res,
2063 3397 2158 3442 aut
2197 3389 2483 3442 sententia:
2521 3389 2746 3444 factum.
2784 3389 2898 3443 Imo
2919 3403 3051 3443 vero
3094 3388 3297 3442 nullam
3333 3389 3502 3443 habes

1915 3481 2257 3535 occasionem
2291 3482 2385 3536 tibi
2423 3483 2818 3552 suppeditatam
2851 3482 2992 3535 unde
3024 3481 3144 3543 ista,
3178 3481 3287 3537 nisi
3312 3482 3501 3535 admo-

1917 3572 2048 3625 dum
2079 3573 2315 3629 absurde
2346 3585 2400 3628 et
2423 3574 2670 3637 ridicule,
2713 3574 3026 3644 conﬁngere
3055 3573 3253 3644 possis.

2516 3662 2734 3719 EPIST.
2767 3663 2832 3718 V.

2428 3756 2562 3811 Elia:
2607 3757 3051 3826 protospathan’o.

1481 3857 1750 3908 Montacut.
1788 3861 1892 3923 (ep.
1929 3863 2006 3921 16,
2041 3879 2091 3926 p.
2127 3865 2228 3926 77).
2455 3870 2485 3911 ο⁴

310 3966 573 4038 ᾘτήσω·
633 3965 1003 4035 συνεθέμεθα⁹
1051 3967 1302 4034 γέγονεν·
1365 3966 1672 4038 εὐχαρίστει
1725 3965 1817 4022 οὖν

237 4055 348 4128 Θεῷ
377 4061 456 4128 τῷ
497 4059 721 4129 χορηγῷ
758 4059 851 4110 καὶ
877 4059 1038 4127 αἰτίῳ
1072 4059 1302 4111 πάντων
1339 4058 1445 4111 τῶν
1485 4059 1687 4124 καλῶν,
1720 4061 1818 4131 τῆς

243 4145 548 4220 βαρυτάτης
583 4150 906 4222 φορολογίας
928 4148 1300 4216 ἀπαλλαγείς.

856 4274 1078 4328 ΕΙιιΣΤ.
1099 4276 1190 4341 ς’.

241 4368 635 4438 Θεοφυλάκτῳ
691 4370 1016 4436 πατρικίῳ,
1050 4367 1176 4446 ⁸καὶ
1235 4365 1550 4436 στρατηγῷ
1618 4369 1812 4436 Ἀρμε-

898 4453 1143 4490 νιακων.

1989 3971 2354 4043 Sttppiieasti:
2408 3974 2808 4029 condescendi:
2863 3974 3064 4029 factum
3133 3987 3237 4032 est.
3285 3976 3499 4035 Gratias

1914 4079 2014 4135 age
2048 4063 2158 4118 Deo
2188 4065 2352 4135 igitur
2375 4065 2612 4135 largitori
2643 4073 2696 4119 et
2726 4081 2900 4118 caustc
2929 4065 3196 4119 bonorum
3229 4069 3498 4136 omnium,

1913 4156 2058 4227 quod
2088 4156 2227 4211 liber
2255 4157 2331 4211 sis
2377 4172 2408 4210 a
2443 4156 2646 4211 tributo
2675 4156 2997 4227 gravissimo
3031 4157 3354 4221 colligendo.

2509 4285 2722 4340 EPIST.
2756 4285 2841 4338 Vl.

2026 4378 2408 4448 Theophylacto
2433 4380 2681 4446 patricio,
2709 4390 2759 4434 et
2793 4380 2914 4434 duci
2932 4379 3390 4434 Armeniacorum.

1485 4532 1752 4581 Montacut.
1795 4535 1896 4596 (ep.
1932 4535 2011 4596 21,
2045 4551 2094 4598 p.
2128 4536 2230 4599 82).

305 4618 442 4692 Τρία
469 4619 647 4690 μισεῖν
677 4613 928 4681 οἷδα,καὶ
949 4617 1073 4679 τοὺς
1109 4613 1300 4679 ἄλλους
1331 4617 1510 4686 μισεῖν
1539 4617 1807 4687 παραινῶ,
1847 4623 1890 4676 ι)

237 4709 448 4780 ψεῦδος,
482 4711 577 4764 καὶ
608 4709 814 4772 δόλους,
851 4709 946 4762 καὶ
973 4708 1193 4776 ἀγάπης
1228 4706 1545 4775 διαφθοράν.
1603 4708 1812 4778 Ἃλοίην

328 4806 438 4865 τοῖς
489 4802 687 4873 τρισὶν,
727 4803 781 4853 ετ
807 4801 861 4852 τί
900 4819 1012 4871 μοι,
1068 4801 1199 4872 παρ’
1261 4800 1298 4854 ἃ.
1341 4800 1665 4871 διεπράχθη,
1722 4803 1814 4853 καὶ

240 4895 377 4947 κατὰ
430 4896 553 4948 νοῦν
587 4894 717 4964 ἕχω,
755 4893 930 4954 ἄλλως
984 4896 1133 4964 ἐρεῖν
1195 4893 1496 4964 μελετήσω.
1556 4891 1699 4961 Ἐγώ
1754 4910 1814 4945 σε

240 4985 390 5052 φίλον
417 4988 786 5058 ἐποιησάμην,
829 4985 980 5054 φίλον
1033 4987 1133 5054 μὲν
1159 4986 1289 5039 ὅντα
1317 4985 1472 5047 Θεοῦ,
1505 4987 1604 5038 ὅσα
1634 5002 1698 5052 γε
1736 4988 1816 5049 είς

241 5079 483 5143 εὐσεϐεῖς
522 5075 626 5151 ἧκε
670 5078 984 5147 λογισμοὺς,
1015 5077 1166 5146 φίλον
1201 5078 1258 5129 δὲ
1297 5080 1484 5130 πιστὸν
1524 5080 1634 5139 τοῖς
1663 5077 1814 5145 φιλο-

243 5171 480 5237 χρίστοις
530 5170 840 5242 βασιλεῦσιν
882 5169 1074 5239 ήμῶν·
1127 5170 1246 5222 οὐδὲ
1274 5174 1345 5222 τὰ
1399 5171 1533 5238 πρὸς
1581 5171 1732 5240 ἡμᾶς
1761 5170 1817 5222 δὲ

244 5263 391 5329 παρὰ
423 5263 594 5316 ταῦτα
624 5263 721 5332 (ὥς
756 5278 819 5329 γε
856 5261 1050 5323 αὐτοὺς
1079 5261 1288 5330 ἤγομεν
1318 5263 1398 5324 εἰς
1432 5260 1648 5327 πειθὼ),
1683 5260 1819 5313 ἀλλὰ

243 5353 332 5403 τὸν
359 5354 541 5423 ὅμοιον
568 5357 776 5425 τρόπον
804 5352 1148 5422 διακείμενον
1167 5369 1180 5381 ’
1216 5352 1350 5405 ἀλλὰ
1368 5353 1487 5406 τότε
1516 5353 1614 5421 μὲν
1645 5351 1818 5414 οὕτως

246 5446 462 5515 εἴχομέν
513 5466 572 5501 τε
631 5448 727 5498 καὶ
783 5446 1168 5515 πεπείσμεθα,
1217 5447 1414 5515 ἔχομεν
1460 5445 1515 5497 δὲ
1557 5445 1818 5506 ὡσαύτως

247 5540 334 5589 καὶ
369 5541 482 5594 νῦν.
517 5540 641 5604 Πῶς
674 5541 766 5593 οὖν
811 5540 938 5609 ἡδύς
976 5541 1092 5608 εἰμι
1123 5541 1234 5601 τοῖς
1267 5541 1378 5600 σοῖς
1411 5539 1817 5604 συκοφάνταις;

248 5629 586 5702 Αἰσχύνομαι
619 5633 728 5702 γὰρ
765 5633 964 5695 εἰπεῖν,
1007 5631 1125 5694 πῶς
1161 5627 1322 5699 ἦλθον
1355 5630 1448 5681 ἐπὶ
1498 5629 1596 5690 σὰς
1641 5627 1820 5680 διαϐο-

250 5720 374 5784 λάς·
431 5726 550 5778 οὐδὲ
599 5726 709 5795 γὰρ
768 5726 828 5777 τὸ
889 5724 1144 5778 ἀπολύειν
1207 5722 1444 5794 ἐμαυτὸν
1497 5721 1820 5791 ὑπολήψεως

251 5815 522 5887 τοιαύτης,
563 5818 787 5871 ἄνεκτον
827 5817 948 5886 ἐμοί
977 5834 988 5846 ·
1020 5815 1134 5870 ἀλλ’
1183 5816 1385 5878 ἐκεῖνος
1430 5812 1643 5884 ἐχθρὸς,
1678 5813 1818 5864 ἐκεῖ·

1991 4621 2031 4672 Τ
2038 4622 2116 4674 ria
2146 4623 2272 4676 odio
2297 4621 2550 4691 prosequi
2589 4631 2797 4676 certum
2825 4631 2928 4685 est,
2961 4629 3016 4675 et
3049 4621 3186 4676 alios
3212 4622 3403 4676 hortor
3439 4635 3498 4678 ιιι

1916 4713 2166 4768 similiter
2223 4729 2386 4768 exosa
2421 4713 2676 4779 habeant,
2710 4713 3074 4774 mendacium.
3122 4713 3294 4776 dolos,
3330 4714 3499 4768 inter-

1919 4807 2054 4860 itum
2109 4807 2329 4861 amoris.
2383 4807 2440 4860 Si
2487 4807 2614 4876 quid
2675 4807 2831 4861 aliter
2871 4805 3068 4861 cﬂ'erre
3119 4808 3496 4874 proposuerim

1917 4914 2078 4968 quam
2103 4899 2376 4968 quomodo
2400 4909 2612 4968 gestum
2645 4905 2748 4963 est,
2780 4907 2836 4951 et
2868 4897 3009 4965 apud
3039 4897 3278 4951 animum
3315 4912 3496 4950 meum

1917 4991 2219 5059 cognitum,
2261 4990 2434 5044 tribus
2482 4991 2600 5043 istis
2643 5005 2741 5059 ego
2791 4988 3073 5056 culpabilis
3093 4988 3237 5041 tiam.
3287 4989 3397 5060 Ego
3448 5000 3501 5044 te

1919 5081 2053 5134 mihi
2085 5081 2318 5134 amicum
2367 5080 2674 5144 conciliari,
2711 5081 2802 5133 Dei
2867 5077 3100 5132 amicum
3147 5079 3500 5133 exsistentem

1919 5172 2016 5239 (in
2079 5181 2343 5241 quantum
2392 5171 2478 5239 pia
2538 5170 2865 5240 cogitatione
2907 5170 3120 5236 assequi
3163 5169 3498 5238 potuerim),

1918 5263 2152 5317 anticum
2199 5271 2381 5316 autem
2425 5262 2660 5320 ﬁdelem,
2711 5261 2926 5331 regibus
2966 5260 3171 5314 nostris
3200 5276 3230 5314 a
3280 5259 3501 5314 Christo

1919 5352 2168 5407 dilectis:
2206 5368 2305 5405 nec
2341 5361 2392 5406 te
2422 5353 2759 5420 reputabam,
2787 5351 2928 5419 quod
2977 5367 3293 5420 persuasum
3331 5351 3500 5404 habe-

1920 5443 2069 5508 bam,
2106 5443 2263 5496 aliter
2308 5442 2360 5494 in
2393 5457 2494 5495 nos
2541 5440 2702 5494 etiam
2751 5441 3082 5501 animatum;
3115 5425 3263 5492 bene
3313 5453 3500 5491 verum

1924 5545 2052 5589 tunc
2079 5535 2298 5603 quidem
2351 5536 2423 5586 ita
2455 5533 2593 5586 forte
2636 5547 2955 5600 persuasum
2989 5529 3275 5588 habebam,
3311 5528 3420 5580 imo
3447 5538 3502 5582 et

1920 5627 2217 5680 etiamnum
2256 5623 2446 5677 eodem
2495 5624 2656 5676 modo
2686 5621 2864 5675 aﬂccti
2897 5636 3105 5674 sumus.
3137 5619 3314 5684 Quare
3343 5620 3502 5690 igitur

1921 5726 2108 5786 gratus
2174 5731 2294 5767 sum
2330 5723 2384 5766 et
2435 5721 2691 5781 acceptus
2748 5712 2854 5764 tuis
2906 5708 3296 5779 symphantis?
3338 5710 3504 5774 pudet

1921 5810 2068 5864 enim
2130 5808 2312 5862 dicere
2351 5822 2438 5859 me
2493 5806 2559 5859 ad
2601 5812 2652 5858 te
2707 5801 3071 5857 accusandum
3129 5799 3499 5865 descendisse_
