4024 6444
489 371 594 438 931
1625 357 1888 421 ΡΗΟΤΙῙ
1918 353 2145 417 ΡΑΤΉῙ

2242 346 2424 412 lCHIE
2466 347 2575 408 ΕΡ.
3646 325 3752 390 932

486 499 591 540 nec
621 479 755 536 mihi
800 485 952 534 certe
998 474 1340 531 tolerandum
1380 469 1597 526 videtur
1648 469 1716 524 ab
1765 463 2078 534 hujusmodi
2106 460 2145 522 Α

2242 478 2275 523 ις
2307 455 2674 525 συκοφάντης,
2701 448 2909 510 ἐκεῖνος
2937 445 3118 502 πάντα
3148 441 3338 508 κακὸς,
3361 442 3390 495 ό
3421 439 3752 512 τηλικαύτην

489 574 811 646 suspicione
841 585 928 625 me
955 567 1216 638 expedire
1244 585 1259 620 :
1289 579 1478 619 verum
1511 563 1601 617 ille
1652 561 1850 622 hostis,
1883 557 1970 611 ille
1999 571 2078 625 sy-

2242 547 2397 610 Lc'tcag
2422 541 2720 612 συσκευὴν,
2755 539 2850 594 καί
2879 554 2939 590 σε
2970 536 3141 608 φίλων
3162 535 3258 589 καὶ
3285 531 3395 587 τῶν
3414 533 3497 585 ὅτι
3526 531 3756 602 μάλιστα

2331 639 2352 646 λ
2373 638 2384 646 ι
2535 636 2558 646 .-
2902 633 2924 646 cn
3012 645 3015 646 ,
3076 629 3090 646 \
3129 627 3154 646 ι
3173 644 3198 646 ν-
3217 627 3273 646 ΩΑ
3311 625 3388 646 -²-
3421 623 3508 646 -ι-.
3534 621 3756 646 ι---..--..

493 621 771 738 coprhanta
810 663 1103 733 omnigena
1133 658 1339 714 malitia
1373 656 1615 726 repletus
1640 661 1744 716 est,
1772 652 1864 722 qui
1891 649 2076 713 talem,

2242 638 2496 700 ιουδάσας
2533 636 2741 707 ἔρημον
2780 633 2975 696 ποιεῖν,
3004 629 3100 682 καὶ
3127 627 3274 698 ήμᾶς
3307 625 3388 688 είς
3417 623 3509 678 τὸν
3533 621 3757 692 ἔσχατον

497 716 754 738 νην----ην
818 716 860 718 η
906 716 938 718 _,
967 716 995 733 υ
1437 716 1453 726 _
1790 716 1804 722 _

496 769 702 816 tantam
738 754 1202 810 machinationem
1236 751 1516 811 instruxit,
1541 756 1603 800 ut
1633 754 1684 800 te
1710 746 1927 815 penitus
1953 758 2082 812 spo-

2242 733 2290 786 ὃν
2360 728 2694 801 κακουργῶν
2772 725 2958 798 χώραν
3004 723 3222 777 τάττειν
3273 717 3500 788 οἰηθεὶς,
3571 716 3760 786 ἄρχειν

497 853 687 906 liatum
715 849 904 903 amicis
943 847 1217 908 redderet,
1246 853 1303 898 ct
1340 858 1441 896 nos
1468 850 1580 895 tum
1614 838 1776 892 etiam
1830 837 1884 890 in
1912 836 2084 889 male-

2242 827 2408 889 ῑίκων,
2447 824 2509 877 οὐ
2532 817 2753 893 χειρῶν,
2789 819 2925 873 ἀλλά
2974 815 3202 887 γνώμης
3232 811 3280 884 (ὃ
3314 810 3576 865 πλειόνων
3616 807 3764 862 αίτία

500 946 727 999 ίίοοτυηι
752 951 996 995 extrema
1024 937 1246 1009 regione
1275 936 1456 990 locare
1483 931 1803 994 destinarat,
1825 928 2085 997 nimirum

2242 919 2394 982 ικῶν,
2424 916 2458 988 ἢ
2485 916 2673 986 χερσὶν
2708 911 3001 983 ὑϐρίζειν),
3035 911 3191 981 μῖσος
3211 906 3269 960 δὲ
3297 904 3404 976 πρὸ
3424 901 3524 970 τῆς
3545 900 3767 970 ἀγάπης

2187 1011 2376 1081 τιμᾷν,
2445 1009 2538 1061 καὶ
2582 1007 2674 1060 τὸν
2727 1004 2877 1058 δόλον
2941 1001 3086 1072 ἔχειν
3138 1001 3219 1062 εἰς
3267 995 3590 1065 ἀποφυγήνο
3651 993 3770 1063 ἅμα

2190 1104 2371 1154 πάντα
2405 1099 2588 1169 φέρων
2623 1097 2746 1150 καθ’
2800 1093 2958 1165 ἡμῶν
3009 1090 3313 1163 (συντρέχει
3342 1087 3452 1158 γάρ
3485 1083 3658 1139 ταῦτα
3689 1083 3772 1144 είς

2193 1192 2330 1246 αὐτὸ
2355 1191 2434 1260 τῷ
2465 1189 2637 1244 κακόν
2667 1205 2721 1240 τι
2755 1190 2872 1250 τοῖς
2899 1173 3076 1254 φίλοις
3103 1181 3306 1234 ἐθέλειν
3335 1180 3530 1240 ποιεῖν,
3562 1176 3599 1230 ὃ.
3623 1175 3774 1244 λέγει

2195 1283 2448 1356 ἐκεῖνος),
2503 1279 2598 1336 καί
2643 1297 2727 1334 τοι
2783 1279 3001 1347 γέλωτα
3058 1273 3421 1343 ὀφλισκάνων,
3475 1271 3588 1332 τοῖς
3626 1268 3775 1339 ἡμᾶς

505 1045 567 1091 ιιι
600 1035 931 1102 principium
991 1048 1103 1086 non
1146 1030 1416 1084 violenter
1473 1041 1735 1081 manuum
1792 1023 2085 1088 illatarum,

505 1126 601 1182 sed
637 1125 870 1196 improbi
903 1124 1090 1189 animi,
1115 1140 1145 1177 a
1175 1121 1332 1176 nobis
1366 1117 1720 1190 procederct(
1749 1115 1892 1169 unde
1918 1113 2090 1168 multo

484 1212 777 1287 'majorum
821 1217 1090 1271 malorum
1139 1215 1295 1285 origo
1328 1227 1492 1283 quam
1545 1226 1575 1265 a
1615 1207 1869 1264 manibus
1897 1220 2092 1276 proce-

511 1310 649 1363 dunt
702 1307 1001 1376 violentis),
1027 1314 1086 1360 ut
1166 1319 1268 1375 pro
1334 1300 1634 1357 dilectione
1682 1298 1866 1352 odium
1911 1297 2094 1366 potius

512 1409 972 1470 exspectaremus,
997 1408 1050 1452 et
1072 1396 1228 1450 dolos
1265 1394 1533 1465 refugium
1562 1391 1723 1446 nobis
1753 1389 1809 1444 in
1841 1389 2097 1444 omnibus

2242 1379 2382 1442 566:,
2401 1379 2496 1430 καὶ
2520 1376 2614 1429 τὸν
2631 1373 2901 1446 ἡμέτερον
2925 1369 3150 1440 τρόπον,
3195 1368 3349 1437 ὅμως
3374 1365 3477 1418 οὐκ
3504 1361 3777 1432 ένάρκησε

516 1503 905 1548 statueremus.
935 1490 1130 1545 Omnia
1160 1489 1216 1542 in
1263 1503 1362 1541 nos
1395 1502 1494 1556 per
1523 1485 1627 1538 hoc
1654 1483 1831 1554 ipsum
1863 1481 2097 1552 ingerit;

2242 1472 2422 1542 αλμᾷν.
2469 1469 2640 1540 Δήλου
2677 1467 2868 1520 τοῦτον
2917 1465 3068 1527 ὅστις
3111 1462 3178 1516 ἂν
3308 1469 3333 1500 ι’
3356 1475 3372 1491 ο
3405 1456 3782 1526 ἀπαλλαγείης

516 1583 838 1640 coincidunt
865 1581 1069 1636 etenim
1098 1580 1152 1633 in
1195 1593 1254 1633 se
1281 1578 1404 1643 ista,
1434 1592 1561 1631 cum
1600 1575 1802 1629 malum
1833 1588 1936 1628 nos
1971 1571 2103 1626 ami-

2244 1566 2311 1632 ὰρ
2335 1563 2404 1616 ἂν
2439 1560 2584 1615 οὕτω
2608 1559 2800 1631 θηρίου
2831 1556 3028 1622 κακοῦ,
3073 1555 3170 1610 καὶ
3206 1555 3267 1608 σὲ
3304 1552 3554 1615 καὶτοὺς
3593 1550 3784 1620 φίλους

516 1675 598 1730 cis
633 1673 935 1728 machinari
983 1671 1192 1734 statuit,
1236 1677 1293 1723 et
1342 1677 1523 1722 tamen
1572 1667 1689 1721 haec
1729 1666 1849 1735 ipsa
1886 1664 2104 1719 effutire

2242 1655 2378 1726 άθρα
2415 1652 2817 1723 λυμαινομένου
2847 1652 2944 1704 καὶ
2994 1648 3308 1712 δάκνοντος,
3349 1645 3445 1700 καὶ
3502 1645 3562 1697 ὲν
3612 1658 3788 1712 προσ-

521 1783 634 1822 ιιοη
665 1765 880 1819 horruit
919 1762 1066 1832 apud
1103 1776 1201 1816 eos
1249 1761 1448 1830 quibus
1474 1757 1682 1829 optime
1716 1756 1890 1812 nostri
1922 1770 2103 1811 mores
2135 1824 2145 1832 _

2242 1749 2426 1818 τοιήσει
2463 1747 2678 1808 εὐνοίας
2733 1743 2938 1815 πολλὴν
2995 1741 3348 1803 ἐκκενοῦντας
3378 1749 3399 1777 ⁸
3433 1739 3533 1807 τὴν
3581 1735 3790 1803 δυσμέ-

523 1858 639 1911 noti
665 1864 843 1920 erant,
879 1824 1157 1922 utcunque
1211 1824 1286 1906 de
1331 1824 1565 1904 ridiculo
1616 1846 1938 1902 habebatur.
1967 1824 2145 1911 Quisl

2242 1857 2383 1892 ειαν.
2426 1839 2488 1891 Εί
2527 1837 2586 1890 δὲ
2639 1835 2872 1907 κρύψεις
2921 1833 3142 1899 τοῦτον,
3181 1831 3343 1902 ἡμεῖς
3387 1828 3506 1899 μὲν,
3563 1825 3640 1889 ὥς
3699 1825 3792 1878 ἐπὶ

523 1914 967 2013 dcmumcunque
1027 1914 1211 2004 fuerit,
1266 1937 1620 1992 manifestum
1673 1934 1822 1988 illum
1897 1931 2100 1986 facito:

2242 1929 2439 1998 Luplou,
2500 1925 2970 1997 άπολελογήμεθα,
3032 1923 3128 1977 καὶ
3175 1922 3331 1992 φίλον
3382 1937 3444 1972 σε
3507 1919 3604 1972 καὶ
3651 1914 3792 1970 Θεοῦ

525 2039 609 2092 sic
638 2046 786 2091 certe
823 2044 874 2088 te
898 2050 928 2087 ιι
978 2033 1116 2087 mala
1154 2030 1333 2086 bestia
1376 2026 1717 2099 expediveris
1745 2039 1866 2095 quae
1894 2025 2105 2079 clancu-

2242 2020 2390 2090 ιμῶν,
2431 2021 2528 2073 καὶ
2579 2019 2690 2072 τῶν
2744 2017 3156 2071 εὐσεϐεστάτων
3203 2012 3471 2085 βασιλέων
3523 2008 3698 2064 πάλαι
3735 2017 3793 2061 τε

529 2131 641 2183 lum
675 2143 798 2182 cum
853 2126 1085 2193 teipsum
1123 2132 1238 2177 tum
1292 2121 1459 2176 etiam
1509 2119 1716 2174 amicos
1763 2115 2106 2186 depraedatur

2242 2113 2308 2165 :al
2337 2111 2456 2176 νῦν,
2508 2111 2605 2165 καὶ
2652 2109 3003 2180 πιστεύομεν,
3083 2108 3179 2162 καὶ
3226 2107 3599 2178 κηρύσσομεν.
3645 2101 3714 2158 ⁸0
3743 2101 3796 2156 δὲ

527 2229 588 2274 et
617 2217 920 2280 admordet,
966 2225 1023 2270 et
1051 2215 1153 2269 sub
1191 2221 1457 2285 praetextu
1485 2208 1881 2266 benevolentia:
1931 2208 2118 2264 multi-

2242 2205 2392 2269 ιακὸς
2423 2207 2631 2269 ἐκεῖνος
2664 2204 2824 2276 ἀνὴρ,
2872 2201 2933 2257 εὖ
2965 2205 3096 2266 ίσθι,
3123 2203 3200 2267 ὡς
3249 2203 3348 2256 οὐκ
3374 2201 3645 2270 ἀπορήσει
3698 2214 3795 2252 κα-

534 2311 700 2380 plices
729 2308 1030 2364 instimulat
1079 2305 1412 2360 inimicitias.
1463 2302 1560 2357 Sin
1601 2301 1904 2356 abscondes
1941 2299 2116 2366 illum,

2242 2299 2364 2362 ιίας,
2389 2297 2457 2351 δι’
2488 2291 2564 2350 ὧν
2596 2298 2667 2351 τὰ
2706 2297 2774 2350 σά
2803 2296 2974 2367 χείρω
3021 2294 3290 2364 διαθήσει.
3339 2290 3482 2361 Ἐγὼ
3524 2291 3582 2344 δέ
3609 2307 3699 2343 σοι
3723 2289 3796 2343 ἔτι

532 2417 634 2473 ego
661 2411 918 2469 tanquam
954 2401 1007 2452 in
1043 2405 1343 2467 conspectu
1382 2395 1502 2460 Dei,
1526 2394 1831 2465 apologiam
1859 2392 2005 2457 dedi,
2030 2408 2120 2447 me

2242 2388 2701 2460 πυμϐουλεύσαιμι
2734 2386 2800 2442 ἂν
2827 2388 2904 2458 μὴ
2929 2387 3197 2459 κρύπτειν
3222 2385 3314 2438 τὸν
3350 2383 3529 2438 κοινὸν
3561 2381 3760 2454 ἐχθρόν
3781 2395 3794 2413 ⁴

530 2493 761 2549 credere
807 2491 1026 2560 quidem
1082 2497 1137 2544 et
1184 2486 1429 2558 proﬁteri
1475 2485 1711 2540 amicum
1757 2493 1812 2538 te
1871 2492 2123 2538 nostrum

2242 2483 2314 2536 ml.
2349 2482 2398 2535 εί
2432 2483 2531 2552 μὲν
2565 2482 2835 2544 ἀπιστεῖς,
2855 2473 2931 2534 ὧν
2951 2479 3188 2550 ἔγραψα,
3223 2474 3282 2532 εὖ
3305 2473 3400 2531 οἷδ’
3426 2479 3508 2530 ὅτι
3537 2475 3798 2547 κρύψεις·

535 2587 670 2650 Deo,
698 2596 751 2639 et
781 2582 1042 2654 piissimis
1079 2578 1505 2650 imperatoribus
1552 2577 1836 2637 devotum,
1873 2589 1982 2628 non
2011 2573 2120 2627 mi-

2242 2575 2384 2645 ρίλον
2409 2574 2517 2646 γὰρ
2546 2574 2790 2645 νομίσεις
2815 2590 2829 2605 ·
2857 2573 2958 2644 ἐμὲ
2985 2573 3042 2626 δὲ
3070 2571 3260 2642 μακρὰ
3287 2572 3474 2642 ληρεῖν
3499 2572 3596 2624 καὶ
3633 2568 3803 2638 φλυαο

535 2693 643 2732 nus
686 2677 742 2730 in
783 2673 1041 2746 praesenti
1073 2687 1235 2742 quam
1287 2670 1356 2725 ab
1393 2669 1545 2724 olim.
1599 2667 1886 2738 Improbus
1937 2674 2120 2720 autem

2242 2670 2346 2733 ρεῖν
2393 2667 2593 2739 μάτην.
2642 2667 2706 2719 Et
2742 2667 2799 2720 δὲ
2842 2666 3255 2738 θριαμϐεύσεις,
3288 2665 3614 2726 ἐπίστευσας
3673 2663 3808 2733 ὅπερ

538 2771 629 2825 ille
657 2770 822 2825 homo
851 2767 999 2822 haud
1025 2765 1283 2836 quadam,
1331 2763 1465 2816 mihi
1496 2762 1680 2826 crede,
1713 2760 1919 2814 malitia
1951 2758 2120 2813 destio

2242 2759 2464 2830 εῦχομαί
2496 2776 2579 2823 τε,
2610 2759 2707 2812 καὶ¹
2734 2761 2940 2830 ἀμφοῖν
2973 2758 3340 2829 λυσιτελήσει.
3667 2794 3670 2795 ν

540 2870 745 2928 tuetur,
778 2877 885 2931 qua
947 2875 1038 2913 res
1085 2867 1208 2912 tuas
1251 2855 1493 2924 pessimo
1535 2855 1655 2907 loco
1707 2859 1928 2907 statuat.
1991 2851 2348 2907 Consulerem
2398 2867 2498 2922 ego
2573 2851 2671 2906 tibi
2720 2861 2890 2918 certe,
2953 2867 3025 2906 ne
3071 2854 3208 2907 velis
3266 2863 3614 2907 communem
3664 2847 3810 2900 illum

543 2959 754 3010 hostem
787 2954 1084 3009 occultare.
1129 2951 1292 3005 Certe
1335 2957 1518 3002 autem
1571 2947 1616 3001 si
1643 2946 1854 3002 dillidas
1922 2946 1989 3000 iis
2043 2961 2165 3016 quae
2209 2947 2354 3002 dicta
2386 2956 2516 3001 sunt
2577 2962 2676 3017 per
2718 2962 2828 3014 me,
2886 2947 3002 3002 scio
3034 2956 3086 3002 te
3112 2947 3265 3001 illum
3294 2945 3728 3010 occultaturum,
3763 2949 3813 2997 et

546 3047 603 3102 in
635 3048 794 3103 amici
825 3062 992 3101 censu
1024 3044 1378 3108 habiturum;
1419 3055 1613 3111 passus
1652 3039 1871 3094 interim
1902 3055 1990 3094 me
2041 3039 2230 3111 longas
2263 3042 2500 3112 ineptias
2559 3057 2723 3114 agere
2753 3051 2811 3097 et
2833 3043 3085 3112 desipere
3123 3042 3323 3097 frustra
3363 3057 3378 3094 :
3420 3041 3505 3096 sin
3533 3040 3814 3110 propalam

549 3143 771 3208 feceris,
801 3139 1080 3196 credidisti
1118 3135 1291 3200 mihi;
1321 3134 1465 3204 quod
1496 3133 1554 3187 in
1577 3133 1736 3189 vobis
1774 3142 1878 3199 est,
1915 3132 2137 3205 utrique
2173 3143 2325 3190 certe
2363 3144 2617 3190 nostrum
2650 3136 3075 3191 conducturum.

1187 3250 1405 3306 EPIST.
1438 3249 1554 3305 VII.

2841 3247 3070 3303 ΕΠΙΣΤ.
3115 3245 3189 3302 Ζ’.

948 3343 1286 3401 Ραηιοίεοηιί
1324 3342 1771 3415 protospathario.

2541 3343 2945 3398 Πανταλέοντι
2979 3337 3509 3411 πρωτοσπαθαρίῳ.

1803 3455 2072 3506 Montacut.
2111 3452 2215 3516 (ep.
2247 3454 2330 3516 22,
2363 3469 2414 3518 p.
2448 3457 2550 3517 83).

622 3566 730 3635 Qui
760 3563 940 3637 vet-gis
984 3562 1053 3618 ad
1077 3575 1337 3617 occasum
1376 3561 1505 3616 vita:
1541 3571 1670 3626 tuae,
1703 3557 1961 3629 propellis
2007 3564 2061 3610 te
2088 3555 2145 3609 in
2171 3558 2216 3615 ο

553 3661 773 3716 illorum
824 3651 1125 3711 insolentes
1167 3653 1428 3708 audacias
1454 3653 1653 3722 quibus
1695 3651 1916 3722 sanguis
1965 3647 2141 3704 bullit.

554 3753 698 3822 Quin
741 3749 887 3820 quod
915 3748 1100 3804 verius
1143 3755 1232 3802 est
1263 3755 1324 3801 ut
1365 3745 1660 3816 proferam,
1694 3744 1970 3799 latronum
2008 3741 2147 3797 faci-

558 3858 693 3899 nora
745 3851 808 3896 ut
853 3841 1059 3895 leviora
1114 3839 1420 3894 habeantur
1473 3846 1722 3912 praestas.
1765 3835 1934 3893 Totos
1999 3834 2147 3889 enim

560 3935 697 3999 dies,
726 3940 917 3988 noctes
947 3930 1209 4000 integras,
1242 3928 1295 3982 in
1327 3927 1604 3982 caedendis
1624 3925 1941 3981 hominibus
1967 3933 2148 3979 trans-

2331 3557 2455 3610 Ἐπὶ
2481 3557 2601 3628 βίου
2640 3557 2852 3628 δυσμὰς
2895 3557 3068 3629 ἥκων,
3101 3558 3183 3620 είς
3215 3555 3285 3611 τά
3321 3555 3433 3609 τῶν
3463 3555 3822 3628 σφριγῶντων

2247 3645 2493 3711 ἐλαύνεις
2526 3646 2897 3718 νεανιεύματα
2911 3663 2924 3678 ’
2949 3646 3152 3718 μᾶλλον
3170 3647 3229 3700 δὲ
3246 3645 3612 3718 ἀληθέστερον
3631 3647 3820 3712 εἰπεῖν,

2247 3734 2413 3811 ἦττον
2441 3739 2652 3812 φοϐερὰ
2690 3740 2761 3795 τὰ
2790 3741 2900 3795 τῶν
2929 3740 3143 3815 λῃστῶν
3172 3739 3439 3803 δεικνύεις
3468 3738 3819 3810 τολμήματα⁶

2247 3829 2375 3890 ὅλας
2409 3828 2615 3893 νύκτας
2652 3829 2748 3883 καὶ
2774 3829 2904 3893 ὅλας
2937 3829 3157 3900 ἡμέρας
3185 3827 3444 3882 δαπανῶν
3471 3827 3556 3890 είς
3582 3827 3686 3891 τὰς
3725 3826 3824 3880 τῶν

2248 3920 2558 3994 ἀνθρώπων
2591 3923 2900 3992 μάστιγας⁶
2951 3920 3047 3976 καὶ
3085 3918 3283 3991 μικροῦ
3331 3918 3470 3990 μηδὲ
3498 3916 3700 3984 λιπὼν,
3737 3915 3820 3980 οὓς

560 4024 772 4091 mittis;
801 4037 905 4078 nec
927 4021 1011 4076 vel
1038 4021 1312 4076 tantillum
1346 4017 1613 4088 temporis
1645 4016 1852 4073 omittis
1896 4015 2146 4086 improbe

560 4114 780 4186 gloriari
828 4113 896 4168 de
944 4112 1158 4166 illorum
1205 4109 1385 4181 poenis
1423 4124 1561 4179 quos
1606 4107 1914 4179 puniendos
1969 4115 2144 4162 tenes.

565 4211 811 4266 Phalaris
828 4208 966 4264 forte
980 4206 1198 4277 aliquis,
1218 4215 1314 4261 aut
1334 4204 1642 4276 Dionysius,
1661 4213 1756 4258 aut
1768 4205 1811 4257 si
1825 4203 1916 4273 qui
1935 4202 2004 4258 ob
2019 4217 2148 4258 cru-

565 4303 845 4358 delitatem
888 4300 1182 4355 barbaram
1237 4297 1510 4352 celebrius
1557 4310 1757 4350 nomen
1806 4295 2030 4360 habent,
2090 4293 2149 4347 in

565 4402 848 4450 certamen
885 4391 1108 4461 prodire
1152 4389 1492 4444 ambitiosius
1523 4395 1724 4442 tentas.
1765 4385 1877 4441 Nec
1915 4385 2012 4441 tibi
2043 4385 2152 4440 vita

567 4483 747 4538 v-italis
805 4482 1056 4546 habetur,
1112 4480 1158 4535 si
1195 4491 1246 4535 te
1295 4479 1561 4548 aequalem
1606 4477 1712 4532 illis
1740 4485 1988 4548 praestes,
2045 4475 2153 4530 nisi

570 4576 757 4631 multis
786 4573 1018 4629 excedas
1062 4572 1403 4644 parasangis.
1445 4573 1547 4626 Ast
1580 4578 1733 4626 certe
1772 4585 1895 4626 cum
1924 4570 2060 4625 viris
2097 4569 2154 4623 in

568 4677 848 4737 certamen
885 4665 1171 4721 descendit
1200 4679 1357 4735 puer.
1410 4662 1545 4718 Nam
1579 4664 1698 4718 sine
1741 4663 1848 4717 illis
1886 4677 2008 4732 qua:
2039 4676 2157 4715 ma-

569 4758 765 4830 gniﬁce
813 4757 1056 4826 alioquin
1105 4757 1436 4828 gerebantur
1479 4755 1546 4808 al-
1594 4753 1701 4809 illis
1743 4753 2010 4825 tyrannis,
2058 4749 2157 4806 tibi

572 4848 816 4920 tyrannis
851 4848 998 4901 haud
1044 4847 1281 4910 videtur,
1331 4846 1458 4900 licet
1499 4845 1646 4898 omni
1681 4859 1850 4914 opere
1881 4842 1938 4896 in
1993 4842 2046 4897 id
2077 4843 2159 4895 in-

2249 4013 2332 4067 ετι
2358 4013 2605 4079 κολάζων
2633 4013 2800 4084 ἔχεις,
2825 4011 2996 4077 κακὸς
3021 4009 3160 4066 εἶναι
3187 4009 3572 4083 σεμνύνεσθαι.
3597 4004 3821 4077 Φάλαρις

2253 4104 2386 4169 ἴσως
2422 4122 2527 4168 σοι,
2557 4105 2654 4158 καὶ
2681 4103 2983 4170 Διονύσιος,
3015 4104 3110 4158 καὶ
3139 4097 3220 4167 οἷς
3249 4101 3344 4156 ἐπὶ
3371 4101 3622 4172 ὠμότητι
3655 4097 3818 4170 μεῖζον

2251 4197 2447 4268 ϐνομα,
2481 4198 2560 4261 είς
2594 4196 2785 4265 ἀγῶνα
2836 4195 3163 4268 προκεῖσθαι
3213 4193 3652 4264 πεφιλοτίμησαι
3679 4208 3694 4226 ·
3732 4187 3812 4243 καὶ

2251 4291 2350 4360 οὐχ
2379 4290 2463 4343 ὅτι
2495 4287 2712 4352 τούτοις
2764 4287 2992 4343 σεαυτὸν
3021 4285 3329 4358 ἐνάμιλλον,
3365 4284 3481 4338 ἀλλ’
3513 4284 3565 4336 εί
3605 4282 3675 4354 μὴ
3716 4295 3808 4350 μα·

2255 4378 2374 4451 κρῷ
2431 4379 2817 4448 παραδράμοις
2855 4377 3102 4440 τούτους,
3138 4375 3230 4430 τὸν
3300 4375 3415 4445 βίον
3469 4391 3553 4427 σοι
3609 4370 3817 4428 ἀϐίωτον

2254 4471 2520 4542 νομίζεις.
2588 4471 2752 4525 Ἀλλὰ
2817 4471 2947 4535 παῖς
3004 4469 3143 4540 πρὸς
3197 4467 3369 4539 ἀνδρα
3395 4468 3414 4503 ί
3467 4462 3822 4534 ἀγωνίζεται·

2257 4564 2432 4633 χωρὶς
2461 4561 2572 4632 γὰρ
2620 4560 2754 4628 τῶν,
2805 4561 2951 4631 ἅπερ
2973 4559 3204 4622 ἐκείνοις
3237 4558 3414 4621 ἄλλως
3447 4572 3508 4610 τε
3533 4555 3635 4608 καὶ
3670 4567 3830 4624 μεγα-

2257 4651 2418 4714 λείως
2449 4651 2882 4724 διαπέπρακται,
2923 4649 3033 4704 ούδ’
3073 4651 3106 4719 ή
3135 4649 3414 4720 τυραννὶς,
3461 4645 3543 4700 σοὶ
3563 4643 3834 4717 τυραννὶς.

2260 4745 2365 4798 κᾶν
2393 4743 2516 4799 λίαν
2551 4743 2805 4815 ὲκϐιάζῃ,
2825 4743 2922 4796 καί
2940 4742 3037 4796 τοῦ
3064 4741 3258 4795 παθεῖν
3277 4741 3306 4792 ό
3329 4738 3540 4810 χρόνος,
3567 4731 3648 4791 ὧν
3673 4733 3842 4807 πράτ-

2261 4853 2402 4900 τεις,
2433 4835 2502 4889 τὰ
2533 4836 2698 4907 ὅμοια
2728 4836 2788 4888 οὐ
2824 4835 3043 4905 μακράν
3066 4849 3082 4864 ⁸
3132 4830 3258 4886 οὔτε
3287 4831 3396 4902 γὰρ
3426 4834 3474 4884 οί
3502 4831 3686 4900 νόμοι,
3727 4823 3846 4878 καθ’

572 4940 734 4993 nixus
781 4937 976 5003 fueris,
1028 4946 1084 4991 et
1128 4947 1343 5006 tempus
1396 4935 1593 4991 similia
1643 4932 1995 5006 perpetrandi
2043 4948 2145 4986 non

2264 4927 2360 4992 οὓς
2390 4929 2444 4981 αἱ
2475 4906 2744 4981 πολιτεῖαι
2797 4926 2956 4991 ζῶσι,
3011 4925 3332 4996 τεθνήκασι,
3374 4925 3470 4976 καὶ
3505 4922 3534 4973 ὁ
3566 4921 3668 4990 τῆς
3694 4918 3848 4987 δίκης

573 5027 735 5099 longe
764 5029 928 5083 absit.
987 5027 1157 5100 Leges
1202 5030 1470 5097 profecto,
1511 5042 1742 5096 quarum
1786 5024 2053 5080 beneﬁcio
2077 5024 2158 5078 vi-

574 5128 713 5174 vunt
761 5119 1103 5189 respublicac,
1148 5119 1293 5173 haud
1334 5117 1514 5172 adhuc
1558 5125 1821 5172 emortua:
1864 5125 2017 5178 sunt,
2061 5130 2161 5171 nec

575 5209 786 5263 diutius
816 5209 1069 5263 tolerabit
1095 5209 1212 5263 hiec
1231 5207 1457 5278 justitiae
1483 5208 1698 5262 oculus.
1731 5206 1866 5262 Cum
1893 5206 2042 5260 enim
2067 5205 2161 5274 qui

577 5315 676 5370 per
701 5309 916 5353 montes
945 5299 1340 5353 latrocinantur
1367 5297 1540 5358 fures,
1573 5313 1672 5367 pro
1699 5296 1909 5350 meritis
1940 5294 2163 5367 dignum

581 5392 905 5462 supplicium
943 5390 1232 5456 sufferant,
1268 5393 1412 5448 haud
1446 5409 1660 5462 acquum
1695 5401 1798 5456 est,
1839 5401 1898 5445 ut
1929 5392 2022 5461 qui
2064 5406 2162 5460 per

577 5500 718 5552 ram,
747 5499 873 5540 cum
901 5483 1202 5554 improbius
1224 5483 1574 5554 deliquerint,
1607 5483 1953 5554 tranquillius
1979 5491 2161 5552 agant.

2265 5022 2368 5074 οὐκ
2395 5020 2625 5084 ἀνέξοιτ*
2649 5021 2718 5074 ἂν
2747 5019 2830 5072 ἔτι
2853 5017 3154 5088 ὀφθαλμὸς,
3182 5017 3324 5070 ὥστε
3343 5016 3453 5069 τῶν
3473 5015 3532 5068 ὲν
3565 5015 3683 5076 τοῖς
3702 5010 3852 5080 δρεσι

2267 5111 2505 5183 λῃστῶν,
2541 5114 2639 5180 τὴν
2688 5109 2845 5174 ἀξίαν
2895 5107 3147 5162 διδόντων
3191 5105 3565 5176 ποινηλασίαν,
3615 5102 3748 5164 τοὺς
3799 5101 3852 5152 ὲν

2268 5204 2392 5266 ταῖς
2423 5201 2644 5254 πόλεσιν
2686 5198 3068 5270 ἀναιδέστερον
3099 5196 3542 5268 μιαιφονοῦντας,
3567 5187 3649 5247 ὧν
3689 5189 3855 5262 χείρω

2271 5293 2699 5364 τελολμήκασιν,
2731 5291 3050 5362 ἀδεέστερον
3085 5289 3378 5363 βιώσεσθαι

2234 5389 2486 5445 civitates
2538 5389 2712 5445 multo
2756 5387 3128 5460 impudentius
3171 5384 3480 5442 homicidiis
3520 5382 3659 5438 dant
3731 5392 3859 5448 ope-

1855 5655 2091 5712 V'ARUE
2146 5649 2557 5712 LECTIONES.
2637 5663 2644 5668 '

663 5834 683 5860 τ
714 5826 800 5878 Io‘.
835 5823 945 5895 εἴη.
969 5837 990 5858 ’δ
1012 5841 1104 5893 γρ.
1140 5821 1546 5886 ἐκκεντοῦντος.
1629 5823 1645 5859 ί
1684 5822 1721 5891 ἦ
1755 5821 1973 5891 ἄνδρας.
