4024 6488
313 410 413 471 933
1452 406 1992 469 EPISTOLARUM
2037 405 2271 467 LIBER
2304 406 2424 467 III.

924 509 1149 570 ElllE‘l‘.
1186 518 1267 570 ll'.
1909 526 1957 577 Α

363 618 582 676 Λέοντι
610 610 923 679 σπαθαρίῳ
951 609 1031 674 τῷ
1064 606 1468 678 ἐπιλεγομένῳ
1496 605 1805 674 Δράκοντι.

1547 725 1820 775 Montacut.
1855 723 1959 789 (ep.
1994 721 2075 783 29,
2109 736 2160 785 p.
2195 721 2300 785 87).

360 841 561 898 Πολλοὶ
587 838 726 909 πρὸς
753 836 903 907 ἡμᾶς
930 833 1085 886 λύκοι
1112 832 1213 900 τὴν
1242 831 1468 900 γνώμην
1492 830 1880 900 παρεγένοντο,

2053 828 2205 881 Multi
2261 828 2329 882 ad
2382 842 2485 881 nos
2526 827 2786 882 animitus
2825 826 2937 898 lupi
2977 842 3350 895 accesserunt,
3384 835 3567 889 ovium

296 936 588 995 προϐάτων
621 932 901 1001 ἐνδύματα
935 924 1256 998 φοροῦντες,
1296 926 1392 977 καὶ
1420 924 1499 994 τῷ
1529 923 1729 988 ἔξωθεν
1753 940 1880 993 σχη-

1992 918 2300 972 indumenta
2335 930 2627 988 gestant-es,
2651 919 2854 989 quique
2877 936 2973 989 per
3003 930 3289 976 externqu
3322 924 3568 979 habitum

296 1024 556 1097 ματισμῷ
586 1023 685 1093 τὴν
733 1022 937 1075 ἔσωθεν
970 1016 1420 1089 περιστέλλοντες
1452 1015 1651 1068 κακίαν
1671 1031 1685 1046 ·
1749 1014 1880 1070 ἀλλὰ

1992 1012 2257 1065 internam
2332 1012 2639 1065 vestierunt
2704 1012 3128 1081 improbitatem.
3200 1016 3307 1071 Sed
3370 1019 3568 1073 horum

294 1119 496 1174 τούτων
553 1119 604 1169 oi
640 1116 858 1178 πλείους
888 1115 988 1167 οὐκ
1020 1114 1212 1166 ἔλαθον
1244 1108 1502 1172 ἐπιπολὺ,
1560 1110 1655 1160 τοῦ
1691 1108 1880 1177 χρόνου

1992 1102 2229 1171 plerique
2258 1102 2351 1156 diu
2377 1119 2490 1158 non
2533 1104 2854 1159 celabantur
2905 1122 2918 1158 :
2965 1106 3222 1162 revelavit
3254 1109 3396 1162 enim
3430 1120 3568 1165 tem-

294 1208 652 1281 φωράσαντος
699 1204 876 1256 αὐτῶν
921 1203 1020 1273 τὴν
1068 1202 1261 1272 τέχνην
1295 1240 1310 1266 ,
1353 1201 1447 1253 καὶ
1475 1199 1542 1271 τὴ
1585 1194 1875 1268 περιϐολὴν

1992 1215 2088 1269 pus
2128 1198 2422 1254 artiﬁcium
2456 1202 2723 1271 ipsorum,
2757 1212 2813 1257 et
2864 1206 3123 1259 amictum
3169 1208 3430 1276 pelliculae
3456 1226 3565 1264 non

291 1302 385 1369 τῆς
417 1299 606 1367 δορᾶς,
643 1296 741 1347 οὐκ
776 1297 855 1358 είς
887 1295 1063 1365 μάτην
1099 1294 1257 1362 μόνον
1302 1292 1707 1362 ὲπινοηθεῖσαν,
1742 1288 1879 1343 ἀλλὰ

1992 1300 2197 1347 tantum
2228 1293 2281 1347 in
2314 1308 2514 1348 vanum
2567 1295 2930 1365 excogitatum
2970 1299 3312 1361 monstravit,
3347 1302 3439 1355 sed
3483 1303 3569 1355 in-

297 1392 388 1445 καὶ
410 1389 613 1456 διπλὴν
636 1386 1061 1448 ὲπιδεικνύντος,
1077 1384 1388 1436 τούναντίον
1409 1384 1552 1454 ἥπερ
1571 1382 1876 1445 ἐϐούλοντο,

1992 1398 2173 1453 super,
2228 1383 2377 1452 quod
2434 1383 2659 1439 minime
2709 1385 2969 1440 volebant
3018 1387 3243 1452 factum,
3295 1390 3568 1459 duplicem

292 1485 387 1553 τὴν
411 1482 727 1552 προσοῦσαν
756 1482 938 1542 αὐτοῖς
966 1478 1233 1547 πονηρίαν
1259 1478 1359 1547 τήν
1394 1494 1454 1529 τε
1488 1476 1877 1547 κρυπτομένην

1992 1476 2122 1543 ipsis
2161 1475 2355 1530 adesse
2403 1475 2768 1545 iniquitatem,
2799 1479 3175 1533 absconditam
3219 1481 3475 1536 nimirum
3514 1493 3572 1537 et

3460 402 3567 471 934

2625 512 2837 567 EPIST.
2871 511 3006 567 Vlll.

2178 606 2364 661 Leonti
2404 607 2699 675 spathario,
2741 611 3104 677 cognominata
3140 607 3386 662 Draconi.

293 1573 433 1643 φημὶ
468 1573 567 1624 καὶ
595 1572 694 1642 τὴν
749 1570 1119 1642 κρύπτουσαν.
1176 1568 1241 1621 Ἦ
1277 1568 1335 1621 δὲ
1490 1567 1872 1638 μεγαλειότης.

293 1665 365 1726 ὡς
389 1663 591 1726 ἔοικεν,
617 1665 679 1715 ὲκ
710 1662 906 1714 πολλοῦ
950 1662 1107 1714 τοῦτο
1159 1663 1253 1713 καὶ
1285 1660 1633 1729 μελετήσασα
1662 1659 1755 1710 καὶ
1784 1674 1875 1709 τε-

297 1754 556 1824 ινώσασα
580 1795 594 1817 ,
627 1754 765 1825 σοφὴ
817 1752 911 1806 τοῦ
963 1752 1264 1805 καλύπτειν
1314 1752 1530 1819 ἐγένετο
1557 1752 1617 1804 τὸ
1639 1750 1829 1822 θηρίον
1856 1791 1871 1816 ,

1981 1568 2429 1623 abscondentem.
2501 1569 2619 1624 Tua
2677 1580 2858 1625 autem
2912 1572 3353 1643 magniﬁcentia,
3423 1575 3568 1643 quod

1979 1677 2079 1730 par
2110 1673 2193 1717 est
2240 1663 2485 1729 credere,
2536 1679 2660 1718 eum
2689 1680 2720 1718 a
2771 1665 2933 1735 longo
2986 1675 3229 1735 tempore
3286 1667 3565 1731 meditata,

1978 1763 2035 1808 et
2074 1754 2368 1809 artiﬁciose
2424 1764 2751 1811 construens
2806 1757 2976 1811 fueris
3018 1757 3162 1812 istud
3192 1800 3206 1823 ,
3269 1760 3571 1829 prudenter

295 1846 387 1900 καὶ
418 1847 617 1917 μέχρις
645 1846 711 1900 ἂν
740 1846 911 1916 ἀρνίῳ
940 1847 1254 1916 περιέτυχε,
1285 1846 1384 1914 τὴν
1412 1844 1575 1913 δορὰν
1623 1846 1723 1897 οὐκ
1771 1845 1876 1896 ἀπ-

1992 1845 2205 1898 )εειίειη
2236 1845 2575 1912 occultavit;
2622 1862 2801 1916 neque
2828 1848 3024 1918 pellem
3061 1850 3360 1920 deposuisti
3383 1853 3568 1921 prius-

295 1938 447 1990 ἐθετο
467 1953 480 1965 ·
514 1936 854 2007 ἐπιτυχοῦσα
887 1936 966 2001 δὲ,
1018 1938 1111 1989 καὶ
1136 1936 1461 1997 ἀπεδύσατο,
1497 1935 1592 1988 καὶ
1619 1935 1707 1987 τὸν
1734 1934 1875 2005 θῆρα

295 2027 488 2093 ἔδειξε·
524 2029 623 2081 καὶ
651 2027 925 2091 τοσοῦτον,
955 2026 1013 2079 τό
1037 2043 1102 2093 γε
1123 2026 1295 2095 αὐτῆς
1324 2026 1509 2096 μέρος,
1541 2025 1610 2078 τὰ
1635 2042 1876 2095 προστυ-

298 2120 459 2189 χόντα
485 2117 815 2189 διέφθειρεν,
851 2119 975 2170 ὅσον
996 2117 1118 2171 οὐδὲ
1178 2116 1246 2169 τά
1304 2116 1723 2187 προφανέστατα
1767 2116 1875 2168 τῶν

297 2211 654 2281 ἀγριωτάτων
684 2210 870 2281 θηρῶν
926 2210 1234 2280 ἐλυμήνατο
1276 2209 1360 2263 ἄν.
1404 2208 1567 2262 Ἀλλά
1613 2209 1876 2279 χαίρομεν

298 2305 395 2358 κάν
424 2304 626 2375 τούτῳ,
661 2304 742 2357 ὅτι
772 2302 1010 2357 λαθοῦσα
1041 2302 1343 2374 προέλαϐεν
1372 2303 1520 2372 ἡμᾶς
1558 2300 1876 2372 κρυπτομέν-

297 2418 358 2470 νη
407 2400 669 2471 κακία,ῆ
721 2398 1203 2471 προκατελὰὅομεν
1258 2398 1421 2468 ἡμεῖς
1470 2394 1698 2449 κολάσαι
1742 2394 1876 2446 ὑπο-

298 2494 599 2563 νοουμένην
623 2491 950 2561 μοχθηρίαν*
983 2491 1045 2543 τὸ
1077 2490 1176 2561 μὲν
1204 2490 1424 2559 γὰρκαὶ
1452 2489 1644 2558 σφάλοι
1669 2487 1734 2540 ἂν
1749 2487 1879 2540 πολ-

298 2584 449 2648 λάκις
479 2585 583 2638 ούκ
610 2585 695 2637 ἐπ’
728 2584 944 2653 ὀλίγον·
974 2582 1036 2637 τὸ
1063 2583 1119 2637 δὲ
1148 2584 1242 2637 καὶ
1275 2582 1456 2647 λαθὸν,
1501 2581 1604 2651 τὴν
1640 2579 1877 2648 ὑστάτην

298 2677 393 2729 ούκ
417 2678 485 2730 ἂν
515 2676 681 2746 φύγοι
700 2677 860 2747 δίκην
883 2694 894 2705 ·
924 2676 1059 2730 ἀλλὰ
1089 2675 1262 2729 ταῦτα
1294 2674 1600 2746 γράφομεν,
1646 2672 1745 2741 ούχ
1793 2671 1879 2723 ἵνα

299 2771 643 2842 ἐπιστραφῇς
699 2770 1104 2842 (ὲπιστραφήσῃ
1143 2770 1251 2840 γὰρ
1288 2769 1381 2821 καὶ
1414 2769 1487 2840 μὴ
1516 2766 1729 2835 θέλων),
1761 2763 1877 2819 ἀλλ’

301 2862 383 2915 ἶνα
407 2863 555 2934 γνῷς
584 2863 663 2926 ὼς
688 2863 809 2916 οὐδὲ
861 2864 962 2931 τὴν
992 2862 1165 2933 ἀρχὴν
1222 2861 1413 2925 ἔλαθες
1432 2862 1498 2915 ἂν
1525 2862 1693 2931 ἡμᾶς,
1722 2861 1771 2913 εί
1802 2860 1879 2931 μὴ

302 2958 564 3028 συνεργὸν
605 2950 765 3025 εὗρες
790 2954 888 3026 τὴν
918 2954 1196 3026 ἡμετέραν
1236 2953 1671 3024 φιλανθρωπίαν.
1727 2952 1808 3006 Τὰ
1833 2953 1877 3006 δ’

1981 1952 2145 2006 quam
2198 1940 2251 1991 in
2290 1955 2489 2010 agnum
2543 1950 2819 2009 arreptum
2866 1942 3140 1997 incidisti:
3200 1944 3292 1999 illo
3335 1946 3565 2015 potitus,

1982 2038 2039 2083 et
2068 2030 2291 2094 exuisti,
2341 2041 2397 2085 et
2444 2041 2496 2086 te
2524 2032 2757 2087 bestiam
2802 2034 3081 2103 professus
3126 2051 3207 2091 es.
3251 2037 3309 2090 ln
3353 2047 3565 2093 tantum

1982 2138 2116 2177 vero
2140 2122 2341 2187 oblata,
2365 2125 2509 2190 quod
2533 2132 2652 2179 tuas
2683 2134 2865 2194 partes
2890 2127 3176 2192 attinebat,
3200 2127 3564 2198 discerpsisti,

1984 2226 2042 2271 ut
2101 2231 2203 2270 nec
2245 2217 2639 2273 crudelissimae
2688 2218 3149 2288 bestiae-publica
3212 2220 3563 2276 devorarent.

1986 2306 2261 2362 Laetamur
2292 2308 2397 2363 hoc
2436 2308 2555 2378 ipso
2603 2318 2809 2376 tamen,
2852 2312 2997 2380 quod
3024 2314 3196 2367 celata
3243 2314 3566 2384 improbitas

1983 2399 2136 2468 prius
2168 2415 2269 2454 nos
2304 2402 2612 2470 occupavit,
2658 2418 2821 2472 quam
2855 2405 2921 2458 ad
2958 2405 3315 2460 coercendam
3350 2422 3568 2474 suspec-

1985 2498 2095 2543 tam
2128 2499 2336 2544 tantum
2382 2492 2833 2563 accingerentur;
2879 2495 3012 2549 illud
3056 2496 3200 2551 enim
3241 2497 3371 2553 licet
3392 2514 3567 2569 saepe-

1985 2596 2219 2635 numero
2263 2582 2502 2649 aberret,
2561 2600 2672 2639 non
2723 2593 2904 2641 tamen
2938 2588 2991 2641 in
3034 2588 3312 2656 minimis;
3362 2590 3488 2657 hoc,
3520 2591 3568 2645 si

1988 2672 2246 2739 latuerit,.
2291 2684 2574 2744 postremo
2638 2677 2931 2733 vindictam
2994 2696 3106 2734 non
3154 2681 3445 2752 elongabit.
3499 2682 3571 2737 Et

1988 2762 2107 2818 hare
2136 2764 2356 2834 quidem
2386 2768 2591 2832 scribo,
2632 2785 2742 2824 non
2768 2778 2829 2824 ut
2874 2775 3215 2828 convertaris
3240 2774 3403 2843 (nam
3439 2774 3572 2830 licet

1987 2858 2192 2916 invitus
2228 2861 2357 2917 olim
2398 2865 2791 2937 converteris),
2832 2867 2926 2921 sed
2988 2876 3049 2920 ut
3084 2868 3243 2937 plane
3278 2869 3570 2940 intelligas,

1986 2953 2135 3022 quod
2168 2969 2238 3007 ne
2266 2955 2486 3024 quidem
2520 2956 2589 3011 ab
2638 2957 2796 3011 initio
2829 2974 2931 3013 nos
2970 2958 3211 3025 latueris,
3243 2961 3337 3015 sed
3369 2974 3572 3030 coope-

300 3046 432 3103 ἄλλα
456 3048 741 3120 ὲρῤῶσθαί
763 3065 824 3101 σε
852 3048 952 3116 τὴν
982 3046 1162 3119 ψυχὴν
1181 3046 1380 3117 μᾶλλον
1402 3047 1437 3117 ἢ
1454 3046 1515 3099 τὸ
1537 3047 1697 3115 σῶμα
1725 3048 1880 3098 ἐπευ-

1992 3053 2203 3098 rantem
2234 3056 2478 3100 nostram
2511 3057 2770 3118 expertus
2798 3050 2874 3104 sis
2901 3052 3271 3106 clementiam.
3303 3051 3573 3107 Caeterum

302 3142 503 3211 χόμεθα
530 3159 546 3171 ·
600 3140 697 3195 καὶ
760 3140 870 3194 τῶν
920 3140 1339 3212 τετολμημένων
1370 3139 1459 3193 διὰ
1494 3137 1783 3210 μετανοίας
1810 3138 1880 3191 τὰ

1992 3142 2045 3190 te
2072 3136 2259 3191 animo
2289 3138 2460 3208 magis
2482 3155 2645 3208 quam
2676 3155 2906 3209 corpore
2937 3143 3118 3197 valere
3159 3142 3394 3211 cupiam,
3422 3154 3478 3198 et
3514 3152 3578 3198 ut

304 3231 579 3303 στίγματα
606 3230 1007 3300 ἀπαλείψαντα,
1034 3232 1129 3284 καὶ
1158 3232 1221 3285 ού
1251 3233 1312 3284 τὸ
1340 3231 1632 3301 πρόϐατον,
1662 3227 1796 3282 ἀλλὰ
1825 3229 1880 3281 τὸ

1992 3242 2087 3299 per
2110 3230 2487 3298 paenitentiam
2518 3232 2770 3302 stigmata
2820 3233 3087 3302 impressa
3110 3235 3282 3297 eluas,
3316 3250 3419 3290 nec
3441 3235 3577 3290 velis

306 3322 488 3396 θηρίον
527 3328 612 3388 είς
640 3327 734 3378 τὸν
780 3325 1044 3387 παντελὲς
1097 3324 1577 3394 ἀπεκδυσάμενον,
1618 3324 1759 3395 μήτε
1800 3323 1880 3376 ὲν-

1992 3333 2176 3384 ovem,
2200 3321 2295 3375 sed
2324 3321 2554 3376 bestiam
2591 3324 2814 3392 penitus
2842 3329 3137 3394 deponere,
3169 3326 3239 3379 ita
3268 3336 3350 3391 ut,
3390 3342 3494 3381 nec
3520 3328 3577 3380 in

306 3413 494 3483 ταῦθα,
538 3416 681 3487 μήτε
701 3415 912 3469 ἐκεῖθεν
939 3415 1170 3479 εὐθύνας
1204 3413 1444 3486 ὑφέξειν.

915 3618 1143 3672 ΕΠΙΣΤ.
1172 3616 1250 3673 ϐ’.

540 3710 791 3781 Ἰώαννῃ
819 3710 1134 3779 σπαθαρίῳ
1163 3708 1244 3775 τῷ
1273 3707 1642 3779 χρυσοχέρῃ.

1990 3410 2114 3476 hoc,
2140 3426 2242 3467 nec
2276 3412 2462 3467 futuro
2505 3414 2707 3471 saeculo
2752 3416 2821 3471 ad
2851 3416 3090 3471 calculos
3121 3418 3336 3472 voceris
3365 3427 3421 3472 et
3449 3419 3578 3473 red-

1990 3504 2223 3560 dendam
2258 3504 2527 3560 rationem

2631 3618 2846 3674 EPIST.
2886 3619 2978 3674 IX.

2324 3708 2521 3764 Joanni
2549 3711 2847 3781 spathario,
2875 3714 3223 3784 chrysoclteri.

1557 3822 1826 3872 Montacut.
1865 3823 1970 3885 (ep.
2003 3824 2084 3883 59,
2117 3838 2167 3887 p.
2202 3823 2307 3888 98).

372 3937 487 3991 Οὐκ
509 3934 835 4007 ἐγράψαμεν
865 3933 955 3989 ἵνα
984 3932 1292 4005 θαυμάζῃς,
1308 3930 1424 3986 ἀλλ’
1453 3931 1544 3987 ἵνα
1568 3932 1887 4002 στηριχθῇς,

2057 3931 2413 4001 Nequaquam
2444 3947 2509 3988 eo
2541 3932 2651 3991 ﬁne
2684 3933 3011 4004 scripsimus
3053 3942 3115 3989 ut
3141 3932 3440 3999 mirareris,
3476 3934 3575 3991 sed

307 4027 364 4080 ἒν
415 4024 499 4093 οἷς
554 4029 645 4081 τὸν
696 4028 858 4082 σάλον
895 4025 1316 4097 ὑπέμεινας.Ἐί
1364 4024 1408 4077 δ’
1445 4024 1742 4095 ἀρῥαὸῶνα
1792 4023 1880 4077 τοῦ

1992 4034 2049 4077 ιιι
2078 4024 2328 4078 stabilem
2365 4034 2418 4079 te
2458 4025 2747 4081 redderem
2780 4025 2838 4080 in
2871 4025 2937 4080 iis
2962 4025 3162 4095 quibus
3192 4025 3575 4093 ﬁuctuabaris;

310 4121 672 4193 στηριχθῆναι
695 4120 754 4173 τὸ
781 4120 967 4190 θαῦμα
984 4118 1265 4190 παρέχεις,
1290 4118 1464 4187 ἡδέως
1485 4116 1884 4187 ἀποδεχόμεθα.

309 4213 441 4264 Οὐδὲ
468 4215 583 4282 γὰρ
611 4212 671 4279 ἐξ
694 4211 907 4265 ἑαυτῶν
935 4210 1287 4282 προφέρομεν
1314 4209 1458 4279 ἅπερ
1487 4207 1744 4278 λέγομεν,
1768 4208 1884 4260 ἀλλ’

1987 4116 2035 4170 si
2081 4118 2135 4169 in
2187 4117 2386 4188 pignus
2432 4117 2863 4173 conﬁrmationis
2907 4127 3015 4173 tua:
3055 4117 3217 4172 aﬁ‘ers
3261 4119 3581 4175 admiratio-

1988 4225 2134 4272 nem,
2164 4209 2419 4263 lubenter
2462 4209 2718 4265 admitto.
2751 4206 2887 4263 Nam
2934 4224 3046 4263 non
3094 4224 3125 4263 a
3157 4210 3315 4264 nobis
3342 4211 3578 4280 proferi-

309 4301 365 4369 ἐξ
384 4299 457 4357 ὧν
479 4306 583 4375 τῆς
608 4303 893 4373 ζωηφόρου
918 4304 1102 4372 πηγῆς
1124 4300 1581 4369 ἀπηντλήσαμεν·
1601 4300 1722 4370 ἥτις
1748 4297 1880 4368 μετὰ

1992 4320 2110 4359 mus
2163 4318 2285 4372 quae
2334 4302 2604 4368 dicimus,
2639 4301 2735 4356 sed
2772 4301 2842 4357 ab
2904 4300 2971 4356 iis
3036 4303 3181 4358 unde
3227 4304 3295 4358 de
3341 4303 3492 4359 fonte
3521 4304 3576 4357 iu

308 4395 401 4465 τῆς
440 4398 501 4451 ὲν
549 4395 733 4449 πίστει
774 4395 934 4465 δίψης
967 4396 1079 4456 τοῖς
1129 4392 1443 4464 προσιοῦσιν
1488 4391 1701 4460 ἄφθονα
1753 4408 1886 4462 προ-

310 4490 453 4557 χέειν
476 4491 547 4546 τὰ
569 4491 667 4561 τῆς
698 4489 973 4561 σωτηρίας
1003 4485 1370 4557 ἐπηγγείλατο
1394 4486 1635 4555 νάματα.

934 4786 1159 4840 ΕΠΙΣΤ.
1208 4788 1266 4841 l'.

480 4879 686 4937 Λέοντι
714 4879 982 4950 γεγονότι
1013 4879 1305 4950 λογοθέτῃ
1342 4876 1422 4945 τῷ
1452 4877 1707 4949 Μαδιάμ.

1985 4397 2151 4451 vitam
2185 4395 2399 4450 salienti
2422 4395 2744 4450 hausimus:
2776 4395 2870 4465 qui
2902 4410 3013 4466 prte
3050 4411 3109 4451 se
3137 4396 3241 4451 fert
3265 4404 3320 4450 et
3347 4395 3577 4465 proﬁte-

1988 4497 2098 4553 tur,
2146 4489 2214 4543 iis
2258 4487 2355 4557 qui
2417 4486 2580 4542 ﬁdem
2622 4487 2846 4555 sitiunt,
2898 4498 3061 4559 atque
3101 4489 3225 4543 ideo
3267 4488 3474 4543 adeunt
3515 4496 3578 4541 ut

1987 4594 2108 4633 eam
2194 4578 2488 4646 expleant,
2551 4578 3052 4635 abundantissimos
3121 4579 3310 4634 salutis

1992 4668 2434 4725 subministrare.

3382 4578 3576 4633 latices

2634 4782 2848 4837 EPIST.
2882 4782 2949 4838 Χ.

2399 4874 2586 4929 Leonti
2621 4874 2892 4947 (agat/tem:
2923 4875 3181 4929 Madiam.

1553 4990 1817 5040 Montacut.
1855 4989 1959 5053 (ep.
1993 4990 2075 5050 44,
2111 5003 2160 5053 p.
2198 4988 2332 5053 100).

382 5051 703 5163 Εὐτύχημα.
748 5092 847 5161 μὲν
909 5091 1006 5146 καὶ
1058 5093 1120 5146 τὸ
1173 5091 1365 5160 φίλους
1411 5090 1557 5162 ἔχειν
1617 5093 1675 5145 ὲν
1718 5051 1895 5161 καιρῷ

313 5183 656 5253 πειρασμῶν,
701 5184 795 5236 καὶ
838 5183 1074 5254 χρείαςιι
1104 5184 1166 5236 τὸ
1200 5186 1297 5255 τῆς
1334 5183 1517 5255 φιλίας
1552 5184 1893 5254 παρέχοντας

2067 5090 2319 5145 Felicitas
2347 5098 2430 5146 est
2454 5090 2657 5147 amicos
2686 5090 2965 5160 possidere
2990 5090 3304 5145 tentationis
3331 5099 3578 5161 tempore

1994 5197 2153 5237 usum
2182 5191 2345 5252 atque
2375 5182 2617 5237 debitum
2650 5182 2906 5237 amicitiae
2940 5182 3072 5236 utile
3100 5182 3448 5237 exhibentes:
3481 5182 3577 5237 sed

314 5274 618 5345 χρησιμόν’
665 5276 715 5329 οἱ
758 5274 815 5329 δὲ
856 5273 931 5347 μὴ
975 5273 1209 5329 τοιοῦτοι
1268 5277 1551 5345 φανέντες,
1600 5275 1720 5328 οὐδὲ
1746 5268 1880 5327 οὗτοι

1993 5292 2099 5332 nec
2148 5275 2352 5330 amanti
2398 5276 2560 5345 plane
2603 5284 2732 5329 sunt
2776 5273 2998 5328 inutiles
3047 5274 3139 5344 qui
3189 5273 3323 5329 tales
3359 5288 3419 5328 se
3463 5288 3576 5327 non

315 5362 391 5432 τῷ
441 5367 787 5436 ἁγαπήσαντι
845 5367 1142 5438 ἄχρηστοι,
1171 5367 1284 5420 ἀλλ’
1318 5369 1445 5421 ὅσον
1476 5367 1631 5422 αὐτοὶ
1666 5368 1766 5438 τῆς
1802 5380 1893 5434 φι-

314 5451 434 5518 λίας
471 5458 901 5529 ἀπελείφθησαν,
955 5459 1211 5512 τοσοῦτον
1252 5460 1348 5531 τὴν
1382 5462 1583 5532 ἀρετὴν
1620 5459 1713 5512 τοῦ
1750 5460 1889 5528 ἠγα-

317 5548 550 5618 πηκότος
605 5550 943 5622 παριστῶσιν
977 5550 1437 5624 ύπερθαύμαστον
1506 5554 1589 5607 ὅτι
1624 5551 1721 5607 καὶ
1775 5568 1889 5604 τοι-

1992 5376 2275 5439 prazstant.
2326 5367 2461 5423 Nam
2514 5369 2569 5422 in
2614 5377 2878 5438 quantum
2930 5366 3186 5422 amicitias
3230 5366 3481 5429 deerint,
3518 5365 3574 5419 in

1999 5470 2207 5515 tantum
2237 5460 2513 5531 diligentis
2534 5461 2790 5516 virtutem
2814 5458 2970 5514 valde
2996 5467 3259 5529 praestant
3284 5457 3578 5511 admirabi-

1997 5552 2142 5607 lem:
2196 5567 2263 5607 eo
2311 5552 2457 5623 quod
2500 5552 2665 5608 etiam
2717 5552 2852 5608 tales
2893 5549 3251 5606 nihilominus
3300 5546 3575 5614 dilexerit,

1601 5704 1834 5760 νΑιιιιΕ
1861 5704 2272 5763 LECTIONES.

395 5866 421 5897 ἰ
449 5878 538 5929 τρο
562 5862 739 5932 χρέος.
