4024 6438
474 392 577 453 935
1620 384 1884 445 ΡΗΟΤΙΙ
1921 382 2091 442 PA'H

2190 380 2424 442 .RCHE
2455 383 2564 442 CP.
3628 389 3728 451 936

474 497 618 567 quod
668 497 996 552 non'omnia
1048 512 1113 552 ex
1163 495 1365 550 intuitu
1429 492 1806 547 retributionis
1841 488 2091 560 prmsti-l

2191 493 2345 555 ὁτους
2396 492 2579 555 ὄντας,
2631 493 2779 563 ὅμως
2820 494 3066 565 ἐφίλησε,
3108 496 3203 549 καὶ
3259 496 3319 549 οὐ
3350 496 3527 551 πάντα
3573 510 3730 572 χάριν

479 591 625 655 terit,
670 591 765 645 sed
810 590 979 661 gratis
1019 602 1203 643 amare
1254 585 1428 649 novit,
1480 594 1535 638 et
1580 582 1818 643 Patrem,
1866 579 1958 650 qui
2000 579 2055 633 in

2190 583 2393 654 μοιὸῆς
2420 584 2715 655 ἔπραττεν,
2750 585 2866 639 ἀλλ’
2897 586 3016 657 ᾔδει
3045 589 3142 642 καὶ
3181 592 3384 659 προῖκα
3411 592 3608 659 φιλεῖν,
3637 599 3732 648 καὶ

478 683 629 737 caelis
674 691 778 746 est,
835 681 1037 736 imitari
1089 681 1144 734 in
1196 695 1286 744 eo,
1344 677 1489 747 quod
1537 689 1640 729 nec
1687 673 1771 729 vei
1801 672 2057 726 inimicos

2192 674 2251 729 ὸν
2295 677 2354 729 ἐν
2380 676 2630 748 οὐρανοῖς
2677 677 2964 748 μιμεῖσθαι
2996 678 3249 751 Πατέρα,
3279 675 3360 745 οἷς
3399 690 3429 722 τ
3458 684 3578 737 οὐδὲ
3607 685 3734 749 τοὺς

480 784 783 829 aversetur.
807 774 1079 841 Quocirca
1100 788 1207 827 nec
1226 769 1429 825 amoris
1452 766 1626 822 nostri
1647 766 1819 836 legem
1846 764 2058 818 solvere

2191 765 2387 837 χοροὺς
2422 760 2815 837 ἀπεστρέφετο.
2865 772 2979 824 Οὐκ
3026 772 3094 824 ἂν
3127 770 3219 824 οὖν
3248 771 3416 845 λύσῃς
3456 775 3620 839 αὐτὸς
3644 777 3735 830 τὸν

481 871 720 939 poteris,
760 868 1044 936 utcunque
1078 864 1261 934 (quod
1296 876 1482 916 rumor
1514 857 1640 927 est)
1680 856 1925 927 ingratus
1958 868 2059 908 ex-

2190 857 2432 930 ιμέτερον
2467 858 2571 927 τῆς
2606 859 2827 931 ἀγάπης
2851 860 3038 931 νόμον,
3073 862 3175 916 κᾶν
3201 864 3492 936 ἀγνώμων,
3527 867 3604 930 ὡς
3633 884 3739 937 φη-

482 958 706 1023 stiteris,
739 968 795 1012 et
814 958 1133 1012 ementiaris
1163 951 1483 1008 amicitiam.
1520 947 1735 1003 Etenim
1763 953 2062 1016 quantum-

2190 949 2405 1015 ιίζουσι,
2435 955 2628 1023 φανῇς,
2662 953 2758 1006 καὶ
2786 952 2883 1025 τὴν
2909 955 3091 1024 φιλίαν
3108 957 3459 1028 ψευδόμενος.
3488 959 3601 1013 Καὶ
3630 961 3741 1032 γὰρ

481 1047 566 1102 vis
592 1048 832 1117 ingratus
860 1045 1156 1106 exstiteris,
1188 1058 1289 1096 nos
1320 1051 1525 1104 tamen,
1556 1044 1617 1091 ut
1649 1036 1834 1091 videre
1869 1044 2061 1106 potes,

2190 1042 2261 1095 :at‘t
2308 1042 2375 1096 δι’
2410 1036 2485 1099 ὧν
2518 1046 2971 1118 ἁγνωμονήσεις,
3007 1051 3281 1122 ἀφορμάς,
3312 1051 3390 1115 ὡς
3413 1053 3567 1125 ὁρᾷς,
3605 1055 3742 1126 ἡμῖν

483 1139 800 1195 occasiones
883 1134 1298 1205 nobismetipsis
1384 1129 1831 1193 ministravimus,
1881 1134 1943 1181 ut
1990 1140 2064 1181 ne

2190 1137 2380 1200 αυτοῖς
2418 1137 2832 1210 πεπορίσμεθα,
2887 1140 2954 1194 δι’
3005 1139 3070 1205 ἃς
3117 1143 3237 1197 οὐδὲ
3281 1141 3426 1198 οὕτω
3463 1162 3523 1198 σε
3560 1148 3743 1216 μισεῖν

482 1231 569 1286 vel
627 1231 707 1285 sic
746 1230 965 1300 quidem
1015 1228 1140 1283 odio
1188 1235 1243 1281 te
1275 1225 1595 1279 habeamus.
1636 1221 1679 1275 Τ
1684 1236 1719 1274 u
1751 1219 1880 1289 quid
1913 1218 1980 1273 de
2010 1227 2063 1272 te

486 1324 500 1334 .
618 1322 631 1334 .
857 1320 868 1332 .
991 1327 1002 1334 _
1131 1333 1139 1334 ί
1491 1324 1535 1334 Α
1585 1322 1706 1334 nu
1758 1311 1855 1334 ,ι,,
1921 1317 2066 1334 .,,,,,,

2190 1228 2623 1334 »παχθησόμερι
2673 1231 2745 1285 Σὺ
2789 1232 2857 1334 δὲ
2899 1235 3001 1303 τὴν
3045 1237 3175 1306 περὶ
3206 1237 3264 1290 σὲ
3295 1237 3406 1292 τῶν
3437 1237 3747 1309 ἀνθρώπων

486 1322 737 1377 homines
782 1320 1077 1391 opinentur
1117 1317 1435 1373 considera:
1483 1324 1539 1369 et
1582 1322 1709 1368 ante
1757 1311 1882 1375 alia,
1921 1317 2069 1363 tuam

489 1416 503 1428 .
577 1416 589 1428 .
897 1415 908 1425 -
991 1412 1024 1428 Δο
1083 1427 1089 1428 ,
1214 1418 1255 1428 _.
1310 1407 1548 1428 n-_._______
1622 1405 1742 1428 -Iz...
1805 1399 2067 1428 2..A:..:..m

2194 1316 2318 1428 όὲμν
2347 1319 2667 1374 ἐπισκόπειο
2708 1321 2912 1390 μᾶλλον
2934 1323 2992 1376 δὲ
3028 1325 3134 1395 πρὸ
3165 1325 3371 1398 ταύτης
3398 1327 3460 1380 τὸ
3487 1327 3581 1381 σὺν
3616 1343 3749 1380 συν-

487 1416 663 1486 ipsius
724 1401 1142 1474 conscientiam,
1203 1418 1259 1464 et
1309 1407 1555 1465 futurum
1616 1405 1747 1461 olim
1802 1401 2071 1474 judicium

2198 1406 2302 1471 ιδὸς
2337 1411 2429 1462 καὶ
2458 1411 2518 1462 τὸ
2546 1411 2756 1465 ἐκεῖθεν
2784 1413 3088 1485 κριτήριον.

488 1507 652 1564 recoli
660 1515 736 1563 to.

1106 1613 1327 1670 EPIST.
1352 1611 1447 1667 XI.

1016 1707 1322 1762 Alexandro
1350 1705 1547 1758 comiti.

2764 1608 2987 1663 ΕΠΙΣΤ.
3040 1612 3144 1665 lA'.

2655 1698 3018 1771 Ἀλεξάνδρῳ
3055 1706 3287 1774 κόμητι.

1750 1809 2017 1859 Montacut.
2052 1806 2155 1869 (ep.
2189 1804 2269 1867 46,
2302 1819 2353 1869 p.
2388 1805 2522 1872 IOI).

562 1925 871 1985 Alexander
896 1922 1137 1987 Macedo,
1166 1919 1259 1990 qui
1298 1918 1354 1973 in
1377 1930 1648 1971 summam
1680 1911 2070 1970 sublimitatem
2100 1913 2148 1972 B

493 2026 674 2084 evexit
737 2019 1067 2078 Macedoniae
1139 2029 1388 2088 regnum,
1443 2026 1510 2067 eo
1562 2011 1654 2066 die
1711 2009 2074 2079 principatum

496 2120 779 2175 abdicasse
803 2113 1109 2178 videbatur,
1131 2125 1240 2180 quo
1258 2106 1535 2163 neminem
1561 2101 1830 2183 beneﬁcio
1851 2114 2077 2156 ornasse

494 2212 796 2267 dicebatur.
843 2205 1139 2261 Rarissime
1182 2201 1287 2256 hoc
1324 2199 1403 2254 illi
1441 2198 1518 2252 ita
1559 2194 1945 2266 contingebat;
1985 2200 2077 2247 ut-

496 2314 624 2375 pote
651 2301 745 2372 qui
768 2300 825 2354 in
855 2297 986 2353 illud
1015 2294 1164 2352 omni
1196 2292 1377 2349 studio
1410 2288 1779 2353 incumbebat,
1817 2294 1877 2341 ut
1903 2286 2077 2341 bene-

496 2398 701 2451 faceret
727 2390 1059 2447 hominibus.
1084 2383 1242 2453 Quod
1265 2383 1311 2440 si
1339 2381 1612 2437 interdum
1636 2379 1710 2435 ita
1730 2375 2082 2447 contingebat

497 2495 559 2541 ut
604 2482 743 2538 nihil
784 2487 1104 2552 praestaret,
1140 2476 1332 2532 dolens
1366 2473 1613 2529 dicebat:
1650 2468 1822 2525 Hodie
1855 2484 1957 2523 non
1993 2483 2080 2521 re-

494 2576 677 2649 gnavi.
708 2572 818 2628 Sed
854 2561 1095 2643 paganus
1127 2568 1219 2623 ille
1257 2566 1362 2622 fuit
1396 2572 1452 2620 et
1494 2564 1640 2618 inter
1679 2575 1918 2633 paganos
1956 2573 2077 2625 rex,

498 2678 555 2724 et
597 2665 862 2737 voluptati
906 2673 1071 2734 atque
1103 2660 1257 2716 luxui
1297 2658 1535 2719 deditus,
1577 2664 1635 2711 et
1668 2654 1740 2710 ob
1771 2652 2081 2708 felicitatem

499 2759 709 2823 ebrius,
752 2755 958 2825 quique
985 2752 1091 2809 sibi
1128 2749 1441 2807 consimiles
1481 2749 1615 2803 deos
1649 2758 1872 2800 suarum
1909 2743 2082 2797 actio-

502 2864 637 2904 num
657 2848 996 2916 inspectores
1023 2844 1247 2899 fecerat.
1275 2839 1358 2896 Tu
1387 2850 1569 2896 autem
1590 2835 1938 2893 Christianus
1958 2847 2085 2888 eum

503 2940 832 2998 Christianis
875 2937 1086 2999 vivens,
1134 2943 1190 2989 et
1232 2935 1346 3005 (ut
1389 2930 1691 2987 secundum
1737 2927 1883 2998 leges
1921 2920 2083 2995 agas)

506 3047 631 3088 cum
651 3029 882 3101 imperio
902 3027 1193 3088 exsistens,
1211 3024 1410 3094 saepius
1426 3022 1480 3076 in
1507 3021 1632 3076 vitae
1655 3033 1816 3074 cursu
1832 3015 2088 3071 ﬂuctibus

505 3125 740 3196 agitatus
773 3120 1043 3183 obrueris,
1086 3119 1141 3172 in
1175 3116 1308 3187 ipsis
1345 3113 1536 3178 sacris,
1576 3113 1720 3166 inter
1754 3107 2087 3168 sacerdotes,

507 3218 672 3287 idque
712 3230 840 3271 cum
882 3210 1298 3283 temperantiam
1339 3217 1395 3263 et
1432 3207 1688 3261 virtutem
1729 3203 2002 3258 honorare
2035 3208 2088 3255 te

507 3326 621 3366 non
658 3323 846 3380 neges,
879 3305 975 3361 sed
1004 3311 1061 3359 et
1097 3318 1267 3358 unum
1296 3301 1449 3356 illum
1481 3313 1670 3354 verum
1712 3295 1884 3351 Deum
1915 3293 2085 3349 actio-
2113 3293 2181 3349 υ.

510 3418 642 3457 num
684 3399 928 3455 omnium
967 3397 1329 3466 inspectorem
1360 3391 1549 3446 fallere
1579 3404 1692 3444 non
1723 3402 1881 3459 posse
1908 3393 2088 3457 putes.

511 3494 653 3561 Quid
683 3492 811 3547 hinc
840 3497 1119 3559 sequatur,
1146 3499 1339 3557 gravor
1376 3498 1478 3553 ego
1503 3480 1707 3536 dicere.
1742 3477 1878 3535 Illud
1908 3485 2091 3531 autem

512 3584 744 3647 atiirmo,
766 3582 1044 3637 neminem
1074 3594 1106 3635 e
1132 3587 1229 3633 tuo
1254 3575 1487 3632 subditis
1508 3571 1762 3645 regimini
1787 3585 1929 3637 esse,
1961 3568 2092 3639 quin

515 3679 637 3732 loco
664 3674 892 3745 alicujus
922 3664 1170 3727 beneﬁcii
1196 3680 1291 3724 aut
1318 3664 1668 3739 benignitatis
1708 3678 1873 3734 quam
1925 3676 2094 3733 agno-

515 3783 669 3824 scere
692 3766 873 3828 vellet,
896 3779 1007 3819 non
1033 3761 1295 3832 supplicia
1315 3760 1560 3829 deplorat
1578 3755 1819 3812 inaudita
1836 3755 2093 3824 irrogata,

515 3868 611 3913 aut
661 3857 922 3913 damnum
970 3854 1179 3909 illatum
1237 3852 1695 3921 inexspectatum.
1740 3845 1895 3900 Alius
1948 3842 2096 3897 aliud

518 3950 732 4022 insigne
761 3948 972 4003 facinus
992 3946 1196 4002 dextras
1214 3954 1322 3998 tua:
1344 3942 1547 4013 tragico
1579 3939 1852 3994 cothurno
1874 3936 2097 4007 dignum

517 4042 808 4113 deplorans
837 4039 1027 4093 refert.
1045 4036 1183 4093 Cum
1207 4034 1516 4089 Alexander
1533 4045 1657 4086 cum
1681 4030 1869 4084 dolore
1894 4025 2101 4097 profes-

519 4150 613 4189 sus
656 4133 820 4190 fuerit
865 4149 879 4185 ε
924 4128 1098 4185 Hodie
1146 4128 1375 4198 quidem
1415 4140 1509 4179 rex
1535 4140 1641 4177 non
1674 4123 1752 4193 fui
1786 4136 1803 4175 :
1833 4129 1913 4183 tu,
1952 4117 2098 4188 quod

518 4224 756 4292 videtur,
793 4240 904 4279 non
943 4220 1251 4294 praeterlabi
1290 4218 1389 4274 tibi
1434 4217 1578 4272 diem
1617 4212 1863 4284 patieris,
1900 4211 1957 4266 in
1989 4223 2100 4280 quo

518 4317 897 4375 nonlverearis
922 4315 1106 4371 dicere
1135 4330 1150 4367 :
1180 4311 1349 4367 Hodie
1377 4320 1635 4381 tyrannus
1659 4322 1764 4361 non
1789 4305 1887 4377 fui.

1121 4422 1333 4480 EPIST.
1385 4422 1501 4477 XII.

1059 4518 1257 4572 Basilio
1288 4515 1552 4587 quaestori.

2262 1912 2609 1985 Ἀλέξανδρος
2645 1919 2674 1969 ὁ
2706 1918 2995 1985 Μακεδὼν,
3026 1922 3122 1974 καὶ
3145 1923 3471 1977 Μακεδόνων
3502 1924 3639 1998 ἄρας
3674 1931 3757 1993 είς

2177 2001 2310 2071 ὖῲος
2334 2005 2436 2075 τὴν
2463 2006 2760 2076 βασιλείαν,
2807 2011 2929 2065 κατ’
2957 2012 3175 2084 εκείνην
3203 2014 3301 2087 τὴν
3333 2016 3546 2089 ἡμέραν
3575 2019 3757 2074 ἐδόκει

2178 2097 2448 2150 παύεσθαι
2494 2102 2596 2168 τῆς
2625 2100 2834 2172 ἀρχῆς,
2864 2102 2986 2156 καθ’
3028 2103 3097 2176 ἢν
3143 2107 3512 2179 εὐεργετήσας
3558 2112 3760 2165 οὐδένα

2176 2190 2470 2245 ἐδείκνυτο.
2514 2193 2749 2249 Σπάνιον
2778 2195 2836 2248 δὲ
2870 2196 3019 2267 αὐτῷ
3056 2198 3119 2250 τὸ
3146 2201 3354 2254 τοιοῦτο
3384 2204 3757 2268 συνέπιπτεν,

2178 2282 2277 2336 ἅτε
2325 2284 2559 2355 μελέτην
2578 2287 2771 2355 ἄγοντι
2808 2287 3115 2359 ἀνθρώποις
3147 2291 3405 2346 εὐποιεῖν.
3442 2295 3504 2347 Ei
3534 2295 3591 2348 δέ
3622 2310 3761 2348 ποτε

2180 2378 2274 2431 καὶ
2330 2378 2678 2449 συμπέσειεν,
2726 2380 3026 2453 ἀνιώμενος
3072 2384 3226 2452 ἔλεγε
3246 2401 3261 2416 ·
3318 2385 3593 2457 Σήμερον
3643 2391 3762 2442 οὐκ

2178 2471 2573 2528 ἐϐασίλευσα.
2631 2475 2769 2529 Ἀλλ’
2803 2476 2832 2526 ὁ
2880 2477 2979 2546 μὲν
3032 2477 3256 2548 Ἕλλην,
3309 2478 3405 2532 καὶ
3435 2480 3495 2533 ὲν
3530 2480 3763 2550 Ἕλλησι

2181 2563 2280 2616 καὶ
2315 2562 2600 2633 βασιλεύς·
2638 2565 2732 2619 καὶ
2766 2566 2993 2636 ἡδονῶν,
3026 2569 3120 2621 καὶ
3150 2569 3364 2639 τρυφῆς
3387 2571 3481 2623 καὶ
3502 2570 3767 2641 εὐτυχίαν

2187 2652 2402 2723 μεθύων
2423 2653 2728 2723 ἄνθρωπος,
2773 2656 2869 2708 καὶ
2913 2655 3377 2719 οεοὺςητοιούτους
3419 2657 3524 2727 τῆς
3550 2657 3769 2720 οἰκείας

2184 2744 2461 2808 πολιτείας
2489 2747 2717 2818 ἐφόρους
2759 2746 3103 2817 ποιούμενος.
3134 2748 3208 2802 Σὺ
3233 2747 3292 2801 δὲ
3336 2748 3548 2813 πιστὸς,
3587 2749 3693 2802 καί
3714 2750 3771 2801 ὲν

2186 2841 2399 2902 πιστοῖς
2427 2838 2525 2892 καὶ
2556 2841 2695 2910 μετὰ
2718 2839 2829 2893 τῶν
2864 2841 3045 2911 νόμων
3071 2841 3258 2912 ἄρχειν
3282 2840 3640 2911 τεταγμένος,
3676 2842 3773 2896 καὶ

2189 2929 2363 2984 πολλὰ
2382 2930 2736 3001 προσπταίων
2755 2931 2849 2985 τοῦ
2866 2931 2989 3001 βίου
3005 2935 3114 2996 τοῖς
3138 2933 3205 2986 κύ
3213 2949 3367 3001 μασι’
3387 2934 3481 2988 καὶ
3499 2935 3560 2986 ὲν
3577 2933 3772 3004 μέσοις

2188 3022 2373 3086 αὐτοῖς
2406 3024 2572 3092 ἱεροῖς
2594 3022 2690 3077 καὶ
2713 3023 2939 3095 ἱερεῦσι,
2964 3024 3059 3078 καὶ
3083 3025 3412 3094 ἐγκράτειαν
3440 3024 3537 3079 καὶ
3563 3024 3770 3095 ἀρετὴν

2186 3116 2353 3186 τιμᾷν
2372 3116 2471 3169 οὐκ
2495 3115 2829 3187 ἀρνούμενος
2846 3132 2859 3145 ⁸
2886 3118 2975 3171 ναὶ
2998 3118 3063 3187 δὴ
3089 3117 3185 3173 καὶ
3212 3116 3304 3171 τὸν
3326 3118 3486 3188 μόνον
3512 3116 3771 3186 ἀληθινὸν

2188 3205 2322 3259 Θεὸν
2345 3207 2594 3277 ἑπόπτην
2620 3208 2731 3260 τῶν
2757 3208 3066 3278 πρακτέων,
3102 3209 3166 3263 οὐ
3199 3210 3299 3280 μὲν
3321 3205 3415 3264 οὖν
3441 3210 3542 3262 οὐκ
3566 3208 3636 3265 ἂν
3679 3209 3772 3263 δυ-

2193 3299 2426 3368 νάμενος
2477 3297 2972 3370 παραγράψασθαι.
3042 3299 3205 3353 Ἀλλὰ
3259 3301 3315 3354 τί
3370 3300 3433 3355 τὸ
3485 3300 3767 3365 ὲντεῦθενς

2205 3388 2349 3458 Ἐγὼ
2377 3389 2478 3461 μὲν
2516 3392 2690 3444 εἰπεῖν
2726 3390 2970 3447 ἀποκνῶ.
3004 3391 3154 3463 Πλὴν
3188 3393 3289 3447 οὐκ
3322 3392 3471 3448 ἔστιν
3503 3394 3636 3448 ἰδεῖν
3678 3396 3770 3449 ού-

2192 3481 2319 3536 δένα
2344 3482 2453 3535 τῶν
2482 3482 2586 3536 ὑπὸ
2616 3483 2697 3548 σὲ,
2730 3483 2790 3545 ὃς
2817 3485 2936 3537 ἀντὶ
2965 3485 3059 3538 τοῦ
3086 3484 3249 3555 χάριν
3274 3486 3591 3554 εὐεργεσίας
3620 3486 3659 3559 ἧ
3688 3505 3769 3540 τι-

2198 3593 2287 3639 νος
2332 3574 2501 3645 ἄλλης
2543 3574 2953 3645 φιλανθρωπίας
2997 3576 3300 3647 ὁμολογεῖν,
3333 3578 3455 3647 οὐχὶ
3500 3579 3772 3649 τιμωρίαν

2195 3668 2296 3721 οὐκ
2338 3667 2589 3739 ὀδύρεται
2628 3666 2857 3738 ἄκριτον
2893 3667 2926 3738 ἢ
2958 3666 3164 3737 ζημίαν
3201 3669 3632 3739 ἀπροφάσιστον.
3667 3670 3772 3723 Καὶ

2197 3760 2354 3823 ἄλλος
2376 3758 2503 3812 ἄλλο
2529 3777 2581 3812 τι
2610 3758 2771 3828 ἔργον
2795 3760 2894 3831 τῆς
2922 3759 3020 3831 σῆς
3052 3760 3231 3826 δεξιᾶς
3260 3760 3534 3831 τραγικῆς
3567 3761 3772 3831 σκηνῆς

2198 3851 2377 3920 θέαμα
2405 3851 2906 3921 κατολοφυρόμενος
2947 3850 3316 3922 διεξέρχεται·
3363 3850 3479 3905 ἀλλ’
3523 3851 3773 3917 Ἀλέξαν-

2197 3941 2322 4013 δρος
2346 3941 2446 4013 μὲν
2462 3941 2762 4012 ἀνιώμενος
2790 3941 2945 4011 ἔλεγέ
2970 3959 3120 3996 ποτε⁸
3147 3942 3419 4013 Σήμερον
3433 3947 3546 4017 οὐκ
3570 3944 3768 4000 ἐϐασί-

2197 4035 2413 4088 λευσα·
2441 4034 2506 4087 σὺ
2524 4032 2591 4096 δ’,
2610 4032 2688 4096 ὡς
2707 4032 2900 4097 ἔοικεν,
2921 4035 2982 4088 οὐ
3000 4034 3337 4106 περιλείψεις
3357 4036 3391 4106 ἡ
3398 4018 3464 4106 με
3472 4053 3574 4109 ραν
3596 4036 3770 4107 σαυτῷ

2200 4128 2258 4179 ἐν
2351 4125 2645 4198 θαῤῥῄσεις
2679 4128 2853 4180 εἰπεῖν
2877 4142 2890 4158 υ
2922 4126 3192 4197 Σήμερον
3226 4130 3338 4183 οὐκ
3369 4129 3766 4199 ἐτυράννησα,

2807 4413 3030 4468 ΕΠΙΣΤ.
3075 4412 3179 4467 IB’.

2645 4504 2942 4569 Βασιλείῳ
2974 4502 3320 4571 κοιαιστορι.

1758 4630 2024 4683 Montacut.
2063 4630 2167 4697 (ep.
2206 4630 2287 4689 Π,
2321 4641 2373 4691 p.
2408 4624 2541 4687 101).

594 4746 653 4802 Si
673 4746 820 4816 justa
836 4760 960 4801 cum
989 4757 1246 4798 mensura
1280 4736 1920 4795 contendentesinvicem
1950 4735 2091 4804 iudi-

2275 4733 2340 4785 Εί
2373 4729 2452 4800 τῷ
2489 4727 2683 4797 δικαίῳ
2716 4726 2901 4798 μέτρῳ
2947 4725 3229 4798 χρώμενος
3271 4728 3400 4792 τοὺς
3448 4727 3777 4799 διαμφισϐη-

524 4839 751 4901 caveris,
791 4837 935 4892 haud
966 4844 1019 4890 te
1056 4833 1174 4889 auri
1207 4832 1379 4903 pallor
1412 4829 1619 4899 majore
1652 4829 1861 4899 pudore
1891 4826 2104 4883 suﬂ'un-

528 4932 699 4995 deret,
727 4928 1073 5000 temetipsum
1103 4941 1265 4996 quam
1290 4922 1412 4978 illos
1442 4921 1537 4993 qui
1558 4921 1655 4977 tibi
1685 4920 1943 4976 oll‘erunt.

1114 5118 1338 5177 EPIST.
1376 5118 1520 5174 XIII.

880 5213 1073 5268 Joanni
1107 5214 1335 5283 patricio
1374 5222 1423 5268 et
1468 5211 1754 5267 sacellano.

2201 4825 2431 4887 τοῦντας
2473 4821 2721 4893 ἀλλήλοις
2766 4820 3036 4886 ὲδίκαζες,
3078 4820 3179 4874 ούκ
3206 4820 3272 4874 ἄν
3302 4838 3361 4874 σε
3391 4823 3425 4893 ἡ
3454 4821 3549 4875 τοῦ
3576 4820 3770 4893 χρυσοῦ

2204 4917 2453 4987 ὡχρότης
2485 4913 2646 4968 πλέον
2677 4911 3026 4983 αἰσχύνεσθαι
3068 4913 3196 4976 τοὺς
3230 4913 3391 4966 πλέον
3424 4913 3581 4968 αὐτὸν
3611 4929 3773 4983 χορη-

2203 5007 2433 5078 γοῦντάς
2464 5022 2568 5070 σοι,
2608 5003 3034 5075 παρεσκεύαζεν.

2808 5116 3032 5172 ΕΠΙΣΤ.
3080 5116 3182 5173 II".

2434 5210 2669 5278 Ἰωάννῃ
2703 5211 2987 5278 πατρικίῳ
3019 5210 3117 5264 καὶ
3158 5209 3556 5281 σακελλαρὶῳ.

1780 5325 2049 5375 Montacut.
2088 5324 2189 5387 (ep.
2224 5325 2304 5382 48,
2340 5338 2388 5387 p.
2425 5322 2556 5386 102).

600 5410 805 5469 lllustri
827 5409 1048 5464 laudum
1072 5409 1343 5480 praeconio
1363 5410 1432 5464 ob
1457 5425 1520 5465 ea
1541 5426 1663 5481 quae
1688 5409 1831 5481 geris
1856 5409 2001 5478 apud
2028 5407 2110 5461 vi-

530 5517 622 5559 ros
643 5501 843 5575 probos
860 5512 915 5557 et
942 5503 1203 5557 honestos
1218 5500 1413 5570 dignus
1432 5517 1510 5557 es.
1540 5502 1726 5573 Neque
1767 5499 2015 5571 ignorare
2058 5507 2112 5553 te

2289 5408 2574 5477 Λαμπρῶν
2620 5407 2879 5471 ἐπαίνων,
2925 5404 2992 5458 δι’
3036 5399 3111 5459 ὦν
3166 5405 3446 5473 πράττεις,
3502 5396 3656 5470 παρὰ
3680 5397 3788 5459 τοῖς

2221 5499 2528 5564 σπουδαίοις
2544 5501 2827 5571 τυγχάνων
2851 5508 2873 5535 ι
2905 5497 3110 5560 δίκαιος
3136 5497 3201 5550 ἂν
3243 5495 3361 5566 εἴης
3380 5512 3394 5525 ·
3436 5492 3569 5564 μηδὲ
3599 5489 3786 5545 τούτου

1821 5654 2057 5711 VARIIE
2108 5653 2517 5715 LECTIONES.

602 5823 629 5850 '
656 5830 746 5881 γρ.
779 5813 858 5871 ὃς.
936 5822 962 5849 ι
992 5813 1080 5867 ἷσ.
1109 5808 1417 5879 τυγχάνειν.
