4024 6438
240 424 343 491 937

1394 427 1933 493 EPISTOLARUM
1971 433 2201 494 LIBER
2225 434 2335 493 IIl.

3382 430 3491 496 938

239 537 297 587 ἐν
327 533 529 604 ἀγνοίᾳ
563 529 724 601 εἶναι,
770 534 852 588 ὅτι
901 534 1024 588 ὅσον
1049 535 1251 607 ὑψηλὸν
1300 540 1394 592 καὶ
1423 541 1724 610 θαυμάσιον
1753 543 1815 595 τὸ

1930 560 2014 613 par
2042 553 2098 599 et
2134 559 2351 615 aequum
2379 552 2485 607 est,
2518 556 2662 612 quoo
2693 548 2895 610 quanto
2926 539 3208 596 sublimior
3230 550 3285 597 et
3315 542 3491 599 admi-

239 627 297 679 ὲν
336 624 552 689 τούτοις
597 625 773 693 κλέος,
819 627 1089 699 τοσαύτης
1131 630 1350 701 καὶτῆς
1388 632 1691 701 ἀσφαλείας
1721 634 1817 687 καὶ

239 714 561 784 ἐπιμελείας
584 714 774 772 δεῖται.
808 715 987 769 Πολλά
1019 717 1117 786 μὲν
1146 718 1253 791 γὰρ
1283 719 1426 773 κατά
1462 721 1571 775 τῶν
1600 722 1814 775 εὐδοκι-

241 805 509 876 μούντων,
535 806 643 861 ἀπὸ
660 806 763 876 τῆς
790 806 900 861 τῶν
931 808 1199 878 δαιμόνων
1231 810 1522 882 ἐπιϐουλῆς
1547 813 1765 881 ἀφίεται
1785 822 1815 861 Τ

242 898 404 969 βέλη·
430 898 581 952 οὐδὲν
607 898 664 953 δὲ
693 898 933 965 ἔλαττον,
965 903 1060 955 καὶ
1097 902 1125 955 ὁ
1160 900 1220 967 ἐξ
1263 902 1565 972 ἀνθρώπων
1622 907 1815 977 ἀνερε-

239 992 526 1062 θιζόμενος
554 993 767 1063 φθόνος,
786 996 878 1050 τὸν
906 995 981 1048 ίὺν
1004 997 1203 1066 ἐκχέει.
1237 996 1397 1050 Ἀλλά
1421 997 1483 1049 σύ
1513 1016 1575 1066 γε
1601 999 1690 1051 τὸν
1716 998 1817 1068 τῆς

238 1086 444 1156 ἀρετῆς
480 1085 579 1139 οὐκ
618 1085 853 1150 ἐνδιδοὺς
874 1088 1046 1152 τόνον,
1079 1089 1174 1142 καὶ
1207 1090 1287 1152 είς
1313 1091 1405 1143 τὸν
1433 1091 1596 1146 αὑτὸν
1618 1092 1675 1145 δὲ
1707 1095 1818 1156 τοῖς

241 1176 533 1248 προτέροις
554 1177 742 1246 ἀγῶνα
780 1178 878 1232 σὺν
904 1180 1110 1250 μετρίῳ
1137 1181 1231 1233 καὶ
1258 1182 1499 1251 ταπεινῷ
1523 1184 1816 1237 ὲναποδυό-

241 1285 403 1339 μενος
429 1268 508 1340 τῷ
533 1273 861 1341 φρονήματι,
886 1271 995 1324 τῶν
1019 1272 1117 1343 μὲν
1139 1273 1300 1341 κωφὰ
1319 1274 1513 1328 θᾶττον
1539 1274 1818 1345 διελέγξας

237 1362 306 1415 τά
338 1361 479 1433 μέλη
500 1370 523 1397 ι
550 1362 630 1425 είς
660 1363 894 1434 ἐσχάτην
927 1363 1189 1435 αἰσχύνην
1216 1368 1311 1419 καὶ
1344 1368 1580 1437 ἀπορίαν
1618 1369 1819 1437 μᾶλλον

238 1454 443 1516 αὐτοὺς
465 1455 819 1525 περιστήσεις
838 1470 853 1485 ·
882 1454 974 1508 τὸν
994 1455 1053 1509 δὲ
1071 1497 1085 1521 ,
1112 1458 1192 1520 είς
1214 1459 1342 1521 τοὺς
1360 1459 1620 1522 τεκόντας
1639 1498 1655 1524 ,
1681 1460 1821 1530 μετά

240 1542 487 1607 πλείονος
528 1546 754 1613 πικρίας
780 1547 1186 1619 ὲπαναστρέψαι
1222 1550 1665 1620 παρασκευάσεις
1684 1569 1697 1583 ·
1725 1554 1820 1607 καὶ

238 1636 331 1689 τὸν
360 1635 468 1706 τῆς
511 1636 725 1707 ἐχίδνης
765 1638 934 1709 μῦθον
974 1641 1032 1694 ἐν
1058 1641 1247 1705 αὐτοῖς
1279 1642 1669 1714 ἑνεργούμενον
1698 1645 1818 1699 ἑπι-

239 1728 473 1795 δείξεις·
520 1728 720 1797 δείξας,
773 1731 871 1802 οὐχ
918 1733 1160 1802 ἑτέρους,
1216 1734 1334 1789 ἀλλ’
1376 1736 1573 1799 αὐτούς
1602 1753 1665 1804 γε
1695 1739 1820 1801 τοὺς

239 1821 679 1892 γεννησαμένους
722 1824 1177 1896 κατεσθιομένους
1213 1828 1413 1898 μᾶλλον
1448 1829 1542 1882 καὶ
1574 1829 1817 1899 διαφθει-

242 1914 531 1985 ρομένους,
571 1916 676 1969 ὑπὸ
726 1916 820 1970 τοῦ
880 1918 1050 1972 καλοῦ
1106 1922 1443 1991 γεννήματος
1492 1924 1676 1988 αὐτοῖς
1725 1925 1820 1979 τοῦ

241 2005 463 2077 φθόνου,
513 2007 579 2060 δι’
612 1999 688 2061 ὧν
727 2010 952 2063 σεαυτὸν
992 2010 1381 2084 λαμπροτέρας
1417 2014 1693 2084 εὐφημίας
1727 2017 1835 2069 καὶ·

244 2098 602 2169 ἀναρρήσεως
630 2096 868 2169 μάλιστα
888 2098 1162 2167 ἀξιώσεις.

1849 1889 1896 1949 Β

1918 636 2131 691 ratione
2181 637 2395 708 dignior
2429 636 2498 691 ab
2537 634 2655 690 istis
2701 634 2868 706 gloria
2925 643 3294 704 comparatur,
3336 644 3490 691 tanto

1918 728 2109 798 majori
2151 728 2238 781 illa
2272 742 2403 783 cura
2432 735 2486 781 et
2517 727 2803 782 sedulitate
2838 725 3211 792 custodienda,
3253 732 3311 782 et
3345 737 3494 782 sarta

1920 830 2171 891 tectaque
2209 821 2516 891 praestanda
2552 830 2655 875 est.
2698 819 2931 875 Plurima
2973 820 3243 891 siquidem
3290 819 3347 875 in
3395 834 3493 875 eos

1919 912 2010 981 qui
2035 913 2380 983 prosperiore
2410 911 2551 967 fama
2572 912 2767 967 ﬂorent
2788 927 2887 983 per
2914 912 3232 968 insidiantes
3251 911 3495 969 diabolos

1920 1004 2287 1059 immittuntur
2331 1004 2465 1071 tela;
2504 1020 2683 1076 neque
2717 1005 2945 1060 multum
2982 1004 3240 1062 deﬁciunt
3272 1005 3358 1061 his
3390 1005 3493 1061 ho-

1919 1098 2116 1162 mines,
2167 1096 2261 1167 qui
2304 1095 2521 1152 invidiae
2566 1112 2678 1151 suae
2729 1097 2881 1151 virus
2927 1097 3205 1168 prurigine
3260 1098 3493 1167 quadam

1920 1191 2212 1245 excitatum
2263 1189 2572 1245 effundunt.
2624 1186 2705 1244 Tu
2763 1198 2947 1245 autem
2988 1190 3126 1245 nihil
3172 1190 3241 1245 de
3276 1190 3496 1247 virtutis

1920 1297 2082 1337 cursu
2117 1283 2369 1345 remittis,
2404 1292 2460 1339 et
2483 1284 2553 1339 ad
2582 1283 2893 1338 eademmet
2910 1282 3052 1352 ipsa,
3086 1298 3207 1353 qua:
3224 1283 3333 1354 jam
3363 1283 3495 1338 olim

1920 1376 2080 1430 adisti
2114 1377 2431 1441 certamina,
2473 1384 2527 1430 te
2559 1391 2790 1445 apparas
2828 1390 2954 1430 cum
2990 1375 3266 1430 moderata
3301 1381 3357 1429 et
3394 1374 3498 1427 hu-

1922 1468 2036 1523 mili
2063 1467 2352 1525 affectione
2378 1469 2545 1524 animi
2569 1487 2584 1535 ;
2614 1469 2721 1523 tela
2750 1467 2903 1523 irrita
2933 1466 3238 1534 reddidisti,
3261 1474 3317 1522 et
3341 1465 3500 1521 insu-

1922 1575 2019 1629 per
2059 1560 2207 1630 ipsos
2251 1561 2309 1615 in
2346 1569 2645 1629 extremam
2676 1560 3113 1630 desperationem
3147 1568 3309 1628 atque
3341 1573 3499 1613 vere.

1923 1652 2177 1706 cundiam
2232 1652 2546 1717 adduxisti;
2602 1651 2863 1707 invidiam
2906 1661 3089 1706 autem
3135 1650 3190 1704 in
3244 1657 3500 1704 auctores

1924 1743 2073 1813 ipsos
2093 1759 2217 1798 cum
2241 1745 2432 1814 majori
2449 1743 2812 1799 amaritudine
2833 1742 3253 1812 retorquendam
3273 1740 3498 1797 curasti.

1923 1832 2086 1888 Certe
2135 1826 2540 1903 fabulamquaa
2587 1835 2655 1889 de
2700 1833 2882 1903 vipera
2916 1831 3112 1895 fertur,
3161 1830 3306 1900 apud
3354 1830 3502 1899 ipsos

1927 1926 2037 1981 vim
2092 1927 2340 1982 obtinere
2408 1942 2565 1982 suam
2612 1926 2947 1992 declarabis;
3002 1925 3132 1980 dum
3195 1921 3503 1979 ostenderis

1929 2017 2346 2088 haudquaquam
2375 2018 2522 2073 illam
2542 2018 2675 2074 alios
2716 2018 2812 2074 sed
2834 2017 2981 2088 ipsos
2996 2025 3250 2088 parentes
3270 2014 3505 2070 exedere

1928 2120 1984 2163 et
2011 2110 2347 2179 disperdere,
2391 2112 2466 2166 ita
2501 2110 2728 2181 pulchra
2771 2124 3012 2181 propago
3048 2118 3133 2164 est
3163 2106 3388 2162 invidia.
3420 2105 3501 2161 Tu

244 2204 428 2249 tamen
453 2193 595 2250 banc
622 2195 692 2250 ob
721 2210 939 2251 causam
986 2196 1268 2252 illustriori
1326 2198 1554 2267 quadam
1586 2200 2040 2271 depraedicatione
2088 2207 2563 2278 publicationeque
2605 2216 2657 2261 te
2725 2206 2951 2277 dignum
3023 2202 3288 2274 imprimis
3352 2200 3504 2255 arbi-

245 2288 424 2343 traris.

856 2374 1083 2430 ΕΠῙΣΤ.
1125 2377 1221 2430 ῙΔ’.

257 2464 505 2533 Ἰωάννῃ
566 2463 870 2534 πατρικίῳῄ
907 2463 1008 2516 καὶ
1058 2466 1438 2534 σακελλαριῳ
1488 2466 1642 2521 κατὰ
1689 2467 1828 2533 τοὺς

858 2532 1251 2602 Ἀγτουρίους.

2536 2379 2753 2436 EPIST.
2780 2379 2916 2433 XIV.

2075 2473 2268 2527 Joanni
2310 2474 2535 2544 patricio
2570 2486 2619 2527 et
2666 2474 2932 2527 sacellum)
2976 2488 3067 2540 per
3100 2469 3378 2541 Angurios.

1493 2630 1761 2680 Montacut.
1802 2632 1904 2697 (ep.
1940 2630 2020 2689 49,
2054 2645 2106 2693 p.
2141 2630 2274 2694 102).

312 2734 403 2806 Τῷ
442 2734 656 2788 Ἀττιδι
691 2732 790 2804 μέν
815 2750 875 2787 σε
900 2735 1253 2807 ἀναφέρουσι,
1281 2736 1481 2791 Γάλλον
1510 2737 1822 2800 καλοῦντες,

246 2830 295 2880 οἱ
325 2829 462 2899 παρ’
496 2826 721 2896 Ἕλλησι
770 2828 1052 2897 σοφισταί·
1105 2833 1171 2901 τῇ
1204 2830 1606 2898 γυναικωνίτιδί
1640 2848 1699 2883 σε
1731 2849 1828 2882 κα-

247 2918 613 2982 τακλείουσιν,
638 2916 964 2987 ἀνδρόγυνον
987 2920 1081 2971 καὶ
1101 2919 1302 2983 εἰδότες
1329 2922 1425 2974 καὶ
1446 2919 1824 2991 ὀνομάζοντες,

248 3012 296 3062 οἱ
328 3012 595 3080 ἡμέτεροι
646 3008 819 3077 σοφοί.
857 3010 1028 3064 Πόθεν
1073 3007 1165 3064 οὖν
1216 3012 1281 3064 σὺ
1312 3012 1440 3076 τοὺς
1487 3013 1828 3084 ἑκατέρωθεν

248 3104 401 3173 ὅρους
427 3102 678 3173 ὑπερϐὰς
700 3102 780 3165 είς
809 3102 878 3156 τά
902 3103 1004 3173 τῆς
1041 3103 1368 3175 Ἐκκλησίας
1392 3104 1529 3158 Θεοῦ
1552 3107 1829 3176 μυστήρια

2007 2739 2146 2794 Sunt
2166 2740 2256 2808 qui
2290 2751 2342 2793 te
2372 2746 2691 2808 comparant
2723 2738 2856 2802 Atti,
2880 2735 3092 2792 Gallum
3127 2735 3503 2789 nominantes:

1933 2835 2191 2890 nimirum
2247 2833 2544 2890 Graecanici
2593 2832 2873 2904 sophistae.
2936 2831 3114 2887 Nostri
3170 2831 3501 2895 nasutiores,

1933 2928 2025 2998 qui
2047 2936 2100 2981 et
2129 2927 2307 2982 sciunt
2338 2926 2723 2997 Androgynon,
2744 2925 2889 2981 etita
2904 2925 3222 2987 nominant,
3255 2924 3507 2994 Gynaecio

1934 3018 2322 3074 includendum
2345 3018 2585 3074 tradunt.
2611 3017 2767 3072 Unde
2786 3031 2917 3089 ergo
2932 3016 3136 3072 factum
3172 3024 3234 3070 ut
3258 3016 3515 3085 utrinque

1935 3110 2198 3166 terminos
2272 3109 2713 3180 oircumscriptos
2766 3110 3100 3174 transiliens,
3152 3109 3207 3162 in
3256 3107 3512 3164 Ecclesiae

251 3197 724 3269 παρεισέφρησας,
770 3199 883 3252 ἀνω
927 3197 1022 3250 καὶ
1052 3196 1203 3250 κάτω
1255 3196 1434 3250 πάντα
1476 3196 1682 3250 ποιῶν·
1733 3199 1825 3250 καὶ

1934 3212 1988 3259 te
2038 3204 2275 3259 sacraria
2310 3202 2596 3273 iniecisti?
2652 3202 2835 3258 omnia
2863 3217 3069 3271 susque
3101 3201 3279 3271 deque
3316 3199 3509 3254 habes.

251 3290 309 3341 τὸ
338 3292 394 3343 ὲν
428 3292 502 3359 τῇ
530 3292 596 3361 σῇ
624 3289 961 3361 παραφθόρῳ
989 3288 1148 3357 φύσει
1174 3287 1424 3359 ἄκαρπόν
1452 3306 1512 3341 τε
1538 3287 1634 3342 καὶ
1660 3288 1833 3359 ἀχρη-

254 3399 371 3440 στον
405 3389 474 3440 ὲν
502 3388 568 3458 τῇ
607 3384 704 3436 τοῦ
745 3381 985 3453 Χριστοῦ
1016 3382 1366 3455 γονιμωτάτῃ
1397 3382 1490 3436 καὶ
1520 3381 1831 3452 πολυτέχνῳ

266 3478 600 3549 Ἐκκλησίᾳ,
655 3478 976 3545 φιλονεικεϊς
1028 3473 1485 3545 καταπράξασθαι
1514 3491 1529 3539 ;
1558 3474 1673 3528 ἀλλ’
1722 3475 1830 3528 ῐσθι

258 3568 486 3636 σαφῶς,
525 3568 606 3621 ὅτι
637 3566 762 3638 ᾅδου
799 3565 898 3635 μὲν
920 3566 1014 3617 καὶ
1060 3564 1168 3617 τῶν
1205 3565 1373 3617 αὑτοῦ
1407 3564 1617 3631 πυλῶν,
1650 3565 1719 3618 δι’
1757 3560 1833 3620 ὧν

255 3661 518 3730 πράττεις
543 3659 941 3729 ἀναιδέστερον,
980 3658 1203 3710 σεαυτὸν
1230 3668 1257 3697 α
1286 3656 1701 3725 ὲστηλίτευσαςο
1751 3659 1836 3717 ὅτι,

254 3754 307 3808 δὲ
338 3754 439 3809 καὶ
470 3754 858 3822 ἀσθενέστερος
890 3748 1060 3823 ἦσθα,
1090 3754 1249 3822 ἡμεῖς
1281 3753 1378 3806 καὶ
1410 3754 1439 3806 ὁ
1466 3751 1558 3805 τοῦ
1592 3751 1831 3822 Χριστοῦ

257 3843 350 3898 σὺν
374 3844 517 3914 ἡμῖν
551 3842 976 3911 πολυάνθρωπος
1008 3843 1102 3895 καὶ
1136 3843 1292 3910 ἆγιος
1320 3843 1499 3913 χορὸς,
1529 3842 1633 3897 κᾶν
1657 3843 1832 3915 λυπή-

256 3953 467 4007 σωμεν,
516 3933 878 4002 διελέγξομεν.
900 3934 986 3987 -Εἰ
1017 3935 1062 3987 δ’
1092 3936 1298 3988 ἐκεῖνον
1351 3935 1439 3988 τὸν
1474 3935 1832 4006 ἀρχιτέκτονα

253 4027 358 4081 τῶν
387 4027 846 4097 πονηρευμάτων,
876 4026 1014 4095 μετά
1055 4026 1162 4079 τῶν
1191 4026 1355 4080 αὐτοῦ
1396 4028 1581 4081 πυλῶν
1599 4022 1704 4097 (ὧν
1734 4029 1834 4098 μία

256 4116 392 4185 τάχα
434 4114 723 4184 τυγχάνεις
763 4115 953 4180 αὐτὸς,
1010 4115 1131 4169 ὅλον
1179 4115 1373 4186 ἐκείνῳ
1410 4117 1472 4169 τὸ
1524 4118 1701 4187 στόμα
1738 4119 1833 4171 καὶ

257 4209 352 4277 τὴν
398 4204 656 4274 γλῶσσαν
695 4207 791 4260 καὶ
839 4209 938 4278 τὴν
987 4206 1173 4278 φωνὴν
1227 4208 1642 4279 χαρισάμενος),
1682 4210 1832 4278 ὅμως

260 4301 557 4373 σύμπασαν
606 4299 771 4355 αὐτοῦ
819 4301 919 4368 τὴν
988 4301 1294 4371 παράταξιν
1352 4302 1678 4371 ἀνισχύρους
1736 4303 1834 4355 καὶ

258 4394 577 4466 ἀπράκτους
610 4394 797 4448 κατάι)
818 4393 922 4463 τῆς
971 4394 1299 4464 Ἐκκλησίας
1328 4395 1492 4447 αὐτοῦ
1536 4395 1769 4466 Χριστὸς
1796 4396 1831 4465 ἠ

1934 3293 2153 3348 Natura:
2209 3302 2391 3349 autem
2440 3303 2549 3349 tuae
2601 3292 3028 3363 corruptissime
3077 3289 3340 3361 quidquid
3390 3290 3512 3344 sine

1934 3389 2108 3442 fructu
2144 3396 2199 3441 et
2225 3386 2414 3442 inutile
2443 3385 2777 3450 adhaerebat,
2804 3385 2859 3439 in
2891 3383 3279 3440 fecundissima
3304 3382 3508 3447 Christi

1937 3478 2173 3535 Ecclesia
2198 3489 2252 3534 et
2278 3479 2462 3535 liberis
2482 3477 2899 3549 quamplurimis
2942 3476 3052 3531 feta
3071 3516 3087 3539 ,
3115 3491 3383 3531 summam
3411 3488 3510 3543 per

1936 3568 2326 3638 impudentiam
2348 3569 2593 3623 inserere
2614 3567 2853 3621 voluisti.
2877 3566 2983 3621 Sed
3012 3565 3315 3620 clarissime
3344 3564 3509 3618 intel-

1936 3660 2067 3730 ligas
2107 3670 2353 3730 oportet,
2394 3659 2537 3729 quod
2570 3673 2668 3728 per
2699 3673 2762 3711 ea
2796 3673 2917 3727 quae
2948 3656 3193 3726 operaris
3222 3655 3512 3726 impuden-

1937 3752 2163 3817 tissime,
2215 3761 2270 3806 te
2308 3751 2485 3821 palam
2524 3749 2819 3805 declarasti-
2848 3750 2993 3820 quod
3032 3749 3099 3804 ad
3141 3747 3414 3804 infernum
3455 3757 3511 3803 et

1935 3844 2133 3898 inferni
2186 3853 2368 3913 portas
2412 3852 2647 3913 spectes.
2692 3842 2847 3907 Quod
2886 3856 3049 3911 porro
3092 3840 3167 3896 sis
3200 3855 3360 3910 quam
3407 3839 3511 3893 illa:

1936 3937 2081 3990 fores
2114 3935 2403 3998 inﬁrmior,
2432 3949 2535 3990 nos
2574 3946 2629 3989 et
2665 3934 2949 3989 nobiscum
2985 3948 3090 3987 una
3126 3930 3509 3987 numerosissk

1936 4042 2059 4081 mus
2113 4025 2316 4082 Christi
2342 4040 2493 4097 grex,
2516 4026 2640 4080 licet
2669 4034 2857 4081 nostro
2885 4040 3008 4080 cum
3030 4025 3219 4079 dolore
3238 4062 3253 4086 ,
3282 4023 3511 4078 manife-

1934 4129 2078 4174 stum
2094 4118 2343 4175 facimus.
2384 4118 2517 4173 Cum
2546 4130 2678 4173 vero
2702 4118 2965 4173 malorum
2997 4115 3241 4172 omnium
3272 4114 3512 4175 archite-

1942 4220 2085 4265 ctum
2111 4210 2284 4277 illum,
2310 4226 2417 4265 una
2441 4226 2565 4266 cum
2593 4210 2761 4279 ipsius
2792 4208 2963 4279 portis
2987 4208 3242 4280 (quarum
3266 4206 3512 4263 fortassis

1937 4313 1995 4358 tu
2028 4320 2132 4358 una
2167 4318 2245 4368 es,
2279 4318 2403 4357 cum
2434 4303 2487 4357 in
2519 4303 2748 4357 solidum
2781 4301 2880 4371 ipsi
2912 4317 2996 4366 os,
3031 4301 3290 4373 linguam,
3320 4315 3511 4355 vocem

1935 4396 2337 4466 concesseris),
2367 4406 2422 4451 et
2462 4410 2656 4451 omnes
2703 4396 2874 4465 ipsius
2914 4394 3189 4450 exercitus
3223 4392 3510 4455 invalidos,

259 4486 490 4557 ἀλήθεια
537 4486 888 4556 ἀπεφήνατο·
928 4486 1091 4557 μέχρι
1123 4485 1267 4549 τίνος
1298 4486 1398 4539 οὐκ
1428 4486 1640 4548 ὲνδίδως
1673 4488 1825 4539 ἀναι-

1939 4499 1995 4543 et
2045 4487 2183 4543 nihil
2233 4498 2456 4559 agentes
2498 4495 2686 4543 contra
2736 4487 3052 4553 Ecclesiam,
3096 4486 3349 4542 Christus
3395 4484 3513 4553 ipsa

259 4576 581 4648 δευόμενος,
636 4578 728 4631 καὶ
776 4579 855 4640 είς
883 4576 1144 4646 οὐρανοὺς
1171 4576 1240 4629 τὰ
1270 4576 1374 4646 τῆς
1417 4578 1675 4640 ἀπονοίας
1708 4577 1825 4647 βέλτ

1940 4581 2142 4635 veritas
2167 4580 2329 4635 nobis
2358 4579 2795 4634 conﬁrmaverit:
2828 4592 3111 4650 quousque
3146 4588 3203 4631 tu
3234 4578 3303 4633 de
3332 4576 3513 4645 impu-

265 4670 400 4737 μετὰ
426 4667 630 4739 πολλῆς
652 4669 752 4736 τῆς
776 4667 1134 4733 ἀναισθησίας
1164 4668 1343 4736 ἀφιείς
1364 4686 1379 4735 ',
1402 4668 1469 4722 δι’
1495 4663 1591 4733 ὧν,
1626 4670 1825 4738 γέλωτα

1938 4674 2121 4729 dentia
2154 4683 2244 4728 tua
2277 4673 2353 4727 nil
2384 4672 2663 4728 remittis?
2699 4686 2982 4743 quousque
3018 4686 3127 4726 non
3159 4669 3380 4725 omittes
3408 4667 3513 4722 im-

266 4761 364 4830 μὲν
390 4763 503 4823 τοῖς
534 4759 950 4831 συμπράττουσι
986 4758 1205 4831 δαίμοσι
1236 4764 1423 4826 κινεῖς,
1452 4761 1628 4833 λύπην
1656 4762 1714 4816 δὲ
1744 4763 1825 4815 ὲπΊ

1935 4764 2213 4835 pudentiae
2237 4773 2344 4818 tua:
2365 4764 2470 4817 tela
2498 4762 2704 4817 furioso
2734 4777 2885 4816 more
2917 4762 2972 4816 in
2993 4761 3192 4817 ccelum
3214 4758 3474 4830 cjaculari
3492 4757 3517 4809 Ἰ

261 4854 328 4923 τῇ
361 4855 429 4923 σῇ
468 4851 716 4923 ἀπωλείᾳ
740 4855 853 4914 τοῖς
886 4851 1065 4919 ἁγίοις
1095 4851 1397 4922 προξενεῖς.
1434 4856 1665 4924 μισητὸν
1693 4854 1750 4908 δὲ
1780 4856 1825 4907 τί

1937 4856 2083 4911 unde
2142 4858 2311 4911 risum
2373 4865 2427 4910 et
2487 4856 2781 4911 ludibrium
2836 4853 3226 4909 auxiliantibus
3281 4849 3516 4908 diabolis

267 4945 357 4997 σὺν
384 4944 542 5012 γένος
572 4943 666 4996 νῦν
696 4942 894 5012 μᾶλλον
929 4944 962 5011 ἢ
996 4943 1263 5022 πρότερον
1304 4945 1396 4997 καὶ
1426 4944 1708 5015 διαϐόητον
1739 4946 1825 4998 ἐπὶ

1938 4946 2237 5009 ministras,
2280 4945 2524 5001 dolorem
2556 4961 2688 4999 vero
2724 4945 2790 5000 de
2831 4955 2919 4999 tua
2963 4943 3269 5014 perditione
3311 4941 3517 4997 sanctis

264 5034 434 5105 κακίᾳ
466 5033 755 5104 πανριστᾷς.

864 5309 1086 5364 ΕΠΙΣΤ.
1129 5311 1229 5363 ιε’.

690 5400 1050 5463 Ἀναστασίῳ
1091 5404 1420 5469 φορολόγῳ.

1943 5038 2235 5093 sutl'undis.
2289 5037 2474 5093 Genus
2514 5052 2682 5108 porro
2730 5046 2925 5100 tuum,
2972 5036 3113 5090 ultra
3169 5050 3330 5105 quam
3383 5033 3517 5088 olim

1948 5130 2145 5192 fuerat,
2198 5130 2325 5185 odio
2376 5129 2562 5185 haberi
2614 5138 2670 5184 et
2740 5128 3088 5184 detestationi
3142 5128 3294 5193 facis,
3345 5137 3401 5180 et
3446 5127 3518 5179 ob

1947 5223 2350 5292 improbitatem
2374 5221 2733 5277 diﬂ‘amatum.

2554 5311 2769 5367 EPIST.
2793 5309 2914 5367 XV.

2308 5406 2593 5460 Anastasio
2630 5404 2815 5457 tributi
2862 5403 3146 5459 collectori.

1542 5493 1810 5546 Montacut.
1849 5498 1954 5563 (ep.
1988 5500 2068 5558 5|,
2101 5512 2151 5562 p.
2186 5499 2317 5563 106).

339 5578 453 5633 Οὐκ
479 5578 597 5633 ἐστι
624 5594 707 5630 σοι
731 5575 960 5647 πάροδος
987 5576 1064 5637 είς
1083 5575 1183 5641 τὴν
1208 5575 1309 5643 τῆς
1336 5573 1610 5644 βασιλείας
1639 5577 1836 5650 πύλην,

266 5665 403 5722 διότι
428 5686 510 5721 σοι
525 5666 729 5735 ταύτην
749 5666 1093 5735 ἀπετείχισεν
1112 5665 1141 5717 ὁ
1162 5664 1262 5734 τῆς
1288 5665 1655 5738 φιλαργυρίας
1674 5670 1836 5740 ἔρως.

2018 5581 2171 5637 Haud
2195 5583 2290 5637 tibi
2313 5591 2462 5653 patet
2500 5583 2778 5651 ingressus
2805 5596 2904 5651 per
2930 5581 3130 5635 ostium
3163 5579 3219 5632 in
3252 5591 3515 5646 regnum:

1945 5676 2297 5744 pecuniarum
2334 5675 2537 5744 quippe
2584 5689 2737 5729 amor
2773 5687 2899 5728 eum
2942 5672 3039 5727 tibi
3073 5670 3323 5727 occlusit.
3366 5666 3519 5735 Quod

496 5844 497 5847 η
1554 5778 1789 5835 VARle
1840 5782 2242 5841 LECTIONES.

348 5885 376 5923 γ
408 5876 642 5946 ἑφιέται.
721 5884 743 5912 κ
774 5891 864 5942 γρ.
906 5874 1055 5943 βέλη.
1132 5889 1156 5917 ιι
1182 5876 1393 5929 ἑαυτόν.
1471 5877 1497 5915 δ
1541 5878 1679 5945 μετὰ
1706 5878 1931 5936 Hoescb.

546 5974 815 6033 ΡΔτιιοι..
851 5971 968 6033 Gn.
1008 5975 1137 6030 Cll.

3061 5968 3132 6029 30
