4024 6432
563 410 673 487 '939

1699 414 1962 482 PHOTII
1997 413 2502 479 PATRIARCHA!
2539 416 2648 478 CP.

3721 421 3823 484 940

564 535 613 595 si
654 549 870 591 murum
910 533 1254 605 interiectum
1293 549 1404 606 quo
1439 534 1766 600 excluderis,
1803 548 1902 604 per
1938 547 2142 604 paupe-

2255 530 2310 584 Εί
2344 528 2404 584 δὲ
2426 528 2489 583 τὸ
2518 528 2833 601 μεσότοιχον
2857 528 2945 584 διὰ
2973 530 3375 602 φιλοπτωχειας
3392 530 3601 601 λύσεις,
3634 530 3825 589 θᾶττον

562 643 689 685 rum
735 640 979 683 amorem
1017 624 1360 681 submoveris
1389 665 1406 691 ,
1450 626 1775 697 quantocius
1820 632 1877 680 te
1919 623 2144 695 recipiet

2255 622 2280 691 ἡ
2306 619 2407 690 τῆς
2438 618 2817 693 ὲλεημοσύνης
2842 620 3162 686 ὑποδέξεταί
3192 638 3254 676 σε
3283 623 3558 680 κατοικία.

562 723 922 794 eleemosynae
947 718 1220 777 destinata
1245 718 1532 775 habitatio.

1148 831 1371 889 EPIST.
1400 830 1548 888 XVI.

1244 925 1451 981 Eidem.

2834 820 3060 876 ΕΠιΣτ.
3114 821 3198 889 1c;
3215 856 3232 875 .

2840 986 2847 995 η
2884 910 2970 980 Τῷ
3011 912 3198 980 αὐτῷ.

1795 1037 2065 1090 Montacut.
2103 1039 2209 1105 (ep.
2243 1043 2324 1107 52,
2356 1060 2408 1111 p.
2442 1045 2579 1110 106).

627 1145 847 1207 Nullum
888 1144 1184 1203 admittunt
1221 1146 1365 1203 inter
1401 1162 1463 1203 se
1494 1148 1887 1204 commercium
1911 1148 2145 1207 avaritia

2320 1156 2437 1211 Οὐκ
2484 1151 2595 1212 οἵδε
2639 1154 2856 1211 συνοδον
2896 1154 3165 1224 ἀλλήλων,
3206 1138 3494 1223 πλεονεξία
3520 1153 3620 1212 καὶ
3643 1155 3833 1225 φιλαν-

559 1249 615 1296 et
654 1240 989 1298 humanitas.
1025 1238 1213 1312 Longe
1246 1242 1404 1297 abest
1444 1241 1593 1296 enim
1620 1239 1704 1296 vir
1736 1241 2048 1298 misericors
2076 1243 2144 1299 ab

2255 1246 2490 1320 Βρωπία.
2536 1246 2776 1320 Μακρὰν
2812 1246 3012 1318 ἀπέχει
3059 1246 3202 1320 ἀνὴρ
3271 1247 3525 1318 ἐλεήμων
3573 1245 3676 1318 τῆς
3721 1261 3834 1299 των

531 1331 684 1425 ξοὰἰο
709 1331 976 1395 fraterno,
1003 1346 1112 1401 quo
1134 1331 1387 1388 laborant
1408 1332 1628 1389 divites.
1655 1330 1924 1399 Quocirca
1958 1333 2143 1389 hiatus

2255 1338 2613 1394 πλουτούντων
2639 1336 3020 1408 μισαδελφίας.
3050 1338 3153 1392 Διὰ
3168 1337 3328 1425 τοῦτο
3352 1338 3451 1392 καὶ
3478 1337 3627 1408 μέγα
3640 1337 3831 1409 χάσμα

456 1457 464 1462 -
534 1422 752 1513 {ingens
795 1422 1144 1480 constituitur
1181 1423 1332 1495 inter,
1360 1423 1639 1480 infernum
1673 1431 1732 1480 et
1757 1423 2021 1481 caelorum
2052 1439 2141 1482 re-

2255 1429 2555 1502 ιστήρικται
2578 1426 2784 1500 μεταξὺ
2812 1428 3043 1500 γεέννης
3076 1429 3172 1484 καὶ
3193 1423 3492 1501 βασιλείας.

536 1531 748 1599 λείψω.

1149 1626 1372 1685 EPIST.
1397 1626 1567 1683 XVII.

1250 1718 1458 1774 Eidem.

628 1944 860 2004 Divitias
908 1956 1160 2008 evacuas,
1211 1950 1270 1998 et
1319 1938 1674 1997 vehementer
1720 1938 1952 2011 gaudeo,
1993 1937 2137 2008 quod

2165 1726 2215 1786 B

2854 1624 3083 1682 ΕΠΙΣΤ.
3130 1626 3232 1681 IZ'.

2886 1715 2973 1785 Τῷ
3002 1716 3188 1785 αὐτῷ.

1807 1831 2075 1883 Montacut.
2114 1830 2219 1895 (ep.
2254 1830 2334 1892 δε,
2367 1844 2418 1894 ρ.
2456 1830 2587 1893 107).
2701 1806 2713 1817 ’

2310 1937 2503 1999 Κενοῖς
2530 1936 2624 1990 τὸν
2665 1934 2897 1991 πλοῦτον
2919 1952 2934 1968 °
2967 1936 3063 1991 καὶ
3095 1935 3240 2008 μέγα
3280 1934 3458 2008 χαίρω
3484 1935 3570 1990 ὅτι
3607 1949 3693 1988 σοι
3736 1931 3832 2005 βα-

562 2038 656 2096 tibi
699 2037 963 2094 calorum
1014 2049 1242 2106 regnum
1279 2032 1607 2089 aediﬁcatum
1648 2031 1903 2088 videam:
1950 2031 2043 2086 scd
2083 2038 2141 2084 et

2255 2026 2355 2082 ιιλε
2363 2027 2445 2082 ίαν
2463 2027 2710 2098 οὐρανῶν
2725 2028 2840 2100 δρῶ
2855 2028 3344 2100 οἰκοδομουμένην.
3373 2027 3534 2082 Ἀλλά
3556 2024 3831 2081 κενούσθω

558 2144 667 2186 una
699 2138 1036 2185 evacuentur
1061 2126 1290 2183 allectus
1320 2126 1419 2190 illi,
1449 2126 1544 2198 qui
1578 2124 1798 2181 divitias
1827 2126 1978 2196 prius
2015 2141 2139 2197 pos-

2255 2138 2324 2175 ςοι
2373 2121 2468 2173 καὶ
2518 2119 2557 2174 ὃ.
2600 2122 2930 2194 προκατεῖχε
2977 2122 3070 2177 τὸν
3103 2121 3337 2177 πλοῦτον
3397 2121 3580 2192 πάθη·
3632 2120 3728 2175 ἵνα
3757 2120 3827 2191 μὴ

557 2223 822 2279 sederunt
859 2239 873 2277 :
915 2231 977 2278 ut
1008 2236 1121 2277 non
1152 2221 1317 2277 modo
1341 2220 1611 2276 thalamus
1647 2220 1748 2276 tibi
1779 2221 1977 2292 regalis
2006 2235 2140 2276 con-

559 2315 763 2388 tingat,
778 2313 877 2372 sed
899 2322 956 2369 et
985 2326 1221 2384 sponsus
1257 2313 1419 2368 etiam
1448 2310 1679 2384 prodeat
1717 2311 1948 2384 pulchre
1980 2327 2142 2368 οχον-

557 2415 744 2462 natus.
770 2460 775 2465 ,

1144 2492 1549 2561 EPISTJXVIII
1562 2538 1574 2552 .

1053 2584 1328 2654 Galatom',
1351 2603 1383 2640 a
1410 2588 1637 2641 secretis.

2245 2215 2405 2286 μόνον
2432 2215 2466 2286 ή
2497 2213 2714 2278 παστὰς
2762 2214 2984 2288 ὑπάρχῃ
3033 2214 3310 2287 βασιλικὴ,
3339 2215 3477 2270 ἀλλὰ
3509 2214 3605 2268 καὶ
3633 2214 3664 2267 δ
3696 2231 3827 2284 νυμ-

2243 2304 2366 2375 φίος
2400 2303 2831 2376 ὲξωραῖσμένος.

2838 2501 3068 2559 sum.
3117 2505 3225 2561 nr.
3414 2588 3417 2589 ν

2691 2593 3005 2651 Γαλάτωνι
3029 2594 3381 2665 ἀσηκρῆτις.

1815 2705 2082 2757 Montacut.
2117 2706 2222 2772 (ep.
2254 2708 2335 2773 55,
2372 2722 2425 2775 p.
2460 2709 2595 2776 110).

636 2815 977 2889 Archetypon
1001 2814 1273 2887 (opinor)
1298 2822 1400 2881 est,
1426 2828 1527 2869 nec
1542 2813 1609 2868 ad
1630 2813 1985 2870 imitationem
2017 2815 2142 2872 alio-

2335 2817 2900 2893 ’Δρχέτυπον,,οἷμαι,
2945 2822 3041 2876 καὶ
3081 2821 3143 2875 ού
3180 2816 3317 2893 πρὸς
3360 2819 3596 2891 μίμησιν
3625 2818 3830 2892 ἑτέρων

546 2920 681 2964 ‘rum
728 2907 1065 2974 institutum,
1121 2905 1367 2977 praeclari
1424 2906 1586 2961 amici
1641 2907 1718 2962 tui
1769 2907 2135 2967 mendacium.

2255 2913 2727 2984 μεμηχανημένον,
2752 2913 2848 2966 τοῦ
2880 2911 3048 2967 καλοῦ
3094 2927 3190 2966 σου
3244 2910 3401 2982 φίλου
3454 2909 3720 2980 τυγχάνει
3772 2908 3830 2962 τὸ

555 3001 751 3073 Neque
796 2999 945 3057 enim
983 2998 1302 3070 persuaderi
1338 2998 1442 3069 ipsi
1474 2998 1687 3070 possit,
1719 3009 1781 3054 ut
1811 3014 1933 3055 cum
1966 3002 2142 3072 poetis

2255 3001 2466 3072 ψεῦδος.
2506 3003 2767 3072 Ποιηταῖς
2808 3002 2907 3073 μὲν
2936 3004 3069 3073 γὰρ,
3103 3002 3279 3057 καίτοι
3310 3000 3709 3073 φιλομυθοῠσιν
3737 3000 3825 3073 (ού

554 3094 655 3151 τοι
701 3092 1093 3150 amantissimis
1131 3092 1430 3157 ﬁctionum,
1465 3106 1535 3148 ne
1576 3092 1752 3148 dicam
1786 3093 2009 3149 comicis
2051 3104 2144 3149 aut

559 3186 807 3259 tragicis,
839 3193 1219 3257 comparetur;
1250 3184 1422 3240 multo
1459 3184 1629 3256 magis
1664 3184 1754 3255 qui
1788 3200 1877 3240 res
1916 3185 2141 3240 heroum

546 3287 743 3352 gestas
776 3286 952 3333 metro
995 3291 1293 3349 paronymo
1321 3275 1341 3348 (
1370 3276 1475 3331 hoc
1513 3287 1618 3340 est,
1656 3276 1926 3350 heroico)
1957 3293 2143 3349 perse-

560 3370 674 3428 cuti
706 3379 855 3426 sunt.
900 3366 1039 3425 Cum
1069 3384 1196 3424 vero
1239 3378 1431 3440 poetas
1478 3383 1666 3424 omnes
1707 3369 1763 3423 in
1800 3376 2145 3440 extempora-

551 3462 708 3519 -libus
730 3459 1436 3533 ﬁgmentistransgreditur,
1474 3460 1636 3530 idque
1680 3476 1804 3515 cum
1830 3461 2144 3532 supercilio,

563 3554 859 3611 historicus
899 3554 1166 3624 quiSpiam
1209 3563 1304 3608 aut
1351 3567 1511 3624 prosa
1575 3553 1826 3624 scriptor.
1866 3553 1954 3609 hic
2000 3568 2143 3623 opus

548 3656 667 3712 ‘est,
716 3654 779 3701 ut
820 3645 878 3700 in
920 3645 1238 3701 memoriam
1277 3653 1564 3701 revocetur
1597 3645 1681 3711 ei,
1726 3654 1781 3699 et
1819 3661 1882 3699 ex
1917 3645 2144 3700 adverso

551 3746 926 3809 componatur
963 3745 1219 3793 strenuus
1257 3736 1528 3807 quiSpiam
1569 3737 1977 3792 mendaciorum
2025 3752 2145 3792 sar-

563 3837 673 3896 tor,
724 3835 787 3884 ut
813 3828 888 3884 ita
935 3843 1190 3900 magnum
1225 3837 1282 3884 et
1314 3828 1540 3884 dubium
1574 3828 1808 3884 subeant
1843 3837 2140 3885 certamen.

551 3919 699 3988 Quis
725 3927 909 3976 autem
939 3919 1029 3975 ille
1058 3920 1274 3975 tandem
1303 3919 1411 3976 erit
1435 3921 1459 3973 ?
1493 3917 1655 3975 Certe
1681 3934 1786 3975 nec
1824 3920 1966 3975 inter
1991 3920 2142 3976 Grae-

564 4028 681 4076 cos,
723 4013 822 4068 sed
909 4028 1088 4083 neque
1133 4012 1391 4067 barbaros
1432 4011 1639 4067 versari
1675 4010 1988 4082 dignabitur
2028 4011 2139 4067 ille.

565 4102 675 4159 Sed
713 4116 853 4174 opus
891 4113 1073 4159 autem
1108 4115 1193 4159 est
1233 4113 1292 4159 ut
1321 4103 1616 4176 investiges
1660 4112 1860 4158 terram
1904 4103 2142 4158 homini-

562 4193 670 4251 bus
723 4195 1060 4266 incognitam
1088 4237 1103 4263 ,
1149 4195 1333 4266 potius
1379 4181 1501 4266 qua:
1554 4211 1822 4266 nusquam
1886 4195 2138 4262 habetur,

2250 3093 2398 3164 λέγω
2414 3096 2699 3166 κωμικοῖς,
2714 3094 2831 3148 ἀλλ’
2850 3094 2970 3148 οὐδὲ
2991 3093 3331 3164 τραγικοῖς),
3353 3093 3454 3147 οὐκ
3485 3091 3552 3147 ἂν
3574 3091 3825 3162 πεισθείη

2253 3186 2663 3259 συγκρίνεσθαι.
2710 3185 2896 3257 Πολλῷ
2938 3186 2995 3241 δὲ
3027 3185 3249 3257 μᾶλλον,
3286 3185 3396 3239 οὐδ’
3424 3177 3508 3248 οἷς
3535 3182 3606 3237 τά
3632 3182 3826 3257 ἡρώων

2252 3276 2573 3349 παρωνύμῳ
2621 3277 2808 3348 μέτρῳ
2869 3276 3155 3349 ἐξῄρηται.
3208 3276 3384 3331 Ὅπου
3430 3275 3521 3341 δὲ,
3587 3277 3828 3348 ποιητῶν

2251 3369 2533 3433 ἁπάντων,
2590 3373 2649 3424 ὲν
2704 3369 2784 3441 τῷ
2834 3370 3159 3441 σχεδιάζειν,
3223 3370 3699 3443 ύπερωφρύωται,
3749 3372 3827 3434 τίς

2255 3461 2542 3535 ἱστορικῶν
2599 3462 2633 3534 ἢ
2690 3463 3054 3535 συγγραφέων
3106 3465 3188 3528 είς
3233 3462 3455 3534 μνήμην
3511 3462 3680 3534 χρεία
3737 3463 3827 3516 καὶ

2251 3555 2577 3627 παράθεσις;
2601 3555 2736 3627 πρὸς
2768 3556 2864 3609 ἕνα
2902 3559 3051 3621 τινὰ,
3086 3555 3294 3613 λοιπὸν.
3327 3554 3615 3624 γενναίων,
3654 3550 3823 3624 οἶμαι,

2250 3649 2320 3702 τὰ
2344 3648 2537 3720 ψευδῆ,
2573 3649 2749 3719 μέγας
2779 3650 2928 3721 αὐτῷ
2955 3650 3051 3702 καὶ
3083 3648 3434 3719 ἀμφήριστος
3478 3645 3825 3699 ὑπολείπεται

2251 3742 2280 3793 ὁ
2307 3739 2477 3809 ἀγών.
2524 3739 2623 3804 Τίς
2651 3737 2745 3795 οὖν
2776 3742 2925 3794 ἐστιν
2967 3733 3153 3804 οὖτος;
3186 3738 3301 3791 Οὐκ
3326 3738 3385 3790 έν
3407 3735 3690 3805 Ἕλλησιν,
3723 3733 3823 3789 οὐδ’

2251 3830 2310 3882 ὲν
2354 3830 2660 3903 Βαρδάροις
2708 3830 2852 3896 ἀξιοῖ
2891 3827 3305 3883 πολιτεύεσθαι·
3338 3828 3443 3897 γῆν
3462 3824 3521 3880 δὲ
3549 3824 3823 3894 ἄγνωστον

2250 3920 2582 3993 ἀνθρώποις,
2634 3921 2836 3992 μᾶλλον
2883 3920 2928 3974 δ’
2959 3920 3309 3990 ἀνύπαρκτον
3354 3918 3513 3983 ὅλως,
3553 3917 3654 3973 καὶ
3678 3917 3824 3987 γένος

2250 4013 2693 4084 ἀκατονόμαστον
2716 4013 3076 4084 ἐπιζητήσας,
3100 4012 3356 4066 κακεῖθεν
3387 4009 3546 4079 έπιδη
3554 4007 3699 4078 μῶν,
3719 4008 3826 4070 τοῖς

2254 4104 2609 4173 μύθοις,·τῶν
2650 4106 2979 4178 ἀπορρήτων
3029 4100 3341 4175 ύερηγητὴς,
3398 4101 3538 4172 μετά
3590 4099 3825 4170 φοϐερᾶς

2249 4197 2350 4266 τῆς
2370 4196 2572 4268 ὀφρύος
2605 4196 2970 4267 προκάθηται.
3009 4194 3287 4267 Τιμοκλέα
3331 4194 3483 4260 ποτε,
3535 4194 3740 4266 μᾶλλον
3770 4191 3825 4245 δὲ

561 4295 621 4342 et
652 4297 869 4359 gentem
903 4287 1137 4359 aliquam
1180 4289 1617 4357 innominatam;
1663 4289 1791 4345 inde
1830 4289 1939 4345 huc
1984 4304 2142 4360 pere-

2255 4289 2684 4344 Χλονθάκονθλον
2707 4290 2799 4342 τὸν
2816 4287 3135 4358 Ὀφιοκανὸν
3165 4289 3265 4357 (δεῖ
3288 4288 3417 4360 γὰρ,
3440 4287 3517 4352 ὡς
3540 4288 3711 4356 ἔοικε,
3734 4286 3827 4342 καὶ

563 4379 755 4451 grinus
797 4379 1052 4436 adveniat
1082 4392 1114 4448 ';
1146 4388 1201 4435 et
1246 4396 1369 4435 cum
1400 4381 1643 4437 terribili
1679 4382 1914 4452 quodam
1954 4395 2146 4452 super-

566 4471 692 4527 cilio
722 4511 738 4537 ,
799 4481 1140 4529 secretorum
1201 4483 1488 4529 enarrator
1519 4515 1534 4539 ,
1594 4473 1798 4531 fabulis
1859 4475 2148 4545 praesideat

564 4564 909 4620 enarrandis.
945 4562 1245 4620 Timoclem
1279 4564 1421 4620 forte
1450 4566 1710 4635 aliquem,
1743 4581 1868 4621 cum
1894 4567 1977 4621 vel
2010 4581 2148 4636 puer

564 4654 654 4711 vel
695 4655 1017 4712 adolescens
1053 4655 1463 4727 disciplinarum
1494 4657 1709 4711 scholas
1737 4658 1950 4720 adires,
1990 4658 2147 4712 audi-

534 4750 715 4812 -visti,
750 4757 846 4805 aut
863 4749 1362 4805 Clonthaconthlon
1402 4748 1753 4818 Ophicianum
1782 4755 1800 4820 ί
1828 4764 1952 4803 nam
1986 4764 2144 4803 mon-

565 4851 679 4899 stra
711 4843 870 4899 nobis
891 4842 1175 4899 nominum
1202 4841 1483 4897 [armanda
1504 4849 1633 4919 sunt
1654 4842 1671 4906 )
1697 4840 2144 4911 Ophicianorum,

568 4950 708 5008 quos
740 4934 845 4992 sibi
864 4935 1124 5010 conﬁxit,
1154 4935 1394 5010 nationis
1422 4943 1694 4999 naturam,
1725 4933 1966 5004 politiam
1993 4972 2007 4998 ,
2043 4950 2146 5005 pu-

570 5043 727 5099 gnas,
774 5027 1053 5091 victorias,
1098 5008 1230 5082 vvitae
1258 5008 1501 5091 'saecula,
1563 5035 1773 5092 aetates,
1824 5024 2146 5090 felicitates,

571 5135 753 5192 neque
783 5121 1072 5176 hominum
1107 5120 1504 5183 tantummodo,
1537 5119 1634 5174 sed
1668 5128 1725 5173 et
1756 5118 2061 5189 plantarum
2096 5128 2152 5173 et

573 5211 913 5276 animalium,
944 5214 1131 5279 maris,
1167 5219 1225 5267 et
1261 5219 1421 5268 terra:
1444 5253 1459 5277 ,
1493 5212 1762 5282 aerisque,
1801 5200 2151 5293 hyperbolice

574 5300 953 5367 mentientem,
995 5309 1050 5357 et
1094 5300 1403 5373 prodigiose
1436 5309 1881 5372 prosequentem.
1914 5300 2075 5356 Certe
2106 5300 2151 5355 si

576 5391 871 5463 praeclarus
913 5392 1005 5447 ille
1043 5400 1183 5447 tuus
1221 5393 1450 5465 amicus,
1492 5394 1547 5448 in
1587 5403 1867 5450 certamen
1896 5394 1964 5449 de
1994 5409 2152 5448 men-

2246 4381 2316 4435 τὰ
2360 4381 2601 4451 ὀνόματα
2630 4379 3057 4452 τερατεύεσθαι)
3105 4380 3376 4451 κουρίζων
3408 4380 3540 4444 ῐσως
3564 4380 3599 4452 ἢ
3642 4395 3827 4451 μειρα-

2247 4473 2420 4536 κίζων
2441 4475 2554 4537 τοῖς
2577 4472 2919 4544 μαθήμασιν,
2941 4472 3202 4544 ήκουσας,
3220 4471 3557 4543 Ὀφιοκανῶν
3576 4471 3824 4531 ἐκείνων,

2246 4564 2342 4629 οὓς
2381 4567 2542 4629 αὐτὸς
2586 4566 2952 4637 ὑπεστήσατο,
2996 4565 3176 4633 γένος,
3215 4567 3309 4619 καὶ
3338 4565 3523 4636 φύσιν,
3558 4565 3657 4620 καὶ
3683 4564 3828 4618 πολι-

2247 4655 2418 4719 τείαν,
2450 4655 2545 4709 καὶ
2571 4657 2772 4726 μάχας,
2803 4655 2898 4709 καὶ¹
2930 4656 3108 4722 νίκας,
3136 4656 3232 4709 καὶ
3267 4655 3397 4726 βίων
3430 4655 3636 4720 αἰῶνας
3652 4665 3708 4719 υ,
3735 4658 3827 4708 καὶ

2246 4747 2485 4819 ἡλικίας,
2510 4750 2607 4801 καὶ
2628 4747 2971 4817 εὐδαιμονίας
2991 4764 3004 4778 ·
3033 4748 3135 4801 οὐκ
3158 4747 3465 4820 ἀνθρώπιον
3490 4747 3672 4818 μόνον,
3693 4744 3828 4801 ἀλλά

2249 4842 2344 4895 καὶ
2373 4840 2580 4910 φυτῶν,
2622 4840 2715 4894 καὶ
2746 4839 2924 4905 ζώων,
2960 4842 3053 4894 καὶ
3094 4841 3219 4912 γῆς,
3251 4842 3349 4895 καὶ
3384 4839 3678 4911 θαλάσσης,
3731 4839 3827 4891 καὶ

2249 4935 2432 5005 ἀέρος,
2477 4934 2572 4987 καὶ
2611 4933 2921 5005 ὑπερϐολὴν
2958 4934 3291 5005 ψευσμάτων
3338 4933 3824 5006 τερατευσάμενον.

2263 5025 2426 5079 Ἀλλά
2454 5026 2549 5078 καὶ
2595 5024 2733 5096 πρὸς
2776 5024 2986 5088 τοῦτον,
3026 5027 3107 5088 είς
3146 5026 3276 5089 τοὺς
3310 5026 3441 5097 περὶ
3472 5025 3567 5078 τοῦ
3595 5021 3830 5093 ψεύδους

2253 5116 2491 5185 ἀγῶνας,
2522 5118 2550 5169 ὁ
2578 5115 2741 5179 καλός
2786 5133 2878 5170 σου
2910 5117 3065 5187 φίλος
3107 5128 3156 5170 ει
3180 5117 3530 5177 ἀποδύσαιτο,
3556 5118 3640 5180 είς
3675 5112 3829 5186 μεγί-

2253 5225 2386 5278 στην
2428 5207 2495 5261 ἂν
2547 5206 2784 5277 ἀπορίαν
2828 5207 2958 5271 τοὺς
3009 5207 3304 5271 ἀθλοθέτας
3344 5207 3442 5261 καὶ⁴
3477 5205 3678 5278 κριτὰς
3726 5200 3831 5256 τῶν

2250 5301 2508 5356 τοιούτων
2558 5301 2956 5371 ἀγωνισμάτων
3004 5303 3412 5373 περιστήσειεν,
3445 5298 3701 5370 ὁποτέρῳ
3727 5294 3833 5350 τῶν

2252 5394 2345 5449 δύο
2396 5393 2494 5465 τὴν
2554 5392 2796 5445 νικῶσαν
2841 5393 3285 5464 ἐπιψηφίσονται.
3351 5394 3457 5447 Ἔα
3509 5391 3701 5446 τοίνυν
3748 5386 3832 5441 τὸν

576 5482 784 5549 tiendo,
832 5498 957 5540 cum
997 5485 1102 5542 isto
1148 5485 1367 5540 homine
1405 5486 1784 5555 descenderet,
1831 5488 2047 5559 iudices
2096 5497 2144 5543 et

2255 5487 2602 5558 ἀνεῳγμένον
2630 5486 2802 5555 τάφον
2854 5485 2965 5539 τῶν
2994 5486 3327 5557 ψευσμάτων
3366 5485 3624 5558 (ἄμεινον
3645 5481 3757 5555 γὰρ
3774 5482 3826 5533 ὲκ

579 5575 927 5648 praemiorum
957 5576 1342 5634 distributores
1367 5619 1382 5645 ,
1417 5579 1485 5634 ad
1515 5579 1823 5637 istiusmodi
1854 5579 2144 5636 certamina

2256 5580 2356 5650 τῆς
2378 5577 2614 5640 ἀὶιττθοῦς
2641 5576 2835 5646 σοφίας
2863 5578 3188 5644 ὲξεικονίσαι
3217 5578 3336 5651 ἀμα
3371 5579 3465 5632 καὶ
3491 5572 3825 5649 στηλιτεῦσαι

1889 5735 2118 5795 vanu:
2152 5696 2563 5805 Lacrionss,

655 5896 680 5928 ι
715 5886 802 5943 ια.
822 5887 1065 5960 ἀγωγάς.

3848 855 3870 950 i
