4024 6432
537 347 641 412 943
1662 363 1922 444 ΡΗΟΤΙΙ
1959 365 2466 428 ΡΑΤΒΙΛΒΕΗΕ
2509 371 2615 429 CP.

1121 468 1336 526 EPIST.
1369 471 1536 528 xxn.
2138 487 2185 544 Α

853 556 1047 613 Joanm'
1065 563 1309 629 patricio,
1333 576 1380 619 et
1407 568 1620 622 ercia'
1646 570 1784 624 duci.

3665 377 3763 442 9M

2796 487 3016 543 ΕΠΙΣΤ.
3057 489 3185 544 κη’.

2296 575 2545 643 Ἰωάννῃ
2581 579 2870 646 πατρικίῳ
2901 581 2997 633 καί
3045 579 3359 650 στρατηγῷ
3403 581 3700 652 Ἑλλάδος,

1772 687 2036 738 Montacut.
2076 690 2178 752 (ep.
2217 691 2298 753 60,
2333 707 2380 754 p.
2425 692 2590 770 113).‘

606 781 663 838 Si
697 799 867 850 amas,
903 784 1151 844 inﬁrmus
1184 805 1243 843 es
1279 807 1291 842 :
1333 791 1504 846 sinon
1543 808 1712 858 amas,
1752 794 1986 864 iniustus
2023 810 2098 852 es.

2285 779 2348 831 El
2385 779 2484 849 μὲν
2515 779 2710 847 φιλεῖς,
2752 779 3026 843 ἀσθενεῖς·
3060 781 3109 833 εί
3142 781 3200 834 δὲ
3233 779 3308 851 μὴ
3335 781 3525 849 φιλεῖς.
3557 783 3769 848 ἀδικεῖς.

537 875 633 930 Sin
675 889 886 941 amans,
934 893 1045 933 non
1100 879 1414 946 inﬁrmaris,
1464 892 1612 938 certe
1656 884 1859 940 amicos
1907 886 2098 954 injuria

2213 873 2276 927 El
2317 871 2374 925 δὲ
2411 872 2604 941 φιλῶν,
2638 873 2733 927 καὶ
2770 874 2845 944 μὴ
2873 873 3136 938 ἀσθενῶν,
3169 873 3342 936 οὕτως
3368 873 3528 927 ἄδικα
3559 876 3660 928 τῶν
3693 877 3773 946 φί-

534 966 756 1021 allectos
780 967 1026 1038 negligis.
1065 968 1175 1042 Ego
1203 972 1421 1041 quidem
1450 973 1620 1028 Deum
1648 990 1766 1038 oro,
1797 990 1867 1028 ne
1896 983 1949 1029 tu
1985 975 2098 1028 tali-

2211 965 2318 1020 λων
2371 966 2709 1036 πασχόντων,
2771 965 3089 1036 ὀλιγωρεῖς·
3144 963 3254 1033 ἐγὼ
3308 965 3405 1036 μὲν
3438 964 3665 1034 εὔχομαί
3718 987 3772 1022 σε

533 1057 636 1111 bus
674 1057 1070 1116 calamitatibus
1102 1071 1158 1116 et
1181 1049 1608 1120 necessitatibus
1646 1066 1954 1121 distinearis
2004 1084 2016 1119 :
2051 1075 2098 1120 et

2214 1061 2350 1132 μήτε
2380 1058 2654 1122 τοιαύταις
2695 1058 2961 1126 ἀνάγκαις
3009 1060 3346 1128 περιπεσεῖν,
3384 1059 3521 1128 μήτε
3557 1076 3773 1128 περιπε-

532 1151 576 1204 si
613 1150 664 1203 in
701 1165 794 1206 eas
832 1151 1106 1218 incideris,
1149 1163 1206 1208 ut
1233 1172 1302 1210 ne
1337 1157 1496 1211 talem
1535 1158 1970 1213 benevolentiam
2015 1167 2108 1212 aut

531 1241 794 1296 auxilium
843 1246 1223 1315 consequaris,
1258 1248 1472 1317 qualem
1513 1259 1570 1303 ιιι
1601 1249 1707 1303 tuis
1743 1249 1935 1305 amicis
1966 1266 2108 1320 prae-

528 1343 660 1388 stas.
714 1333 794 1388 Tu
845 1347 1026 1390 autem
1081 1348 1374 1410 utrumque
1426 1341 1480 1394 in
1538 1341 1857 1397 memoriam
1914 1357 2109 1398 revoca

2212 1152 2372 1205 σόντα
2421 1149 2516 1203 καὶ
2552 1149 2838 1220 δεηθέντα,
2887 1149 3144 1220 τοιαύτης
3177 1150 3388 1212 εὐνοίας
3426 1151 3520 1203 καὶ
3565 1152 3772 1206 ἐπικου-

2213 1243 2356 1313 ρίας,
2383 1243 2500 1296 οἵαν
2526 1243 2592 1296 σὺ
2613 1244 2726 1306 τοῖς
2755 1241 2930 1311 φίλοις
2959 1243 3242 1313 παρέχεις,
3274 1243 3573 1314 ἐπιτυχεῖν.
3621 1242 3772 1295 Ἀλλά

2215 1336 2278 1386 σύ
2332 1350 2393 1402 γε
2441 1334 2534 1387 τὸν
2567 1331 2895 1386 Δεσποτικὺν
2946 1332 3096 1402 ὅμως
3140 1333 3462 1401 ἀναλογίζου
3498 1334 3769 1404 χρησμὸν,

2227 1425 2329 1479 Ἐν
2347 1421 2396 1495 ᾧ
2418 1426 2612 1496 μέτρῳ
2634 1425 2920 1496 μετρεῖτε,
2938 1425 3378 1496 μετρηθήσεται
3402 1425 3564 1496 ὑμῖν,
3598 1427 3770 1494 σαφῶς

2213 1518 2616 1588 διαγγέλλοντα.

503 1425 742 1498 ;Domini
793 1428 1092 1494 oraculum,
1157 1445 1266 1498 quo
1317 1431 1666 1488 declaratur:
1700 1433 1818 1499 Qua
1864 1450 2107 1487 mensura

501 1517 649 1578 aliis
686 1518 913 1572 metiatis
968 1521 1146 1574 eadem
1179 1531 1226 1574 et
1255 1523 1394 1576 vobis
1425 1525 1664 1578 metietur
1685 1526 1751 1578 ".

511 1611 529 1710 λ
1095 1632 1318 1687 EPIST.
1349 1633 1539 1689 χχιιι.

775 1721 966 1777 Bardaa
988 1725 1252 1790 'patricio,
1282 1736 1332 1779 et
1359 1727 1675 1782 Macedonia:
1703 1729 1845 1783 duci.

1773 1847 2047 1896 Montaeut.
2083 1846 2187 1908 (ep.
2222 1845 2302 1903 67,
2337 1857 2387 1905 ρ.
2426 1842 2554 1904 119).

598 1940 806 2010 impera
837 1941 1018 2011 potius
1039 1957 1162 1998 cum
1194 1945 1426 2000 aliorum
1447 1927 1719 2003 desiderio
1759 1957 1816 2004 et
1875 1948 2097 2014 affectu,

2280 1948 2450 2017 Ἀρχε
2498 1944 2832 2015 ποθούμενος
2883 1943 3151 2013 μᾶλλονῆ
3204 1944 3303 1998 σὺν
3349 1943 3538 2012 φόϐῳ*
3590 1943 3648 1996 τὸ
3682 1945 3768 2012 μὲν

523 2049 684 2102 quam
715 2049 811 2103 per
843 2034 1118 2090 timorem.
1143 2037 1240 2092 Est
1264 2039 1412 2092 enim
1440 2039 1777 2109 impossibile
1828 2051 1888 2095 ut
1914 2055 2025 2095 non
2048 2040 2098 2094 in

2207 2041 2316 2111 γὰρ
2354 2041 2452 2093 οὐκ
2488 2040 2601 2092 ἔστι
2642 2038 2718 2108 μὴ
2745 2038 2866 2108 οὐχὶ
2896 2039 2976 2101 είς
3014 2039 3168 2108 μῖσος
3193 2036 3601 2107 ἀποκριθῆναι·
3632 2037 3690 2090 τὺ
3721 2039 3769 2091 δὲ

470 2113 482 2123 ’
525 2125 709 2180 odium
743 2127 909 2184 timor
927 2127 1016 2183 hic
1061 2139 1328 2186 mutetur.
1365 2131 1498 2186 Illud
1539 2141 1723 2188 autem
1759 2135 2098 2190 subditorum

2205 2131 2305 2204 τὴν
2343 2131 2454 2185 τῶν
2500 2131 2820 2202 ἀρχομένων
2848 2129 3062 2183 εὔνοιαν
3105 2129 3263 2183 είωθε
3301 2130 3556 2200 θηρεύειν
3580 2147 3592 2160 ·
3625 2131 3768 2200 δῆλον

518 2219 956 2274 benevolentiam
989 2222 1246 2276 omnibus
1275 2223 1519 2292 vestigiis
1582 2225 1910 2295 insequitur.
1941 2225 2098 2280 Patet

2205 2221 2262 2274 δὲ
2295 2221 2356 2274 τὸ
2393 2223 2452 2274 ἐν
2493 2222 2644 2294 πάσῃ
2672 2219 2766 2275 καὶ
2807 2219 3006 2291 πράξει
3040 2219 3134 2273 καὶ
3164 2219 3324 2292 χρείᾳ
3363 2221 3622 2292 διάφορον
3648 2223 3768 2276 ἑκα-

2794 1630 3018 1684 ΕΠΙΣΤ.
3059 1629 3187 1684 Kl".

2279 1723 2479 1792 Βάρδςι
2508 1723 2790 1791 πατρικίῳ
2828 1723 2922 1775 καὶ
2967 1720 3280 1790 στρατηγῷ
3320 1722 3706 1787 Μακεδονίας.

518 2321 700 2366 autem
732 2313 876 2366 inter
893 2322 1186 2384 utrumque
1230 2316 1560 2381 differentia,
1608 2322 1664 2374 in
1697 2319 1846 2373 omni
1887 2319 2103 2373 actione

519 2414 578 2460 et
606 2421 707 2459 usu
738 2407 1072 2464 necessario.
1128 2409 1283 2474 Quod
1313 2411 1358 2464 si
1383 2413 1626 2467 animum
1664 2424 1820 2468 tuum
1876 2413 2107 2484 subjecit

519 2498 726 2568 opinio,
759 2498 1002 2553 futurum
1031 2507 1092 2554 ut
1120 2501 1248 2557 inde
1277 2503 1484 2558 humile
1511 2505 1662 2574 quid,
1715 2505 2012 2576 abiectum,
2050 2513 2106 2558 et

516 2593 926 2662 contemptibile
951 2605 1260 2658 enascatur,
1295 2597 1440 2652 unde
1464 2601 1672 2654 tardius
1713 2607 1768 2654 et
1796 2599 2006 2653 invitus
2038 2597 2105 2651 ad

515 2683 621 2739 hoc
639 2684 926 2739 consilium
947 2687 1171 2743 accedas
1195 2702 1209 2741 :
1226 2695 1284 2743 tu
1306 2699 1494 2745 contra
1512 2706 1754 2760 oppones
1773 2705 1954 2745 mores
1975 2704 2108 2744 cons-

515 2774 733 2828 stitutos
749 2782 804 2829 et
833 2776 1072 2842 stabiles,
1100 2778 1426 2833 sententiam
1459 2779 1801 2834 obﬁrmatam
1822 2821 1836 2845 ,
1866 2787 1922 2832 et
1962 2778 2105 2847 quod

516 2867 982 2920 assentationibus
1009 2876 1064 2921 et
1099 2868 1303 2921 scurris
1326 2883 1436 2921 non
1487 2869 1810 2932 attenditur,
1865 2869 2104 2938 gravita-

518 2966 626 3012 tem
675 2958 731 3011 in
767 2957 974 3012 deliciis
1027 2959 1267 3012 habitam
1317 2961 1667 3029 opponendo.
1718 2961 1916 3015 Notum
1944 2976 2104 3029 porro

518 3049 618 3102 tibi
645 3052 734 3113 sit,
764 3050 910 3118 quod
943 3060 1034 3104 tuo
1079 3050 1282 3105 subditi
1313 3052 1561 3121 imperio,
1589 3051 1851 3121 pudorem
1881 3067 2103 3105 suavem

518 3139 734 3194 militari
759 3141 943 3211 sagulo
975 3142 1254 3211 praelaturi
1276 3143 1408 3207 sint,
1437 3151 1495 3197 et
1528 3152 1578 3196 te
1608 3158 1674 3196 eo
1694 3143 1944 3196 indutum
1990 3157 2104 3195 ma-

517 3229 602 3299 gis
645 3229 914 3284 illustrem
948 3231 1012 3286 iis
1067 3232 1467 3302 appariturum.
1529 3232 1643 3288 Hoc
1707 3244 1761 3287 tu
1809 3233 2102 3295 lenocinio,

2202 2315 2387 2386 τέρου.
2431 2316 2493 2366 Εἰ
2523 2315 2580 2367 δέ
2605 2331 2656 2367 τι
2683 2312 2936 2367 ταπεινὸν
2965 2313 3058 2366 καὶ
3091 2312 3590 2384 εὐκαταφρόνητον,
3619 2314 3686 2376 ὡς
3711 2316 3768 2367 ἂν

2209 2407 2451 2470 ἐκεῖθεν,
2496 2405 2822 2475 ὲπιφύεσθαί
2857 2421 2938 2457 σοι
2981 2403 3173 2474 μέλλον
3201 2403 3496 2474 ὑποτρέχει
3537 2405 3656 2468 τοὺς
3691 2404 3769 2456 λο-

2207 2497 2461 2567 γισμοὺς,
2501 2496 2594 2549 καὶ
2626 2496 2761 2566 πρὸς
2798 2496 2898 2565 τὴν
2938 2493 3246 2565 συμϐουλὴν
3277 2495 3637 2566 ὀκνηρότερον
3672 2514 3764 2548 πα-

2212 2585 2536 2656 ρασκευάζει
2558 2604 2570 2616 ·
2599 2587 2735 2640 ἀλλά
2762 2585 2825 2638 σύ
2849 2602 2914 2653 γε
2942 2586 3004 2638 τὸ
3035 2583 3265 2656 βεϐηκὸς
3291 2585 3407 2639 τῶν
3428 2587 3658 2658 τρόπων,
3685 2587 3768 2639 καὶ

2207 2683 2268 2736 τὸ
2305 2680 2704 2750 ἐστηριγμένον
2735 2679 2836 2748 τῆς
2869 2677 3116 2748 γνώμης,
3145 2679 3241 2732 καὶ
3275 2680 3337 2732 τὸ
3373 2681 3455 2751 μὴ
3502 2682 3764 2751 προσανεῖο

2210 2772 2335 2824 σθαι
2394 2769 2582 2835 κόλαξι
2653 2769 2744 2822 καὶ
2803 2767 3133 2839 βωμολόχοις
3184 2769 3436 2834 τούτοις,
3498 2770 3766 2834 ἀντιτάξας

2210 2863 2511 2934 σεμνότητα
2539 2861 2700 2930 φίλην
2721 2877 2735 2892 ο
2763 2860 2825 2914 εὖ
2855 2859 2963 2913 ἴσθι
2993 2860 3144 2931 παρὰ
3168 2865 3280 2924 τοῖς
3312 2862 3655 2932 ἀρχομένοις,
3682 2863 3766 2915 καὶ

2209 2957 2468 3024 γλυκεῖαν
2503 2954 2656 3017 αἰδὼ,
2688 2956 2785 3024 τῆς
2825 2957 3196 3026 στρατηγικῆς
3228 2954 3505 3024 χλανίδος,
3531 2955 3761 3025 λαμπρό-

2207 3063 2368 3116 τερον
2397 3035 2610 3116 ὀφθήσῃ
2641 3043 3105 3115 περιϐεϐλημένος
3125 3061 3139 3076 ·
3174 3046 3268 3099 καὶ
3293 3046 3412 3098 τῶν
3440 3047 3530 3099 ἐπὶ
3557 3046 3762 3114 σοϐαρό-

2207 3154 2330 3206 τητι
2365 3134 2458 3188 καὶ
2500 3133 2647 3202 ἠθῶν
2677 3133 2976 3204 τραχύτητι
3011 3134 3154 3202 μέγα
3193 3134 3541 3204 φρονούντων
3587 3135 3762 3186 εὐστα-

2211 3229 2469 3297 θέστερον
2499 3224 2642 3279 κατά
2669 3225 2802 3278 πολὺ
2835 3225 2931 3276 καὶ
2963 3223 3304 3296 βεϐαιότερον
3336 3225 3685 3296 ἐπιδειχθήσῃ
3710 3223 3761 3276 τὸ

517 3321 766 3376 subditos
794 3321 912 3388 tibi,
952 3338 1280 3395 quocunque
1314 3325 1571 3390 volueris,
1613 3325 1902 3396 perduces.
1936 3325 2098 3379 multc

2213 3321 2451 3391 ὑπήκοον
2480 3316 2781 3387 περιάγων.

515 3416 790 3472 eﬂicacius
809 3425 864 3470 et
889 3420 1244 3474 constantiori
1272 3429 1480 3484 tenore,
1515 3436 1676 3491 quam
1710 3421 1802 3492 qui
1829 3422 1897 3478 de
1952 3422 2096 3477 fastu
2133 3415 2509 3490 supercilioso,
2546 3421 2599 3467 et
2627 3427 2840 3467 morum
2896 3411 3208 3480 asperitate,
3278 3427 3510 3482 magnos
3547 3413 3639 3467 sibi
3677 3429 3759 3466 su—

521 3519 677 3562 munt
706 3509 946 3580 spiritus.

1089 3603 1305 3660 EPIST.
1343 3605 1532 3661 XXIV.

645 3695 838 3750 Joanni
867 3697 1090 3753 patricio
1137 3708 1187 3751 et
1219 3698 1488 3754 sacellauo
1518 3702 1662 3755 avud
1694 3699 1980 3774 Augurius.

2789 3599 3012 3654 ΕΠΙΣΤ.
3055 3600 3179 3652 ΚΔ’.

2215 3692 2462 3760 ,Ιωάννῃ
2512 3691 3391 3830 ﬂatptxlmA11c¥0Lgclzgnguplw
3448 3695 3592 3748 κατά
3634 3694 3754 3758 τοὺς

1773 3862 2040 3912 Montaeut.
2079 3860 2184 3924 (ep.
2219 3859 2296 3919 73,
2329 3872 2380 3921 p.
2419 3856 2548 3921 I22).

592 3967 827 4023 Omnino
854 3969 987 4025 mihi
1005 3979 1155 4026 recte
1184 3980 1239 4027 et
1267 3972 1542 4044 sapienter
1562 3975 1693 4029 olim
1723 3973 1924 4029 dictum
1947 3973 2103 4027 vide-

517 4069 630 4126 tur,
666 4063 978 4119 ascendisse
1024 4065 1244 4135 quidem
1297 4068 1498 4121 multos
1527 4068 1584 4122 in
1641 4068 1890 4122 arborem
1928 4067 2096 4129 illam,

519 4167 642 4219 qua:
690 4153 934 4222 tyrannis
964 4156 1316 4210 nominatur:
1362 4156 1648 4212 descendit
1681 4168 1863 4212 autem
1910 4157 2094 4210 nullus

519 4243 721 4310 denuo,
748 4245 843 4299 Sed
869 4245 1064 4317 singuli
1094 4249 1250 4301 ruina
1279 4248 1709 4318 przccipitantur.
1737 4249 1923 4318 itaque
1956 4247 2087 4318 quid

519 4333 655 4388 adeo
690 4336 1008 4392 intumescis
1039 4348 1094 4393 et
1130 4339 1366 4393 exsultas
1385 4339 1480 4394 tu?
1521 4340 1601 4394 Tu
1647 4341 1889 4394 nonduin
1929 4355 2091 4410 super

519 4443 701 4484 ramos
736 4428 902 4497 hujus
929 4428 1162 4495 arboris,
1202 4430 1393 4504 gravis
1423 4439 1699 4501 utcunque
1737 4440 1792 4485 et
1851 4432 2093 4485 tumidus

519 4515 908 4581 conscendisti,
932 4517 1026 4572 sed
1056 4516 1379 4588 insipienter
1415 4519 1469 4573 in
1502 4519 1633 4589 ipsis
1662 4519 1895 4574 caulium
1951 4519 2095 4572 l‘oliis

515 4603 785 4659 cveheris.

1078 4713 1298 4769 EPIST.
1338 4714 1504 4769 XXV.

1087 4807 1306 4862 Tarasio
1333 4809 1512 4871 fratri.

2275 3966 2411 4018 Δίαν
2453 3965 2640 4036 ἔμοιγε
2669 3966 2818 4021 δοκεῖ
2862 3965 3043 4031 καλῶς
3089 3969 3183 4021 καί⁹
3217 3971 3462 4033 συνετῶς
3527 3972 3555 4023 ὁ
3608 3969 3749 4023 πάλαι

2199 4055 2489 4128 λεγόμενος
2520 4057 2664 4127 ἔχειν
2701 4057 2881 4126 λόγος,
2912 4059 2986 4122 ὼς
3014 4060 3284 4130 ἀνέϐησαν
3322 4061 3426 4131 μὲν
3461 4062 3559 4133 ἠδη
3590 4061 3746 4113 πολλοὶ

2195 4151 2288 4202 ἐπὶ
2325 4151 2386 4202 τὸ
2413 4150 2628 4219 δένδρον
2674 4150 2831 4204 τοῦτο
2873 4150 2899 4204 ὃ
2946 4151 3281 4222 καλούμενόν
3314 4154 3432 4205 ἐστι
3473 4153 3729 4223 τυραννίςο

2192 4241 2396 4310 κατέϐη
2427 4242 2484 4294 δὲ
2518 4243 2696 4306 οὐδεὶς
2742 4244 2903 4296 πάλιν
2922 4282 2937 4306 ,
2968 4244 3103 4298 ἀλλά
3134 4234 3570 4298 καταπίπτουσιν
3594 4244 3739 4297 ἃπαν-

2190 4350 2302 4397 τες.
2338 4335 2399 4386 Εἰ
2422 4334 2480 4386 δὲ
2501 4333 2659 4388 τοῦτο
2679 4376 2693 4398 ,
2721 4336 2775 4387 τί
2801 4337 3032 4407 γαυριᾷς
3062 4338 3155 4390 καὶ
3182 4339 3411 4408 σκιρτᾷς
3436 4337 3623 4400 αὐτὸς,
3652 4326 3737 4388 οὐδ’

2195 4423 2288 4476 ἐπὶ
2338 4425 2450 4486 τοῖς
2498 4424 2689 4476 τούτου
2737 4424 2972 4488 κλάδοις,
3018 4424 3112 4477 καὶ
3142 4427 3320 4479 ταῦτα
3360 4425 3529 4496 βαρὺς
3569 4423 3638 4476 ὥν
3666 4419 3741 4474 καὶ

2198 4513 2429 4584 σοϐαρὸς
2457 4517 2552 4569 καὶ
2583 4516 2928 4586 φλεγμαίνων
2949 4559 2962 4580 ,
2995 4517 3112 4569 ἀλλ’
3138 4517 3230 4569 ἐπὶ
3259 4519 3371 4581 τοῖς
3399 4518 3507 4570 τῶν
3555 4513 3742 4584 φύλλων

2123 4641 2174 4700 D
2201 4604 2366 4658 αὑτοῦ
2397 4606 2649 4670 πετάλοις
2681 4608 2922 4679 ἀνοήτως
2947 4608 3274 4679 ὀχούμενος;

2780 4721 3001 4776 ΕΠΙΣΤ.
3040 4722 3168 4775 ΚΕ⁸.

2706 4813 2970 4881 Ταρασίῳ
3002 4812 3262 4882 ἀδελφῷ.

1758 4902 2023 4952 Montacul.
2063 4903 2165 4968 (ep.
2203 4908 2279 4966 78,
2315 4925 2364 4972 p.
2407 4913 2533 4972 I26).

588 4989 665 5044 Ad
701 5006 913 5047 summa
944 4989 1259 5062 perducitur
1287 4991 1489 5062 passio,
1535 5001 1591 5045 et
1617 4990 1919 5045 intenditur
1973 5008 2088 5045 ma-

514 5079 648 5138 lum.
681 5083 756 5138 Ac
788 5091 988 5155 praeter
1016 5085 1186 5139 Deum
1235 5094 1288 5140 et
1309 5101 1339 5139 a
1373 5085 1484 5140 Deo
1513 5100 1687 5155 spem,
1725 5085 1868 5138 nulla
1897 5101 2088 5155 super-

515 5185 599 5231 est
645 5174 973 5239 consolatio;
1034 5174 1265 5240 insidim,
1316 5174 1498 5241 minae,
1546 5185 1804 5240 terrores,
1860 5175 1950 5245 qui
1992 5192 2087 5232 ex-

516 5263 842 5334 perientiam
873 5262 1463 5330 feceruntfaciliorem,
1502 5267 1741 5335 undique
1792 5279 2078 5338 apparent.

513 5356 648 5423 Quis
672 5356 789 5410 haec
815 5356 1008 5410 sistet?
1037 5355 1308 5414 Fortassis
1328 5358 1416 5412 illa
1444 5359 1558 5428 ipsa
1586 5375 1746 5429 quam
1769 5371 1957 5416 contra
1982 5378 2083 5416 nos

514 5448 827 5518 parturiunt
867 5464 1032 5515 mors,
1072 5449 1157 5503 vel
1179 5449 1298 5504 illos
1320 5450 1550 5519 privabit
1581 5461 1848 5521 potestate
1871 5462 1926 5506 et
1955 5469 2086 5522 sup-

515 5540 672 5609 plicia
713 5540 1014 5612 ingerendi,
1053 5541 1137 5595 vel
1170 5556 1269 5594 nos
1322 5541 1613 5597 liberatum
1643 5552 1728 5600 est
1784 5560 1815 5600 a
1857 5545 2083 5600 tribula-

515 5630 774 5685 tionibus.

587 5785 632 5816 “
666 5782 856 5839 Mattu.
886 5801 982 5850 vn,
1012 5787 1067 5838 2.

2276 4999 2540 5070 Ἀκμάζει
2565 4998 2626 5051 τὸ
2647 4997 2840 5062 πάθος,
2873 4999 2968 5050 καὶ
2993 4998 3054 5049 τὸ
3085 4997 3252 5050 κακὸν
3276 4995 3596 5049 ἐπιτείνεται
3613 5009 3624 5021 ·
3654 4987 3737 5042 καὶ

2191 5090 2332 5160 πλὴν
2383 5088 2520 5142 Θεοῦ
2565 5089 2661 5142 καὶ
2708 5089 2816 5142 τῶν
2863 5089 3071 5142 ἐκεῖθεν
3103 5089 3367 5156 ἐλπίδων,
3421 5083 3737 5158 παραμύθιον

2190 5183 2378 5237 οὐδέν’
2423 5182 2707 5236 ἐπιϐουλαὶ
2760 5182 2837 5246 δὲ,
2879 5184 2972 5234 καὶ
3011 5182 3254 5242 ἀπειλαὶ,
3306 5181 3403 5233 καί⁸
3441 5179 3609 5248 φόϐοι,
3647 5172 3739 5228 τῶν

2192 5276 2571 5347 προλαϐόντων
2608 5275 2709 5346 τὴν
2744 5277 2939 5344 πεῖραν
2971 5274 3305 5344 κουφοτέραν
3369 5270 3706 5340 ἀποφαίνουσι
3727 5278 3750 5322 '.

2193 5370 2274 5432 τίς
2327 5374 2516 5440 στήσει
2549 5366 2762 5432 ταῦτας
2815 5367 2927 5420 ἀλλ’
2979 5367 3128 5431 ἴσως,
3160 5365 3218 5419 ὃν
3260 5364 3413 5417 αὐτοὶ
3457 5359 3574 5414 καθ’
3603 5354 3740 5428 ἡμῶν

2192 5459 2438 5512 ὠδίνουσι
2472 5457 2724 5523 θάνατον,
2757 5457 2790 5528 ἢ
2817 5456 2909 5509 τοῦ
2936 5456 3199 5526 τιμωρεῖν
3229 5453 3321 5507 καὶ
3345 5450 3590 5516 κολάζειν
3617 5440 3742 5498 ἐκεί-

2197 5569 2338 5616 νους,
2375 5552 2409 5622 ἢ
2441 5551 2590 5622 ἡμᾶς
2621 5551 2852 5618 ἀπάγων
2885 5549 2993 5602 τῶν
3019 5545 3272 5616 θλίψεων.
