4024 6456
467 453 569 518 947
1594 442 1854 504 PHOTII
1892 437 2397 500 PATRIARCHAE
2431 437 2538 498 ep.

3587 437 3687 500 948

469 579 681 625 tantum
703 565 972 622 malorum
1004 578 1188 634 pyram
1221 563 1270 616 in
1317 560 1546 630 patriam
1601 563 2030 618 construentem,
2059 555 2080 611 λ

2186 550 2401 620 ’σαύτην
2452 549 2639 603 κακῶν
2674 549 2849 620 πυρὰν
2885 551 2951 620 τῇ
2987 546 3207 617 πατρίδι
3246 546 3554 616 ἀνάψαντα·
3597 553 3691 605 οὑκ

461 678 572 721 non
609 661 690 715 illi
733 657 1058 728 aquilarum,
1099 654 1410 715 milvorum,
1460 648 1785 718 accipitrum
1824 642 2034 714 species

2186 643 2310 696 ετῶν
2342 643 2497 713 γένη,
2531 643 2625 696 καὶ
2657 642 2895 706 ἱκτίνων,
2941 641 3035 694 καὶ
3072 626 3308 710 ίεράκών
3353 643 3463 702 τοῖς
3495 640 3697 711 σπλάγ-

462 756 517 810 in
543 765 595 808 te
625 751 984 814 concitarent,
1016 761 1138 816 qua:
1174 745 1380 799 viscera
1404 742 1764 810 depascerent
1789 746 1914 800 tua;
1940 732 2036 788 sed

2186 752 2285 796 θοις
2337 735 2404 788 ἂν
2453 734 2813 804 διεϐόσκησαν
2835 751 2852 768 ·
2887 733 3023 788 ἀλλά
3082 734 3182 788 καὶ
3229 733 3555 803 παρδάλεις,
3610 734 3702 786 καὶ

462 858 520 905 et
555 846 770 918 pardos,
820 844 1030 905 leones,
1060 848 1116 894 et
1142 846 1371 892 caeteras
1397 831 1598 891 bestias
1623 829 1680 884 in
1703 838 1795 882 tua
1826 824 2037 880 intesti-

2186 827 2378 890 Ξοντας,
2411 825 2508 878 καὶ
2536 823 2701 896 θηρία
2731 827 2909 879 πάντα
2935 826 3036 879 οὐκ
3063 823 3128 879 ἂν
3158 827 3270 888 τοῖς
3314 824 3566 892 ἕγκάτοις
3611 825 3704 878 ἐπη-

463 958 534 998 na
577 941 872 998 immittere
927 953 1038 993 non
1089 934 1441 991 desisterent.
1499 925 1583 980 Tu
1621 934 1802 980 autem
1835 919 2036 990 cogita,

2186 919 2388 988 ptévre;
2421 917 2726 988 ἀπέκαμον.
2750 919 2822 972 Σὺ
2844 917 2902 972 δὲ
2926 918 3140 983 σκόπει,
3171 918 3246 982 ὡς
3270 919 3318 971 εί
3343 918 3440 976 καὶ
3458 917 3518 969 τδ
3548 933 3705 985 ποιη-

463 1035 609 1106 quod
636 1034 766 1088 licet
797 1040 973 1104 poetae
996 1043 1108 1084 non
1139 1026 1425 1088 exsistant,
1457 1019 1551 1100 qui
1581 1019 1698 1073 haec
1730 1013 1854 1069 talia
1904 1027 2035 1076 con-

2186 1013 2247 1067 ὒν
2285 1012 2444 1106 γένος
2489 1009 2662 1065 ταῦτα
2701 1010 3057 1081 σχηματίζειν
3107 1009 3483 1073 ἐπιλέλοιπεν,
3515 1006 3628 1061 ἀλλ’
3671 1008 3706 1077 ἦ

465 1129 692 1199 ﬁngant,
743 1098 993 1180 veritatis
1049 1129 1230 1174 tamen
1283 1098 1609 1171 Christianae
1661 1114 1846 1162 exacta
1903 1101 2042 1159 ratio

2186 1123 2206 1158 ε
2231 1104 2372 1199 καθ’
2400 1105 2548 1199 ημᾶς
2576 1103 2675 1174 τῆς
2721 1102 2980 1171 ἀληθείας
3015 1101 3290 1173 ἀκρίϐεια,
3335 1101 3436 1154 οὐκ
3476 1098 3709 1168 ἀπέστη,

466 1238 580 1279 non
611 1228 792 1276 cesset
848 1214 1178 1286 supplicium
1220 1209 1392 1280 magis
1417 1202 1827 1261 formidolosum
1864 1196 2042 1250 inten-

2186 1195 2524 1268 οὸερωτέραν
2579 1195 2681 1266 τὴν
2736 1193 3010 1265 τιμωρίαν
3067 1192 3532 1249 ἐπανατείνουσα·
3603 1187 3712 1259 πῦρ

467 1325 603 1376 tare,
653 1314 834 1384 ignem
890 1278 1341 1368 indefectibilem,
1402 1297 1657 1354 tenebras
1720 1290 2040 1352 exteriores,

2186 1287 2543 1358 τελεύτητον·
2595 1286 2690 1340 καὶ
2747 1284 2938 1348 σκότος
2991 1283 3292 1354 ἐξώτερον·
3331 1281 3427 1335 καὶ
3473 1278 3716 1350 βρυγμὺν

467 1409 759 1464 stridorem
815 1400 1083 1463 dentium,
1114 1393 1521 1451 multitudinem
1554 1385 1818 1443 vermium
1851 1395 2046 1453 pecca-

2186 1384 2371 1437 Βόντων
2393 1399 2408 1415 ·
2444 1381 2540 1438 καὶ
2574 1379 2874 1449 σκωλήκων
2913 1375 3118 1446 πλῆθος
3154 1371 3581 1444 ὑποπρωννῦσα
3609 1373 3718 1434 τοῖς

473 1500 680 1554 toribus
706 1496 835 1551 dum
866 1489 1187 1548 substernit.
1225 1484 1380 1553 Quod
1401 1483 1444 1539 si
1477 1494 1529 1537 te
1561 1481 1719 1534 timor
1740 1476 2046 1531 futurorum

2187 1473 2576 1544 μαρτάνουσιν.
2624 1470 2689 1525 El
2718 1468 2777 1521 δέ
2828 1485 2890 1520 σε
2933 1466 3026 1520 καὶ
3075 1464 3184 1519 τῶν
3234 1463 3538 1535 μελλόντων
3569 1459 3723 1514 οὔπω

470 1593 527 1645 in
561 1587 816 1662 prasenti
865 1600 973 1639 non
1005 1588 1277 1643 coerceat,
1331 1591 1434 1630 nec
1462 1591 1492 1628 a
1543 1587 1706 1626 cursu
1739 1565 2048 1622 inordinate

2186 1564 2422 1618 υστέλλει
2449 1566 2476 1617 ό
2504 1561 2690 1632 φόϐος,
2724 1560 2847 1614 οὐδὲ
2876 1559 2975 1630 τῆς
2999 1557 3236 1612 ἀτάκτου
3267 1554 3366 1607 καὶ
3396 1553 3595 1622 ἀλόγου
3627 1568 3722 1620 φο-

404 1726 415 1742 .
471 1692 528 1737 et
561 1644 938 1734 lirrationabili
993 1673 1223 1736 avertit;
1291 1678 1528 1724 attamen
1575 1663 1828 1718 Sodomae
1853 1667 1910 1712 et
1937 1657 2046 1710 Go-

2186 1659 2249 1721 ἂς
2276 1656 2574 1711 ἀνακόπτει
2595 1671 2610 1685 ·
2641 1653 2777 1708 ἀλλά
2817 1651 2924 1711 κᾶν
2955 1649 3086 1720 γοῦν
3117 1649 3181 1703 τδ
3218 1649 3472 1719 Σοδόμων
3498 1645 3596 1699 καὶ
3629 1644 3726 1698 Γο-

473 1772 709 1828 morrhae
736 1785 856 1840 quae
885 1765 1078 1822 litteris
1103 1762 1334 1817 traditur
1367 1755 1644 1829 perpessio
1681 1746 2049 1806 inconsolabi—

472 1866 562 1932 lis,
605 1873 664 1920 et
714 1874 1006 1918 commune
1044 1855 1178 1912 illud
1222 1853 1466 1909 omnium
1497 1847 1782 1903 hominum
1826 1840 2048 1896 naufra-
2079 1893 2123 1932 Ὠ

461 1953 472 1962 ο

475 1959 644 2028 gium,
675 1953 976 2018 diluvium;
1019 1957 1077 2003 et
1097 1944 1413 2018 quotidiana
1462 1934 1816 2012 providentiae
1845 1945 2010 2002 opera
2034 1969 2050 1993 ,

2153 1749 2360 1820 μόῤῥας
2387 1746 2737 1817 ἀνάγραπτον
2766 1745 2862 1798 καὶ
2884 1740 3272 1816 ἀπαράκλητον
3308 1737 3517 1800 πάθος·
3545 1733 3641 1789 καὶ
3668 1734 3730 1786 τὸ

2152 1841 2329 1894 κοινὸν
2359 1839 2468 1893 τῶν
2499 1837 2803 1909 ἀνθρώπων
2831 1835 3092 1906 ναυάγιον
3116 1835 3144 1888 ό
3174 1827 3566 1899 κατακλυσμός
3587 1841 3603 1856 ·
3636 1825 3731 1879 καὶ

2151 1934 2223 1987 τὰ
2246 1932 2593 2005 καθημερινὰ
2613 1932 2714 2000 τῆς
2746 1930 3002 2002 προνοίας
3035 1927 3192 2000 ἔργα,
3215 1926 3295 1988 είς
3319 1919 3578 1994 σώφρονα
3607 1917 3733 1980 τοὺς

476 2017 742 2111 animum,
771 2054 828 2100 et
847 2029 1226 2115 cegitatio'nes,
1267 2037 1335 2092 ad
1383 2032 1620 2089 sobriam
1655 2038 1712 2084 et
1746 2025 2049 2096 sapientem

2187 2029 2448 2098 ογισμοὺς
2483 2022 2755 2097 μεταρῤυθ
2765 2021 2967 2093 μιζέτω
2998 2017 3249 2091 μελέτην.

477 2138 860 2213 cogitationem
889 2133 1192 2189 reforment

933 2324 939 2329 _
1044 2243 1263 2300 EPIST.
1303 2241 1474 2297 xxx.

903 2338 1152 2395 Michaeh'
1184 2333 1624 2407 protospathario.

2779 2215 3002 2271 eum.
3040 2215 3119 2269 A'.
3354 2288 3358 2294 ί

2547 2311 2786 2383 Μιχαὴλ
2818 2301 3348 2378 πρωτοσπαθαρίῳ.

1725 2441 1989 2491 Montacut.
2028 2434 2130 2493 (ep.
2165 2429 2244 2490 83,
2281 2444 2330 2492 p.
2374 2431 2504 2494 131).

554 2571 766 2638 Cor-pus
811 2563 1037 2640 morbis,
1081 2559 1338 2632 patiendo
1395 2557 1600 2618 anima,
1666 2558 1774 2605 Vita
1828 2546 2064 2614 denique

397 2705 401 2710 .
485 2672 602 2720 tota
661 2661 730 2720 ab
770 2638 1090 2721 hominibus
1139 2650 1483 2710 contumeliis
1523 2646 1720 2702 aﬂlicta
1763 2638 2065 2712 despondet

485 2771 548 2822 se
595 2771 610 2808 :
667 2753 970 2810 amicorum
1000 2746 1249 2819 paucitas
1269 2754 1325 2798 et
1356 2740 1622 2802 absentia,
1649 2747 1932 2792 servorum
1966 2740 2070 2783 tor-

491 2849 670 2902 tiones
749 2854 805 2899 et
867 2841 1109 2904 vincula,
1171 2835 1386 2908 cognati
1433 2832 1704 2890 minarum
1779 2823 2073 2880 acerbitate

484 2939 708 3006 divulsi,
782 2951 965 2996 rerum
1033 2931 1468 2992 necessariarum
1518 2925 1742 2990 ablatio,
1800 2922 2061 2977 librorum

489 3030 749 3101 direptio,
775 3041 1054 3083 sacrorum
1084 3023 1283 3078 aedium
1338 3018 1611 3089 expilatio,
1683 3028 1817 3084 quas
1882 3010 2065 3080 expiae

491 3124 631 3178 toria
673 3119 830 3176 nobis
893 3117 1074 3172 futura
1128 3113 1611 3172 constitueramus,
1655 3108 1786 3162 dum
1843 3118 2067 3159 canere-

491 3229 601 3280 tur,
620 3215 926 3292 legeretur,
952 3209 1152 3265 divinis
1178 3208 1233 3262 in
1263 3206 1468 3261 eisdem
1503 3201 1894 3265 inserviretur;
1935 3213 2070 3252 con-
2099 3231 2142 3292 c

495 3320 576 3366 tra
620 3290 820 3363 omnes
849 3301 1136 3368 sententiae
1163 3300 1374 3354 acerba:
1416 3304 1547 3358 sunt
1577 3306 1633 3351 et
1686 3294 1905 3350 decreta
1936 3290 2071 3343 dura

494 3399 662 3466 edita,
691 3399 766 3452 ita
806 3405 867 3451 ut
890 3409 1053 3450 nemo
1083 3392 1150 3448 ad
1183 3406 1284 3447 nos
1314 3389 1542 3466 propius
1568 3386 1827 3442 accedere
1855 3383 2071 3438 audeat.

497 3490 641 3559 Quid
705 3503 845 3560 opus
914 3497 1348 3543 commemorare
1419 3463 1768 3551 quotidianas
1856 3490 2054 3528 (‘XtUS-

496 3584 698 3647 siones,
779 3577 1110 3641 decisioues,
1221 3571 1757 3632 condemnationes;
1838 3567 1891 3618 in
1956 3562 2074 3641 qui-

507 3676 612 3730 bus
656 3686 823 3728 nemo
869 3668 1030 3726 testis
1106 3673 1412 3737 comparet,
1448 3676 1612 3717 nemo
1678 3674 1775 3729 pro
1819 3652 2077 3711 tribunali

497 3764 687 3836 iudex,
710 3775 874 3817 nemo
899 3766 1218 3822 accusator;
1260 3769 1370 3808 non
1401 3752 1590 3808 dixero
1635 3759 1824 3804 contra
1854 3755 2078 3810 memet,

501 3856 601 3914 sed
632 3863 826 3911 contra
879 3851 1107 3915 amicos,
1148 3846 1605 3917 consanguineos,
1643 3856 1830 3897 servos
1859 3840 2083 3895 omnino

501 3966 717 4016 omnes,
769 3961 908 4028 quos
942 3945 1120 4015 aliqua
1173 3942 1395 3998 suberat
1437 3938 1710 4010 cogitatio,
1750 3950 1838 3989 me
1861 3933 2085 3987 omnino

503 4057 614 4101 non
646 4019 947 4110 negligere.
987 4033 1144 4100 Quod
1172 4032 1218 4095 si
1253 4029 1472 4085 tandem
1499 4036 1808 4091 cessarunt,
1855 4019 2084 4080 investic

504 4144 697 4206 gantes
747 4128 1115 4201 quaestiones,-
1147 4142 1257 4180 non
1314 4123 1374 4178 ﬁt
1422 4124 1475 4178 id
1523 4137 1589 4177 ex
1651 4119 1819 4174 animi
1845 4118 2088 4188 ipsorum

505 4224 801 4289 sententia,
824 4230 919 4277 aut
952 4228 1176 4292 prepter
1199 4218 1434 4296 aliquam
1464 4214 1719 4270 virtutem
1753 4226 1962 4277 meam;
1992 4208 2088 4264 sed

507 4320 578 4377 ab
594 4315 806 4371 excelsa
833 4314 893 4369 ﬁt
909 4323 964 4368 et
982 4310 1248 4383 profunda
1270 4308 1362 4362 Dei
1383 4305 1778 4370 misericordia,
1799 4318 1828 4357 a
1846 4318 1949 4373 qua
1975 4300 2089 4356 sola

508 4410 832 4480 pendemus,
856 4407 1026 4463 etsub
1042 4421 1149 4477 qua
1175 4405 1230 4458 in
1253 4403 1366 4462 vita
1396 4401 1698 4472 agitamur;
1723 4398 1808 4453 his
1829 4406 1906 4452 tot
1926 4395 2092 4450 tantis

510 4505 819 4573 talibusque
859 4497 1117 4565 exhausti
1149 4494 1431 4559 fluctibus;
1452 4507 1552 4564 pro
1591 4490 1836 4562 cognatis
1875 4500 2088 4552 autem,

2225 2540 2310 2593 -Τὸ
2335 2540 2491 2608 σῶμα
2519 2538 2639 2600 ταῖς
2671 2534 2846 2597 νόσοις
2866 2547 2881 2564 ·
2912 2533 2947 2602 ἡ
2975 2529 3034 2584 δέ
3066 2524 3213 2598 ψυχὴ
3241 2523 3359 2584 τοϊς
3389 2516 3744 2608 παθήμασιν·

2166 2637 2194 2688 ὁ
2233 2633 2290 2686 δὲ
2323 2605 2435 2702 βίος
2485 2629 2604 2692 ὅλος
2632 2629 2752 2689 ταῖς
2782 2623 2843 2688 ἐξ
2879 2619 3184 2692 ἀνθρώπων
3212 2611 3511 2684 ἐπηρείαις
3553 2605 3750 2660 ἀπεῖπε

2168 2696 2704 2792 ταλαιπωρούμενος.
2737 2716 2912 2769 Φίλων
2949 2709 3176 2782 ἠρεμία,
3209 2701 3573 2775 θεραπόντων
3612 2696 3751 2748 αίκι-

2174 2819 2301 2887 σμοὶ
2349 2786 2443 2875 καί
2477 2786 2868 2882 αίχμαλωσίαι,
2919 2802 3203 2870 συγγενεῖς
3240 2798 3308 2866 τῇ
3359 2792 3478 2846 τῶν
3514 2786 3754 2844 ἀπειλῶν

2174 2910 2432 2982 βαρύτητι
2458 2905 2508 2950 ἀ·
2545 2904 2832 2972 στερήσεις
2880 2899 2974 2951 καὶ
3024 2892 3204 2948 αὐτῶν
3249 2888 3361 2942 τῶν
3398 2880 3754 2951 ἀναγκαίων·

2174 3001 2421 3074 ἁρπαγαὶ
2476 2996 2731 3068 βιϐλίων,
2778 2991 2938 3062 ἱερῶν
2989 2982 3352 3055 ἐκπορθήσεις
3403 2975 3616 3038 οἴκων,
3667 2968 3758 3033 οὓς

2178 3067 2489 3164 ἱλαστήριον
2534 3091 2693 3160 ἡμεῖς
2731 3080 3121 3155 ἐστησάμεθα,
3163 3073 3524 3144 ψαλλόντων,
3573 3067 3760 3164 ἀναγιῑ-

2180 3187 2529 3245 νωσκόντων,
2584 3183 2642 3232 ἐν
2696 3179 2830 3235 πᾶσι
2887 3173 3054 3234 θείοις
3104 3161 3573 3236 ὑπηρετούντων·
3624 3151 3761 3210 κατά

2176 3281 2392 3335 πάντων
2419 3273 2606 3335 ἁπλῶς
2655 3267 2956 3335 ἀποφάσεις
2988 3260 3220 3330 πικραὶ,
3258 3256 3359 3311 καὶ
3392 3251 3764 3322 ψηφίσματα,

2173 3377 2261 3429 ἵνα
2292 3371 2482 3443 μηδεὶς
2532 3365 2664 3439 μηδέ
2695 3360 2789 3415 τοῦ
2821 3352 3228 3429 παραγενέσθαι
3263 3347 3412 3418 πρὸς
3453 3343 3610 3414 ἡμᾶς
3639 3339 3772 3408 πλη-

2177 3434 2305 3523 σίον.
2338 3434 2584 3532 γένηται.
2637 3456 2704 3510 Τί
2753 3455 2835 3508 δεῖ
2890 3453 2990 3513 τὰς
3051 3442 3401 3515 ἐφημερίους
3454 3434 3773 3532 ἀνακρίσεις

2176 3521 2391 3628 λέγειν,
2442 3521 2541 3607 καὶ
2589 3549 2832 3620 κρίσεις,
2887 3542 2982 3595 καὶ¹
3030 3535 3434 3606 κατακρίσεις·
3485 3523 3564 3582 ὧν
3603 3521 3773 3628 οὐδεὶς

2342 3610 2570 3716 μάρτυς,
2609 3610 2735 3691 οὔτε
2767 3633 2985 3706 κριτὴς,
3020 3628 3135 3683 ἀλλ’
3183 3623 3303 3678 οὐδὲ
3349 3620 3682 3690 κατήγορος

2180 3701 2305 3795 καθ’
2329 3701 2490 3808 ημῶν
2530 3701 2721 3803 μόνον,
2767 3701 3022 3780 ἀλλὰκαὶ
3058 3717 3200 3776 κατά
3235 3713 3417 3790 φίλων
3439 3753 3455 3777 ,
3508 3708 3610 3764 καὶ
3641 3701 3776 3759 κατά

2184 3827 2484 3900 συγγενῶν,
2516 3824 2610 3877 καὶ
2635 3817 3005 3892 θεραπόντων,
3035 3811 3130 3866 καὶ
3155 3806 3300 3862 κατά
3328 3804 3567 3858 πάντων
3596 3794 3778 3858 ἁπλῶς

2183 3889 2276 3988 εἰς.
2301 3889 2404 3985 ὀὓς
2446 3917 2644 3978 αὐτοὺς
2759 3909 2854 3963 τοῦ
2898 3905 3127 3977 μελετᾷν
3175 3898 3297 3953 καθ’
3352 3895 3524 3968 ἡμῶν
3563 3889 3779 3945 ἐλαύνει

2188 3985 2422 4070 ἐπίνοια.
2466 4011 2531 4063 Εἰ
2569 4008 2626 4061 δὲ
2667 4007 2761 4059 καὶ
2791 4000 3037 4067 ἐξέλιπον
3077 4007 3100 4035 ε
3142 3993 3537 4064 ἐξερευνήσεις
3567 3985 3783 4056 ἐξερευ-

2188 4109 2419 4170 νῶντες,
2457 4101 2581 4156 οὔτε
2627 4098 2731 4168 τῆς
2780 4094 3004 4149 ἐκείνων
3041 4087 3267 4160 γνώμης
3303 4080 3438 4136 οὔτε
3483 4079 3592 4170 τῆς
3631 4072 3783 4170 ἡμῶν

2189 4165 2416 4271 ἀρετῆς,
2452 4193 2587 4250 ἀλλά
2618 4165 2716 4262 τῆς
2747 4186 2967 4260 βαθείας
2995 4183 3090 4236 καὶ
3119 4177 3328 4249 ὑψηλῆς
3354 4165 3786 4271 φιλανθρωπίας

2190 4257 2284 4348 τοὺ
2520 4283 2588 4360 ἦς
2649 4257 2817 4356 μόνης
2847 4273 3140 4349 ἢρτήμεθα
3162 4312 3176 4336 ,
3207 4269 3301 4323 καὶ
3338 4267 3429 4337 ἐφ’
3532 4262 3630 4317 τὸν
3668 4257 3786 4360 ’βίον

2195 4385 2494 4454 σαλεύομεν
2519 4397 2534 4412 ·
2586 4377 2862 4438 τοσούτοις
2893 4370 2992 4424 καὶ
3030 4362 3369 4436 τηλικούτοις
3419 4349 3790 4428 περιαντλού-

2199 4497 2347 4552 μενοι
2374 4442 2635 4546 κύμασιν,
2667 4467 2790 4527 ἀντὶ
2820 4467 2879 4522 δὲ
2926 4458 3225 4530 συγγενῶν,
3263 4453 3388 4509 ἀντὶ
3434 4452 3643 4520 φίλων,
3674 4442 3791 4499 ἀντὶ

512 4537 819 4573 salluui-quo
859 4537 1117 4565 vanu-us"-
1149 4537 1424 4559 ιιυνυιυυ-υ,
1455 4537 1549 4564 ,ην
1593 4537 1835 4562 ,ηομ-η--
1876 4537 2080 4552 .__--_-_,

509 4611 610 4667 pro
637 4594 846 4656 amicis,
884 4606 986 4666 pro
1031 4589 1269 4652 famulis,
1305 4601 1404 4656 pro
1450 4585 1779 4640 canentibus
1821 4581 2080 4647 Psalmos,

2194 4537 2250 4627 ἑὲ
2289 4537 2669 4642 θεραπόντων,
2731 4557 2852 4614 ἀντὶ
2903 4551 3215 4624 ψαλλόντων
3236 4587 3252 4613 ,
3302 4544 3432 4598 ἀντὶ
3490 4541 3553 4594 δὲ
3614 4537 3795 4604 πάσης

2274 4663 2288 4667 -
2435 4661 2446 4667 -
2830 4647 2952 4667 nl..-
3013 4643 3102 4667 -1.
3144 4635 3482 4667 ---κα-ητις»...
3519 4631 3616 4667 νηὶ
3678 4645 3793 4667 [nu-

513 4701 614 4757 pro
646 4697 974 4755 quocunque
1023 4681 1262 4734 humano
1291 4676 1518 4740 solatio;
1572 4673 1792 4739 milites,
1845 4671 2090 4726 custodia

514 4778 739 4841 tribuni,
764 4775 973 4840 vicarii,
1005 4772 1270 4826 militares
1297 4768 1468 4837 copiae
1499 4783 1597 4821 nos
1654 4764 2086 4821 circumsistunt.

515 4869 671 4930 Unde
702 4867 904 4938 poterit
943 4864 1125 4919 amina
1151 4871 1232 4918 tot
1274 4861 1539 4916 malorum
1568 4858 1797 4913 falcibus
1821 4855 2015 4921 divisa,
2059 4872 2091 4910 a

517 4973 748 5029 corpore
772 4972 883 5012 non
912 4955 1110 5026 abripi,
1151 4963 1207 5009 et
1233 4952 1515 5023 aul'ugere,
1544 4958 1694 5010 certe
1717 4957 1772 5006 et
1803 4948 1906 5005 hoc
1957 4947 2089 5012 mihi

521 5063 788 5104 summam
805 5045 1204 5102 dubitationem
1226 5047 1429 5096 movet.

1076 5236 1299 5293 EPIST.
1339 5233 1532 5289 XXXI.

627 5333 826 5390 Joanni
856 5331 1080 5386 nutricio
1111 5340 1158 5384 et
1195 5327 1464 5383 sacellano
1522 5327 1662 5394 apud
1691 5325 1974 5395 Angurios.

2199 4631 2547 4735 ἀνθρωπίνης
2597 4647 2982 4723 παραμυθίας,
3012 4643 3104 4708 τίς
3142 4635 3485 4709 στρατιῶται
3519 4631 3622 4686 καὶ
3675 4645 3793 4681 ,ιου-

2201 4727 2419 4818 στωδία,
2463 4727 2560 4806 καὶ
2599 4743 2895 4818 τριϐοὖνοι,
2935 4736 3033 4792 καὶ
3075 4732 3333 4804 βικάριοι,
3371 4727 3478 4780 καὶ
3523 4736 3798 4818 στρατιω-

2196 4807 2523 4914 τινδῶίλόχοι
2569 4807 2986 4909 περικαθηνται.
3033 4826 3160 4888 Πῶς
3206 4819 3299 4876 οὖν
3335 4816 3572 4914 ηψυχὴ
3612 4829 3705 4866 τοο
3751 4807 3764 4825 ⁸

2197 4960 2312 5006 τοις
2340 4936 2530 4994 κακῶν
2563 4929 2850 5004 δρεπάνοις
2881 4915 3239 4992 διαιρουμένη
3266 4911 3363 4966 τοῦ
3393 4908 3674 4979 σώματος

2199 5002 2412 5112 ἐρράγη
2463 5029 2558 5085 καὶ
2597 5002 2862 5103 ἐξέφυγε,
2896 5010 3181 5072 τοῦτο-καὶ
3226 5007 3375 5080 ἡμᾶς
3423 5005 3514 5066 εἰς
3560 5002 3713 5064 ἀπορ

2197 5123 2565 5201 περιίστησιν.

2799 5201 3028 5259 ΕΠΙΣΤ.
3071 5199 3197 5253 AA'.

2209 5314 2454 5380 Ἰωάννῃ
2507 5295 2942 5380 πατρικίῳῌκαὶ
2991 5284 3393 5380 σακελλαρίῳ,

2785 5363 3189 5437 Ἀτγουρίους.

3470 5275 3643 5334 κατὰ
3670 5268 3805 5334 τοὺς

1767 5485 2032 5536 Montacut.
2073 5489 2178 5553 (ep.
2213 5485 2295 5544 86,
2332 5496 2382 5544 p.
2416 5476 2550 5538 151).

603 5584 788 5639 Talem
817 5596 916 5652 ego
939 5576 1191 5633 mihimet
1218 5574 1450 5628 amicum
1479 5571 1809 5644 conjungere
1831 5584 2103 5646 optarem,

535 5697 630 5758 per
666 5693 827 5750 quem
853 5687 1032 5744 neque
1059 5667 1381 5741 superbiens
1402 5665 1578 5735 aliqua
1605 5667 1777 5736 gratia
1809 5677 1864 5724 et
1891 5669 2106 5723 excelsa

2297 5515 2552 5637 ’ἔᾷοξᾷζίν
2583 5561 2650 5615 ἀν
2677 5559 2855 5626 ἔγωγε
2889 5550 3042 5620 φίλον
3064 5539 3286 5615 ἐμαυτῷ
3318 5533 3620 5602 συζεῦξαι,
3648 5515 3814 5632 ego},

2218 5616 2520 5735 μήτῖτῶν.
2565 5616 2932 5721 ὑπερηφάνων
2989 5657 3080 5710 μοι
3122 5631 3362 5707 χαρίτων
3423 5626 3530 5682 καὶ
3590 5616 3814 5695 ὑψηλῶν

1781 5787 2013 5852 νΑιιιΑε
2055 5779 2464 5842 LECTIONES.

609 5903 637 5939 ἰ
666 5902 1050 5954 διασπὼιιενοι.
1135 5910 1157 5934 ε
1188 5897 1251 5949 ίσ
1304 5896 1431 5950 add.
1476 5909 1624 5945 ποτε.
