4024 6446
2908 32 2919 33 γ
2984 32 2993 33 κ
3000 30 3066 35 ,-
3073 28 3325 37 animm
3332 28 3351 37 ς
3358 28 3495 39 -ν-<Λ

247 346 337 411 949
1384 344 1833 407 EPISTOLARI

1956 346 2188 408 LIBER
2222 345 2337 407 III:
3377 342 3482 406 950

260 458 412 533 μηδὲν
446 456 653 521 ἔσοιτο,
693 456 830 527 μήτε
879 454 1064 519 δεδιὼς
1119 456 1260 526 εἵην,
1320 456 1534 525 μήποτε
1580 454 1819 518 πνεύσας

1936 456 2288 525 impertiatur,
2357 471 2534 526 neque
2564 470 2593 508 a
2623 469 2732 526 quo
2779 455 3020 515 timeam,
3053 466 3123 506 ne
3148 466 3214 506 ex
3253 451 3483 507 adverso

258 555 316 606 ἐκ
358 549 447 604 τοῦ
494 547 738 602 ἐναντίου
787 548 1256 620 συγκατασπάσῃ,
1296 547 1392 602 καὶ
1423 546 1460 601 ἃ.
1493 547 1630 618 μηδέ
1672 548 1806 619 δναρ

1936 549 2045 603 ηἱιιί
2088 548 2289 619 aliquid
2327 548 2536 602 ametur
2563 548 2707 601 unde
2734 545 3081 614 disjiciantur
3102 558 3192 597 res
3232 558 3391 606 mere,
3427 550 3485 596 et

204 684 213 699 ν
259 642 454 697 ἐκεῖθεν
480 641 707 712 ῆλπισα.
742 640 915 694 Πόθεν
945 636 1038 694 οὖν
1068 642 1150 704 είς
1180 639 1384 710 ταύτην
1430 638 1665 704 ἐξέπεσα
1708 641 1808 710 τὴν

1936 655 1975 694 :a
2007 640 2062 694 in
2080 656 2168 695 me
2190 640 2603 704 contrahantur,
2624 654 2745 709 qua:
2766 653 2835 692 ne
2861 653 2957 707 per
2988 650 3239 691 somnum
3267 635 3485 705 quidem

262 734 534 807 βούλησιν;
564 734 621 788 αί
651 734 742 787 σαὶ
768 733 1018 804 πράξεις,
1048 733 1141 787 τοῦ
1170 750 1298 787 ποτε
1327 733 1610 804 φιλοῦντος
1639 736 1807 805 ἡμᾶς,

260 827 345 880 ἐπὶ
372 824 575 894 ταύτην
602 824 828 895 ῆγαγον.

836 1024 1062 1078 ΕΠΙΣΤ.
1104 1022 1229 1077 AB’.

479 1114 688 1187 Βαάνῃ
731 1116 1105 1185 πραιποσίτῳ
1143 1116 1241 1171 καὶ
1275 1117 1576 1186 πατρικίῳ.

1922 730 2236 801 cogitaram.
2298 732 2397 786 Ast
2458 730 2605 787 unde
2643 729 2776 783 mihi
2816 729 2922 783 hoc
2956 726 3176 784 consilii
3206 727 3485 783 aboritur?

1920 831 2027 876 tuae
2074 838 2162 877 me
2193 823 2437 878 actiones
2474 822 2810 892 impulerunt
2862 821 2915 874 in
2955 820 3099 875 hanc
3135 818 3485 885 sententiam,

1919 915 2010 984 qui
2041 916 2167 969 olim
2199 932 2285 971 me
2323 917 2605 971 diligebas.

2456 1028 2674 1083 EPIST.
2720 1024 2933 1083 XXXII.

2274 1121 2475 1177 Baanw
2503 1122 2786 1191 praeposito
2813 1130 2863 1176 et
2896 1120 3139 1190 patricio.

1495 1234 1761 1285 Montacut.
1800 1236 1903 1299 (ep.
1935 1237 2017 1301 91,
2050 1253 2101 1302 p.
2134 1239 2267 1303 155).

325 1330 430 1390 Ἦν
455 1352 586 1388 ποτε
618 1334 848 1405 κρύφιος
877 1335 1028 1405 φίλος
1050 1337 1079 1389 ὁ
1128 1335 1323 1408 Ἰωσὴφ
1345 1379 1362 1403 ,
1390 1337 1485 1389 καὶ
1509 1338 1819 1408 νυκτερινὸς

264 1426 501 1498 μαθητής
525 1427 622 1481 τοῦ
650 1427 784 1498 ἐμοῦ
815 1428 1089 1481 Δεσπότου
1124 1429 1218 1481 κα)⁵
1240 1427 1376 1481 Θεοῦ
1397 1444 1410 1457 ·
1448 1428 1566 1482 ἀλλ’
1594 1430 1819 1501 ὕστερον

260 1521 377 1582 τοὺς
415 1518 646 1590 δεσμοὺς
698 1519 1015 1592 ἀπορρήξας
1068 1519 1169 1588 τῆς
1219 1520 1439 1585 δειλίας,
1474 1520 1583 1574 τῶν
1629 1523 1710 1584 εἰς
1759 1522 1820 1573 τὸ

1994 1341 2124 1399 Erat
2155 1344 2443 1414 aliquando
2478 1344 2701 1415 Ioseph,
2740 1344 2973 1400 latenter
3031 1342 3238 1398 amicus
3290 1348 3345 1397 et
3386 1356 3492 1397 no-

1924 1445 2155 1491 cturnus
2185 1437 2486 1507 discipulus
2538 1437 2631 1493 Dei
2669 1444 2725 1492 et
2771 1435 2985 1493 Domini
3013 1435 3148 1502 mei;
3184 1435 3279 1490 sed
3320 1434 3495 1505 ruptis

1924 1536 2112 1598 postea
2174 1528 2406 1587 vinculis
2478 1528 2935 1595 meticulositatis,
2992 1526 3379 1591 inflammatius
3440 1533 3498 1580 et

262 1610 485 1682 φανερδν
532 1611 833 1680 φιλούντων
879 1611 1210 1691 θερμότερος
1239 1613 1335 1666 καὶ
1374 1611 1819 1685 θαρῤαλεώτερος

1936 1617 2292 1679 confidentius
2320 1634 2379 1673 se
2432 1620 2621 1689 gessit,
2651 1633 2814 1690 quam
2842 1618 2940 1686 illi,
2971 1619 3064 1687 qui
3121 1617 3372 1671 amabant
3398 1629 3497 1685 pa-

263 1702 476 1771 γέγονε·
523 1703 623 1755 καὶ
664 1703 724 1755 τὸ
775 1703 1106 1757 Δεσποτικὸν
1154 1703 1237 1772 ἐφ’
1286 1702 1440 1774 ὕϐρει
1478 1704 1820 1774 κρεμάμενον

1942 1724 2028 1762 am
2064 1725 2078 1761 :
2116 1709 2462 1769 Dominicum
2490 1724 2695 1781 corpus
2719 1710 3113 1768 contumeliose
3148 1723 3495 1781 suspensum.

264 1793 410 1863 σῶμα
466 1794 563 1846 τοῦ
614 1792 771 1865 ξύλου
805 1793 1086 1858 καθελὼν,
1130 1794 1227 1864 τῆς
1271 1794 1500 1865 δυνατῆς
1527 1794 1822 1864 θεραπείας

262 1887 353 1949 οὐκ
408 1886 677 1957 ἠμέλησε.
733 1888 914 1958 Μέχρι
966 1888 1112 1951 τίνος
1155 1886 1335 1940 τοίνυν
1392 1887 1485 1939 καὶ
1529 1887 1690 1951 αὐτὸς
1737 1886 1823 1943 διὰ

262 1979 440 2042 νυκτὸς
469 1980 620 2050 ἡμᾶς
652 1980 966 2051 ἀγαπήσας,
998 1980 1136 2033 ἀλλὰ
1172 1980 1247 2050 μὴ
1278 1979 1454 2050 φωτὸς
1484 1979 1580 2033 καὶ
1613 1979 1825 2050 ἡμέρας

264 2070 366 2134 υἱὸς
389 2070 652 2140 γεγονὼς,
691 2073 875 2141 ῥήξεις
905 2071 1062 2138 ἀξίαν
1090 2070 1273 2141 φωνὴν
1304 2070 1405 2142 τῆς
1446 2070 1643 2141 Ἰωσὴφ
1679 2073 1821 2142 παῤ-

266 2161 467 2231 ῥησίας,
500 2163 599 2215 καὶ
626 2162 876 2227 καθελεῖς
902 2163 1002 2216 οὐκ
1027 2161 1135 2216 ἀπὸ
1177 2161 1332 2227 ξύλου
1371 2162 1433 2215 τὸ
1473 2163 1653 2231 σῶμα,
1690 2163 1824 2217 ἀλλὰ

268 2253 464 2323 μυρίων
485 2254 812 2324 πειρασμῶν
839 2255 933 2307 καὶ
963 2253 1192 2325 θλίψεων
1215 2256 1308 2308 καὶ
1334 2254 1706 2322 ταὶφιιπωρίας
1729 2255 1825 2307 καὶ

265 2345 453 2416 πικροῦ
491 2347 763 2417 ῥυόμενος
792 2347 886 2399 καὶ
918 2345 1281 2417 καθημερινοῦ
1325 2345 1554 2400 θανάτου
1598 2344 1651 2413 ί;
1681 2347 1742 2399 Ei
1770 2346 1826 2398 δέ

266 2454 320 2490 σε
342 2439 373 2509 ή
399 2439 492 2491 τοῦ
521 2438 727 2509 κόσμου
760 2438 932 2508 φιλία,
966 2440 1118 2511 καὶὴ
1154 2439 1289 2509 πρὸς
1316 2439 1478 2492 αὐτὸν
1517 2438 1833 2509 συμπάθεια

265 2530 354 2583 ούκ
404 2532 490 2602 ἐᾷ,
541 2531 722 2601 μάτην
766 2533 847 2595 εἰς
890 2531 1217 2601 καταφυγὴν
1265 2533 1359 2585 καὶ
1415 2530 1765 2602 παράδειγμα
1805 2532 1834 2585 ὁ

278 2622 464 2694 Ἰωσὴφ
494 2622 771 2695 ἐπενοήθη
805 2623 902 2677 καὶ
935 2622 1352 2695 προκομίζεται.
1672 2604 1675 2607 ἰ

851 2736 1081 2791 ΕΠΙΣΤ.
1123 2735 1245 2792 AI".

339 2828 595 2899 Ἰωάννῃ
630 2830 920 2899 πατρικιῳ
948 2829 1047 2883 καὶ
1089 2828 1400 2900 στρατηγῷ
1451 2828 1742 2894 Ἑλλάδος
1780 2824 1788 2881 3

1920 1799 1988 1853 de
2044 1799 2188 1870 ligno
2244 1799 2483 1866 sustulit,
2541 1808 2598 1854 et
2655 1815 2765 1869 quo
2822 1798 2999 1869 potuit
3055 1798 3218 1853 modo
3263 1798 3503 1857 curavit.

1922 1888 2216 1959 Quousque
2236 1898 2293 1944 tu
2326 1898 2381 1945 et
2403 1905 2490 1945 me
2515 1906 2611 1960 per
2631 1901 2848 1945 noctem
2878 1891 3176 1946 dilecturus
3192 1906 3272 1955 es,
3304 1900 3360 1946 et
3386 1906 3509 1947 non,

1924 1980 2059 2036 lucis
2079 1992 2243 2051 atque
2264 1981 2372 2037 diei
2396 1981 2572 2041 factus
2605 1983 2771 2049 ﬁlius,
2792 1997 2981 2037 vocem
3012 1982 3231 2054 dignam
3276 1997 3501 2052 rumpes

1927 2073 2150 2144 Iosephi
2203 2072 2546 2140 fortitudine,
2607 2084 2663 2129 et
2711 2090 2824 2130 non
2853 2072 3073 2144 quidem
3111 2088 3309 2144 corpus
3337 2074 3404 2127 de
3437 2073 3503 2127 li-

1928 2182 2034 2238 gno
2057 2165 2291 2231 auferes,
2329 2167 2424 2223 sed
2457 2167 2524 2222 de
2564 2166 2713 2223 mille
2738 2166 2912 2221 modis
2949 2166 3326 2232 lentationum,
3364 2164 3504 2220 allii-

1929 2258 2199 2323 ctionum,
2241 2258 2608 2323 miseriarum,
2666 2257 2860 2312 acerba
2901 2266 2957 2311 et
2985 2257 3294 2325 quotidiana
3328 2263 3504 2310 morte

1932 2351 2210 2422 expedies.
2265 2350 2420 2423 Quod
2477 2351 2522 2404 si
2563 2358 2616 2404 te
2661 2349 2924 2420 impediat
2959 2349 3199 2403 amicitia
3224 2346 3415 2402 mundi
3449 2355 3505 2401 et

1928 2444 2157 2501 affectus
2176 2458 2301 2513 erga
2339 2443 2627 2510 mundum,
2672 2441 2872 2497 frustra
2904 2440 2999 2495 tibi
3045 2437 3360 2510 excogitasti
3411 2437 3507 2493 Jo-

1929 2542 2185 2614 sephum,
2214 2550 2269 2594 et
2312 2541 2369 2594 in
2421 2538 2662 2594 medium
2718 2535 2945 2592 adducis
2974 2544 3231 2605 tanquam
3256 2538 3505 2589 recenta-

1930 2631 2111 2687 culum
2144 2639 2198 2685 et
2226 2629 2524 2699 exemplar.

2509 2735 2728 2791 EPIST.
2769 2732 3009 2791 XXXIII.

2246 2828 2439 2883 Joanni
2464 2827 2709 2897 patricio,
2734 2835 2779 2879 et
2808 2823 3026 2879 Gracia:
3084 2825 3226 2879 duci.

1504 2940 1771 2993 Montacut.
1813 2940 1917 3007 (ep.
1951 2938 2032 3000 93,
2064 2955 2114 3003 p.
2150 2940 2280 3002 I34).

330 3039 573 3111 Εὔνομος
614 3040 759 3114 ᾅδων
798 3043 1160 3115 ἐσεμνύτετο,
1205 3045 1361 3113 φασὶ,
1400 3044 1429 3099 ὁ
1466 3044 1696 3120 Λοκρός.
1729 3046 1833 3099 Καὶ

2014 3042 2259 3100 Celebris
2313 3042 2541 3097 habetur
2598 3039 2879 3096 Eunomus
2947 3034 3249 3094 Locrensis.
3299 3042 3508 3093 cantor.

268 3126 355 3203 ᾖδε
394 3132 502 3204 γὰρ
554 3132 796 3202 θέλγων,
849 3136 942 3190 καὶ
990 3136 1326 3207 κηλούμενος
1374 3139 1502 3201 τοὺς
1539 3138 1833 3209 ἀκροατάς.

269 3222 401 3287 Mai;
424 3223 482 3277 δέ
514 3240 647 3277 ποτε
678 3225 942 3296 ῥαγείσης
966 3226 1115 3298 αὐτῷ
1154 3226 1383 3298 χορδῶν,
1410 3227 1590 3294 τέττιξ
1619 3228 1715 3282 ἐπὶ
1748 3230 1840 3283 τὸν

271 3312 438 3384 πῆχυν
459 3314 717 3381 καθίσας,
742 3316 836 3371 τὸν
862 3316 1098 3387 φθόγγον
1118 3318 1429 3389 ἀνεπλήρου
1453 3319 1551 3390 τῆς
1578 3320 1841 3391 ῥαγείσης

271 3407 472 3479 χορδῆς,
506 3408 604 3462 καὶ
629 3404 699 3476 ἦν
719 3410 951 3482 Εὐνόμῳ
985 3411 1149 3469 πάλιν
1172 3411 1342 3483 ᾅδειν,
1369 3412 1445 3476 ὡς
1470 3414 1531 3467 τὸ
1556 3414 1837 3485 πρότερον,

272 3497 538 3567 ἐμμελῶς.
576 3500 638 3553 Et
692 3501 748 3556 δέ
793 3518 857 3570 γε
890 3504 1059 3573 ἡμῖν,
1107 3504 1231 3557 ἀντὶ
1268 3504 1516 3573 τέττιγος
1554 3506 1649 3558 καὶ
1683 3504 1840 3576 ξένης

272 3586 424 3659 ᾠδῆς,
457 3591 566 3661 τῆς
600 3592 700 3663 σῆς
727 3590 933 3663 φιλίας,
960 3594 1061 3652 οὐκ
1095 3589 1193 3648 οἵδ’
1221 3594 1345 3649 ὅθεν
1383 3596 1839 3668 περιρῤαγείσης,

272 3679 753 3753 ἀποκαταστήσας,
789 3684 953 3739 πάλιν
1003 3686 1260 3748 ἐντείνεις
1291 3685 1389 3758 τὴν
1421 3688 1621 3758 νευρὰν
1642 3727 1657 3751 ,
1711 3689 1838 3751 ἴσως

272 3766 332 3823 ἂν
357 3772 434 3836 είς
463 3773 567 3843 τὴν
596 3774 867 3844 προτέραν
887 3775 1045 3846 ήμῶν
1072 3777 1394 3857 ὁλοκληρίαν
1412 3779 1441 3831 ὁ
1473 3778 1586 3849 βίος
1614 3780 1842 3834 ἐπανελιε

273 3860 409 3928 θὼν,
450 3866 549 3917 καὶ
587 3866 911 3935 συμφωνίαν
954 3868 1185 3940 ἀρίστην
1220 3869 1526 3937 ἀναλαὸὼν,
1560 3870 1752 3945 ᾅσεταί
1788 3889 1842 3926 τι

275 3951 424 4019 μέλος
452 3953 822 4025 εὐδαιμονίας,
854 3958 975 4011 ἀντὶ
1005 3959 1107 4029 τῆς
1135 3959 1229 4014 νῦν
1258 3962 1585 4032 τραγῳδίας,
1620 3963 1718 4033 ἡδὺ
1750 3962 1842 4017 καὶ

271 4046 495 4116 τερπνόν
514 4062 529 4077 ο
563 4047 791 4114 καὶτοῖς
818 4048 1011 4106 ἔπειτα
1034 4050 1143 4105 τῶν
1172 4051 1499 4122 ἀνθρώπων,
1532 4054 1653 4126 οὐχὶ
1680 4054 1843 4110 Εὔνο-

276 4152 367 4205 μος
419 4136 516 4193 καὶ
544 4138 876 4219 κιθαρῳδὸς,
909 4141 1006 4195 καὶ
1046 4142 1225 4209 τέττιξ
1274 4145 1635 4215 μουσουργὸς,
1670 4146 1841 4217 μύθου

273 4227 491 4300 πλάσμα
516 4232 770 4299 παλαιοῦ,
796 4233 911 4286 ἀλλ’
933 4233 1221 4306 ἀρχιερεὺς
1246 4236 1380 4290 Θεοῦ
1411 4240 1435 4277 Β
1464 4238 1617 4307 φίλος
1639 4239 1840 4307 ἔνθεος,

1938 3138 2077 3195 Cum
2111 3144 2353 3198 caneret,
2399 3133 2708 3191 oblectabat
2753 3131 3056 3193 audientes,
3098 3135 3153 3183 et
3184 3126 3508 3192 deliniebat;

1938 3235 1995 3282 at
2018 3241 2144 3282 cum
2174 3224 2463 3295 aliquando
2501 3238 2609 3277 una
2641 3237 2673 3277 e
2699 3220 2897 3282 ﬁdibus
2926 3225 3292 3289 rumperetur,
3321 3214 3511 3271 cicada

1934 3320 2066 3391 jugo
2093 3317 2319 3372 cithara:
2350 3315 2615 3381 insidens,
2649 3312 2869 3367 chorda:
2892 3309 3123 3379 dirupta
3158 3307 3306 3362 vices
3333 3306 3511 3361 adim-

1940 3409 2147 3481 plebat,
2176 3410 2251 3463 ita
2305 3417 2366 3462 ut
2415 3420 2541 3461 cum
2566 3409 2839 3463 concentu
2875 3400 3137 3456 Eumelus
3166 3397 3246 3453 uti
3273 3407 3330 3452 et
3358 3395 3511 3466 prius

1939 3508 2184 3556 caneret.
2221 3497 2377 3565 Quod
2436 3496 2482 3551 si
2518 3504 2577 3550 tu
2624 3495 2745 3550 loco
2788 3492 2988 3549 cicadae
3025 3499 3080 3546 et
3120 3498 3317 3545 cantus
3347 3485 3511 3541 alieni

1945 3602 2048 3647 tua:
2069 3590 2327 3645 amicitia:
2360 3588 2619 3644 chordam
2654 3585 2841 3645 nescio
2870 3599 2977 3654 quo
3026 3590 3186 3653 pacto
3229 3580 3513 3648 diruptam

1944 3681 2229 3747 resarcias,
2290 3690 2345 3736 et
2376 3680 2651 3743 intendas,
2706 3678 2819 3732 ﬁeri
2848 3683 3049 3747 potest,
3082 3674 3271 3728 utvita
3300 3680 3511 3735 nostra,

1944 3775 2010 3829 ad
2034 3773 2270 3844 priorem
2304 3772 2669 3845 integritatem
2702 3768 2927 3823 reducta
2957 3766 3222 3836 optimam
3263 3759 3514 3817 conﬁciet

1944 3864 2308 3931 harmoniam,
2369 3872 2425 3919 et
2466 3878 2563 3941 pro
2619 3860 2875 3935 praesenti
2926 3857 3205 3928 tragcedia,
3264 3854 3515 3910 concinet

1944 3957 2268 4013 cantilenam
2317 3954 2590 4011 felicitatis
2628 3953 2877 4022 alicujus,
2920 3965 3044 4020 quae
3070 3948 3273 4015 suavis,
3306 3955 3515 4001 etcum

1944 4050 2308 4106 delectatione
2354 4047 2425 4103 sit
2457 4066 2472 4102 :
2504 4056 2559 4103 et
2588 4045 2774 4101 futuro
2806 4044 3006 4100 saeculo
3047 4056 3162 4097 non
3181 4040 3376 4111 aliquis
3405 4037 3515 4093 Eu~

1944 4157 2141 4198 nomus
2169 4139 2506 4195 -citharedus
2548 4146 2643 4192 aut
2699 4137 2885 4191 cicada
2935 4134 3174 4190 musices
3218 4129 3513 4203 operatrix,

1946 4244 2174 4297 vetustae
2203 4233 2484 4304 cujusdam
2518 4231 2713 4287 fabula:
2740 4229 3076 4302 ﬁgmentum,
3108 4226 3204 4283 sed
3246 4224 3341 4280 Dei
3378 4238 3519 4294 pon-

274 4322 363 4372 καὶ
390 4323 577 4388 καλὸς,
609 4326 689 4389 είς
721 4325 1076 4398 παράδειγμα
1103 4328 1197 4382 καὶ
1223 4331 1527 4400 παροιμίαν
1551 4330 1833 4402 ἐξαρκέσει

1947 4326 2077 4382 tifex
2110 4326 2320 4381 amicus
2359 4323 2579 4380 divinus
2606 4331 2661 4378 et
2686 4322 2865 4377 bonus
2902 4318 3156 4385 suﬂiciet,
3181 4316 3276 4389 qui
3302 4316 3359 4371 in
3391 4328 3519 4385 pro-

273 4408 545 4485 ἀληθινήν.

862 4529 1088 4588 ΕΠΙΣΤ.
1118 4536 1238 4593 AA'.

308 4618 512 4676 Λέοντι
533 4622 633 4681 καὶ
660 4623 974 4680 Γαλάτωνι
1006 4626 1291 4696 ἀδελφοῖς
1321 4630 1418 4683 καὶ
1447 4630 1803 4699 ἁσηκρῆτις.

1866 4392 1920 4452 Ῑ)
1944 4419 2192 4476 verbium
2218 4418 2376 4474 abeat
2404 4431 2594 4471 verum
2619 4422 2675 4470 et
2696 4412 2971 4483 exemplar

2480 4529 2701 4586 EPIST.
2743 4526 2986 4582 XXXIV.

2116 4625 2296 4679 Leonti
2321 4632 2369 4677 et
2401 4622 2650 4678 Galatoni
2678 4618 2936 4691 fratribus
2967 4625 3015 4673 et
3057 4634 3090 4669 α
3123 4616 3350 4679 secretis.

1505 4723 1769 4775 Montacut.
1807 4723 1908 4788 (ep.
1944 4719 2054 4781 105,
2093 4734 2140 4781 p.
2182 4718 2312 4778 I50).

340 4819 405 4874 Ei.
427 4821 524 4885 τὰς
552 4821 691 4893 πρὸς
715 4821 832 4893 ἔριν
848 4826 1206 4896 παρασκευὰς
1224 4826 1538 4893 ἐξελύσατε,
1570 4829 1667 4893 τὰς
1702 4831 1839 4901 ἡμε-

272 4909 433 4980 τέρας
460 4912 698 4979 ἐντολὰς,
731 4913 835 4968 κᾶν
860 4914 954 4969 νῦν
986 4916 1138 4983 γοῦν,
1166 4918 1289 4973 ἐπεὶ
1316 4920 1391 4990 μὴ
1418 4921 1706 4992 πρότερον,
1744 4924 1838 4975 ὲκ-

275 5000 616 5073 πληρὼσατε,
642 5004 737 5057 καὶ
757 5004 819 5058 τὸ
851 5004 1052 5075 βιϐλίον
1076 5008 1442 5079 διορθώσασθε
1465 5029 1477 5042 ·
1505 5012 1839 5083 σφαλμάτων

274 5094 381 5165 γὰρ
413 5097 542 5149 αὐτὸ
586 5097 785 5168 μᾶλλον
814 5098 847 5169 ἢ
878 5102 1222 5170 γραμμάτων
1247 5142 1261 5166 ,
1290 5104 1421 5175 ὀρᾷν
1452 5103 1567 5157 ἔστι
1610 5108 1723 5167 τοῖς
1753 5105 1839 5158 ἐνο

274 5186 595 5255 τυγχάνουσι
638 5187 925 5261 [βιϐλίον’]
964 5189 1109 5245 οὕτω
1148 5194 1205 5246 δὲ
1236 5190 1389 5265 οἶμαι
1430 5194 1571 5249 κατὰ
1611 5194 1843 5265 σπουδὴν

278 5277 533 5346 πράξασι,
568 5281 711 5352 καὶή
739 5282 832 5334 ἐπὶ
860 5284 924 5351 τῇ
960 5284 1202 5356 προτέρᾳ.
1231 5289 1482 5358 παρακοῇ
1517 5286 1840 5357 συγγνώμη,

282 5369 355 5438 μὴ
380 5369 541 5425 πλέον
580 5366 716 5427 οὖσα
744 5371 1108 5444 συγγνώμης,
1143 5376 1279 5431 ἀλλὰ
1311 5378 1403 5433 τὸν
1442 5378 1603 5448 ὀρθὸν
1636 5379 1841 5449 φυλάτ-

279 5476 439 5515 τουσα
464 5464 642 5535 λόγον,
672 5463 1120 5535 ἐπακολουθήσει.

2017 4828 2075 4882 Si
2096 4832 2393 4898 apparatus
2418 4830 2632 4877 vestros
2653 4819 2723 4875 ad
2746 4817 3157 4883 contentionem
3170 4812 3365 4868 missos
3387 4809 3522 4867 fect-.

1946 4921 2066 4986 stis,
2108 4928 2165 4973 at
2213 4932 2380 4983 nunc,
2412 4914 2675 4983 siquidem
2704 4926 2813 4965 non
2872 4908 3042 4978 prius,
3079 4913 3349 4976 praecepta
3395 4918 3517 4957 mea

1947 5014 2250 5075 observate,
2265 5017 2320 5064 et
2342 5008 2537 5062 librum
2562 5003 2839 5073 corrigite.
2874 4999 3008 5053 Nam
3037 4997 3130 5067 qui
3160 5012 3284 5050 eum
3314 4995 3371 5048 in
3400 5009 3518 5047 ma-

1949 5120 2053 5159 nus
2083 5101 2434 5172 sumpserint,
2462 5098 2634 5169 magis
2667 5094 2945 5151 erroribus
2978 5099 3188 5146 scatere
3220 5102 3381 5157 quam
3427 5085 3491 5139 lit

1943 5200 2075 5255 teris
2109 5197 2390 5253 videbunt.
2414 5192 2583 5259 Quod
2601 5189 2653 5244 si
2672 5187 2918 5259 gnaviter
2947 5184 3002 5237 in
3030 5183 3134 5236 hoc
3164 5177 3520 5235 incubueritis

1944 5289 2157 5345 veniam
2174 5281 2571 5353 consequimini
2599 5280 2665 5334 de
2692 5275 2961 5348 praeterita
2992 5273 3216 5341 insuper
3239 5266 3539 5323 habiti’one,

1943 5389 2000 5436 et
2046 5380 2317 5451 neglectu,
2354 5390 2459 5431 nec
2493 5374 2632 5428 ultra
2666 5370 2882 5426 veniam
2938 5365 3067 5436 quid
3099 5356 3518 5429 consequimini,

1945 5487 2070 5526 nam
2093 5448 2388 5527 secundum
2423 5475 2623 5520 rectam
2656 5463 2919 5517 rationem
2952 5454 3318 5527 indulgebitur
3345 5448 3519 5507 vobis.

1526 5625 1759 5684 VARIIE
1801 5626 2203 5683 LECTIUNI‘LS.

364 5772 381 5811 ί
418 5776 501 5830 ἵσ.
536 5777 659 5834 add.
694 5778 788 5849 τὴν
823 5778 1021 5848 ψυχήν.
1106 5781 1129 5818 3
1200 5779 1313 5834 καί.
