4024 6442
470 337 571 403 951

1009 447 1231 504 EPIST.
1266 447 1481 503 XXXV.

980 543 1247 599 Damiano
1289 540 1500 610 hospiti.

544 739 706 798 Venit
736 741 805 798 ad
845 755 931 796 mc
975 740 1236 794 hesterno
1265 736 1375 801 die,
1414 748 1538 790 cum
1589 733 1702 805 iam
1747 732 2034 788 luminaria

467 834 895 890 accenderentur
926 830 1225 903 (urgentior
1255 829 1374 899 ejus
1410 826 1625 882 miseria
1669 825 1738 880 ab
1764 825 2034 894 intempe-

467 927 609 982 stivo
621 938 840 980 accessu
857 922 1359 994 videbatur),homo
1371 919 1640 990 indigens,
1663 932 1786 971 cum
1803 916 2030 988 eiulatu,

466 1026 525 1074 et
572 1030 704 1073 voce
731 1015 1098 1077 calamitatem
1121 1021 1376 1076 testante,
1408 1012 1483 1066 ita
1513 1017 1571 1065 nt
1601 1007 1955 1065 mollel‘acere
1977 1018 2035 1064 et

466 1121 696 1163 exorare
723 1115 906 1176 posset
934 1104 1174 1160 ferarum
1202 1103 1414 1158 animos
1437 1119 1451 1167 ;
1473 1099 1664 1156 tunica
1680 1100 1834 1156 illum
1856 1098 2035 1154 lacera

463 1200 592 1256 vitae
619 1209 878 1271 opertura
908 1198 1162 1270 tegebat;
1192 1197 1376 1252 vultus
1405 1195 1590 1266 plagas
1628 1194 1896 1264 impactas
1932 1192 2041 1270 bo-_

464 1291 673 1346 minum
698 1307 879 1364 pugno
911 1306 1022 1360 pm
1079 1305 1138 1345 se
1191 1288 1420 1352 ferebat,
1451 1300 1572 1356 quae
1602 1283 1865 1353 imprimis
1894 1296 2029 1337 con-

462 1390 683 1438 tuentes
714 1383 770 1437 in
807 1381 1241 1452 compassionem
1271 1388 1328 1434 et
1351 1379 1558 1434 luctum
1589 1375 1872 1444 adigerent
1899 1391 1914 1440 ;
1944 1387 2031 1428 me

396 1491 399 1494 ·
467 1474 737 1544 imprimis
768 1474 845 1528 ita
893 1473 1034 1528 male
1083 1472 1414 1534 habuerunt,
1445 1468 1590 1540 quod
1635 1465 2018 1536 intelligerem,

371 1598 392 1634 η.
458 1558 613 1615 illum
641 1574 938 1631 pauperem
963 1559 1067 1614 ista
1101 1573 1344 1629 passum,
1373 1572 1403 1612 a
1434 1556 1574 1612 mihi
1597 1555 1782 1620 notis;
1815 1562 1873 1609 at
1897 1569 2028 1610 cau—

459 1665 577 1704 sam
610 1665 734 1705 cum
762 1650 978 1718 rescivi,
1019 1659 1241 1722 propter
1260 1664 1424 1719 quam
1460 1663 1754 1719 perpessus
1784 1647 1900 1702 haec
1924 1645 2014 1701 in-

1557 338 1821 400 PHOTII
1859 337 2362 398 PATRIARCHE
2401 338 2510 400 CP.

2062 452 2113 508 A

1698 631 1963 682 Montacnt.
1999 629 2102 694 (ep.
2136 630 2246 690 108,
2284 645 2331 692 p.
2366 630 2499 692 155).

3593 331 3702 396 952

2736 444 2958 498 ΕΠΙΣΤ.
2985 442 3108 495 ΛΕ’.

2609 532 2879 604 Δαμιαγῷ
2907 529 3222 600 ξενοδόχῳ.

2211 728 2353 787 Ἧκε
2383 732 2528 802 χθὲς,
2558 731 2633 794 ὡς
2667 730 2846 802 ἡμᾶς,
2877 727 3006 799 περὶ
3049 723 3262 796 λύχνων
3291 720 3435 792 ἀφὰς
3466 718 3487 789 (
3512 718 3698 790 μεῖζον

2140 825 2248 897 γὰρ
2277 823 2426 892 αύτῷ
2454 822 2548 876 καὶ
2577 821 2675 890 τῆς
2706 818 2913 890 ἀωρίας
2939 815 3002 870 τὺ
3028 814 3200 877 πάθος
3233 810 3524 880 ἐτύγχανεν
3551 807 3568 875 )
3598 805 3696 860 ἀν-

2140 918 2356 989 θρωπος
2394 915 2562 984 πένης
2590 913 2822 973 κλαίων,
2851 909 2947 963 καὶ
2971 906 3155 976 φωνὰς
3175 903 3327 974 ⁴ίιιφίει
3352 902 3527 962 πάσας
3548 899 3578 938 il
3606 898 3694 989 ἐπ’

2137 987 2291 1078 ἐλέῳ,
2322 1007 2377 1060 αἶ
2424 1005 2712 1076 μαλάττειν
2750 1001 2845 1055 καὶ
2908 998 3179 1052 δυσωπεῖν
3224 995 3406 1064 ῐσχυον
3433 992 3529 1046 καὶ
3553 987 3694 1058 γνὼ-

2138 1118 2244 1170 μην
2273 1100 2510 1170 θηρίωνο
2547 1093 2866 1166 χιτωνίσκος
2901 1087 2970 1161 ἦν
3005 1088 3154 1160 αὐτῷ
3189 1083 3692 1158 περιερρηγμένος,

2133 1191 2397 1260 κάλυμμα
2427 1187 2521 1242 τοῦ
2575 1185 2712 1256 βίου·
2757 1182 2853 1237 καὶ
2889 1180 3103 1251 πληγὰς
3147 1177 3247 1243 τὰς
3291 1174 3354 1240 εξ
3392 1170 3695 1242 ἀνθρώπων

2133 1282 2324 1353 ἔφερεν
2355 1282 2447 1334 ἐπὶ
2476 1279 2569 1334 τοῦ
2603 1274 2918 1348 προσώπου·
2973 1273 3010 1326 ἃ.
3040 1271 3238 1344 μᾶλλον
3276 1267 3383 1322 τῶν
3412 1265 3586 1321 ἄλλων
3615 1265 3695 1326 είς

2132 1371 2310 1428 οἶκτον
2345 1373 2440 1427 καὶ
2467 1371 2664 1442 θρῆνον
2695 1369 2820 1432 τοὺς
2852 1365 3094 1436 ὁρῶντας
3137 1359 3436 1432 παρεκάλει
3460 1374 3476 1389 ο
3513 1358 3612 1428 ἐμὲ
3636 1357 3694 1410 δὲ

2131 1465 2313 1531 πλέον,
2334 1465 2418 1518 ὄτι
2445 1463 2541 1518 καὶ
2561 1460 2852 1532 γνωρίμων
2871 1458 3008 1530 ἔργα
3024 1456 3094 1510 τὰ
3121 1457 3139 1496 ί
3169 1453 3315 1523 πάθη
3343 1450 3438 1504 τοῦ
3465 1449 3694 1518 πένητος

2129 1555 2510 1626 ἐπυνθανόμην
2540 1572 2555 1587 ο
2585 1554 2661 1617 ὡς
2688 1553 2744 1607 δέ
2779 1569 2869 1622 μοι
2897 1551 2990 1603 καὶ
3017 1550 3050 1618 ἡ
3082 1546 3250 1606 αἰτία,
3277 1542 3345 1597 δι’
3383 1543 3449 1614 ἢν
3498 1540 3566 1594 τὰ
3600 1541 3696 1592 ἁν-

2129 1651 2334 1720 ήκεστα
2364 1646 2546 1706 πάθοι,
2568 1646 2703 1716 δήλη
2727 1642 2989 1712 ἐγεγόνει,
3007 1641 3088 1694 ὅτι
3119 1635 3309 1700 ποινὰς
3337 1635 3480 1687 ἔτισε
3501 1629 3693 1720 ταῦτα,

457 1741 765 1798 suﬂ‘erenda
827 1741 969 1810 luit;
1027 1757 1152 1797 cum
1201 1741 1476 1795 mimirum
1531 1740 1655 1796 ideo
1708 1740 1821 1795 haec
1853 1738 2021 1793 luisse

2127 1715 2238 1794 ἀνθ’
2269 1735 2342 1794 ὧν
2386 1739 2463 1810 μὴ
2494 1715 2666 1807 σιγῷη
2703 1733 2840 1806 μηδὲ
2871 1730 3136 1801 ἀγαπῷτο
3167 1728 3355 1799 γήδιον
3381 1723 3513 1778 αὐτὸ
3539 1721 3627 1790 ἐφ’
3650 1715 3694 1788 ᾧ

454 1831 515 1888 in
554 1849 804 1905 corpore,
836 1849 904 1889 eo
932 1835 1078 1904 quod
1105 1848 1229 1887 cum
1263 1833 1482 1887 silentio
1507 1841 1563 1887 et
1593 1831 1899 1886 voluntarie
1923 1845 2021 1885 no-

453 1923 622 1989 lebat,
662 1935 859 1979 terram
889 1924 1023 1994 ipsis
1053 1922 1287 1989 tradere,
1336 1936 1460 1992 quae
1501 1921 1629 1976 licet
1667 1920 2021 1975 ﬂuctuantem

452 2015 580 2071 vita:
605 2024 784 2070 tamen
813 2029 966 2085 spem
991 2013 1167 2084 ipsius
1197 2012 1455 2080 fovebat;
1484 2012 1602 2068 haec
1629 2011 1720 2067 ubi
1750 2012 1899 2066 velut
1929 2026 2024 2067 cu-

451 2105 662 2161 mulum
688 2107 899 2162 caeteris
924 2107 1139 2177 adjecit,
1170 2105 1433 2161 confusus
1469 2119 1572 2174 ego
1601 2103 1825 2160 omnino
1883 2118 2022 2158 con-

450 2196 590 2265 stiti,
626 2211 699 2253 ne
731 2197 950 2266 quidem
996 2198 1200 2263 minus,
1231 2212 1396 2267 quam
1417 2197 1534 2266 ipse
1581 2195 1673 2251 ille
1690 2211 1927 2266 pauper,
1962 2203 2026 2250 ut

449 2305 524 2346 ne
558 2289 734 2346 dicam
789 2289 982 2361 magis,
1036 2299 1093 2345 et
1135 2289 1385 2361 profecto
1433 2289 1525 2359 qui
1556 2303 1739 2343 meum
1775 2287 2022 2343 dolorem

449 2381 520 2437 de
539 2380 758 2438 homine
781 2381 979 2452 injuria
1006 2382 1223 2449 allecto,
1244 2392 1300 2439 et
1315 2392 1368 2438 te
1387 2380 1773 2446 considerabit,
1799 2380 2022 2436 omnino

450 2476 698 2532 dicturus
719 2485 822 2542 est,
846 2475 1181 2547 duplicatum
1211 2491 1352 2533 esse.
1379 2475 1579 2542 Quare,
1604 2473 1679 2528 mi
1699 2473 1886 2538 homo,
1921 2472 2022 2527 mi-

451 2566 651 2622 seriam
693 2569 926 2640 pauperi
953 2568 1222 2630 condona.
1259 2569 1425 2624 redde
1451 2565 1599 2638 quod
1616 2565 1818 2636 injuste
1845 2571 2020 2629 tenes,

449 2656 679 2714 vulnera
696 2667 886 2712 curato
903 2656 1282 2717 beneﬁcentiae
1312 2657 1453 2712 oleo.
1479 2655 1634 2722 Quod
1653 2655 1699 2710 si
1726 2667 2023 2726 pauperem

452 2748 753 2820 despicatui
786 2749 978 2814 babes,
1008 2757 1064 2803 at
1097 2763 1279 2804 meum
1305 2748 1546 2804 dolorem
1578 2754 1634 2803 et
1659 2746 2022 2804 calamitatem

450 2839 593 2907 dele,
629 2840 676 2894 si
701 2855 811 2894 non
842 2839 1022 2910 potius
1062 2846 1244 2905 tuam;
1273 2849 1441 2904 certe,
1490 2847 1601 2902 tua,
1655 2848 1712 2893 et
1743 2836 2018 2908 pauperis,

448 2940 508 2990 et
534 2945 710 2988 meam
735 2932 964 2998 excedit,
982 2932 1110 2987 licet
1135 2931 1400 2998 nondum,
1428 2940 1491 2985 ut
1509 2945 1650 2996 reor,
1679 2943 2020 2986 communem

452 3020 598 3079 illius
623 3036 846 3082 sensum
880 3023 1104 3078 habeas.

979 3131 1201 3188 EPIST.
1247 3131 1488 3186 XXXVI.

870 3226 1110 3283 Michaeli
1152 3225 1595 3297 protospathario.

2121 1832 2150 1885 ὂ
2176 1833 2273 1895 τὰς
2302 1829 2399 1884 τοῦ
2425 1831 2524 1902 ζῇν
2559 1828 2814 1882 ἐσάλευεν
2859 1822 3081 1886 ἐλπίδας
3119 1816 3586 1891 προηδικημένος⁰
3617 1811 3693 1874 ὼς

2120 1921 2212 1978 οὖν
2265 1925 2362 1979 καὶ
2397 1922 2571 1977 ταῦτα
2609 1923 2721 1984 τοῖς
2752 1919 2933 1980 ἄλλοις
2967 1911 3274 1985 προσετέθη
3294 1949 3310 1974 ,
3336 1910 3456 1972 ὅλος
3486 1905 3691 1977 σφόδρα

2123 2015 2424 2088 συνεχύθην
2448 2055 2463 2080 ,
2494 2015 2591 2068 καὶ
2619 2011 2772 2066 οὐδὲν
2807 2009 3028 2062 ἔλαττον
3055 2005 3151 2060 τοῦ
3194 2004 3428 2073 πένητος
3455 1999 3552 2070 (οὐ
3585 1995 3696 2066 γὰρ

2122 2109 2268 2163 ἐστιν
2295 2110 2472 2162 εἰπεῖν
2492 2145 2508 2170 ,
2549 2103 2771 2177 μεῖζον)
2801 2103 2900 2174 τὴν
2932 2097 3110 2170 ψυχὴν
3141 2093 3385 2164 διετέθην
3405 2107 3418 2121 ⁸
3456 2089 3597 2161 πλὴν
3645 2088 3692 2141 εί

2126 2203 2199 2271 μή
2227 2216 2312 2263 τις
2339 2197 2437 2268 τὴν
2467 2195 2604 2267 ἐμὴν
2633 2192 2905 2263 ἀλγηδόνα
2939 2189 3034 2244 ἐπὶ
3065 2186 3148 2242 σοί
3183 2203 3243 2241 τε
3273 2184 3369 2239 καὶ
3392 2181 3469 2255 τῷ
3506 2181 3695 2252 ἠδικηο

2125 2293 2270 2364 μένῳ
2320 2290 2611 2359 γινομένην
2669 2286 2882 2356 βλέπων
2935 2281 3130 2351 διπλῆν
3175 2275 3472 2348 ἀποφαίνῃ.
3519 2271 3696 2364 Λῦσον

2121 2361 2375 2454 ἀνθρωπε
2426 2379 2506 2449 τῷ
2553 2379 2746 2448 πένητι
2791 2375 2889 2447 τὴν
2939 2369 3247 2444 συμφορὰν,
3303 2365 3589 2427 ἀποδιδοὺς
3635 2361 3697 2414 τὸ

2122 2475 2368 2545 ἀδίκημα
2390 2513 2407 2538 ,
2440 2471 2535 2525 καὶ
2572 2469 2641 2524 τά
2687 2467 2977 2541 τραύματα
3013 2461 3334 2536 θεραπεύων
3378 2454 3698 2545 εὐεργεσίας

2123 2543 2322 2637 ὲλέῳήήὶ
2343 2604 2357 2618 .
2384 2565 2446 2617 Εἰ
2487 2563 2546 2616 δὲ
2570 2560 2664 2615 τοῦ
2699 2558 2932 2630 πένητος
2958 2555 3268 2626 ὑπερορᾷς
3310 2549 3434 2637 ἀλλ’,
3465 2543 3560 2637 οὖν
3598 2545 3696 2637 τῂν

2123 2631 2263 2728 ἐμὴν
2293 2653 2452 2708 λῦσον
2484 2649 2792 2721 συμφοράνο
2830 2645 3028 2717 μᾶλλον
3060 2642 3118 2696 δὲ
3143 2641 3242 2709 τὴν
3272 2638 3389 2708 σήν·
3485 2633 3552 2705 σὴ
3573 2631 3696 2728 Δγὲιρ

2127 2722 2349 2818 μείζων,
2387 2746 2483 2799 καὶ
2524 2743 2625 2813 τῆς
2657 2739 2750 2795 τοῦ
2793 2739 3028 2808 πένητος
3055 2733 3152 2788 καὶ
3181 2730 3358 2803 ἡμῶν,
3392 2726 3496 2782 κᾶν
3540 2722 3694 2778 ούπω

2122 2841 2348 2915 ταύτης,
2379 2835 2554 2911 οἶμαι,
2591 2832 2945 2904 συναίσθησιν
2976 2829 3128 2902 ἔχῃς.

2707 3111 2933 3169 eum.
2959 3099 3104 3178 Αςι.

2497 3209 2742 3280 Μιχαὴλ
2777 3199 3310 3276 πρωτοσπαθαρίφ.

1671 3323 1942 3376 Montacut.
1976 3325 2081 3389 (ep.
2116 3321 2226 3385 109,
2257 3335 2309 3385 p.
2344 3319 2474 3382 155).

520 3431 879 3490 lnstitutionis
921 3431 1218 3502 possessio,
1285 3439 1447 3486 etate
1508 3428 1837 3501 provectiori
1889 3427 2017 3484 vita:

447 3524 674 3582 baculus
738 3524 1080 3580 ﬁrmissimus
1117 3531 1222 3587 est,
1252 3532 1306 3579 et
1327 3531 1487 3578 aetate
1532 3518 1818 3577 ﬂorentem
1854 3519 2016 3589 juve-

447 3615 569 3679 nili,
612 3614 732 3670 sine
778 3614 1004 3670 tristitia
1040 3612 1108 3669 ad
1129 3613 1348 3669 virtutis
1400 3612 1724 3668 transmittit
1802 3619 2015 3682 tempe-

447 3715 666 3765 statem.
696 3703 958 3772 Quocirca
980 3713 1102 3761 tuos
1134 3705 1336 3762 liberos
1373 3702 1663 3776 prudentia
1685 3701 1918 3756 imbuito
1947 3709 2004 3755 et

446 3797 681 3864 virtute;
712 3805 772 3874 ut
821 3797 1001 3860 adhuc
1029 3796 1406 3852 adolescentes
1429 3803 1699 3849 maturam
1723 3791 2020 3847 exhibeant

445 3889 938 3953 conversationem,
995 3899 1053 3944 et
1076 3889 1156 3944 sic
1189 3902 1316 3944 cum
1340 3884 1755 3952 consenuerint,
1785 3883 2016 3940 aliorum

451 3980 662 4039 auxilio
691 3995 804 4038 non
825 3979 1168 4052 indigebunt.

959 4070 1182 4128 EPIST.
1222 4069 1490 4127 XXXVII.

2191 3424 2302 3492 Τῆς
2333 3417 2581 3480 παιδείας
2617 3416 2652 3482 ἠ
2693 3414 2888 3483 κτῆσις
2928 3406 3008 3480 τῷ
3049 3400 3385 3476 γεγηρακότι
3428 3399 3692 3492 κρατίστη

2121 3487 2332 3579 γίνεται
2365 3509 2482 3581 βίου
2520 3505 2826 3580 βακτηρίαο
2860 3501 2956 3555 καὶ
2996 3497 3088 3552 τὸν
3130 3493 3398 3550 ἀνθοῦντα
3426 3491 3526 3560 τὴν
3565 3487 3692 3581 νέαν

2121 3580 2478 3674 ἡλικίαννεῐς
2505 3597 2708 3670 ἀρετῆς
2746 3593 2896 3667 ὥραν
2928 3589 3151 3652 ἀλύπως
3189 3583 3514 3646 διαϐιϐάζει.
3556 3580 3692 3674 Παί-

2120 3673 2241 3752 δευε
2273 3696 2454 3749 τοίνυν
2485 3693 2680 3762 σοφίαν
2706 3690 2799 3744 καὶ
2822 3686 3024 3760 ἀρετὴν
3048 3685 3174 3747 τοὺς
3204 3681 3330 3744 σοὺς
3363 3677 3575 3738 παῖδας·
3604 3673 3692 3724 ἴνα

2121 3787 2217 3841 καὶ
2249 3784 2556 3849 νεάζοντες,
2581 3781 2788 3854 ὡραίαν
2818 3778 2983 3848 ἔχωσι
3007 3776 3108 3845 τὴν
3141 3769 3440 3832 πολιτείαν,
3472 3765 3568 3819 καὶ
3597 3778 3688 3828 γε·

2120 3877 2428 3949 γηρακότες
2462 3877 2537 3946 μὴ
2568 3874 2855 3944 δεήσονται
2887 3870 2916 3910 κ
2949 3869 3048 3940 τῆς
3077 3865 3280 3937 ἑτέρων
3310 3859 3583 3933 βοηθείας.

2712 4074 2934 4128 ΕΠΙΣΤ.
2971 4073 3092 4126 AZ'.

2502 4169 2732 4237 Νικήτᾳ
2767 4163 3291 4238 πρωτοσπαθαρίφ.

1651 4267 1914 4319 Moutacut.
1952 4270 2040 4334 (ep
2094 4273 2202 4337 114,
2235 4289 2286 4340 p.
2322 4273 2454 4338 154).

885 4161 1083 4223 Niceta:
1116 4161 1567 4234 protospathario.

516 4375 598 4432 De
619 4373 896 4431 nobilibus
920 4382 978 4430 te
1018 4382 1211 4432 natum
1260 4372 1581 4444 parentibus
1627 4372 1902 4444 gloriaris,
1955 4385 2012 4430 at

2185 4380 2399 4450 Αὐχείς,
2426 4377 2510 4430 ὅτι
2538 4373 2740 4444 γονέων
2765 4373 2899 4443 ἔφυς
2931 4367 2990 4425 εὖ
3024 4369 3349 4438 γεγονότων
3387 4364 3496 4435 ἐγὼ
3541 4364 3598 4419 δέ
3628 4380 3689 4419 σε

442 4484 546 4540 ego
567 4477 622 4524 te
647 4467 831 4538 potius
865 4467 1119 4538 iuberem
1147 4480 1372 4535 magnos
1402 4465 1501 4521 tibi
1530 4465 1755 4536 spiritus
1791 4481 2011 4522 sumere

2127 4474 2303 4546 ηξίουν
2339 4473 2539 4544 μᾶλλον
2573 4469 2717 4540 μέγα
2752 4466 2990 4539 φρονεῖν,
3019 4465 3067 4518 εί
3097 4461 3191 4518 τοῦ
3218 4460 3410 4529 γένους
3446 4460 3693 4528 ἡγεμόνα

439 4562 490 4619 si
519 4561 720 4618 virtute
748 4568 841 4616 tua
877 4573 1138 4623 mereres,
1166 4565 1227 4612 ut
1257 4557 1470 4629 generis
1493 4557 1749 4628 princeps
1781 4558 2013 4614 cxsistas

2127 4565 2318 4620 σαυτὸν
2348 4566 2414 4618 δι’
2443 4563 2646 4635 ἀρετῆς
2676 4559 2982 4632 προετίθεις
3003 4573 3018 4587 ·
3049 4555 3109 4609 τὸ
3142 4555 3240 4624 μὲν
3273 4553 3404 4624 γὰρ,
3433 4552 3544 4605 ἔσθ’
3573 4553 3688 4617 ὅτε,

440 4652 596 4724 ipse;
637 4650 770 4706 illud
798 4649 944 4704 enim
975 4648 1344 4720 nequissimus
1377 4649 1647 4721 allegabit,
1678 4658 1734 4706 at
1775 4649 1879 4706 hoc
1900 4650 2007 4706 nisi

2127 4653 2213 4706 καὶ
2239 4653 2269 4706 ὁ
2292 4651 2563 4722 χείριστος
2588 4649 2700 4714 ἓξει
2719 4647 2918 4716 λέγειν·
2959 4644 3020 4699 τδ
3061 4643 3140 4709 δὲ,
3179 4642 3344 4713 μόνου
3384 4641 3690 4711 καθέστηκε

439 4745 681 4816 Optimus
701 4756 866 4799 nemo
896 4741 1062 4798 dicet.

2127 4744 2212 4799 τοῦ
2246 4744 2489 4814 ἀρίστου.
3723 4755 3741 4816 ε

950 4844 1167 4900 EPIST.
1210 4844 1496 4902 XXXVIII.

950 4954 977 4994 ε
995 4941 1275 4994 praeposito
1312 4949 1359 4994 et
1387 4942 1632 4994 natricw.

2127 4771 2212 4799 ῖυυ
2246 4771 2489 4814 αριῡἰ.υυ.

2709 4841 2934 4896 ΕΠΙΣΤ.
2964 4840 3095 4896 AH'.
3720 4771 3748 4994 ἱ

2367 4935 2566 4994 Batiam
2590 4933 2961 4994 πραιποσίτω
2988 4932 3086 4987 καὶ
3120 4931 3425 4994 πατρικίῳ.

816 4939 977 4997 Bome
995 4941 1275 5011 praeposito
1312 4949 1359 4994 et
1387 4942 1632 5010 patrima.

2367 4935 2566 5004 Βαάνῃ
2590 4933 2961 5004 πραιποσίτῳ
2988 4932 3086 4987 καὶ
3120 4931 3425 5001 πατρικίῳ.

1665 5051 1932 5105 Montacut.
1971 5049 2077 5115 (ep.
2116 5048 2224 5110 120,
2256 5062 2306 5111 p.
2341 5047 2473 5110 156).

511 5154 642 5212 Erat
693 5154 824 5210 olim
873 5154 1019 5225 apud
1047 5154 1345 5222 Romanos,
1395 5155 1491 5212 sed
1520 5164 1577 5212 et
1607 5155 1827 5214 Graecos
1857 5155 2012 5226 (nam

2182 5149 2288 5207 Ἦν
2332 5167 2464 5204 ποτε
2508 5149 2819 5221 Ῥωμαίοις,
2855 5148 2991 5204 ἀλλὰ
3045 5147 3139 5226 διαὶ
3180 5146 3408 5215 Ἕλλησι
3455 5145 3538 5217 (τί
3574 5146 3687 5217 γὰρ

439 5247 572 5320 quid
595 5261 735 5317 opus
757 5220 1103 5302 Christianos
1124 5220 1466 5319 nominare?)
1497 5248 1661 5304 etiam
1685 5220 1876 5304 contra
1901 5246 2009 5302 ini-

2127 5245 2188 5298 ῑεῖ
2212 5245 2412 5311 λέγειν,
2435 5220 2779 5314 Χριστίανοῖς
2795 5240 2854 5312 ;),
2881 5240 2977 5294 καὶ
3003 5220 3146 5292 κατὰ
3169 5239 3278 5292 τῶν
3297 5237 3579 5308 ἐχθίστων.
3608 5238 3689 5308 μὴ

440 5339 794 5404 micissimos,
830 5337 1034 5392 nedum
1060 5338 1201 5394 bene
1225 5341 1449 5396 meritos
1475 5339 1855 5398 malefaciendi
1893 5349 2008 5396 ter-

2127 5337 2191 5389 ῑτι
2229 5351 2294 5404 γε
2325 5335 2466 5388 κατὰ
2503 5333 2609 5386 τῶν
2637 5331 3136 5404 εὐεργετησάντων,
3188 5331 3311 5402 ὄρος
3351 5328 3683 5390 κακώσεωςο

441 5431 644 5498 minus,
669 5438 728 5486 et
763 5425 958 5484 modus
988 5435 1245 5484 statutus.
1278 5429 1423 5496 Quin
1469 5441 1526 5488 et
1567 5432 1782 5492 barbari
1827 5433 2010 5488 solent

2127 5423 2214 5482 ιῐδε
2246 5429 2342 5479 καὶ
2383 5426 2444 5478 τὸ
2474 5424 2748 5495 βάρϐαρον
2782 5423 2858 5496 μὴ
2900 5421 3252 5495 ὑπερὸαίνειν
3278 5421 3475 5494 νόμους
3514 5418 3684 5475 κολά-

1701 5610 1789 5664 νΑ
1799 5609 1938 5666 “UE
1975 5607 2382 5676 LECTIONES,

505 5769 532 5814 δ
562 5768 779 5840 πικράς.
864 5769 877 5806 ί
913 5767 994 5821 ῖσ·
1022 5786 1104 5831 τις
1136 5765 1203 5839 ἦν
1241 5769 1362 5821 ἔνθα
1391 5774 1474 5825 τά,
1555 5783 1566 5820 1
1607 5773 1794 5846 ἐλαίῳ.
1873 5776 1896 5818 II
1926 5775 2247 5846 ὁεήσωνται,
2278 5771 2497 5827 Πωεοιι.
