4024 6432
250 384 345 448 953

250 586 447 639 δεῖσθαι
473 585 563 637 καὶ
594 582 1012 636 ὑποστέλλεσθαι
1032 623 1046 645 ,
1076 583 1211 651 πρὸς
1234 582 1361 646 τοὺς
1406 584 1465 635 ὲν
1495 586 1821 654 συμφοραῖς.

250 674 495 745 ἐσχάταις
516 674 832 743 κειμένους,
864 674 956 725 καὶ
984 672 1044 723 τὸ
1071 671 1335 742 θηριῶδες
1364 672 1461 723 οὑκ
1489 672 1798 725 ἐπιδείκνυ-

254 768 391 821 σθαι.
442 764 630 835 Ἡμεῖς
674 765 731 819 δὲ
760 765 855 817 νῦν
877 806 891 829 ,
919 757 965 818 ὧ
1006 762 1536 832 φιλανθρωπότατος,
1562 762 1671 815 ἀπὸ
1692 763 1805 815 τῶν

250 860 415 914 ἄλλων
440 858 614 927 ἔργων
642 858 813 926 ὑμῶν,
846 857 941 910 καὶ
972 857 1111 927 νόσῳ
1139 853 1399 925 κείμεθα·
1433 854 1526 907 καὶ
1561 854 1742 925 ἰατρὸν
1768 856 1801 925 ὴ

250 954 391 1013 νόσος
448 948 715 1018 ἐπιζητεῖσ
779 948 874 1001 καὶ
928 948 1130 1018 ἡμέραι
1190 950 1255 1016 τῇ
1319 946 1459 1014 νόσῳ
1510 946 1803 1015 τριάκοντα

248 1041 645 1113 παρετάθησαν,
674 1042 763 1094 καὶ
796 1038 978 1092 πολλοὶ
1006 1037 1264 1099 πολλάκις
1297 1035 1451 1104 ὑμῶν
1481 1035 1801 1105 ἐδεήθησαν,

252 1134 425 1205 ἰατροῦ
471 1132 821 1203 συγχωρῆσαι
856 1129 1187 1201 παρουσίαν’
1236 1126 1349 1180 ἀλλ’
1384 1120 1469 1197 (ὦ
1507 1126 1666 1194 φύσις
1712 1129 1803 1180 άν-

250 1226 493 1294 θρὼπων,
524 1224 620 1276 καὶ
672 1222 957 1292 Ῥωμαίων
980 1262 995 1287 ,
1039 1222 1162 1273 ὅποι
1190 1220 1293 1288 γῆς
1332 1219 1454 1271 ἐστε
1484 1218 1672 1288 νόμοι,
1710 1218 1803 1271 καὶ

251 1316 428 1385 κλῆσις
456 1314 826 1386 Χριστιανῶν;
851 1318 869 1385 )
897 1314 998 1367 οὑκ
1019 1310 1427 1381 ὲδυσωπήθητε.
1474 1311 1614 1363 Ἀλλ’
1644 1313 1803 1382 ἡμεῖς

250 1408 374 1477 μὲν,
405 1405 713 1477 βαρϐάρους
756 1406 901 1475 ὑμᾶς
929 1405 962 1475 ἢ
995 1403 1156 1473 θηρία
1188 1401 1429 1473 νομίζειν
1454 1442 1469 1467 ,
1500 1400 1652 1455 οὔπω
1680 1418 1800 1454 πει-

248 1497 477 1567 θόμεθαο
511 1498 775 1569 ὑμέτερον
808 1496 851 1549 δ’
901 1496 1047 1548 ἐστὶν
1103 1496 1443 1559 ἐπισκοπεῖν,
1494 1492 1562 1547 δι’
1603 1486 1679 1547 ὧν
1722 1493 1802 1553 εἰς

247 1591 383 1659 ἡμᾶς
426 1591 552 1652 τοὺς
596 1590 905 1654 ταπεινοὺς,
950 1588 1049 1650 τὰς
1099 1585 1422 1656 ὑπερορίους
1468 1584 1670 1647 ταύτας
1706 1584 1802 1636 καὶ

246 1682 427 1745 καινὰς
468 1681 574 1734 ὑπὸ
614 1682 707 1735 τὸν
748 1682 899 1751 ἣλιον
943 1679 1229 1750 τιμωρίας,
1284 1678 1633 1749 ἐπενθήσατε,
1679 1678 1800 1728 τίνα

247 1773 643 1846 προσηγορίαν,
676 1774 797 1827 ἀντὶ
833 1772 927 1825 τοῦ
980 1772 1332 1841 Χριστιανοὶ,
1378 1771 1471 1822 καὶ
1519 1770 1797 1838 Ῥωμαῖοι,

1380 382 1909 447 EPISTOLARUM
1949 384 2177 443 LIBER
2212 384 2269 443 II
2282 386 2323 443 Ῐ.

254 422 345 448 Μ
1381 422 1455 442 ιιι
1478 422 1545 442 Ιιέ.)
1564 422 1793 442 ιυιληιι

254 508 415 547 σεων·
442 493 533 546 καὶ
572 491 743 544 πολλὰ
770 492 826 545 δέ
857 508 987 559 φασι
1014 490 1122 543 τῶν
1153 490 1357 561 θηρίων
1381 531 1395 555 ,
1428 490 1614 562 ὥσπερ
1644 493 1793 543 εὐλα-

1898 422 1909 443 ι
1950 422 2177 443 μιυμιι
2212 422 2323 443 ιιι.
3371 422 3471 453 3.)νὲ

1906 493 2050 562 leges
2081 493 2474 561 suppliciorum
2520 422 2717 546 stata!
2716 508 2822 547 non
2873 494 3171 560 excedere;
3200 512 3309 550 imo
3375 499 3471 551 be-

3369 391 3471 453 951

1909 585 2041 639 Stias
2079 599 2187 637 non
2222 598 2417 652 paucas
2444 592 2685 649 narrant,
2728 585 2961 638 revereri
2986 586 3382 653 quodammodo
3420 598 3474 643 et

1907 676 2228 731 submittere
2276 692 2334 731 se
2371 688 2642 731 extremas
2672 677 2812 730 inter
2853 679 3137 746 angustias
3176 680 3471 743 conclusis,

1906 783 2011 823 nec
2038 767 2305 821 feritatem
2338 768 2393 820 in
2416 775 2719 836 prostratos
2748 783 3027 823 exercere.
3070 770 3180 840 Ego
3225 770 3280 823 in
3334 787 3474 841 prre-

1909 858 2075 921 senti,
2104 873 2136 911 0
2158 857 2603 921 clementissime,
2631 872 2729 926 per
2752 867 2898 911 tuam
2931 873 3153 928 operam
3176 860 3315 913 ultra
3348 861 3474 924 alia,

1908 956 1963 1003 et
1998 964 2063 1003 ex
2095 948 2284 1002 morbo
2309 947 2612 1014 decumbo;
2646 948 2916 1003 medicum
2946 948 3148 1019 ﬂagitat
3177 950 3266 1004 illa
3310 952 3474 1021 aegri-

1908 1040 2040 1096 tudo
2066 1056 2186 1111 quae
2214 1041 2330 1096 dies
2354 1041 2465 1110 jam
2494 1041 2717 1111 triginta
2745 1056 2832 1094 me
2855 1026 3244 1107 alilixit,Imulti
3271 1048 3475 1097 interea

1908 1134 2093 1189 multis
2129 1134 2276 1204 apud
2312 1144 2365 1188 te
2393 1134 2829 1189 intercesserunt
2850 1136 3069 1199 medici,
3123 1145 3180 1190 ut
3225 1151 3472 1206 praesen-

1910 1226 2035 1282 tiam
2063 1227 2332 1282 concedas
2364 1226 2497 1279 mihi
2518 1241 2531 1291 ;
2556 1226 2651 1280 sed
2683 1228 2736 1295 (ο
2789 1242 3136 1281 communem
3190 1228 3473 1282 hominum

1906 1321 2189 1374 naturam!
2223 1334 2256 1373 o
2286 1318 2431 1387 leges
2455 1318 2762 1373 Romanas!
2792 1335 2825 1373 ο
2853 1319 3290 1375 Christianorum
3340 1321 3476 1375 titu-

1905 1413 2022 1469 losi
2054 1414 2142 1467 ubi
2159 1411 2350 1480 estis?)
2370 1427 2480 1467 non
2513 1412 2902 1489 impetrarunt:
2937 1422 2993 1467 et
3022 1423 3202 1467 tamen
3230 1414 3475 1468 nondum

1905 1506 2040 1561 mihi
2076 1506 2243 1561 subiit
2267 1504 2563 1570 sententia,
2598 1514 2653 1558 te
2677 1520 2801 1559 cum
2832 1505 3099 1574 barbaris,
3147 1514 3238 1558 aut
3283 1506 3475 1560 bestiis

1905 1612 2297 1662 annumerare;
2330 1597 2567 1667 cogitare
2598 1606 2778 1651 autem
2809 1604 2863 1651 te
2894 1606 2986 1651 tua
3005 1597 3254 1660 interest,
3282 1612 3476 1666 quain-

1906 1690 2093 1745 obrem
2130 1689 2188 1742 in
2246 1702 2335 1742 me
2382 1687 2548 1743 vilem
2574 1697 2628 1741 et
2655 1688 2952 1755 abiectum,
3015 1687 3299 1758 peregrina
3336 1688 3472 1753 lucc,

1906 1796 2067 1845 nova,
2091 1795 2192 1835 nec
2221 1780 2321 1834 sub
2347 1779 2462 1833 sole
2487 1779 2665 1833 adhuc
2690 1780 2806 1833 visa
2832 1780 3099 1847 supplicia
3126 1780 3474 1849 excogitave-

248 1868 331 1919 καὶ
351 1865 632 1937 Ἕλληνες,
660 1866 752 1917 καὶ
778 1863 1064 1935 βάρὸαροι,
1086 1864 1179 1915 καὶ
1204 1861 1386 1932 θηρία,
1412 1860 1789 1929 ὀνομάζεσθαι,

1898 1874 1992 1937 ris,
2020 1889 2181 1942 quam
2211 1872 2308 1927 tibi
2336 1873 2834 1927 denominationem
2862 1873 3024 1926 aliam
3047 1887 3147 1941 pro
3175 1871 3472 1926 Christiani

243 1957 352 2017 ταῖς
379 1953 670 2026 ὑμετέραις
707 1952 968 2023 πράξεσιν
1014 1951 1389 2022 ἁρμόζουσαν,
1431 1950 1752 2021 ἐξευρήσετε
1782 1964 1792 1979 ³

245 2048 388 2116 ἡμεῖς
420 2046 499 2110 δὲ,
528 2044 630 2099 κᾶν
658 2047 725 2115 τῇ
760 2045 899 2114 νόσῳ
928 2044 1261 2114 νικηθῶμεν,
1304 2042 1701 2113 λαμπρότερον,
1734 2041 1794 2095 εὑ

248 2140 365 2204 ἴστε,
389 2138 449 2191 τὸ
484 2137 606 2191 καθ’
650 2137 805 2207 ἡμῶν
836 2135 853 2174 ι
884 2136 1154 2205 στήσομεν
1204 2134 1493 2204 τρόπαιον·
1539 2134 1630 2186 τὸν
1660 2133 1798 2203 ἡμέ-

242 2246 383 2301 τερον
420 2231 597 2300 βίαιον
636 2230 898 2294 θάνατον,
944 2228 1021 2299 τῷ
1066 2229 1229 2281 παντὶ
1275 2227 1394 2297 βιῳ,
1450 2227 1651 2297 στήλην
1694 2226 1794 2296 τῆς

245 2319 379 2390 ὑμῶν
406 2320 722 2391 μιαιφονίας
744 2319 1186 2383 ὲναπολείποντες
1212 2315 1614 2382 άνεξάλειπτον.

812 2645 1037 2701 ΕΠΙΣΤ.
1066 2645 1191 2701 ΛΘ.

664 2751 931 2821 Θεοφίλῳ
960 2750 1351 2820 πραιποσίτῳ.

1897 1964 2074 2029 titulo,
2108 1963 2356 2027 Romani,
2385 1962 2585 2027 Graeci,
2631 1962 2849 2017 barbari
2886 1963 3139 2028 hominis,
3186 1963 3298 2016 imo
3381 1964 3473 2015 be-

1898 2057 2037 2121 stite,
2090 2071 2213 2126 quae
2271 2056 2376 2109 tuis
2432 2054 2758 2124 respondeat
2816 2053 3121 2108 actionibus
3167 2054 3471 2123 excogitare

1895 2145 2053 2200 velis.
2088 2146 2205 2215 Ego
2230 2154 2409 2198 autem
2439 2143 2485 2196 si
2525 2143 2716 2197 morbo
2747 2145 3119 2208 succumbam,
3159 2145 3466 2197 exstinctus

1907 2238 2336 2308 splendidiorem
2381 2236 2448 2291 de
2474 2244 2526 2290 te
2566 2234 2704 2288 scias
2725 2235 2885 2289 velim
2913 2234 3245 2304 triumphum
3284 2249 3470 2303 repor-

1894 2341 2106 2386 taturus
2140 2345 2261 2384 sum
2308 2334 2590 2383 {mortem
2623 2327 2773 2382 enim
2796 2327 2929 2382 mihi
2957 2325 3223 2380 violenter
3264 2325 3467 2377 illatam

1893 2423 2163 2477 columnae
2197 2420 2371 2475 vicem
2394 2420 2691 2474 obeuntem
2718 2417 3051 2481 indelebilis,
3092 2425 3281 2472 contra
3318 2425 3465 2469 tuam

1894 2514 2292 2587 sanguinariam
2316 2513 2701 2569 crudelitatem
2736 2520 2972 2565 statuam
3003 2526 3123 2565 sum
3148 2509 3461 2564 relicturus.

2416 2636 2632 2692 EPIST.
2688 2636 2936 2691 XXXIX.

2369 2742 2642 2811 Theophila
2681 2742 2981 2812 prwposilo.

1450 2866 1714 2915 Montacut.
1752 2865 1854 2926 (ep.
1888 2860 2000 2918 121,
2035 2874 2084 2921 p.
2122 2856 2255 2919 165).

301 2965 368 3021 Τὸ
395 2965 512 3035 μὲν,
536 2965 757 3036 ἀγαπᾷν
780 2981 905 3028 τους
927 2963 1237 3036 μισοῦντας,
1260 2966 1480 3037 ἀρετῆς,
1507 2968 1601 3020 καὶ
1621 2966 1787 3019 θεῖονο

1962 2962 2098 3018 0dio
2128 2962 2396 3016 habentes
2414 2961 2655 3032 diligere.
2681 2960 2899 3016 virtutis
2930 2976 3088 3031 opus,
3116 2960 3465 3023 etdivinmn;

240 3060 292 3112 τὸ
320 3059 391 3125 δὲ,
427 3058 558 3118 τοὺς
591 3056 940 3126 ἀγαπῶντας,
974 3056 1315 3128 ἀνθρώπινον
1360 3060 1453 3113 καὶ
1485 3058 1681 3112 κοινόν⁸
1731 3057 1791 3111 τὸ

240 3149 289 3204 δὲ
316 3152 481 3221 μισεῖν
520 3149 618 3203 καὶ
654 3149 780 3212 τοὺς
819 3148 1150 3217 ἀγαπῶντας
1192 3149 1314 3202 οὑδὲ
1364 3149 1568 3221 θηρίων
1613 3147 1785 3221 οἶμαι.

253 3239 419 3311 Ἡμεῖς
454 3242 561 3312 μὲν
590 3236 681 3295 οὖν
712 3241 931 3311 ἀγαπᾷν
961 3257 1021 3294 σε
1056 3241 1125 3294 δι’
1152 3240 1330 3312 ἔργων
1359 3242 1697 3314 δεικνύομεν,
1727 3246 1786 3297 οὑ

242 3332 338 3399 νῦν,
366 3334 497 3389 ἀλλὰ
533 3335 631 3387 καὶ
664 3334 863 3400 πάλαι,
892 3332 961 3387 τά
990 3351 1051 3387 τε
1079 3334 1213 3389 ἄλλα
1238 3335 1335 3405 (οὑ
1374 3336 1482 3407 γάρ
1516 3337 1643 3407 ἒμὺν
1676 3337 1784 3389 ὧσ-

243 3438 332 3491 περ
357 3422 458 3475 οὐδ’
487 3421 791 3486 ὀνειδίζειν,
830 3423 1004 3486 οὑτως
1041 3423 1149 3476 οὐδ’
1197 3423 1450 3492 ἀριθμεῖν
1483 3425 1785 3494 χάριτας).

243 3510 360 3563 ἁλλά
407 3512 502 3565 καὶ
550 3511 889 3581 γράφοντες,
949 3512 1044 3564 καὶ
1101 3512 1642 3583 προσαγορεύοντες,
1692 3515 1785 3566 καὶ

242 3604 618 3674 παραινοῦντες
671 3604 742 3658 τὰ
787 3604 994 3658 δέοντα.
1043 3604 1107 3658 Ei
1151 3604 1196 3658 δ’
1251 3605 1415 3668 αὑτὸς
1460 3605 1787 3673 ἀγαπῶντας

243 3694 507 3766 ἐμίσησας,
542 3697 690 3767 ἡμᾶς
718 3696 819 3767 μὲν
852 3698 931 3759 εἰς
976 3696 1197 3767 μείζονα
1239 3695 1479 3767 βαθμὸν,
1509 3698 1585 3761 ὡς
1606 3700 1741 3769 ὁρᾷς
1769 3738 1783 3761 .

242 3788 401 3857 φέρων
440 3788 698 3856 ἐστησας.
745 3788 1012 3859 Εὑρήσεις
1040 3787 1097 3841 δὲ
1122 3786 1216 3840 καὶ
1250 3788 1315 3840 σὺ
1348 3788 1438 3841 τὸν
1468 3788 1667 3842 σαυτοῦ
1714 3789 1790 3853 ὡς

239 3878 335 3933 εἴθε
359 3879 430 3952 μὴ
450 3879 667 3951 ὄφελες.

831 3989 1054 4042 ΕΠΙΣΤ.
1088 3989 1158 4046 Μ’

654 4094 824 4163 Ἣλίᾳ
837 4096 1364 4165 πρωτοσπαθαρίῳ.

1895 3056 2209 3126 diligentes,
2274 3054 2574 3109 humanum
2620 3062 2677 3108 et
2729 3054 2985 3124 vulgare;
3033 3056 3128 3109 sed
3183 3055 3469 3123 diligentes

1896 3145 2023 3201 odio
2060 3144 2314 3215 prosequi
2351 3145 2497 3199 haud
2530 3152 2634 3209 est,
2670 3145 2886 3213 opinor,
2918 3144 3240 3199 belluarum.
3268 3143 3379 3215 Ego
3402 3161 3461 3199 re

1896 3238 2016 3307 ipsa
2062 3236 2226 3291 docui
2256 3251 2344 3289 me
2395 3245 2448 3290 te
2476 3236 2700 3305 diligere
2724 3252 2737 3297 ;
2761 3250 2863 3289 nec
2890 3251 3036 3289 nunc
3078 3235 3335 3305 primum,
3370 3236 3465 3289 sed

1893 3329 2245 3401 jamdudum,
2277 3342 2405 3383 cum
2443 3328 2498 3382 in
2532 3328 2742 3382 caneris
2770 3327 2885 3395 (sed
2917 3343 3023 3380 non
3056 3341 3155 3397 ego
3191 3326 3338 3380 soleo
3378 3327 3465 3380 vel

1882 3422 2230 3491 exprobrare,
2262 3421 2347 3474 vel
2375 3435 2698 3474 enumerare
2714 3420 2935 3489 gratias)
2966 3429 3080 3472 tum
3106 3419 3195 3473 vel
3226 3418 3463 3472 maxime

1888 3513 2199 3576 scribendo,
2227 3512 2573 3581 alloquendo,
2602 3509 2961 3571 adhortando,
2986 3518 3040 3563 et
3056 3526 3176 3579 qua:
3208 3511 3305 3564 tibi
3329 3526 3465 3563 con—

1898 3606 2125 3660 veniunt
2157 3604 2518 3676 suggerendo.
2557 3601 2653 3657 Sin
2680 3613 2791 3657 tute
2818 3602 3102 3672 diligentes
3121 3602 3245 3657 odio
3272 3602 3459 3665 habes,

1886 3707 2035 3754 certe
2064 3713 2171 3762 me,
2211 3698 2358 3766 quod
2403 3697 2574 3762 vides,
2600 3697 2653 3751 in
2685 3696 3019 3764 superiorem
3049 3695 3275 3765 gradum
3302 3702 3461 3747 extu-

1888 3790 2032 3855 listi;
2064 3790 2307 3843 invenies
2331 3798 2536 3853 autem,
2566 3790 2711 3858 quod
2757 3788 3017 3851 nolueris,
3067 3796 3123 3841 et
3150 3786 3245 3857 qui
3288 3795 3340 3840 te
3386 3786 3459 3839 ita

1889 3882 2165 3938 tractabit.

2479 3986 2703 4043 EPIST.
2747 3987 2861 4043 XL.

2320 4098 2509 4156 'Heliw
2536 4100 2975 4170 protospathario.

1441 4212 1708 4266 Montacut.
1744 4217 1846 4281 (ep.
1875 4220 1983 4280 122,
2018 4232 2068 4281 ρ.
2096 4219 2229 4283 165).

294 4314 355 4369 οι
389 4312 685 4386 πειρασμοὶ
722 4314 1131 4385 πειραζομένων
1175 4329 1411 4383 γινονται
1456 4319 1772 4388 πειρασμοίο

1954 4321 2309 4378 Tentationes
2356 4319 2693 4375 tentantibus
2753 4318 3090 4374 tentationes
3130 4315 3299 4381 ﬁunt;
3345 4330 3455 4368 non

240 4405 303 4475 μὴ
320 4406 725 4479 πειραζομένων
744 4406 821 4472 δὲ,
855 4406 1131 4475 στεφάνων
1159 4409 1253 4460 καὶ
1283 4406 1550 4478 βραϐείων
1583 4411 1786 4481 παραί-

236 4511 343 4551 τιοι.

806 4632 1028 4686 ΕΠΙΣΤ.
1051 4632 1188 4688 MA'.

588 4736 856 4805 Θεοφίλῳ
884 4737 1407 4806 πρωτοσπαθαριῳ.

1887 4413 2221 4468 tentantibus
2242 4419 2468 4467 causant
2492 4424 2722 4466 coronas
2755 4418 2811 4464 et
2853 4408 3060 4463 brahia.

2465 4628 2680 4685 EPIST.
2740 4628 2875 4682 XLI.

2288 4736 2565 4805 Theophila
2616 4734 3059 4807 protospathario.

1446 4852 1707 4903 Montacut.
1747 4854 1832 4919 (ep
1888 4850 2005 4911 125,
2038 4865 2088 4912 ρ.
2125 4850 2256 4912 161).

292 4947 433 5021 Ταχὺ
474 4951 767 5023 μανθάνεις
808 4953 935 5017 τοὺς
964 4953 1171 5024 φίλους·
1221 4962 1517 5031 ταχὺτερον
1566 4960 1611 5012 δ⁶
1644 4962 1784 5013 ἀπο-

233 5041 543 5108 μανθάνεις·
590 5045 706 5098 ἀλλ’
764 5045 993 5118 ἔρρωσο·
1062 5050 1199 5119 μήτε
1261 5050 1547 5120 μανθάνων
1613 5054 1780 5122 ῥᾷον,

235 5133 344 5202 μήτ’
376 5136 790 5207 ἀπομανθάνων.
822 5140 895 5193 Τὸ
936 5140 1032 5207 μὲν
1058 5142 1165 5212 γὰρ
1191 5144 1495 5214 προπετοῦς
1528 5146 1623 5198 καὶ
1650 5145 1781 5199 κού-

233 5238 326 5291 φης
349 5224 601 5294 διανοίας,
629 5229 691 5283 τὸ
717 5230 773 5283 δὲ
803 5231 1048 5303 γνώμης,
1092 5233 1180 5287 ἴνα
1213 5236 1379 5305 μηδὲν
1413 5236 1551 5289 εἴπω
1582 5236 1781 5305 φαυλό-

1949 4959 2227 5014 Citissime
2272 4959 2479 5016 amicos
2505 4959 2702 5015 ediscis
2730 4977 2743 5013 :
2771 4956 3007 5013 dediscis
3056 4962 3237 5009 autem
3285 4952 3458 5005 multo

1878 5051 2071 5106 citius:
2124 5052 2243 5106 vale
2294 5062 2498 5116 autem,
2565 5061 2621 5107 et
2677 5067 2748 5106 ne
2795 5052 2904 5106 cito
2944 5050 3112 5109 disce.
3161 5062 3265 5102 nec
3293 5046 3459 5100 citius

1876 5158 2067 5198 eorum
2103 5143 2465 5209 obliviscere;
2496 5152 2583 5198 est
2631 5144 2781 5197 enim
2835 5142 2968 5197 illud
3000 5139 3167 5195 animi
3219 5137 3454 5202 leviculi,

1874 5233 2103 5288 nimium
2123 5236 2509 5305 properantis;
2544 5244 2599 5289 et
2625 5235 2843 5301 incerti,
2876 5242 2937 5289 ut
2970 5248 3041 5288 ne
3082 5230 3213 5301 quid
3239 5228 3456 5300 gravius

232 5329 400 5385 τερον,
448 5321 747 5376 ἁὸεὗαίουο
808 5325 983 5393 κρίσει
1038 5326 1093 5380 δὲ
1148 5327 1415 5392 συνέσεως
1482 5328 1659 5391 διδοὺς
1715 5328 1779 5382 τὸ

1898 5326 2077 5392 licam,
2092 5326 2281 5396 judicii
2304 5327 2471 5395 illud;
2500 5327 2876 5398 intelligentia:
2903 5324 3161 5381 tribunali
3190 5322 3278 5377 ubi
3304 5320 3453 5390 quod

234 5411 503 5479 πρακτέον,
538 5414 726 5470 ἵστασο
755 5419 929 5487 μένων
962 5420 1018 5473 ἐν
1051 5416 1132 5484 οίς
1160 5421 1345 5488 ἔδοξας
1379 5423 1777 5495 μεμαθηκέναι.

1879 5417 2149 5487 agendum
2178 5417 2408 5486 stiteris,
2440 5419 2681 5481 consiste
2713 5418 2905 5475 ﬁrmus
2935 5417 2991 5474 in
3017 5417 3083 5473 iis
3112 5429 3231 5486 qua:
3254 5410 3455 5468 videris

1880 5505 2231 5565 addidicisse.

1513 5672 1739 5727 VARle
1781 5673 2190 5743 LECTIONES,

309 5812 323 5855 ¹
352 5816 463 5892 lege
493 5822 661 5892 ὑμων.
