4024 6434
1612 337 1877 400 PIIOTII
1921 337 2434 400 PATRIARCH/E
2463 339 2571 400 ΟΡ.

1049 449 1270 506 EPIST.
1325 447 1489 504 XLll.
2086 450 2142 510 Α

834 540 1088 597 Theodoto
1119 539 1682 612 spatharocandt'dato.

3639 334 3742 400 956

2751 445 2978 502 ΕΠΙΣΤ.
3008 445 3140 500 MB’.

2496 535 2758 605 Θεοδότῳ
2804 533 3427 606 σπαθαροκανδιδὰτφ.

1722 655 1992 706 Montacut.
2029 651 2136 716 (ep.
2170 650 2281 713 128,
2315 664 2367 714 p.
2405 651 2535 716 18$).

551 763 803 819 Humana
835 761 1020 818 omnia
1064 761 1229 818 simul
1266 761 1523 818 diﬁluunt
1565 776 1694 817 eum
1734 770 1978 830 tempore
2011 765 2070 812 et

2242 756 2490 810 Ἀπαντα
2521 770 2622 828 μεν
2642 758 2715 811 τὰ
2738 757 3055 828 ἀνθρώπινα
3081 757 3458 830 συγκατῑιρῤεἴ
3475 755 3555 828 τῷ
3574 757 3749 830 χρόνῳ

480 862 821 912 evanescunt
847 870 862 919 ;
891 853 1068 909 virtus
1095 863 1303 921 autem,
1342 864 1404 910 ut
1433 853 1558 926 igne
1584 862 1641 910 et
1670 852 1837 918 ferro,
1870 860 1928 906 et
1950 864 2071 905 om-

2207 849 2268 902 ηαὶ
2295 849 2640 919 ἀφανίζεται’
2671 850 2841 921 ἀρετὴ
2877 849 2955 913 δὲ,
2987 848 3180 922 ὥσπερ
3219 851 3353 921 πυρὶ
3387 851 3483 905 καὶ
3525 850 3748 923 σιδήρῳ,

487 945 658 1001 nibus
715 943 882 999 rebus
935 943 1440 1015 inconsumptibilis
1470 952 1578 1008 est,
1633 943 1833 1013 quibus
1891 941 2074 996 omnia

2207 941 2269 994 al
2298 944 2465 995 πᾶσιν
2489 939 2574 1006 οἷς
2593 941 2892 996 ὑπείκειτά
2911 941 2972 995 ὲν
2994 941 3209 1010 γενέσει
3231 940 3434 1008 πάντα,
3455 940 3751 1008 ἅνάλωτοςο

481 1034 861 1091 succumbunt
896 1049 1020 1104 qua:
1051 1042 1418 1106 generantur;
1471 1033 1545 1088 ita
1574 1045 1791 1103 quoque
1837 1039 2073 1100 tempus,

2207 1033 2318 1086 ὖτω
2348 1034 2443 1086 καὶ
2465 1033 2663 1105 χρόνου
2688 1032 2784 1087 καὶ
2805 1032 2994 1089 παθῶν
3025 1033 3119 1088 καὶ
3145 1031 3317 1088 αὑτοῦ·
3339 1032 3572 1088 Θανάτου
3599 1051 3755 1106 περι-

480 1124 698 1194 pathos,
716 1132 946 1179 mortem
966 1124 1138 1196 ipsam
1168 1133 1409 1194 superat.
1463 1121 1561 1179 Sin
1621 1121 1894 1177 intuearis
1941 1135 2076 1192 per-

2207 1125 2406 1181 ‘(VSTGL
2449 1126 2512 1179 Et
2546 1125 2594 1178 δ’
2617 1118 3011 1196 ἀκριϐέστερον
3043 1126 3196 1194 ῐδοις,
3217 1125 3298 1197 τῷ
3327 1125 3525 1198 χρόνῳ,
3552 1126 3650 1180 καὶ
3674 1125 3754 1198 τῷ

481 1215 780 1287 splcacius,
810 1231 841 1271 a
871 1225 1118 1286 tempore
1148 1225 1207 1272 et
1231 1224 1408 1271 morte
1435 1216 1551 1286 ipsa
1579 1215 1754 1287 magis
1778 1212 2074 1277 reviviscit,

2210 1215 2393 1287 ανάτῳ
2447 1215 2647 1287 μᾶλλον
2691 1217 2864 1289 ἁναζῇ
2915 1217 3011 1271 καὶ
3046 1217 3228 1272 θάλλει
3247 1257 3262 1280 ,
3309 1218 3404 1272 καὶ
3449 1217 3511 1271 τὸ
3555 1217 3755 1271 οἰκεῖον

482 1318 540 1364 et
595 1309 940 1382 egerminat;
987 1308 1281 1379 proprium
1331 1308 1682 1379 splendorem
1739 1305 2078 1378 gloriamque

2207 1309 2351 1374 Mog,
2385 1310 2480 1363 καὶ
2507 1309 2607 1380 τὴν
2639 1309 2979 1382 εὐπρέπειαν
2999 1349 3015 1376 ,
3043 1309 3542 1373 ὲναποσϐεσθὲντος
3569 1309 3756 1373 αὐτοῖς

488 1400 663 1472 magis
715 1399 1024 1456 aomiraoili
1083 1400 1246 1456 modo
1295 1408 1352 1455 et
1386 1398 1678 1454 illustriori
1728 1396 2085 1452 immoriente

2207 1402 2270 1455 οὖ
2299 1401 2517 1470 φθόνου,
2549 1401 2932 1474 λαμπρότερόν
2957 1420 3018 1456 τε
3041 1403 3134 1457 καὶ
3160 1400 3609 1474 θαυμασιώτερον
3633 1402 3760 1456 ἁνα-

483 1490 685 1545 iterum
712 1491 917 1545 invidia
941 1490 1256 1546 reassumit.
1281 1490 1423 1557 Quid
1445 1500 1502 1544 tu
1535 1490 1699 1562 igitur
1715 1504 1843 1560 erga
1871 1503 1936 1543 ea
1952 1503 2102 1559 quae.

2207 1495 2411 1567 ἐχεται.
2435 1496 2502 1550 Τί
2523 1493 2616 1552 οὖν
2644 1497 2709 1562 σὺ
2743 1496 2854 1551 τῶν
2881 1497 2983 1567 μὲν
3009 1498 3130 1569 μετ’
3152 1495 3335 1566 ὀλίγον
3355 1495 3539 1551 οὐκέτι
3562 1495 3756 1562 ὄντων,

483 1582 666 1637 statim
698 1597 977 1638 nonnum
1012 1593 1290 1650 erunt,.ac
1323 1583 1370 1639 si
1409 1597 1630 1654 semper
1667 1583 2054 1653 perdurarent,
2099 1585 2102 1591 ‘

2207 1604 2251 1652 ις
2303 1589 2392 1643 del
2444 1591 2714 1661 μενόντων
2735 1629 2750 1654 ,
2831 1590 3120 1661 ἀντιποιῇ;
3187 1589 3472 1662 ὀλιγωρεῖς
3534 1587 3593 1642 δὲ
3646 1586 3760 1642 τῶν

485 1673 562 1730 sis
590 1673 872 1728 allectus?
909 1681 1116 1728 aeterna
1147 1672 1369 1728 interim
1404 1687 1607 1744 susque
1654 1672 1832 1742 deque
1878 1662 2068 1738 habes,

2207 1679 2357 1735 16th
2379 1722 2394 1747 ,
2427 1682 2502 1746 ὡς
2536 1683 2802 1753 ρεόντων;
2831 1683 2891 1735 οὐ
2941 1681 3127 1754 χρυσῷ
3167 1681 3399 1753 χαλκὸν,
3443 1679 3506 1734 τὸ
3537 1696 3760 1750 ποιητι-

485 1779 598 1820 non
629 1765 788 1820 aliter
813 1781 976 1835 quam
1010 1764 1314 1821 deﬂuxura.
1345 1765 1541 1821 Nonne
1575 1781 1771 1820 aurum
1809 1780 1910 1835 pro
1936 1779 2069 1831 aere,

2207 1772 2293 1839 μὸν,
2331 1773 2574 1844 ἀμείϐων
2597 1792 2613 1842 ;
2640 1775 2822 1846 Βραχὺ
2851 1774 2959 1844 γὰρ
2975 1775 3034 1828 τὸ
3059 1775 3384 1846 ἁμάρτημα,
3413 1775 3495 1828 ὅτι
3514 1773 3759 1844 φθαρτῆς

485 1871 633 1926 quoa
665 1873 726 1933 ιιι
753 1857 902 1927 poesi
943 1866 1047 1923 est,
1097 1859 1416 1928 permutas?
1451 1857 1615 1913 Certe
1662 1857 2070 1913 breviusculum

2207 1866 2433 1938 κάτερον
2462 1867 2557 1920 καὶ
2585 1867 2817 1940 ῥεούσης
2841 1867 2994 1936 ὕλης,
3024 1867 3160 1921 ἀλλὰ
3197 1867 3403 1938 φθορὰν
3429 1866 3759 1937 ἀφθαρσίας,

486 1957 569 2003 est
600 1959 909 2020 peccatum,
939 1951 1085 2020 quod
1153 1961 1350 2006 natura
1393 1950 1560 2006 ﬂuida
1618 1960 1675 2006 et
1702 1949 2073 2021 corruptibilis

2207 1955 2271 2010 ια).
2297 1958 2608 2029 φρονήσεως
2641 1959 2851 2026 ἄνοιαν,
2881 1959 2976 2012 καὶ
2993 1958 3154 2030 δόξης
3175 1957 3463 2030 αἰσχύνην,
3492 1957 3589 2012 καὶ
3617 1959 3766 2024 γέεν-

481 2041 585 2096 sit:
613 2041 706 2097 sed
725 2049 966 2098 mutatur
983 2045 1394 2114 incorruptibile
1412 2059 1512 2115 pro
1533 2043 1953 2114 corrumpendo,
1982 2059 2073 2098 sa-

2212 2068 2276 2104 αν
2306 2051 2555 2122 οὐρανῶν
2591 2052 2868 2122 βασιλείας
2901 2051 3423 2124 ἀπαλλασσόμενος.

483 2133 690 2205 pientia
718 2149 817 2204 pro
835 2134 1068 2202 insania,
1089 2137 1257 2217 gloria
1279 2152 1380 2209 pro
1405 2136 1690 2202 dedecore,
1714 2134 1959 2208 gehenna
1980 2149 2080 2206 pro

482 2225 744 2281 calorum
772 2241 962 2299 regno.

1055 2297 1276 2354 EPIST.
1316 2295 1506 2354 XLIII.

591 2389 794 2447 Joanni
830 2391 1054 2462 patricio
1089 2401 1140 2448 et
1192 2392 1462 2448 saccttano
1505 2393 1648 2463 apud
1690 2390 1972 2456 Anqurios.

2783 2299 3006 2355 ΕΠΙΣΤ.
3037 2300 3169 2355 ΜΓ.

2203 2389 2450 2462 Ἰωάννῃ
2487 2392 2771 2463 saeple
2803 2393 2902 2448 καὶ
2929 2396 3320 2522 immugiet
3355 2397 3484 2452 κατ’
3522 2397 3766 2468 Ἀγγου·

2886 2482 2925 2522 ο
2950 2482 3077 2522 ουρ.

2885 2482 3077 2535 ριους.

1731 2556 2002 2606 Montacut.
2036 2553 2142 2616 (ep.
2179 2552 2289 2618 150,
2323 2569 2373 2619 ρ.
2411 2556 2544 2621 171).

559 2634 838 2722 Molestias
868 2663 1094 2732 intueri,
1135 2673 1416 2722 volentem
1449 2681 1540 2722 me
1564 2663 1842 2736 oportuit;
1879 2663 2074 2720 nolen-

2252 2662 2397 2733 Πρὸς
2432 2663 2609 2729 λύπας
2662 2665 2818 2736 όρᾷν,
2885 2663 3064 2719 καίτοι
3109 2663 3336 2729 ἑκόντας
3382 2663 3571 2736 ἐχρῆν,
3616 2664 3769 2735 ὅμως

491 2767 602 2816 tem
633 2767 816 2814 autem
856 2767 912 2813 tu
941 2757 1209 2814 docuisti:
1243 2758 1442 2828 etquid
1471 2759 1567 2813 tibi
1598 2759 1778 2813 adhuc
1804 2758 2076 2828 reliquum

2207 2753 2278 2808 παὶ
2302 2755 2535 2820 ἄκοντας
2565 2755 2861 2824 ὲδιδάξατε.
2902 2755 2970 2808 Τί
2995 2754 3060 2827 δὴ
3091 2753 3186 2809 νῦν
3229 2757 3360 2826 ὑμῖν
3392 2755 3547 2810 ἔσται
3578 2754 3768 2824 πλέον,

491 2861 598 2918 est,
643 2866 808 2921 quam
841 2859 900 2904 ut
933 2850 1036 2906 sub
1067 2851 1317 2905 omnium
1341 2851 1518 2906 oculis
1535 2860 1590 2906 et
1617 2850 1928 2906 testimonio
1949 2865 2079 2904 con-

493 2943 678 3000 victus
715 2942 975 3010 tenearis,
1008 2941 1176 2997 multa
1209 2940 1390 2998 adhuc
1422 2941 1643 2998 duriora
1672 2943 1726 2997 in
1760 2957 1848 2997 me
1875 2941 2080 2996 machi-

2184 2845 2323 2916 πλὴν
2366 2845 2463 2899 τοῦ
2497 2849 2701 2912 κακοὺς
2735 2846 3021 2919 κρίνεσθαι
3051 2847 3158 2900 ὑπὸ
3211 2847 3451 2918 μάρτυσι
3484 2849 3600 2910 τοῖς
3631 2848 3770 2904 πάν-

2182 2958 2291 2994 των
2343 2939 2682 3011 ὀφθαλμοῖς,
2721 2940 2946 2995 πλείονα
2997 2939 3279 2994 ἐπινοοῦσι
3323 2938 3395 2994 τὰ
3446 2939 3570 2994 καθ’
3613 2939 3767 3013 ἡμῶι

496 3035 640 3102 nari,
667 3034 795 3105 quia
825 3050 926 3105 per
973 3033 1351 3106 quotidianum
1405 3033 1749 3100 exercitium,
1798 3049 1864 3091 ea
1893 3034 2076 3090 omnia

2207 3033 2424 3104 .υπηρὰ,
2470 3033 2559 3086 ὅτε
2601 3032 2690 3086 διὰ
2731 3032 2832 3103 τῆς
2882 3031 3260 3104 καθημερινῆς
3307 3031 3621 3102 γυμνασίας
3681 3029 3773 3086 καὶ

498 3143 624 3182 cum
656 3128 872 3184 minore
902 3127 1091 3183 dolore
1115 3129 1300 3185 subire
1329 3128 1560 3184 edoctus
1593 3143 1734 3184 sum.

1073 3218 1270 3274 EPIST
1316 3219 1478 3275 XLIV
1491 3260 1505 3275 .

937 3308 1158 3365 Taracia
1192 3310 1417 3381 patricio
1444 3311 1623 3382 fratri.

2176 3125 2530 3198 ἁλυπώτερον
2560 3125 2700 3179 αὐτὰ
2726 3125 2914 3197 φέρειν
2937 3123 3379 3196 ὲπαιδεύθημεν;

2775 3216 2996 3272 ΕΠΙΣΤ.
3031 3217 3160 3270 MA'.

2518 3311 2788 3382 Ταρασίῳ
2814 3310 3100 3379 πατρικίῳ
3131 3306 3387 3379 ἀδελφῷ.

1732 3428 1982 3483 Monucut
2037 3435 2140 3500 (ep.
2175 3432 2288 3492 151,
2323 3427 2543 3494 ρ.,171)·

569 3533 874 3590 Defunctus
915 3544 1001 3592 est
1047 3536 1206 3592 nobis
1253 3537 1556 3594 secundum
1606 3555 1806 3611 corpus
1847 3543 2085 3611 amicus,

475 3625 594 3680 sed
626 3639 726 3680 nec
757 3625 872 3697 ipse
904 3633 962 3680 tu
993 3625 1203 3681 inﬁcias
1249 3626 1414 3682 iveris
1447 3628 1578 3697 quin
1610 3630 1833 3700 reliquit
1873 3633 2088 3687 colum-

2209 3599 2220 3612 ,
2255 3543 2528 3611 Τέθνηκεν
2557 3539 2586 3592 ὁ
2617 3537 2768 3608 φίλος
2799 3534 2880 3607 τῷ
2930 3533 3176 3606 σώματι⁶
3216 3530 3333 3586 ἀλλ’
3373 3528 3485 3584 οὐδ’
3512 3527 3582 3584 ἂν
3616 3526 3776 3590 αὐτὸς

2191 3634 2509 3708 ἀρνηθείης.
2541 3631 2618 3694 ὡς
2665 3630 2786 3699 οὐχὶ
2814 3627 3084 3682 ἀθάνατον
3123 3625 3306 3694 ἀφῆκε
3335 3622 3539 3694 στήλην
3561 3661 3578 3687 ,
3616 3620 3777 3675 παντὶ

497 3731 626 3770 nam
658 3716 924 3772 universae
947 3733 1060 3773 suae
1091 3719 1212 3774 vita:
1241 3720 1498 3774 virtutem
1536 3737 1551 3774 :
1578 3722 1834 3791 quocirca
1869 3723 2089 3778 beatum

2207 3729 2273 3797 τῷ
2305 3725 2425 3796 βίῳ,
2459 3723 2556 3794 τὴν
2589 3719 2760 3776 αὑτοῦ
2790 3720 3015 3790 ἀρετήν.
3040 3713 3190 3788 Ἀρα
3212 3711 3306 3770 οὖν
3327 3712 3777 3784 εὐδαιμονίσομεν

503 3807 928 3876 ρνωιιίοεὺίωιιε
955 3826 1104 3880 eum,
1127 3820 1182 3868 et
1219 3820 1352 3868 tunc
1387 3828 1688 3885 quemnam
1713 3831 1814 3886 pro
1843 3816 1936 3872 illo
1986 3818 2094 3874 les-

2207 3820 2333 3881 5λως
2365 3814 2513 3880 τινὰ,
2546 3814 2612 3868 ἂν
2633 3811 2831 3865 τοῦτον
2859 3810 3077 3878 θρηνεῖν
3108 3806 3529 3878 μελετήσωμενς

499 3911 624 3952 sum
648 3900 1058 3958 meditabimur.

1098 3993 1316 4050 EPIST.
1355 3993 1517 4050 XLV.

1056 4087 1290 4144 Manueli
1321 4089 1568 4159 patricio.

2790 3991 3015 4048 ΕΠΙΣΤ.
3040 3992 3176 4046 ME'.

2649 4083 2944 4154 Μανουὴλ
2993 4082 3303 4152 πατρικίῳ.

1742 4204 2014 4258 Ηοοιεειιι.
2051 4208 2159 4272 (ep.
2193 4211 2306 4273 146,
2338 4223 2388 4272 p.
2425 4206 2540 4268 203)

575 4309 845 4366 Fortassis
921 4309 989 4366 ob
1081 4325 1147 4365 ea
1200 4311 1561 4370 conﬁdentior
1625 4316 1844 4372 exsistis
1879 4358 1896 4383 ,
1970 4334 2092 4390 qua:
2130 4324 2175 4380 ι)

502 4416 534 4456 a
589 4416 678 4455 me
715 4439 731 4467 ,
785 4415 912 4454 cum
965 4401 1250 4471 splendide
1317 4404 1373 4458 in
1433 4415 1525 4460 tuo
1603 4404 1819 4461 theatro
1877 4409 2100 4479 conspi-

503 4507 695 4557 carer,
755 4492 1080 4548 dicebantur
1109 4513 1123 4549 :
1166 4494 1390 4550 Domine
1421 4537 1436 4562 ,
1476 4497 1737 4553 nimirum
1769 4515 1833 4554 ne
1857 4500 2080 4571 imputes

503 4586 576 4640 eis
619 4591 714 4639 hoc
757 4595 1051 4653 peccatum,
1082 4588 1314 4641 nesciunt
1342 4589 1483 4642 enim
1521 4591 1648 4660 quid
1673 4591 1874 4660 faciunt
1906 4594 1972 4646 ³³.
2005 4592 2102 4648 Αι-

502 4693 610 4748 que
660 4676 796 4734 adeo
844 4677 1005 4734 ﬂatus
1051 4690 1176 4735 tuos
1243 4691 1434 4736 contra
1465 4697 1553 4736 me
1600 4697 1711 4738 non
1751 4698 1953 4739 cessas.
1989 4684 2104 4755 Ego

507 4777 716 4836 autem,
752 4780 916 4842 prout
970 4779 1104 4828 tunc
1155 4774 1421 4844 temporis
1454 4774 1670 4830 beatam
1700 4775 1846 4831 illam
1883 4792 2102 4848 precem

505 4862 750 4935 proferre
798 4864 993 4935 dignus
1034 4864 1251 4920 habitus
1291 4865 1390 4933 fui,
1454 4865 1530 4921 ita
1571 4875 1628 4922 et
1679 4867 1925 4938 adusque
1947 4867 2094 4922 idem

505 4965 697 5010 votum
754 4957 947 5013 emitto
969 4957 1090 5012 sine
1118 4957 1545 5013 intermissione.
1609 4956 1762 5013 Scias
1810 4967 2017 5025 autem,
2069 4973 2104 5013 ο

507 5048 672 5113 bone,
695 5049 838 5118 quod
875 5049 1355 5120 quemadmodum,
1385 5059 1448 5105 ut
1515 5064 1616 5121 ego
1643 5050 1894 5106 mihimet
1928 5051 2103 5121 legem

507 5140 836 5210 praascripsi,
886 5142 1086 5198 talibus
1114 5157 1467 5198 remunerare
1493 5143 1898 5198 conviciatores
1925 5157 2103 5210 meos;

512 5229 587 5284 ita
629 5237 686 5283 et
725 5239 782 5282 tu
835 5245 1058 5300 quoque
1093 5232 1324 5300 teneris,
1365 5247 1491 5287 cum
1530 5231 1697 5287 homo
1728 5232 1805 5287 sis
1827 5231 2107 5303 (nedicam

511 5321 902 5392 Christianus),
931 5322 1058 5378 licet
1083 5338 1227 5391 sero,
1257 5325 1475 5380 tandem
1510 5333 1690 5380 tamen
1726 5341 1757 5380 a
1785 5324 2109 5380 crudelitate

526 5415 827 5483 recedere;
865 5414 952 5470 sin
1003 5416 1187 5471 minus
1217 5417 1433 5487 feceris,
1487 5434 1559 5474 ne
1602 5419 1681 5474 sic
1734 5418 1956 5489 quidem
2010 5432 2109 5488 ego

516 5522 674 5564 orare
727 5507 994 5576 desinam,
1049 5507 1278 5580 Scilicet,
1310 5527 1382 5568 ne
1417 5512 1626 5570 caelesti
1691 5513 1984 5583 adoptione
2015 5526 2110 5566 ex-

519 5599 693 5657 cidam
749 5601 900 5672 (inde
972 5613 1028 5660 et
1097 5618 1244 5660 nunc
1297 5606 1363 5662 ad
1405 5613 1459 5662 te
1519 5606 1919 5662 admonendum
1979 5619 2109 5676 pro-
2153 5651 2160 5663 .

596 5792 640 5823 ²²
669 5791 827 5849 Rom.
863 5811 913 5864 ν,
947 5795 1028 5854 15.

2275 4318 2437 4380 Ἴσως
2468 4315 2714 4388 θαρρεῖς,
2752 4307 2833 4376 οἷς
2863 4312 3046 4384 ἡμεῖς,
3086 4309 3179 4363 ἐπὶ
3205 4306 3301 4362 τοῦ
3338 4307 3598 4378 λαμπροῦ
3631 4305 3780 4375 ὑμῶν

2206 4411 2435 4482 θεάτρου
2462 4404 3019 4480 προπηλακιζόμενοι,
3042 4401 3447 4472 ὲφθεγξάμεθω
3474 4401 3676 4469 Κύριε,
3699 4397 3780 4468 μὴ

2203 4503 2447 4572 στήσῃς
2493 4499 2699 4567 αὐτοῖς
2746 4499 2862 4566 τὴν
2899 4496 3190 4567 ἁμαρτίαν
3241 4494 3503 4562 ταύτην·
3559 4493 3637 4547 οὐ
3676 4492 3782 4560 γὰρ

2204 4593 2404 4649 οἴδασι
2427 4591 2485 4645 τί
2507 4589 2772 4646 ποιοῦσι·
2803 4587 2902 4642 καὶ
2925 4587 3013 4640 διὰ
3040 4585 3202 4639 τοῦτο
3231 4585 3411 4638 πνέων
3443 4583 3569 4637 καθ’
3602 4583 3780 4655 ἡμῶν,

2203 4687 2264 4740 οὐ
2295 4686 2505 4754 λήγεις.
2549 4680 2691 4736 Ἀλλ’
2722 4681 2888 4752 ἡμεῖς
2924 4677 3046 4749 μὲν,
3081 4676 3272 4746 ὥσπερ
3310 4675 3436 4731 τότε
3465 4677 3570 4745 τὴν
3617 4691 3785 4745 μακα-

2208 4777 2330 4848 ρίαν
2364 4776 2580 4847 ὲκείνην
2621 4771 2785 4846 εὐχὴν
2830 4768 3147 4842 ἠξιώθημεν
3187 4767 3448 4834 εὔξασθαι
3470 4807 3486 4831 ,
3517 4767 3663 4820 οὕτω
3691 4765 3785 4818 καὶ

2210 4870 2372 4941 μέχρι
2415 4868 2510 4922 νῦν
2553 4865 2917 4926 ἀδιαλείπτως
2946 4861 3243 4934 εὐχόμεθα.
3285 4859 3426 4914 Ἰσθι
3453 4859 3534 4922 δὲ,
3567 4852 3614 4912 ὦ
3658 4856 3779 4936 βέλ-

2206 4979 2376 5028 τιστε,
2409 4961 2492 5014 ὅτι
2521 4958 2774 5030 καθάπερ
2806 4958 2942 5029 ἡμῖν
2962 4998 2980 5024 ,
3010 4953 3274 5018 τοιούτοις
3302 4952 3630 5024 ἀμείϐεσθαι
3656 4949 3782 5012 τοὺς

2208 5053 2473 5126 ὑϐριστὰς
2500 5050 2939 5122 νενομοθέτηταιτ
2978 5047 3124 5102 οὕτω
3166 5048 3260 5102 καὶ
3291 5047 3443 5118 ὑμῖν,
3482 5043 3786 5113 ἀποστῆναι

2207 5148 2306 5219 τῆς
2335 5145 2649 5220 μιαιφονίας
2675 5141 2799 5214 (κᾶν
2819 5140 2919 5206 ὀψέ
2942 5158 3074 5196 ποτε
3102 5140 3196 5195 τοῦ
3225 5135 3789 5214 καιροῦ),ἀνθρὼποις

2209 5233 2360 5292 οὖσιν
2389 5237 2508 5308 (ἴνα
2539 5236 2612 5306 μὴ
2643 5233 2789 5302 λέγω
2813 5232 3162 5304 Χριστιανοῖς
3180 5239 3224 5302 ),
3255 5227 3694 5300 κεχρεώστηται.
3728 5225 3791 5276 Et

2209 5328 2269 5382 δὲ
2300 5328 2375 5399 μὴ
2396 5369 2410 5392 ,
2441 5328 2601 5398 ἡμεῖς
2650 5323 2749 5396 μὲν
2775 5323 2898 5378 οὐδὲ
2938 5322 3116 5390 οὓτω,
3163 5322 3263 5393 τῆς
3297 5319 3577 5392 ἡμετέρας
3625 5315 3791 5386 εὐχῆς

2213 5419 2590 5489 ἀποσταίημεν
2612 5459 2628 5483 ,
2659 5417 2745 5470 ἵνα
2777 5415 2852 5488 μὴ
2875 5416 2976 5486 τῆς
3002 5414 3210 5470 ἄνωθεν
3234 5411 3504 5473 υἱοθεσίας
3533 5408 3791 5463 ἐκπέσω-

2218 5528 2319 5583 μεν
2348 5510 2545 5582 (τοῦτο
2577 5510 2685 5580 γὰρ
2717 5507 2854 5563 αὐτὸ
2881 5508 2976 5560 καὶ
3006 5505 3102 5562 νῦν
3128 5505 3274 5577 ἡμᾶς
3307 5503 3443 5574 πρὸς
3471 5502 3572 5572 τὴν
3599 5495 3793 5571 ὑμετέ-

2217 5621 2318 5678 ραν
2347 5603 2667 5675 παραίνεσιν
2697 5600 3050 5671 διανέστησεν
3069 5601 3108 5654 l.
3153 5594 3339 5667 ’Υμῶν
3362 5594 3425 5650 δέ
3458 5594 3577 5648 ἐστι
3605 5587 3791 5644 λοιπὸν
