4024 6498
250 426 345 490 95⁵1
1416 426 1947 489 EPISTOLARUM
1985 428 2218 488 LIBER
2257 429 2349 488 III
2362 475 2376 490 .
3414 428 3521 491 958

249 540 372 611 ὁρᾷν
404 535 498 608 (ού
534 535 640 605 γὰρ
674 534 742 589 ἂν
788 535 1213 607 ἀλλοτριιῦτερόν
1245 552 1298 589 τι
1328 536 1429 605 τῆς
1476 537 1613 607 ἐμῆς
1648 538 1813 606 εὐχῆς

1927 542 2100 608 cessi).
2151 541 2328 594 Tuum
2386 550 2469 594 est
2538 538 2724 593 videre
2768 539 2885 608 (ne
2920 538 3136 608 longius
3169 538 3238 593 ab
3273 540 3516 594 oratione

250 633 452 699 εἴποιμι
474 631 493 697 )
515 628 664 690 ὅπως
684 630 777 681 καὶ
802 630 930 698 ύμῖν
959 628 1025 681 τὰ
1045 627 1255 681 ἐκεῖθεν
1285 628 1423 699 πρὸς
1450 628 1510 682 τὸ
1540 630 1823 701 συμφέρον

1926 633 2165 687 aberrem
2200 633 2344 702 mea)
2398 641 2459 687 ut
2515 632 2713 686 exinde
2744 642 2858 686 tute
2928 633 3024 687 tibi
3060 634 3246 687 omnia
3272 649 3515 689 commo-

255 722 728 794 μεθοδευθήσεται.

1917 724 2144 780 dissime
2165 723 2405 780 ordines.

826 832 1049 889 ΕΠΙΣΤ.
1082 834 1233 900 ΜΦ.

2446 834 2667 889 EPIST.
2693 833 2878 889 XLVI.

263 925 494 996 Ἰωάννῃ
552 929 1059 1052 πρωτοσπαθιίῗιῗ)
1119 926 1219 981 καὶ
1277 925 1646 994 δρουγγαρίῳ
1711 925 1819 980 τοῦ

885 1013 928 1051 π
972 1015 1003 1051 o
1028 1016 1165 1068 μου.

1767 925 1819 980 ›ὗ
2045 928 2245 982 Joanni
2306 928 2755 998 protospathario,
2786 936 2836 982 et
2864 927 3122 999 dungario
3150 926 3356 997 ploimi.

1483 1120 1754 1169 Montacut.
1794 1118 1897 1179 (ep.
1935 1115 2046 1177 150,
2082 1130 2131 1178 p.
2167 1115 2301 1178 206).

315 1221 387 1276 Ού
419 1216 675 1273 τοσοῦτον
705 1218 961 1289 χαλεπὸν,
992 1221 1040 1273 εξ
1071 1222 1267 1290 τυφλὸν
1294 1226 1363 1277 ’ὁ
1394 1223 1651 1290 Πλοῦτος,
1683 1224 1824 1278 κατὰ

2010 1218 2163 1273 Haud
2212 1219 2285 1273 ita
2352 1234 2441 1274 res
2511 1217 2647 1273 dura
2702 1228 2807 1282 est,
2865 1216 2911 1272 si
2963 1230 3139 1273 caecus
3183 1218 3250 1273 sit
3270 1217 3458 1276 Plutus
3489 1263 3505 1289 ,

251 1316 333 1373 τὸν
351 1313 529 1376 καλῶς
554 1312 717 1365 αὑτὸν
741 1315 1229 1385 κωμικευσάμενον
1263 1316 1681 1391 Ἀριστοφάνην⁸
1708 1316 1822 1370 ἀλλ’

1934 1318 1995 1364 ut
2055 1310 2295 1365 comicus
2341 1326 2471 1365 eum
2521 1310 2676 1380 fingit
2730 1310 2864 1365 scite
2907 1310 3348 1381 Aristophanes:
3411 1315 3507 1369 sed

251 1410 413 1461 ἐκεῖνο
458 1406 851 1475 παγχάλεπον,
888 1406 937 1458 εἰ
982 1407 1072 1460 καὶ
1113 1407 1251 1475 αὐτὴ
1303 1408 1539 1477 κάθηται
1570 1409 1745 1479 τυφλὴ
1789 1408 1823 1477 ἡ

1927 1401 2059 1455 illud
2108 1402 2268 1472 plane
2318 1402 2723 1456 intolerandum
2751 1402 3010 1469 arbitror,
3065 1403 3109 1457 si
3155 1412 3294 1459 astat
3317 1405 3390 1459 illi
3412 1405 3508 1460 Ju-

252 1499 393 1568 Δὶχη,
426 1497 502 1568 μὴ
534 1495 734 1566 ἔχουσα
773 1496 841 1550 δι’
873 1490 934 1550 οὗ
962 1500 1073 1559 τοῖς
1105 1497 1480 1567 ἀδικουμένοις
1508 1499 1788 1568 ἐπιϐλέψει
1808 1515 1821 1528 ·

1929 1495 2073 1548 stitia
2107 1511 2273 1558 caeca,
2323 1510 2427 1549 nec
2472 1495 2662 1549 oculos
2696 1495 2915 1561 habeat,
2966 1496 3165 1565 quibus
3197 1496 3394 1566 injuria
3423 1497 3506 1551 af-

250 1591 374 1645 ἀλλά
395 1588 493 1642 νῦν
515 1588 605 1641 διὰ
626 1589 725 1658 τῆς
750 1589 849 1658 σῆς
867 1588 1061 1659 ἀρχῆς,
1085 1589 1165 1650 εἰς
1188 1588 1248 1641 τὸ
1269 1591 1401 1660 ὁρᾷν
1424 1589 1813 1654 ἐπανελθοῦσα,

1926 1585 2100 1641 fectos
2143 1586 2435 1641 intueatur.
2478 1588 2549 1641 At
2576 1604 2721 1643 nunc
2786 1604 2882 1658 per
2918 1601 2971 1643 te
3003 1590 3314 1660 magistratu
3365 1606 3505 1660 pra:-

250 1681 459 1748 δειξάτω
495 1679 589 1731 τὸν
627 1678 861 1731 Πλοῦτον
884 1718 899 1742 ,
940 1680 1013 1748 μὴ
1057 1677 1257 1747 τυφλὸν
1303 1680 1465 1750 μόνον
1488 1722 1502 1745 ,
1535 1680 1671 1733 ἀλλά
1718 1679 1814 1732 καὶ

1920 1676 2115 1741 ditum,
2156 1693 2279 1731 cum
2312 1677 2565 1732 restituta
2624 1678 2695 1732 sit
2726 1679 2898 1734 oculis
2934 1678 3065 1744 suis,
3103 1679 3357 1735 ostendat
3410 1681 3501 1737 illa

249 1778 463 1843 ἄφωνον·
484 1773 753 1844 ὑπερηχεῖ
767 1772 902 1841 τῷδε
935 1781 963 1810 ιι
988 1788 1057 1824 τα
1085 1772 1288 1837 δίκαια,
1316 1774 1418 1825 κᾶν
1445 1772 1675 1843 πένητος
1701 1772 1809 1841 εἴη,

1916 1766 2134 1821 Plutum
2164 1784 2273 1823 non
2324 1770 2487 1824 modo
2528 1784 2758 1835 caecum,
2818 1769 2916 1825 sed
2948 1779 3004 1825 et
3037 1780 3304 1825 mutum:
3338 1772 3503 1827 etiam

249 1870 365 1932 τῶν,
400 1865 591 1937 χρυσῷ
618 1866 818 1927 παντὸς
853 1865 1064 1918 δικαίου
1107 1866 1291 1936 φωνὴν
1321 1864 1644 1919 ἐθισθέντων
1699 1866 1806 1919 ἀπ-

1915 1859 2176 1927 majorem
2212 1875 2407 1915 sonum
2458 1862 2651 1916 reddat
2698 1862 2924 1916 Iustitia
2970 1863 3027 1916 in
3109 1878 3271 1917 causa
3301 1879 3504 1933 paupe-

248 1956 473 2010 ελαύνειν
515 1954 612 2009 τοῦ
644 1954 844 2027 σεμνοῦ
876 1954 1080 2025 ταύτης
1116 1962 1137 1985 °
1181 1954 1275 2009 καὶ
1305 1954 1668 2009 πεοιϐλὲπτου
1713 1953 1809 2009 Βή-

1919 1949 2015 2014 ris,
2086 1965 2246 2020 quam
2299 1951 2353 2004 in
2385 1952 2601 2007 illorum
2637 1953 2728 2022 qui
2781 1961 3003 2023 propter
3046 1968 3242 2008 aurum
3295 1954 3502 2013 assole-

252 2064 421 2119 ματος,
952 2114 970 2132 ⁹
1917 2039 2051 2094 bant
2122 2042 2451 2097 omnimodae
2500 2043 2727 2112 justitiae
2779 2059 2973 2098 sonum
3010 2044 3258 2114 ablegare
3301 2046 3369 2101 ab
3400 2044 3505 2101 hoc

1925 2133 2239 2189 venerando
2266 2144 2319 2189 et
2346 2136 2694 2207 suspiciende
2728 2135 3002 2189 tribunali.

821 2262 1044 2315 ΕΠΙΣΤ.
1078 2262 1205 2316 MZ'.

2518 2246 2742 2302 EPIST.
2789 2246 3000 2302 XLVII.

724 2352 989 2422 Ταρασίῳ
1042 2348 1298 2419 ἀδελφῷ.

2542 2340 2760 2397 Tarasio
2798 2342 2975 2412 fratri.

1470 2462 1736 2513 Montacut.
1774 2461 1879 2525 (ep.
1916 2456 2024 2509 155.
2065 2468 2111 2517 p.
2142 2454 2278 2519 208).

302 2571 464 2624 Τιδεῖ
505 2570 674 2623 πλέον
723 2570 980 2640 γράφειν,
1026 2567 1168 2640 ὑπὲρ
1218 2560 1278 2621 οὗ
1324 2569 1554 2640 γράφω;
1594 2570 1659 2622 ἂν
1695 2570 1810 2640 ἴδῃς

1987 2564 2129 2631 Quid
2175 2580 2316 2635 opus
2347 2570 2434 2618 est
2483 2570 2542 2617 ut
2599 2563 2768 2618 verba
2815 2562 3010 2618 addam
3044 2564 3298 2631 ulterius,
3334 2566 3498 2622 reide

256 2664 325 2717 τὸν
342 2662 525 2733 ἄνδρα,
551 2665 649 2716 καὶ
675 2661 773 2731 τὴν
802 2664 861 2717 ὲν
892 2659 1041 2730 αὐτῷ
1062 2661 1286 2731 ἀρετὴν,
1320 2661 1417 2712 ούκ
1446 2657 1560 2713 οἶδα
1582 2660 1809 2728 πότερόν

1914 2674 2020 2727 qua
2044 2658 2261 2715 scribo?
2311 2657 2357 2712 si
2394 2656 2671 2711 hominem
2702 2657 2908 2722 vidisti,
2950 2666 3006 2711 et
3038 2657 3291 2712 virtutem
3323 2659 3500 2713 homi-

250 2773 315 2809 σοι
338 2754 466 2819 δόξω
506 2754 706 2824 ἐκεινῳ
744 2753 1080 2823 χαριεῖσθαι,
1110 2753 1192 2805 ὅτι
1221 2754 1287 2822 τῇ
1330 2755 1395 2822 σῇ
1426 2752 1613 2805 τοῦτον
1672 2770 1797 2805 συνο

1912 2748 2000 2802 nis
2028 2748 2331 2814 attendisti,
2362 2748 2547 2801 nescio
2567 2762 2637 2801 an
2695 2747 2793 2801 tibi
2845 2747 2998 2801 visus
3026 2748 3222 2802 fuerim
3278 2748 3335 2803 in
3376 2750 3496 2818 ejus

252 2847 461 2919 ιστῶμεν
486 2848 774 2917 δεξιότητι’
802 2847 835 2915 ἢ
867 2844 1048 2916 σαυτῷ
1076 2845 1381 2915 gamma
1407 2862 1464 2896 σε
1486 2844 1803 2914 τηλικούτου

1909 2842 2132 2912 gratiam
2160 2840 2462 2910 scripsisse,
2491 2856 2613 2894 cum
2648 2850 2739 2894 tuo
2779 2850 2928 2895 recto
2952 2841 3160 2911 judicio
3187 2857 3314 2896 eum
3347 2858 3497 2897 com—

250 2940 412 3009 ἀνδρὸς
439 2939 536 2994 καὶ
561 2941 832 3007 τοσαύτης
857 2938 1011 3004 ἀξίου
1039 2937 1472 3009 φιλανθρωπίας,
1504 2937 1803 3007 εὐεργέτην

1907 2935 2283 2990 mendaverim
2316 2952 2330 3001 ;
2381 2941 2437 2988 et
2484 2949 2594 2987 non
2614 2934 2799 3003 potius
2841 2933 2937 2988 tibi
2964 2933 3300 3004 gratiﬁcatus
3328 2933 3496 2987 fuisse

250 3031 450 3103 ὀφθῆναι
475 3031 999 3104 παρεσκευάσαμεν.

1905 3029 2066 3097 quod,
2105 3037 2162 3081 ut
2191 3028 2310 3097 ejus
2349 3027 2761 3081 benefactorem
2796 3035 2846 3079 te
2879 3034 3129 3096 praastes,
3160 3026 3494 3089 induxerim,

1904 3120 1992 3189 qui
2027 3119 2148 3173 talis
2194 3128 2485 3189 tantusque
2539 3128 2643 3186 est,
2681 3128 2737 3173 et
2760 3127 2853 3172 tua
2893 3128 3043 3174 tanta
3078 3119 3271 3190 dignus
3302 3119 3494 3172 buma-

1906 3210 2099 3264 nitate.

820 3321 1043 3376 ΕΠΙΣΤ.
1082 3323 1224 3376 MH'.

2500 3320 2720 3377 EPIST.
2756 3321 2991 3378 XLVIII.

656 3412 949 3480 Βασιλείῳ
986 3400 1326 3483 κὺαίστωρι.
1814 3407 1857 3465 C

1814 3407 1857 3465 C
2490 3416 2697 3471 Basilio
2741 3418 3009 3483 quwstori.

1468 3538 1733 3587 Montacut.
1773 3537 1878 3599 (ep.
1915 3535 2025 3595 154,
2060 3549 2109 3597 p.
2144 3535 2281 3597 209).

299 3628 412 3686 Οἶδά
438 3653 573 3691 ποτε
614 3638 675 3691 τὸ
716 3640 924 3694 δίκαιον
949 3685 963 3709 ,
997 3646 1094 3697 καὶ
1130 3647 1222 3699 τὸν
1263 3648 1481 3717 χρυσὸν,
1514 3647 1571 3698 ὲν
1618 3649 1683 3716 τῇ
1718 3650 1784 3718 σῇ

1964 3643 2207 3714 Intelligo
2261 3641 2527 3713 justitiam
2547 3651 2601 3697 et
2630 3657 2827 3696 aurum
2870 3640 3016 3712 apud
3050 3640 3296 3695 animum
3335 3650 3487 3700 tuum

243 3723 788 3801 διαμφισϐητήσαντας
813 3736 980 3807 ψυχῇ·
1013 3738 1126 3789 ἀλλ’
1152 3739 1252 3791 οὐκ
1283 3736 1418 3805 οἶδα,
1452 3741 1564 3793 εἴτε
1594 3757 1788 3794 καται-

1899 3735 2249 3799 contendere;
2284 3734 2375 3788 sed
2400 3733 2590 3803 ignoro
2622 3749 2751 3787 num
2777 3749 2861 3787 me
2888 3732 2943 3785 in
2969 3741 3176 3786 tantum
3196 3735 3488 3792 reveritutr.

242 3812 503 3886 5aadttevo;
534 3824 680 3892 ἡμᾶς
706 3828 734 3877 ὁ
774 3829 993 3895 χρυσὸς,
1032 3829 1142 3882 εἴτε
1183 3830 1278 3883 σοῦ
1354 3831 1452 3901 τὴν
1487 3833 1694 3903 ἀρχὴν,
1732 3836 1789 3885 ἐν

1900 3845 2115 3892 aurum,
2163 3827 2569 3896 autimperium
2637 3825 2823 3896 potius
2888 3835 3062 3887 tuum,
3102 3827 3195 3895 qui
3226 3828 3294 3882 ab
3333 3829 3489 3885 initio

241 3909 430 3980 ἀρχαῖς,
479 3916 559 3987 τῷ
602 3918 1036 3991 ἀδωροδοκήτῳι)
1066 3922 1355 3992 τιμῶντος.
1400 3925 1634 3987 Πολλοὺς
1678 3925 1786 3995 γὰρ

1893 3924 2241 3993 magistratus
2275 3920 2372 3982 tui,
2415 3920 2595 3974 locum
2632 3931 2783 3974 tuum
2820 3920 3177 3975 honoravcris
3215 3937 3312 3992 per
3331 3931 3479 3980 tuam

241 4000 331 4072 ὀρῶ
356 4007 552 4079 ταύτην
574 4009 673 4080 τὴν
695 4011 941 4082 μέθοδον,
970 4013 1246 4084 θηράματι
1271 4016 1478 4084 κερδῶν
1501 4017 1783 4083 μειζόνων,

1897 4033 1915 4071 a
1976 4016 2293 4070 muneribus
2322 4011 2654 4081 accipiendis
2692 4013 3054 4067 aversionem.
3100 4012 3296 4069 Multos
3336 4016 3486 4071 enim

243 4101 680 4170 μετερχομένουςο
722 4105 873 4174 ὅμως
919 4106 948 4157 ὀ
998 4107 1196 4176 χρυσὸς
1248 4108 1508 4179 ἀπῆλθεν,
1561 4109 1698 4179 ἔχων
1727 4112 1788 4162 τὸ

1895 4107 2009 4161 novi
2077 4108 2219 4160 hanc
2299 4105 2440 4158 viam
2510 4103 2801 4168 institisse,
2861 4104 2992 4157 dum
3045 4105 3193 4159 lucra
3276 4107 3484 4176 majora

240 4181 446 4242 ἔλαττον·
487 4191 584 4244 καὶ
615 4192 675 4244 τὸ
712 4193 919 4246 δίκαιον
951 4195 1536 4269 λαμπράνάνεδήσατο
1573 4198 1671 4269 τὴν
1704 4201 1783 4253 νί-

1897 4206 2185 4262 vcnantur;
2234 4211 2423 4250 verum
2453 4194 2588 4249 abiit
2628 4194 2756 4247 hinc
2818 4209 3013 4247 aurum
3058 4210 3182 4248 cum
3232 4196 3486 4265 pra’judl-

240 4288 340 4352 κην.
376 4280 483 4335 Νῦν
515 4283 573 4336 δὲ
606 4284 784 4338 πάντα
814 4287 874 4340 σέ
908 4304 1040 4355 φασι
1067 4289 1253 4360 χρυσῷ
1281 4291 1538 4361 πράττειν
1565 4307 1577 4320 ·
1603 4291 1699 4344 καὶ
1723 4292 1784 4343 ού

1906 4288 2012 4352 cio,
2056 4296 2111 4341 et
2140 4286 2282 4355 quod
2324 4286 2528 4356 justum
2557 4293 2642 4339 est
2685 4284 3025 4354 splendidam
3060 4288 3357 4356 reportavit
3388 4288 3466 4341 vi-

241 4367 488 4440 πεξθομαι.
527 4376 741 4445 Χρυσός
773 4395 886 4441 σοι,
923 4382 1106 4448 φασὶν,
1147 4382 1203 4432 αἱ
1242 4386 1440 4452 χεῖρες,
1474 4386 1505 4453 ἡ
1541 4383 1783 4451 γλῶσσα,

1895 4382 2139 4435 ctoriam.
2172 4382 2240 4433 At
2293 4395 2439 4433 nunc
2487 4380 2558 4433 ob
2607 4379 2911 4448 pecuniam
2974 4388 3025 4433 te
3080 4379 3260 4434 omnia
3303 4379 3484 4435 facere

239 4458 286 4508 τό
312 4461 524 4520 δίκαιον.
584 4469 723 4521 Ἀλλ’
757 4471 947 4542 ὥσπερ
1002 4474 1060 4525 ού
1102 4472 1401 4545 πείθομαι,
1441 4476 1612 4539 οὓτως
1647 4472 1785 4529 εἶναι

1894 4471 2084 4523 aiunt:
2118 4470 2231 4540 Ego
2274 4470 2378 4523 illis
2409 4470 2551 4522 haud
2576 4468 2832 4523 credulus
2872 4485 3013 4523 sum.
3060 4469 3251 4531 Aiunt.
3280 4487 3474 4525 aurqu

240 4551 314 4600 καὶ
332 4552 492 4627 ψευδῆ
515 4558 614 4629 τὴν
635 4562 825 4632 φήμην
854 4561 1105 4633 εὔχομαι.
1139 4564 1309 4629 Δείξει
1329 4566 1370 4618 δ’
1394 4568 1421 4618 ὁ
1446 4568 1545 4635 τὴν
1570 4570 1786 4620 ἐπιστο-

1896 4562 1988 4615 tibi
2042 4570 2171 4615 sunt
2218 4576 2430 4620 manus,
2470 4570 2553 4614 est
2578 4562 2758 4631 lingua
2788 4570 2841 4615 et
2876 4561 3090 4630 justitia
3115 4578 3330 4615 aurum.
3367 4562 3478 4617 Sed

238 4637 317 4730 III“
345 4648 580 4718 κομίζων
631 4653 819 4723 πένης,
852 4653 884 4725 ἢ
913 4654 1083 4725 ψευδῆ
1114 4655 1341 4730 ταύτην,
1376 4657 1407 4728 ἦ
1437 4659 1573 4730 ὅπερ
1606 4662 1784 4728 ἀπηυ-

1900 4660 1959 4705 υι
2012 4652 2127 4722 ipse
2180 4669 2291 4707 non
2338 4653 2524 4717 credo,
2561 4653 2633 4706 ita
2683 4652 2874 4706 falsam
2929 4669 3052 4708 esse
3080 4654 3283 4707 famam
3349 4671 3480 4709 exo-

242 4729 413 4806 ξάμην,
447 4744 818 4815 ὑπάρχουσαν.
1278 4729 1282 4730 7
1547 4729 1555 4730 ί
1822 4754 1831 4810 I

1898 4746 2095 4813 ptarim
2152 4761 2389 4814 quoque.
2427 4745 2474 4798 Is
2523 4746 2615 4814 qui
2675 4746 2864 4800 reddet
2892 4744 3200 4814 epistolam,
3251 4762 3479 4815 pauper,

1890 4834 2127 4898 docebit,
2157 4835 2361 4890 falsane
2386 4834 2572 4899 fuerit,
2596 4851 2685 4899 an,
2715 4836 2860 4905 quod
2890 4836 3119 4901 nollem,
3154 4851 3280 4891 vera
3304 4836 3475 4893 fama.

793 4963 1015 5017 ΕΠΙΣΤ.
1066 4964 1201 5019 ΜΘ¹.

2418 5014 2421 5015 ν
2530 4970 2749 5027 EPIST.
2775 4970 2965 5026 XLIX.

678 5052 1041 5121 Ἀλεξάνδρῳ
1086 5055 1315 5123 κόαητι.

2498 5063 2796 5117 Alexandro
2818 5062 3013 5115 comiti.

1459 5167 1724 5221 Montaeut.
1764 5152 2016 5233 (ep..158,
2050 5188 2100 5236 p.
2135 5175 2271 5237 215).

296 5262 349 5314 Et
370 5265 461 5337 τὴν
506 5269 859 5343 Ἀλεξάνδρου
886 5273 982 5327 τοῦ
1025 5251 1290 5342 βασιλέως
1332 5275 1557 5345 γνώμην
1591 5276 1781 5348 ἔστερ-

1962 5282 2016 5335 Si
2074 5283 2213 5353 regis
2240 5281 2531 5336 Alexandri
2559 5280 2889 5336 sententiam
2918 5278 3303 5350 amplexarere,
3336 5279 3478 5335 baud

240 5357 453 5417 Υες,οὓκ
480 5360 545 5414 ἀν
590 5365 671 5426 εἰς
709 5364 809 5434 τὴν
852 5365 944 5418 τοῦ
991 5366 1346 5437 Ἀλεξάνδρου
1389 5367 1485 5420 τοῦ
1535 5369 1782 5437 χαλκέως

1890 5374 2172 5429 excideres
2217 5375 2271 5427 in
2318 5375 2706 5430 contumeliam
2758 5373 2969 5427 ferrarii
3019 5371 3332 5427 Alexandri.
3388 5372 3479 5429 Ille

240 5440 370 5513 ὖεὲριν
404 5453 710 5521 ἐξέπιπτες.
770 5458 829 5511 '0
888 5459 987 5529 μὲν
1020 5460 1159 5531 γὰρ,
1200 5460 1320 5514 οὐδὲ
1367 5460 1505 5515 κατὰ
1538 5462 1646 5514 τῶν
1681 5464 1782 5515 ὐπ-

1890 5481 1999 5518 non
2052 5465 2269 5520 admisit
2316 5466 2655 5534 promiscuas
2713 5465 2933 5536 quasvis
2978 5465 3356 5520 accusationes
3407 5480 3479 5520 ne

239 5538 409 5611 ηκόων,
434 5545 506 5611 ὼς
531 5548 710 5620 ἔτυχε,
729 5550 830 5615 τὰς
866 5550 1118 5616 διαϐολὰς
1144 5552 1520 5624 προσεδέχετο·
1550 5554 1777 5624 θάτερον

1889 5565 2079 5613 contra
2102 5557 2345 5613 subditos
2377 5573 2392 5623 ;
2441 5558 2539 5613 sed
2577 5557 2708 5615 dum
2746 5564 3031 5614 accusator
3081 5555 3313 5623 diceret,
3334 5552 3474 5611 alte-

1487 5734 1720 5788 VAIIIIE
1761 5734 2165 5803 LECTIONI‘IS,

643 5896 664 5920 τι
694 5885 721 5936 ύ
738 5885 1037 5955 περηῃέῖω
1068 5886 1142 5939 δέ.
1222 5896 1239 5916 °
1272 5886 1480 5943 τούτου.
1564 5899 1589 5939 ν
1625 5891 2047 5963 ἀδωροδόκητον.
