4024 6486
461 418 569 480 959

1614 412 1876 474 PHOTII
1911 408 2416 471 PATRIARCHAZ
2450 407 2562 467 ΟΡ.

3607 399 3715 461 960

466 547 580 585 ram
641 529 939 583 auriculam
975 527 1266 582 obturabat
1299 545 1312 580 :
1352 517 1646 596 symbolice
1691 525 1991 579 ostendens
2017 563 2034 589 ,

2144 520 2198 574 δὲ
2237 519 2346 572 τῶν
2376 519 2550 583 ὢτων,
2594 518 2652 570 ἐν
2694 516 2772 588 τῷ
2821 515 2946 578 τοὺς
2990 513 3332 584 κατηγόρους
3373 510 3574 581 λέγειν,
3606 513 3714 564 ἀπ-

468 621 616 691 quod
672 622 766 691 qui
815 621 1230 684 accusabantur,
1283 626 1340 672 et
1387 616 1664 686 iudicandi
1729 625 1902 679 erant,
1939 615 2038 668 tri-

460 714 628 769 bunal
675 713 988 767 invenirent
1036 724 1287 780 puruma
1341 707 1588 762 convicio
1617 706 1890 769 solitario,
1939 719 2042 760 nec

463 804 661 873 lingua:
727 800 1116 856 detractionem
1185 796 1496 851 admittens.
1550 795 1660 850 Iste
1685 805 1868 849 autem
1917 809 2044 848 cum

469 908 581 946 non
637 898 821 961 egeret
857 888 1354 951 criminationibus,
1394 893 1490 940 aut
1523 900 1616 940 cas
1641 885 1959 954 desperaret
1979 899 2044 939 se

461 982 699 1052 reperire
726 981 993 1050 potuisse,
1023 981 1282 1049 seipsum,
1313 980 1432 1033 loco
1483 977 1680 1048 lingua:
1703 985 1759 1032 et
1787 990 2046 1030 manuum

460 1073 704 1128 exhibuit
751 1081 941 1127 contra
995 1088 1110 1137 eos,
1144 1087 1176 1126 a
1231 1071 1429 1140 quibus
1477 1069 1727 1125 maximis
1771 1066 2048 1123 beneﬁciis

459 1165 690 1220 all'ectus
732 1163 931 1219 fuerat.
975 1165 1128 1230 Quod
1191 1164 1294 1218 nisi
1328 1178 1416 1218 me
1456 1161 1797 1232 praeveniens
1831 1159 2048 1214 divinus

461 1255 683 1322 Paulus,
741 1267 1034 1312 venturum
1064 1257 1118 1312 in
1168 1267 1221 1312 te
1255 1256 1582 1326 supplicium
1613 1268 1708 1322 per
1731 1267 1876 1317 eum,
1953 1251 2046 1321 qui

460 1349 704 1404 moribus
762 1350 857 1405 tibi
892 1351 1083 1405 similis
1115 1359 1233 1405 erat
1283 1348 1585 1403 clarissime
1621 1346 2032 1416 praesignasset,

2147 614 2400 683 έφραττε·
2429 610 2642 672 δεικνὺς
2677 611 2734 663 ὲν
2757 608 2834 678 τῷ
2865 606 3152 678 συμϐόλῳ,
3180 605 3256 669 ὡς
3285 604 3524 676 καθαρὸν
3559 620 3718 672 μονο-

2149 702 2352 775 μεροῦς
2389 702 2687 772 λοιδορίας,
2719 701 2810 754 καὶ
2848 699 3079 769 διαϐόλῳ
3115 697 3335 768 γλώσσῃ
3368 695 3716 760 ἀνεπίϐατον,

2149 797 2442 868 εὑρήσουσι
2476 795 2526 847 οί
2553 791 3023 863 κατηγορηθέντες
3042 830 3058 855 ,
3099 789 3160 842 τὺ
3189 789 3491 860 κριτήριον.
3535 786 3595 839 '0
3624 785 3718 853 δὲ,

2155 886 2290 958 μηδὲ
2316 884 2578 941 διαϐολῶν
2617 882 2864 952 δεηθεὶς,
2891 883 2926 954 ἢ
2973 881 3106 953 μηδὲ
3146 881 3325 951 εὑρεῖν
3360 877 3607 941 ὲλπίσας,
3637 872 3719 929 οἷ-

2148 996 2269 1050 μαι,
2301 979 2494 1042 αὐτὸς,
2529 976 2672 1030 κατά
2695 977 2805 1027 τῶν
2839 973 2912 1027 τὰ
2953 975 3185 1045 μέγιστα
3217 970 3717 1042 εὐεργετησάντων,

2144 1071 2240 1122 καὶ
2272 1069 2515 1138 γλῶσσαι
2550 1069 2646 1122 καὶ
2677 1069 2891 1137 χεῖρες,
2926 1066 3155 1134 ἐγίνετο.
3217 1064 3358 1118 Ἀλλ’
3387 1065 3435 1116 εἰ
3475 1062 3550 1133 μὴ
3582 1077 3720 1131 προ-

2144 1161 2323 1215 λαϐὼν
2347 1162 2498 1232 ἡμᾶς
2526 1163 2556 1214 ὁ
2587 1146 3138 1224 θεσπέσιοςΠαῦλος,
3167 1157 3268 1227 τὴν
3302 1153 3603 1226 μέλλουσάν
3635 1169 3717 1206 σοι

2143 1242 2434 1322 τιμωρίαν,
2468 1252 2556 1307 διὰ
2587 1251 2679 1305 τοῦ
2712 1250 3018 1322 ὁμοτρόπου
3044 1290 3058 1313 ,
3091 1249 3304 1322 τρανῶς
3333 1246 3679 1317 προεμήνυσε
3700 1285 3716 1308 ,

2141 1343 2358 1407 πάντως
2389 1343 2455 1397 ἂν
2487 1345 2649 1415 ἡμεῖς
2681 1361 2764 1396 σοι
2792 1343 3020 1414 ταύτην,
3052 1342 3139 1397 διὰ
3166 1341 3275 1395 τῶν
3305 1338 3489 1395 αὐτῶν
3539 1337 3720 1410 ῥημά-

464 1439 690 1496 omnino
750 1442 893 1498 idem
924 1451 980 1497 et
1029 1441 1127 1496 tibi
1174 1442 1368 1496 iisdem
1394 1438 1526 1510 ipsis
1589 1435 1772 1492 verbis
1822 1435 2038 1490 denun-

2144 1451 2268 1501 των,
2292 1435 2800 1508 διεμαρτυράμεθα.

462 1531 705 1588 tiassem.

1019 1641 1240 1696 EPIST.
1292 1641 1354 1695 L.

823 1736 1042 1792 Tarasio
1078 1736 1301 1805 patricio
1357 1735 1537 1803 fratri.

2748 1637 2972 1690 ΕΠΙΣΤ.
3029 1635 3113 1689 N'.

2492 1731 2759 1799 Ταρασίῳ
2795 1730 3080 1799 πατρικιῳ
3103 1727 3366 1800 ἀδελφῷ.

1701 1849 1968 1901 Montacut.
2003 1848 2106 1914 (ep.
2141 1847 2252 1908 160,
2284 1861 2335 1910 p.
2369 1846 2482 1912 214)

531 1959 587 2015 Si
622 1961 771 2015 illum
829 1970 1083 2030 expertus
1130 1973 1507 2030 cognosceres,
1548 1972 1646 2028 pro
1708 1972 1815 2026 quo
1853 1955 2031 2011 scribo

2207 1953 2273 2006 El
2316 1953 2411 2007 τοῦ
2456 1951 2648 2024 ἀνδρὸς
2689 1955 2886 2023 πεῖραν
2913 1951 3142 2024 λάϐοις,
3194 1949 3324 2021 περὶ
3370 1943 3431 2003 οἶδ
3478 1949 3712 2020 γράφω.

462 2069 570 2109 non
600 2067 687 2107 me
749 2053 1163 2107 intercessorem
1227 2067 1326 2120 pro
1364 2051 1459 2105 illo
1508 2050 1758 2113 haberes,
1811 2047 1906 2102 sed
1952 2047 2040 2101 illo

2144 2044 2325 2098 οὐκέτι
2375 2044 2716 2115 πρεσϐευτὴν
2765 2042 2906 2114 ὑπὲρ
2953 2044 3163 2118 ἐκείνου
3216 2043 3317 2112 ἐμὲ
3374 2041 3550 2107 ἓξεις’
3597 2042 3714 2111 ἀλλι

463 2157 675 2200 uterere
704 2159 802 2214 pro
823 2143 1009 2198 multis
1040 2144 1158 2198 aliis
1193 2143 1455 2197 advocato
1486 2161 1499 2196 :
1531 2153 1668 2196 adeo
1696 2140 1910 2196 confido
1939 2149 2043 2194 tuae

459 2235 705 2290 facilitati
750 2244 804 2290 et
849 2235 1078 2291 bonitati
1113 2275 1127 2299 ,
1159 2235 1234 2290 ita
1284 2234 1404 2304 ejus
1462 2233 1651 2289 virtuti
1711 2241 1767 2288 et
1806 2230 2048 2286 dexteri-

459 2325 577 2382 tati.

1058 2434 1273 2504 EPIST,
1317 2435 1402 2491 [ιι.

882 2529 1219 2583 Pantoleonti
1266 2527 1591 2598 aspathario.

2141 2138 2348 2190 ἐκεῖνον
2378 2136 2519 2206 ὑπὲρ
2563 2135 2740 2188 ἄλλων
2771 2134 3003 2188 πολλῶν.
3041 2133 3197 2188 Οὕτω
3240 2135 3334 2188 καὶ
3360 2137 3425 2205 τῇ
3452 2137 3518 2204 σῇ
3549 2135 3712 2204 εὐμε-

2143 2226 2294 2297 νείᾳ,
2326 2228 2419 2279 καὶ
2452 2224 2803 2296 χρηστότητι,
2833 2224 2929 2277 καὶ
2956 2225 3024 2293 τῇ
3057 2221 3266 2276 ἐκείνου
3301 2223 3469 2294 ἀρετῇ
3501 2224 3594 2275 καὶ
3624 2221 3713 2274 δε-

2145 2317 2349 2390 ξιότητι
2367 2359 2383 2384 ,
2418 2317 2692 2380 πεποιθώς
2723 2319 2862 2388 εἰμι.

2733 2429 2957 2484 ΕΠΙΣΤ.
3002 2429 3134 2483 NA'.

2515 2521 2911 2578 Πανταλέοντι
2950 2520 3320 2590 ἀσπαθαρίῳ.

1705 2641 1972 2692 Montacnt.
2007 2640 2108 2703 (ep.
2145 2639 2254 2700 168,
2287 2653 2337 2702 p.
2369 2639 2505 2702 243).

533 2751 847 2823 Egyptiaca
900 2751 1094 2805 mulier
1125 2749 1250 2814 fuit,
1289 2764 1410 2820 quae
1438 2748 1506 2802 ab
1537 2745 1913 2803 eﬂlorescente
1951 2743 2044 2799 Jo-

462 2845 616 2914 sephi
669 2844 1069 2912 pulchritudine
1099 2844 1313 2897 ﬂamma
1339 2849 1600 2910 concepta
1624 2838 2043 2894 incendebatur.

464 2935 572 2990 Sed
601 2945 719 2989 erat
758 2936 846 2989 ille
905 2935 1031 2988 licet
1057 2950 1213 3004 puer,
1274 2934 1540 2997 Israelita,
1592 2931 1681 3001 qui
1713 2927 2045 2985 lascivientis

463 3025 668 3080 amoris
698 3039 888 3080 omnes
933 3025 1111 3078 aditus
1163 3034 1218 3078 et
1248 3038 1506 3078 accessus
1556 3020 1878 3078 declinabat.
1932 3016 2046 3074 Nec

462 3116 797 3188 cupidinem,
831 3116 1028 3186 iaculis
1061 3115 1172 3170 suis
1219 3124 1452 3179 tantum,
1501 3113 1691 3168 faculis
1736 3120 1791 3166 et
1833 3111 1990 3182 .igne
2027 3151 2042 3175 ,

2210 2747 2506 2816 Αίγύπτιον
2537 2743 2606 2818 ἦν
2657 2748 2717 2801 τὸ
2765 2747 3208 2820 ἀναφλεγόμενον
3237 2748 3463 2818 γύναιον
3509 2751 3588 2811 είς
3617 2751 3718 2818 τὴν

2140 2838 2407 2894 ἀνθοῦσαν
2446 2839 2596 2909 ὥραν
2627 2839 2721 2892 τοῦ
2783 2841 3005 2911 Ἰωσήφ.
3070 2840 3208 2895 Ἀλλ’
3268 2839 3607 2912 Ἶσραηλῐτης
3645 2835 3716 2911 ἦν

2140 2935 2366 2997 ἐκεῖνος,
2390 2934 2438 2984 εἰ
2466 2931 2561 2984 καὶ
2603 2935 2732 2995 παῖς
2749 2971 2766 2996 ,
2791 2934 2820 2985 ὁ
2847 2933 3029 2996 πάσας
3058 2932 3152 2986 τοῦ
3185 2933 3488 2988 ἀκολάστου
3515 2933 3718 3003 ἔρωτος

2139 3021 2508 3092 πρεψάμενος
2533 3020 2632 3084 τὰς
2673 3021 3001 3092 προσϐολάς.
3035 3024 3146 3077 Καὶ
3183 3025 3244 3078 οὐ
3286 3025 3447 3096 μόνον
3473 3025 3582 3078 τῶν
3624 3025 3717 3095 βε-

2136 3113 2266 3176 λῶν,
2297 3108 2379 3176 οἷς
2405 3113 2567 3166 αὐτὸν
2596 3111 2910 3176 ὁπλίζουσιν
2942 3115 2991 3167 οί
3026 3114 3185 3185 μῦθοι
3215 3157 3230 3182 ,
3257 3115 3589 3186 γυμνώσας,
3622 3121 3718 3173 καὶ

463 3223 529 3263 ac
574 3207 697 3262 aliis
756 3207 954 3277 quibus
984 3207 1133 3260 illum
1177 3205 1369 3260 fabulae
1420 3213 1720 3268 exornant,
1753 3202 2032 3274 spoliavit:

2144 3205 2245 3256 τῶν
2275 3204 2509 3273 πτερῶν,
2541 3206 2636 3258 καὶ
2667 3201 2760 3257 τοῦ
2801 3203 3008 3275 πυρὸς,
3051 3205 3186 3259 ἀλλά
3229 3206 3350 3276 μηδ’
3382 3205 3449 3260 ἂν
3479 3207 3717 3278 ὑπάρξαι

463 3301 560 3356 sed
598 3299 940 3354 manifestius
981 3299 1272 3353 declaravit
1322 3297 1520 3352 nullam
1547 3297 1771 3352 omnino
1813 3295 1904 3350 illa
1943 3309 2041 3349 ex-

461 3390 763 3446 sistentiam
805 3389 1083 3459 possidere
1129 3389 1217 3442 :si
1273 3404 1382 3442 non
1434 3388 1501 3442 ab
1547 3387 1830 3441 affectibus
1886 3385 2042 3440 malis

461 3481 685 3536 inescati
735 3480 988 3534 homines
1038 3480 1502 3550 amplecterentur
1557 3487 1612 3532 et
1641 3477 1906 3532 foverent.
1929 3475 2041 3532 Ve-

460 3587 586 3626 reor
619 3580 801 3627 autem
854 3586 923 3625 ne
969 3580 1042 3638 te,
1078 3571 1172 3640 qui
1219 3585 1279 3625 es
1314 3569 1555 3624 Israelita
1585 3569 1884 3624 secundum
1916 3584 2041 3638 gra-

461 3661 612 3727 tiam,
648 3672 704 3717 et
735 3663 802 3717 ad
827 3661 953 3716 vitae
999 3670 1106 3716 tuae
1124 3661 1417 3716 terminum
1448 3668 1785 3730 provectum,
1811 3659 2043 3714 barbara

459 3752 747 3822 cupiditas,
793 3761 983 3807 etnon
1016 3752 1104 3807 illa
1142 3753 1366 3819 amoris,
1394 3752 1649 3806 acerbum
1689 3766 1819 3806 vero
1847 3761 1903 3805 et
1922 3759 2040 3805 tur-

461 3846 744 3899 bulentum
797 3855 1094 3900 amatorem
1127 3846 1436 3916 possidens,
1471 3844 1778 3900 clanculum
1808 3853 1864 3898 et
1905 3857 2044 3913 pau-

461 3936 612 3990 latim
651 3935 707 3990 in
751 3944 1048 3991 extremam
1088 3947 1311 4006 proruat
1363 3935 1683 4007 perniciem,
1731 3943 1787 3989 et
1843 3932 2040 3988 exinde

460 4040 532 4080 ne
558 4034 745 4080 contra
799 4041 960 4096 quam
994 4024 1241 4095 Josephi,
1273 4026 1397 4082 vitae
1430 4035 1538 4081 tua}
1603 4026 1782 4081 exitus
1813 4039 2040 4080 enarre-

461 4122 568 4168 tur.
603 4111 778 4167 Senex
837 4121 981 4168 amat
1011 4115 1351 4169 meretricem
1381 4115 1666 4168 barbaram
1689 4155 1704 4179 ,
1750 4113 1838 4167 illa
1889 4113 2038 4168 deci-

460 4205 609 4275 pitur
648 4215 740 4260 aut
781 4206 1072 4272 excutitur,
1121 4207 1216 4261 sed
1259 4207 1349 4260 ille
1404 4221 1646 4260 amorem
1684 4221 1844 4261 suum
1866 4205 1922 4260 in
1972 4220 2038 4260 eo

461 4295 760 4351 consistere
809 4295 956 4362 fecit,
1003 4311 1176 4367 usque
1205 4298 1335 4352 dum
1385 4298 1476 4352 illa
1530 4297 1755 4352 effetum
1819 4306 2037 4352 amato-

2147 3291 2426 3359 διελέγξας
2455 3293 2592 3357 ὅλως
2621 3332 2637 3359 ,
2695 3296 2745 3347 εί
2806 3295 2882 3365 μὴ
2933 3298 3177 3366 συνεῖχον
3222 3297 3384 3350 αὐτὸν
3423 3299 3518 3351 καὶ
3561 3315 3719 3369 περι-

2147 3383 2378 3437 έθαλπον
2404 3386 2459 3438 αἱ
2486 3385 2594 3439 τῶν
2621 3388 2734 3451 τοῖς
2764 3389 3010 3460 αἰσχροῖς
3051 3389 3323 3460 ἡδομένων
3352 3392 3541 3461 ὁρμαί.
3566 3392 3634 3445 Σὲ
3665 3392 3721 3446 δὲ

2149 3478 2326 3529 καίτοι
2354 3478 2452 3548 τῆς
2501 3477 2723 3548 χάριτος
2749 3479 3090 3552 Ἰσραηλίτην
3112 3481 3242 3534 ὅντα
3265 3521 3280 3547 ,
3308 3481 3405 3534 καὶ
3433 3481 3571 3553 πρὸς
3601 3483 3718 3553 βίου

2149 3567 2446 3638 βαθύνοντα
2479 3571 2672 3643 πέρας,
2697 3571 2908 3625 δέδοικα
2934 3572 3062 3643 μὴὴ
3095 3573 3367 3644 βάρϐαρος
3399 3575 3682 3640 πλεονεξία
3701 3615 3716 3640 ,

2148 3657 2247 3710 οὐκ
2279 3658 2461 3729 ἐρῶσα
2485 3700 2501 3726 ,
2533 3659 2730 3730 πικρὸν
2759 3659 2816 3712 δὲ
2845 3660 2938 3713 καὶ
2981 3661 3210 3731 δχληρὸν
3236 3661 3471 3733 ἐραστὴν
3515 3679 3719 3733 κτησα-

2152 3749 2286 3818 μένη
2307 3791 2323 3815 ,
2357 3748 2494 3821 λάθῃ
2524 3749 2665 3803 κατὰ
2698 3750 2892 3820 μικρὸν
2923 3751 3002 3813 εἰς
3035 3749 3261 3820 ἔσχατον
3291 3751 3563 3816 ἀπωλείας
3593 3769 3720 3804 συν-

2149 3838 2484 3907 εφέλκουσα,
2534 3837 2628 3891 καὶ⁹
2675 3838 2973 3908 καταλείψῃ
3030 3839 3122 3891 τοῦ
3174 3839 3454 3910 σώφρονος
3522 3841 3718 3913 Ἰωσὴφ

2143 3921 2498 3999 ἀντίστροφον
2529 3928 2607 3999 τῷ
2637 3928 2737 4000 βίῳ
2762 3929 3029 4000 διήγημα.
3056 3931 3238 4002 Γέρων
3267 3932 3406 4002 ἤρας
3442 3931 3718 4004 βαρϐάρου
3817 3981 3830 3991 ,

2148 4020 2435 4090 μαχλάδος·
2463 4021 2497 4090 ἡ
2518 4019 2574 4072 δὲ
2600 4019 2926 4089 διεκρούετο·
2962 4022 3074 4075 ἀλλ’
3107 4025 3316 4087 ἐκεῖνος
3352 4025 3544 4096 μέχρις
3578 4028 3720 4079 ὲκεί-

2144 4128 2236 4164 νου
2264 4111 2355 4166 τὸν
2385 4110 2562 4181 ἔρωτα
2591 4112 2786 4184 ἔστησε
2819 4115 3015 4185 μέχρις
3045 4114 3227 4186 ἐκείνη
3260 4116 3351 4169 τὸν
3373 4116 3572 4188 ἔξωρον
3597 4121 3719 4188 ἐρα-

2148 4206 2279 4273 στὴν
2312 4205 2420 4274 ιτοῦ
2471 4206 2634 4278 κόρου
2687 4209 2782 4261 καὶ
2857 4208 2960 4278 τῆς
3007 4207 3285 4280 ὀχλήσεως
3338 4210 3715 4281 μυσαχθεῖσα,

2145 4295 2300 4366 βάθει
2328 4296 2422 4350 τοῦ
2453 4297 2678 4369 ὀλέθρου
2705 4299 2968 4372 βαράθρῳ
2994 4301 3299 4373 κατέρῤαξε
3329 4302 3714 4374 συνωθήσασα.

463 4405 600 4456 rem,
647 4392 896 4448 satietate
929 4393 1018 4464 get
1053 4393 1466 4462 importunitate
1518 4394 1781 4461 aversior,
1829 4391 2098 4465 profundo
2149 4391 2468 4462 perditionis
2530 4394 2810 4464 barathro,
2836 4411 2943 4451 una
2977 4412 3100 4452 cum
3161 4398 3280 4456 ipso
3347 4399 3717 4469 prmeipitata,

459 4480 642 4538 allisit.

987 4595 1211 4652 EPIST.
1241 4595 1355 4652 ιιι.

807 4689 1156 4747 Constantino
1208 4690 1446 4746 notario.

2057 4577 2112 4635 D

2737 4599 2959 4654 ΕΠΙΣΤ.
2997 4599 3120 4654 ΝΒ’.

2560 4693 2992 4760 Κωνσταντίνφ
3013 4693 3297 4761 νωαρίῳ.

1693 4807 1962 4858 Montacut.
1994 4809 2098 4873 (eo.
2135 4810 2241 4869 172,
2275 4822 2325 4871 p.
2349 4807 2484 4869 2M).

565 4908 776 4965 Momus
821 4919 968 4966 certe
998 4911 1146 4982 (nam
1199 4921 1260 4965 ut
1301 4909 1484 4974 video,
1539 4911 1684 4982 quod
1741 4913 2031 4968 dolendum

459 5013 567 5067 est,
595 5003 791 5060 frustra
817 5005 869 5059 in
914 5007 1167 5076 praesenti
1221 5009 1289 5063 de
1333 5006 1542 5062 Divinis
1595 5006 1841 5063 Oraculis
1876 5007 2037 5062 adbi-

460 5097 663 5152 bentur
708 5098 1131 5171 admonitiones)
1161 5100 1433 5169 duplicem
1457 5115 1685 5168 eamque
1719 5099 2034 5168 discrepan-

2205 4915 2270 4970 Ὀ
2319 4914 2527 4988 Μῶμος
2565 4916 2852 4988 (περιττὸν
2893 4915 3002 4987 γὰρ
3043 4915 3138 4970 νῦν
3181 4916 3294 4988 δρῶ
3327 4917 3426 4980 τάς
3465 4917 3554 4972 διὰ
3601 4920 3714 4973 τῶν

2132 5007 2302 5061 Θείων
2328 5008 2558 5076 Λογίων,
2586 5010 2750 5079 οἴμοι,
2784 5011 3172 5081 παραινέσεις)
3201 5010 3394 5080 διπλῆν
3436 5028 3554 5074 πως
3579 5011 3699 5082 ἔχει

2134 5102 2227 5154 καὶ
2264 5100 2649 5171 ἀντικειμένην
2681 5100 2780 5170 τὴν
2811 5101 2996 5168 φύσιν.
3050 5103 3146 5153 Ἂν
3179 5101 3279 5170 μὲν
3312 5104 3421 5174 γὰρ
3459 5104 3488 5156 ὁ
3527 5103 3714 5174 φέρων
3774 5169 3776 5171 γ

462 5199 568 5243 tem
599 5189 825 5243 sortitur
879 5200 1148 5245 naturam.
1193 5190 1328 5245 Nam
1358 5192 1401 5246 si
1447 5192 1491 5246 is
1551 5191 1640 5261 qui
1702 5190 2035 5244 calumniam

2144 5193 2318 5260 αὐτὸν,
2349 5192 2604 5263 ἀληθεύοι
2634 5192 2756 5246 καθ’
2788 5186 2849 5246 οὗ
2882 5193 3119 5263 τίθησιν,
3151 5193 3367 5263 ἐλέγχει
3416 5194 3511 5247 καὶ
3550 5194 3714 5249 λυπεῖ

458 5278 724 5352 impingit.
762 5298 882 5336 cum
932 5284 1159 5338 veritate
1207 5285 1548 5354 conjunctam
1575 5283 1758 5347 infert,
1783 5284 2039 5338 adversa-

458 5373 599 5427 rium
648 5387 806 5427 suum
831 5374 1137 5428 convictum
1199 5389 1432 5430 mcerorc
1468 5373 1650 5428 allicit.
1689 5371 1785 5430 Sin
1813 5372 2033 5426 menda—

2136 5284 2225 5337 τὸν
2252 5285 2523 5336 ὑπαίτιον·
2562 5284 2628 5337 ἂν
2658 5283 2712 5336 δὲ
2740 5283 3065 5354 ψευδόμενος
3103 5285 3264 5338 αὐτὸν
3289 5285 3430 5339 κατά
3454 5284 3545 5339 τὸν
3571 5286 3712 5357 πλη-

2131 5376 2246 5428 σίον
2283 5366 2626 5439 ἀποτίθοιτο,
2663 5375 2871 5428 ἐκείνου
2911 5374 3010 5444 μὲν
3040 5375 3330 5445 ἀποπηδᾷ,
3378 5375 3712 5447 ἐπικάθηται

463 5465 601 5520 citer
651 5465 889 5520 vicinum
932 5465 1181 5536 impetit,
1215 5467 1283 5520 ab
1314 5466 1404 5520 illo
1423 5475 1732 5537 Oppugnalo
1763 5465 2032 5520 calumnia

2144 5467 2184 5519 Ξὲ
2214 5466 2292 5535 τῷ
2320 5467 2630 5537 κομίσαντι,
2658 5466 2745 5520 ἐπ’
2768 5466 2929 5518 αὑτὸν
2959 5466 3177 5522 ἅπαντα
3201 5466 3469 5538 στρέφων,
3501 5468 3714 5539 ὅσαπερ

457 5556 671 5620 resiliit,
703 5567 758 5612 et
804 5559 861 5614 in
897 5558 990 5613 illo
1026 5558 1306 5621 consedet,
1341 5559 1434 5629 qui
1483 5559 1811 5629 imputavit;
1848 5560 1904 5612 in
1954 5558 2034 5627 ip-

463 5658 701 5703 summet
731 5665 795 5704 ea
848 5649 1030 5705 omnia
1092 5651 1363 5704 convertit
1401 5665 1524 5720 qua:
1574 5650 1824 5720 nequiter
1873 5649 1927 5702 in
1970 5649 2035 5701 il-

461 5740 570 5794 lum
614 5748 1004 5806 contexuerat,
1033 5740 1125 5809 qui
1172 5741 1578 5810 reprehensioni
1602 5742 1760 5811 iustae
1789 5757 1898 5795 non
1940 5741 2040 5794 de-

458 5831 532 5884 dit
594 5831 822 5886 aditum.
862 5831 943 5885 'l'u
991 5841 1171 5900 Igitur,
1207 5832 1294 5900 qui
1328 5833 1626 5888 calumnias
1667 5833 1739 5888 illi
1771 5835 2034 5899 incessus,

2132 5561 2293 5624 αὐτὸς
2321 5561 2463 5615 κατὰ
2493 5560 2587 5614 τοῦ
2623 5560 2697 5631 μὴ
2727 5560 3019 5624 δεδωκότος
3045 5564 3109 5632 τῇ
3147 5562 3296 5631 αἰτίᾳ
3324 5561 3423 5632 τὴν
3451 5560 3710 5632 πάροδον,

2131 5650 2555 5722 ὲπονηρεύσατο.
2595 5652 2738 5723 Ὅρα
2762 5648 2855 5706 οὖν
2883 5654 2977 5706 καὶ
3007 5653 3070 5705 σὺ
3099 5655 3179 5717 είς
3209 5653 3402 5723 ἀνδρὸς
3428 5651 3715 5722 ἀμϐαίνων

2137 5739 2380 5809 μώμους,
2415 5739 2473 5792 ὃν
2512 5741 2560 5793 οἱ
2587 5741 2688 5811 τῆς
2709 5741 2992 5802 εὐσεϐείας
3016 5744 3332 5810 ἀγωνισταὶ.
3362 5744 3587 5812 γνήσιον
3611 5744 3712 5809 τῆς

2137 5833 2333 5904 ἀρετῆς
2360 5833 2597 5904 ἐραστὴν
2617 5835 2836 5905 ὁρῶσιν,
2867 5835 2920 5889 τί
2949 5835 3164 5908 μέλλεις
3187 5837 3460 5906 πράττειν·
3487 5835 3716 5889 ἐπειδὰν
