4024 6432
229 377 318 443 961
1344 366 1879 430 EPISTOLARUM
1917 367 2149 427 LIBER
2193 368 2310 429 III.
3371 377 3476 440 962

225 498 251 549 ὁ
277 509 372 548 κατ
435 488 568 544 αὐτό
603 505 666 557 γε
711 487 866 542 τοῦτο
895 487 1233 549 δικαιότατος
1262 486 1498 556 Μῶμος,
1528 485 1628 538 οὐκ
1659 483 1791 554 ἔχων

1898 498 2083 552 quem,
2113 485 2204 553 qui
2251 500 2352 554 pro
2379 485 2578 555 pietate
2609 495 2884 543 certamen
2923 489 3131 553 ineunt,
3154 505 3474 560 germanum

226 589 361 648 ὅπως
388 582 784 653 ἐναπερείδοιτο
815 581 894 651 τῷ
926 580 1106 651 μάτην
1133 579 1434 632 αἰτιαθέντι
1472 577 1556 648 (οὐ
1587 576 1696 647 γὰρ
1723 578 1780 630 αἱ

1895 573 2103 628 virtutis
2131 589 2372 629 amorem
2397 586 2700 647 agnoscunt
2724 619 2738 643 ,
2782 578 2910 632 vide
2939 587 2996 632 et
3039 579 3321 633 considera
3361 581 3436 634 sis
3458 619 3478 643 ,

228 676 366 730 σκιαὶ
407 675 512 727 τῶν
542 673 890 742 κατηγοριῶν
935 671 1050 726 ἀλλ’
1099 672 1155 726 αἱ
1203 669 1429 740 πράξεις
1480 669 1679 739 ἵδρυμα
1704 667 1783 738 τῷ

1895 664 2010 734 ιιιὶᾶ
2101 673 2356 722 attentas.
2415 666 2550 722 Cum
2634 668 2778 722 enim
2858 669 3068 724 Momus
3140 671 3475 740 justissimus

225 763 440 835 Μὼμίῳ)
471 764 550 824 εἷς
577 762 669 814 τὸν
709 762 908 825 ἀδίκως
948 759 1354 830 αἰτιασάμενον,
1406 757 1545 829 μετὰ
1585 757 1784 828 πολλῆς

1901 773 1935 810 n
1983 759 2088 813 hoc
2114 759 2337 825 arbiter,
2391 777 2500 814 non
2538 761 2808 816 invenerit
2877 763 2932 817 in
2965 779 3051 828 eo,
3103 763 3194 833 qui
3267 764 3476 818 frustra

223 859 313 926 τῆς
344 856 720 925 πεποιθήσεως
755 857 847 907 καὶ
879 853 1060 922 ἰσχύος
1087 850 1505 922 ὲπαναστρέψας
1524 892 1541 918 ,
1577 847 1782 904 ἀθάνα-

1895 861 2178 906 accusatur
2236 853 2328 908 ubi
2373 854 2614 910 resideat
2649 867 2844 926 (neque
2883 857 3026 910 enim
3079 858 3478 912 calumniarum

222 967 305 1001 τον
333 948 476 1019 αὑτῷ
496 946 846 1016 διαφυλάττοι
877 945 936 998 τὸ
957 945 1166 997 δίκαιον
1194 943 1418 1006 δνειδος.

1895 944 2111 1007 umbrae,
2151 944 2246 999 sed
2277 944 2497 1001 realiter
2529 947 2748 1001 actitata
2784 947 2943 1002 Momi
2997 948 3154 1002 sedes
3217 947 3365 1017 sunt)
3423 947 3480 1000 in

222 1060 336 1101 eum
392 1043 482 1113 qui
527 1044 727 1110 mjuste
755 1041 1032 1096 hominem
1087 1039 1362 1094 accusavit
1392 1054 1583 1110 magna
1629 1052 1756 1092 cum
1795 1040 2120 1094 confidentia
2174 1048 2231 1094 et
2280 1042 2534 1098 violentia
2578 1044 2850 1098 resultans
2921 1044 3220 1097 immortale
3261 1044 3307 1096 ei
3378 1042 3477 1095 dc-

223 1138 376 1192 decus
395 1135 600 1205 justum
636 1143 947 1204 comparat,
973 1146 1075 1186 nec
1106 1130 1330 1199 injuria.

798 1268 1021 1324 ΕΠΙΣΤ.
1062 1269 1188 1322 NI".

686 1381 924 1451 Ἰωάννῃ
962 1382 1275 1449 πατρικίῳ.

2485 1267 2710 1324 EPIST.
2741 1269 2852 1324 Llll

2435 1382 2634 1440 Joanni
2664 1387 2904 1456 patricio.

1446 1505 1712 1555 Montacut.
1741 1502 1844 1565 (ep.
1881 1503 1989 1565 185,
2022 1520 2072 1569 p.
2099 1507 2232 1562 275).

284 1610 371 1682 Τῷ
399 1611 500 1680 μὲν
531 1610 694 1681 φίλῳ,
730 1611 879 1681 ὑπὲρ
914 1607 974 1665 οὗ
1004 1612 1306 1682 πρεσϐεύω,
1338 1612 1412 1675 ώς
1438 1613 1534 1666 καὶ
1563 1616 1792 1684 πρόσθεν

225 1705 379 1772 ἔγνως
405 1745 420 1766 ,
454 1706 582 1774 περὶ
606 1703 784 1774 ψυχήν
809 1705 957 1756 ἐστιν
996 1707 1024 1758 ὁ
1065 1706 1236 1773 ἀγῶν’
1276 1707 1343 1759 σὺ
1367 1706 1447 1772 δὲ,
1475 1706 1550 1770 ώς
1587 1708 1791 1759 ἐκεῖνον

222 1796 339 1866 ὁρᾷν
382 1794 500 1846 ἔστι
520 1835 535 1858 ,
566 1795 667 1848 κᾶν
698 1795 878 1863 λέγει,
910 1797 1142 1850 Λεσϐίαν
1175 1798 1321 1868 αὐτῷ
1359 1798 1539 1862 δεξιὰν
1569 1799 1784 1868 προτεί-

223 1904 341 1950 νεις.
370 1887 469 1938 Ἂν
501 1885 603 1956 μὲν
644 1881 736 1940 οὖν
759 1887 920 1950 αὐτὸς
958 1889 1216 1941 οὐδέποτε
1258 1890 1421 1943 πάθει
1457 1890 1783 1960 περιέπεσας

1967 1615 2192 1670 Amicus
2232 1617 2341 1681 ine,
2375 1618 2531 1688 cujus
2574 1632 2674 1689 ago
2705 1631 2949 1682 causam,
2987 1614 3133 1685 quod
3153 1614 3477 1686 jamdudum

1899 1713 2044 1760 recte
2080 1705 2336 1778 intelligis
2363 1708 2431 1763 de
2454 1709 2565 1762 vita
2626 1722 2724 1762 sua
2753 1707 3088 1778 periclitatur
3121 1725 3135 1760 :
3184 1705 3268 1760 Tu
3289 1721 3479 1775 porro,

1890 1797 2034 1865 quod
2069 1797 2123 1851 in
2176 1797 2268 1852 illo
2307 1798 2431 1852 licet
2457 1797 2681 1863 intueri,
2726 1797 2997 1860 Lesbiam,
3037 1805 3316 1864 utcunque
3338 1795 3475 1850 nihil

2679 1888 2724 1943 si
2757 1889 2873 1958 ipse
2904 1887 3041 1942 nihil
3075 1885 3181 1941 tale
3227 1886 3476 1955 aliquan-

1883 1889 2048 1953 dicat,
2075 1905 2294 1943 manum
2331 1890 2563 1961 porrigis
2613 1908 2627 1943 :

1882 1983 1952 2037 do
2001 1993 2298 2049 perpessus
2339 1997 2418 2044 es,
2449 1995 2703 2049 magnum
2747 1989 2832 2033 est
2861 1978 3005 2048 quod
3035 1976 3172 2030 dicis
3202 1994 3218 2041 ;
3257 1975 3350 2029 sed
3379 1984 3462 2027 ta-

1882 2092 2006 2130 men
2064 2076 2117 2128 in
2157 2090 2223 2130 eo
2261 2074 2404 2145 quod
2434 2087 2725 2143 perpessus
2781 2071 2920 2124 nihil
2974 2069 3080 2124 tale
3110 2068 3300 2131 fueris,
3323 2066 3477 2121 debi-

1882 2183 1972 2242 tor
2007 2164 2401 2220 misericordize
2439 2163 2699 2218 faciendae
2760 2162 2932 2217 multo
2988 2161 3158 2232 magis
3187 2158 3467 2229 obligaris:

1881 2259 2198 2312 naturaliter
2253 2256 2662 2311 formidolosum
2709 2263 2793 2309 est
2834 2252 3014 2307 futura
3074 2251 3213 2305 mala
3277 2247 3476 2319 prmvi-

1882 2351 2030 2417 dere,
2067 2349 2350 2419 imprimis,
2408 2349 2451 2403 si
2485 2363 2606 2417 quae
2633 2345 2945 2400 hominibus
2971 2345 3193 2399 adversa
3254 2340 3474 2396 contin-

1881 2458 2006 2513 gere
2037 2443 2233 2505 solent,
2266 2457 2432 2510 seque
2478 2441 2546 2495 ad
2602 2441 2748 2494 hunc
2810 2439 2952 2494 diem
2991 2437 3274 2491 observata
3313 2441 3478 2511 nota_

1880 2535 1969 2587 sti.
2016 2534 2265 2603 Non’est
2294 2532 2558 2603 legatione
2584 2529 2829 2600 fungenti
2876 2543 3173 2600 congruum
3199 2525 3485 2592 ροηειίμο,

1883 2624 1978 2677 tim
2039 2638 2302 2692 proruere
2358 2624 2413 2677 in
2442 2623 2707 2678 malorum
2759 2620 3354 2686 commemorationem,
3384 2618 3480 2673 sed

1882 2717 2125 2772 futurum
2195 2724 2408 2786 oportet
2454 2731 2777 2785 praecavere,
2818 2730 2916 2785 per
2963 2713 3221 2767 allectum
3270 2719 3325 2766 et
3358 2722 3479 2766 stu-

1883 2809 2031 2865 dium
2071 2823 2195 2879 erga
2237 2823 2351 2874 eos,
2398 2809 2488 2878 qui
2551 2816 2678 2862 sunt
2718 2809 2961 2877 ejusdem
3003 2817 3213 2862 natura:
3239 2806 3466 2876 partici-

223 1977 465 2048 τοιούτῳ,
505 1977 646 2048 μέγα
679 1978 777 2047 μὲν
805 1976 1006 2045 λέγεις·
1049 1979 1248 2049 μᾶλλον
1287 1979 1376 2046 δὲ,
1409 1979 1543 2033 διότι
1573 1980 1646 2050 μὴ
1682 1979 1782 2032 πέ-

224 2067 446 2132 πονθας,
494 2066 778 2139 χρεώστην
822 2070 1044 2122 σεαυτὸν
1071 2071 1165 2124 τοῦ
1210 2072 1500 2142 οἰκτείρειν
1547 2073 1782 2140 ἀποφαί-

224 2175 338 2219 νεις·
370 2157 605 2229 φοϐερὸν
639 2158 750 2232 γάρ
794 2161 914 2224 πώς
945 2164 1094 2216 ἐστιν
1124 2165 1183 2216 ἐν
1215 2167 1282 2236 τῇ
1319 2164 1481 2234 φύσει
1511 2166 1570 2220 ἐν
1603 2166 1782 2228 ἄλλοις

227 2248 449 2321 μάλιστα
475 2249 836 2323 προορώμενα
862 2253 932 2306 τὰ
959 2255 1201 2323 ἀλγεινὰ,
1230 2256 1404 2318 ἄλλως
1430 2274 1491 2310 τε
1523 2259 1570 2309 εἰ
1605 2259 1781 2327 κρεῖτ-

223 2360 304 2397 τον
340 2343 502 2416 μέχρι
544 2343 638 2397 νῦν
682 2345 792 2397 τῶν
829 2347 886 2397 ἐν
921 2346 1230 2418 ἀνθρώποις
1276 2349 1554 2420 ὲτηρήθης
1593 2350 1783 2419 δυσχε-

225 2436 389 2506 ρειῶνο
436 2437 496 2488 οὐ
547 2437 654 2506 γὰρ
701 2437 1026 2509 εὐπρόσοδον
1074 2440 1152 2509 τῷ
1209 2442 1518 2514 πρεσϐευτῇ
1583 2442 1778 2512 ἀθρόον

226 2527 487 2596 ἐμϐαίνειν
517 2530 595 2592 εἰς
623 2529 721 2598 τὴν
742 2531 1048 2601 ἀνάμνησιν
1071 2532 1180 2585 τῶν
1209 2533 1489 2605 λυπηρῶν,
1530 2533 1646 2587 ἀλλ’
1687 2528 1780 2586 οὖν

231 2617 508 2686 ἁσφαλίσαι
555 2620 617 2672 τὸ
667 2621 858 2690 μέλλον
901 2623 988 2674 διὰ
1043 2624 1143 2694 τῆς
1195 2627 1515 2695 συμπαθοῦς
1548 2626 1676 2696 περὶ
1720 2625 1779 2678 τὸ

227 2711 476 2778 ὁμόφυλον
508 2712 979 2787 σπουδῆςηΕἵωθε
1020 2717 1123 2785 γάρ
1173 2734 1291 2781 πως
1332 2720 1402 2771 τὰ
1433 2719 1612 2782 δεινὰ,
1654 2720 1782 2782 τοὺς

227 2802 373 2872 μέχρι
401 2801 600 2854 πολλοῦ
625 2802 984 2872 διαφυγόντας
1024 2806 1164 2860 αὐτὰ
1185 2848 1200 2872 ,
1235 2807 1436 2877 μᾶλλον
1474 2808 1581 2861 τῶν
1607 2808 1782 2861 ἄλλων

228 2893 591 2962 ὲποφθαλμιᾷν
621 2895 714 2946 καὶ
757 2894 1132 2968 σφοδρότερον,
1183 2898 1216 2968 ἢ
1259 2897 1352 2962 οὒς
1383 2900 1645 2964 πολλάκις
1683 2917 1782 2954 κα-

226 2987 518 3056 τελάϐοντο,
546 2988 782 3043 διώκειν·
813 2992 909 3044 καὶ
930 2993 1081 3046 οὐδὲν
1103 2993 1215 3064 ὁρῶ
1235 2995 1446 3049 τοιοῦτο
1491 2996 1628 3068 πρὸς
1652 2998 1782 3050 άπο-

1885 2920 2001 2974 pes.
2074 2903 2192 2960 Usu
2241 2904 2388 2958 enim
2447 2902 2516 2956 ita
2577 2911 2943 2973 comparatur,
2989 2909 3050 2956 ut
3094 2901 3320 2955 adversa
3361 2899 3481 2953 illos

1888 2993 2076 3049 invido
2135 2994 2305 3064 magis
2347 2993 2531 3047 animo
2555 2993 2892 3056 intueantur,
2953 2990 3045 3061 qui
3083 3005 3344 3060 prospera
3371 2989 3482 3042 for—

226 3083 422 3150 τροπὴν
469 3081 578 3134 τῶν
633 3083 693 3135 ὲν
736 3081 1041 3154 ἀνθρώποις
1069 3086 1463 3155 περιστάσεων,
1494 3089 1568 3152 ὡς
1602 3089 1664 3142 τὸ
1690 3093 1791 3154 τοῖς

1903 3095 2032 3140 tuna
2072 3085 2164 3140 diu
2213 3084 2293 3138 usi
2335 3094 2460 3139 sunt
2502 3103 2515 3137 :
2559 3099 2718 3152 quam
2766 3083 2907 3148 illos,
2946 3097 3084 3153 quos
3140 3081 3481 3150 frequentius

227 3174 550 3244 ἐμπεσοῦσιν
591 3175 842 3230 ἵστασθαι
875 3177 1090 3246 βοηθόν.
1127 3179 1190 3231 Ei
1212 3179 1257 3234 δ’
1280 3179 1567 3251 ἄνθρωπος
1600 3180 1675 3235 ὢν
1701 3185 1797 3237 καὶ

227 3268 411 3334 αὐτὸς,
460 3266 826 3336 ἐκοινώνησας
864 3271 975 3332 τοῖς
997 3268 1308 3340 ἀνθρώποις
1345 3281 1393 3337 ς,
1436 3275 1622 3327 ἐκεῖνα
1647 3273 1795 3343 λογί-

229 3359 336 3423 ζου,
361 3361 396 3414 ἆ
425 3377 486 3413 σε
522 3360 640 3412 τότε
683 3360 1006 3432 διεστρόϐει,
1037 3362 1133 3414 καὶ
1158 3362 1484 3433 συνέστρεφε
1515 3365 1585 3418 τὰ
1624 3366 1797 3419 σπλά-

227 3468 388 3520 γχνα,
423 3452 518 3505 καὶ
556 3452 675 3506 ὅλον
701 3452 916 3524 πικρῶς
973 3453 1331 3520 ἐπεϐόσκετο,
1364 3456 1595 3510 θανάτου
1633 3457 1798 3528 βαρυ-

225 3541 380 3611 τέραν
423 3542 794 3611 ἀποφαίνοντα
836 3543 934 3613 τὴν
979 3542 1126 3614 ζωήν
1155 3562 1168 3575 ·
1219 3545 1500 3617 μέμνημαι
1531 3548 1639 3620 γάρ
1667 3566 1796 3602 ποτε

227 3634 314 3686 καὶ
341 3632 455 3702 ἐγὼ
475 3675 490 3698 ,
517 3633 572 3686 εἴ
589 3651 644 3686 τι
679 3634 756 3705 μὴ
797 3635 903 3688 ὑπὸ
934 3636 1035 3705 τῆς
1061 3638 1338 3707 συνεχείας
1370 3640 1478 3692 τῶν
1504 3641 1690 3695 κακῶν
1719 3645 1798 3706 εἰς

226 3721 462 3794 ὀνείρους
495 3723 843 3795 ἀποφέρομαι
863 3765 878 3788 ,
904 3724 1146 3778 τοιοῦτόν
1193 3744 1247 3778 τι
1287 3725 1336 3796 (δ
1369 3727 1443 3798 μὴ
1473 3729 1680 3796 γένοιτο
1704 3729 1796 3782 τοῦ

225 3813 445 3886 λοιποῦ)
477 3817 572 3868 καὶ
605 3814 734 3886 περὶ
761 3816 860 3886 τὴν
895 3816 992 3886 σὴν
1024 3817 1320 3888 εὐκληρίαν
1344 3819 1682 3888 ἀπαντῆσαν·
1709 3821 1796 3872 ὅτε

224 3907 281 3958 τὸ
307 3908 467 3980 ὄμμα
497 3908 660 3980 ξηρὸν
706 3909 844 3979 πρὸς
887 3909 1098 3974 πάντας
1137 3912 1379 3982 ἀνέῳκτο
1402 3951 1417 3976 ,
1449 3911 1631 3982 πάσης
1657 3929 1798 3981 συμ-

227 3999 388 4066 φυοῦς
427 3999 641 4063 λιϐάδος
670 4000 1124 4073 ἅπαναλωθείσης
1147 4005 1259 4068 τοῖς
1291 4004 1540 4074 δάκρυσιο
1569 4007 1664 4059 καὶ
1689 4009 1799 4077 χεῖ-

228 4108 313 4160 ρες
357 4091 470 4163 πρὸ
516 4093 624 4147 τῶν
676 4093 851 4162 λόγων
894 4093 992 4165 τὴν
1037 4096 1244 4150 ἱκεσίαν
1301 4097 1699 4168 προύϐάλλοντο
1737 4100 1798 4153 τὸ

224 4180 518 4252 πρόσωπον
563 4185 961 4254 συντηκόμενον
1003 4188 1080 4250 εἰς
1125 4187 1327 4258 πολλὴν
1351 4189 1476 4253 τοὺς
1520 4190 1793 4261 ὁρῶντας,

226 4275 315 4326 καὶ
359 4273 470 4341 πρὸ
515 4274 623 4327 τῶν
655 4276 874 4347 χειρῶν,
905 4279 1087 4331 ἐκάλει
1139 4280 1507 4350 συμπάθειανο
1557 4285 1650 4336 καὶ
1678 4284 1797 4336 ὅλον

225 4359 329 4434 εἶχε
419 4364 679 4436 σύγχυσις
752 4368 847 4420 καὶ
935 4371 1203 4440 κατήφεια
1262 4372 1355 4424 καὶ
1418 4374 1644 4442 γνόφος·
1703 4375 1796 4427 καὶ

226 4457 486 4524 κρείττων
549 4460 582 4529 ἡ
646 4460 771 4530 σιγὴ
831 4460 922 4513 τοῦ
1007 4462 1124 4514 τότε
1197 4463 1554 4533 διηγήματος.
1612 4464 1797 4518 Ταῦτα

225 4549 308 4618 δὴ,
334 4548 510 4603 ταῦτα
546 4544 629 4618 (ὦ
657 4554 853 4621 μηκέτι
911 4553 1174 4622 μηδαμῶς
1222 4555 1446 4609 τοιαῦτα
1493 4559 1686 4611 παθεῖν
1737 4575 1795 4611 σε

228 4639 428 4711 ἴδοιμι)
466 4645 758 4712 σωφρόνως
813 4644 1182 4715 ἀναμνησθεὶς
1239 4648 1528 4719 (πολλαχοῦ
1565 4651 1675 4721 γὰρ
1704 4650 1797 4704 εὕ-

225 4747 464 4801 χρηστον
492 4734 524 4803 ἡ
559 4736 749 4804 μνήμη
775 4735 882 4787 τῶν
914 4736 1192 4807 λυπηρῶν)
1223 4779 1238 4802 ,
1267 4741 1424 4806 γενοῦ
1461 4743 1664 4816 σωτὴρ,
1688 4738 1801 4798 οἷον

223 4819 393 4889 ηὔχου
425 4839 506 4874 σοι
545 4823 800 4892 γενέσθαι
839 4826 959 4878 τότε
993 4827 1088 4896 (οὐ
1127 4828 1233 4899 γάρ
1285 4831 1419 4900 ἐμὸν
1459 4833 1655 4898 εἰπεῖν,
1689 4831 1802 4888 οἷον

224 4905 434 4982 εὗρες),
472 4912 549 4983 τῷ
575 4914 667 4968 νῦν
690 4917 770 4979 είς
787 4914 885 4979 τὰς
902 4917 1092 4986 ὁμοίας
1111 4922 1392 4993 συμφορὰς
1419 4926 1798 4983 καταπεσόντι.

225 5002 302 5060 Εὖ
336 5007 449 5077 γὰρ
484 5008 614 5072 ἴσθι,
643 5010 718 5072 ὡς
746 5009 868 5080 ἐμοί
898 5028 958 5064 τε
984 5012 1045 5065 τὸ
1078 5015 1237 5086 χρέος
1267 5017 1623 5083 ἀποδεδώκως
1651 5023 1800 5092 εἴης,

223 5101 321 5152 καὶ
357 5101 451 5154 τὸν
497 5101 878 5173 βοηθούμενον,
935 5107 994 5158 ἐν
1041 5102 1123 5170 οἷς
1163 5109 1228 5162 ἂν
1264 5109 1427 5183 βούλῃ
1454 5151 1470 5175 ,
1521 5114 1803 5186 χρεώστην

223 5193 637 5264 ἀπροφάσιστον
689 5195 962 5267 εὑρήσεις.
1010 5201 1188 5255 Καλὸν
1228 5203 1286 5256 δὲ
1330 5205 1390 5257 ἐν
1430 5205 1532 5276 βίῳ
1574 5207 1802 5275 πολλοὺς

224 5281 511 5351 χρεώστας
531 5325 545 5348 ,
580 5285 674 5337 καὶ
707 5285 826 5338 τότε
856 5287 1203 5360 εὐγνώμονας
1232 5295 1470 5366 χαρίτων
1493 5297 1658 5369 ἔχειν.

1899 3197 1962 3236 ea
1989 3179 2286 3234 incursavit
2317 3197 2331 3232 :
2378 3177 2516 3232 nihil
2570 3193 2669 3248 ego
2704 3176 2948 3246 intelligo
2980 3174 3152 3245 magis
3173 3174 3480 3229 conducere

1897 3276 1966 3330 ad
2009 3272 2333 3330 avertendas
2392 3271 2460 3326 ab
2510 3269 2824 3324 hominibus
2889 3267 3260 3332 calamitates,
3317 3283 3478 3336 quam

1898 3365 2066 3422 fuisse
2092 3363 2304 3422 afﬂictis
2342 3360 2560 3415 auxilio.
2599 3360 2654 3414 Si
2709 3360 2871 3413 homo
2923 3373 3046 3412 cum
3091 3358 3188 3424 sis,
3233 3372 3479 3411 commu-

1898 3453 2166 3510 nieaveris
2213 3467 2338 3508 cum
2389 3451 2723 3516 hominibus,
2756 3449 2848 3503 illa
2872 3447 3116 3511 recolito,
3158 3464 3280 3518 quae
3323 3456 3375 3503 te
3423 3457 3480 3503 et

1899 3550 2073 3620 ipsum
2102 3556 2230 3603 tunc
2277 3553 2527 3601 vexatum
2559 3544 2853 3608 habebant,
2883 3551 2938 3597 et
2958 3542 3166 3598 viscera
3211 3559 3332 3614 quae
3353 3547 3480 3600 sub-

1898 3651 2200 3706 verterunt,
2232 3650 2286 3696 et
2342 3639 2506 3694 vitam
2541 3642 2713 3709 ipsam
2755 3646 2930 3692 morte
2955 3637 3171 3708 gravius
3213 3636 3476 3708 depasce-

1898 3735 2047 3790 bant.
2103 3733 2322 3788 Memini
2385 3732 2675 3802 aliquando
2707 3731 2832 3800 (nisi
2880 3730 3017 3786 forte
3063 3730 3328 3785 malorum
3363 3745 3484 3784 ma-

1898 3826 2126 3898 gnitudo
2157 3843 2245 3880 me
2277 3824 2549 3880 somniare
2590 3822 2802 3896 fecerit)
2861 3822 3064 3892 aliquid
3098 3822 3203 3876 tale
3247 3821 3475 3891 (utinam

1899 3935 2010 3973 non
2041 3918 2330 3973 etdenuol
2365 3926 2512 3972 tuam
2557 3931 2774 3986 quoque
2825 3914 3138 3970 felicitatem
3166 3913 3472 3969 invasisse:

1899 4025 2024 4064 cum
2091 4010 2221 4064 sicci
2271 4010 2411 4064 oculi
2453 4009 2506 4062 in
2565 4009 2750 4062 omnia
2813 4007 3183 4076 aperirentur,
3247 4007 3476 4061 humore

1899 4102 2186 4175 congenito
2252 4102 2471 4172 penitus
2523 4116 2616 4170 per
2656 4101 2919 4171 lacrymas
2986 4100 3301 4162 desiccato;
3349 4115 3475 4154 cum

1899 4209 2094 4249 manus
2117 4191 2283 4247 verba
2340 4191 2743 4262 praecederent,
2773 4199 2828 4245 et
2853 4205 3043 4260 preces
3059 4206 3252 4244 manus
3286 4193 3475 4245 tende-

1899 4295 2043 4352 rent,
2086 4285 2253 4341 faeies
2299 4292 2358 4340 et
2394 4284 2574 4340 vultus
2629 4283 2873 4352 dejectus
2906 4299 3018 4354 prae
3075 4283 3330 4337 manibus
3387 4283 3473 4335 in-

1903 4391 2115 4438 tuentes
2143 4380 2561 4436 vocaretmultis
2583 4380 2758 4435 modis
2785 4379 2852 4434 ad
2878 4378 3300 4433 misericordiam
3325 4393 3472 4432 :cum

1904 4485 1956 4530 te
1982 4484 2153 4529 totum
2206 4473 2509 4543 possideret
2552 4472 2800 4528 confusio
2826 4513 2842 4538 ,
2883 4472 3138 4540 dejectio,
3184 4471 3418 4525 tenebrae
3452 4489 3468 4536 ;

1893 4573 2118 4635 praestat
2141 4572 2336 4617 caetera
2371 4571 2570 4630 tacere,
2599 4577 2758 4630 quam
2791 4561 3016 4632 profari,
3058 4577 3179 4630 quae
3239 4570 3290 4615 te
3343 4571 3472 4615 tunc

1896 4655 2302 4727 contingebant.
2333 4654 2460 4710 Haec
2518 4655 2653 4724 ipsa,
2685 4669 2867 4723 quaeso
2904 4655 2959 4724 (0
3005 4654 3208 4708 utinam
3235 4666 3474 4721 unquam

1899 4757 1952 4802 te
1973 4748 2154 4804 denuo
2179 4746 2366 4801 eadem
2393 4748 2688 4816 patientem
2705 4745 3266 4813 intuearl),moderate
3285 4760 3472 4800 recor-

1899 4842 2031 4897 dare
2084 4839 2361 4910 (conducit
2435 4839 2636 4894 etenim
2695 4838 3152 4908 quamplurimum
3197 4838 3474 4893 mulloties

1901 4933 2167 4988 malorum
2221 4932 2675 5000 commeminisci)
2709 4950 2722 4986 :
2759 4932 2835 4986 sis
2868 4931 3012 4985 illius
3059 4929 3334 4985 exhibitor
3363 4969 3378 4994 ,
3415 4931 3472 4984 in

1901 5036 2164 5096 quantum
2218 5036 2346 5080 tunc
2370 5026 2676 5081 desiderata
2702 5024 3011 5095 expetebas,
3039 5024 3088 5079 ei
3117 5023 3209 5094 qui
3239 5021 3293 5076 in
3321 5022 3474 5077 simi-

1902 5122 1982 5176 les
2038 5121 2231 5176 incidit
2267 5120 2623 5174 calamitates.
2680 5116 2820 5185 Quid
2882 5116 3009 5172 inde
3064 5117 3323 5180 lucratus,
3361 5131 3473 5172 non

1897 5213 2077 5268 dicam
2105 5213 2246 5268 scias
2271 5212 2454 5276 velim,
2494 5211 2638 5281 quod
2669 5219 2724 5265 et
2775 5208 2906 5263 mihi
2936 5209 3178 5264 debitum
3196 5209 3470 5279 persolve-

1901 5305 1999 5370 ris,
2043 5314 2100 5360 et
2141 5318 2264 5359 eum
2291 5302 2378 5357 cui
2407 5303 2665 5357 auxilium
2714 5299 2938 5355 attulisti
2970 5301 3026 5354 in
3059 5301 3470 5371 quibuscunque

225 5375 488 5467 volueris,
540 5375 844 5467 debitorem
886 5379 1131 5436 habebis.
1175 5384 1380 5442 Bonum
1412 5398 1496 5445 est
1543 5400 1722 5447 autem
1752 5405 1806 5451 et
1845 5399 1980 5453 utile
2031 5397 2229 5453 multos
2261 5411 2356 5467 per
2384 5393 2549 5451 vitam
2611 5394 2814 5450 habere
2845 5392 3120 5450 debitores
3174 5391 3471 5464 praesertim

224 5466 459 5529 gratiam
485 5465 832 5522 redhibentes
872 5471 1168 5538 possidere.

1491 5666 1728 5724 VARl/E
1765 5666 2174 5735 LECTIONES,

295 5810 327 5852 (ι
373 5801 460 5858 ἵσ.
496 5803 882 5878 ἀνθρωπίναις.
