4024 6438
520 403 522 408 ,
541 337 647 400 963

1101 454 1319 512 EPIST.
1352 450 1486 513 LIV.

611 547 853 604 Mariano
883 547 1109 617 patricio
1145 560 1192 603 et
1243 551 1529 606 domestico
1563 551 1884 608 scholarum.

1703 345 1967 410 PHOTIl
2007 349 2519 411 l’ATRlARCII/E
2556 349 2667 412 ΕΡ.

2154 465 2203 520 Α

3697 344 3804 410 964

2822 456 3045 514 ΕΠΙΣΤ.
3081 454 3204 512 NA'.

2233 551 2510 618 Μαριανῷ
2544 549 2832 619 πατρικίῳ
2881 551 2978 607 καὶ
3027 548 3358 620 δομεστίκφ
3381 538 3503 604 τῶν
3533 549 3804 620 σχολῶν.

1772 643 2044 692 Montacut.
2081 640 2185 704 (ep.
2212 639 2319 700 189,
2351 654 2385 703 p
2436 640 2573 703 287).

608 726 669 783 Si
734 727 860 798 quis
889 740 1132 796 unquam
1185 727 1460 798 optaverit
1491 728 1677 784 oﬂ‘erri
1740 730 1844 784 sibi
1895 729 1950 783 in
2008 728 2120 784 vita

535 819 878 875 occasionem
907 818 1070 874 talem
1107 837 1120 873 :
1153 833 1248 890 per
1265 833 1430 888 quam
1467 828 1523 875 et
1548 819 1801 876 amicitiae
1825 828 1880 874 et
1895 818 2121 887 justitire

537 911 697 966 simul
750 926 914 981 opera
968 911 1233 981 perficiat,
1264 929 1376 968 non
1407 913 1497 968 ille
1534 913 1804 984 potiorem
1828 913 2119 984 aliquando

536 1001 779 1057 inveniet
820 1002 932 1069 illa,
962 1018 1126 1073 quam
1173 1004 1230 1058 in
1264 1006 1522 1075 prmsenti
1555 1006 1652 1061 tibi
1687 1004 1878 1060 offero.
1911 1005 2119 1076 lnjnria

537 1091 786 1155 affectus,
835 1107 936 1161 pro
974 1108 1083 1162 quo
1113 1091 1441 1158 intervenio,
1498 1109 1608 1148 non
1647 1101 1733 1148 est
1778 1092 1959 1147 adhuc
2019 1091 2119 1146 tibi

538 1196 745 1241 notus:
793 1200 956 1240 causa
1021 1187 1141 1256 ejus
1183 1195 1268 1241 est
1300 1186 1498 1242 eximie
1528 1187 1677 1257 justa
1709 1202 1722 1239 :
1757 1186 1802 1240 si
1847 1186 1904 1240 in
1952 1200 2120 1255 quem

537 1275 843 1331 intenditur
891 1276 1055 1342 actio,
1097 1278 1306 1332 amicus
1335 1287 1419 1332 est
1446 1277 1547 1332 tibi
1569 1286 1624 1332 et
1650 1292 1895 1348 pauper:
1937 1283 2119 1331 etnon

536 1365 785 1422 fortassis
829 1368 957 1437 quia
1013 1369 1188 1423 malus
1219 1378 1323 1432 est,
1353 1369 1449 1424 sed
1501 1370 1627 1439 quia
1691 1384 1916 1439 pauper,
1971 1366 2117 1436 inju-

538 1453 700 1509 stitite
748 1455 1015 1511 faciendae
1053 1473 1258 1526 pronus
1297 1474 1311 1511 :
1363 1459 1444 1512 Tu
1465 1458 1654 1528 judex,
1683 1459 1825 1513 bene
1852 1465 2116 1522 moratus,

2297 727 2366 780 Εῖ
2404 744 2490 790 τις
2522 725 2721 797 ηὔχετο
2753 727 2843 781 διὰ
2896 726 3012 797 βίου
3051 725 3278 798 τοιαύτῃ
3322 727 3635 798 περιτυχεῖν
3669 725 3807 780 ὕπο-

2225 818 2394 886 θέσει,
2425 818 2490 872 δι’
2536 813 2605 890 ἦς
2639 817 2758 889 ἅμα
2785 818 2880 873 καί⁵
2915 819 3098 890 φιλίας
3128 819 3224 871 καὶ
3257 817 3603 889 δικαιοσύνης
3636 818 3806 888 ὲργάο

2223 931 2323 983 της
2359 914 2582 984 δόκιμος
2620 911 2923 983 ἀναφανείη
2945 951 2961 975 ,
2999 912 3101 964 οὐκ
3131 909 3198 964 ἂν
3230 909 3441 980 ἀμείνω
3467 911 3567 980 τῆς
3593 907 3691 962 νῦν
3723 925 3806 962 σοι

2225 1008 2356 1077 παρ’
2381 1005 2540 1076 ἡμῶν
2577 1003 3007 1076 προτεινομένης
3033 1001 3226 1073 ὀφθείη
3251 1001 3572 1073 εὑράμενος.
3615 999 3675 1053 Ὅ
3709 1000 3808 1071 μὲν

2224 1099 2601 1170 ἀδικούμενος,
2639 1095 2781 1167 ὑπὲρ
2809 1089 2872 1150 οἶ)
2908 1094 3220 1167 πρεσϐεύω,
3259 1093 3368 1146 τῶν
3401 1093 3570 1164 μήπω
3601 1091 3701 1163 μέν
3727 1108 3810 1143 σοι

2225 1187 2585 1263 ἐγνωσμένων
2636 1190 2754 1244 ἐστί
2773 1206 2787 1220 ⁸
2821 1188 3074 1260 λαμπρὸν
3103 1189 3162 1243 δὲ
3187 1182 3249 1242 τὺ
3279 1187 3489 1240 δίκαιον
3521 1183 3661 1257 εχει·
3696 1187 3725 1238 ὁ
3753 1183 3813 1236 δὲ

2225 1285 2363 1356 πρὸς
2389 1284 2449 1338 ὃν
2477 1285 2512 1356 ἡ
2549 1284 2698 1354 δίκη,
2728 1283 2881 1353 φίλος
2928 1282 2992 1336 τέ
3023 1283 3143 1336 ἐστι
3175 1282 3269 1336 καὶ
3299 1281 3469 1353 πένης
3490 1320 3506 1345 ,
3551 1279 3649 1334 καὶ
3698 1275 3811 1332 οὐδ’

2225 1378 2334 1434 ἀπὸ
2359 1378 2562 1442 κακίας
2597 1376 2749 1442 ῐσως,
2775 1377 2890 1431 ἀλλ’
2918 1375 2977 1444 ἐξ
3007 1375 3246 1446 ἀπορίας
3272 1375 3373 1446 ὁρᾷ
3405 1372 3542 1444 πρὸς
3573 1372 3667 1426 τὸν
3699 1370 3816 1425 ἀδι-

2227 1486 2342 1524 κον.
2370 1470 2445 1523 Σὺ
2473 1469 2530 1523 δὲ
2562 1469 2657 1523 καὶ
2694 1468 2887 1539 κριτὴς
2919 1509 2934 1534 ,
2961 1467 3056 1520 καὶ
3084 1466 3321 1538 τρόπους
3357 1464 3623 1537 χρηστὸς,
3657 1463 3755 1517 καὶ
3782 1455 3816 1514 ὃ

537 1554 592 1600 et
647 1547 788 1616 quod
824 1557 1055 1619 utroque
1083 1564 1194 1603 non
1229 1558 1315 1604 est
1345 1549 1550 1612 minus,
1600 1559 1887 1620 utramque
1945 1549 2121 1604 virtu-

2234 1561 2358 1633 μηδ’
2398 1561 2590 1633 ἑτέρου
2639 1561 2883 1624 ἔλαττον,
2934 1558 3225 1629 ἑκατέραν,
3270 1557 3380 1610 τῶν
3422 1554 3634 1627 ἀρετῶν
3666 1553 3816 1621 λαμ-

538 1645 648 1693 tem
705 1637 1025 1697 illustrando
1079 1642 1425 1714 dispositus:
1467 1643 1641 1698 Deum
1699 1643 1892 1708 habes,
1923 1643 2016 1713 qui
2071 1651 2122 1697 te

540 1730 748 1786 divitiis
819 1733 1294 1789 circumfluentem
1355 1736 1618 1801 custodit,
1680 1751 1784 1790 nec
1852 1735 2124 1790 custodiet

538 1829 775 1889 tantum,
832 1824 952 1888 sed,
995 1834 1056 1880 ut
1096 1825 1191 1895 qui
1231 1826 1520 1882 veritatem
1560 1828 1792 1898 prodere
1820 1843 1928 1882 non
1962 1828 2119 1894 solet,

533 1923 758 1983 propter
823 1913 1214 1972 misericordia:
1263 1916 1508 1972 actiones
1565 1927 1707 1984 tuas,
1756 1919 1974 1974 easdem
2021 1920 2121 1975 tibi

534 2005 908 2062 aceumulabit
941 2007 1360 2066 redundantius.
1416 2011 1700 2077 Quomodo
1741 2012 1864 2082 quis
1908 2011 2124 2082 pericli-

526 2097 668 2173 tanti
704 2098 878 2153 amico
931 2101 1231 2156 secundum
1293 2102 1439 2174 leges
1469 2103 1778 2159 dilectionis
1796 2119 1937 2158 verae
1957 2103 2120 2158 ades-

535 2205 595 2244 se
628 2191 826 2260 poterit
857 2191 881 2244 ?
915 2203 971 2247 et
1003 2189 1257 2262 injuriam
1309 2211 1470 2265 passo
1504 2197 1642 2251 alter
1665 2197 1887 2272 justitizr
1931 2196 2122 2256 oculus

533 2283 713 2342 factus
747 2301 969 2345 manum
1000 2288 1240 2362 porrigat
1277 2289 1696 2357 auxiliatricem,
1731 2295 1773 2348 si
1817 2304 1877 2348 ut
1900 2301 2014 2349 tute
2039 2295 2121 2350 fe-

535 2381 656 2437 cisti
687 2390 741 2436 et
773 2393 921 2438 recte
951 2383 1226 2447 incedisti,
1290 2384 1434 2454 quod
1484 2401 1767 2456 speramus
1801 2385 1944 2456 (spes
1975 2387 2119 2440 enim

533 2489 626 2530 me
659 2476 900 2530 futurum
943 2485 1197 2548 tanquam
1240 2493 1485 2549 praesens
1536 2478 1740 2533 intueri
1769 2477 1942 2550 facit),
1973 2477 2122 2549 inju-

533 2565 670 2620 riam
695 2583 858 2638 passo
902 2568 1156 2639 injuriam
1187 2571 1457 2626 resarciet
1485 2589 1498 2625 :
1533 2570 1770 2625 amicum
1791 2584 1943 2636 vero,
1972 2568 2118 2624 domi

533 2657 778 2714 debitum
805 2659 1056 2716 amicitiae
1095 2663 1403 2728 continens,
1452 2677 1483 2716 a
1530 2661 1776 2716 faciendo
1822 2661 2115 2716 liberabis:

534 2747 675 2806 Vide
727 2761 909 2808 autem
981 2763 1041 2808 ut
1094 2770 1182 2810 res
1257 2752 1369 2819 illa,
1417 2755 1484 2812 ad
1528 2769 1690 2825 quam
1713 2764 1765 2809 te
1811 2753 2116 2822 hortamur,

533 2857 658 2897 cum
687 2845 757 2899 sit
784 2845 965 2909 unica,
1000 2856 1056 2902 et
1095 2847 1203 2902 duo
1253 2847 1346 2901 tibi
1382 2847 1482 2902 ista
1508 2856 1927 2917 repraesentans,
1963 2849 2119 2903 testi-

533 2935 779 2990 monium
815 2937 1038 3003 reddat,
1080 2947 1135 2994 et
1173 2939 1346 2993 amori
1393 2938 1567 3004 diviti,
1625 2949 1681 2993 et
1715 2939 1940 3009 justitiaa
1978 2941 2118 2995 invi-
2145 2922 2190 2982 (ἶ

533 3037 656 3092 etaa,
686 3028 928 3098 cujusvis
993 3041 1049 3084 ct
1089 3029 1438 3100 pulchritudo
1473 3032 1529 3085 in
1583 3040 1636 3086 te
1675 3031 1928 3086 relucens
1977 3033 2121 3088 cele-

534 3118 773 3176 berrime
829 3137 929 3192 per
1001 3130 1169 3177 totam
1228 3122 1394 3177 vitam
1480 3121 2009 3193 pra‘dicabiturzita
2062 3134 2122 3180 ut

535 3214 889 3285 archetypum
975 3224 1028 3270 te
1090 3226 1146 3271 et
1219 3215 1529 3288 exemplum
1588 3224 1808 3286 praestet
1868 3216 2125 3272 virtutem

534 3305 844 3362 amantibus
875 3306 1432 3380 imitationedignum,
1465 3307 1681 3378 etquod
1703 3308 1995 3364 maximum
2019 3319 2124 3377 est,

536 3391 683 3450 inter
719 3396 863 3451 bona
893 3413 1013 3466 quae
1035 3400 1306 3451 nominari
1332 3411 1560 3468 queunt,
1581 3408 1743 3470 atque
1763 3410 1927 3470 caput
1953 3401 2123 3470 :quod

536 3487 792 3542 caelestes
856 3496 1041 3558 portas
1069 3488 1178 3543 hoc
1228 3489 1327 3543 tibi
1367 3488 1665 3559 adaperiet,
1703 3489 1770 3544 ad
1810 3489 2126 3562 ingredien-

537 3579 668 3634 dum
701 3578 1110 3635 immaculatum
1176 3589 1232 3635 et
1283 3580 1499 3636 felicem
1578 3581 1878 3637 thalamum
1931 3583 2126 3638 divinae

533 3682 754 3727 aeterna:
773 3671 1072 3735 frnitionis,
1090 3687 1158 3727 eo
1181 3673 1526 3738 transmisso,
1557 3673 1714 3744 cujus
1742 3671 2002 3730 fruitione
2017 3674 2128 3731 ela-

533 3766 715 3823 ritatis
737 3765 842 3824 sim
867 3782 968 3840 ego
994 3767 1209 3840 dignus.

1102 3881 1320 3940 EPIST.
1371 3883 1482 3941 LV.

1209 3974 1418 4032 Eidem.

2224 1655 2381 1726 πρῶς
2411 1651 2803 1717 ὲπιδείξασθαιο
2839 1652 2930 1706 τὸν
2953 1651 3084 1705 Θεὸν
3116 1642 3258 1720 ἔχεις
3288 1650 3347 1702 ὲν
3377 1639 3612 1717 ἀφθονίᾳ
3640 1643 3816 1726 πλού-

2223 1725 2317 1798 του
2348 1742 2438 1796 τὸν
2469 1742 2584 1808 βίον
2619 1742 2934 1812 συνέχοντα·
2956 1741 3016 1794 οὐ
3053 1740 3346 1812 συνέχοντα
3371 1733 3428 1791 δὲ
3461 1737 3643 1807 μόνον.
3674 1725 3816 1788 ἀλλά

2222 1836 2317 1890 καὶ
2339 1836 2440 1889 οὐκ
2466 1834 2533 1888 ἂν
2563 1834 2825 1904 σφαλείην
2849 1831 2948 1903 τῆς
2977 1824 3238 1903 ἀληθείας
3259 1871 3276 1897 ,
3305 1829 3395 1883 διὰ
3427 1828 3526 1892 τὰς
3557 1826 3646 1881 ἐπ’
3674 1819 3816 1897 ἐλέῳ

2223 1946 2319 1982 σου
2346 1927 2573 2001 πράξεις
2612 1928 2701 1999 ἴση
2733 1927 3022 1999 προσθήκῃ
3055 1925 3244 1978 τοῦτον
3277 1916 3379 1993 ἤδη
3422 1913 3812 1985 πλεονάζοντα.

2221 2021 2347 2084 Πῶς
2375 2020 2440 2075 ἄν
2469 2037 2554 2085 τις
2590 2020 2686 2074 καὶ
2715 2021 2793 2088 τῷ
2825 2019 2963 2089 φίλῳ
2989 2015 3361 2072 κινδυνεύοντι
3393 2014 3536 2070 κατὰ
3563 2014 3690 2080 τοὺς
3722 2005 3818 2069 νύ-

2224 2131 2356 2185 μους
2425 2114 2524 2184 τῆς
2569 2113 2646 2177 ὡς
2691 2111 2928 2182 ἀληθοῦς
2980 2111 3204 2180 ἀγάπης
3253 2109 3536 2184 βοηθήσῃ;
3587 2111 3682 2164 καὶ
3734 2110 3816 2181 τῷ

2221 2207 2560 2283 ἀδικουμένῳ
2597 2206 2754 2282 δίκης
2793 2205 2957 2272 ἄλλος
3003 2203 3280 2277 ὀφθαλμὸς
3312 2206 3604 2276 γενόμενος
3648 2207 3816 2277 χεῖρα

2221 2304 2513 2375 ἐπίκουρον
2559 2301 2872 2373 προτείνοι’
2908 2303 2958 2353 εἰ
3011 2299 3199 2372 ὥσπερ
3249 2299 3316 2352 σὺ
3367 2297 3814 2369 διαπραξάμενος

2221 2395 2319 2449 καὶ
2351 2391 2707 2466 κατορθώσας
2734 2435 2750 2460 ,
2781 2394 2918 2464 ὅπερ
2955 2391 3216 2462 ἀξιοῦμεν
3251 2391 3425 2462 (ἐλπὶς
3456 2392 3562 2463 γάρ
3599 2409 3668 2462 με
3699 2432 3716 2457 ,
3750 2391 3815 2444 τὸ

2223 2485 2415 2558 μέλλον
2443 2485 2519 2549 ὡς
2554 2483 2728 2556 παρὸν
2752 2482 2984 2556 ὁρῶσα),
3008 2481 3152 2537 οὕτω
3171 2481 3352 2551 λέγειν
3379 2481 3663 2536 ἀναπείθει
3688 2523 3704 2545 ,
3734 2477 3817 2553 τῷ

2222 2579 2324 2649 μὲν
2366 2577 2677 2649 ἀδικηθέντι
2723 2577 2784 2631 τὸ
2812 2576 3058 2648 ἀδίκημα
3103 2574 3581 2645 ἀποκαταστήσει⁹
3614 2572 3711 2628 τὸν
3755 2571 3818 2628 δὲ

2220 2670 2394 2738 φίλον,
2443 2669 2659 2724 οἴκοθεν
2690 2667 3003 2731 κατατιθεὶς
3038 2667 3099 2720 τὺ
3126 2666 3400 2738 ὀφείλημα
3431 2667 3534 2738 τῆς
3572 2665 3812 2736 είσπράἀ

2220 2761 2378 2830 ξεως,
2419 2761 2798 2834 ὲλευθερώσει’
2825 2761 2918 2814 καὶ
2949 2761 3052 2834 ὅρα
3085 2759 3162 2824 ώς
3197 2761 3232 2830 ἡ
3262 2759 3493 2830 πρᾶξις,
3524 2760 3612 2828 ἐφ’
3646 2758 3716 2828 ἦν
3747 2770 3806 2810 σε

2220 2854 2672 2927 παρακαλοῦμεν,
2721 2853 2820 2924 μία
2863 2851 3001 2907 οὖσα
3050 2851 3274 2906 καὶδύο
3317 2851 3488 2906 ταῦτά
3522 2868 3606 2904 σοι
3653 2867 3813 2920 περι-

2223 2947 2452 3002 ποιοῦσα
2473 2987 2489 3013 ,
2521 2948 2941 3020 προσμαρτυρεῖ
2965 2945 3192 3018 ἀγάπης
3220 2943 3452 2999 πλοῦτον
3486 2943 3582 2997 καὶ
3609 2943 3819 2996 δικαιο-Δ

2223 3043 2390 3113 σύνης
2442 3041 2657 3112 ἄμαχον
2708 3040 2886 3110 ἰσχὺν,
2930 3040 3025 3092 καὶ
3077 3038 3240 3092 καλὸν
3285 3037 3361 3108 τῷ
3413 3035 3513 3108 βίῳ
3562 3037 3819 3107 διήγημα

2224 3131 2649 3203 ἐγκαινίζουσα,
2701 3115 3012 3204 ἀρχέτυπόν
3072 3148 3132 3184 σε
3183 3132 3299 3194 τοῖς
3351 3130 3665 3200 φιλαρέτοις
3715 3129 3820 3182 καὶ

2225 3224 2587 3297 ἀξιοζήλωτον
2610 3224 2895 3294 ἐπεισάγει
2925 3223 3303 3294 παράδειγμα,
3335 3223 3430 3276 καὶ
3457 3222 3520 3276 τδ
3552 3221 3822 3292 μέγιστον

2227 3318 2322 3370 καὶ
2369 3317 2481 3370 τῶν
2525 3317 2701 3372 ἀλλων
2735 3318 2991 3372 ἁπάντων
3019 3317 3121 3370 ὅσα
3177 3334 3260 3379 τις
3289 3313 3473 3382 ἀγαθά
3521 3314 3616 3368 καὶ
3666 3314 3824 3367 εἴποι

2229 3409 2322 3462 καὶ
2351 3409 2694 3478 ὲπινοήσοιτο
2733 3408 3049 3478 κεφάλαιον,
3095 3407 3176 3461 ὅτι
3202 3406 3300 3470 τὰς
3327 3406 3609 3478 οὐρανίους
3635 3406 3825 3470 πύλας

2225 3500 2365 3572 αῦτη
2419 3502 2704 3572 ὑπανοίγει
2745 3521 2830 3557 σοι
2854 3544 2869 3568 ,
2904 3503 3041 3575 πρὸς
3074 3501 3166 3555 τὸν
3198 3501 3439 3573 καθαρὸν
3472 3502 3678 3554 ἐκεῖνον
3714 3499 3826 3554 καὶ

2229 3595 2499 3665 μακάριον
2521 3593 2763 3665 θάλαμον
2785 3597 2886 3665 τῆς
2915 3594 3065 3658 θείας
3095 3594 3191 3648 καὶ
3218 3593 3389 3647 ἀῑδίου
3418 3591 3780 3654 ἀπολαύσεως
3801 3631 3822 3658 ,

2227 3684 2368 3754 μετά
2417 3685 2620 3756 πολλῆς
2669 3686 3076 3759 προπέμπουσα
3125 3678 3233 3756 (ἦς
3285 3685 3403 3750 πῶς
3426 3684 3493 3739 ἀν
3519 3682 3824 3755 ἀξιωθείην

2225 3774 2432 3845 ἔγωγες
2451 3775 2471 3848 )
2505 3775 2878 3850 φαιδρότητος.

2819 3893 3044 3950 ΕΠΙΣΤ.
3080 3894 3207 3950 NE'.

2867 3984 2957 4052 Τῷ
2989 3986 3173 4054 αὐτῷ.

1738 4063 2007 4116 Montaeut.
2036 4065 2140 4127 (ep.
2168 4065 2275 4131 190,
2311 4083 2427 4135 pag.
2465 4073 2602 4137 288.)

604 4175 921 4240 Declarasti,
958 4184 1224 4246 quantum
1276 4185 1333 4232 et
1359 4175 1635 4240 amicitiae,
1669 4185 1724 4231 et
1770 4176 1995 4246 justitiae
2027 4175 2125 4230 tri-

531 4269 700 4334 buas,
764 4271 849 4324 vir
908 4280 1308 4332 consummate,
1363 4269 1666 4340 prmsertim
1712 4284 1835 4323 cum
1873 4278 1950 4323 tot
1982 4284 2126 4339 pra:-

531 4361 878 4418 terfluxerint
915 4361 1324 4432 generationes.
1353 4361 1407 4414 in
1439 4361 1639 4430 quibus
1670 4361 1879 4414 nullum
1917 4361 2123 4414 utrius-

2295 4179 2543 4248 Ἔδειξας
2582 4185 2663 4248 είς
2699 4186 2824 4240 ὅσον
2859 4188 2988 4258 ἥκει
3039 4188 3135 4242 καὶ
3170 4188 3353 4259 φιλίας
3399 4187 3498 4243 καὶ
3531 4186 3821 4242 δικαιοσύ-

2223 4290 2322 4343 νης
2351 4274 2385 4345 ἡ
2417 4273 2484 4346 σὴ
2512 4274 2786 4346 τελειότης
2812 4279 2908 4331 καὶ
2938 4279 3058 4332 τότε
3092 4281 3308 4348 γενεαῖς
3333 4279 3614 4342 τοιαύταις
3641 4280 3701 4331 ἐν
3726 4276 3832 4342 αἷς

2219 4366 2330 4420 οὐδ’
2361 4367 2556 4438 ἐτέρας
2581 4369 2782 4435 αὐτῶν,
2811 4370 2932 4424 οὐδὲ
2959 4372 3060 4442 τὴν
3090 4371 3296 4443 συνήθη
3330 4371 3532 4440 πρᾶξιν
3562 4370 3833 4442 καθαρὰν

531 4454 668 4512 libet
695 4465 878 4510 actum
930 4454 1206 4510 sincerum
1259 4455 1559 4509 viderimus
1597 4472 1611 4508 :
1651 4469 1751 4526 ego
1807 4462 1953 4509 certe
1997 4469 2122 4508 cum

2226 4460 2460 4531 δρῶμεν.
2495 4465 2604 4516 Καὶ
2631 4463 2809 4533 ἔγωγε
2837 4466 2932 4519 ἐπὶ
2965 4466 3241 4531 τοσοῦτον,
3275 4467 3368 4518 καὶ
3398 4465 3477 4536 τῷ
3512 4466 3692 4536 τάχει,
3722 4469 3835 4520 καὶ

499 4547 602 4602 ὀὶ)
645 4547 1003 4610 celeritatem,
1037 4554 1153 4599 tum
1196 4546 1268 4600 ob
1320 4545 1748 4617 magnitudinem
1814 4546 1970 4601 istius
2044 4545 2122 4599 rei

2226 4552 2302 4623 τῷ
2333 4554 2624 4624 μεγαλείῳ,
2655 4556 2833 4627 χαίρω
2868 4557 2964 4610 τοῦ
2990 4557 3440 4628 κατορθώματος,
3474 4558 3571 4610 καὶ
3606 4557 3836 4629 χαίρων

528 4637 734 4708 optime
783 4645 948 4708 gestas
1004 4636 1211 4707 gaudeo
1257 4655 1271 4690 :
1326 4651 1431 4691 nec
1475 4636 1708 4707 gaudere
1732 4652 1853 4692 cum
1884 4635 2122 4690 exsulta-

2227 4645 2289 4697 οὐ
2323 4645 2475 4716 λήγω
2512 4648 2612 4717 τῆς
2667 4648 3042 4718 ἀγαλλιάσεως
3066 4691 3083 4717 ,
3131 4650 3215 4703 ὅτι
3265 4651 3398 4721 πρὶν
3447 4651 3549 4722 μὲν
3581 4651 3837 4724 γράφων

532 4729 690 4784 tione
727 4729 1010 4794 desistam,
1042 4729 1170 4800 quia
1198 4729 1510 4800 priusquam
1560 4730 1753 4785 litteris
1782 4730 2118 4800 explorarem

2227 4739 2460 4792 ὲσκοπού
2469 4758 2596 4810 μην,
2615 4743 2689 4812 μή
2711 4759 2826 4807 πως
2853 4742 2962 4812 ἄρα
2977 4743 3209 4813 ὀχληρός
3235 4760 3318 4797 σοι
3339 4742 3498 4808 δόξω,
3527 4743 3610 4808 είς
3627 4743 3839 4800 τοιαύ-

529 4838 600 4877 an
628 4823 892 4878 molestus
955 4822 1052 4877 tibi
1081 4837 1285 4887 essem,
1324 4830 1536 4876 tantum
1559 4822 1812 4893 dignatus
1875 4836 1935 4876 es
1979 4821 2112 4876 mihi

2226 4847 2320 4892 τας
2383 4832 2546 4896 εὐθὺς
2593 4833 2902 4888 ἀναϐαίνων
2950 4833 3228 4899 ἀξιώσεις.
3269 4834 3384 4889 Νῦν
3415 4834 3461 4889 δ’
3502 4835 3683 4900 οὕτως
3723 4839 3839 4890 ἀν-

529 4914 829 4970 attribuere
885 4933 899 4969 :
959 4913 1014 4968 in
1069 4913 1349 4985 prmsenti,
1385 4914 1522 4969 adeo
1574 4913 1792 4968 attollor
1829 4923 1884 4968 et
1926 4913 2120 4967 allatus

2226 4924 2543 4995 επτέρωμαι
2572 4927 2666 4978 καὶ
2695 4927 2969 4996 μετέωρος
3001 4927 3120 4989 ὅλος
3150 4929 3267 4998 εἰμὶ
3295 4926 3374 4997 τῷ
3409 4927 3686 5000 προθύμῳ
3717 4930 3840 4998 τῆς

530 5004 744 5072 incedo,
800 5007 871 5062 ob
931 5006 1413 5076 promptitudinem
1458 5006 1676 5076 optimm
1723 5014 1828 5060 tuae
1864 5007 2120 5060 volunta-

2226 5014 2450 5084 ἀρίστης
2475 5015 2700 5087 γνώμης
2724 5055 2739 5078 ,
2778 5019 2872 5070 καὶ
2915 5019 3317 5090 ἀπροφασίστῳ
3366 5023 3468 5090 τῆς
3497 5021 3835 5090 θαυμασίου

539 5099 610 5153 tis
643 5116 657 5152 :
701 5109 756 5154 et
790 5101 843 5154 in
869 5111 1086 5156 tantum
1114 5100 1314 5156 eerror
1361 5100 1432 5155 ob
1469 5109 1652 5154 actum
1699 5098 1857 5170 plane
1883 5098 2120 5153 admira-

2226 5123 2316 5159 σου
2350 5106 2602 5178 πράξεως
2643 5110 3041 5181 ἐπαιρόμενος,
3093 5113 3175 5165 ὅτι
3218 5113 3432 5165 δέδοικα
3485 5114 3561 5183 μὴ
3610 5114 3836 5179 πολλὰς

530 5189 717 5252 bilem.
739 5189 860 5245 sine
892 5190 999 5245 ulla
1037 5191 1412 5256 excusatione,
1436 5189 1582 5260 quod
1615 5203 1828 5252 verear,
1846 5201 1915 5241 ne
1934 5185 2122 5256 plures

530 5282 629 5337 tibi
678 5283 814 5337 tales
854 5282 1161 5339 ministrent
1213 5283 1566 5344 occasiones,
1614 5280 1760 5336 unde
1826 5288 1881 5334 et
1942 5293 2117 5333 meam

529 5374 756 5444 gratiam
787 5375 1178 5444 multiplicabo,
1213 5385 1268 5430 et
1319 5383 1466 5429 tuam
1519 5374 1775 5428 virtutem
1801 5370 2022 5425 reddam
2054 5369 2119 5422 il-

530 5465 843 5522 lustriorem
878 5477 972 5522 :et
1011 5484 1108 5537 pro
1133 5484 1220 5535 eo,
1251 5469 1400 5538 quod
1433 5468 1655 5522 videbor
1704 5468 1998 5528 molestus,
2049 5477 2117 5516 ne

2222 5199 2362 5272 ἔχων
2391 5217 2472 5254 σοι
2503 5203 2756 5267 τοιαύτας
2803 5206 3101 5277 προσάγειν
3134 5204 3421 5260 ὑποθέσεις
3443 5247 3457 5272 ,
3495 5207 3567 5260 δι’
3590 5201 3672 5261 ὧν
3717 5210 3836 5263 καὶ

2221 5294 2319 5364 τὴν
2354 5295 2492 5365 ἐμὴν
2533 5296 2709 5368 χαρὰν
2739 5297 3185 5363 πολυπλασιάσω,
3224 5299 3318 5351 καὶ
3348 5300 3448 5367 τὴν
3481 5301 3582 5367 σὴν
3608 5301 3835 5373 ἀρετὴν

2220 5387 2610 5458 λαμπροτέραν
2667 5390 2962 5455 ἐπιδείξων
3028 5393 3150 5446 ἀντὶ
3201 5391 3294 5445 τοῦ
3347 5391 3525 5446 δοκεῖν
3576 5393 3831 5467 ὀχληρὸς

2219 5473 2382 5545 εἶναι,
2419 5481 2492 5550 μὴ
2525 5481 2847 5548 ἀφιλόκαλος
2875 5524 2887 5547 ,
2928 5485 3021 5536 καὶ
3069 5484 3190 5537 τότε
3219 5484 3370 5553 παρὰ
3399 5485 3486 5537 σοὶ
3531 5492 3698 5556 κριτῇ
3758 5504 3827 5555 τε

530 5573 731 5626 parcus
779 5559 1008 5613 nimium
1051 5560 1170 5626 tibi,
1223 5563 1367 5631 quod
1413 5561 1701 5616 molestum
1724 5561 1831 5615 erit
1854 5562 1990 5616 mihi
2017 5603 2030 5626 ,
2064 5571 2118 5616 te

2226 5569 2316 5639 [τὸ
2369 5569 2711 5643 βαρύτατον)
2767 5575 3106 5646 νομισθείην.
3159 5577 3301 5629 Ἀλλ’
3345 5578 3560 5648 ἔρρωσό
3612 5596 3704 5648 μοι
3762 5581 3825 5630 ἐν

529 5651 732 5722 judice,
773 5667 1024 5708 censear.
1064 5651 1173 5708 Sed
1224 5654 1343 5708 vale
1373 5653 1428 5706 in
1451 5653 1703 5719 Domino,
1739 5653 1950 5708 etiamsi
1973 5656 2115 5725 apud

531 5743 733 5814 ipsum,
773 5743 977 5799 multas
1007 5744 1277 5813 ejusmodi
1309 5745 1552 5801 actiones
1586 5745 1893 5810 inveniens,
1923 5756 1980 5801 et
1998 5747 2116 5816 glo-

534 5829 672 5883 riam
708 5829 804 5884 tibi
836 5845 934 5900 per
968 5831 1096 5886 vitae
1123 5848 1343 5889 cursum
1387 5834 1697 5905 acquirens,
1735 5851 1822 5892 me
1891 5837 2116 5895 minime

539 5927 791 5989 captante
809 5921 1264 5994 experimentum.

2218 5662 2430 5732 Κυρίῳ,
2461 5663 2565 5716 κᾶν
2591 5666 2664 5735 μὴ
2697 5665 3083 5738 δοκιμάζωμεν
3110 5671 3296 5740 ἡμεῖς,
3328 5671 3490 5733 αὐτὸς
3514 5669 3586 5722 δι’
3606 5669 3819 5725 ἑαυτοῦ

2217 5751 2420 5816 πολλὰς
2459 5755 2713 5820 τοιαύτας
2764 5759 3103 5828 ἀνευρίσκων
3153 5760 3382 5833 πράξεις
3434 5761 3526 5815 καὶ
3577 5762 3834 5828 ταύταις

2218 5843 2732 5918 ἐλλαμπρυνὸμενος
2757 5848 2844 5905 διά
2878 5850 3015 5922 βίου.
