4024 6446
910 343 995 355 ..-ι

893 528 1116 582 sum.
1156 526 1302 596 Nq'.

456 621 724 691 Θεοφίλῳ
781 619 1136 687 ἀσπαθαρίῳ
1169 620 1265 676 καὶ
1301 621 1704 687 σακελλαρίφ.

1442 413 1981 480 EPISTOLARUM
2017 415 2246 476 LIBER
2280 413 2397 475 ΙΙΙ.

2586 521 2803 578 EPIST.
2835 521 2969 577 LVI.

2272 614 2545 685 Theophila
2575 614 2886 684 aspathario
2920 620 2969 667 et
3002 612 3297 671 aacellario.

1529 713 1797 764 Montacut.
1834 716 1941 777 (ep.
1978 713 2085 771 193,
2113 727 2166 775 p.
2191 711 2328 774 292).

365 809 441 863 Τὸ
467 810 565 881 μὲν
586 809 742 879 δίκην
767 808 1021 864 ἀπαιτεῖν
1035 809 1126 861 τὸν
1155 808 1473 879 ἠδικηκότα,
1493 808 1833 882 ἀνθρώπινον
1853 827 1869 843 σ

281 902 356 953 τὸ
381 901 440 955 δὲ
480 901 557 971 μὴ
587 901 915 970 ἀμύνεσθαι,
955 900 1244 968 φιλόσοφον
1271 916 1283 929 ⁸
1336 899 1398 953 τὸ
1425 899 1483 953 δὲ
1512 902 1607 953 καὶ
1648 901 1869 971 εὐεργε-

2042 808 2330 862 Actionem
2360 806 2649 861 instituere
2674 813 2864 859 contra
2891 800 3237 872 iniustitiam,
3268 817 3566 856 numanum

1975 910 2060 957 est
2125 916 2285 955 :non
2340 900 2552 965 ulcisci,
2612 896 3053 968 philosophicum
3111 903 3217 949 :at
3268 893 3568 949 benefactis

286 993 445 1053 σίαις
498 990 847 1062 ἀμείϐεσθαι,
894 991 1080 1045 λοιπὸν
1109 990 1210 1063 ἤδη
1245 991 1386 1044 θεῖον
1416 1007 1429 1021 ·
1491 992 1587 1045 καλ⁹
1629 993 1875 1063 μιμητὰς

1989 1006 2361 1061 :ompensare,
2420 990 2709 1043 divinum:
2760 1002 2870 1056 quo
2930 985 3132 1048 Patris,
3182 984 3276 1054 qui
3316 985 3372 1038 in
3412 984 3567 1038 caelis

281 1084 389 1136 τοῦ
424 1084 483 1136 ἐν
546 1082 796 1152 οὐρανοῖς
827 1083 1033 1154 πατρὸς
1087 1085 1213 1148 τοὺς
1244 1086 1501 1155 γηγενεῖς
1550 1086 1871 1154 ἀποφαῖνον.

284 1174 372 1227 Τὸ
414 1175 599 1245 μέντοι
649 1175 848 1245 χειρῶν
875 1175 1063 1245 ἄρχειν
1085 1174 1309 1241 ἀδίκων,
1339 1175 1464 1229 ἐπεὶ
1487 1176 1670 1247 χώραν
1686 1178 1744 1229 ἐν
1765 1178 1879 1238 τοῖς

284 1264 609 1336 εἰρημένοις
641 1263 898 1333 οὐδεμίαν
928 1263 1062 1333 ἔχει,
1100 1264 1134 1334 ἢ
1167 1262 1374 1335 θηρίων
1424 1264 1719 1335 πάντως,ἢ
1760 1264 1878 1318 δαι-

289 1358 477 1427 μόνων
493 1355 691 1426 πρᾶξιν
722 1355 1031 1425 ἐμφανίζει,
1060 1354 1162 1408 κᾶν
1191 1355 1533 1426 ἀνθρώπινον
1569 1356 1657 1425 εἴη
1692 1356 1881 1427 σχῆμα

289 1448 669 1520 περιδεδυκὼς
703 1449 731 1501 6
758 1448 993 1519 πράξας.
1054 1448 1348 1518 Τεσσάρων
1376 1447 1469 1501 οὖν
1515 1449 1880 1519 χαρακτήρων

288 1546 418 1605 ταῖς
450 1541 720 1613 πράξεσιν
748 1540 1221 1612 ὲνθεωρουμένων,
1256 1540 1419 1604 αὐτὸς
1470 1541 1609 1593 κατὰ
1653 1540 1882 1594 σεαυτὸν

286 1634 389 1687 τὸν
417 1633 670 1704 προσφυῆ
694 1632 863 1685 τύπον
891 1636 957 1703 τῇ
982 1634 1095 1685 νυνί
1123 1650 1217 1686 σου
1249 1632 1443 1704 πράξει
1465 1633 1840 1703 περιαρμόσας
1862 1649 1877 1663 ο

288 1722 419 1779 εἶτα
472 1725 706 1779 κατιδὼν
755 1725 881 1797 ὄψῃ,
916 1725 1019 1779 κάν
1083 1724 1241 1788 ἄλλος
1300 1741 1381 1777 σοι
1434 1724 1510 1795 μὴ
1540 1722 1877 1777 ὑποδεικνύει

293 1816 431 1887 (φεῦ
469 1815 564 1869 τοῦ
616 1816 896 1885 αἰσχίστου
951 1815 1271 1885 θεάματοςί)
1300 1816 1445 1878 τίνος
1500 1813 1712 1883 σεαυτῷ
1764 1815 1878 1877 τοῖς

292 1907 485 1979 ἔργοις
511 1906 836 1977 διεκόλαψας
860 1907 1067 1960 εἰκόνα.

899 2021 1125 2076 ΕΠΙΣΤ.
1152 2019 1273 2074 NZ'.

309 2110 487 2179 Ἠλίᾳ
533 2112 885 2181 ἀσπαθᾳρίῳ
930 2111 1031 2166 καὶ
1060 2112 1429 2184 δρουγταρίῳ
1460 2114 1566 2167 τοῦ
1594 2115 1875 2184 πλοΐμου.

1982 1094 2087 1148 est,
2151 1083 2355 1137 terreni
2410 1081 2664 1135 homines
2724 1078 2819 1132 ﬁlii
2856 1094 2953 1148 per
2985 1076 3347 1131 imitationem
3405 1075 3565 1129 ﬁunt.

1981 1174 2264 1230 Violentas
2318 1188 2512 1228 manus
2567 1172 2793 1241 injicere
2840 1185 2952 1224 non
3012 1177 3366 1239 provocatum
3436 1182 3564 1221 cum

1979 1266 2122 1321 inter
2156 1266 2408 1335 superius
2439 1272 2739 1319 memorata
2768 1262 2947 1315 locum
2976 1277 3087 1317 non
3120 1262 3339 1326 habeat,
3366 1262 3562 1316 bellui-

1978 1373 2103 1411 nam
2137 1366 2229 1411 aut
2276 1355 2665 1411 daemoniacam
2731 1352 2997 1420 actionem
3037 1360 3230 1406 notat:
3260 1352 3387 1405 licet
3419 1359 3568 1404 actor

1979 1446 2081 1504 sub
2131 1450 2368 1502 humana
2406 1446 2578 1515 ﬁgura
2611 1444 2797 1499 fuerit.
2861 1443 3127 1508 Quocirca
3170 1458 3291 1496 cum
3338 1451 3571 1511 quatuor

1980 1542 2087 1596 sint
2122 1555 2304 1594 rerum
2350 1546 2536 1592 notae:
2576 1546 2691 1591 tute
2733 1550 2833 1605 per
2876 1542 3049 1588 temet
3103 1533 3333 1587 formam
3364 1533 3569 1587 actioni

1984 1639 2090 1685 tua:
2138 1642 2500 1699 congenerem
2557 1627 2774 1695 adapta,
2820 1639 2881 1678 re
2933 1634 3220 1695 perspecta
3276 1624 3568 1695 intelliges,

1912 1703 1954 1761 Β
1983 1724 2110 1777 licet
2136 1722 2276 1777 alins
2307 1736 2418 1775 non
2450 1720 2782 1785 subindicet,
2810 1728 2896 1775 est
2917 1720 3063 1774 enim
3092 1721 3215 1773 visu
3246 1733 3332 1773 res
3370 1716 3569 1787 turpis,

1985 1816 2273 1886 cuiusnam
2317 1814 2612 1886 imaginem
2662 1813 2756 1869 tibi
2790 1828 2889 1881 per
2932 1826 3099 1883 opera
3146 1820 3238 1867 tua
3267 1809 3571 1881 insculpse-

1984 1908 2081 1963 ris.

2521 2016 2736 2074 EPIST.
2774 2017 2935 2075 LVII.

2190 2113 2362 2170 Helia:
2390 2114 2721 2184 aspathario,
2751 2125 2799 2167 et
2829 2114 3115 2183 drungarto
3149 2112 3353 2182 ploimt.

1545 2206 1811 2256 Montacut.
1840 2208 1942 2270 (ep.
1972 2207 2080 2268 197,
2112 2222 2160 2270 p.
2195 2208 2328 2269 εοι).

375 2283 544 2341 Εἶπεν
572 2288 639 2342 ἄν
670 2306 752 2353 τις
771 2289 880 2342 τῶν
921 2290 1049 2362 παρ’
1098 2290 1323 2360 Ἕλλησι
1350 2290 1551 2360 σοφῶν*
1594 2291 1664 2344 Τὸ
1690 2291 1874 2359 τάχος

274 2381 495 2465 μόνης
528 2381 738 2450 τύχης.
812 2382 952 2448 Ἐγὼ
994 2383 1039 2435 δ’
1077 2382 1142 2436 ἂν
1170 2383 1359 2453 φαίην,
1390 2382 1465 2444 ὡς
1499 2384 1547 2434 εἰ
1602 2382 1677 2453 μὴ
1724 2383 1876 2447 θείας

296 2471 452 2525 ἐστὶν
489 2473 687 2544 ὁρμῆς,
731 2473 764 2545 ἢ
804 2475 1009 2544 καιρῶν
1066 2475 1334 2544 ἀνάγκης,
1389 2475 1556 2546 μόνης
1597 2476 1874 2539 ἀϐουλίας.

295 2562 618 2632 Σκέψασθαι
651 2564 733 2617 δεῖ
763 2566 1053 2636 τοιγαροῦν
1100 2567 1231 2637 περὶ
1286 2560 1361 2619 ὧν
1400 2566 1616 2638 ἐπείγῃ,
1647 2567 1743 2621 καὶ
1805 2568 1879 2637 μὴ

294 2653 381 2723 τῷ
417 2658 681 2724 προπετεῖ
704 2657 803 2725 τὴν
837 2657 1035 2727 πρᾶξιν
1066 2657 1375 2713 πιστεῦσαι.
1408 2657 1520 2711 Καὶ
1555 2658 1663 2727 γὰρ
1694 2658 1761 2712 ἂν
1786 2659 1883 2729 μὲν

297 2746 385 2811 εἰς
417 2747 697 2820 συμφέρον
753 2750 1016 2820 ἁποϐαίη,
1047 2749 1236 2821 ὥσπερ
1291 2753 1390 2814 τὰς
1441 2751 1508 2804 ὲκ
1553 2749 1648 2803 τοῦ
1698 2750 1885 2812 τέλους

298 2839 596 2910 ὡφελείας,
624 2840 766 2895 οὕτω
794 2842 858 2914 δὴ
896 2846 988 2897 καὶ
1036 2844 1129 2898 τοῦ
1177 2845 1567 2915 βουλεύσασθαι
1606 2844 1885 2915 κερδανεῖς

312 2934 442 2997 τοὺς
472 2935 731 2998 ἐπαίνους
760 2953 773 2966 ·
812 2938 878 2991 ἂν
928 2937 980 2989 δὲ
1026 2938 1357 3005 τούναντίον,
1406 2936 1501 2991 τοῦ
1540 2937 1639 3007 μὲν
1691 2936 1882 3007 βεϐου-

2057 2292 2197 2345 l)ixit
2232 2291 2504 2361 quispiam
2537 2288 2760 2343 Grmciaa
2804 2288 3145 2356 sapientum:
3172 2287 3428 2343 Celeritas
3471 2286 3572 2341 soli

1986 2385 2215 2452 fortuna:
2263 2381 2519 2435 convenit.
2588 2378 2700 2450 Ego
2740 2378 2988 2442 dixerim,
3021 2378 3166 2448 quod
3193 2378 3237 2431 si
3282 2390 3392 2430 non
3442 2375 3575 2429 adi-

1983 2475 2113 2529 vino
2144 2483 2291 2529 motu
2325 2472 2601 2544 procedat,
2629 2482 2723 2525 aut
2757 2469 3019 2539 temporis
3046 2468 3396 2529 necessitate,
3423 2464 3570 2520 cele-

1988 2568 2122 2621 ritas
2150 2566 2456 2621 inconsulta
2487 2572 2591 2619 est.
2616 2562 3089 2618 Considerandum
3139 2575 3266 2630 ergo
3290 2558 3420 2612 illud
3461 2566 3565 2618 est,

1990 2658 2133 2728 quod
2187 2658 2373 2724 instat,
2421 2672 2528 2712 nec
2578 2654 2991 2727 prmoipitationi
3050 2667 3139 2707 res
3165 2648 3565 2705 concredenda.

1987 2749 2121 2803 Nam
2156 2748 2202 2801 si
2227 2750 2359 2803 satis
2381 2747 2663 2803 commode
2716 2744 2991 2807 inciderit,
3027 2743 3171 2813 quod
3198 2742 3408 2796 ﬁnalem
3441 2740 3571 2796 atti-

1991 2850 2086 2893 net
2131 2838 2439 2900 utilitatem.
2480 2837 2691 2891 laudem
2734 2850 2799 2890 eo
2839 2834 3213 2903 consequeris,
3258 2832 3412 2902 quasi
3480 2846 3573 2885 re-

1992 2940 2145 2985 ctum
2176 2930 2461 2986 consilium
2508 2929 2734 3000 ceperis.
2764 2928 2857 2982 Sin
2893 2936 3080 2980 contra
3124 2925 3383 2987 evenerit.
3412 2939 3573 2995 quam

300 3024 530 3078 λεῦσθαι
554 3026 662 3079 οὐδ’
694 3026 835 3080 οὕτω
864 3029 962 3099 τὴν
994 3029 1172 3099 κρίσιν
1219 3028 1555 3100 ἐζημιώθης,
1592 3026 1683 3081 τοῦ
1718 3028 1774 3081 δέ
1820 3046 1880 3095 γε

1989 3023 2217 3078 consilio
2248 3031 2407 3093 capto
2450 3021 2785 3092 opinabaris,
2817 3019 3013 3089 judicii
3044 3018 3433 3073 detrimentum
3460 3033 3572 3071 non

306 3118 384 3187 μὴ
420 3118 772 3187 ὠφελεῖσθαι,
809 3120 835 3172 ὃ
871 3121 1124 3191 μέγιστόν
1177 3123 1323 3175 ἐστιν
1373 3124 1428 3175 ἐν
1463 3124 1599 3176 πᾶσι
1631 3123 1746 3185 τοῖς
1772 3140 1887 3175 τοι·

302 3208 486 3273 οὑτοις
513 3213 883 3282 παραμύθιον,
912 3215 971 3265 οὐ
1003 3214 1200 3267 σαυτὸν
1230 3215 1473 3285 αἰτιάσῃ.

910 3388 1133 3441 ΕΠΙΣΤ.
1177 3387 1314 3443 ΝΗ’.

660 3482 877 3551 Σεργίῳ
912 3482 1263 3552 ἁσπαθαρίῳ
1294 3482 1555 3536 aestuo.

1985 3116 2066 3170 sic
2122 3116 2352 3180 subibis,
2408 3132 2512 3170 nec
2568 3115 2709 3184 quod
2748 3114 3041 3167 utilitatem
3094 3129 3205 3166 non
3258 3112 3487 3182 ceperis,
3520 3121 3574 3164 te

1983 3209 2129 3278 jnste
2164 3206 2462 3272 incusabis,
2510 3206 2657 3277 quod
2710 3205 2765 3258 in
2803 3204 3003 3259 talibus
3033 3204 3274 3258 solamen
3318 3218 3428 3257 non
3453 3203 3571 3257 exi-

1987 3316 2151 3371 guum
2178 3299 2299 3367 erit,

2561 3385 2785 3443 EPIST.
2818 3384 3003 3440 [.Vlli.

2424 3484 2606 3557 Sergio
2635 3483 2945 3554 aspatltario
2992 3480 3172 3551 fratri.

1540 3573 1807 3622 Montacut.
1847 3576 1951 3637 (ep.
1988 3545 2096 3635 eho,
2134 3578 2340 3639 p.295).

378 3656 645 3726 Ἔλεγχος
698 3656 932 3726 ἄκρατος
959 3658 1037 3720 εἰς
1077 3657 1171 3710 δύο
1222 3658 1566 3728 περιίσταται
1609 3659 1784 3712 ταῦτα
1808 3676 1820 3688 ·
1856 3659 1883 3711 ὃ

302 3749 414 3818 μὲν
458 3746 707 3819 βούλεται
744 3753 938 3817 ποιεῖν,
974 3751 1033 3802 οὐ
1095 3750 1342 3821 περαίνει
1373 3768 1387 3780 ·
1422 3753 1516 3803 καὶ
1539 3745 1619 3814 οἷς
1653 3751 1728 3823 μὴ
1762 3751 1884 3822 βού-

300 3839 483 3903 λεται,
515 3838 875 3909 περιπίπτει·
912 3838 1157 3908 βούλεται
1189 3839 1287 3909 μὲν
1346 3840 1454 3908 γὰρ
1482 3841 1562 3903 εἰς
1598 3842 1883 3910 μετάνοιαν

298 3933 398 3985 τὸν
425 3931 780 4001 ἐλεγχόμενον
804 3931 957 3998 ἄγειν
981 3949 994 3962 ·
1025 3932 1160 3984 ἀλλὰ
1182 3932 1342 3984 τοῦτο
1369 3932 1466 4000 μὲν
1500 3931 1601 3984 οὐκ
1627 3932 1842 3997 ὲξανύει
1866 3949 1881 3964 ·

300 4022 661 4090 περιίσταται
690 4024 745 4076 δὲ
780 4022 928 4094 αὐτῷ
964 4023 1032 4077 τά
1056 4026 1155 4092 τῆς
1182 4025 1415 4095 σπουδῆς
1444 4026 1523 4087 εἰς
1555 4026 1880 4080 τούναντίον·

300 4114 632 4184 ἐκτραχύνει
667 4115 774 4184 γάρ
811 4113 1031 4183 μᾶλλον,
1076 4116 1168 4167 καὶ
1206 4116 1286 4177 εἰς
1330 4116 1586 4169 ἀπόνοιαν
1628 4119 1885 4188 περιτρέ-

302 4223 402 4257 πει
426 4222 438 4235 ·
491 4207 683 4258 ἑαυτόν
730 4224 788 4258 τε
822 4207 1003 4260 δίδωσι
1043 4209 1385 4277 νομισθῆναι,
1433 4208 1508 4272 ὡς
1540 4209 1659 4280 οὐχὶ
1696 4210 1885 4280 φιλαν-

296 4296 514 4365 θρώπῳ
542 4297 756 4369 γνώμῃ.
813 4300 903 4351 καὶ
957 4300 1236 4369 συμπαθεῖ
1292 4284 1549 4365 διαθέσει,
1608 4302 1885 4372 ἐπιχαιρε-

2054 3661 2415 3716 Immoderata
2462 3658 2775 3730 redargutio
2807 3659 2860 3712 in
2890 3657 3003 3712 hate
3033 3656 3139 3711 duo
3169 3655 3360 3711 incidit
3385 3673 3397 3708 :
3429 3658 3576 3727 quod

1984 3752 2234 3819 intendil,
2286 3754 2431 3807 haud
2487 3753 2728 3822 perﬁcit:
2766 3750 2963 3820 quibus
2991 3749 3183 3813 nollet,
3212 3750 3427 3805 incidit.
3483 3749 3575 3803 ln—

1996 3848 2192 3913 tendit,
2262 3847 2326 3901 ad
2386 3843 2817 3915 resipiscentiam
2872 3843 3137 3897 inducere
3186 3843 3571 3911 redargutum:

1984 3942 2088 3994 hoc
2123 3956 2233 3993 non
2258 3945 2482 4009 prmstat
2507 3956 2521 4004 ;
2558 3936 2797 3991 studium
2822 3936 3107 3990 divertilur
3134 3935 3187 3988 in
3216 3934 3573 3998 contrarium,

1995 4033 2284 4087 exacerbat
2319 4032 2498 4101 potius
2532 4038 2586 4083 et
2618 4028 2685 4082 ad
2725 4028 3165 4099 desperationem
3214 4027 3420 4098 adigit:
3454 4029 3575 4098 Opi-

1993 4125 2213 4179 nionem
2261 4125 2327 4177 de
2372 4138 2429 4177 se
2480 4124 2723 4186 suscitat,
2777 4121 2922 4190 quod
2960 4120 3268 4190 opprobriis
3310 4120 3575 4193 indulget,

1996 4216 2147 4285 quasi
2206 4215 2360 4268 malis
2397 4214 2559 4267 vicini
2611 4214 2694 4267 sui
2735 4212 2977 4284 gavisus,
3008 4226 3114 4266 non
3164 4211 3309 4282 quod
3334 4211 3576 4266 humano

1997 4308 2192 4362 atiectu
2219 4314 2314 4360 aut
2335 4306 2713 4375 compassione
2739 4313 3010 4375 tangatur.
3039 4304 3304 4370 Quocirca
3328 4306 3577 4360 consulto

300 4386 583 4440 κακοῦντα
616 4387 671 4439 δὲ
699 4389 775 4457 τῷ
807 4390 1108 4460 πταίσματι
1141 4389 1235 4443 τοῦ
1272 4392 1497 4459 πλησίον
1542 4395 1653 4455 τοῖς
1687 4392 1880 4445 ὀνείδε-

1991 4410 2045 4453 et
2100 4398 2395 4469 sapienter,
2443 4413 2568 4452 cum
2626 4395 2840 4450 Nathan
2898 4395 3106 4457 Davidi,
3152 4405 3266 4450 tum
3326 4396 3577 4453 Michazas

303 4494 392 4529 σιν
422 4477 790 4545 ἐπεμϐαίνειν.
825 4478 916 4530 Διὸ
955 4480 1189 4542 συνετῶς
1224 4480 1364 4549 ἄγαν
1409 4480 1504 4533 καὶ
1541 4481 1740 4549 σοφῶς,
1789 4483 1882 4533 καὶ

299 4569 496 4622 Νάθαν
556 4568 586 4621 6
643 4572 927 4642 προφήτης
967 4571 1042 4641 τῷ
1090 4572 1289 4636 Δαϐὶδ,
1358 4572 1453 4625 καὶ
1505 4573 1745 4642 Μιχαίας
1807 4572 1884 4641 τῷ

316 4661 545 4731 ’Ᾱχαά6,
591 4662 695 4714 ὑπὸ
729 4665 1059 4734 προσωπείῳ
1091 4666 1213 4726 τοὺς
1243 4664 1501 4733 ἐλέγχους
1553 4666 1883 4735 προσενηνό-

301 4772 466 4826 χασιν
492 4772 506 4785 ·
546 4756 663 4825 ἅμα
708 4756 807 4826 μὲν
859 4759 1184 4828 πραοτέροις
1215 4758 1619 4821 ὑπολεαίνοντες
1666 4759 1881 4821 λόγοις·

300 4849 423 4918 ἃμα
452 4848 509 4900 δὲ
540 4854 633 4901 καὶ
660 4849 746 4901 διὰ
780 4849 872 4901 τοῦ
904 4852 1139 4918 ἀγνοεῖν,
1183 4852 1263 4913 εἰς
1294 4852 1323 4902 ὃ
1358 4852 1522 4904 τείνει
1562 4851 1657 4904 καὶ
1702 4850 1883 4920 ἀφορᾷ

299 4940 366 4991 ’τὸ
394 4938 491 4991 τοῦ
543 4940 842 5010 δράματος,
903 4943 1100 5005 αὐτοὺς
1148 4944 1392 5005 ἐκείνους
1438 4944 1634 5013 κριτὰς
1683 4944 1884 4997 ἀδεκά-

302 5046 465 5093 στους
495 5031 605 5082 τῶν
636 5032 787 5103 παρὰ
836 5033 1019 5103 σφίσιν
1064 5035 1246 5098 αὐτοῖς
1273 5035 1696 5106 ἡμαρτημένων,
1745 5036 1884 5106 λαμ-

301 5120 582 5185 ϐάνοντες.
620 5125 717 5177 Διὰ
764 5124 923 5177 τοῦτο
960 5126 1068 5197 γὰρ
1126 5128 1218 5179 καὶ
1266 5128 1293 5178 ὁ
1326 5128 1420 5197 μὲν
1465 5130 1627 5198 ἤνυσε
1666 5127 1726 5180 τὸ
1776 5132 1883 5181 πᾶν

300 5215 503 5285 (ἄνδρα
544 5216 652 5287 γάρ
694 5218 895 5288 ἀρετῆς
951 5221 1220 5289 ἐραστὴν,
1290 5223 1339 5273 εἰ
1388 5222 1483 5273 καὶ
1532 5221 1884 5293 παρωλισθη-

301 5307 460 5367 κότα,
508 5307 566 5359 ἐν
609 5309 861 5376 νουθεσία
900 5311 1198 5382 διήλεγξεν)
1230 5327 1245 5341 ⁶
1270 5313 1298 5364 6
1337 5312 1416 5377 δὲ,
1447 5313 1521 5376 ὡς
1558 5317 1695 5384 πρὸς
1736 5312 1877 5385 τηλι-

300 5397 503 5450 κοῦτον
556 5400 779 5468 θηρίον,
820 5403 869 5454 εἰ
920 5404 1014 5455 καί
1079 5405 1152 5474 μὴ
1204 5405 1445 5472 ὁμοίιος,
1479 5407 1593 5458 ἀλλ’
1630 5403 1723 5460 οὖν
1787 5425 1883 5475 με-

303 5492 447 5559 γάλα
472 5492 732 5561 ἐξήνυσεν
756 5512 769 5524 ·
806 5498 884 5558 εἰς
910 5496 1073 5565 ἄλγος
1103 5500 1210 5569 γάρ
1244 5502 1338 5552 καὶ
1391 5501 1604 5571 δάκρυα
1663 5520 1882 5572 παραυ-

299 5586 452 5643 τίκα,
487 5588 535 5637 εἰ
566 5587 660 5638 καὶ
713 5588 849 5659 πρὸς
897 5589 967 5643 τὰ
1011 5591 1110 5662 τῆς
1166 5592 1487 5656 δυσσεϐείας
1546 5596 1663 5664 μετ’
1703 5597 1881 5665 ὀλίγον

300 5678 764 5750 ἐπαλινδρόμησε,
815 5684 1155 5736 συνέστειλεν
1204 5686 1372 5737 αὑτοῦ
1425 5690 1525 5756 τῆς
1565 5686 1792 5759 γνώμης
1821 5690 1881 5740 τὸ

1988 4491 2229 4551 Achabo,
2276 4500 2623 4561 personatam
2656 4498 3055 4559 repraesentant
3082 4490 3521 4560 redargutionem
3555 4505 3569 4542 :

1986 4583 2217 4636 molliori
2284 4598 2536 4637 sermone
2579 4582 2944 4646 delinientes;
2991 4591 3047 4636 et
3075 4583 3201 4650 quia
3255 4582 3575 4637 nesciebant

1987 4691 2097 4745 quo
2123 4690 2284 4730 scena
2342 4676 2612 4740 tenderet,
2648 4675 2793 4744 ipsos
2821 4675 3033 4745 jndices
3078 4675 3342 4729 habentes
3387 4675 3575 4730 crimi-

1986 4782 2119 4820 num
2182 4767 2259 4821 ab
2318 4766 2453 4837 ipsis
2498 4776 2856 4836 patratorum.
2911 4767 3035 4821 ldeo
3088 4765 3301 4821 Nathan
3346 4767 3575 4836 perfecit

1987 4859 2131 4928 quod
2166 4858 2397 4913 volebat.
2444 4860 2642 4916 Virum
2671 4859 2815 4913 enim
2857 4859 3078 4913 virtutis
3126 4867 3420 4924 amantem,
3448 4859 3573 4914 licet

1987 4950 2057 5004 ab
2100 4966 2163 5004 ea
2228 4950 2645 5015 cxorbitaverat,
2696 4951 3038 5006 admonendo
3065 4950 3341 5021 redarguit
3378 4969 3390 5004 :
3433 4951 3573 5006 alter

1987 5052 2191 5107 autem,
2219 5042 2344 5096 licet
2374 5042 2621 5096 similiter
2648 5044 2793 5112 apud
2845 5042 3005 5096 talem
3037 5041 3264 5096 bestiam
3296 5057 3407 5097 non
3438 5058 3571 5112 pro-

1988 5132 2139 5193 fecit,
2189 5132 2419 5185 multum
2456 5143 2635 5185 tamen
2679 5131 2843 5196 fecit;
2880 5130 2936 5184 in
2989 5146 3279 5184 mmrorem
3325 5131 3574 5201 protinus

1987 5234 2042 5279 et
2067 5225 2117 5276 in
2155 5225 2359 5277 luctum
2393 5224 2644 5293 conjecit,
2673 5232 2948 5292 utcunque
2972 5221 3157 5276 statim
3186 5223 3254 5276 ad
3286 5223 3572 5292 pristinam

1986 5316 2323 5386 impietatem
2372 5317 2769 5379 revertebatur,
2820 5323 3000 5368 tamen
3042 5313 3391 5382 desperatum
3454 5313 3573 5382 eius

1986 5410 2225 5462 animum
2259 5418 2311 5463 et
2343 5408 2587 5462 inﬂatum
2615 5407 2880 5461 coercuit.
2919 5404 3002 5459 Tu
3034 5412 3216 5457 autem
3242 5405 3456 5473 quories
3476 5419 3572 5458 ne-

1986 5516 2136 5554 cesse
2163 5501 2346 5563 fuerit,
2392 5498 2919 5569 reprehensionibus
2960 5496 3201 5550 admisce
3234 5496 3568 5560 comitatem,

1984 5602 2039 5647 et
2085 5594 2186 5647 sub
2241 5602 2430 5661 parato
2482 5593 2810 5654 velamento,
2861 5588 3154 5644 admonitis
3221 5597 3273 5641 te
3335 5588 3567 5657 applica,

1986 5697 2148 5757 atque
2182 5688 2254 5741 ita
2288 5689 2479 5757 magis,
2508 5687 2653 5756 quod
2686 5685 2923 5751 conaris,
2965 5682 3264 5754 perfectum
3295 5682 3466 5737 dabis.

301 5769 742 5841 ἀπονενοημένοι
780 5775 875 5828 καὶ
915 5776 1254 5846 φυσώμενον.
1311 5779 1421 5831 Καὶ
1466 5779 1531 5832 σὺ
1584 5781 1790 5845 τοίνυν,
1827 5784 1883 5834 ἐν
1922 5776 2004 5844 οἷς
2072 5783 2105 5851 ἡ
2131 5782 2289 5850 χρεία
2322 5780 2497 5846 καλεῖ,
2573 5779 2844 5851 ἐπιεικείᾳ
2886 5777 3092 5850 κιρνῶν
3129 5777 3252 5840 τοὺς
3290 5776 3567 5847 ἐλέγχους,

306 5862 398 5912 καὶ
429 5860 533 5913 ὑπὸ
561 5864 856 5936 προσούρῳ
881 5868 1346 5939 παραπετάσματι
1378 5873 1487 5934 τοῖς
1509 5872 1953 5943 νουθετουμένοις
1991 5872 2460 5943 προσφερόμενος,
2482 5870 2684 5941 μᾶλλον
2717 5869 2996 5935 ὲξανύσεις
3020 5869 3080 5924 τὸ
3109 5868 3563 5938 σπουδαζόμενον.

3458 413 3566 475 eoo
3717 458 3721 465 .
