4024 6472
463 409 566 475 967

1059 512 1274 568 EPIST.
1307 511 1443 565 LIX.

863 606 1239 678 Tlieopltylacto
1271 604 1602 674 aspathario.

1573 457 1576 459 _
1601 395 1864 458 PHOTII
1899 396 2401 458 PATRIARCHJE
2441 396 2552 457 ΟΡ.

2059 509 2111 570 Α

3617 387 3724 464 968

2726 503 2950 560 ΕΠΙΣΤ.
2990 504 3118 560 ΝΘ’.

2534 597 2924 667 Θεοφυλάκτφ
2980 595 3349 666 ἀσπαθαριῳ.

1687 716 1955 766 Monlacut.
1991 713 2096 777 (ep.
2133 713 2243 774 εει,
2275 726 2324 775 p.
2360 713 2491 774 335).

531 832 777 895 Orarem,
810 835 872 882 ut
921 838 1202 895 nunquam
1259 823 1303 878 si
1345 821 1459 877 ﬁeri
1505 822 1577 876 ita
1609 831 1819 892 posset,
1854 820 2046 876 morbo

458 926 700 986 labores,
746 936 849 975 nec
879 918 1090 973 medica
1117 926 1235 971 arte
1274 915 1516 985 indigeas
1542 931 1554 965 :
1588 916 1695 979 sin,
1727 915 1854 984 quia
1881 915 2045 969 homo

458 1032 546 1082 es,
575 1012 888 1069 necessario
941 1018 1190 1079 aegrotas,
1229 1007 1492 1071 secundo,
1528 1016 1580 1061 te
1629 1007 1739 1062 cito
1796 1007 2051 1062 convale-

460 1123 631 1170 scere,
662 1115 718 1160 et
747 1103 945 1159 talibus
977 1117 1066 1158 me
1105 1102 1264 1157 donis
1316 1113 1690 1164 remunerare,
1719 1114 1914 1170 nempe
1941 1097 2051 1154 Deo

460 1201 710 1272 ingentes
753 1199 1047 1252 habentem
1097 1194 1317 1266 gratias,
1374 1189 1708 1262 pauperibus
1755 1191 2037 1260 opitulan-

465 1303 595 1358 tem,
678 1290 1017 1355 debitoribus
1089 1289 1490 1343 condonantem
1541 1283 1742 1339 debita.
1795 1282 2044 1337 Talibus-

463 1385 610 1440 modi
666 1383 978 1454 ingentibus
1007 1396 1137 1436 sane
1167 1380 1326 1435 donis
1371 1392 1712 1448 nequaquam
1741 1375 2044 1430 exsaturari

462 1477 549 1532 vel
590 1475 758 1530 laetari
789 1474 1054 1529 desinam.

1132 1580 1353 1637 EPIST.
1383 1581 1500 1636 LX.

1052 1675 1284 1730 Manueli
1307 1674 1530 1739 patricio

2213 818 2490 888 Εὐξαίμην
2536 833 2621 871 αν.
2663 833 2820 884 ε.περ
2877 816 3026 886 ἐνῆν,
3089 815 3359 898 μηδέποτε
3391 834 3451 870 σε
3482 833 3719 888 περιπε-

2147 911 2261 962 σεῖν
2293 911 2456 980 νόσῳ,
2493 907 2614 980 μηδ’
2647 908 2976 978 ἀκεστορίης
3003 908 3196 962 ἐπιδεᾶ
3223 909 3478 978 γενέσθαι
3503 910 3720 980 τέχνης.

2146 1004 2208 1056 Ei
2232 1002 2276 1056 δ’
2305 1003 2591 1073 ἄνθρωπον
2629 1000 2782 1065 ὅντα,
2809 1001 2904 1053 καὶ
2932 1003 3108 1054 νοσεῖν
3137 1001 3351 1070 ἀνάγκη
3379 1016 3393 1031 ο
3431 1001 3548 1054 ἀλλ’
3579 1001 3724 1056 οὓτω

2145 1115 2206 1151 τε
2249 1095 2430 1168 ῥᾳδίου
2462 1095 2747 1164 τυγχάνειν
2811 1093 2915 1163 τῆς
2951 1093 3266 1164 θεραπείας,
3313 1094 3408 1147 καὶ
3463 1096 3724 1158 τοιούτοις

2151 1189 2299 1258 ἡμᾶς
2329 1184 2652 1256 ἀμείϐεσθαι
2688 1183 2885 1255 δώροις
2908 1199 2923 1216 ⁸
2959 1183 3079 1255 Θεῷ
3112 1185 3213 1256 μὲν
3249 1185 3488 1256 μεγάλας
3512 1185 3722 1255 ἀναφέ-

2147 1297 2306 1350 ροντα
2329 1279 2427 1342 τὰς
2457 1278 2826 1349 εὐχαριστίας,
2861 1277 3056 1349 πένησι
3085 1277 3144 1330 δὲ
3175 1277 3494 1348 βοηθοῦντα,
3521 1279 3726 1334 λύοντα

2144 1371 2200 1425 δὲ
2233 1374 2326 1426 καὶ
2354 1374 2465 1434 τοῖς
2485 1371 2820 1442 χρεωστοῦσι
2858 1369 3014 1433 δίκας
3053 1369 3154 1433 τὰς
3184 1372 3404 1440 ὀφειλάς
3426 1388 3441 1403 ο
3468 1375 3586 1438 ταῖς
3616 1374 3731 1444 γὰρ

2142 1463 2419 1527 τοιαύταις
2457 1462 2578 1516 οὐδὲ
2609 1463 2768 1533 κόρον
2801 1462 2960 1532 ῐσμεν
2985 1462 3236 1534 ἡδόμενοι
3271 1465 3729 1538 μεγαλοδωρεαῖς.

2753 1573 2978 1627 ΕΠΙΣΤ.
3029 1575 3104 1627 Ξν.
3743 1549 3754 1560 ’

2600 1664 2894 1734 Mar-th
2955 1667 3266 1736 πατρικίφ,

1699 1790 1967 1840 Montacut.
1993 1788 2096 1853 (ep.
2120 1788 2230 1852 226,
2269 1800 2320 1851 p.
2344 1786 2456 1849 354)

548 1901 663 1957 Non
695 1899 909 1964 latebis,
943 1897 1156 1954 etiamsi
1205 1897 1397 1963 lateas,
1437 1895 1533 1951 Dei
1568 1899 1784 1952 oculum
1828 1914 1937 1953 non
1968 1898 2046 1952 la--

2219 1895 2333 1950 Οὐκ
2349 1896 2413 1950 ἂν
2436 1895 2641 1959 λαοοις,
2668 1894 2778 1948 οὐδ’
2798 1893 2864 1949 ἂν
2896 1893 3096 1960 λάθοις,
3121 1894 3213 1950 τὸν
3238 1895 3506 1968 ἀλάθητον
3530 1897 3736 1965 ὀφθαλ.

472 1995 702 2058 tibilem,
743 1993 836 2064 qui
869 2007 931 2046 ea
955 1993 1088 2063 agis,
1125 2001 1180 2046 ct
1203 2006 1454 2062 apparas,
1488 1991 1686 2062 quibus
1713 2008 1800 2046 me
1826 2007 1922 2063 per
1943 1993 2053 2046 vim

472 2102 504 2140 e
544 2087 654 2140 vita
713 2085 989 2140 extrahas.
1035 2083 1138 2150 Qui
1198 2092 1395 2153 praeter
1447 2083 1755 2138 ordinatam
1802 2093 2052 2149 mortem,

473 2193 570 2248 per
598 2177 756 2231 aliam
792 2177 934 2231 viam
968 2176 1076 2230 vita
1104 2176 1358 2230 homines
1383 2176 1584 2245 privat,
1615 2175 1744 2231 licet
1776 2190 1940 2229 manu
1962 2191 2059 2229 en-

473 2285 588 2324 sem
635 2283 749 2322 non
797 2277 1000 2332 teneat,
1066 2281 1166 2322 nec
1225 2266 1398 2338 tingat
1448 2267 1600 2320 illum
1636 2265 1921 2338 sanguine,
1975 2274 2060 2322 est

473 2360 834 2415 nihilominus
882 2357 1192 2424 homicida;
1233 2357 1394 2412 etiam
1437 2373 1560 2411 cum
1586 2349 1907 2412 carniﬁcem
1948 2370 2060 2411 non

475 2450 734 2520 appellet.
781 2447 836 2502 Si
865 2448 987 2503 talia
1015 2457 1252 2518 patrare,
1286 2445 1575 2500 tribunalia
1608 2445 1846 2500 cwlestia
1873 2443 2063 2499 reddat

480 2539 934 2610 implacabiliora,
989 2551 1270 2607 quousque
1308 2546 1364 2591 tu
1421 2544 1473 2590 te
1533 2551 1642 2591 non
1680 2535 1938 2604 expedies
1989 2533 2060 2588 ab

479 2635 610 2698 illis,
639 2632 734 2703 qui
767 2639 875 2686 tam
907 2633 1106 2686 acerbe
1134 2629 1268 2684 olim
1302 2628 1396 2694 ibi,
1423 2629 1568 2698 quod
1599 2642 1702 2702 ego
1737 2627 1938 2682 nollem
1961 2625 2058 2679 tibi

477 2726 820 2796 contingere,
850 2739 922 2779 ne
951 2722 1171 2792 quidem
1205 2722 1249 2776 si
1287 2721 1466 2776 adhuc
1499 2721 1668 2790 magis
1697 2721 1754 2774 in
1798 2734 1883 2773 me
1914 2717 2058 2772 fera-

479 2817 576 2880 ris,
609 2817 813 2871 frustra
840 2825 1022 2871 tamen
1056 2823 1112 2869 et
1155 2814 1274 2868 sine
1323 2813 1524 2879 fructu,
1565 2812 1631 2868 ad
1655 2826 1776 2866 oua:
1808 2810 2059 2865 homines

481 2908 720 2978 undique
745 2914 1028 2980 gementes
1070 2905 1528 2960 transmittuntur.

1102 3019 1276 3074 PIST.
1311 3019 1450 3074 LXI.

682 3112 863 3167 Leonti
911 3121 962 3168 et
991 3111 1237 3170 Galatom'
1267 3111 1539 3182 fratribus,
1575 3128 1607 3164 a
1635 3121 1860 3165 secretis.

2156 1988 2255 2060 μὸν
2280 1986 2374 2040 τοῦ
2401 1985 2558 2050 Θεοῦ,
2588 1987 2772 2039 ἐκεῖνα
2807 1986 3063 2056 πράττων
3101 1986 3195 2038 καὶ
3233 1987 3731 2058 κατασκευαζόμεο

2154 2099 2265 2145 νος,
2288 2080 2355 2133 δι’
2381 2075 2457 2134 ὧν
2494 2080 2645 2150 ἡμᾶς
2677 2078 2897 2147 ὲξάγοις
2931 2078 3022 2150 βίᾳ
3041 2079 3135 2132 τοῦ
3163 2079 3285 2148 ζῇν.
3323 2079 3385 2132 Ὀ
3419 2082 3528 2152 γάρ
3562 2082 3735 2151 παρὰ

2154 2175 2245 2226 τὸν
2273 2172 2560 2244 ὁρισθέντα
2581 2175 2646 2244 τῇ
2674 2171 2834 2240 φύσει
2857 2172 3105 2237 θάνατον,
3130 2171 3316 2242 ἕτερον
3342 2171 3544 2243 τρόπον
3571 2173 3707 2226 ἐλαύ

2155 2284 2261 2320 νων
2287 2262 2607 2335 ἀνθρώπους
2629 2261 2724 2317 τοῦ
2750 2263 2888 2334 βίου,
2924 2264 2974 2316 εί
2995 2262 3091 2316 καὶ
3127 2263 3201 2334 μὴ
3228 2267 3294 2335 τῇ
3319 2265 3464 2335 χειρὶ
3483 2263 3543 2317 τὺ
3571 2262 3734 2332 ξίφος

2159 2360 2340 2430 φέρων
2383 2358 2578 2428 βάπτοι
2626 2359 2695 2428 τῇ
2727 2359 2932 2428 σφαγῇ,
2967 2356 3082 2410 ἀλλ’
3113 2354 3205 2411 οὖν
3236 2357 3556 2428 ἀνδροφόνος
3585 2359 3734 2409 ἐστί·

2159 2451 2266 2505 κᾶν
2300 2451 2470 2522 μήπω
2493 2451 2584 2504 τὸν
2604 2451 2800 2521 δήμιον
2827 2451 2948 2520 ὁρᾷ.
2980 2451 3043 2502 Ei
3077 2448 3135 2502 δὲ
3158 2448 3254 2502 καὶ
3282 2450 3343 2502 τὸ
3373 2459 3394 2486 ι’
3417 2449 3589 2502 ταῦτα
3614 2449 3741 2502 δια-

2159 2545 2371 2612 φυγεῖν,
2412 2540 2772 2612 χαλεπώτερα
2803 2541 2872 2593 τὰ
2902 2541 3112 2594 ἐκεῖθεν
3156 2541 3516 2612 δικαιωτήρια
3559 2542 3737 2602 ποιεῖ,

2162 2633 2322 2702 μέχρι
2369 2634 2519 2695 τίνος
2544 2633 2643 2684 οὐκ
2687 2633 2974 2704 ἀποστήσῃ
3007 2631 3200 2686 σαυτὸν
3258 2632 3368 2685 τῶν
3401 2633 3604 2697 ἐκεῖσε,
3641 2649 3740 2684 πι-

2155 2723 2305 2792 κρῶς
2334 2723 2494 2786 οὕτω,
2531 2723 2625 2776 καὶ
2666 2723 2741 2785 ὡς
2763 2722 2862 2776 οὐκ
2899 2721 2965 2775 ἂν
3003 2722 3179 2792 ἔγωγε
3227 2721 3569 2794 βουληθείην,
3620 2723 3738 2776 οὐδ’

2158 2814 2224 2867 ἂν
2253 2815 2414 2867 πλέον
2445 2814 2909 2884 ἐπιϐουλευθείην,
2958 2816 3146 2886 μακρά
3205 2817 3300 2868 καὶ
3347 2815 3528 2886 μάτην
3562 2814 3738 2885 οἰμῶ-

2158 2903 2338 2971 ζοντα,
2369 2905 2464 2960 καὶ
2496 2906 3020 2977 κατολοφυρόμενον,
3056 2908 3557 2979 παραπεμπόντων.

2753 3019 2977 3073 ΕΠΙΣΤ.
3009 3020 3128 3074 EA’.

2232 3109 2444 3166 Λέοντι
2482 3110 2581 3166 καὶ
2639 3112 2951 3166 Γαλάτωνι
2986 3111 3269 3182 ἀδελφοις
3307 3112 3665 3184 ἀσηκρῆτις.

1723 3230 1991 3282 Monlacut.
2028 3231 2129 3296 (ep.
2153 3233 2263 3293 232,
2285 3246 2336 3294 p.
2372 3230 2484 3292 546)

558 3333 808 3388 Anatolio
835 3333 927 3389 illo
970 3333 1115 3390 bono
1147 3332 1375 3404 (nescio
1413 3349 1484 3388 an
1509 3333 1626 3405 ipse
1669 3334 1912 3392 ﬁctiones
1939 3335 2056 3392 illas

2233 3333 2357 3387 Τῶν
2395 3333 2699 3387 ’Δνατολιου
2747 3350 2842 3388 του
2889 3333 3057 3388 καλοῦ
3083 3334 3419 3405 πλασμάτων
3444 3337 3567 3403 (οὐκ
3615 3333 3740 3394 οῖδα

489 3434 833 3482 commentus
858 3435 966 3488 est,
996 3441 1064 3480 an
1092 3426 1318 3481 alterius
1348 3425 1516 3481 fetum
1572 3427 1970 3498 supposititium
2001 3430 2055 3482 in

490 3534 648 3575 suum
699 3517 1010 3588 adoptat?)
1051 3518 1259 3572 Pontus
1296 3517 1588 3588 impletur;
1621 3529 1729 3574 tam
1761 3519 2056 3576 vehemen-

489 3617 594 3672 tes,
638 3617 752 3662 tam
801 3608 1115 3679 frequentes
1165 3618 1293 3664 sunt
1325 3610 1734 3666 mendaciorum
1775 3613 1951 3678 venti;
1985 3613 2056 3667 ita

490 3700 731 3771 undique
767 3699 1016 3771 perﬂant,
1051 3710 1110 3756 ut
1142 3717 1244 3756 nec
1272 3702 1460 3774 Argoae
1483 3704 1681 3774 puppis
1705 3704 1896 3759 Nautae
1917 3705 2059 3759 cele-

489 3793 738 3861 brentur,
788 3809 892 3848 nec
923 3794 1096 3848 vellus
1133 3810 1380 3861 aureum,
1425 3811 1529 3852 nec
1575 3797 1845 3866 spirantes
1879 3798 2058 3868 ignem

492 3883 656 3951 tauri,
720 3885 806 3939 vel
868 3883 1230 3940 multiformes
1291 3886 1576 3950 dracones,
1624 3899 1728 3942 nec
1761 3903 1882 3957 qua
1932 3899 2061 3943 sunt

492 3979 610 4033 aliae
634 3988 954 4034 monstrosa:
987 3979 1184 4033 l’abulze
1215 3979 1476 4050 deinceps
1521 3981 1814 4052 ﬁngantur.
1849 3981 2058 4035 Novitia

491 4068 892 4123 mendaciorem
925 4068 1214 4140 hyperbole
1239 4068 1452 4134 elliciet,
1477 4079 1537 4123 ut
1560 4069 1650 4124 illa
1678 4069 1916 4125 absoleta
1946 4070 2061 4125 fere

493 4156 655 4212 ﬁdem
692 4165 1024 4224 mereantur,
1062 4172 1238 4226 neque
1296 4157 1443 4212 enim
1494 4166 1621 4212 ante
1658 4159 1897 4228 quinque
1921 4159 2057 4224 dies,

493 4263 605 4302 non
637 4257 766 4303 ante
813 4247 970 4308 duos.
1003 4248 1113 4304 imo
1156 4263 1226 4302 ne
1266 4258 1396 4304 ante
1448 4264 1612 4303 unam
1644 4249 1833 4304 horam
1859 4251 1927 4306 ad
1961 4266 2062 4306 nos

495 4339 727 4395 accessit
753 4339 947 4409 aliquis
971 4339 1114 4394 inter
1151 4356 1246 4394 eos
1274 4349 1614 4404 numeratus,
1643 4342 1736 4412 qui
1769 4349 1900 4396 sunt
1938 4359 2060 4399 cum

495 4429 745 4499 imperio,
775 4445 878 4484 nec
913 4431 1004 4500 qui
1040 4431 1266 4500 imperio
1314 4442 1542 4502 parent;
1595 4448 1704 4488 non
1731 4433 2060 4500 tabellarius,

504 4537 616 4575 non
644 4520 850 4575 litteras
877 4530 1166 4583 annotans,
1201 4537 1311 4577 non
1357 4524 1623 4578 bonorum
1658 4527 1910 4590 nuntius,
1952 4542 2061 4581 non

496 4612 900 4667 adversantium
935 4613 1202 4678 famulus;
1247 4615 1357 4669 imo
1378 4631 1500 4686 quae
1526 4632 1674 4673 nunc
1695 4617 1750 4672 in
1780 4619 2063 4688 promissis

2161 3425 2219 3479 δὲ
2241 3425 2472 3496 πότερον
2497 3424 2659 3487 αὑτός
2684 3425 2802 3477 ὲστι
2833 3425 3037 3496 πατὴρ,
3075 3425 3106 3497 ἢ
3149 3426 3573 3496 ὑποϐολιμαίους
3617 3429 3743 3483 ἑτέ-

2169 3534 2280 3589 ρων
2311 3519 2547 3570 ποιεῖται
2575 3517 2764 3586 γονὰς)
2807 3517 3022 3589 πλήρης
3057 3519 3088 3572 ὀ
3121 3518 3316 3583 πόντος
3352 3520 3612 3589 ἐγένετο·
3643 3525 3743 3576 καὶ

2162 3607 2308 3662 οὕτω
2344 3609 2440 3676 μὲν
2479 3607 2728 3678 σφοδραὶ,
2761 3607 2906 3662 οὕτω
2929 3609 2988 3662 δὲ
3017 3613 3260 3680 συνεχεῖς
3283 3612 3340 3664 αῖ
3369 3609 3463 3664 τοῦ
3507 3611 3742 3682 ψεύδους

2163 3694 2329 3770 αὖραι
2369 3699 2785 3765 καταπνέουσιν,
2838 3701 2914 3764 ὡς
2959 3701 3084 3772 μηδ’
3125 3697 3206 3766 οἷς
3237 3702 3406 3774 ἡτῶν
3457 3703 3518 3756 ἐν
3558 3704 3744 3774 Ἀργῶ

2164 3791 2467 3862 πλωτήρων
2489 3793 2665 3863 πλάνη
2694 3794 3037 3864 σεμνύνεται,
3069 3795 3130 3848 τὸ
3156 3795 3532 3866 χρυσόμαλλον
3552 3797 3741 3867 δέρας,

2165 3887 2259 3938 καὶ
2290 3886 2416 3948 τοὺς
2437 3886 2764 3956 πυριπνόους
2790 3885 3046 3957 ταύρους,
3081 3887 3178 3940 καὶ
3208 3889 3334 3952 τοὺς
3355 3889 3744 3960 πολυμόρφως

2164 3975 2485 4047 δράκοντας,
2515 3977 2611 4030 καὶ
2631 3977 2730 4048 τὴν
2745 3977 2912 4049 ἀλλην
2932 3981 3240 4049 τερατείαν,
3266 3981 3404 4052 μηδὲ
3423 3981 3596 4035 ταῦτα
3630 3981 3746 4033 λοι-

2168 4067 2268 4121 πὸν
2313 4070 2394 4130 εἰς
2430 4067 2632 4137 μύθους
2679 4070 3080 4140 ἀναφέρεσθαι·
3111 4074 3180 4143 τῇ
3219 4073 3329 4144 γὰρ
3367 4074 3609 4144 νεωτέρα
3647 4069 3746 4126 τοῦ

2165 4156 2391 4227 ψεύδους
2425 4158 2724 4229 ὑπερϐολῇ,
2753 4159 2912 4230 ἔσχεν
2949 4161 3192 4216 ἀνελθεῖν
3222 4164 3406 4218 ἐκεῖνα
3441 4164 3511 4217 τὰ
3533 4163 3746 4218 παλαιὰ

2167 4250 2248 4311 εἰς
2282 4249 2464 4301 είκόνα
2488 4247 2580 4300 τοῦ
2628 4249 3005 4306 πιστεύεσθαι.
3035 4253 3169 4305 Οὐδὲ
3201 4253 3336 4323 γὰρ,
3385 4254 3748 4326 οὐδ’ήμερῶν

2167 4340 2274 4409 πρὸ
2291 4339 2475 4406 πέντε,
2511 4339 2631 4393 οὐδὲ
2666 4341 2772 4410 πρὸ
2809 4341 2922 4407 δύο,
2973 4344 3033 4395 ού
3078 4344 3177 4415 μὲν
3211 4344 3304 4398 οὖν
3333 4345 3449 4398 ἀλλ’
3482 4346 3604 4400 οὐδὲ
3641 4347 3748 4418 πρὸ

2173 4434 2301 4502 μιᾶς
2327 4431 2496 4505 ὥρας,
2527 4433 2698 4498 οὐδεὶς
2723 4435 2950 4503 ἀφίκετο
2982 4437 3117 4507 πρὸς
3137 4438 3307 4507 ἡμᾶς,
3339 4439 3400 4491 οὐ
3421 4437 3527 4492 τῶν
3553 4440 3747 4510 ἄρχειν

2169 4526 2462 4596 λαχόντων,
2497 4527 2558 4579 οὺ
2584 4527 2693 4579 τῶν
2719 4527 2929 4598 ἑτέροις
2952 4527 3394 4602 πειθαρχούντων
3416 4545 3431 4561 ⁶
3465 4531 3526 4583 ού
3558 4548 3747 4602 γραμ-

2174 4619 2527 4690 ματηφόρος’
2587 4619 2688 4672 οὐκ
2733 4620 3132 4691 ἐπισημότερος
3194 4621 3580 4693 γραμμάτων
3647 4623 3746 4676 οὐκ

499 4703 787 4767 dabantur,
821 4719 945 4759 cum
973 4705 1244 4774 prioribus
1294 4705 1611 4778 diSperiere,
1646 4725 1828 4765 aerem
1854 4720 2060 4766 tantum

2169 4678 2676 4776 nyafl'tiw'avyelor
2706 4710 2803 4780 οὐχ
2841 4678 3286 4783 ὑπηρετούϋμενός
3309 4678 3423 4777 τόῖς
3452 4713 3742 4776 ἐναντίοιςο

497 4795 888 4850 vcrberantia?
935 4795 1079 4862 Quid
1132 4797 1254 4853 dico
1290 4798 1345 4853 in
1390 4803 1724 4870 promissis?
1759 4819 1868 4859 non
1924 4808 2069 4862 enim

500 4889 953 4958 promittebantur
972 4899 1202 4956 tantum,
1237 4891 1330 4948 sed
1359 4894 1636 4964 placituris
1667 4896 1890 4954 isthisce
1928 4900 2074 4954 clare

501 4979 573 5031 ob
599 4980 787 5032 oculos
841 4982 1391 5049 repraesentabantur,
1436 4995 1712 5056 utcunque
1745 5002 1816 5042 ne
1867 5003 1964 5058 per
1989 4990 2076 5043 in-

503 5071 779 5124 somnium
831 5073 1219 5127 cernebantur.
1283 5072 1416 5129 Nam
1452 5076 1515 5130 ab
1560 5077 1718 5133 initio
1747 5095 1846 5149 per
1891 5081 2076 5151 .magi-

504 5153 748 5208 nationes
795 5155 933 5210 haud
981 5156 1179 5212 alicubi
1222 5158 1582 5216 subsistentes
1635 5163 1887 5229 conﬁcta,
1928 5164 2071 5219 circa

505 5246 721 5300 easdem
754 5262 970 5317 quoque
991 5248 1310 5305 dlllluxere:
1347 5263 1748 5322 verumtamen,
1771 5257 1915 5326 quod
1948 5259 2073 5312 nul-

507 5336 592 5391 lus
608 5337 862 5404 arbitror,
881 5341 1148 5395 mendacii
1178 5342 1519 5400 continuatio
1545 5346 1719 5402 cuivis
1749 5347 1816 5403 de
1847 5349 1913 5403 iis
1940 5349 2077 5404 divi-

508 5425 674 5480 nandi
725 5426 891 5482 faciet
947 5437 1274 5497 potestatem
1333 5444 1731 5492 exaccuratam.
1796 5437 1950 5503 Quod
1998 5437 2078 5501 si,

509 5524 701 5570 contra
731 5517 1072 5588 opinionem,
1117 5534 1240 5574 cum
1288 5523 1518 5580 veritate
1555 5526 2084 5595 coinciderint;om-

2169 4799 2309 4852 ἀλλὰ
2336 4800 2446 4871 γὰρ
2491 4801 2586 4853 καὶ
2637 4800 2707 4854 τὰ
2753 4801 2848 4855 νῦν
2879 4802 3234 4874 ὑπεσχημένα
3275 4806 3390 4867 τοῖς
3431 4803 3746 4874 ἔμπροσθεν

2172 4891 2543 4956 συναπώλετο,
2579 4893 2670 4946 τὸν
2693 4893 2832 4965 ἀέρα
2871 4895 3034 4964 μόνον
3070 4898 3449 4970 κτυπήσαντα.
3487 4898 3552 4950 Τί
3581 4897 3636 4950 δὲ
3661 4897 3744 4949 δεῖ

2171 4984 2351 5053 λέγειν
2381 4985 2770 5056 ύπεσχημένας
2795 4987 2856 5041 οὐ
2884 4991 2993 5059 γὰρ
3017 4989 3373 5060 ὑπεσχημένα
3401 4989 3582 5059 μόνον,
3610 4990 3747 5042 ἀλλά

2174 5091 2237 5142 γε
2266 5077 2380 5139 τοῖς
2439 5078 2820 5147 χαριεστάτοις
2857 5079 3097 5131 τουτοισὶ
3139 5080 3234 5132 καὶ
3291 5081 3399 5149 πρὸ
3450 5079 3744 5150 ὀφθαλμῶν

2168 5165 2438 5238 λαμπρῶς
2467 5168 2718 5239 κείμενα,
2750 5171 2800 5222 εἰ
2831 5172 2926 5224 καὶ
2969 5171 3092 5242 μηδ’
3134 5171 3365 5242 ὀνείροις
3405 5171 3703 5242 ὼράθησαν
3727 5187 3740 5202 ο

2173 5259 2267 5312 καῖ¹
2294 5260 2402 5328 γὰρ
2426 5259 2523 5330 τὴν
2549 5261 2744 5332 ἀρχὴν,
2769 5263 2851 5326 είς
2887 5263 3266 5333 ἀνυπάρκτους
3296 5263 3745 5335 διαπεπλασμένα

2176 5352 2497 5418 φαντασίας,
2555 5355 2684 5422 περὶ
2717 5355 2907 5417 αὑταῖς
2953 5356 3048 5408 καὶ
3087 5357 3535 5428 κατεῤῥυήκεσαν
3562 5373 3574 5386 ·
3608 5357 3746 5426 πλὴν

2179 5439 2313 5506 ἀλλ’,
2355 5442 2492 5512 ὅπερ
2517 5443 2615 5514 οὐχ
2644 5444 2911 5515 ἡγοῦμαι,
2938 5449 2968 5516 ἡ
3003 5446 3256 5517 συνέχεια
3281 5448 3338 5500 δὲ
3367 5447 3462 5500 τοῦ
3497 5446 3744 5518 ψεύδους,

2179 5532 2278 5600 τὴν
2310 5532 2397 5584 ἐπ’
2430 5535 2612 5598 αὐτοῖς
2646 5539 2912 5608 μαντικὴν
2957 5539 3120 5592 παντὶ
3161 5538 3460 5610 παρέχεται
3501 5539 3744 5611 ἀκριϐώ-

1853 5684 2084 5743 VARl/E
2113 5687 2515 5745 LECTIONES.

591 5837 614 5866 ⁸
646 5831 728 5886 ισ.
760 5833 855 5887 καὶ
885 5832 1123 5904 μετάτό..
