4024 6496
522 474 618 538 971

1655 471 1914 532 ΡΗΟΤΙΙ
1950 471 2457 534 PATRIARCH/E
2497 476 2607 536 CP.

3657 484 3770 546 9'72

514 589 702 650 parata
733 586 817 630 est
845 575 909 628 ad
940 576 1424 647 germinationem,
1457 583 1510 631 et
1541 575 1644 630 falx
1679 578 1962 632 mortifera
2011 578 2091 632 vi-

2197 584 2607 654 απεμαραίνετο
2642 587 2762 650 ταῖς
2791 587 3005 659 ῥίζαις·
3038 591 3072 662 ἡ
3126 591 3290 661 φύσις
3340 593 3475 662 πρὸς
3531 592 3771 664 βλάστην

509 669 758 723 secribus
789 667 950 720 altius
980 667 1220 722 immissa
1251 669 1377 723 vita:
1413 668 1577 724 vitam
1611 668 2094 736 demessuit.._Qu:e

505 758 816 813 suffectura:
869 757 996 811 huic
1054 757 1206 811 casui
1238 757 1522 828 lacrymaa?
1575 757 1783 821 luctus.
1826 759 2088 824 lamenta,

506 851 741 922 gemitus
784 849 998 918 qualis?
1043 864 1105 904 os
1145 849 1435 920 longojllo
1468 859 1524 904 et
1567 849 1825 920 fugiendo
1872 849 2091 904 silentio

506 941 814 1003 obturatur,
864 938 1195 993 clauduntur
1245 939 1421 1004 labia,
1465 954 1574 993 non
1626 939 1944 1010 gravitatem
1991 939 2090 994 de-

505 1030 885 1094 monstrantia,
917 1046 1030 1085 non
1059 1046 1240 1086 mores
1272 1031 1608 1101 compositos
1652 1029 1965 1096 referentia,
1995 1028 2091 1084 sed

504 1122 571 1175 ad
606 1121 1019 1176 dissolutionem
1057 1122 1314 1175 conclusa
1355 1139 1368 1174 :
1406 1129 1462 1175 at
1495 1119 1666 1190 quid?
1707 1119 1893 1186 oculi},
1934 1120 2042 1174 heu
2069 1157 2084 1182 .

505 1213 684 1282 passio
717 1213 833 1268 haec
863 1212 1142 1267 silentium
1170 1222 1421 1283 superat,
1447 1228 1554 1268 nec
1579 1213 1819 1268 admittit
1847 1213 2092 1268 consola-
2128 1237 2143 1247 -

506 1305 746 1369 tionem‘,
810 1304 953 1359 oculi
1015 1304 1308 1374 (quomodo
1363 1305 1416 1360 id
1446 1303 1834 1374 exprimam?)
1871 1318 2088 1358 omnem

505 1396 726 1450 vitalem
776 1395 1043 1464 liquorem
1084 1405 1433 1460 evacuantcs,
1475 1395 1734 1465 reliquias
1786 1395 2089 1448 immittunt

507 1489 562 1542 in
595 1487 755 1548 cilia;
790 1487 958 1540 malas
989 1503 1088 1556 pro
1122 1487 1432 1541 rubicunda
1462 1487 1701 1541 tinctura
1735 1486 1968 1540 naturali
2003 1494 2087 1539 te-

504 1579 773 1631 nebrosus
801 1585 857 1631 et
885 1577 1134 1632 mortifer
1168 1578 1384 1647 inungit
1423 1578 1592 1643 color,
1641 1577 1830 1632 formae
1869 1591 2087 1631 omnem

506 1668 814 1737 exspoliaus
855 1677 1218 1723 venustatem.
1251 1667 1447 1723 Vultus
1475 1668 1709 1738 denique
1741 1677 1888 1723 totus
1934 1676 1992 1721 ut
2031 1666 2087 1720 in

505 1756 598 1811 tali
641 1771 792 1823 casu,
837 1756 1210 1826 spectaculum
1253 1757 1596 1812 intuentibus
1640 1757 1942 1811 timendum
1988 1771 2086 1809 ex-

506 1845 660 1901 hibet
701 1856 757 1901 et
807 1847 1076 1901 terribile.
1116 1845 1250 1911 Quae
1288 1847 1404 1901 haec
1438 1845 1676 1901 invidia?
1719 1862 1838 1916 quae
1883 1845 2080 1915 injuria

2201 673 2467 742 εἱστήκει,
2512 675 2692 729 καὶτὸ
2719 676 2814 730 τοῦ
2847 677 3080 733 θανάτου
3112 680 3379 751 δρέπανον
3399 680 3775 751 ἐμϐαθυνόμε-

2199 779 2288 816 νον
2326 765 2440 823 τοῖς
2468 763 2823 835 σπλάγχνοις,
2854 769 2946 821 καὶ
2983 769 3154 840 αὐτὴν
3187 770 3333 841 ζωὴν
3361 771 3632 842 ἐξεθέριζε
3671 771 3771 825 τοῦ

2199 853 2339 923 βίου.
2369 855 2528 908 Ποῖον
2566 855 2801 926 δάκρυον
2826 859 3049 929 ἀρκέσει
3073 860 3152 930 τῷ
3188 861 3352 914 πάθει
3375 878 3390 927 ;
3417 861 3501 924 τίς
3545 878 3774 930 στεναγ·

2202 946 2338 1015 μός;
2399 947 2634 1018 ὀδυρμὸς
2673 948 2731 1001 δέ
2773 953 2966 1014 ποῖοςς
3025 953 3154 1022 σιγᾷ
3199 952 3376 1022 στόμα
3412 952 3514 1022 τὴν
3549 953 3774 1022 μακρὰν

2198 1036 2415 1107 ἐκείνην
2441 1039 2536 1092 καὶ
2565 1038 2807 1109 φευκτὴν
2837 1041 3066 1109 σιωπὴν,
3093 1041 3190 1094 καὶ
3219 1041 3372 1110 χείλη
3403 1041 3670 1110 μέμυκεν,
3707 1041 3772 1092 ού

2199 1129 2504 1198 σεμνότητα
2541 1128 2898 1200 διηγούμενα,
2948 1132 3158 1184 οὐδὲτὸ
3199 1132 3294 1184 τοῦ
3328 1132 3492 1203 ἤθους
3544 1134 3774 1201 κόσμιον

2197 1219 2634 1286 ἀπαγγέλλοντα,
2659 1219 2794 1289 πρὸς
2823 1221 2879 1274 δέ
2912 1221 3069 1276 λύσιν
3096 1222 3528 1292 συστελλόμενα·
3566 1222 3774 1291 ὀφθαλ-

2199 1309 2292 1380 μοὶ
2331 1309 2388 1362 δέ
2424 1311 2511 1377 τίς
2584 1310 2686 1380 φεῦ
2739 1312 2946 1375 πάθους
3005 1315 3097 1366 καὶ
3153 1313 3311 1382 σιγὴν
3365 1313 3627 1375 νικῶντος
3679 1311 3775 1365 καὶ

2195 1400 2370 1468 λόγων
2385 1401 2486 1453 οὐκ
2523 1401 2881 1472 ἀνεχομένουί
2907 1404 3173 1474 ὀφθαλμοὶ
3203 1404 3342 1474 (πῶς
3372 1403 3563 1475 εῐπω);
3590 1405 3776 1457 πᾶσαν

2195 1493 2438 1563 ζωτικὴν
2467 1493 2662 1548 λιϐάδα
2695 1493 3054 1561 κενώσαντες,
3083 1499 3304 1567 νεκραῖς
3330 1499 3449 1560 ταῖς
3481 1494 3774 1566 βλεφαρίσι

2195 1581 2264 1633 τὰ
2293 1581 2522 1650 λείψανα
2556 1582 2997 1652 περιστέλλουσι·
3023 1585 3122 1647 τὰς
3148 1585 3381 1654 παρειὰς
3416 1585 3539 1637 ἀντὶ
3567 1583 3773 1655 ἐρυθή-

2197 1689 2390 1742 ματος.
2436 1675 2530 1726 καὶ
2581 1673 2758 1744 βαφῆς
2808 1676 3052 1745 ἐμφύτου
3100 1676 3376 1729 σκοτεινὸν
3427 1677 3520 1728 καὶ
3579 1673 3774 1743 νεκρὸν

2195 1763 2484 1832 ὕπαλείφει
2509 1763 2732 1834 χρῶμα,
2772 1767 2988 1836 μορφῆς
3032 1766 3251 1836 ἀπάσης
3297 1764 3624 1833 ὲξαφανίζον
3683 1763 3773 1815 εύ-

2195 1850 2502 1922 πρέπειαν·
2557 1853 2619 1906 τὸ
2686 1853 2978 1924 πρόσωπον
3032 1855 3181 1917 ὅλον,
3235 1853 3312 1916 ὼς
3365 1856 3429 1906 ἐκ
3487 1850 3772 1912 τοιούτων,

506 1936 772 2006 ejusmodi
811 1937 863 1990 in
897 1952 999 1990 nos
1028 1944 1356 2005 contorquet
1387 1938 1526 1992 tela?
1556 1937 1646 1992 ubi
1677 1937 1887 1992 transiit
1918 1938 2091 1991 luctus

2197 1943 2430 2015 φρικτὴν
2448 1945 2544 1998 καὶ
2574 1945 2814 2014 φοϐερὰν
2837 1950 2952 2010 τοῖς
2967 1947 3134 2017 ὁρῶσι
3159 1945 3256 2016 τὴν
3287 1945 3415 1998 θέαν
3445 1943 3772 2015 παρέχεται.

503 2041 674 2091 unus,
708 2027 1017 2095 insequitur
1043 2026 1182 2080 alter
1213 2027 1628 2093 vehementior;
1668 2028 1758 2082 ille
1795 2027 2088 2081 laetantem

511 2117 776 2171 infantem
813 2117 1118 2186 occupavit,
1156 2117 1243 2171 hic
1272 2131 1500 2172 matrem
1531 2134 1652 2173 mox
1686 2118 1946 2183 futuram,
1979 2119 2086 2173 nisi

505 2208 864 2278 praevenisset
901 2209 1042 2261 mala
1070 2223 1238 2262 mors.
1277 2207 1560 2263 Undenam
1592 2218 1670 2263 tot
1699 2217 1755 2264 et
1786 2217 1949 2264 tanta:
1982 2211 2093 2279 pla-

505 2299 621 2368 gaa?
648 2298 717 2353 ab
749 2298 1062 2354 hominibus
1097 2298 1287 2369 plagae,
1319 2299 1389 2354 ab
1412 2299 1645 2355 occultis
1691 2300 1947 2365 inimicis,
1987 2316 2092 2354 un-

508 2390 674 2459 dique
703 2389 1118 2445 circumsistunt
1149 2390 1313 2456 mala,
1343 2391 1637 2444 mittuntur
1677 2391 1731 2444 in
1759 2406 1859 2444 nos
1881 2391 2089 2459 jacula,

505 2484 562 2538 in
605 2482 842 2549 liberos;
883 2481 1166 2552 tragcediis
1206 2496 1371 2536 scena
1408 2482 1589 2544 limus,
1626 2481 1850 2536 chorum
1893 2483 1949 2535 in
1991 2497 2092 2536 nos

508 2574 712 2630 saltant
744 2575 946 2640 luctus,
975 2574 1147 2639 dolor,
1173 2573 1412 2638 tristitia,
1438 2573 1619 2627 vultus
1641 2573 1893 2642 dejectio,
1915 2574 2093 2628 omnis

502 2669 664 2737 plane
692 2667 954 2721 malorum
996 2665 1230 2737 Erynnis
1279 2685 1291 2720 :
1339 2665 1560 2728 Clotho,
1601 2666 1788 2719 nescio
1832 2680 1987 2734 quae,
2035 2673 2093 2718 ut

505 2761 742 2823 videtur,
788 2760 1018 2814 chorum
1066 2759 1121 2811 in
1174 2773 1276 2812 nos
1313 2758 1484 2817 ducit.
1533 2757 1688 2812 fusus
1737 2766 1794 2812 et
1850 2756 2094 2813 infelices

506 2850 652 2905 illius
691 2850 853 2921 glomi
879 2850 1049 2902 vitam
1077 2858 1316 2904 nostram
1349 2849 1565 2903 actibus
1593 2849 1901 2914 innectunt,
1925 2857 1980 2902 et
2003 2864 2091 2902 ar-

505 2948 765 3010 gumenta
829 2939 1143 2993 ministrant
1182 2939 1508 3009 tragicorum
1555 2938 1841 2992 modorum
1882 2938 2092 2993 acerbis

506 3030 812 3086 ehoreutis.
863 3029 968 3084 Sed
999 3029 1130 3099 quid
1164 3030 1297 3083 mihi
1339 3029 1574 3085 accidit?
1613 3045 1721 3100 quo
1763 3045 1863 3102 ego
1905 3030 2092 3085 feror?

505 3127 600 3198 qui
636 3127 978 3182 institueram
1002 3126 1431 3181 consolationem
1465 3127 1728 3192 scribere,
1759 3126 1948 3181 nescio
1982 3141 2092 3195 quo

2195 2035 2290 2098 Τίς
2327 2035 2636 2105 βασκανία;
2667 2037 2750 2100 τίς
2778 2038 3010 2107 ἐπήρεια
3033 2037 3256 2090 τοιαῦτα
3278 2035 3397 2090 καθ’
3419 2036 3578 2106 ἡμῶν
3605 2036 3770 2086 ἀκον-

2193 2124 2332 2189 τίζει
2363 2126 2431 2178 τὰ
2483 2125 2645 2196 βέλη;
2676 2125 2830 2180 οὔπω
2865 2125 3110 2196 παρῆλθε
3139 2126 3201 2178 τὸ
3251 2125 3517 2196 πρότερον
3552 2121 3768 2182 πένθος,

2197 2218 2293 2268 καὶ
2349 2215 2513 2268 πάλιν
2557 2215 2743 2286 ἕτερον
2797 2216 3034 2268 ἐπέπεσε
3088 2210 3290 2284 μεῖζον.
3349 2213 3424 2265 Τὸ
3474 2209 3575 2282 μὲν
3629 2203 3772 2278 εἶχεν

2197 2307 2421 2377 ὑπομάζ,⁹
2429 2325 2505 2360 ιον
2530 2307 2692 2360 παῖδα
2715 2322 2729 2337 ·
2757 2306 2916 2360 τοῦτο
2937 2306 2993 2358 δὲ
3020 2307 3114 2359 καὶ
3140 2305 3350 2376 μητέρα
3367 2305 3458 2356 ἐπὶ
3486 2303 3554 2356 ἂν
3578 2301 3773 2354 θᾶττον

2194 2399 2253 2452 τὸ
2277 2401 2448 2452 κακὸν
2471 2401 2699 2470 ἐπέστη.
2749 2399 2920 2451 Πόθεν
2951 2399 3006 2451 αἱ
3031 2397 3354 2468 τηλικαῦται
3389 2396 3479 2447 καὶ
3506 2391 3771 2446 τοσαῦται

2195 2492 2434 2560 πληγαί;
2467 2492 2674 2562 πληγαὶ
2717 2490 2776 2555 ἐξ
2805 2489 3142 2561 ἀνθρώπων·
3179 2488 3386 2560 πληγαὶ
3439 2485 3501 2550 ἐξ
3557 2485 3768 2554 ἀδήλων

2196 2585 2537 2654 μηνιμάτων.
2586 2583 2932 2653 Πανταχόθεν
2960 2583 3160 2652 ἕστηκε
3190 2582 3257 2636 τὰ
3296 2580 3442 2634 δεινά
3465 2594 3478 2607 ⁸
3511 2577 3586 2630 τά
3640 2576 3765 2646 βέλη

2196 2675 2424 2744 φέρεται
2469 2676 2552 2737 εἰς
2598 2675 2747 2744 ἡμᾶς
2799 2673 3026 2737 αὐτοὺς,
3076 2675 3156 2735 εἰς
3203 2670 3419 2733 παῖδας.
3455 2668 3768 2736 Γεγόναμεν

2196 2766 2368 2836 σκηνὴ
2399 2764 2731 2834 τραγῳδίας,
2771 2763 2866 2816 καλ⁵
2914 2763 3232 2833 χορεύουσιν
3277 2763 3336 2814 ἐν
3383 2762 3516 2830 ἡμῖν
3571 2758 3769 2827 θρῆνος

2195 2857 2294 2912 καὶ
2325 2856 2519 2918 πένθος
2540 2856 2633 2908 καὶ
2660 2855 2804 2924 λύπη
2838 2855 2933 2906 καὶ
2957 2858 3251 2923 κατήφεια,
3282 2852 3377 2905 καὶ
3397 2853 3549 2904 πᾶσα
3585 2849 3768 2902 κακῶν

2195 2948 2408 3020 ἐριννύς
2428 2965 2443 2979 ·
2499 2948 2721 3014 συνάγει
2753 2947 2798 3000 δ’
2831 2947 2962 3018 ἄρα,
3014 2946 3098 3008 ὡς,
3131 2945 3300 3011 ἔοικε,
3337 2944 3429 2996 τὸν
3457 2941 3584 2995 καθ’
3613 2940 3766 3009 ἡμῶν

2197 3040 2358 3112 χορὸν
2412 3039 2617 3093 Κλωθώ
2648 3057 2731 3102 τις
2767 3039 2863 3092 καὶ
2892 3039 3154 3108 ἄτρακτοι
3185 3049 3234 3099 υ,
3265 3036 3360 3089 καὶ
3413 3034 3481 3088 τὰ
3528 3033 3764 3102 δυστυχῆ

2194 3130 2398 3200 ταύτης
2424 3133 2664 3202 νήματα,
2709 3131 2803 3183 τόν
2835 3147 2895 3182 τε
2925 3131 3196 3200 ἡμέτερον
3227 3128 3338 3199 βίον
3373 3130 3482 3189 τοῖς
3523 3127 3766 3198 δράμασι

505 3227 685 3290 pacto,
726 3217 874 3270 luctu
916 3231 1023 3270 una
1051 3216 1334 3286 abreptus,
1372 3232 1496 3271 cum
1533 3231 1646 3271 non
1685 3217 1890 3270 valeret
1927 3217 2085 3282 ratio,

2197 3221 2586 3286 διαπλέκουσα,
2642 3219 2735 3272 καὶ
2779 3217 3092 3289 χορηγοῦσα
3154 3217 3254 3280 τὰς
3307 3216 3600 3280 ὑποθέσεις
3661 3216 3765 3268 τῶν

505 3317 697 3365 contra
741 3323 964 3364 cursum
1008 3307 1137 3360 mali
1210 3307 1264 3360 in
1319 3307 1653 3360 contrarium
1707 3307 1931 3373 obnixi,
1983 3322 2090 3376 quo

507 3401 708 3456 nollem
739 3400 950 3455 delatus
979 3414 1122 3466 sum;
1154 3407 1210 3452 et
1239 3397 1412 3452 solatii
1441 3412 1750 3452 sermonem
1775 3413 2094 3463 exorsurus,

504 3493 575 3549 ad
614 3493 878 3563 lacrymas
908 3489 1280 3562 plangentium
1316 3489 1646 3559 abripiebar.
1695 3488 1800 3543 Sed
1850 3498 2094 3542 revertar

505 3585 575 3640 ad
615 3583 917 3654 meipsum;
977 3595 1080 3634 nec
1139 3579 1388 3634 mceroris
1433 3578 1704 3650 profundo
1749 3579 2038 3648 immergar
2075 3596 2089 3632 :

504 3675 711 3732 multos
743 3673 898 3729 dolor
959 3671 1371 3742 pessumdedit,
1418 3686 1529 3726 non
1568 3671 1730 3725 modo
1769 3686 1966 3740 corpus
2001 3670 2096 3724 de-

504 3776 748 3830 struens,
795 3764 890 3819 sed
934 3762 1206 3817 lethaliter
1262 3761 1435 3831 ipsam
1492 3761 1727 3816 animam
1775 3759 2090 3814 vulnerans.

504 3857 767 3914 Hostibus
813 3871 885 3909 ne
939 3853 1342 3924 gratiﬁeemur;
1381 3851 1623 3906 oblectat
1669 3851 1857 3905 hostes
1905 3859 2091 3904 nostra

506 3949 742 4019 dejectio
797 3947 1017 4016 injuriis
1063 3943 1424 4009 aﬂ‘ectorum;
1477 3958 1547 3997 ne
1586 3943 1988 3998 committamus
2035 3941 2090 3995 in

507 4027 737 4112 paterna
764 4035 1100 4094 fortitudinis
1128 4035 1424 4090 certamina
1457 4053 1469 4087 :
1503 4034 1757 4089 viderunt
1787 4035 1863 4088 illi
1894 4035 2094 4088 libero-

511 4148 634 4187 rum
660 4141 883 4196 mortes,
909 4140 1114 4184 mortes
1133 4143 1240 4183 non
1265 4126 1532 4196 ejusmodi
1556 4135 1757 4180 nostra:
1779 4133 1926 4188 sunt.
1949 4125 2093 4179 Deus

513 4225 751 4280 avertat!
788 4221 992 4276 llorum
1024 4221 1204 4292 proles
1230 4219 1390 4288 ignis,
1413 4233 1572 4287 aqua,
1599 4217 1750 4271 lacus
1770 4216 2090 4281 diviserunt;

507 4315 756 4371 exsilium
791 4314 1204 4369 acerbissimum
1259 4319 1314 4364 et
1358 4307 1756 4364 intolerandum
1829 4306 2090 4372 incubuit;

508 4404 764 4462 omnibus
810 4403 1003 4457 amicis
1031 4411 1088 4457 et
1133 4399 1388 4454 afﬁnibus
1427 4399 1674 4453 destituti
1721 4408 1899 4453 erant.
1947 4397 2094 4452 Nihil

509 4477 749 4565 denique
799 4510 909 4548 non
958 4492 1344 4556 auferebatur,
1389 4489 1534 4559 quod
1586 4490 1856 4544 tantillum
1913 4490 2089 4544 solatii

508 4587 706 4642 aﬂ'crre
743 4596 960 4656 posset;
990 4595 1045 4640 et
1084 4593 1264 4638 tamen
1298 4583 1499 4654 gratias
1543 4592 1770 4653 agentes
1797 4583 1990 4649 tulere,
2031 4591 2087 4637 et
2116 4615 2163 4670 υ

511 4690 692 4733 tamen
732 4693 1028 4748 supernum
1080 4691 1284 4730 numen
1331 4675 1774 4740 venerabantur;
1807 4677 1951 4744 quod
1999 4691 2087 4730 res

512 4766 796 4831 humanas,
835 4768 976 4822 ultra
1004 4767 1289 4821 hominum
1337 4765 1694 4834 cogitationes
1735 4768 2086 4836 gubernaret.

509 4859 840 4929 Cogitemus,
866 4858 956 4928 qui
980 4873 1204 4913 sumus:
1236 4857 1379 4911 unde
1409 4856 1536 4920 orti,
1570 4872 1679 4910 non
1706 4872 1737 4911 e
1769 4859 2088 4911 mortalibus

509 4950 812 5004 mortales?
843 4965 1027 5002 nonne
1066 4963 1096 5001 e
1145 4963 1254 5001 non
1293 4947 1701 5012 exsistentibus,
1745 4964 1868 5003 mox
1917 4947 2086 5001 futuri

507 5040 611 5108 ipsi
644 5041 787 5109 quod
817 5057 925 5096 non
961 5043 1190 5094 sumus?
1228 5039 1316 5093 ubi
1355 5039 1552 5109 pater?
1600 5040 1692 5093 ubi
1723 5055 1840 5094 mea
1873 5041 2087 5094 mater?

508 5145 694 5185 annon
749 5141 1034 5200 postquam
1070 5131 1368 5201 pauxillum
1405 5129 1458 5183 in
1489 5131 1592 5186 hac
1620 5132 1742 5184 vita:
1781 5147 1944 5186 scena
1977 5133 2088 5188 col-

507 5223 778 5285 luserant,
811 5221 915 5275 nisi
946 5223 1088 5291 quod
1123 5231 1420 5292 martyrum
1475 5223 1596 5277 illos
1638 5238 1838 5278 corona
1887 5235 1942 5279 ct
1991 5242 2085 5295 pa-

511 5313 714 5366 tientiae
759 5311 1170 5377 cohonestabat,
1215 5314 1540 5382 quantocius
1575 5315 1789 5369 theatro
1830 5333 2084 5372 excesse-

510 5404 673 5457 runt?
699 5403 871 5472 [leges
898 5413 1078 5456 autem
1111 5414 1161 5457 et
1203 5405 1436 5475 tyranni,
1459 5405 1766 5475 supercilio,
1789 5416 1842 5461 et
1875 5417 2086 5462 tumore

510 5495 884 5560 immortales,
935 5509 1116 5547 annon
1177 5511 1298 5548 cum
1355 5496 1468 5550 suis
1511 5497 1874 5564 potestatibus
1911 5509 2086 5553 morte

507 5586 779 5643 submersi
827 5589 995 5641 sunt?
1035 5587 1233 5640 Natura
1277 5589 1455 5642 omnis
1502 5589 1738 5643 humana
1810 5603 2086 5660 utcunque

2195 3314 2470 3388 τραγικῶν
2502 3312 2762 3385 ᾀσμάτων
2809 3313 2922 3373 τοῖς
2976 3311 3189 3378 πικροῖς
3234 3310 3542 3379 χορευταῖς.
3611 3307 3764 3359 Ἀλλὰ

2193 3409 2248 3460 τί
2282 3404 2518 3470 ἕπαθονς
2547 3404 2639 3454 ποῖ
2669 3401 2939 3471 φέρομαι;
2973 3400 3205 3468 γράφειν
3253 3397 3560 3468 ἀρξάμενος
3581 3413 3764 3466 ’παραι

2199 3496 2410 3568 μύθιον,
2437 3493 2596 3558 αὐτὸς
2617 3533 2631 3558 ,
2675 3494 2774 3546 ούκ
2807 3489 2903 3545 οἷδ’
2933 3493 3101 3556 ὅπως,
3146 3490 3224 3561 τῷ
3251 3490 3438 3543 πένθει
3489 3505 3766 3558 συναρπα-

2196 3588 2368 3650 σθεὶς,
2425 3586 2525 3640 οὐκ
2581 3585 2944 3653 ἀντισχόντων
2999 3583 3109 3636 τῶν
3163 3582 3440 3651 λογισμῶν
3493 3581 3631 3652 πρὸς
3668 3581 3762 3650 τὴν

2197 3678 2370 3748 φοράν
2395 3677 2489 3730 τοῦ
2516 3675 2716 3741 δεινοῦ,
2737 3676 2817 3736 είς
2843 3673 3172 3738 τούναντίον,
3194 3668 3269 3726 ὧν
3297 3673 3589 3734 ἐσκόπουν,
3624 3689 3760 3742 παρ-

2195 3770 2433 3840 εσύρην·
2486 3769 2584 3821 καὶ
2634 3766 2964 3836 παραψυχῆς
3013 3763 3404 3836 εἰσηγούμενος
3470 3764 3653 3832 λόγον,
3687 3764 3760 3824 είς

2195 3859 2265 3912 τά
2288 3859 2398 3911 τῶν
2427 3857 2768 3928 ὀδυρομένων
2797 3854 3114 3924 ἀπηνέχθην
3143 3855 3373 3923 δάκρυα.
3413 3853 3578 3906 Ἀλλά
3601 3852 3760 3921 γενώ-

2197 3946 2337 4018 μεθα
2368 3946 2527 4016 ἡμῶν
2557 3945 2757 4009 αὐτῶν,
2793 3945 2928 4015 μηδὲ
2953 3945 3027 4014 τῷ
3053 3944 3204 4014 βυθῷ
3229 3939 3339 4014 τῆξ
3360 3942 3540 4014 λύπης
3571 3945 3758 4012 βαπτι-

2195 4037 2456 4107 ζώμεθα·
2496 4036 2725 4100 πολλοὺς
2778 4037 3026 4091 ἀπώλεσε
3079 4035 3248 4105 λύπη,
3294 4036 3354 4087 ού
3391 4033 3552 4104 σῶμα
3607 4033 3758 4104 μόνον

2197 4128 2586 4197 διαφθείρασα,
2623 4126 2758 4180 ἀλλὰ
2784 4128 2875 4178 καὶ
2905 4125 3086 4196 ψυχῆς
3114 4127 3282 4194 αὐτῆς
3311 4125 3668 4195 λυμηναμένη
3696 4121 3757 4175 τὰ

2194 4221 2404 4287 καίρια.
2452 4219 2603 4290 Μηδὲ
2633 4222 2744 4281 τοῖς
2791 4219 3006 4289 ἐχθροῖς
3053 4216 3441 4290 χαριζώμεθα·
3484 4217 3626 4287 μέγα
3656 4216 3756 4284 γὰρ

2197 4313 2414 4382 ἐχθροις
2455 4313 2532 4374 εἰς
2568 4311 2856 4380 θυμηδίαν,
2882 4311 2916 4379 ἡ
2944 4309 3219 4378 κατήφεια
3243 4307 3351 4359 τῶν
3388 4304 3753 4377 ἐπηρεαζομέν

2195 4421 2301 4458 νων
2321 4419 2334 4432 ·
2365 4403 2498 4473 ,μηδ’
2524 4405 2603 4466 εἰς
2626 4401 2748 4463 τοὺς
2782 4401 3080 4471 πατρικοὺς
3102 4399 3200 4468 τῆς
3223 4397 3519 4468 καρτερίας
3549 4393 3754 4463 ἐξυϐρί-

2197 4494 2378 4566 ζωμεν
2401 4494 2616 4556 ἄθλους.
2650 4490 2805 4547 Εἶδον
2855 4493 3054 4544 ἐκεῖνοι
3089 4489 3354 4552 θανάτους
3395 4487 3634 4541 παίδων·
3671 4485 3756 4538 θα-

2195 4586 2412 4648 νάτους,
2447 4585 2545 4653 οὐχ
2570 4578 2673 4636 οἷοι
2705 4583 2832 4654 παρ’
2864 4585 3018 4653 ἡμῖν,
3075 4580 3213 4651 μηδέ
3269 4580 3478 4648 γένοιτο
3562 4575 3753 4629 τούτων

2194 4677 2263 4732 τὰ
2293 4677 2511 4744 ἔκγονα,
2547 4675 2658 4746 πῦρ
2685 4677 2782 4728 καὶ
2811 4673 2955 4744 ὕδωρ
2991 4671 3084 4725 καὶ
3109 4673 3310 4734 λάκκος
3341 4668 3644 4740 ἐμερίζετο,
3668 4666 3753 4719 καὶ

2193 4771 2313 4823 τότε
2342 4769 2545 4841 πικρᾶς
2572 4768 2667 4822 καὶ⁷
2713 4767 2938 4838 βαρείας
2956 4765 3052 4834 τῆς
3071 4763 3370 4833 ὑπερορίας
3386 4759 3748 4830 ἐπικειμένης,

2192 4859 2286 4912 καὶ
2316 4860 2496 4927 πάσης
2525 4857 2762 4928 ἐρημίας
2790 4855 2959 4924 φίλων
3004 4853 3280 4921 συγγενῶν
3319 4849 3748 4920 περιεστηκυίας,

2193 4951 2288 5004 καὶ
2314 4951 2532 5004 πάντων
2569 4947 2759 5010 ἁπλῶς
2787 4948 2887 4999 ὅσα
2933 4943 3293 5015 ψυχαγωγίαν
3328 4941 3452 4995 τινὰ
3480 4941 3633 5010 φέρει
3667 4954 3750 4988 πε-

2198 5040 2566 5112 ριῃρημένωνο
2596 5037 2712 5091 ἀλλ’
2731 5036 3070 5106 εὐχαρίστως
3087 5035 3344 5104 ἤνεγκαν·
3375 5030 3488 5084 ἀλλ’
3507 5028 3748 5093 ἐδόξασαν

2193 5133 2284 5184 τὸν
2339 5134 2673 5202 κρεῖττοναν
2721 5129 2753 5196 ἢ
2800 5125 2942 5179 κατὰ
2994 5125 3289 5194 λογισμοὺς
3346 5121 3643 5192 ἀνθρώπων
3688 5117 3748 5170 τὰ

2194 5225 2514 5294 ἀνθρώπινα
2537 5219 3001 5288 διακυϐερνῶντα.
3027 5218 3402 5288 Ἐννοήσωμεν
3419 5215 3558 5275 τίνες
3572 5210 3744 5280 ἐσμὲν,

2194 5315 2358 5368 πόθεν
2397 5313 2737 5382 γεγόναμεν·
2787 5309 2886 5363 οὐκ
2931 5311 2994 5360 ἐκ
3038 5307 3248 5376 θνητῶν
3278 5303 3496 5373 θνητοίς
3551 5301 3664 5370 οὐχὶ
3693 5296 3744 5360 ἐξ

2193 5407 2291 5459 οὐκ
2318 5405 2484 5457 ὅντων
2517 5405 2634 5472 μετ’
2663 5402 2841 5470 ὀλίγον
2865 5402 2965 5452 οὐκ
2996 5399 3271 5468 ἐσόμενοι;
3301 5395 3402 5447 ποῦ
3433 5411 3519 5464 μοι
3543 5392 3740 5458 πατήρς

2193 5495 2295 5548 ποῦ
2331 5495 2386 5548 δέ
2441 5510 2531 5563 μοι
2571 5493 2790 5563 μήτηρ;
2842 5489 2964 5558 οὐχὶ
2996 5485 3168 5557 μικρά
3227 5481 3304 5553 τῷ
3344 5481 3441 5552 βίῳ
3491 5474 3740 5548 προσπαί-

2197 5589 2385 5655 ξαντες
2406 5627 2421 5654 ,
2453 5585 2593 5656 πλὴν
2624 5586 2725 5638 ὅσα
2775 5578 3111 5654 μαρτυρικὸς
3139 5576 3339 5638 αὐτοὺς
3371 5573 3467 5626 καὶ
3496 5570 3592 5638 τῆς
3619 5568 3739 5619 ὐποο

1789 5743 2028 5801 VARl/E
2081 5743 2485 5834 LECTIONES.

581 5901 613 5931 ³
652 5889 931 5961 ’Δτροπός.
1004 5901 1032 5932 τ
1062 5889 1147 5944 ἵσ.
1180 5888 1269 5942 τὸν
1303 5886 1459 5953 Θεὸν,
1496 5889 1765 5958 κρεῖττον.
