4024 6496
274 510 405 574 9ἷὸ

1428 513 1964 576 EPISTOLARUM
2005 515 2237 575 LIBER
2280 520 2395 577 III.

3456 533 3561 594 974

274 626 471 695 μονῆς
487 623 766 694 διεκόσμει
796 623 1083 692 στέφανος,
1100 622 1293 678 θᾶττον
1310 625 1559 688 λιπόντες
1576 628 1636 677 τὸ
1655 626 1872 696 θέατρον

1988 625 2227 692 potentia
2262 626 2492 691 fruatur,
2530 629 2652 684 licet
2688 632 2905 700 privati,
2943 650 3123 705 senes,
3152 639 3401 708 juvenes,
3437 646 3559 711 viri,

274 714 539 785 ᾤχοντο;
573 714 636 767 Οἱ
663 713 719 765 δὲ
755 711 996 781 βασιλεῖς
1032 712 1129 766 καὶ
1164 713 1439 783 τύραννοι,
1491 714 1541 766 οἱ
1572 713 1650 782 τῷ
1701 715 1877 785 φρυά-

274 822 468 875 γματι
497 806 593 857 καὶ
620 806 744 865 ταῖς
794 804 1024 873 ὀφρύσιν
1054 804 1336 867 ἀθάνατοι,
1383 805 1503 874 ούχὶ
1535 804 1612 875 τῷ
1662 805 1877 874 θανάτῳ

272 898 642 961 δυναστείαις
668 898 861 960 αὑταῖς
883 896 1241 949 καταδύονται
1266 915 1279 961 ;
1300 897 1457 949 Πᾶσα
1476 896 1639 965 φύσις
1666 896 1879 965 ἀνθρώ-

278 1008 439 1056 πων,
464 989 567 1042 κᾶν
583 987 976 1054 έξουσιάζουσα
1003 982 1058 1060 ᾖ,
1076 978 1179 1040 κᾶν
1203 987 1430 1051 ἰδιῶτις,
1448 986 1550 1041 κᾶν
1580 988 1875 1058 γερόντων,

277 1081 403 1135 κᾶν
439 1083 597 1148 νέων,
630 1082 735 1135 κᾶν
763 1080 995 1149 ἀνδρῶν,
1030 1078 1135 1132 κᾶν
1158 1079 1457 1147 γυναικῶν,
1489 1079 1706 1150 θανάτῳ
1736 1081 1878 1134 πάν-

276 1192 407 1239 ⁴τως
434 1176 695 1245 τέμνεται
720 1174 813 1227 τοῦ
849 1173 965 1242 βίου
986 1189 999 1203 ο
1036 1171 1133 1225 καὶ
1155 1172 1307 1224 οὐδὲν
1334 1173 1396 1225 οὐ
1431 1172 1508 1243 μὴ
1538 1172 1777 1244 διαφύγῃ
1814 1173 1875 1226 τὸ

276 1267 511 1321 ἐκείνου
560 1266 861 1337 δρέπανον·
897 1266 1051 1318 οὐδὲν
1106 1264 1315 1331 καινὸν,
1363 1265 1487 1317 οὐδὲ
1537 1265 1875 1336 παράδοξον,

276 1358 420 1411 οὐδὲ
485 1359 586 1427 τῆς
646 1358 862 1428 φύσεως
937 1358 1253 1427 ὑπέστημεν
1332 1357 1643 1427 ὑπερόριον.
1694 1356 1875 1428 Θνητὴ

278 1448 668 1518 προελήλυθεν
699 1451 764 1502 ἐκ
808 1448 1131 1517 σπλάγχνων
1179 1448 1387 1519 θνητῶν
1443 1448 1539 1503 καὶ
1566 1447 1645 1518 τῷ
1698 1447 1879 1535 θνητῷ

282 1540 399 1610 βίῳ
450 1540 603 1611 νόμῳ
657 1540 877 1610 φύσεως
912 1542 1384 1611 λειτουργήσασα,
1439 1541 1518 1611 τῷ
1564 1540 1715 1609 αὐτῷ
1777 1541 1879 1609 τῆς

278 1630 516 1697 φύσεως
543 1632 691 1702 νόμῳ
720 1635 858 1702 πρὸς
896 1634 993 1703 τὴν
1023 1635 1290 1688 ἀθάνατον
1341 1633 1620 1687 πολιτείαν
1672 1633 1879 1704 ἀπεδὴ-

284 1739 497 1791 μησεν.
527 1723 639 1777 Οὐκ
668 1723 820 1777 έλιπε
846 1726 1042 1789 παῖδας
1075 1727 1431 1798 ὀδυρομένους
1455 1726 1720 1798 ὀρφανίαν
1743 1744 1757 1756 ·
1776 1727 1877 1781 οὐκ

280 1814 510 1883 ἀπῆλθε
549 1815 640 1868 τὸν
686 1817 815 1886 περὶ
846 1817 914 1869 τὰ
952 1816 1151 1884 ἔκγονα
1205 1819 1366 1871 πόνον
1404 1819 1730 1889 πικρότερον
1778 1818 1873 1871 τοῦ

284 1902 535 1956 θανάτου
568 1907 1005 1976 συνεπιφέρουσα
1052 1908 1275 1978 κέντρον
1298 1927 1311 1940 ο
1344 1910 1445 1963 οὐκ
1483 1910 1641 1963 έλαϐε
1668 1909 1870 1980 πολλὴν

284 1995 496 2063 πεῖραν
528 1993 637 2045 τῶν
669 1996 905 2067 ἀνιαρῶν
926 2013 939 2025 ·
978 1998 1076 2049 οὐκ
1106 1998 1336 2068 ἐζήτησε
1369 1999 1619 2067 θάνατον,
1646 1995 1707 2055 οὗ
1738 2001 1869 2054 πολ-

283 2084 377 2140 λοὶ
401 2088 661 2150 πολλάκις
687 2092 992 2159 συμφοραῖς
1023 2091 1287 2159 ἀφύκτοις
1319 2094 1821 2164 περιστοιχηθέντες
1845 2103 1873 2130 κ

287 2174 680 2243 ἐπεθύμησαν.
703 2176 925 2229 Γονεῢσι
946 2179 1355 2248 προσομιλοῦσα
1377 2182 1477 2250 τῆς
1499 2182 1667 2249 ζάλης
1683 2183 1871 2254 ἐξῆλθε

286 2265 408 2317 τῶν
448 2267 828 2338 προσκαίρων·
864 2271 1020 2339 χερσὶ
1058 2273 1354 2341 μητρικαῖς
1388 2272 1632 2342 ἀπῆλθεν
1664 2275 1873 2345 ὑπηρεο
1922 2334 1925 2337 _

284 2355 568 2424 τουμένη·
629 2358 789 2428 χερσὶ
846 2359 1115 2413 τεκόντων
1170 2361 1463 2415 ἐναπέθετο
1518 2364 1579 2416 τὸ
1629 2366 1867 2435 πνεῦμα.

300 2444 611 2514 Ἐκηδεύθη
638 2448 699 2500 τὸ
732 2448 923 2519 σῶμα·
967 2450 1237 2523 παρεδόθη
1281 2452 1459 2524 τάφῳ,
1492 2454 1678 2518 καλοῖς
1725 2460 1873 2511 ἐντα-

288 2535 442 2602 φίοις
482 2538 738 2609 εὐσεϐείᾳ
770 2540 864 2593 καὶ
910 2542 1236 2616 σωφροσύνῃ
1266 2545 1362 2597 καὶ
1416 2544 1628 2598 πολλῶν
1685 2548 1873 2617 εὐχαῖς

292 2628 618 2699 ὲλεημένων
674 2634 1114 2703 προπεμπομένη
1136 2651 1149 2664 ·
1177 2635 1420 2706 ἀπῆλθεν
1458 2639 1539 2701 είς
1585 2638 1783 2708 χῶρον,
1813 2640 1873 2704 ἐξ

288 2715 359 2775 οὗ
387 2723 537 2775 πᾶσα
568 2722 713 2793 λύπη
744 2726 839 2777 καὶ
873 2725 1176 2797 στεναγμὸς
1212 2728 1571 2798 ἀπελήλαται.
1603 2730 1667 2782 Τί
1708 2732 1869 2785 πλέον

286 2809 403 2862 εδει
430 2828 443 2875 ;
476 2813 557 2873 είς
576 2812 887 2868 τούναντίον
922 2832 1010 2884 μοι
1032 2818 1224 2887 τρέπει
1258 2820 1321 2871 τὸ
1341 2819 1526 2885 ἄλγος,
1550 2824 1620 2876 τὰ
1646 2825 1774 2893 περὶ
1812 2824 1873 2877 τὸ

294 2902 575 2971 μακάριον
622 2905 799 2957 έκεῖνο
831 2904 1125 2977 θυγάτριον
1152 2911 1599 2981 οἰκονομηθέντα·
1636 2916 1730 2968 καὶ
1760 2934 1871 2987 μα-

287 2990 508 3062 καρίζω
537 2994 741 3067 ταύτην
791 2998 890 3066 τῆς
923 2998 1257 3069 ἀποδημίας,
1302 3006 1397 3057 καὶ
1447 3006 1539 3058 τὸν
1566 3007 1765 3077 θρῆνον
1791 3012 1873 3074 εἰς

287 3080 456 3146 δόξαν
508 3085 647 3139 Θεοῦ
698 3090 1057 3157 μεταϐάλλω,
1108 3096 1203 3148 καὶ
1264 3096 1363 3166 τὴν
1418 3099 1731 3169 ἀμηχανίαν
1790 3103 1873 3164 είς

288 3179 669 3249 εὐχαριστίαν,
731 3184 905 3250 οὕτως
956 3186 1148 3252 αἰσίως
1208 3191 1304 3244 καὶ
1356 3192 1430 3255 ὡς
1465 3193 1531 3246 ἄν
1570 3211 1653 3257 τις
1715 3196 1871 3265 μόλις

1982 716 2259 782 mulieres,
2302 735 2400 789 per
2425 730 2652 775 mortem
2690 724 2758 778 de
2784 725 2890 779 vita
2924 729 3148 795 tollitur,
3176 746 3280 785 nec
3308 743 3391 787 est
3415 737 3563 803 quod

1983 802 2100 872 ejus
2134 803 2326 859 falcem
2356 808 2564 862 evitare
2593 819 2779 878 queat.
2815 810 3027 868 Novum
3057 832 3167 870 non
3198 828 3304 881 est,
3337 802 3445 874 aut,
3466 837 3565 891 pa-

1983 892 2269 957 radoxum,
2295 896 2439 964 quod
2463 905 2674 953 naturae
2698 901 2892 957 exsilio
2914 904 3289 973 subjiciamur,
3315 911 3565 965 mortalis

1983 985 2071 1038 illa
2096 986 2294 1054 prodiit
2326 1003 2357 1041 e
2384 989 2689 1046 visceribus
2719 994 3056 1062 mortalibus,
3091 1006 3145 1050 et
3182 998 3307 1053 vitae
3343 1002 3563 1055 mortali

1983 1075 2071 1128 ubi
2100 1076 2255 1145 juxta
2277 1077 2453 1148 legem
2476 1084 2779 1137 naturalem
2811 1085 3149 1152 inservisset,
3177 1105 3275 1158 per
3307 1092 3559 1147 eamdem

1980 1166 2155 1237 legem
2179 1167 2248 1221 ad
2282 1169 2647 1227 immortalem
2682 1184 2885 1230 statum
2921 1181 3295 1250 peregrinatur
3320 1200 3331 1235 :
3358 1184 3561 1239 liberos

1981 1258 2129 1313 haud
2168 1260 2388 1331 reliquit
2419 1264 2743 1333 orphaniam
2776 1279 3061 1338 gementes
3107 1286 3296 1338 suam;
3327 1291 3432 1330 non
3464 1292 3561 1329 ex-

1981 1351 2145 1405 cessit
2172 1368 2280 1407 una
2307 1369 2494 1409 secum
2514 1356 2849 1415 desiderium
2869 1362 3016 1417 circa
3035 1365 3239 1433 prolem
3267 1379 3562 1436 asportans

1981 1449 2155 1497 morte
2184 1446 2525 1501 acerbiorem
2555 1449 2862 1518 stimulum,
2895 1456 3290 1523 experientiam
3314 1457 3564 1513 miseria-

1982 1549 2102 1587 rum
2143 1536 2495 1605 multiplicem
2527 1556 2637 1595 non
2654 1543 2869 1608 habuit,
2902 1555 3131 1600 mortem
3163 1563 3270 1601 non
3289 1550 3559 1618 quaesivit,

1980 1642 2144 1697 quam
2210 1630 2371 1685 multi
2441 1632 2718 1689 multotics
2787 1638 2941 1691 malis
3007 1639 3414 1696 inevitabilibus
3457 1657 3562 1712 op-

1978 1720 2156 1788 pressi
2187 1729 2466 1789 optarunt,
2501 1738 2624 1778 cum
2653 1729 2977 1794 parentibus
3006 1739 3221 1785 versata
3254 1741 3313 1787 et
3355 1743 3563 1801 tempo-

1978 1809 2077 1863 rali
2124 1812 2362 1880 procella
2406 1815 2579 1877 exiit,
2636 1815 2770 1870 exiit
2825 1817 3134 1874 ministerio
3181 1830 3554 1877 maternar-um

1983 1917 2266 1968 manuum,
2302 1904 2357 1957 in
2402 1906 2657 1961 manibus
2692 1917 2978 1977 parentum
3017 1911 3200 1966 emisit
3244 1912 3496 1981 spiritum
3544 1932 3557 1965 :

1988 1994 2286 2048 curabatur
2315 2010 2533 2066 corpus,
2569 1999 2931 2055 mandabatur
2962 2002 3214 2070 sepulcro
3245 2002 3428 2058 fasciis
3458 2014 3546 2059 tu-

1978 2082 2280 2139 mnlaribus
2331 2086 2559 2156 egregiis
2612 2087 2856 2144 involuto
2904 2091 3107 2160 pietate
3155 2100 3209 2145 et
3255 2094 3557 2156 modestia.

1976 2174 2269 2228 multorum
2299 2176 2676 2231 miserantium
2710 2179 2966 2248 precibus
2997 2181 3253 2235 comitata
3287 2183 3349 2241 in
3374 2183 3554 2253 regio-

1975 2281 2103 2319 nem
2140 2266 2290 2331 abiit,
2324 2268 2468 2322 unde
2500 2270 2714 2323 exsulat
2763 2270 2944 2325 luctus
2974 2280 3031 2325 et
3060 2272 3293 2342 gemitus
3321 2273 3544 2328 univer-

1976 2355 2100 2411 sim.
2144 2357 2211 2410 Et
2243 2358 2373 2427 quid
2401 2359 2539 2413 ultra
2570 2360 2871 2416 desiderari
2888 2362 3201 2433 postest?ln
3224 2364 3559 2418 contrarium

1972 2447 2216 2503 dolorem
2246 2465 2334 2504 me
2366 2451 2610 2521 adigunt,
2645 2468 2767 2522 quas
2794 2455 2936 2509 circa
2963 2454 3179 2509 beatam
3206 2454 3353 2508 illam
3384 2454 3550 2509 filiam

1974 2549 2120 2594 tuam
2162 2541 2720 2612 administrabantur;
2751 2560 3037 2600 excessum
3077 2545 3227 2599 hunc
3262 2545 3405 2598 illius
3432 2544 3555 2600 feli-

1950 2648 2091 2687 .cem
2118 2633 2387 2703 praedico;
2418 2634 2623 2690 luctum
2656 2636 2829 2713 ingDei
2863 2636 3088 2707 gloriam
3111 2645 3284 2699 muto,
3320 2635 3550 2689 infortu-

1974 2723 2125 2777 nium
2164 2724 2217 2777 in
2267 2725 2558 2793 gratiarum
2604 2726 2878 2781 actionem
2915 2744 2927 2779 :
2959 2740 3084 2780 cum
3134 2736 3241 2780 tam
3297 2726 3552 2788 feliciter,

1975 2816 2047 2869 ita
2077 2824 2135 2870 ut
2176 2818 2265 2871 vix
2298 2826 2537 2887 cptarcs,
2573 2817 2789 2872 videam
2837 2818 3199 2888 praesentibus
3246 2817 3550 2872 liberatam.

1973 2908 2171 2962 Verum
2205 2908 2348 2963 haud
2384 2909 2456 2963 ita
2491 2908 2583 2964 diu
2622 2909 2679 2963 in
2724 2909 2837 2963 vita
2883 2909 3013 2976 fuit;
3053 2909 3181 2978 quid
3234 2909 3465 2962 interest
3510 2908 3555 2962 si

1972 2999 2176 3069 plures,
2218 3015 2287 3053 an
2318 3000 2600 3069 pauciores
2630 3000 2748 3055 dies
2778 2999 2945 3055 vitam
2978 3009 3224 3055 nostram
3259 2998 3545 3061 dividant;

1972 3104 2096 3143 cum
2124 3089 2306 3143 minus
2335 3102 2389 3143 et
2426 3088 2595 3158 magis
2633 3089 2689 3142 in
2736 3089 2953 3143 easdem
2998 3088 3188 3142 mortis
3225 3096 3411 3157 portas
3451 3100 3558 3140 nos

1972 3178 2374 3234 transmittant?
2403 3180 2702 3235 Praeteritis
2735 3194 2897 3233 nemo
2932 3178 3265 3242 delectatur;
3293 3176 3438 3247 quod
3473 3175 3557 3230 fu~

288 3269 516 3334 εὔξαιτο
545 3274 978 3349 ἀπηλλαγμένην
1001 3280 1143 3350 ὁρῶν
1165 3281 1274 3335 τῶν
1293 3284 1600 3355 παρόντων.
1634 3287 1773 3340 Ἀλλ’
1800 3291 1862 3343 οὺ

1975 3280 2154 3325 turum
2186 3277 2295 3335 est,
2338 3270 2581 3323 nondum
2617 3278 2738 3334 est;
2793 3283 3064 3339 prmsens,
3108 3268 3163 3321 in
3215 3284 3324 3337 quo
3369 3268 3555 3321 omnis

288 3361 465 3419 πολὺν
497 3365 703 3419 έπεϐίω
726 3369 916 3439 χρόνον
935 3388 948 3401 ο
982 3374 1075 3425 καὶ
1103 3373 1156 3425 τί
1178 3374 1427 3446 διαφέρει
1448 3377 1513 3430 ἄν
1534 3394 1591 3429 τε
1623 3378 1867 3444 πλείους,

296 3452 367 3508 ἄν
389 3472 448 3508 τε
479 3456 736 3523 ἐλάττους
756 3460 855 3530 τὴν
873 3461 1019 3533 ζωὴν
1043 3465 1199 3533 ἡμῶν
1228 3466 1620 3538 διαμερίσωσιν
1638 3471 1866 3543 ἡμέραι,

288 3545 384 3597 ὅτε
424 3546 518 3599 καὶ
547 3548 608 3600 τὸ
641 3549 823 3604 πλεῖον
850 3554 943 3605 καὶ
970 3554 1031 3607 τὸ
1063 3554 1306 3623 ἔλαττον,
1336 3560 1414 3621 είς
1445 3560 1544 3623 τὰς
1573 3562 1744 3626 αὑτάς
1773 3565 1867 3618 τοῦ

290 3634 528 3689 θανάτου
559 3637 733 3702 πύλας
759 3641 1106 3711 διαϐιϐάζει;
1140 3647 1330 3712 Οὐδεὶς
1364 3649 1556 3718 ἥδεται
1580 3655 1691 3717 τοῖς
1724 3671 1866 3724 παρ-

291 3724 510 3779 ελθοῦσι
539 3769 555 3791 ,
591 3728 651 3781 τὸ
687 3732 881 3800 μέλλον
906 3734 1007 3788 οὐκ
1041 3736 1179 3802 ἔστι,
1214 3738 1275 3791 τὸ
1308 3741 1482 3810 παρὸν
1511 3742 1570 3795 έν
1604 3736 1648 3810 ᾧ
1680 3744 1747 3798 άν
1785 3763 1870 3809 τις

293 3818 390 3870 καὶ
418 3819 479 3872 τὸ
510 3820 738 3890 ἥδεσθαι
769 3823 887 3894 θείη
925 3828 1209 3892 παντελῶς
1234 3831 1524 3904 ἀκαριαῖον
1546 3852 1559 3866 ·
1595 3838 1736 3892 ὥστε
1776 3843 1870 3895 καὶ

290 3913 322 3965 ὁ
349 3913 560 3982 μακρὸς
592 3916 686 3968 καί
727 3914 934 3986 βραχὺς
963 3919 1058 3972 τοῦ
1099 3920 1217 3989 βίου
1245 3924 1456 3993 χρόνος,
1507 3927 1586 3997 τῷ
1637 3933 1869 4001 παρόντι

295 4003 458 4073 μόνον
488 4004 588 4075 τὴν
621 4006 873 4077 αἴσθησιν
904 4009 1014 4065 τῶν
1056 4012 1230 4081 ἡδέων
1263 4017 1615 4084 περικλείων,
1644 4022 1723 4084 είς
1748 4024 1871 4094 ἴσην

290 4096 391 4149 καὶ
426 4097 626 4165 ὁμοίαν
656 4099 985 4167 ἀπόλαυσιν,
1020 4104 1112 4156 τόν
1140 4122 1201 4158 τε
1225 4108 1307 4170 είς
1339 4110 1519 4180 γῆρας
1543 4112 1865 4181 βαθύνοντα,

290 4188 392 4241 καὶ
420 4188 514 4241 τὸν
551 4190 932 4262 ένακμάζοντα
965 4198 1032 4266 τῇ
1061 4197 1281 4266 νεότητι
1322 4202 1567 4271 συνάγει,
1606 4206 1868 4277 ἑκατέρου

296 4279 398 4350 μὲν
427 4279 527 4350 τὴν
583 4282 839 4351 αἴσθησιν
892 4288 958 4355 τῇ
995 4288 1248 4361 παρούσῃ
1296 4291 1488 4362 τέρψει
1535 4294 1865 4365 διαπλανῶν,

291 4374 510 4437 οὐδενὸς
535 4374 612 4437 δὲ,
646 4375 770 4428 οὔτε
797 4376 907 4428 τῶν
938 4381 1413 4451 παρεληλυθότων,
1442 4385 1567 4440 οὔτε
1598 4390 1707 4443 τῶν
1738 4392 1868 4461 μελ-

291 4463 518 4528 λόντων,
562 4464 818 4534 οὐδεμιᾶς
848 4468 1061 4539 ἡδονῆς,
1104 4471 1213 4523 οὐδ’
1243 4473 1416 4546 ἑτέρῳ
1459 4478 1710 4549 μετέχειν
1738 4482 1870 4534 ἐνδι-

292 4555 439 4619 δούς.
471 4555 655 4619 Οὕτως
679 4559 973 4628 ἀδιάφορον
1001 4561 1169 4615 πολὺν
1190 4562 1222 4633 ἢ
1253 4564 1432 4634 ὀλίγον
1457 4568 1649 4635 χρόνον
1666 4570 1871 4639 ἐμϐιῶ-

1974 3361 2284 3423 oblectatio,
2313 3369 2753 3414 momentaneum
2789 3367 2893 3414 est.
2942 3358 3188 3430 Longum
3230 3372 3362 3426 ergo
3404 3357 3553 3414 vitae.

1974 3459 2027 3505 et
2059 3451 2225 3505 breve
2246 3458 2482 3518 tempus,
2504 3464 2629 3503 cum
2659 3449 3118 3503 delectamentum
3147 3447 3399 3518 prazseuti
3433 3456 3553 3501 tan-

1972 3550 2085 3595 tum
2129 3540 2563 3605 circumscribat,
2594 3554 2702 3593 una
2749 3547 2804 3594 et
2846 3540 3036 3594 eadem
3081 3538 3340 3593 fruitione
3378 3537 3550 3601 illum,

1972 3633 2065 3702 qui
2094 3633 2392 3703 longaavam
2437 3632 2617 3702 attigit
2661 3639 3026 3693 senectutem,
3081 3638 3136 3684 et
3181 3629 3273 3696 qui
3326 3629 3551 3697 juventa

1973 3724 2144 3788 ﬂoret,
2176 3722 2533 3792 constringit;
2563 3722 2846 3791 utriusque
2887 3735 3110 3775 sensum
3152 3720 3553 3773 oblectamento

1973 3812 2225 3884 praesenti
2257 3812 2565 3866 errabunde
2600 3811 2901 3877 definiens;
2952 3811 3154 3866 nullius
3180 3818 3361 3863 autem
3402 3808 3487 3861 vel
3522 3824 3554 3861 e

1978 3903 2268 3973 praeteritis
2299 3945 2313 3967 ,
2365 3913 2458 3957 aut
2503 3902 2721 3963 futuris,
2770 3903 3048 3972 voluptate
3096 3901 3329 3972 gaudere
3382 3900 3556 3955 cuivis

1972 3997 2312 4065 permittens,
2335 3993 2471 4047 adeo
2505 4009 2593 4047 res
2615 3991 2934 4048 indin‘erens
2964 4000 3066 4058 est,
3095 3991 3255 4061 longo
3280 3989 3361 4044 vel
3392 3989 3543 4043 brevi

1971 4088 2146 4155 spatio
2176 4101 2484 4156 superesse.
2521 4084 2634 4139 lmo
2662 4085 2845 4153 potius
2882 4083 3027 4138 haud
3070 4092 3155 4138 est
3194 4081 3543 4143 inditlerens;

1971 4180 2017 4233 si
2043 4178 2187 4232 enim
2223 4193 2253 4232 a
2285 4177 2514 4232 maculis
2534 4191 2696 4230 nemo
2717 4189 2942 4245 prorsus
2974 4182 3058 4228 est
3086 4171 3369 4236 immunis,
3398 4170 3541 4239 quod

1968 4281 2025 4323 et
2061 4270 2207 4324 dicto
2236 4280 2293 4324 et
2332 4269 2475 4323 facto
2514 4267 2891 4323 confirmatum
2921 4265 3188 4328 videmus,
3236 4279 3306 4317 ne
3345 4263 3393 4317 si
3428 4262 3537 4317 vita

1971 4363 2088 4432 ejus
2133 4362 2205 4418 sit
2242 4361 2404 4416 unius
2428 4359 2557 4424 diei,
2602 4366 2751 4414 certe
2783 4357 2876 4428 qui
2912 4368 2969 4412 et
3006 4355 3324 4411 abbreviato
3371 4353 3542 4424 magis

1971 4461 2215 4522 tempore
2255 4452 2413 4508 istius
2460 4451 2585 4506 vitae
2632 4450 2783 4504 exuit
2832 4447 3244 4504 tabernaculum
3296 4446 3503 4500 luteum
3532 4485 3546 4505 ,

1906 4557 1918 4575 ·
1970 4557 2094 4597 cum
2143 4541 2490 4612 paucioribus
2533 4539 2780 4608 corporis
2824 4536 3076 4591 sordibus
3129 4535 3258 4588 hinc
3312 4532 3545 4587 excedit.

296 4663 388 4699 ναι
413 4661 429 4677 -
466 4646 671 4716 μᾶλλον
700 4622 1223 4722 διοὸδίάδιάφορονξ
1245 4655 1307 4706 εξ
1329 4622 1437 4725 {ap
1454 4622 1631 4718 δὲδεις
1659 4622 1870 4733 svspe-

1973 4631 2239 4698 Quocirca
2264 4630 2354 4700 qui
2385 4630 2527 4700 luget
2567 4628 2711 4682 illius
2761 4627 2992 4689 obitum,
3040 4639 3105 4678 eo
3149 4622 3298 4724 cuod
3343 4636 3373 4675 a
3413 4636 3550 4733 prm-

293 4755 394 4802 πος
422 4740 531 4792 ἀπὸ
579 4739 757 4809 ῥύπου
788 4741 1025 4814 καθαρὸς
1061 4744 1279 4815 εἴρηταί
1305 4764 1386 4812 τε,
1420 4749 1514 4801 καὶ
1543 4754 1657 4815 τοίς
1686 4753 1868 4821 ἔργοις

291 4830 490 4900 ὁρᾶται
550 4832 941 4901 πιστούμενον,
996 4835 1107 4887 οὐδ’
1146 4837 1213 4889 ἂν
1247 4838 1297 4889 εί
1341 4838 1437 4908 μία
1480 4840 1661 4910 ἡμέρα
1690 4843 1720 4894 ὁ
1755 4842 1870 4911 βίος

290 4918 468 4989 αὐτῷ,
503 4920 531 4971 ὁ
580 4921 640 4971 ὲν
668 4922 911 4975 ἐλάττονι
949 4926 1126 4996 χρόνῳ
1156 4928 1218 4979 τὸ
1265 4928 1488 4997 πήλινον
1517 4930 1676 4983 τοῦτο
1740 4934 1867 5003 σκὴ-

292 5030 451 5079 νωμα
477 5013 816 5079 καταλιπὼν,
843 5015 1062 5069 ἔλαττον
1101 5019 1242 5087 ἔχων
1270 5020 1479 5090 ἀπῆλθε
1508 5022 1603 5075 καὶ
1637 5024 1868 5091 κηλίδων

291 5102 403 5155 τῶν
431 5105 783 5170 σωματικῶν.
822 5106 934 5160 Οὐκ
970 5104 1065 5159 οὖν
1088 5109 1117 5161 ὁ
1141 5110 1355 5165 πενθῶν
1379 5111 1478 5182 τὴν
1504 5113 1867 5176 ἀπελθοῦσαν,

290 5194 375 5247 ὅτι
410 5194 602 5247 θᾶττον
652 5196 929 5267 ἀπήλλαξε
974 5198 1084 5252 τῶν
1135 5201 1458 5271 παρόντων,
1514 5205 1597 5256 ὅτι
1650 5204 1871 5259 ἔλαττον

296 5285 531 5354 μετέσχε
570 5287 681 5338 τῶν
724 5288 1099 5357 μολυνόντων,
1148 5292 1308 5346 τοῦτο
1333 5294 1572 5365 δάκρυον
1609 5301 1868 5364 ποιεῖται,

292 5379 390 5431 καὶ
418 5379 479 5430 τὸ
509 5379 904 5452 καθαρωτέραν
926 5383 1095 5454 αὐτὴν
1120 5384 1197 5454 τῷ
1223 5387 1431 5439 ἐκεῖθεν
1450 5389 1680 5459 ὀφθῆναι
1709 5391 1867 5461 Νυμ-

291 5469 420 5539 φίῳ,
445 5471 735 5544 νομίζει[ς]
766 5477 1053 5546 συμφοράν
1074 5492 1087 5506 ο
1126 5478 1263 5531 ἀλλά
1294 5480 1401 5550 πρὸ
1432 5480 1580 5553 ὥρας
1606 5485 1863 5554 μετέστη·

295 5562 372 5633 μή
397 5580 487 5633 μοι
510 5564 721 5631 γένοιτο
744 5567 1001 5638 τοιαύτην
1020 5570 1206 5641 φωνὴν
1222 5572 1471 5627 ἀκοῦσαν
1488 5574 1673 5647 φωνὴν
1690 5576 1865 5646 ρηθῆ-

1973 4724 2219 4779 sentibus
2252 4732 2361 4776 tam
2385 4722 2492 4775 cito
2522 4721 2800 4778 liberatur,
2825 4732 2890 4771 eo
2918 4714 3063 4784 quod
3090 4713 3271 4767 minus
3298 4712 3542 4766 macula-

1974 4830 2094 4869 rum
2123 4812 2489 4885 participavit,
2520 4809 2886 4880 'polluentium
2930 4806 3196 4877 lacrymas
3241 4803 3441 4864 fundit,
3493 4814 3549 4855 et

1974 4909 2119 4962 inter
2137 4908 2474 4963 calamitates
2497 4911 2795 4973 computat,
2816 4902 2959 4972 quod
2982 4898 3319 4969 splendidior
3341 4911 3545 4963 sponsu

1972 5008 2354 5071 praesentetur.
2392 4998 2499 5052 Sed
2527 4994 2761 5051 excessit
2802 5002 2927 5046 ante
2959 5000 3193 5059 tempus.
3235 4989 3375 5053 Quin
3411 4989 3550 5042 hanc

1971 5108 2072 5163 ego
2106 5108 2295 5147 vocem
2326 5090 2508 5145 nullus
2539 5088 2776 5149 audiam,
2808 5086 2955 5141 dictu
2998 5083 3282 5143 audacem,
3310 5080 3549 5149 cogitatu

1971 5185 2340 5239 audaciorem.
2393 5184 2535 5236 Ante
2582 5190 2816 5247 tempus,
2865 5178 2983 5231 ais?
3028 5175 3164 5229 Cum
3207 5182 3545 5229 nasceretur,

1971 5292 2069 5332 cur
2109 5291 2219 5330 non
2254 5274 2454 5330 dicitur
2482 5278 2608 5325 ante
2642 5279 2859 5338 tempus
2921 5268 2974 5321 in
3019 5267 3196 5320 lucem
3231 5264 3412 5318 edita?
3438 5260 3547 5316 Na-

1972 5369 2227 5423 scebatur
2254 5367 2321 5420 de
2355 5364 2540 5419 divino
2588 5371 2721 5415 nutu
2748 5370 2803 5414 ct
2839 5357 3179 5428 tempestive.
3211 5355 3292 5408 An
3326 5362 3539 5407 nosmet

1968 5473 2069 5512 nos
2098 5465 2403 5511 statuemus
2425 5454 2659 5509 arbitros
2685 5452 2753 5507 de
2785 5460 3052 5519 tempore,
3083 5447 3229 5518 quod
3257 5446 3324 5499 ad
3351 5445 3543 5498 condi-

1969 5560 2141 5604 torem
2175 5550 2304 5603 hinc
2341 5545 2551 5601 abibit?
2582 5546 2802 5597 -Annon
2840 5542 2930 5595 ille
2960 5539 3143 5611 opifex
3184 5534 3444 5607 produxit
3486 5535 3541 5589 in

294 5668 384 5707 ναι
409 5653 509 5725 μὲν
534 5655 835 5728 τολμηράν
860 5636 1177 5732 ὲννοηθῆναι
1201 5661 1256 5715 δὲ
1287 5636 1717 5737 τολμηροτέραν.

1973 5654 2233 5716 tempore,
2262 5644 2328 5699 ad
2354 5658 2413 5699 se
2439 5647 2681 5697 assumet
2706 5636 2977 5700 nesciens,
3005 5638 3374 5703 opportunum
3406 5636 3544 5683 tem.

1576 5819 1799 5876 VARI/E
1834 5818 2125 5877 LECTION
2133 5820 2239 5876 ES.

379 5963 408 5994 ³
446 5954 849 6025 περιτυχόντες.
