4024 6516
438 489 546 551 9'15

1572 488 1833 553 ΡΗΟΤΙΙ
1874 494 2380 558 PATRIARCH/E
2419 498 2527 557 (ΞΡ.

3604 493 3726 557 ’976

424 597 568 668 pus?
587 596 655 652 de
684 604 832 667 gutta
858 597 913 651 in
936 611 1155 652 carnem
1181 599 1454 667 solidavit,
1474 601 1530 656 in
1553 613 1711 658 utero
1735 603 2009 669 formavit,

2131 607 2260 677 ὒρας
2279 624 2291 637 ’
2324 607 2419 660 καὶ
2450 604 2568 669 πῶς
2601 606 2689 658 ὅτε
2712 603 2814 667 τὰς
2840 603 3118 675 μητρικάς
3141 603 3336 657 ἔλυσεν
3359 602 3588 666 ὠδῖνας,
3615 604 3727 658 οὐκ

426 685 481 740 in
512 687 687 739 lucem
723 685 996 754 produxit,
1026 687 1095 741 ab
1127 686 1357 742 infantia
1384 690 1452 743 ad
1473 700 1690 745 attatcm
1732 693 2002 761 puerilem

425 777 750 841 custodivit,
807 778 875 830 ad
919 776 1251 843 thalamum,
1302 779 1370 833 ad
1416 779 1716 850 perfectam
1755 789 2010 850 aetatem,

429 868 625 935 ecquid
655 868 853 921 borum
901 867 1323 938 intempestive?
1363 878 1424 925 ut
1462 885 1586 924 cum
1632 871 1687 924 in
1743 880 2009 927 aeternum

432 956 596 1009 vitam
638 962 934 1024 permutat,
966 963 1083 1011 tum
1115 957 1294 1013 solum
1334 958 1446 1029 agit
1485 958 1912 1030 intempestive?
1943 960 2016 1015 sit

424 1045 589 1114 longe
622 1061 652 1100 a
685 1046 868 1117 lingua
895 1046 1157 1117 pietatem
1183 1049 1485 1104 meditante
1509 1050 1628 1105 haec
1653 1050 2013 1120 blasphemia,

422 1137 590 1207 longe
626 1137 695 1192 ab
730 1138 918 1194 animo
964 1141 1279 1205 moderato;
1330 1141 1555 1212 dignum
1596 1142 1647 1196 id
1708 1149 1795 1197 est
1841 1141 2019 1212 longis

434 1227 713 1292 lamentis,
740 1236 798 1284 et
831 1230 1019 1285 multis
1037 1230 1310 1302 lacrymis,
1334 1233 1589 1288 obrutum
1616 1233 1893 1287 hominem
1922 1230 2017 1286 tali

432 1320 826 1389 cogitationum
853 1321 1132 1390 nequitia;
1164 1339 1275 1377 non
1297 1333 1482 1379 autem
1517 1310 1765 1378 mortalia
1790 1324 2017 1377 immor—

434 1409 636 1464 talibus
673 1419 886 1467 mutare
913 1427 928 1466 :
959 1412 1218 1481 quocirca
1255 1413 1443 1484 lugere
1484 1429 1592 1469 non
1623 1422 1841 1484 oportet
1872 1414 2019 1469 illam

436 1517 560 1570 quae
592 1518 791 1572 corpus
837 1503 1069 1559 mortale
1115 1504 1359 1574 reliquit,
1404 1507 1502 1561 sed
1542 1505 1696 1560 illum
1737 1506 1830 1576 qui
1871 1521 2023 1560 mor-

440 1591 609 1646 tificat
649 1602 886 1649 mentem
935 1594 1332 1661 immortalem,
1381 1611 1494 1651 non
1545 1611 1712 1666 quam
1755 1596 2025 1651 thalamus

437 1682 679 1738 caelestis
698 1686 1097 1756 complectitur;
1123 1687 1220 1743 sed
1242 1688 1336 1758 qui
1361 1703 1460 1758 spe
1480 1688 1761 1744 mortifera
1783 1688 2021 1743 animam

441 1778 694 1847 sepelivit
727 1798 743 1835 :
777 1781 875 1836 sed
918 1783 1185 1851 praevenit
1227 1783 1420 1838 abiens
1467 1794 1749 1854 parentes;
1798 1791 1855 1840 et
1896 1784 2026 1854 quid

444 1868 597 1921 tum?
645 1878 867 1938 operata
915 1871 1145 1927 forsitan
1186 1873 1358 1942 patris
1403 1881 1459 1928 et
1506 1874 1699 1928 matris
1738 1873 2026 1942 interitui‘,

2114 696 2395 766 ἐνομίζετο
2431 694 2580 749 λύειν
2609 695 2717 767 πρὸ
2764 694 2948 765 ῶρας;
2980 695 3098 748 ἀλλ’
3129 694 3329 764 ἐτέχθη
3382 694 3485 763 μὲν
3531 694 3729 747 νεύσει

2112 784 2250 839 Θεοῦ
2279 784 2376 839 καὶ
2392 785 2514 838 καθ’
2543 785 2715 857 ὥραν.
2752 784 3040 838 Ἀπελθεῖν
3073 785 3131 838 δὲ
3154 785 3294 861 πρὸς
3324 783 3420 837 τὸν
3452 784 3727 855 [ιλάστην

2114 878 2262 947 ἡμᾶς
2290 878 2489 940 αὐτοὺς
2523 876 2828 946 καθίζομεν
2857 874 3159 948 ὁροθέταςς
3200 875 3299 928 καὶ
3331 874 3578 946 προάγει
3619 876 3733 946 μὲν

2114 970 2144 1022 ὁ
2188 969 2532 1041 Δημιουργδς
2564 967 2687 1022 καθ’
2736 967 2909 1039 ὥραν,
2940 966 3214 1037 λαμύάνει
3242 967 3302 1020 δὲ
3342 966 3487 1037 πρὸς
3520 968 3731 1021 ἑαυτὸν

2115 1060 2218 1114 οὒκ
2268 1059 2423 1123 εἰδὼς
2465 1059 2563 1131 τὴν
2612 1059 2798 1132 ὥραν;
2843 1059 2955 1113 ἀπὸ
3030 1060 3295 1127 σταγόνος
3362 1059 3571 1131 ἔπηξεν
3641 1062 3733 1125 είς

2120 1151 2331 1223 σάρκα,¹
2360 1151 2649 1205 διέπλασεν
2689 1152 2750 1204 ὲν
2802 1152 3009 1222 μήτρᾳ,
3046 1153 3396 1222 προήνεγκεν
3437 1155 3524 1217 είς
3574 1153 3724 1223 φῶς,

2119 1242 2188 1296 ὲκ
2229 1240 2463 1311 βρέφους
2520 1240 2813 1310 διετήρησε
2877 1240 3041 1312 μέχρι
3093 1241 3309 1305 παιδὸς,
3369 1228 3542 1313 μέχρι
3608 1259 3730 1295 πα-

2124 1331 2354 1394 στάδος,
2393 1333 2553 1402 μέχρι
2618 1330 2833 1394 τελείας
2880 1331 3102 1401 ἡλικίας
3129 1346 3145 1361 ·
3187 1330 3401 1386 τούτων
3450 1333 3612 1386 οὐδὲν
3660 1333 3729 1386 οὗ

2123 1422 2248 1476 καθ’
2275 1420 2462 1491 ῶραν;
2493 1423 2627 1474 Ὅτε
2652 1420 2712 1474 δὲ
2743 1421 2881 1491 πρὸς
2896 1420 2990 1474 τὸν
3018 1420 3295 1475 ἀθάνατον
3322 1421 3553 1493 ἀμείϐει
3577 1422 3728 1493 βίον,

2123 1513 2246 1567 τότε
2272 1513 2432 1582 μόνον
2455 1511 2518 1565 ού
2552 1511 2677 1565 καθ’
2700 1511 2852 1583 ῶραν
2874 1528 2891 1578 ;
3139 1511 3398 1583 γλώσσης
3428 1512 3732 1567 εὐσέϐειαν

2131 1600 2447 1673 μελετώσης
2469 1602 2503 1671 ὴ
2533 1601 2757 1670 τοιαύτη
2785 1602 3106 1672 δυσφημία·
3139 1602 3333 1675 πόρρω
3362 1604 3733 1674 φρονήματος

2131 1693 2537 1762 σωφρονοῦντος
2551 1708 2568 1723 ’
2591 1691 2751 1745 τοῦτο
2763 1692 2983 1762 θρήνων
3005 1693 3261 1762 μακρῶν,
3282 1693 3450 1746 τοῦτο
3464 1691 3734 1764 δακρύων

2130 1782 2342 1836 πολλῶν
2374 1782 2866 1852 ἐγκαταχωσθῆναι
2916 1781 3009 1837 τὸν
3066 1781 3359 1853 ἄνθρωπον
3410 1782 3735 1855 τηλικαύτῃ

2135 1874 2408 1947 μοχθηρίᾳ
2463 1873 2743 1943 λογισμῶν
2767 1912 2782 1937 ,
2838 1872 2954 1926 ἀλλ’
3006 1874 3129 1943 οὐχὶ
3181 1874 3241 1927 τὸ
3312 1875 3605 1945 διαμεῖψαι
3655 1876 3736 1930 τὰ

446 1960 580 2016 hinc
624 1970 756 2017 tunc
814 1965 1078 2019 excedere
1123 1965 1315 2020 debuit
1360 1973 1441 2020 tot
1483 1966 1655 2035 plagis
1699 1980 1860 2019 caesa.
1910 1963 2028 2019 Haec

2135 1965 2389 2036 ἄφθαρτα
2417 1964 2529 2018 τῶν
2558 1963 2839 2033 φθαρτῶν.
2868 1965 2943 2017 Ού
2973 1964 3072 2034 μὲν
3101 1964 3197 2018 οῦν
3226 1966 3349 2035 οὐχὶ
3378 1966 3603 2020 πενθεῖν
3627 1967 3734 2038 τὴν

442 2051 535 2122 qui
562 2054 659 2116 ait,
680 2069 791 2109 non
815 2049 1239 2122 patris'viscera,
1262 2057 1355 2112 sed
1384 2071 1635 2111 novercae
1658 2055 1910 2111 allectum
1936 2070 2024 2109 re-

445 2144 571 2207 fert,
604 2160 711 2199 non
744 2147 916 2215 patris
953 2152 1049 2201 aut
1091 2147 1282 2202 matris
1328 2142 1478 2202 (ferte
1517 2162 1803 2213 amorem;
1849 2147 2023 2217 magis

354 2260 359 2264 ι
447 2235 619 2299 illum.
660 2237 753 2306 qui
804 2237 951 2307 quod
995 2252 1056 2293 se
1108 2238 1348 2293 oblectet
1394 2247 1621 2307 quterat,
1668 2254 1831 2308 quam
1880 2239 2026 2308 quod

442 2326 570 2382 filiae
596 2328 824 2383 exsistat
847 2336 1083 2399 gratum,
1111 2328 1314 2398 quique
1339 2328 1443 2383 sub
1469 2328 1757 2383 desideriis
1788 2328 1909 2382 tiliae
1941 2328 2025 2383 sui

437 2416 612 2485 ipsius
646 2431 833 2471 curam
883 2417 1196 2472 meditatur.
1237 2417 1379 2484 Quid
1414 2417 1645 2473 tristitiae
1690 2425 1779 2471 est
1824 2416 2026 2471 intueri

442 2517 674 2564 mortem
708 2510 1053 2564 amatorum?
1080 2510 1317 2566 excessit
1354 2511 1483 2565 hinc
1514 2510 1644 2576 ﬁlia,
1679 2525 1710 2564 a
1751 2519 1926 2564 morte
1957 2509 2028 2563 li-

442 2599 596 2662 hera,
627 2598 734 2654 hoc
763 2599 920 2654 triste
966 2613 1079 2655 non
1115 2610 1202 2655 est
1231 2618 1248 2653 :
1274 2608 1333 2677 et
1359 2600 1489 2669 quid
1530 2616 1634 2655 nos
1669 2610 1785 2654 tum
1826 2613 2027 2653 consu—

442 2690 645 2746 mimus
677 2690 932 2745 tristitia?
956 2691 1003 2746 si
1037 2690 1278 2746 rediviva
1308 2690 1405 2745 tibi
1439 2692 1657 2746 adesset
1678 2698 1825 2754 nata,
1850 2698 1907 2744 et
1939 2702 2029 2743 as-

446 2792 569 2837 tans
602 2796 827 2837 manum
857 2783 1045 2838 manui
1082 2783 1362 2848 misceret,
1403 2782 1448 2836 si
1497 2782 1698 2836 blando
1725 2791 1782 2836 et
1818 2779 2029 2835 exhila-

444 2882 600 2928 rante
636 2874 794 2931 vultu
840 2875 1025 2931 oscula
1062 2876 1218 2930 daret
1259 2885 1317 2929 et
1363 2874 1755 2942 alloqueretur.
1787 2872 1929 2938 Quid
1976 2882 2030 2926 te

436 2962 660 3034 alliigis,
696 2965 883 3035 pater?
905 2964 1037 3035 quid
1074 2965 1414 3031 lamentaris,
1446 2964 1600 3034 quasi
1636 2963 1778 3018 mala
1815 2978 1902 3017 me
1935 2977 2030 3017 ex—

442 3056 730 3110 cedentem
780 3055 1086 3110 ambirent?
1147 3054 1405 3110 Habitare
1468 3053 1781 3124 paradisum
1837 3053 2028 3107 sortita

445 3160 592 3210 sum,
616 3145 923 3216 jucundum
947 3146 1121 3200 oculis
1147 3145 1543 3215 spectaculum,
1564 3144 1862 3214 jucundius
1893 3143 2030 3198 frui-

452 3238 621 3301 tione,
656 3238 994 3308 experientia
1015 3252 1233 3294 omnem
1257 3237 1475 3293 excedit
1505 3237 1702 3303 fidem;
1744 3237 2030 3307 paradisus

452 3326 543 3382 ille
576 3327 735 3382 sedes
766 3336 992 3398 paterna
1024 3338 1081 3384 et
1119 3329 1440 3399 principalis
1474 3328 1650 3384 nostri
1687 3327 1927 3401 generis,
1972 3328 2027 3381 in

450 3432 558 3489 quo
576 3417 864 3474 Dominicae
887 3435 1081 3476 manus
1099 3420 1377 3491 opificium
1395 3420 1643 3476 naturale
1668 3420 1832 3491 primi
1854 3418 2030 3474 nostri

445 3509 743 3580 parentes,‘
773 3520 1067 3582 antequam
1121 3512 1430 3567 insibilaret
1481 3527 1734 3582 serpens,
1781 3511 1888 3565 hoc
1924 3518 2030 3574 est,

453 3599 666 3655 beatam
698 3599 864 3656 vitam
891 3600 1125 3672 agebant
1157 3618 1170 3653 :
1201 3600 1351 3654 hunc
1385 3615 1638 3670 campum
1673 3600 1764 3654 ille
1794 3612 2032 3669 nequam

455 3698 510 3745 et
542 3690 801 3748 incurvus
828 3706 1057 3762 serpens
1097 3690 1245 3746 illabi
1277 3691 1470 3760 nequit
1497 3691 1697 3756 adhuc,
1739 3704 1843 3745 nec
1877 3692 2033 3743 insu-

454 3790 703 3837 surratos
741 3796 1022 3838 sermones
1040 3781 1320 3837 insinuare
1355 3780 1748 3835 fraudulenter.
1782 3779 1931 3834 Inest
1959 3778 2033 3833 ibi

457 3872 617 3929 nobis
662 3887 821 3928 mens
871 3873 1021 3929 omni
1072 3872 1325 3931 machina
1377 3872 1647 3944 superior,
1705 3870 1857 3927 omni
1916 3877 2036 3924 arte

458 3963 655 4032 major,
686 3979 798 4020 non
826 3972 913 4020 est
945 3964 1019 4020 ibi
1047 3965 1242 4019 oculus
1275 3962 1607 4034 aperiendus
1647 3971 1745 4016 aut
1809 3960 2035 4030 majoris

457 4054 837 4110 oblectationis
890 4053 1139 4110 fruendae
1176 4054 1537 4110 desiderium.
1594 4052 1800 4108 Sumus
1843 4066 2035 4107 omnes

458 4144 725 4215 sapientia
753 4146 940 4203 divina
981 4155 1037 4201 et
1081 4146 1289 4202 caelesti
1341 4145 1651 4215 sapientes;
1699 4144 1813 4198 vita
1855 4143 2036 4198 omnis

455 4234 777 4306 transigitur
795 4235 852 4290 in
884 4236 1340 4292 inenarrabilibus
1360 4251 1465 4290 nec
1495 4233 1804 4289 invidendis
1848 4232 2031 4299 bonis,

457 4327 584 4383 inde
622 4335 735 4381 tota
771 4328 929 4382 nobis
971 4326 1240 4382 festivitas
1283 4334 1340 4381 et
1385 4325 1716 4396 panegyris:
1754 4322 2035 4394 splendidi

454 4417 739 4489 splendide
765 4417 822 4471 in
850 4417 1167 4488 corporibus
1193 4415 1697 4486 incorruptibilibus
1736 4423 1793 4469 et
1836 4415 2024 4485 puris-

456 4507 611 4563 simis
663 4514 966 4569 versantes,
1010 4505 1181 4560 Deum
1215 4504 1483 4568 videmus,
1519 4501 1793 4573 quomodo
1824 4500 2053 4555 homini

2127 2056 2496 2127 διαφυγοῦσαν
2525 2056 2689 2125 σῶμα
2720 2055 2914 2127 θνητὸν
2943 2056 3046 2119 δεῖ,
3075 2056 3214 2110 ἀλλά
3240 2057 3336 2110 τὸν
3359 2056 3735 2127 νεκρώσαντα.

2126 2148 2218 2201 τὸν
2246 2147 2511 2202 ἀθάνατον
2559 2146 2684 2200 νοῦν
2705 2162 2719 2176 ·
2751 2146 2863 2199 οὐδ’
2898 2146 2966 2217 ἢν
2998 2146 3256 2216 οὐράνιος
3296 2146 3518 2210 παστὰς
3554 2145 3735 2199 θαλα-

2130 2238 2309 2309 μεύει,
2340 2236 2456 2291 ἀλλ’
2509 2235 2570 2299 ὃς
2612 2235 2841 2304 ὲνέθαψε
2870 2236 2973 2306 τὴν
3011 2236 3192 2307 ψυχὴν
3243 2236 3430 2288 ἐλπίσι
3469 2237 3731 2306 νεκραῖς.

2127 2329 2264 2392 Ναὶ,
2297 2326 2489 2397 φησὶν,
2521 2326 2659 2380 ἀλλά
2692 2326 2967 2379 τεκόντων
3000 2324 3333 2396 προαπῆλθε
3353 2341 3367 2355 ·
3401 2326 3456 2379 τί
3480 2327 3570 2379 δαὶ
3590 2327 3732 2393 ἄρα,

2127 2419 2376 2473 ἐϐούλετο
2427 2418 2487 2470 δέ
2536 2434 2621 2480 τις
2645 2416 2817 2487 αὐτὴν
2855 2416 3066 2487 μητρὸς
3110 2416 3209 2469 καὶ
3250 2415 3466 2484 πατρὸς
3501 2414 3736 2484 θανάτῳ

2128 2508 2707 2582 προκατεργασθείσαν
2749 2507 3038 2578 πρότερον,
3066 2505 3245 2570 οὕτως
3287 2506 3574 2571 ἀπελθεῖν,
3627 2523 3730 2576 τη·

2135 2599 2420 2662 λικαύταις
2444 2600 2682 2669 πληγαῖς
2714 2598 3252 2668 μεμαστιγωμένην;
3284 2597 3498 2668 πατρὸς
3523 2596 3587 2650 οῦ
3631 2614 3735 2666 μοι

2135 2690 2441 2759 σπλάγχνα,
2479 2690 2753 2759 μητρυιᾶς
2791 2687 3033 2743 διάθεσιν
3065 2682 3239 2753 οὗτος,
3271 2688 3389 2741 ἀλλ’
3419 2688 3481 2740 ού
3516 2687 3738 2758 πατρὸς

2130 2781 2254 2834 οὐδὲ
2289 2780 2495 2850 μητρὸς
2531 2780 2775 2849 φίλτρον,
2809 2778 3167 2846 ἀπαγγέλλει,
3202 2780 3299 2831 καὶ
3326 2777 3627 2848 ζητοῦντος
3659 2777 3730 2830 τὸ

2129 2874 2330 2926 οἰκεῖον
2362 2870 2460 2941 ἡδὺ
2505 2870 2539 2940 ἢ
2581 2870 2642 2923 τὸ
2665 2872 2732 2940 τῇ
2761 2869 2999 2939 θυγατρὶ
3028 2870 3458 2939 κεχαρισμένον,
3511 2869 3611 2921 καὶ
3642 2885 3744 2921 σο-

2130 2957 2426 3029 φιζομένου
2467 2957 2617 3028 πόθῳ
2665 2958 2859 3022 παιδὸς
2908 2958 3007 3028 τὴν
3053 2957 3249 3011 ἑαυτοῦ
3304 2957 3636 3028 θεραπείαν.
3666 2957 3740 3010 Τί

2130 3051 2237 3120 γὰρ
2264 3049 2506 3120 λυπηρὸν
2552 3050 2681 3102 ἰδεῖν
2715 3050 3104 3121 στεργομένων
3152 3049 3422 3115 θάνατον;
3475 3050 3581 3103 οὐκ
3633 3045 3740 3105 οὖν

2128 3140 2369 3211 ἀπῆλθεν
2404 3143 2439 3212 ἡ
2468 3143 2597 3206 παῖς
2625 3141 2889 3212 ἐλευθέρα
2917 3142 3108 3197 τούτου
3134 3161 3149 3174 ο
3205 3142 3320 3195 ἀλλ’
3356 3145 3420 3198 ού
3453 3144 3738 3214 λυπηρόν.

2130 3233 2242 3288 Καὶ
2268 3234 2320 3287 τί
2349 3232 2678 3304 δαπανῶμεν
2715 3234 2944 3297 ἑαυτοὺς
2967 3236 3032 3305 τῇ
3065 3232 3250 3305 λύπη;
3286 3236 3350 3287 Εἰ
3378 3234 3425 3287 δ’
3459 3234 3603 3305 αῦτη
3641 3252 3730 3289 σοι

2133 3323 2317 3395 παρῆν
2361 3325 2571 3380 ἐκεῖθεν
2615 3326 2649 3395 ἡ
2691 3328 2823 3389 παῖς
2847 3326 3159 3389 ἐπιστᾶσα,
3211 3327 3308 3387 καὶ
3362 3327 3513 3397 χειρὶ
3571 3330 3741 3398 χεῖρα

2131 3414 2465 3486 ὲμύαλοῦσα,
2514 3414 2685 3486 ἱλαρῷ
2729 3415 2785 3469 δὲ
2827 3417 2923 3471 καὶ
2958 3418 3205 3489 χαίροντι
3266 3417 3553 3488 προσώπῳ
3594 3435 3742 3472 κατ-

2132 3506 2308 3574 εφίλει
2330 3523 2389 3559 τε
2418 3506 2513 3559 καὶ
2532 3504 3002 3577 προσεφθέγγετο,
3021 3507 3086 3562 Τί
3111 3507 3169 3560 δὲ
3194 3507 3305 3577 ἄρα
3326 3508 3553 3570 κόπτεις
3571 3523 3741 3561 σεαυ-

2133 3594 2245 3660 τὸν,
2271 3588 2318 3648 ὦ
2339 3594 2513 3664 πάτερ
2536 3611 2551 3660 ;
2574 3594 2705 3648 τίδὲ
2736 3594 2977 3664 θρηνεῖς,
3002 3595 3079 3658 ώς
3108 3597 3204 3649 ἐπὶ
3222 3600 3438 3662 κακοῖς,
3461 3597 3741 3652 ἀιιιεελθοῦ⁴

2136 3703 2272 3753 σαν;
2304 3685 2430 3755 ἐμοὶ
2463 3684 2796 3756 παράδεισος
2823 3685 3017 3754 ἔλαχεν
3073 3687 3267 3741 οίκεῖν.
3312 3687 3499 3740 Γλυκὺ
3548 3687 3653 3758 μέν
3680 3706 3739 3741 τι

2137 3776 2320 3847 θέαμα
2349 3776 2652 3847 ὀφθαλμοῖς
2684 3776 2817 3830 ίδεῖν
2839 3792 2855 3808 ’
2886 3777 3225 3848 γλυκύτερον
3252 3779 3311 3832 δὲ
3335 3778 3735 3835 inuoluite-ar

2138 3865 2390 3938 μείζω[ν]
2419 3866 2476 3919 δὲ
2533 3867 2771 3930 πίστεως
2796 3868 3019 3939 ἀπάσης
3063 3871 3097 3938 ἡ
3149 3872 3335 3941 πεῖρα.
3388 3871 3740 3942 Παράδεισος

2135 3959 2341 4020 ἐκεῖνος
2376 3958 2410 4027 ἡ
2454 3957 2649 4028 πρώτη
2698 3959 2793 4012 καὶ
2832 3958 3113 4031 θαυμασία
3135 3961 3232 4016 τοῦ
3261 3962 3466 4030 γένους
3502 3965 3735 4034 πατρὶς,

2136 4052 2195 4103 ὲν
2218 4044 2263 4120 ᾧ
2290 4049 2458 4103 πάλαι
2485 4050 2588 4121 τῆς
2604 4054 2946 4122 Δεσποτικῆς
2976 4054 3242 4124 παλάμης
3269 4055 3331 4107 τὸ
3359 4055 3741 4128 φιλοτέχνημα

2134 4142 2235 4210 τῆς
2282 4141 2499 4211 φύσεως
2527 4144 2578 4195 οί
2608 4143 2980 4214 προπάτορες,
3018 4146 3151 4215 πρὶν
3177 4145 3211 4216 ἢ
3243 4146 3337 4199 τὸν
3370 4147 3496 4215 ὅφιν
3529 4148 3736 4217 ὑποψι-

2137 4231 2375 4303 θυρίσαι,
2422 4232 2525 4301 τῆς
2574 4232 2895 4303 εὐδαίμονος
2947 4234 3041 4289 καὶ
3113 4236 3398 4306 μακαρίας
3446 4238 3739 4307 ἀπήλαυον

2137 4324 2303 4393 ζωῆς.
2347 4322 2508 4376 Ἀλλὰ
2536 4323 2633 4378 νῦν
2663 4325 2787 4378 οὐδὲ
2819 4326 2847 4377 ὁ
2889 4326 3105 4389 σκολιὸς
3133 4329 3346 4391 ἐκεῖνος
3377 4331 3471 4383 καὶ
3494 4330 3737 4400 πονηρὸς

2137 4412 2280 4480 ὄφις,
2322 4409 2508 4483 χώραν
2548 4411 2661 4481 ἔχει
2708 4412 3052 4482 ύφερπῦσαι,
3083 4414 3208 4467 οὐδέ
3263 4433 3421 4480 τινας
3466 4417 3737 4488 ψιθύρους

2136 4502 2336 4571 λόγους
2368 4504 2831 4581 ὑπομηχανᾶσθαι
2855 4521 2868 4534 ·
2895 4505 3013 4558 ἀλλ’
3047 4506 3156 4559 οὐδ’
3189 4509 3249 4559 ὲν
3283 4509 3417 4578 ἡμῖν
3454 4510 3580 4563 ἐστι
3624 4526 3734 4575 τις,

446 4598 642 4654 videre
675 4596 759 4652 fas
782 4604 868 4651 est
906 4596 1076 4650 Deum
1095 4636 1111 4658 ,
1138 4594 1283 4649 illius
1313 4593 1693 4663 inexplicabile
1721 4602 1778 4647 et
1821 4591 2028 4647 incom-

2137 4589 2197 4648 οὗ
2234 4595 2307 4664 μή
2340 4595 2490 4647 ἐστιν
2527 4595 2561 4664 ἡ
2587 4594 2782 4665 γνώμη
2834 4597 3090 4666 μηχανῆς
3119 4599 3349 4669 ἀπάσης
3394 4600 3495 4654 καὶ
3534 4601 3737 4671 τέχνης

456 4687 804 4758 prebeusibili
846 4685 1271 4757 pulchritudine,
1312 4684 1467 4754 quasi
1516 4683 1871 4752 luxuriantes}
1894 4698 2033 4737 con-

443 4781 611 4835 εἰηυο
636 4779 1013 4849 tripudiamus,
1033 4793 1134 4833 nec
1154 4778 1377 4833 satietas
1402 4777 1555 4832 adest
1574 4793 1588 4830 :
1605 4776 1837 4830 luxuriae
1862 4775 2041 4830 abun-

456 4870 641 4924 dantia
702 4870 849 4924 illius
896 4869 1185 4924 summitas
1239 4868 1311 4924 sit
1380 4867 1717 4933 dilectionis,
1777 4875 1833 4922 et
1880 4866 2027 4920 illam

456 4958 709 5011 comitata
734 4957 920 5013 fruitio
942 4957 1304 5013 inenarrabile
1330 4956 1462 5011 illud
1484 4956 1769 5028 gaudium,
1795 4968 1851 5010 et
1881 4956 2037 5011 inex-

445 5047 761 5118 plicabilem
803 5050 1220 5105 exsultationem
1255 5058 1514 5119 operatur
1548 5065 1561 5100 :
1601 5048 1740 5103 adeo
1772 5057 1857 5103 ιιι·
1885 5063 2039 5103 amor

460 5151 552 5191 me
581 5136 858 5192 inmensus
887 5155 953 5194 eo
978 5141 1220 5202 revehat,
1253 5139 1383 5193 dum
1408 5147 1586 5192 tecum
1621 5122 2038 5192 hos'sermones

459 5229 600 5293 fero,
653 5241 755 5281 nec
811 5242 1028 5295 possum
1083 5230 1299 5284 illorum
1354 5237 1565 5298 partem
1614 5227 1700 5283 vel
1748 5228 2034 5282 minimam

449 5320 688 5376 rreferre.
747 5319 985 5373 Accedes
1020 5329 1078 5374 tu
1106 5321 1398 5390 aliquaudo
1432 5337 1498 5375 eo
1528 5336 1655 5375 cum
1680 5319 1877 5375 dilecta
1917 5335 2037 5375 mea

459 5420 658 5477 matre,
690 5419 746 5465 et
779 5420 892 5463 tum
924 5425 1010 5464 me
1041 5426 1206 5479 pauca
1238 5412 1481 5480 quaedam
1511 5412 1579 5466 de
1615 5410 1822 5475 multis,
1852 5420 1908 5466 et
1934 5411 2037 5464 mi-

459 5504 680 5559 nutiora
737 5515 1021 5556 enarrasse
1065 5503 1351 5567 censebis,
1391 5513 1552 5572 teque
1600 5503 1778 5571 ipsum
1818 5502 1886 5557 de
1934 5503 2039 5558 hac

455 5595 683 5650 tristitia
702 5591 1004 5657 accusabis,
1025 5593 1121 5661 qui
1144 5607 1232 5646 me
1260 5592 1315 5646 in
1341 5594 1536 5649 talibus
1558 5593 1715 5648 bonis
1729 5600 2038 5649 versantem

457 5687 713 5755 deploras
746 5702 761 5738 :
788 5698 998 5750 verum,
1039 5683 1389 5739 dilectissime
1417 5694 1586 5753 pater,
1617 5684 1685 5739 de
1713 5690 1910 5738 caetero
1949 5697 2039 5737 me

457 5775 620 5829 laetus
649 5772 920 5843 praemitte
953 5771 1176 5840 isthinc,
1208 5787 1311 5827 nec
1337 5772 1540 5829 diutius
1576 5773 1783 5836 detine,
1813 5789 1882 5829 ne
1918 5773 2038 5843 plus

453 5865 906 5936 incommoderis,
936 5875 989 5921 et
1022 5865 1226 5923 idcirco
1256 5866 1633 5923 vehementius
1672 5866 1941 5938 amigaris.
1980 5866 2035 5921 Si

2138 4682 2378 4751 ἀμείνων
2399 4701 2411 4714 ·
2446 4684 2555 4737 οὐδ’
2583 4680 2902 4756 ὀφθαλμοὺς
2933 4687 2992 4739 δέ
3027 4704 3113 4750 τις
3150 4689 3474 4759 ἀνοιχθῆναι
3501 4690 3678 4745 δεῖται
3699 4693 3734 4762 ἦ

2154 4790 2282 4837 τινος
2328 4774 2578 4844 μείζονος
2620 4775 2917 4846 ἐπιθυμίας
2964 4779 3300 4835 ἀπολαῦσαι.
3368 4783 3573 4851 Ἐσμὲν
3625 4784 3735 4854 γὰρ

2140 4862 2378 4928 ἅπαντες
2409 4864 2563 4933 σοφοὶ
2604 4865 2704 4934 μὲν
2739 4865 2840 4936 τὴν
2876 4866 3029 4921 θείαν
3068 4870 3166 4923 καὶ
3202 4871 3459 4942 οὐράνιον
3498 4874 3696 4941 σοφίαν
3719 4894 3734 4908 ε

2137 4955 2197 5007 ὲν
2227 4955 2479 5023 ἀφθόνοις
2508 4954 2564 5007 δὲ
2608 4957 2704 5008 καὶ
2736 4957 3124 5028 ἀνεκλαλήτοις
3156 4962 3388 5030 ἀγαθοῖς
3415 4977 3430 4992 ’
3455 4965 3486 5017 ὁ
3529 4966 3590 5019 δὲ
3625 4968 3736 5028 πᾶς

2140 5046 2252 5116 βίος
2278 5047 2410 5118 ἡμῖν
2431 5047 2592 5118 ἑορτὴ
2620 5048 2715 5100 καὶ
2737 5049 3070 5120 πανήγυρις.
3096 5052 3363 5123 Λαμπροὶ
3384 5054 3443 5108 δὲ
3461 5055 3738 5127 λαμπρῶς

2137 5138 2196 5190 ὲν
2224 5135 2526 5206 ἀφθάρτοις
2558 5137 2655 5188 καὶ
2698 5136 3119 5207 καθαρωτάτοις
3160 5142 3585 5214 πολιτευόμενοι
3628 5145 3738 5199 σώ-

2142 5244 2297 5296 μασι,
2357 5228 2490 5281 Θεὸν
2538 5227 2779 5298 ὁρῶμεν,
2830 5230 2907 5293 ὡς
2962 5230 3118 5285 ἐστιν
3170 5234 3453 5304 ἀνθρώπῳ
3510 5235 3736 5289 δυνατὸν

2142 5318 2290 5382 ἰδεῖν,
2322 5318 2421 5371 καὶ
2446 5317 2638 5371 τούτου
2660 5318 2738 5390 τῷ
2760 5321 2834 5389 ἀφ
2844 5321 3031 5391 ράστῳ
3054 5323 3149 5375 καὶ
3166 5324 3523 5396 ἀπερινοήτῳ
3548 5326 3736 5380 κάλλει

2137 5408 2533 5477 ἐντρυφῶντες,
2551 5409 2847 5475 διαπαντὸς
2876 5412 3258 5482 ἀγαλλόμεθα,
3288 5415 3388 5469 καὶ
3412 5416 3580 5485 κόρος
3612 5417 3738 5471 τού-

2137 5518 2242 5553 των
2277 5501 2474 5566 ούδεὶς,
2503 5500 2640 5556 ἀλλὰ
2668 5502 2729 5555 τὸ
2757 5502 2992 5571 ἄφθονον
3024 5506 3121 5560 τοῦ
3142 5509 3362 5577 τρυφᾷν
3396 5507 3559 5579 ἀκμὴ
3589 5509 3737 5577 γίνε-

2137 5610 2226 5646 ται
2247 5593 2340 5645 τοῦ
2366 5594 2518 5663 ὲρᾷν,
2560 5594 2656 5647 καὶ
2694 5595 2772 5665 τῷ
2796 5594 2962 5666 ἔρωτι
2997 5599 3392 5669 συμπροῖοῦσα
3429 5603 3467 5672 ἡ
3515 5600 3736 5665 ἐξουσία

2137 5684 2236 5755 τῆς
2264 5684 2641 5751 ἀπολαύσεως,
2671 5686 2880 5754 ἄφατόν
2910 5705 3035 5742 τινα
3058 5691 3159 5743 καὶ
3198 5692 3619 5764 ἀνεκδιὴγητον,
3660 5693 3737 5757 ὡς

2138 5776 2377 5847 ἀληθῶς,
2411 5776 2514 5847 τὴν
2547 5777 2723 5847 χαρὰν
2746 5780 2965 5850 ἐκείνην
2991 5781 3086 5835 καὶ
3126 5782 3458 5851 ἀγαλλίασιν
3498 5785 3733 5855 ἐργάζε-

2141 5886 2230 5923 ται
2256 5886 2270 5901 ο
2305 5868 2382 5931 ὡς
2416 5869 2511 5921 καὶ
2545 5868 2640 5923 νῦν
2685 5869 2876 5941 ἔμοιγε
2916 5872 3092 5929 ταῦτά
3145 5891 3231 5930 σοι
3294 5878 3731 5951 προσομιλούσῃ,
