4024 6472
324 452 440 516 977
1477 456 2010 517 EPISTOLARUM
2052 457 2284 518 LIBER
2325 459 2409 516 lli
2422 502 2439 520 .

3484 466 3590 530 978

321 565 498 628 δεινὸς
535 563 628 618 καὶ
655 562 936 634 ἀμήχανος
971 565 1109 634 πρὸς
1151 564 1336 620 ἐκεῖνα
1379 564 1518 635 ἔρως
1557 567 1936 636 ἐπιστρέφειμ

2038 567 2149 635 pud
2185 577 2236 622 te
2270 567 2386 622 haec
2418 567 2501 621 vel
2539 567 2736 620 similia
2773 577 2948 622 tecum
2975 569 3136 624 beata
3161 579 3252 624 tua
3284 571 3446 628 ﬁliola
3468 576 3583 630 col-
3683 569 3692 580 ’

321 657 424 710 καὶ
473 656 593 708 οὐδὲ
625 655 686 708 τὸ
730 655 1071 726 βραχύτατον
1108 657 1288 709 αὐτῶν
1339 663 1662 728 παραχωρεῖ
1712 659 1900 727 διηγή-

2038 667 2338 727 )queretur,
2397 673 2579 713 annon
2611 673 2888 727 permoms
2918 661 3044 715 inde
3066 663 3298 730 gemitus
3318 664 3584 736 abigeres,

328 747 549 800 σασθαι.
592 745 819 819 Ἐλεύσῃ
854 745 910 798 δέ
945 763 1075 798 ποτε
1105 747 1199 799 καὶ
1227 747 1389 808 αὐτὸς
1419 749 1596 799 ἐκεῖσε
1633 747 1751 816 ἃμα
1772 747 1901 815 φίλῃ

2039 758 2058 802 ι
2093 749 2247 802 laetus
2287 750 2463 802 laetam
2496 749 2646 802 abire
2687 750 3068 818 permitteres?
3113 751 3317 806 Deinde
3363 753 3410 808 si
3465 755 3575 808 ﬁlia

329 838 522 908 μητρὶ,
557 840 654 890 καὶ
688 837 811 890 τότε
859 837 1030 891 πολλὰ
1058 837 1158 906 μὲν
1183 838 1283 908 ἐμὲ
1308 838 1401 890 τοῦ
1441 838 1612 908 μικρὰ
1644 837 1777 908 περὶ
1804 855 1903 904 τη-

2038 853 2120 891 αιο
2155 838 2378 898 diceret,
2423 854 2490 889 an
2536 838 2742 892 meliori
2790 847 2932 891 statu
2973 839 3198 908 erimus,
3245 848 3300 893 et
3343 841 3577 896 lamenta

328 930 595 982 λικούτων
646 932 861 983 εἰπεῖν·
925 928 1095 981 πολλά
1157 928 1212 980 δὲ
1274 928 1472 980 σαυτὸν
1529 927 1620 980 τοῦ
1675 926 1905 989 πένθους

2038 929 2351 996 cjiciemus?
2401 928 2483 980 sin
2533 929 2836 982 communis
2870 931 3147 992 Conditor,
3205 940 3261 985 et
3316 932 3581 985 Dominus

330 1022 592 1092 αἰτιάσῃ·
626 1022 754 1072 οἴων
807 1019 988 1072 καλῶν
1049 1019 1305 1086 κάγαθῶν
1367 1022 1499 1088 ἡμῖν
1570 1019 1904 1090 κατωδύρου.

2043 1020 2201 1072 latitet
2235 1038 2247 1071 :
2280 1017 2379 1083 Qui
2411 1020 2570 1071 credit
2606 1020 2660 1070 in
2684 1036 2781 1081 me,
2804 1021 3009 1072 etiamsi
3044 1023 3293 1075 morietur
3319 1023 3449 1075 vivet
3473 1025 3542 1054 "‘
3570 1041 3585 1088 ;

343 1112 510 1165 ’Λλλά
548 1129 613 1181 με
641 1111 847 1171 λοιπὸν,
883 1105 928 1162 ὦ
971 1111 1189 1180 φίλτατε
1222 1111 1419 1180 πάτερ.
1456 1111 1662 1180 χαίρων
1703 1111 1767 1163 ἔα
1815 1110 1907 1163 καὶ

2041 1110 2178 1178 (qui
2223 1109 2542 1176 praeparavit
2595 1109 2928 1177 diligentibus
2971 1126 3045 1171 se,
3091 1126 3206 1178 qua:
3252 1111 3434 1164 oculus
3483 1127 3586 1164 non

333 1205 635 1274 πρόπεμπε
660 1221 672 1232 ·
709 1203 845 1272 μηδὲ
874 1203 1033 1255 πλέον
1065 1203 1325 1272 κατέχῃς,
1379 1203 1464 1254 ἵνα
1498 1202 1574 1272 μὴ
1614 1203 1775 1255 πλέον
1809 1203 1908 1271 ζη-

2044 1199 2160 1260 idit,
2193 1214 2285 1253 nec
2306 1199 2452 1251 auris
2493 1199 2715 1260 audivit,
2759 1215 2848 1250 nec
2891 1200 2944 1250 in
2979 1215 3068 1250 cor
3122 1200 3344 1253 hominis
3401 1217 3587 1256 ascen-

339 1293 574 1366 μιώσῃς,
612 1296 698 1346 καί
731 1294 818 1346 διὰ
864 1293 1024 1346 τοῦτο
1073 1294 1286 1363 πικρῶς
1342 1294 1590 1363 ἀνιάσῃς.
1624 1294 1686 1345 Εἰ
1738 1292 1912 1347 ταῦτα

2038 1290 2188 1353 lit";
2254 1299 2509 1357 tanquam
2547 1289 2791 1342 inﬁdeles
2818 1288 2988 1341 nihilo
3036 1289 3238 1342 erimus
3297 1290 3583 1354 meliores,

336 1383 396 1434 δὲ
429 1384 523 1435 καὶ
558 1384 785 1435 τοιαῦτα
816 1382 980 1452 ἕτερα
1009 1383 1069 1435 τὸ
1113 1382 1381 1452 μακάριον
1413 1385 1590 1435 ἐκεῖνο
1616 1383 1910 1452 θυγάτριον

2038 1389 2069 1433 :t
2138 1380 2262 1449 plus
2332 1379 2676 1433 dolebimus?
2736 1379 2827 1432 ubi
2898 1379 3133 1443 bonum,
3190 1379 3425 1445 justum,
3496 1380 3586 1432 ubi

334 1473 574 1543 διεξῄει,
613 1468 700 1543 ἆρ’
748 1474 848 1525 οὑκ
885 1475 949 1525 ἂν
1004 1473 1347 1541 δυσωπηθεὶς
1395 1473 1489 1526 καὶ
1539 1473 1631 1525 τὸν
1682 1474 1914 1542 ὀδυρμόν

2038 1469 2454 1523 'atiocinationes
2500 1469 2815 1534 'conjuncta:
2857 1484 2980 1522 cum
3024 1469 3236 1522 decenti
3281 1477 3374 1521 aut
3430 1469 3548 1523 ιιιίὶί
3567 1474 3591 1522 ‘!

339 1566 547 1617 ἀπέθου
580 1566 674 1617 καὶ
695 1565 902 1635 χαίρων
939 1565 1239 1634 χαίρουσαν
1267 1564 1488 1617 ἀπιέναι
1514 1563 1869 1632 προέπεμπες
1897 1579 1914 1628 ;

2038 1561 2278 1625 llterius,
2300 1576 2484 1614 nonne
2515 1561 2678 1628 pudet
2703 1560 3106 1614 ornatissimam
3127 1576 3303 1617 meam
3337 1576 3590 1628 sponsam

340 1648 475 1704 Εἶτα
508 1652 577 1704 ἀν
611 1653 709 1721 μὲν
742 1654 775 1720 ἡ
825 1655 955 1714 παῖς
982 1651 1155 1704 ταῦτα
1197 1652 1354 1723 λέγῃ,
1390 1650 1631 1720 βελτίους
1677 1648 1916 1718 ἐσόμεθα

2038 1651 2226 1704 ιίτὶίειιι
2256 1651 2623 1704 conditionem
2657 1650 2708 1702 in
2740 1651 3031 1704 muliebres
3072 1653 3334 1720 lacrymas
3388 1650 3590 1705 diffun-

341 1743 439 1794 καὶ
466 1744 594 1806 τοὺς
623 1742 855 1813 θρήνους
878 1741 1296 1813 ἀπορῤίψομενς
1337 1741 1404 1794 ἂν
1431 1741 1474 1793 δ’
1504 1743 1531 1792 ὁ
1561 1739 1740 1801 κοινὸς
1779 1738 1919 1790 [1λά-

2038 1741 2208 1795 dendo
2264 1750 2319 1795 et
2371 1742 2651 1804 irruendo,
2683 1742 2931 1795 feminea:
2976 1741 3359 1795 imbecillitatis
3406 1756 3591 1795 curam

343 1850 476 1902 στης
507 1835 600 1884 καὶ
625 1834 900 1902 Δεσπότης
931 1833 1028 1902 βοᾷ
1053 1849 1066 1861 ·
1111 1834 1165 1884 Ὀ
1201 1833 1502 1886 πιστεύων
1533 1835 1621 1894 εις
1653 1830 1776 1896 ἐμὲ,
1803 1829 1918 1882 κᾶν

2038 1834 2291 1894 ιιηίιιεπο,
2333 1849 2401 1888 ne
2450 1833 2784 1888 rationabilis
2841 1843 2895 1887 et
2939 1833 3252 1888 conducens
3291 1832 3595 1902 cumpassio

339 1923 613 1990 ἀποθάνῃ
634 1923 871 1991 ζήσεται
896 1940 908 1952 ·
954 1925 1050 1976 καὶ
1085 1923 1118 1975 ὅ
1155 1941 1219 1976 τε
1245 1923 1578 1991 ἡτοίμασεν
1615 1922 1739 1987 τοῖς
1768 1923 1916 1989 ἀγα-

342 2013 544 2067 πῶσιν
574 2015 782 2080 αὐτὸν,
816 2013 854 2067 ἂ
889 2015 1195 2083 ὀφθαλμὸς
1228 2015 1339 2066 οὐκ
1364 2009 1504 2078 εἶδε,
1536 2013 1634 2066 καὶ
1663 2008 1770 2078 οὖς
1807 2013 1918 2065 οὐκ

341 2105 598 2174 ἤκουσε,
630 2105 730 2161 καὶ
777 2106 877 2158 ἐπὶ
926 2106 1177 2173 καρδίαν
1225 2104 1538 2171 ἀνθρώπου
1569 2107 1678 2158 οὐκ
1707 2103 1916 2170 dri-5617'

341 2200 419 2260 ὡς
457 2197 814 2259 ἀπιστοῦντες
869 2197 1020 2250 οὐδὲν
1072 2197 1299 2266 ἄμεινον
1351 2194 1771 2264 διακεισόμεθα,
1804 2191 1918 2245 ἀλλ’

345 2288 438 2340 ἐπὶ
474 2287 635 2339 πλέον
669 2287 1048 2357 Θρηνήσομεν;
1087 2288 1195 2340 Καὶ
1232 2286 1334 2339 ποῦ
1363 2285 1525 2338 τοῦτο
1573 2285 1775 2349 καλόνς
1816 2280 1920 2334 ποῦ

344 2379 402 2430 δὲ
436 2378 680 2441 δίκαιον;
715 2377 820 2431 ποῦ
852 2378 910 2430 δὲ
959 2377 1240 2446 λογισμῶν
1289 2378 1456 2443 ἐγγὺς
1488 2376 1797 2443 ἑστηκότων
1828 2372 1920 2424 τοῦ

345 2471 654 2540 πρέποντος
713 2470 747 2539 ἢ
809 2468 1214 2538 συμφέροντος;
1270 2464 1399 2519 Εἶτα
1453 2467 1571 2518 οὐδὲ
1620 2465 1720 2534 τὴν
1786 2464 1923 2534 ἐμὴν

346 2561 582 2632 αἰσχύνῃ
635 2559 1020 2628 κοσμιωτάτην
1076 2557 1317 2626 νύμφην,
1363 2558 1443 2620 είς
1471 2556 1538 2608 τὰ
1571 2555 1680 2607 τῶν
1715 2554 1921 2624 θηλέων

345 2650 562 2721 δάκρυα
590 2650 652 2702 τὸ
681 2649 1002 2720 ἀρρενωπὴν
1031 2647 1262 2717 διαχέων
1315 2646 1407 2698 καὶ
1438 2646 1882 2715 καταφερόμενος
1903 2662 1916 2674 ο

345 2741 468 2796 οὐδὲ
496 2741 654 2814 φείδῃ
706 2740 805 2808 τῆς
841 2738 1156 2807 γυναικείας
1206 2736 1510 2800 ἀσθενείας,
1563 2736 1674 2788 οὐδ’
1729 2734 1922 2804 ἡπερὶ

345 2833 521 2901 αὐτὴν
550 2831 774 2900 εὔλογος
817 2829 1133 2900 συμπάθεια
1182 2829 1277 2882 καὶ
1308 2829 1583 2898 ὠφέλιμος
1613 2827 1710 2898 τὴν
1741 2830 1923 2897 παρά·

347 2922 511 2990 λογον
541 2922 748 2975 διαλύει
781 2923 878 2975 καὶ
913 2921 1255 2991 ἀσύμφορον.
1290 2921 1352 2972 Εἰ
1393 2920 1502 2990 γὰρ
1549 2919 1762 2986 ἄνδρες,
1797 2919 1927 2988 παρ’

352 3007 428 3066 ὧν
454 3017 574 3076 ταῖς
599 3011 844 3078 γυναιξὶν
868 3013 900 3080 ἡ
925 3011 1246 3079 ἀνάκτησις,
1276 3010 1365 3062 ἴσα
1388 3009 1630 3078 γυναίοις
1652 3009 1926 3078 κόψονται·

351 3105 404 3157 τί
430 3105 492 3157 τὸ
519 3104 648 3174 περὶ
672 3103 840 3165 αὐτὰς
868 3102 1057 3167 έσται;
1083 3100 1245 3153 πόθεν
1275 3101 1335 3152 τὸ
1359 3099 1708 3169 παραμύθιον
1725 3098 1925 3164 Eanum;

2020 1923 2250 1992 dissipet
2307 1922 2684 1977 irrationalem
2729 1931 2784 1977 et
2806 1921 3074 1977 inutilem.
3103 1922 3158 1976 Si
3192 1923 3315 1986 viri,
3348 1936 3596 1991 pcrquos

2021 2007 2234 2061 femina:
2273 2007 2576 2071 firmantur,
2621 2025 2730 2064 non
2762 2010 2942 2064 minus
2983 2026 3147 2080 quam
3182 2010 3399 2066 feminae
3445 2011 3597 2079 plan-

2021 2107 2174 2166 gunt,
2202 2099 2346 2152 unde
2373 2100 2476 2152 illic
2509 2100 2750 2154 solamen
2785 2100 3108 2169 acquirent?
3138 2115 3275 2169 quos
3299 2100 3600 2155 laudandos

2024 2205 2393 2258 proponemus
2433 2191 2503 2244 ob
2547 2193 2927 2246 strenuitatem
2972 2192 3299 2246 imitandos?
3347 2191 3413 2245 ad
3461 2206 3601 2260 quos

2023 2281 2413 2350 respiciemus?
2445 2280 2642 2335 Verum
2674 2283 2783 2336 noli
2829 2291 2886 2336 tu
2937 2283 3229 2352 quidquam
3275 2292 3328 2337 te
3365 2283 3485 2350 ipso
3515 2281 3601 2336 vel

2023 2388 2219 2442 genere
2246 2383 2337 2427 tuo
2367 2373 2647 2444 indignum
2682 2375 2911 2443 perpeti,
2935 2383 3048 2439 aut,
3075 2382 3132 2428 ut
3160 2374 3331 2444 magis
3357 2372 3591 2442 tempori

2026 2479 2326 2534 congruum
2365 2463 2574 2528 dixero,
2612 2464 2981 2518 adulterinum
3013 2483 3026 2518 :
3059 2465 3112 2517 in
3147 2465 3351 2518 luctum
3374 2479 3443 2517 ne
3465 2463 3604 2518 ultra

2027 2556 2284 2610 decorum
2317 2553 2632 2619 efferamus,
2685 2570 2787 2610 nec
2833 2571 2956 2609 cum
3003 2556 3104 2611 viri
3155 2571 3366 2620 sumus,
3414 2555 3606 2611 mulie-

2026 2647 2195 2702 briter
2223 2648 2526 2717 passionem
2555 2647 2818 2712 feramus,
2850 2663 2975 2702 cum
3021 2648 3298 2703 multoties
3334 2650 3521 2706 multis
3549 2652 3604 2706 in

2028 2741 2160 2795 locis
2191 2740 2355 2794 fortes
2378 2755 2479 2794 nos
2516 2739 2928 2810 praestiterimus
2955 2757 2968 2793 :
2995 2738 3184 2808 Opifex
3224 2741 3291 2796 ad
3328 2756 3387 2796 se
3423 2748 3605 2797 trans-

2031 2833 2154 2886 tulit
2186 2832 2496 2902 opiﬁcium;
2561 2832 2654 2887 sed
2697 2831 2816 2901 plus
2864 2831 3014 2886 dedit
3057 2847 3219 2900 quam
3251 2832 3519 2888 abstulit:
3555 2844 3611 2888 et

2030 2925 2327 2978 subsistant
2367 2940 2558 2993 precor
2583 2924 2674 2978 diu
2706 2925 2972 2987 viventes,
3022 2933 3077 2977 et
3118 2933 3374 2994 parentes
3411 2924 3609 2996 gaudio

2031 3018 2329 3072 allicientes
2368 3018 2461 3072 filii
2488 3019 2576 3072 alii
2623 3018 2853 3086 filiaeque
2885 3034 2898 3070 :
2934 3018 3080 3072 dolet
3117 3018 3263 3088 quod
3315 3019 3609 3088 praeteriit;

2032 3110 2219 3163 laetitia
2243 3109 2479 3164 alliciant
2499 3120 2814 3180 praesentes,
2841 3109 3039 3179 gratias
3063 3109 3130 3164 de
3152 3109 3343 3163 ablatis
3371 3125 3611 3180 agamus.

351 3197 505 3259 τίνας
518 3195 575 3248 δὲ
599 3195 1010 3265 παραινέσομεν
1039 3193 1118 3254 είς
1141 3191 1439 3262 καρτερίαν
1465 3188 1773 3260 μιμεῖσθαι,
1794 3189 1930 3260 πρὸς

2038 3212 2095 3256 ιιι
2123 3202 2384 3256 stabiliter
2415 3202 2659 3256 fruamur
2705 3203 2770 3256 iis
2802 3217 2939 3270 quos
2989 3201 3278 3266 habemus,
3319 3201 3498 3270 deque
3549 3202 3616 3256 iis

350 3288 507 3350 τίνας
527 3287 771 3356 ἀφορᾷν;
804 3285 937 3336 ἀλλὰ
973 3283 1046 3353 μὴ
1077 3284 1142 3336 σύ
1177 3300 1262 3351 γε,
1296 3283 1430 3352 μηδὲ
1455 3280 1680 3334 σεαυτοῦ
1715 3281 1928 3345 ἀνάξιον

355 3380 576 3444 πάθοις,
609 3378 746 3448 μηδὲ
774 3375 868 3430 τοῦ
898 3377 1111 3446 γένους,
1146 3374 1235 3429 ἵνα
1263 3393 1316 3428 τι
1350 3374 1445 3427 καὶ
1473 3372 1566 3426 τοῦ
1608 3372 1801 3444 καιροῦ
1843 3390 1932 3441 φι-

353 3471 725 3540 λοτιμώτερον
757 3469 920 3544 εῐπω,
954 3469 1108 3520 νόθον
1139 3467 1234 3520 καί¹
1272 3465 1576 3534 ἀλλότριον.
1619 3465 1711 3534 Μὴ
1745 3464 1808 3534 δὴ
1837 3463 1930 3516 τοῦ

355 3561 525 3616 καλοῦ
559 3560 718 3614 πλέον
751 3560 831 3621 είς
861 3559 1108 3628 οἰμωγὰς
1139 3554 1525 3626 ἐκφερώμεθα,
1563 3555 1698 3626 μηδὲ
1742 3570 1934 3622 γυναι-

356 3651 644 3724 κιςώμεθα
685 3649 762 3721 τῷ
793 3649 796 3651 “
828 3650 991 3703 πάθει
1043 3649 1234 3719 ἄνδρες
1285 3647 1554 3718 πολλαχοῦ
1609 3648 1667 3699 έν
1724 3646 1936 3708 πολλοῖς

359 3743 460 3797 καὶ
490 3743 894 3814 χαλεπωτάτοις
941 3742 1269 3812 πειρασμοῖς
1303 3739 1695 3809 ἀναφανέντες.
1738 3737 1938 3790 Ἕλαὸε

361 3832 499 3902 πρὸς
557 3831 750 3886 ἑαυτὸν
792 3832 820 3884 ό
870 3830 1121 3898 ῐιλάστης
1169 3828 1232 3881 τὸ
1288 3827 1542 3897 πλάσμασ
1597 3827 1711 3879 ἀλλ’
1771 3825 1939 3879 ἔδωκε

360 3922 579 3984 πλείους
629 3915 704 3974 ὧν
747 3921 934 3990 ἀφεῖλε
973 3920 1090 3991 (καὶ
1122 3919 1314 3990 είησάν
1340 3936 1404 3987 γε
1455 3918 1548 3971 ἐπὶ
1599 3918 1941 3988 μακρότατον

362 4009 425 4068 εὖ
455 4012 717 4082 βιοῦντες,
733 4013 974 4074 καὶτοὺς
990 4008 1662 4081 τεκόνταςεύφραίνοντες)
1679 4010 1827 4070 υίοὺς
1849 4008 1944 4062 καὶ⁸

363 4107 698 4177 θυγατέρας.
737 4108 914 4160 Λυπεί
941 4105 1000 4158 τὸ
1042 4103 1354 4175 παρελθόν’
1394 4103 1843 4174 εὑφραινέτωσαν
1895 4103 1944 4154 oi

365 4199 671 4270 παρόντεςο
725 4197 1212 4267 εὐχαριστήσωμεν
1262 4194 1402 4264 ὑπὲρ
1442 4187 1518 4247 ὧν
1576 4193 1819 4263 ἀφεῖλεν,
1858 4194 1944 4245 ἵνα

363 4284 448 4353 οἷς
481 4289 774 4360 ἐχαρίσατο
795 4289 1008 4360 χαίρειν
1036 4288 1131 4341 καὶ
1161 4285 1525 4354 ἀγαλλιᾶσθαι
1549 4284 1773 4354 βεὸαίαν
1806 4283 1945 4354 έχω-

371 4398 474 4451 μεν
527 4381 630 4452 τὴν
666 4379 989 4433 ἀπόλαυσιν.
1043 4378 1224 4432 Καλὸν
1282 4377 1429 4449 ἔχειν
1476 4377 1554 4449 τῷ
1611 4377 1708 4448 βίῳ
1755 4378 1947 4446 γένους

365 4451 686 4542 διαδόχουξι
734 4471 968 4542 ἔχομεν·
1021 4471 1183 4524 καλὸν
1239 4469 1505 4540 παρέχειν
1559 4468 1814 4541 ἀπαρχὰς
1870 4470 1948 4542 τῷ

370 4562 537 4632 κοινῷ
572 4561 830 4635 Πλάστῃ,
884 4562 980 4614 καὶ
1010 4561 1118 4615 τῶν
1178 4560 1399 4628 ἀγαθῶν
1455 4560 1712 4614 ἁπάντων
1756 4559 1946 4632 δοτῆρι

371 4650 834 4723 προσηνέγκαμεν
855 4664 869 4679 ⁸
903 4651 1033 4723 πρὶν
1072 4651 1170 4722 μὲν
1201 4650 1398 4724 ἄδηλον
1413 4646 1482 4722 ἦν
1511 4650 1658 4714 τίνες
1682 4651 1790 4704 τῶν
1817 4651 1947 4705 παί-

366 4742 475 4794 δων
505 4742 585 4804 είς
633 4740 889 4811 ἀπαρχὰς
919 4739 1062 4810 Θεῷ,
1092 4742 1237 4805 τίνες
1266 4740 1323 4794 δὲ
1348 4742 1428 4804 είς
1471 4741 1724 4812 διαδοχὴν
1759 4741 1952 4809 γένους

368 4832 808 4901 λογισθήσονται.
850 4831 966 4885 Νῦν
1021 4831 1080 4884 δὲ
1114 4833 1181 4886 ἂν
1241 4832 1404 4903 μόνον
1452 4831 1793 4903 εὐχαρίστως
1852 4833 1950 4904 τὴν

370 4921 630 4991 ἀπαρχὴν
673 4921 930 4988 οῐσωμεν,
983 4921 1170 4974 οὐκέτι
1208 4923 1265 4974 ὲν
1317 4920 1536 4990 ἀδήλοις
1575 4921 1674 4985 τὰς
1727 4921 1950 4986 ἐλπίδας

375 5015 733 5087 σαλεύσομεν,
767 5015 884 5067 ἀλλ’
915 5015 975 5069 ὲν
995 5014 1074 5086 τῷ
1106 5015 1308 5088 βεϐαίῳ
1347 5016 1662 5085 πεπηγότες
1688 5016 1949 5086 ἐσόμεθα.

372 5107 509 5160 Οὐδέ
538 5123 669 5159 ποτε
715 5105 894 5160 λαϐὼν
949 5108 1010 5160 ού
1067 5107 1308 5178 παρέσχε
1363 5109 1777 5180 φιλοτιμότερον
1805 5126 1818 5140 ·
1863 5111 1953 5163 ἀεὶ

371 5197 428 5249 δὲ
471 5198 747 5267 μεγίστοις
778 5197 874 5250 καὶ
920 5196 1266 5260 ἀνελπίστοις
1299 5198 1523 5266 ἀγαθοῖς
1569 5199 1640 5251 τά
1691 5199 1953 5270 ἐλάχιστα

372 5287 740 5359 διαμείδεται.
790 5289 854 5342 El
896 5289 955 5343 δὲ
1009 5289 1251 5362 θρήνοις,
1304 5291 1380 5354 ὡς
1428 5291 1797 5362 ἀδικούμενοι,
1853 5293 1953 5357 τὰς

375 5377 632 5446 ἀπαρχὰς
681 5377 1122 5449 καθυϐρίσωμεν,
1174 5377 1290 5431 ἀλλ’
1335 5379 1446 5446 ἐγὼ
1501 5379 1600 5448 μὲν
1647 5381 1798 5434 οὐδὲν
1841 5383 1953 5455 ἐρῶ

375 5469 657 5538 δυσχερὲς,
705 5469 830 5522 ἐπεὶ
866 5469 990 5540 μηδ’
1038 5469 1182 5539 ὑμᾶς
1213 5468 1418 5534 ἐλπίζω
1449 5470 1544 5523 τοῦ
1577 5469 1768 5524 λοιποῦ
1815 5473 1952 5545 θρή-

375 5577 500 5623 νους
530 5560 627 5612 καὶ
656 5559 834 5624 λύπας
883 5560 978 5615 καὶ
1003 5560 1232 5613 τοιαῦτα
1263 5559 1435 5630 πάθη,
1466 5560 1502 5615 ἃ
1528 5559 1624 5614 τοῦ
1660 5562 1954 5634 δυσχεροῦς

381 5651 528 5704 ἐστιν
559 5651 728 5718 αἰτία,
761 5651 1204 5722 περιῦάλλεσθαι.
1240 5651 1344 5719 Είη
1367 5651 1425 5704 δέ
1461 5669 1551 5722 μοι
1587 5655 1682 5709 καὶ
1713 5654 1776 5709 τὸ
1797 5655 1952 5714 Θεῖον

455 5837 520 5869 ἰ·
546 5835 708 5892 Joan.
734 5851 812 5900 ιι,
846 5833 937 5890 24.
1014 5835 1059 5868 ⁸³
1097 5835 1118 5889 l
1147 5835 1274 5891 Cor.
1309 5854 1370 5904 tt,
1400 5841 1454 5895 9.

2033 3296 2287 3365 gaudium
2342 3303 2397 3348 et
2441 3293 2858 3348 exsultationem
2911 3293 3208 3347 habeamus
3258 3309 3273 3346 :
3323 3292 3614 3362 pulchrum

2033 3395 2118 3440 est
2165 3400 2511 3440 successuros
2557 3385 2856 3454 possidere,
2890 3383 3267 3454 possidemus:
3295 3383 3617 3452 prtrclarum

2034 3487 2118 3532 cst
2153 3477 2420 3547 primitias
2442 3475 2680 3546 largitori
2701 3491 3023 3530 consecrare
3067 3484 3122 3530 et
3145 3474 3390 3529 omnium
3415 3475 3616 3541 datori,

2036 3570 2180 3640 quod
2212 3568 2459 3634 fecimus,
2492 3569 2711 3624 oll'erre.
2740 3567 3012 3622 Incertum
3045 3567 3198 3637 prius
3228 3576 3366 3631 erat,
3410 3583 3549 3636 quos
3586 3584 3618 3618 e

2038 3661 2222 3716 liberis
2257 3660 2364 3715 Deo
2404 3660 2669 3730 primitias
2703 3659 2852 3724 dare,
2893 3673 3032 3727 quos
3082 3659 3298 3728 generis
3336 3658 3618 3712 destinare

2040 3753 2366 3807 successioni
2400 3760 2694 3822 oporteret.
2757 3751 2910 3806 Nunc
2945 3751 2991 3805 si
3021 3759 3301 3820 gratanter
3354 3750 3621 3819 primitias

2041 3843 2373 3907 dederimus,
2408 3858 2520 3896 non
2568 3843 2709 3896 inter
2765 3841 2974 3896 incerta
3008 3842 3282 3897 vacillabit
3331 3856 3479 3910 spes,
3519 3843 3616 3896 sed

2042 3934 2266 3986 immoto
2294 3932 2348 3984 in
2378 3939 2523 3985 statu
2551 3929 2710 3984 defixi
2753 3929 2962 3984 erimus
2991 3948 3004 3983 :
3034 3928 3178 3983 Deus
3215 3943 3490 3996 nunquam
3535 3944 3626 3982 ac-

2044 4023 2206 4092 cepit,
2235 4021 2366 4092 quin
2410 4023 2640 4091 amplius
2673 4020 2962 4090 largiatur;
3003 4035 3219 4089 semper
3265 4020 3348 4073 vel
3400 4018 3624 4080 minima

2045 4111 2292 4167 maximis
2313 4121 2368 4166 et
2389 4110 2684 4182 insperatis
2705 4111 2866 4165 bonis
2889 4117 3226 4165 remunerat.
3255 4108 3349 4162 Sin
3376 4109 3623 4178 planctu,

2045 4211 2106 4256 ut
2134 4203 2328 4272 injuria
2360 4203 2538 4256 affecti
2568 4201 2834 4270 primitias
2854 4200 3246 4255 dedecoremus
3274 4216 3286 4251 :
3311 4213 3624 4268 quanquam

2047 4295 2184 4348 nihil
2241 4309 2340 4364 ego
2389 4292 2635 4362 proloqui
2693 4291 2990 4346 infaustum
3046 4290 3232 4352 velim,
3274 4290 3479 4358 quippe
3531 4288 3626 4357 qui

2049 4399 2257 4453 sperem
2288 4391 2340 4438 te
2368 4382 2436 4437 de
2465 4391 2660 4437 caetero
2702 4380 2904 4434 nullam
2953 4379 3111 4433 talem
3164 4376 3507 4447 passionem,
3547 4376 3629 4430 lac

2050 4487 2250 4542 menta,
2286 4490 2574 4531 maerorem
2601 4473 2968 4528 admissurum
2989 4513 3004 4536 ,
3037 4470 3182 4525 unde
3211 4468 3436 4524 infausti
3468 4468 3630 4537 quid-

2051 4581 2214 4636 quam
2254 4575 2616 4636 procuretur:
2651 4565 2784 4618 mihi
2818 4562 3029 4617 Numen
3064 4570 3119 4616 et
3161 4575 3258 4630 spe
3291 4567 3347 4613 et
3375 4557 3632 4629 suffragio

2046 4658 2257 4724 faveat;
2282 4656 2430 4711 favet
2449 4666 2656 4720 autem,
2683 4665 2738 4709 et
2759 4654 3066 4710 libertatem
3087 4649 3340 4720 loquendi
3357 4649 3630 4712 concedit,

2046 4756 2101 4804 te
2128 4749 2195 4804 ab
2222 4749 2390 4802 animi
2439 4762 2672 4803 mmrore
2724 4746 2780 4800 in
2827 4745 3124 4816 gratiarum
3179 4740 3451 4795 actionem
3499 4753 3635 4794 con-

2046 4855 2226 4903 verso,
2261 4838 2489 4908 plurima
2518 4852 2640 4892 cum
2671 4836 2896 4905 antiqua
2950 4847 3065 4888 tum
3100 4831 3340 4886 recentia
3360 4829 3632 4898 exempla,

2048 4948 2169 5002 quae
2201 4931 2446 4986 solamen
2476 4929 2730 4993 aﬂ‘erant,
2765 4933 3160 4996 repraesentare
3196 4935 3441 4992 possum.
3489 4919 3635 4985 Quin

2051 5033 2111 5078 ut
2136 5022 2281 5092 quod
2312 5037 2399 5076 res
2431 5030 2514 5075 est
2543 5019 2742 5081 dicam,
2774 5026 2881 5071 tota
2909 5016 3194 5070 hominum
3221 5011 3330 5065 vita
3357 5010 3522 5079 hujus
3547 5018 3634 5063 est

2049 5115 2392 5184 exemplum,
2450 5128 2614 5183 quam
2665 5109 2990 5182 cogitatione
3049 5119 3424 5161 rememorans
3478 5103 3636 5157 facile

2051 5206 2408 5275 dejectionem
2435 5220 2652 5259 omnem
2678 5202 2988 5256 antolietur.
3026 5197 3199 5267 Majus
3223 5195 3401 5250 adhuc
3423 5193 3635 5258 dixero,

2051 5305 2108 5350 et
2157 5294 2499 5350 tremendum
2551 5293 2713 5358 illud;
2766 5292 2833 5345 ad
2873 5305 3013 5360 quos
3065 5287 3302 5358 pertinet
3340 5284 3630 5340 defunctos

2052 5386 2369 5455 deplorare?
2403 5385 2491 5440 hic
2513 5385 2629 5454 ipse
2656 5399 2762 5437 non
2791 5382 2990 5446 dicam,
3025 5380 3119 5434 sed
3148 5379 3298 5433 orbis
3319 5387 3632 5445 praeconem

2051 5477 2341 5546 compello,
2374 5487 2434 5530 ut
2466 5490 2600 5531 voce
2630 5491 2728 5530 sua
2752 5474 3004 5528 enuntiet
3047 5470 3273 5526 cmleste
3302 5467 3583 5521 decretum
3617 5479 3633 5516 :

2052 5569 2130 5624 De
2176 5569 2554 5624 dormientibus
2602 5567 2721 5622 nolo
2763 5583 2851 5621 vos
2879 5567 3141 5636 ignorare,
3189 5564 3381 5632 fratres
3415 5575 3428 5611 :
3462 5565 3518 5609 ut
3573 5570 3637 5609 ne

2053 5661 2274 5716 tristitia
2307 5678 2392 5717 vos
2421 5661 2499 5715 ita
2529 5661 2851 5730 aﬁiciemini,
2879 5653 3320 5728 quemadmodum
3352 5658 3399 5703 et
3431 5644 3634 5712 cwteri,
