4024 6500
921 354 947 387 \

326 487 438 551 981

1492 485 2038 547 EPISTOLARUM
2067 485 2298 544 LIBER
2330 485 2444 544 III.

3489 491 3594 552 982

334 601 597 670 ήγε¹ῖται⁶
648 599 996 667 εὐχαριστεῖν
1045 597 1234 650 λοιπὸν
1261 591 1686 665 οἷςῲκονόμησε
1746 611 1913 665 προσ-

2041 595 2300 658 nvidiam,
2340 595 2392 646 in
2426 594 2532 649 fine
2573 603 2754 648 autem
2789 597 3004 650 vincere
3037 598 3238 665 inepti,
3285 609 3340 653 et
3381 600 3595 655 desides

327 690 486 760 ήκει·
510 689 761 758 στέργειν
787 688 848 740 τὸ
876 687 1118 757 πραχθὲν
1138 688 1235 743 καὶ
1265 687 1338 757 μὴ
1361 687 1438 756 τῷ
1468 686 1653 756 θρήνῳ
1686 686 1914 746 καὶτοῖς

330 781 596 850 ὀδυρμοῖς
639 779 1058 849 ἐγκαθυϐρίζειν
1095 777 1193 848 τὴν
1237 779 1418 847 κρίσιν
1455 776 1548 830 τοῦ
1597 777 1914 835 Κτίσαντος.

333 870 403 921 Εἰ
434 871 490 921 δέ
514 887 599 929 τις
634 871 730 922 καὶ
760 871 916 938 ἡμᾶς
938 868 1208 939 ἐνεδρεύει
1248 867 1478 936 δαίμων,
1523 868 1617 919 καὶ
1665 866 1757 917 τὸν
1799 862 1917 917 Ἰὼϐ

333 960 506 1012 πάλιν
534 960 756 1024 ἐξαιτεῖ,
786 963 878 1012 καὶ
905 960 1036 1020 Θεὸς
1087 960 1281 1026 ἀφίησι
1311 959 1386 1025 τῷ
1417 958 1707 1026 θεράποντι
1749 953 1918 1023 βάσα-

335 1067 433 1101 νον
498 1050 966 1118 γσυμπλακῆναι,
1021 1051 1116 1102 καί
1146 1047 1434 1117 δοκιμάζει
1489 1047 1588 1114 τὴν
1641 1045 1920 1113 ὑπομονὴν

343 1141 435 1192 ἐπ’
468 1142 678 1211 ἐλέγχῳ
711 1141 804 1194 τοῦ
849 1143 1251 1210 ἀντικειμένου,
1301 1142 1398 1193 καὶ
1449 1139 1676 1207 ἀγώνων
1708 1138 1921 1190 στάδιον

339 1231 576 1297 ἀνοίγει,
607 1230 971 1299 καταισχῦναι
1004 1231 1104 1298 μὲν
1133 1230 1224 1282 τὸν
1252 1229 1682 1296 ἀνταγωνιστὴν,
1726 1243 1922 1293 στεφα-

341 1319 516 1370 νῶσαι
540 1319 596 1370 δὲ
627 1320 717 1371 τὸν
740 1320 981 1390 ἀθλητήν
1005 1336 1018 1350 ·
1050 1320 1160 1372 οὐδ’
1182 1317 1325 1372 οὕτω
1349 1321 1455 1390 χρὴ
1480 1320 1634 1380 ἀνίας
1665 1319 1923 1370 ὑπόθεσιν

340 1406 446 1472 τῆς
477 1407 679 1476 ἀρετῆς
729 1408 829 1477 τὴν
873 1409 1234 1478 ἀνακήρυξιν,
1288 1409 1349 1461 οὐ
1389 1409 1487 1478 μὲν
1542 1405 1635 1460 οὖν
1673 1406 1924 1474 οὐδαμῶς

344 1498 642 1561 ποιεῖσθαι,
675 1499 797 1550 οὐδέ
825 1499 1015 1569 καιρὸν
1035 1499 1252 1569 θρήνων
1276 1500 1600 1566 ἀποφαίνειν
1625 1499 1716 1551 τὸν
1736 1497 1925 1567 καιρὸν

348 1587 460 1643 τῶν
485 1591 766 1659 τροπαίων
794 1607 806 1620 ’
839 1592 961 1643 οὐδέ
981 1591 1196 1661 ἡμέραν
1219 1591 1494 1661 δακρύων,
1517 1592 1617 1660 τῆς
1647 1589 1927 1658 ἀθλήσεως

343 1679 448 1748 τὴν
478 1681 726 1749 ἡμέρανο
755 1683 817 1733 οὐ
855 1682 930 1750 μά
960 1684 1086 1743 τοὺς
1135 1683 1202 1735 δι’
1246 1682 1525 1751 ὑπομονῆς
1562 1678 1930 1747 στεφανωθέν-

2023 693 2415 746 convincamur
2447 709 2461 743 :
2496 692 2668 745 hostis
2709 693 2963 759 proclivis
2992 694 3058 745 ad
3089 694 3322 761 lapsum,
3358 711 3483 749 cum
3519 697 3597 748 vi-

2023 783 2148 836 deat
2181 783 2322 836 ferre
2366 797 2465 835 nos
2497 783 2766 851 patienter
2806 785 3158 847 tentationes,
3192 785 3346 838 ocius
3385 785 3599 840 absistit

2025 889 2055 924 ιι
2096 875 2375 936 tentando,
2422 872 2609 925 videns
2644 872 2916 925 hominem
2951 873 3172 927 firmiter
3213 890 3241 927 a
3285 874 3600 930 fortitudine

2026 964 2330 1017 fundatum.
2359 963 2414 1016 In
2442 964 2691 1032 proximo
2711 974 2818 1018 stat
2849 965 2940 1033 qui
2965 982 3193 1020 coronas
3208 968 3390 1029 donat,
3421 969 3603 1036 splen-

2027 1055 2166 1108 didis
2197 1064 2511 1108 remunerat
2529 1056 2826 1125 agonistam
2857 1056 3150 1110 coronisad
3179 1072 3236 1110 se
3267 1068 3599 1127 susceptum,

2025 1160 2128 1197 nec
2158 1143 2386 1196 ulterius
2417 1146 2685 1213 permittit
2721 1161 2845 1198 cum
2877 1145 3032 1198 hoste
3058 1147 3598 1215 impetendum;qnin

2029 1233 2179 1285 illum
2221 1232 2432 1302 longius
2467 1243 2708 1287 amovet.
2745 1234 2899 1299 Quod
2935 1237 2980 1287 si
3012 1234 3380 1302 impudentius
3414 1234 3599 1298 instet,

2029 1335 2173 1379 artes
2206 1325 2325 1394 ejus
2355 1335 2410 1378 et
2429 1325 2650 1380 insidias
2681 1327 2873 1389 diluat;
2908 1327 3161 1394 patientis
3187 1327 3400 1381 dolores
3424 1341 3606 1380 remu-

2030 1425 2185 1470 ncmt
2216 1417 2474 1471 felicitate
2507 1426 2562 1470 et
2597 1418 2792 1486 gaudio
2839 1419 3217 1486 multiplicato.
3250 1417 3454 1471 Horum
3487 1432 3607 1470 om-

2030 1507 2181 1559 nium
2233 1506 2538 1575 exemplum
2584 1507 2788 1574 praebet
2816 1507 3008 1560 beatus
3049 1522 3240 1561 rursus
3278 1506 3400 1570 Job,
3450 1505 3606 1574 cujus

2032 1596 2324 1666 participes
2363 1597 2511 1650 velut
2553 1605 2608 1650 et
2651 1597 2926 1667 plagarum
2967 1597 3091 1652 facti
3132 1613 3342 1661 sumus,
3384 1595 3605 1668 gaudii,

2035 1685 2238 1754 glorize,
2270 1693 2325 1738 et
2353 1685 2788 1752 resplendentitc,
2821 1687 2903 1740 vel
2933 1687 3126 1741 ﬁenius
3161 1688 3352 1741 saltem
3375 1728 3390 1752 ,
3431 1690 3516 1740 vel
3553 1687 3609 1740 in

265 4780 268 4783 ’
373 4780 611 4834 διαθέσει
645 4782 758 4841 τοῖς
817 4779 960 4850 ὑπὲρ
1012 4776 1254 4848 Χριστοῦ
1303 4778 1371 4830 τὰ
1416 4777 1621 4848 ἔσχατα
1667 4779 1955 4850 πάσχουσι.

345 1788 469 1835 τας,
525 1773 622 1825 καὶ
658 1774 786 1836 τοὺς
833 1775 1239 1844 ἀμαραντίνους
1284 1773 1482 1836 αὐτοὺς
1513 1773 1609 1825 καὶ
1643 1771 1929 1839 λαμπροὺς

2038 1776 2318 1844 ρτωεεηιί,
2351 1776 2432 1829 vel
2485 1775 2538 1828 in
2562 1778 2761 1831 saeculo
2795 1778 3205 1842 interminabili,
3237 1778 3612 1833 intercedente

349 1866 682 1930 στεφάνουςο
720 1866 822 1918 οὐκ
848 1866 998 1920 ἔστιν
1031 1867 1157 1932 ἄξια
1193 1865 1368 1919 ταῦτα
1408 1866 1509 1934 τῆς
1543 1865 1641 1933 σῆς
1679 1862 1930 1930 γενναίας

2038 1863 2420 1934 gloriosissima
2455 1863 2679 1918 Domina
2723 1875 2928 1930 nostra,
2960 1865 3206 1934 Deipara,
3244 1882 3458 1937 semper
3489 1865 3612 1920 Vir-

345 1953 552 2021 ψυχῆς,
606 1955 728 2007 οὐδέ
774 1955 868 2008 τοῦ
921 1956 1219 2019 εὐσταθοῦς
1265 1957 1636 2027 φρονήματος,
1675 1955 1794 2007 οὐδὲ
1829 1953 1927 2020 τῆς

2038 1954 2156 2023 gine
2184 1952 2368 2016 Maria,
2403 1968 2524 2006 cum
2557 1954 2816 2007 omnibus
2855 1956 3078 2008 sanctis.
3126 1957 3325 2009 Amen.
3381 1957 3450 1994 να

347 2043 518 2111 ἄλλης
541 2045 765 2114 ἀρετῆς.
799 2047 1103 2115 Τοιγαροῦν
1135 2047 1350 2118 στῶμεν
1376 2046 1639 2117 ἀνδρείως
1663 2061 1678 2075 ⁸
1709 2043 1924 2113 στῶμεν
1965 2043 2272 2112 εὐθαρσῶς,
2301 2044 2377 2106 ὼς
2402 2043 2494 2096 τοῦ
2518 2045 2768 2114 οὐρανίου
2819 2045 3147 2116 στρατιῶται
3208 2045 3471 2115 βασιλέως
3536 2044 3618 2114 τῷ

349 2137 532 2207 ἐχθρῷ
571 2137 1050 2208 προσπλεκώμεθα
1076 2155 1089 2169 ⁸
1141 2141 1276 2210 μηδὲ
1336 2138 1785 2208 καταισχύνωμεν
1829 2138 1926 2204 τὴν
1969 2135 2276 2206 μαρτυρίαν
2335 2135 2429 2188 τοῦ
2464 2136 2802 2202 ἀγωνοθέτου
2827 2153 2842 2168 ο
2911 2137 3046 2206 μηδὲ
3083 2136 3180 2189 τοῦ
3203 2136 3497 2189 ἀντιπάλου
3556 2151 3616 2208 τὸ

351 2229 552 2298 θράσος
588 2231 646 2281 ἐν
674 2229 751 2299 τῷ
779 2231 1066 2300 δυσφορεῖν
1115 2233 1574 2300 συγκροτήσωμεν
1597 2246 1612 2260 ·
1656 2229 1778 2299 μηδ’
1807 2227 1910 2278 εἴτι
1950 2227 2211 2296 πρότερον
2271 2228 2404 2295 ἡμῖν
2466 2226 2718 2294 ἀνδρείας
2754 2236 2776 2263 ³
2812 2226 3172 2297 κατωρθώθη,
3197 2230 3310 2290 τοῖς
3367 2227 3617 2297 ὑστέροις

350 2322 744 2392 ἐκθηλύνωμεν
770 2341 783 2354 ·
817 2323 956 2393 μηδέ
989 2325 1210 2393 κινῆσαι
1253 2324 1349 2393 μὲν
1376 2321 1573 2390 φθόνον
1652 2319 1847 2390 ἐχθροῦ
1921 2318 2207 2388 γενώμεθα
2269 2318 2504 2384 ἀγαθοί·
2556 2321 2776 2391 νικῆσαι
2805 2321 2862 2372 δὲ
2891 2321 2957 2374 δι’
3013 2321 3290 2391 ὑπομονῆς
3350 2322 3430 2383 εἰς
3465 2319 3619 2379 τέλος

361 2416 714 2486 ἐλεγχθῶμεν
742 2419 997 2489 ὀκνηροίο
1035 2418 1250 2488 ἕτοιμος
1269 2419 1348 2479 εἰς
1374 2416 1632 2469 πτῶσινό
1688 2415 1968 2483 πολέμιος,
2009 2414 2138 2466 ὅταν
2183 2413 2299 2486 εἴδῃ
2374 2414 2746 2484 μακροθύμως
2779 2418 3014 2486 φέροντα
3071 2417 3198 2478 τοὺς
3251 2418 3614 2487 πειρασμοὺς,

358 2515 554 2567 θᾶττον
609 2514 906 2582 ἀφίσταται
953 2514 1052 2582 τῆς
1082 2513 1299 2584 πείρας,
1349 2510 1491 2584 ὁρῶν
1521 2511 1611 2563 τὸν
1657 2509 1945 2580 ἄνθρωπον
2019 2510 2112 2561 ἐπὶ
2150 2511 2384 2579 mappa;
2419 2509 2518 2577 τῆς
2585 2509 2884 2579 καρτερίας
2934 2510 3330 2580 ἐδραζόμενον·
3383 2510 3549 2577 ἐγγὺς
3589 2510 3618 2560 ὁ

355 2605 700 2674 στεφοδότης,
748 2604 1020 2674 λαμπροῖς
1052 2607 1164 2667 τοῖς
1187 2605 1474 2672 στεφάνοις
1497 2603 1620 2654 ἀντὶ
1639 2603 1745 2654 τῶν
1804 2601 1980 2656 ἄθλων
2053 2601 2396 2670 δεξιούμενος
2443 2601 2534 2653 τὸν
2586 2602 2934 2671 ἀγωνιστήν
2972 2603 3070 2656 καὶ
3111 2602 3296 2654 οὐκέτι
3344 2601 3622 2670 συγχωρεῖ

354 2700 688 2771 προσϐαλεῖν
718 2696 813 2749 τὸν
857 2699 1086 2768 ἐχθρόν’
1156 2699 1347 2769 πόρρω
1389 2698 1446 2750 δὲ
1512 2696 1702 2749 τοῦτον
1751 2697 2007 2750 ἐλαύνει·
2053 2697 2156 2750 κάν
2206 2695 2286 2748 ἔτι
2331 2697 2456 2768 δόξῃ
2527 2698 2936 2766 ἀναισχυντεῖν,
2989 2698 3086 2750 σὺν
3133 2699 3324 2760 αὐταῖς
3382 2698 3622 2765 ἀπάσαις

352 2797 573 2864 τέχναις
604 2794 699 2846 καὶ
733 2792 1046 2852 ἐπιϐουλαῖς
1072 2807 1087 2822 ·
1126 2792 1347 2861 ἀμείϐει
1385 2791 1443 2842 δὲ
1483 2793 1578 2842 καὶ
1614 2791 1685 2842 τὰ
1715 2790 1940 2858 ἀλγεινά
1979 2789 2500 2860 πολλαπλασίονιτῇ
2526 2789 2845 2859 εὐδαιμονίᾳ
2880 2789 2976 2842 καὶ
3007 2791 3176 2860 χαρᾷ,
3249 2788 3347 2842 καὶ⁸
3415 2787 3621 2841 τούτων

362 2891 620 2946 ἁπάντων
649 2888 1094 2959 ἀπαράγραπτος
1136 2885 1370 2956 μάρτυς,
1400 2885 1564 2948 αὐτὸς
1604 2886 1766 2938 πάλιν
1806 2886 1947 2951 Ἰὼϐ,
1988 2878 2074 2949 οῦ,
2107 2885 2296 2954 ὥσπερ
2358 2889 2476 2948 ταῖς
2522 2885 2757 2954 πληγαῖς
2811 2886 3270 2954 ἐκοινωνήσαμεν,
3346 2881 3488 2934 οὕτω
3528 2893 3626 2944 καὶ,

354 2987 456 3056 τῆς
494 2981 857 3053 εὐφροσύνης,
917 2981 1013 3034 καὶ
1050 2982 1148 3051 τῆς
1179 2981 1361 3049 δόξης,
1408 2981 1505 3033 καὶ
1531 2983 1628 3050 τῆς
1657 2982 2042 3052 λαμπρότητος
2102 2980 2509 3050 ἀπολαύσομεν,
2576 2983 2670 3034 νῦν
2704 2998 2764 3033 τε
2807 2982 2898 3034 καὶ
2944 2982 3022 3044 είς
3082 2981 3206 3042 τοὺς
3238 2977 3624 3047 ἀτελευτήτους

359 3075 584 3138 αἰῶνας,
635 3072 1046 3144 πρεσϐευούσης
1102 3072 1202 3141 τῆς
1251 3072 1612 3142 ὐπερενδόξου
1655 3072 1954 3141 Δεσποίνης
2030 3072 2186 3144 ἡμῶν
2215 3073 2479 3125 Θεοτόκου
2515 3073 2609 3126 καὶ
2645 3073 3005 3143 ἁειπαρθένου
3067 3072 3308 3142 Μαρίας,
3349 3070 3445 3124 καὶ
3493 3067 3626 3120 πάν-

360 3183 468 3219 των
498 3165 606 3217 τῶν
637 3163 830 3231 ἀγίων.
869 3163 1065 3232 Ἀμήν.

966 3281 1192 3333 sum.
1226 3282 1337 3336 ειν.
1959 3293 2004 3347 c

790 3373 1222 3440 Κωνσταντίνῳ
1245 3377 1517 3443 νοταρίῳ.

2607 3278 2823 3334 EPIST.
2875 3277 3062 3331 LXIV.

2529 3371 2873 3426 Constantino
2922 3370 3150 3421 notario.

1596 3494 1860 3542 Montacut.
1902 3494 2007 3554 (cp.
2032 3491 2142 3553 259,
2179 3506 2227 3553 p.
2264 3489 2395 3549 360).

433 3602 644 3674 Βραδὺς
671 3602 768 3671 μὲν
791 3596 934 3674 ¹ἦσθα
956 3603 1091 3674 πρὸς
1118 3603 1339 3672 μνήμην
1361 3600 1469 3654 τῶν
1493 3602 1932 3671 ἐπεσταλμένων

2118 3598 2330 3652 Tardus
2377 3594 2528 3648 fuisti
2570 3593 2623 3646 in
2662 3591 2924 3646 memoria
2962 3579 3251 3644 missorum
3296 3585 3624 3664 recolenda;

368 3695 698 3767 βραδύτερος
728 3695 784 3747 δὲ
815 3694 953 3764 πρὸς
983 3693 1185 3764 πρᾶξιν
1225 3695 1332 3747 τῶν
1368 3694 1798 3764 ἐπηγγελμένων
1823 3710 1835 3723 ο
1878 3696 1932 3763 cf

2046 3693 2247 3747 tardior
2277 3691 2343 3744 ad
2380 3688 2639 3759 promissa
2670 3685 3032 3754 exsequenda;
3060 3683 3125 3736 de
3153 3680 3336 3736 oblitis
3362 3678 3629 3733 mandatis

371 3790 469 3858 μὲν
499 3783 590 3838 οὐν
623 3783 751 3854 περὶ
778 3783 878 3845 τὰς
913 3783 1134 3846 ἐντολὰς
1163 3783 1325 3854 λήθῃ,
1359 3783 1475 3834 ἐστι
1505 3801 1557 3834 τι
1583 3783 1676 3836 καὶ⁸
1703 3780 1923 3850 συγγνώ

2046 3782 2394 3839 concedenda
2425 3789 2510 3834 est
2543 3779 2639 3832 tibi
2670 3778 2858 3842 venia;
2891 3785 2942 3830 at
2974 3775 3116 3845 quod
3150 3771 3480 3843 promissum
3509 3785 3623 3824 non

370 3896 479 3949 μης
503 3892 517 3906 ·
565 3877 630 3928 τὸ
669 3877 725 3928 δέ
759 3874 928 3945 μηδέν
961 3891 1018 3926 σε
1047 3873 1157 3926 τῶν
1202 3875 1596 3945 ὑπεσχημένων
1646 3873 1925 3928 ἐκτελέσαι

2049 3873 2388 3944 praestiteris,
2433 3872 2479 3925 si
2529 3869 2760 3925 fervoris
2805 3867 3085 3937 cujusdam
3140 3866 3344 3920 donum
3380 3869 3520 3927 erat,
3559 3861 3633 3950 ad

371 3968 438 4021 ἂν
493 3968 567 4036 μὴ
620 3964 954 4034 προπετείας
991 3959 1057 4033 ἦν
1110 3963 1141 4032 ἡ
1188 3963 1481 4033 ὑπόσχεσις
1544 3961 1739 4034 δῶρον,
1785 3962 1932 4035 μόνης

2059 3965 2444 4036 negligentiam
2474 3963 2643 4018 solam
2675 3969 2900 4032 spectat.

371 4060 525 4112 ἐστὶν
564 4056 849 4128 ἀμελείας.

978 4167 1202 4221 ΕΠΙΣΤ.
1231 4165 1349 4220 ΞΕ’.

2621 4174 2840 4230 EPIST.
2902 4172 3064 4228 LXV.

379 4258 535 4327 Mm}
545 4276 613 4324 τᾳ
652 4257 1282 4339 Ἀσπιξθαρίῳβαίὶέῖέιί
1306 4257 1414 4310 τοῦ
1434 4255 1627 4339 ιδιξιοῦ
1646 4259 1812 4339 ,ὑπέρ
1833 4259 1932 4339 τῶν

2055 4271 2256 4326 Νἱεειω
2290 4268 2618 4339 amat/tario,
2643 4276 2697 4339 et
2728 4268 2790 4320 de
2814 4265 2972 4339 rebus
3006 4248 3224 4334 priuatis
3245 4279 3339 4339 pro
3375 4269 3627 4333 metropoo

438 4326 896 4452 μηίτροπολιτῶν
954 4326 1062 4379 τοῦ
1127 4326 1380 4385 Κυζίκου
1434 4327 1535 4381 καὶ
1596 4326 1709 4396 τῆς
1743 4329 1932 4384 Λαοδιη

441 4417 509 4453 κε
535 4415 628 4464 ας.

2352 4326 2363 4339 ’
2393 4339 2500 4392 litis
2528 4326 2701 4406 Cyaici
2730 4346 2778 4390 et
2805 4326 3078 4390 Laodiceae
3106 4326 3303 4404 agenti.

1607 4489 1876 4540 Montacut.
1918 4498 2024 4555 (ep.
2058 4495 2171 4556 240,
2208 4510 2260 4558 p.
2297 4492 2432 4557 560).

447 4595 578 4653 Οἶδα
605 4597 703 4669 μὲν
733 4597 834 4666 τὴν
857 4595 1105 4666 φιλόθεόν
1139 4612 1233 4649 σου
1262 4595 1441 4668 ψυχὴν
1470 4598 1932 4672 αὐτοπαράκλητοι

2130 4603 2385 4658 Animam
2413 4617 2514 4673 ego
2545 4611 2693 4656 tuam
2728 4600 2823 4655 Dei
2859 4606 3131 4653 amantem
3164 4595 3290 4649 novi
3313 4609 3410 4648 sua
3441 4602 3638 4661 sponte

373 4689 538 4746 σῦσαν
576 4690 711 4760 πρὸς
742 4689 804 4742 τὸ
849 4688 1077 4757 ἀγαθὸν,
1119 4689 1214 4740 καὶ
1261 4687 1692 4759 συμπάσχουσαν
1731 4690 1932 4761 ἐμφύτο

2059 4696 2117 4751 in
2155 4695 2363 4750 bonum
2414 4693 2584 4760 ferri,
2635 4702 2691 4747 et
2731 4693 2800 4747 ab
2846 4691 3086 4761 ingenita
3121 4685 3476 4757 dispositione
3531 4683 3639 4738 illis

2060 4787 2318 4858 compati,
2355 4786 2448 4856 qui
2479 4801 2578 4855 pro
2612 4784 2830 4839 Christo
2861 4783 3164 4852 patiuntur.
3201 4779 3308 4834 Sed
3349 4783 3640 4847 propterea

377 4873 524 4943 Πλὴν
553 4871 676 4924 ἐπεὶ
709 4871 802 4923 καὶ
834 4872 993 4940 ἡμεῖς
1023 4869 1400 4940 ὲγκαυχᾶσθαί
1449 4887 1542 4922 σου
1572 4873 1693 4934 ταῖς
1735 4870 1932 4942 ἀρεταῖ.

2057 4879 2204 4947 quod
2235 4877 2416 4947 magni
2462 4877 2657 4931 faciam
2692 4876 2762 4930 de
2802 4874 2912 4930 tuis
2945 4873 3240 4928 virtutibus
3283 4867 3545 4941 gloriari,
3582 4877 3642 4922 et

378 4965 686 5034 ποιούμεθα
715 4962 886 5031 μέγα,
924 4961 1020 5015 καὶ
1065 4962 1352 5030 συναλγεῖν
1382 4964 1495 5024 τοῖς
1533 4962 1752 5031 μέλεσιν
1797 4963 1932 5033 ἡμῶε

2055 4969 2299 5024 debitum
2325 4985 2355 5022 a
2385 4985 2472 5023 me
2498 4969 2628 5022 illud
2655 4967 2793 5037 exigi
2815 4967 3050 5030 videam,
3084 4972 3143 5017 ut
3162 4960 3548 5017 commembris
3586 4968 3644 5014 et

377 5057 473 5110 καὶ
504 5055 755 5124 ἀδελφοῖς
804 5054 965 5124 χρέος
996 5053 1371 5124 ἀπαραίτητον
1398 5053 1634 5124 ὁρῶμεψ
1665 5053 1752 5106 διὰ
1780 5053 1932 5108 ταῦτ(

2061 5060 2324 5114 fratribus
2350 5061 2651 5130 compatiar
2684 5078 2698 5114 :
2732 5057 2964 5118 idcirco,
2993 5063 3120 5109 ante
3161 5053 3466 5107 orationem
3497 5052 3645 5121 cogi-

381 5147 478 5218 τὴν
523 5145 765 5200 διάνοιαν
809 5144 918 5213 πρὸ
962 5143 1072 5197 τῶν
1103 5145 1300 5212 λόγων,
1345 5144 1440 5198 καὶ
1490 5146 1597 5216 πρὸ
1632 5147 1732 5215 τῆς
1779 5145 1931 5216 χειρὸ

2062 5135 2316 5214 tationes,
2359 5160 2486 5204 ante
2545 5165 2739 5204 manus
2781 5146 3112 5208 orationem,
3159 5151 3216 5196 et
3253 5157 3361 5195 una
3398 5155 3524 5194 cum
3577 5139 3643 5193 iis

376 5240 502 5302 τοὺς
532 5237 746 5306 λόγους,
779 5237 874 5289 καὶ
901 5238 998 5290 σὺν
1033 5237 1218 5299 αὐτοῖς
1257 5235 1356 5306 τὴν
1383 5239 1543 5307 χεῖρα
1579 5237 1715 5307 πρὸς
1751 5237 1962 5291 ἱκεσίαν

377 5331 666 5398 κινοῦμεν.
713 5329 902 5400 Ἀρκεῖ
930 5327 1105 5381 ταῦτα
1139 5329 1276 5398 πρὸς
1313 5328 1395 5393 σὲ,
1449 5326 1587 5396 οίδα,
1634 5329 1727 5382 καὶ
1770 5329 1962 5398 δυσχε-

387 5421 589 5489 ραίνεις
623 5421 775 5482 ἴσως,
802 5420 883 5472 ὅτι
923 5418 1170 5488 βραδύνω
1195 5419 1294 5488 τὴν
1324 5419 1562 5490 αἴτησιν,
1589 5421 1683 5472 καὶ
1715 5421 1955 5490 ἀγωνιᾷς

381 5512 480 5581 τὴν
514 5511 887 5580 παράκλησιν,
921 5509 1018 5562 καὶ
1045 5512 1226 5579 μήπου
1255 5509 1365 5581 ἀρα
1407 5511 1508 5580 τῆς
1555 5511 1656 5581 οῆς
1701 5510 1954 5582 ἐπιλελή-

382 5605 559 5671 σμεθα
608 5602 968 5667 τελειότητος,
1018 5601 1114 5653 καὶ
1160 5600 1244 5653 ὃτι
1292 5599 1565 5671 πολλαχοῦ
1627 5601 1956 5671 προφθόινων

2059 5259 2279 5297 manum
2334 5242 2637 5312 supplicem
2687 5239 2984 5310 prmtendo.
3033 5236 3161 5290 Haec
3199 5235 3340 5305 apud
3404 5244 3455 5288 te
3493 5234 3643 5287 sulti-

2059 5331 2228 5397 cient,
2256 5331 2403 5396 scio;
2444 5338 2500 5384 et
2531 5328 2778 5383 fortassis
2812 5325 2924 5380 fers
2956 5323 3262 5394 aegerrime,
3308 5319 3448 5388 quod
3499 5319 3641 5386 peti-

2059 5423 2268 5478 tionem
2307 5437 2419 5476 non
2449 5434 2738 5488 exponam,
2784 5425 2842 5470 ct
2885 5415 3101 5468 laboras
3155 5414 3222 5464 de
3269 5406 3642 5463 admonitione

2062 5530 2199 5569 mea:
2238 5511 2673 5576 intercessionis,
2709 5525 2780 5564 ne
2821 5507 3032 5564 scilicet
3076 5502 3326 5558 fortassis
3365 5508 3468 5554 tua:
3511 5512 3641 5569 per-

2061 5605 2315 5661 fectionis
2354 5619 2444 5660 me
2487 5601 2689 5658 oblivio
2735 5598 2964 5671 ceperit,
2988 5609 3114 5653 cum
3150 5602 3206 5649 tu
3238 5589 3519 5647 multoties
3551 5587 3641 5642 En-

1685 5739 1923 5796 VAll'lAS
1961 5736 2370 5798 LECTIONES.

456 5882 480 5921 γ
517 5872 602 5926 ἵσ.
639 5865 931 5939 βᾶσκανον.
1010 5877 1039 5926 ξ
1069 5868 1157 5921 ῖσ.
1187 5865 1471 5937 ἀνδρείως.
