4024 6470
352 478 461 538 9δ5

1510 460 2052 529 EPISTOLARUM
2082 457 2312 518 LIBER
2343 455 2460 516 Ill.

3502 444 3609 509 986

351 587 630 658 πατρίδος,
655 585 748 637 καὶ
766 582 1033 636 πλανᾶται
1062 580 1201 633 κατὰ
1217 577 1423 648 τροφῆς
1441 579 1667 646 ζήτησιν
1694 577 1722 628 ὁ
1752 575 1931 642 κὲφιι⁴

2040 573 2251 626 oberrat
2294 568 2471 637 capito
2514 567 2581 621 ad
2624 566 2976 636 quaerendum
3014 566 3230 629 cibum;
3261 578 3437 634 neque
3479 573 3609 619 tunc

351 683 465 744 λος,
495 680 605 732 οὐδ’
638 677 810 738 οὕτως
840 674 992 744 αὐτῷ
1020 673 1092 725 τὰ
1142 674 1240 743 τῆς
1292 671 1548 741 πατρίδος
1583 667 1921 738 παραλὺεται

352 776 586 842 νόμιμα,
627 768 763 821 ἀλλὰ
826 764 923 818 καὶ
956 763 1297 833 μετανάστης
1351 762 1663 827 γενόμενος,
1696 757 1792 811 καὶ
1831 758 1929 825 τῆς

352 863 561 934 τροφῆς
589 860 655 913 ἂν
685 856 829 911 οῦτω
851 855 1006 924 τύχοι
1054 854 1159 925 πρὸ
1184 852 1292 905 τῶν
1322 850 1615 920 ὀφθαλμῶν
1667 849 1929 910 πολλάκις

357 953 708 1022 ἐγκειμένης,
734 949 826 1001 καὶ
849 947 941 999 τοῦ
956 944 1113 1013 λιμοῦ
1144 944 1304 996 λῦσαι
1335 943 1460 1004 τοὺς
1474 942 1674 1009 νόμους
1690 941 1930 1006 ἐπαναγο

354 1041 637 1103 χάζοντος,
664 1036 786 1090 οὔτε
807 1035 888 1105 τῷ
919 1034 1228 1102 φαινομένῳ
1259 1032 1592 1096 δελεάζεται,
1625 1030 1739 1083 οὗθ’
1768 1029 1929 1081 ὑπεί-

354 1152 443 1187 κει
503 1131 580 1201 τῷ
618 1129 967 1201 βιαζομένῳο
993 1127 1110 1180 ἀλλ’
1151 1126 1226 1188 ὼς
1275 1125 1485 1195 ἔφημεν
1530 1124 1626 1177 καὶ
1681 1122 1789 1192 πρὸ
1831 1122 1931 1189 τῆς

353 1228 531 1295 ὅψεως
572 1224 896 1291 ἐγκειμένου
946 1220 1039 1273 τοῦ
1074 1218 1410 1288 θηράματος,
1443 1218 1602 1279 αὐτὸς
1640 1217 1929 1285 σωφρονεῖ,

361 1320 457 1371 καὶ
489 1315 651 1385 λιμοῦ
679 1314 775 1367 καὶ
805 1312 1042 1382 γαστρὸς
1069 1312 1162 1364 καὶ
1195 1310 1288 1362 τοῦ
1320 1308 1595 1371 κινοῦντος
1623 1309 1722 1377 τὴν
1752 1307 1931 1378 δρεξιν

354 1408 597 1472 ἔξωθεν,
637 1403 1104 1475 ἐπικρατεστέραν
1160 1401 1259 1473 τὴν
1313 1401 1552 1469 ἔμφυτον
1606 1399 1931 1469 φιλοσοφίαν

356 1500 712 1551 ἐπιδείκνυσι.
745 1498 821 1548 Δι’
846 1496 873 1548 ὃ
910 1496 977 1548 ἂν
1015 1495 1113 1564 μὲν
1141 1495 1220 1546 ἔτι
1249 1495 1312 1563 ζῇ
1364 1493 1426 1545 τὸ
1459 1492 1843 1562 προκείμενον,
1868 1491 1930 1543 οῦ

356 1590 602 1658 φθείρειν
635 1590 693 1640 τὸ
714 1585 983 1656 ὁμόφυλον
1012 1584 1360 1653 ἀνεχόμενος,
1389 1583 1640 1651 οὐδαμῶς
1667 1585 1765 1651 τῆς
1823 1581 1932 1633 θοίσ

356 1696 453 1747 νης
475 1678 796 1745 ἐφάπτεται.
827 1677 924 1726 "Av
949 1674 1005 1726 δὲ
1030 1674 1128 1742 τῆς
1154 1672 1295 1740 ζωῆς
1317 1671 1684 1740 ἠρημωμένον
1716 1669 1935 1739 πρόκει-

358 1787 470 1834 ται,
510 1768 587 1837 τῷ
643 1767 842 1836 μηκέτι
906 1765 1041 1827 ὄντι,
1091 1765 1216 1833 μηδ’
1269 1762 1533 1830 ἀλγηδόνα
1580 1759 1931 1827 λαμϐάνοντι,

360 1862 538 1930 τούτῳ
570 1860 663 1913 τοῦ
698 1859 859 1927 λιμοῦ
892 1861 991 1925 τὴν
1018 1857 1138 1927 βίαν
1160 1855 1568 1925 παραμυθεῖται
1602 1855 1696 1906 καὶ
1723 1852 1935 1905 διαλύε-

2039 663 2108 715 ab
2130 676 2198 715 eo
2223 660 2508 713 solvuntur
2536 657 2724 727 patria:
2745 657 2894 725 jura;
2923 672 3111 710 verum
3142 657 3305 709 etiam
3338 656 3513 718 exsul,
3553 664 3610 709 et

2030 765 2173 818 sape
2202 748 2481 812 alimento,
2514 748 2565 800 si
2602 746 2676 799 ita
2717 760 2874 799 casus
2923 744 3127 806 tulerit,
3165 744 3235 797 ob
3269 744 3456 797 oculos
3506 757 3611 812 po-

2030 844 2155 903 sito,
2188 857 2252 895 ac
2307 841 2449 893 fame
2477 839 2839 907 compellente
2879 836 2944 890 ad
2992 837 3343 889 violationem
3391 836 3607 902 legum;

2030 950 2209 1003 neque
2248 950 2345 1003 per
2387 934 2627 985 oblatum
2693 930 2931 992 illicitur,
2981 935 3157 996 neque
3197 928 3302 981 vim
3352 926 3608 981 inferenti

2030 1026 2195 1088 cedit,
2234 1025 2328 1078 sed
2363 1033 2520 1092 prout
2544 1022 2800 1085 diximus,
2829 1020 2989 1073 etiam
3019 1019 3197 1087 prazda
3227 1018 3280 1070 in
3313 1024 3609 1085 conspectu

2033 1117 2243 1187 posita,
2296 1116 2410 1185 ipse
2466 1114 2742 1176 abstinet,
2805 1112 3130 1179 insitamque
3206 1109 3608 1179 philosophiam

2033 1208 2274 1264 ostendit
2301 1216 2411 1261 tum
2432 1206 2574 1259 fame
2602 1214 2715 1259 tum
2742 1213 2931 1257 ventre
2957 1212 3071 1256 tum
3096 1217 3162 1255 eo
3180 1202 3321 1271 quod
3344 1216 3482 1255 esca:
3510 1201 3611 1254 de-

2034 1302 2295 1356 siderium
2336 1301 2675 1353 extrinsecus
2708 1306 2892 1350 movet
2926 1296 3227 1349 fortiorem.
3259 1295 3523 1359 Quocirca
3563 1293 3607 1347 si

2034 1394 2214 1447 adhuc
2240 1392 2373 1445 vivit
2390 1391 2532 1460 quod
2555 1404 2678 1445 sese
2702 1389 2920 1452 obtulit,
2948 1403 3058 1441 non
3086 1387 3362 1440 sustinens
3384 1385 3610 1454 perdere

2034 1485 2135 1539 sibi
2168 1499 2462 1554 congener,
2495 1498 2837 1552 nequaquam
2863 1482 3055 1551 dapem
3089 1480 3324 1548 attingit.
3358 1479 3452 1532 Sin
3479 1494 3612 1530 vero

2033 1574 2159 1630 vitm
2193 1590 2389 1644 expers
2417 1574 2575 1638 adsit,
2608 1588 2706 1642 per
2739 1573 2791 1627 id
2816 1573 2958 1642 quod
2998 1587 3106 1624 non
3141 1571 3375 1640 amplius
3399 1578 3485 1623 est
3511 1584 3612 1623 nec

2034 1664 2276 1719 dolorem
2313 1664 2497 1727 sentit,
2536 1663 2848 1716 violentiam
2878 1661 3036 1715 famis
3079 1662 3284 1715 solatur
3326 1676 3389 1714 ac
3417 1660 3612 1714 dissol-

2034 1756 2131 1809 vit.
2159 1755 2349 1825 Capito
2375 1756 2557 1825 itaque
2586 1756 2772 1824 piscis,
2802 1771 2873 1809 ne
2905 1769 3070 1809 sensu
3097 1754 3318 1822 quidem
3348 1753 3611 1807 destituta

2038 1847 2211 1916 tangit
2246 1862 2498 1915 corpora,
2530 1846 2632 1899 nisi
2654 1846 2810 1900 valde
2836 1854 3026 1916 urgeat
3057 1845 3229 1898 fames
3252 1852 3615 1913 naturamque

366 1969 476 2004 ται.
506 1927 565 2002 Ὅ
590 1950 688 2019 μὲν
708 1948 800 2000 οῦν
827 1946 1055 2015 κέφαλος
1081 1947 1108 1996 ό
1134 1945 1283 2014 ἰχθὺς
1313 1943 1432 1995 οὐδὲ
1454 1943 1561 1994 τῶν
1589 1940 1933 2010 ἀναισθήτων

2040 1937 2235 1991 vincat.
2257 1936 2337 1989 Tu
2368 1952 2496 1990 vero
2528 1936 2621 2005 qui
2652 1937 2803 1990 vivos
2834 1936 3087 1989 homines
3113 1951 3236 1990 cum
3264 1936 3613 1991 facultatibus

360 2033 649 2110 σωμάτων,
674 2037 740 2091 ἂν
787 2037 860 2106 μὴ
901 2036 1021 2087 λίαν
1055 2037 1083 2087 ὁ
1124 2034 1280 2103 λιμὸς
1308 2032 1618 2100 ἐπιτίθηται
1650 2033 1745 2084 καὶ
1797 2033 1925 2101 νικᾷ

358 2134 456 2202 τὴν
507 2130 691 2199 φύσιν,
729 2127 993 2197 οὐμενοῦν
1020 2127 1079 2179 οῦ
1114 2123 1505 2193 προσάπτεται.
1538 2123 1609 2173 Σὺ
1640 2122 1696 2173 δὲ
1727 2120 1935 2185 ζῶντας

360 2219 678 2290 ἀνθρώπους
720 2218 874 2280 ὅλους
902 2217 1091 2277 αὐταῖς
1125 2215 1488 2285 περιουσίαις,
1522 2214 1613 2264 καὶ
1652 2213 1772 2265 τότε
1803 2230 1931 2281 τρυ·

364 2311 502 2379 φῶν.
536 2309 724 2377 Τίγὰρ
759 2326 827 2377 με
880 2309 959 2360 δεῖ
990 2307 1170 2374 λέγειν
1222 2306 1492 2373 μηδεμιᾶς
1527 2303 1771 2371 ἀνάγκης
1816 2304 1935 2354 ἐπι-

364 2400 625 2468 κειμένης
653 2415 669 2461 ;
707 2396 905 2466 ἀνέδην
935 2394 1079 2448 οῦτω
1109 2394 1201 2447 καλ⁸
1232 2394 1366 2462 πρὸς
1397 2392 1567 2459 αὐτῆς
1604 2392 1701 2460 τῆς
1732 2391 1933 2460 πατρί-

364 2491 453 2552 δος
497 2490 816 2559 ὀφθαλμοῖς,
870 2488 1064 2557 χανδὸν
1114 2484 1430 2539 καταπίνων
1485 2484 1578 2536 καὶ
1623 2482 1934 2553 ἀκορέστως

2039 2029 2151 2083 suis
2201 2029 2458 2100 integros,
2501 2030 2663 2097 idque
2703 2030 2843 2083 inter
2880 2029 3102 2083 delicias
3132 2029 3282 2099 (quid
3329 2030 3474 2084 enim
3527 2044 3615 2083 me

2038 2128 2253 2189 Oportet
2275 2120 2480 2187 dicere,
2502 2122 2650 2174 nulla
2683 2120 3042 2189 compellente
3062 2120 3445 2189 necessitate?)
3477 2119 3616 2173 adeo

2040 2211 2409 2279 impudenter.
2444 2220 2498 2266 et
2528 2227 2709 2266 coram
2741 2212 2912 2281 ipsius
2938 2212 3127 2280 patriae
3158 2212 3350 2274 oculis,
3381 2211 3617 2282 deglutis

2040 2298 2312 2353 inhianter
2333 2308 2495 2368 atque
2520 2300 2944 2353 insaturabiliter
2969 2301 3217 2365 devoras,
3246 2315 3408 2370 quam
3435 2300 3488 2353 in
3511 2300 3615 2353 alia

2042 2392 2153 2446 vita
2207 2392 2611 2445 excusationem
2656 2392 2943 2446 habiturus
2986 2409 3067 2457 es,
3099 2410 3222 2446 cum
3278 2409 3348 2446 ne
3403 2394 3457 2446 in
3512 2393 3616 2446 hac

2041 2489 2261 2557 quidem
2294 2490 2473 2543 locum
2508 2490 2757 2543 invenias
2786 2497 2845 2543 ut
2873 2504 2996 2542 eum
3026 2487 3266 2556 piscibus
3293 2482 3617 2553 confcraris;

364 2583 838 2653 καταὸοσκόμενος
894 2582 969 2652 (ι)
1026 2580 1145 2632 τίνα
1188 2580 1345 2647 λόγον
1395 2577 1603 2631 ἐκεῖθεν
1650 2575 1816 2643 ἕξεις,
1880 2579 1969 2631 ὅτε
2008 2582 2131 2651 μηδ’
2185 2582 2420 2636 ἐνταῦθα
2474 2584 2610 2654 πρὸς
2654 2583 2780 2643 τοὺς
2830 2579 3019 2649 ἰχθύας
3080 2577 3357 2647 εὑρίσκεις
3431 2573 3617 2645 χώραν

368 2673 775 2743 παραϐάλλεθαι
794 2693 809 2741 ;

966 2780 1190 2833 ΕΙΙΙΣΤ.
1220 2778 1336 2831 ΞΖ¹.

368 2875 509 2944 Περὶ
541 2876 648 2931 τοῦ
670 2876 757 2946 μὴ
797 2873 924 2947 δεῖν
973 2872 1123 2947 πρὸς
1175 2871 1247 2947 τα
1288 2867 1486 2947 ἐφῇ-τῷ
1535 2868 1654 2935 ,βίῳ
1694 2870 1939 2940 λυπηρὰ

856 2941 1314 3010 ἐπιστρέφεσθαι
1345 2939 1443 3009 (5).

2599 2781 2816 2837 EPIST.
2859 2780 3068 2835 LXVII.

2116 2872 2267 2939 Quod
2317 2891 2421 2931 non
2450 2886 2683 2946 oporteat
2715 2880 2783 2929 ad
2811 2883 3086 2998 pJa’sentes
3112 2873 3231 2927 vita:
3262 2869 3528 2925 molestias

2689 2956 2829 2998 atten
2871 2963 2974 2998 ore.

2689 2956 2974 2999 attendere.

1684 3049 1906 3101 Coteler.
1932 3051 1987 3114 (Ι.
2012 3065 2058 3104 c.
2077 3068 2127 3118 p.
2162 3056 2293 3120 106).

452 3160 678 3230 Ἀγαθὸν
708 3157 980 3228 ἀνθρώπῳ
1007 3156 1114 3227 βίος
1141 3157 1362 3219 ἄλυπος,
1393 3155 1627 3224 χαλεπὸν
1648 3155 1704 3207 δὲ
1734 3159 1936 3226 τυχεῖν,

2116 3164 2278 3218 Grata
2309 3179 2395 3217 res
2419 3163 2627 3217 homini
2658 3173 2758 3228 est,
2796 3164 2901 3218 vita
2932 3164 3048 3218 sine
3075 3164 3261 3219 dolore
3296 3164 3582 3231 tranquilla
3602 3203 3620 3225 ,

372 3254 572 3326 μᾶλλον
603 3254 659 3305 δὲ
714 3253 825 3312 τοῖς
852 3267 915 3317 γε
951 3250 1051 3319 τὴν
1087 3249 1266 3319 κρίσιν
1297 3248 1370 3319 μὴ
1399 3246 1613 3316 ἔχουσιν
1649 3248 1743 3299 ἀπ’
1768 3249 1940 3320 ὀρθῆς

366 3348 579 3418 διαίτης
614 3342 925 3415 προϊοῦσαν,
956 3341 1237 3393 ἀδύνατον.
1266 3334 1359 3401 Οἷς
1412 3340 1509 3407 μὲν
1550 3334 1643 3391 οὖν
1675 3340 1936 3409 ἡδόμεθα,

364 3438 442 3503 τῷ
504 3436 771 3490 πλάσαντι
806 3435 899 3487 καὶ
930 3431 1250 3503 χορηγοῦντι
1277 3430 1373 3499 τὴν
1415 3428 1704 3483 ἀνεύθυνον
1749 3431 1940 3503 ἡδονὴν

366 3528 547 3597 χάρις.
577 3529 643 3578 ’Δ
703 3526 759 3578 δὲ
817 3523 1119 3592 ἀνιώμεθα,
1161 3525 1217 3574 ὲν
1267 3524 1482 3586 ἑαυτοῖς
1532 3522 1680 3576 ἔστιν
1737 3525 1940 3593 εὑρεῖν,

367 3620 557 3688 ὥσπερ
589 3616 794 3671 τούτων
826 3618 885 3668 τὸ
914 3616 1109 3678 αἴτιον,
1143 3613 1286 3666 οὓτω
1318 3616 1409 3689 καὶ
1429 3616 1490 3668 τὸ
1515 3616 1805 3685 φάρμακον
1839 3617 1941 3685 τῆς

372 3713 588 3771 ἰάσεως.
618 3709 699 3761 Τὰ
732 3708 840 3776 γὰρ
871 3706 1095 3758 πλεῖστα
1128 3706 1235 3758 τῶν
1271 3707 1550 3776 λυπηρῶν,
1576 3708 1675 3758 οὐκ
1698 3708 1758 3770 ἐξ
1812 3708 1941 3759 ἐαυ-

366 3803 474 3855 τῶν
502 3801 598 3871 τὴν
620 3801 831 3870 πληγὴν
849 3798 1062 3865 ἐπάγει,
1098 3798 1204 3850 ἀπὸ
1238 3798 1401 3865 δὲτῆς
1420 3800 1695 3869 ἡμετέρας
1709 3799 1942 3868 κρίσεως

367 3893 637 3960 λαμϐάνει
682 3890 743 3941 τὸ
795 3890 1071 3957 πλήττειν.
1116 3890 1419 3958 Ἐστερήθη
1450 3907 1531 3951 τις
1577 3889 1805 3942 πλούτου
1839 3906 1853 3953 ;
1889 3888 1941 3941 τί

334 4028 337 4029 ,
367 3982 594 4035 δύναται
621 3982 652 4049 ἡ
683 3979 940 4046 στέρησις
958 3978 1197 4044 λυπῆσαι
1224 3995 1238 4042 ;
1272 3977 1385 4030 ἀλλ’
1407 3978 1518 4046 ἐγὼ
1558 3979 1655 4048 τὴν
1687 3979 1942 4048 στέρησιν

367 4073 509 4143 βαρὺ
554 4069 760 4141 νομίζω
793 4084 806 4096 ⁸
836 4069 994 4137 δῆλον
1034 4068 1106 4130 ὡς
1155 4069 1318 4130 αὐτὸς
1364 4068 1474 4136 ἐγὼ
1504 4071 1600 4122 καὶ
1648 4070 1747 4139 τὴν
1794 4070 1943 4121 οὐδὲν

369 4168 491 4219 κατ’
556 4164 692 4233 ἐμοῦ
770 4160 1025 4215 κινοῦσαν
1085 4160 1292 4224 arma»
1340 4162 1537 4231 πικρὸν
1579 4164 1795 4229 ἀφεῖναί
1853 4178 1943 4230 μοι

370 4255 542 4323 βέλος.
562 4256 621 4306 Ὀ
642 4254 739 4322 μὲν
774 4252 881 4322 γὰρ
902 4252 1111 4320 φθόνος,
1132 4252 1164 4322 ἢ
1189 4252 1363 4304 κοινόν
1381 4271 1431 4306 τι
1450 4250 1705 4321 πόλεωςῆ
1742 4253 1940 4327 πατρί-

366 4348 454 4408 δος
479 4345 675 4408 πάθος,
706 4344 880 4413 ῆᾶλλο
906 4342 1010 4395 τῶν
1037 4343 1253 4408 ἔξωθεν,
1286 4341 1471 4412 ἴσχυσέ
1495 4362 1561 4412 με
1595 4344 1687 4395 καὶ
1711 4346 1785 4413 μὴ
1817 4343 1943 4412 βου-

368 4439 599 4507 λόμενον
646 4437 855 4505 πένητα
883 4436 1104 4505 ποιῆσαι
1141 4452 1155 4464 θ
1180 4434 1418 4503 λυπῆσαι
1456 4435 1514 4488 δὲ
1552 4436 1706 4489 οὐδὲν
1735 4436 1941 4488 τούτων

366 4528 620 4598 οὐδαμῶς
664 4528 763 4581 οὐκ
792 4528 858 4580 ἂν
916 4526 1196 4596 δυνηθείη,
1230 4528 1278 4578 εί
1330 4526 1404 4596 μὴ
1453 4526 1564 4595 ἐγὼ
1623 4526 1933 4598 βουλοίμην.

380 4620 541 4673 Ἀλλὰ
572 4618 818 4688 φίλτατοι
842 4618 1032 4681 παῖδες
1061 4617 1378 4687 ἀπέστησάν
1419 4636 1509 4687 μοι
1542 4618 1649 4671 τῶν
1698 4619 1935 4684 κόλπων,

2045 3257 2138 3311 sed
2169 3258 2397 3311 obtentu
2428 3256 2682 3320 difﬁcilis,
2716 3256 2825 3309 imo
2864 3273 2927 3309 ex
2954 3257 3227 3310 sententia
3260 3273 3445 3310 eorum
3475 3273 3613 3326 quo-

2045 3361 2164 3398 rum
2193 3345 2458 3411 judicium
2493 3362 2521 3398 a
2561 3354 2705 3397 recta
2739 3344 2949 3407 ratione
2990 3361 3099 3398 non
3134 3346 3372 3410 aberrat,
3411 3346 3621 3413 impos-

2043 3438 2235 3492 sibilis.
2264 3437 2345 3492 Ob
2380 3453 2443 3491 ea
2493 3454 2622 3507 ergo
2663 3438 2861 3507 quibus
2894 3438 3247 3502 delectamur,
3292 3439 3533 3492 Creatori
3560 3448 3618 3493 et

2044 3529 2337 3598 voluptatis
2395 3530 2688 3599 inculpata:
2726 3530 2965 3598 largitori
3010 3530 3235 3599 gratiam
3283 3531 3613 3595 habeamus;

2043 3621 2186 3675 circa
2234 3622 2510 3676 molestias
2554 3632 2758 3687 autem,
2809 3623 2861 3675 in
2913 3622 3071 3676 nobis
3118 3623 3363 3677 invenire
3420 3631 3524 3689 est,
3559 3632 3620 3677 ut

2043 3727 2229 3765 earum
2275 3728 2517 3773 causam,
2557 3712 2629 3766 ita
2662 3721 2731 3767 'et
2780 3714 3078 3766 remedium
3136 3715 3203 3768 ad
3257 3716 3615 3768 curationem.

2042 3801 2177 3854 Nam
2210 3802 2446 3855 tristium
2468 3803 2744 3870 pleraque,
2779 3816 2886 3854 non
2921 3817 2983 3855 ex
3012 3802 3205 3871 seipsis
3232 3804 3437 3871 plagam
3474 3802 3617 3856 infe-

2044 3900 2191 3953 runt,
2229 3891 2321 3944 sed
2352 3907 2380 3944 a
2411 3899 2595 3944 nostra
2627 3890 2881 3959 opinione
2909 3891 3185 3960 accipiunt
3223 3893 3363 3960 quod
3398 3891 3614 3947 feriant.

2044 3980 2295 4036 Privatus
2334 3992 2417 4037 est
2468 3984 2663 4052 aliquis
2706 3984 3117 4049 divitiis?Quid
3159 3994 3341 4053 potest
3385 3986 3624 4054 privatio

2044 4073 2406 4127 contristare?
2442 4074 2511 4127 At
2537 4090 2636 4143 ego
2672 4074 3027 4143 privationem
3059 4090 3170 4127 rem
3205 4090 3420 4144 gravem
3450 4085 3619 4143 puto:

2048 4172 2198 4232 patet
2228 4165 2373 4232 quod
2401 4164 2518 4233 ipse
2552 4180 2650 4235 ego
2696 4165 2829 4218 nihil
2874 4166 3136 4220 adversus
3173 4181 3261 4219 me
3308 4174 3622 4219 moventem

2045 4273 2218 4322 armo,
2244 4268 2304 4312 ut
2334 4258 2388 4311 in
2422 4272 2507 4311 me
2533 4259 2788 4312 acerbum
2812 4261 3025 4313 emittat
3046 4259 3310 4328 jaculum.
3340 4258 3621 4327 Siquidem

2046 4349 2386 4413 velinvidia,
2421 4350 2503 4403 vel
2528 4364 2814 4403 commune
2835 4349 3072 4403 civitatis
3100 4358 3194 4402 aut
3220 4349 3409 4418 patriae
3445 4348 3619 4403 infor-

2048 4442 2280 4504 tunium,
2310 4442 2392 4495 vel
2428 4457 2491 4495 ex
2527 4440 2769 4494 externis
2807 4439 2955 4493 aliud
2995 4439 3291 4510 quidpiam,
3324 4440 3497 4509 potuit
3531 4454 3619 4493 me

2048 4532 2210 4585 etiam
2243 4532 2518 4585 nolentem
2550 4533 2616 4585 ad
2643 4540 3015 4601 paupertatem
3048 4531 3327 4601 redigere;
3360 4541 3414 4585 at
3442 4532 3615 4587 tristi-

2048 4622 2175 4676 tiam
2234 4622 2438 4677 inferre
2488 4623 2627 4677 nihil
2675 4623 2870 4677 horum
2913 4623 3183 4677 ullatenus
3228 4623 3461 4691 poterit,
3512 4623 3618 4678 nisi

370 4712 463 4765 καὶ
492 4710 586 4773 οὓς
611 4709 751 4779 ὁρῶν
768 4710 973 4780 ήδόμην
1000 4709 1093 4763 καὶ
1116 4709 1213 4772 τὰς
1234 4708 1455 4772 ἐλπίδας
1497 4711 1673 4772 πάσας
1703 4711 1936 4780 ἀνῆπτον

2040 4713 2158 4783 ipse
2196 4718 2436 4767 voluero.
2482 4712 2683 4767 Verum
2716 4712 3016 4767 charissimi
3052 4712 3202 4765 liberi
3248 4726 3279 4765 e
3326 4711 3447 4765 sinu
3498 4727 3619 4766 meo

367 4804 463 4857 τοῦ
489 4804 632 4871 βίου,
650 4795 798 4854 οὗτοι
827 4802 888 4855 τὸ
910 4801 1087 4871 χρεὼν
1103 4801 1299 4872 ἀθρόον
1332 4801 1569 4871 ὑπῆλθον
1584 4819 1599 4868 ;
1615 4803 1724 4855 οὐδ’
1745 4804 1936 4855 ἐκεῖνοι

2042 4805 2446 4866 abscesserunt,
2474 4812 2529 4858 et
2555 4804 2607 4857 in
2636 4819 2774 4872 quos
2810 4803 3027 4857 intuens
3048 4803 3368 4874 gaudebam,
3395 4821 3618 4860 omnes-

369 4893 630 4963 πλήττειν
668 4893 874 4944 οἴδασιν
918 4892 1076 4954 ὅλως,
1109 4892 1345 4961 μάλιστά
1382 4909 1445 4959 γε
1496 4893 1712 4960 φύσεως
1758 4893 1936 4965 ὥσπερ

2045 4910 2153 4964 que
2190 4894 2313 4949 vitae
2344 4910 2470 4964 spes
2498 4894 2896 4964 appendebam,
2926 4895 2963 4948 ii
3007 4894 3189 4949 subito
3221 4894 3385 4949 fatale
3428 4896 3621 4951 decre-

370 4985 428 5034 ὲν
471 4985 536 5054 τῇ
580 4984 815 5051 γενέσει,
843 4981 984 5036 οὕτω
1017 4985 1119 5035 κάν
1149 4985 1217 5054 τῇ
1251 4983 1414 5054 ἐξόδῳ
1457 4982 1936 5054 λειτουργήσαντες

2046 4993 2160 5039 tum
2202 4983 2528 5038 subierunt?
2574 4982 2761 5052 Neque
2806 4982 2881 5036 illi
2926 4983 3148 5037 omnino
3193 4999 3256 5038 ex
3311 4999 3369 5038 se
3419 4984 3620 5039 habent

368 5076 573 5146 νόμοις.
619 5075 756 5131 Ἀλλ’
783 5075 894 5144 ἐγὼ
924 5075 1049 5139 τοὺς
1072 5075 1142 5128 τὰ
1164 5074 1365 5145 ἔσχατα
1396 5075 1739 5147 ἠρεμοῦντας
1769 5076 1843 5140 ὡς
1874 5078 1936 5131 ἐν

2044 5076 2359 5147 percellere,
2390 5091 2514 5132 cum
2548 5076 2847 5147 praesertim
2874 5076 3018 5130 sicut
3052 5075 3107 5129 in
3139 5077 3443 5144 nativitate,
3471 5077 3543 5131 ita
3564 5088 3620 5133 et

1820 5241 2049 5301 ΝΟΤᾸΕ.

448 5404 520 5475 (4)
558 5402 1188 5475 Χανδὸνῌκαταπίνων
1222 5402 1329 5475 καί
1364 5404 1702 5475 ἀκορέστως
1755 5421 1933 5458 κατα-

368 5473 757 5543 commerce.
792 5473 918 5528 llaec
947 5474 1111 5527 verba
1140 5488 1242 5527 nos
1269 5474 1563 5528 admonent
1591 5474 1801 5527 illorum
1832 5476 1939 5543 Cy-

369 5546 476 5599 rilli
509 5546 562 5597 in
599 5545 852 5599 Habacuc
887 5562 941 5596 ιι.
983 5543 1071 5601 iii,
1104 5552 1143 5596 t.
1178 5543 1267 5602 Ill,
1294 5559 1349 5611 p.
1389 5544 1510 5597 550.
1552 5543 1618 5596 Α.
1663 5544 1821 5595 Κατὰ
1850 5548 1942 5598 τὸν

373 5616 486 5667 ἴσον
540 5613 736 5683 ίχθύσί
760 5615 975 5683 τρόπον,
1007 5613 1132 5675 τοὺς
1178 5614 1599 5683 ἀσθενεστέρους
1634 5615 1944 5683 ,κατανέμε-

373 5685 519 5745 σθαι,
550 5679 646 5735 καὶ
680 5679 807 5736 οἷον
833 5682 1096 5752 ἀλλήλους
1133 5679 1502 5805 καταρξοφεῖίι
1543 5682 1730 5751 ἁθύρῳ
1758 5700 1815 5734 τε
1849 5679 1946 5737 καὶ

373 5754 633 5805 ἀπλήστω
681 5755 947 5805 στόματι.
995 5752 1237 5805 σκληρὰν
1288 5753 1316 5804 δ
1390 5753 1534 5805 οὕτω
1583 5753 1676 5803 καὶ
1714 5753 1946 5805 ἄμικτον

372 5754 633 5822 ἀπλήστῳ
681 5755 909 5823 στόματι
932 5793 967 5823 ,Α
995 5752 1243 5823 σκληρὰν
1286 5752 1534 5823 δὲνλοῦτω
1560 5753 1676 5823 καὶ
1714 5753 1947 5821 ἄμικτον

375 5819 518 5891 ζωὴν
553 5819 913 5891 ὲττιτηδεῦειν,
941 5820 1017 5883 ὼς
1040 5819 1285 5888 ἑρπετῶν
1311 5819 1421 5874 τῶν
1459 5823 1516 5874 ἐν
1544 5821 1694 5891 ὄρεσι
1727 5819 1819 5875 καὶ
1842 5824 1947 5890 χεί⁶

372 5893 527 5960 ὀλίγα
546 5893 858 5960 διενεγκεῖν,
878 5902 937 5946 ut
954 5905 1267 5961 premamus
1287 5902 1528 5947 nostram
1548 5891 1941 5961 conjecturam,

2044 5407 2351 5477 χειραμοῖς.
2384 5405 2512 5461 Pari
2540 5421 2657 5477 cum
2687 5404 2908 5477 piscibus
2932 5418 3091 5477 more,
3120 5403 3433 5477 inﬁrmiores
3454 5402 3615 5477 absu-

2046 5472 2282 5538 merefct
2310 5493 2395 5529 ore
2430 5475 2613 5546 patulo
2641 5492 2704 5528 ac
2730 5474 3022 5527 insatiabili
3050 5490 3104 5526 se
3138 5483 3315 5546 mutuo
3348 5472 3484 5546 velut
3521 5474 3614 5526 de—

2045 5546 2267 5615 glutire;
2314 5541 2445 5599 adeo
2483 5561 2602 5598 vero
2649 5546 2841 5598 duram
2870 5554 2940 5615 et
2976 5561 3008 5595 a
3041 5542 3345 5615 commercio
3383 5541 3612 5615 alienam

2043 5613 2205 5668 ritam
2236 5617 2498 5685 persequi,
2549 5625 2605 5668 ut
2645 5632 2677 5668 a
2719 5614 2992 5685 reptilibua
3024 5628 3150 5685 (μιιεΔ
3171 5613 3227 5663 in
3268 5613 3529 5665 montibus
3563 5618 3612 5664 et

2044 5681 2279 5738 cavernis
2306 5681 2582 5739 versantur
2607 5681 2867 5754 parva’sit
2893 5681 3207 5754 (Ii/ferentia.

2117 5755 2192 5823 (5)
2234 5756 2379 5809 Inter
2398 5749 2656 5824 epistolas
2679 5749 2971 5808 Photianas
3002 5751 3236 5824 refertur
3267 5749 3320 5804 in
3351 5765 3454 5806 ms.
3486 5763 3610 5805 cum

2043 5820 2181 5879 alias
2207 5820 2576 5881 characterem
2607 5824 2852 5895 epistolae
2884 5836 2993 5877 non
3026 5820 3241 5875 habeat.
