4024 6502
391 467 500 532 989
1540 474 2077 536 EPISTOLARUM
2114 479 2348 538 LIBER
2390 481 2504 540 III.

2066 478 2077 536 [
2114 479 2348 538 LIBER
2390 481 2504 540 III.
3549 490 3658 553 990

389 581 549 651 ῥώμη
592 580 843 651 σώματος
872 623 887 646 ,
950 582 1044 637 καὶ
1088 585 1287 655 κράτος
1354 585 1527 653 λόγων
1593 587 1919 657 τιμιώτερον
1948 629 1961 650 ,
1992 589 2045 648 Α
2070 592 2453 645 revocandam.
2487 591 2709 660 Reliqua
2731 609 2791 646 ve

2070 592 2453 645 revocandam.
2487 591 2709 660 Reliqua
2731 607 2860 646 vero
2888 596 3070 649 omnia
3094 636 3108 661 ,
3146 598 3315 667 gloria
3341 609 3397 655 et
3426 600 3653 670 divitiae,

389 672 580 735 παῖδές
650 675 789 727 εἰσιν
837 675 897 727 ὲν
953 674 1053 746 βίῳ
1110 676 1435 739 παίζοντες·
1490 677 1691 746 μᾶλλον
1734 679 1792 730 δὲ
1847 679 1968 731 οὐδὲ
2068 683 2314 750 polentia
2348 693 2405 737 et
2435 684 2595 737 robur
2625 701 2789 753 corpo

2068 683 2314 750 polentia
2348 693 2405 737 et
2435 684 2595 737 robur
2625 686 2889 753 corporis,
2918 688 3173 756 quodque
3212 692 3505 758 pretiosius
3547 706 3651 758 est,

385 763 597 828 παῖδες,
635 765 812 836 σκηνὴ
839 766 896 820 δὲ
937 766 1148 821 παίδων
1180 767 1589 840 ὑποκριναμένη
1638 769 1846 840 δρᾶμα,
1872 768 1968 821 xui.
2066 770 2283 826 dicendi
2316 773 2568 839 facultas,
2614 777 2763 845 pueri

2066 770 2283 826 dicendi
2316 773 2568 839 facultas,
2614 777 2763 845 pueri
2811 790 2940 832 sunt
2975 779 3031 831 in
3065 779 3173 832 vita
3212 780 3482 843 ludentes.
3541 784 3652 837 imo

384 855 440 908 εἰ
455 872 509 907 τι
529 855 732 910 τούτων
758 858 1189 931 ἀπατηλόςερον.
2066 864 2251 934 potius
2293 881 2365 921 ne
2404 867 2559 936 pueri
2590 869 2791 937 quiden

2066 864 2251 934 potius
2293 881 2365 921 ne
2404 867 2559 936 pueri
2590 869 2841 937 quidem,
2885 869 2978 923 sed
3026 885 3190 950 scena
3238 871 3473 925 fabulam
3513 890 3649 942 pue-

2066 968 2255 1011 rorum
2289 969 2710 1029 repraesentans,
2751 960 2838 1015 vel
2882 960 3092 1030 siquid
3130 962 3217 1017 his
3261 972 3347 1018 est
3383 964 3649 1020 fallacius.

1231 1258 1463 1333 ANG.
1546 1259 1726 1338 MAI
1807 1261 2791 1341 ANIMADVERSIONES

962 1426 1052 1483 DE
1090 1428 1484 1486 ERRORIBUS
1521 1431 1945 1491 MONTACUTII
1986 1436 2053 1491 lN
2094 1438 2394 1493 EDENDIS
2434 1438 2663 1494 l‘llOTll
2704 1438 3088 1498 EPISTOLIS.

1498 1604 1782 1677 (Spicileg.
1825 1606 1975 1663 Rom.
2019 1620 2059 1664 t.
2100 1610 2181 1675 Χ,
2226 1628 2283 1681 p.
2324 1612 2518 1681 xxut.)

458 1734 559 1791 Hic
585 1750 707 1805 ego,
740 1749 841 1805 pro
869 1750 991 1790 meo
1021 1737 1267 1793 veritatis
1292 1742 1495 1819 studio,
1527 1744 1706 1801 facere
1735 1763 1844 1801 non
1877 1764 2124 1818 possum,
2155 1750 2288 1819 quin
2322 1750 2445 1804 data
2475 1749 2786 1814 occasione,
2818 1753 3116 1809 nonnullos
3141 1755 3299 1824 Angli
3328 1756 3647 1814 Montacutii

383 1838 621 1887 errores,
658 1823 713 1876 in
746 1823 1099 1892 epistolarum
1133 1826 1311 1881 Photii
1337 1829 1404 1883 ab
1441 1846 1507 1884 eo
1536 1833 1805 1887 editarum
1840 1836 2153 1905 epigraphis
2199 1852 2513 1904 coarguant.
2548 1838 2600 1890 l.
2650 1838 2728 1890 Ac
2772 1839 3004 1907 primum
3054 1857 3163 1895 non
3211 1823 3469 1913 jurgahor
3522 1862 3648 1900 cum

385 1908 616 1973 editore,
646 1910 790 1978 quod
822 1912 876 1965 in
930 1912 1226 1968 voluminis
1256 1914 1438 1971 fronte
1481 1917 1672 1974 Latine
1702 1924 2024 1975 sanctissimi
2068 1924 2283 1977 titulum
2338 1924 2660 1992 patriarcha:
2709 1924 2904 1980 Photio
2950 1908 3242 1991 addiderit,
3285 1908 3365 1984 e'st
3403 1932 3549 1985 enim
3593 1932 3647 1986 id

384 1996 543 2050 cilicii
570 1999 750 2067 potius
780 2015 844 2053 ac
877 2001 1180 2071 dignitatis,
1211 2020 1374 2074 quam
1406 2006 1623 2061 virtutis
1663 2009 1985 2077 epithet-1m,
2034 2020 2091 2064 et
2149 2011 2370 2079 quidem
2410 2011 2551 2079 apud
2596 2010 2814 2065 Graecos
2858 2014 3413 2084 pervulgatissimum.
3451 2017 3650 2083 Quaero

388 2093 566 2138 tamen
596 2102 695 2140 cur
720 2088 771 2141 in
814 2090 1001 2144 eadem
1054 2091 1176 2146 libri
1216 2092 1396 2149 fronte
1449 2111 1556 2149 non
1592 2097 1802 2166 legatur
1822 2097 2010 2152 Graece
2063 2097 2409 2163 ἁγιωτάτουῗ
2442 2096 2799 2151 Oblivionene
2851 2099 3055 2168 aliqua,
3122 2116 3191 2153 an
3247 2103 3454 2171 codicis
3503 2104 3650 2159 haud

382 2173 833 2261 reprehendendo
876 2177 1094 2232 defectu
1133 2179 1334 2233 factum
1362 2182 1485 2235 est?
1535 2183 1589 2236 2.
1635 2184 1694 2237 1η
1728 2186 1934 2254 quinta:
1958 2182 2236 2238 Photianar
2261 2184 2699 2255 epistolm[nunc
2749 2187 2803 2239 l-
2844 2188 2988 2241 tertii
3038 2189 3183 2260 libri]
3234 2190 3551 2261 epigraphe,
3594 2203 3651 2248 et

380 2274 524 2328 saepe
550 2260 601 2313 in
630 2261 772 2325 aliis,
803 2263 989 2318 Grarce
1019 2266 1347 2337 ἀσπαθαρίῳ
1386 2270 1537 2337 ponit
1561 2269 1944 2337 Montacutius,
1978 2273 2170 2327 Latine
2212 2285 2393 2327 autem
2434 2276 2777 2343 aspathario;
2804 2287 2965 2344 atque
3010 2278 3065 2331 in
3100 2260 3347 2346 ejusdem
3397 2260 3643 2349 epistola:

379 2347 821 2417 scholiojudicat
854 2353 1106 2407 eumdem
1151 2369 1272 2408 esse
1324 2358 1690 2425 aspatlmrium
1741 2369 1902 2429 atque
1949 2364 2308 2431 spatharinm.
2362 2363 2850 2417 \‘crnnzenimvero
2891 2365 3014 2433 quis
3064 2382 3301 2435 unquam
3348 2368 3454 2421 nisi
3502 2371 3646 2437 apud

383 2432 776 2489 Montacutium
809 2440 1109 2506 aspatharii
1137 2443 1461 2496 vocabulum
1507 2446 1713 2500 audiit?
1736 2446 1813 2500 En
1846 2458 2026 2503 autem
2074 2450 2277 2504 erroris
2326 2465 2569 2504 causam.
2595 2451 2656 2504 ln
2692 2450 2956 2507 Vaticano
2998 2451 3205 2507 Nicolai
3254 2455 3425 2508 nostri
3457 2456 3645 2510 codice

386 2534 473 2588 ep.
506 2520 595 2586 C9,
620 2522 875 2577 scribitur
897 2525 949 2577 in
982 2526 1276 2596 epigraphe
1304 2537 1351 2581 α’
1380 2532 1685 2602 σπαΘαρίῳ,
1716 2534 1922 2588 lineola
1950 2536 2297 2604 superposita
2326 2535 2519 2590 litterae
2579 2536 2649 2600 a',
2682 2538 2751 2591 oh
2772 2538 3209 2607 significandam,
3241 2550 3301 2594 ut
3332 2541 3447 2595 ﬁeri
3487 2543 3645 2607 solet,

386 2615 573 2662 notam
604 2612 939 2665 numeralem
968 2614 1217 2682 primam.
1248 2616 1344 2671 Est
1374 2618 1532 2688 igitur
1555 2620 1721 2675 David
1744 2622 2096 2676 Camulianus
2117 2624 2592 2691 protospntlmrius,
2620 2633 2673 2677 ut
2704 2641 2802 2678 nos
2840 2626 3026 2679 Greece
3048 2642 3263 2695 quoque
3292 2628 3643 2697 scripsimus:

377 2694 445 2749 de
479 2712 583 2765 qua
618 2713 676 2751 re
710 2714 779 2752 ne
808 2701 1143 2766 dubitemus,
1176 2704 1355 2758 eidem
1392 2706 1576 2760 Davidi
1604 2707 1657 2760 in
1693 2709 2079 2778 subsequentis
2097 2710 2339 2778 epistola:
2362 2712 2658 2781 epigraphe
2682 2729 2789 2765 non
2818 2729 2913 2782 per
2938 2694 3275 2767 numeralem
3305 2694 3541 2767 litteram
3571 2720 3643 2779 a',

376 2782 471 2835 sed
513 2783 796 2852 explicatis
836 2785 1035 2841 litteris
1085 2790 1341 2843 tribuitur
1390 2790 1445 2844 in
1485 2793 1677 2847 codice
1718 2794 1907 2847 titulus
1956 2797 2456 2867 πρωτοσπσιθαρίῳ,
2505 2798 2716 2852 Rursus
2770 2799 2782 2851 i

2066 2797 2456 2867 ηοσπσιθαρίῳ,
2505 2798 2716 2852 Rursus
2770 2799 2822 2852 in
2872 2798 3075 2853 Nicolai
3126 2814 3250 2869 epp.
3304 2800 3373 2853 84
3422 2810 3478 2854 et
3522 2800 3643 2859 I03.

374 2885 528 2939 asque
572 2871 835 2925 scribitur
888 2873 942 2926 in
982 2876 1167 2930 codice
1206 2875 1328 2930 Vat.
1371 2884 1418 2930 α’
1449 2878 1757 2948 σπαθαρῐῳ,
1810 2881 2009 2934 lineola
2051 2898 2217 2953 super
2252 2884 2300 2936 α’
2331 2886 2526 2953 posita.
2576 2886 2717 2938 Nihil
2764 2904 2791 2940 e

2066 2899 2217 2953 super
2252 2884 2300 2936 α’
2331 2886 2526 2953 posita.
2576 2886 2717 2938 Nihil
2764 2904 2891 2957 ergo
2950 2888 3256 2941 evidentius
3296 2887 3400 2942 dici
3468 2892 3648 2957 potest

374 2968 563 3011 eontra
595 2957 843 3013 vitiosam
876 2960 1192 3017 Montacutii
1245 2964 1555 3027 lectionem,
1589 2967 1641 3019 in
1676 2967 1832 3035 cujus
1870 2968 2057 3021 codice
2096 2986 2219 3023 cum
2252 2972 2455 3038 pariter
2491 2973 2824 3026 scriberetur
2871 2980 2917 3025 α’
2953 2974 3262 3043 σπαοαρίῳ,
3296 2976 3409 3042 ipse
3428 2974 3643 3027 incaute

374 3060 544 3098 unum
576 3047 901 3102 vocabulum
937 3048 1065 3103 fecit
1111 3051 1438 3122 ἁσπαθαρίῳ
1470 3070 1483 3106 :
1517 3070 1827 3122 quanquam
1887 3055 1955 3109 ab
1996 3056 2117 3109 aliis
2160 3057 2407 3126 ejusdem
2448 3058 2655 3113 codicis
2687 3059 2820 3114 locis
2849 3077 2902 3113 v.
2942 3076 3022 3129 gr.
3075 3076 3164 3128 ep.
3220 3060 3341 3122 ill),
3385 3075 3648 3129 coargue-

374 3130 554 3206 batur,
588 3133 677 3186 ubi
722 3135 989 3202 explicate
1031 3137 1291 3206 scriptum
1343 3148 1459 3192 erat
1508 3142 2007 3213 πρωτοσπαθαρέῳ.
2057 3141 2228 3197 Nemo
2300 3144 2482 3213 igitur,
2527 3161 2597 3198 ne
2649 3146 2701 3198 in
2749 3146 3126 3199 mixobarhara
3172 3147 3395 3214 quidem
3440 3146 3638 3209 Iexica,

373 3216 719 3288 ἀσπαθάριος
744 3222 828 3275 vel
852 3224 1192 3292 aspatharius
1218 3226 1478 3279 vocabula
1510 3226 1728 3281 inferat.
1758 3229 1811 3284 5.
1830 3228 1971 3283 Sane
1998 3230 2140 3300 apud
2158 3230 2408 3284 eumdem
2433 3231 2791 3285 Montacutiur

2070 3230 2140 3284 ud
2158 3230 2408 3284 eumdem
2433 3231 2825 3285 Montacutium
2847 3232 3009 3285 lectio
3033 3246 3251 3300 quoque
3278 3232 3645 3302 Φιλοπονήσου

372 3313 429 3359 et
460 3304 851 3374 Pliiloponnesi,
888 3320 992 3364 tam
1021 3310 1209 3367 Graece
1234 3329 1393 3382 quam
1422 3314 1608 3368 Latine
1630 3316 1830 3370 soleca
1872 3326 1975 3384 est,
2001 3334 2100 3387 pro
2117 3317 2520 3386 Πελοποννήσου
2561 3330 2615 3371 et
2647 3317 2992 3387 Peloponnesi
3020 3334 3039 3371 :
3073 3334 3233 3386 quam
3276 3334 3376 3387 ego
3422 3319 3641 3387 quidem

379 3395 671 3463 typothetaa
721 3398 935 3467 culpam
985 3401 1300 3455 existimare
1349 3404 1689 3464 maluissem,
1738 3405 1843 3457 nisi
1884 3405 1938 3458 in
1989 3406 2199 3459 scholio
2258 3421 2476 3473 quoque
2521 3406 2746 3459 editoris
2810 3406 2888 3458 sic
2944 3406 3216 3474 legeretur
3252 3406 3639 3474 (Peloponnesi

372 3495 575 3548 praeses
601 3492 692 3537 aut
720 3485 849 3546 dux,
880 3489 1204 3556 στρατηγός,
1224 3490 1533 3543 occurritin
1564 3490 1767 3543 Nicolai
1802 3493 1970 3545 nostri
1997 3493 2300 3563 epistolis).
2335 3493 2390 3547 4.
2422 3492 2665 3561 Denique
2695 3492 2749 3545 in
2773 3492 2963 3546 eadem
2995 3493 3350 3547 adnotatione
3374 3494 3637 3549 mendose

370 3570 630 3624 scribitur
658 3571 940 3626 Germania
980 3592 1076 3644 pro
1108 3576 1441 3631 Germanicia
1477 3577 1709 3632 Nestorii
1755 3579 1925 3648 patria
1950 3580 2050 3649 (a).
2090 3580 2141 3633 5.
2181 3578 2390 3632 Nollem
2426 3579 2553 3632 item
2591 3596 2620 3632 a
2655 3579 2983 3633 Montacutio
3015 3580 3337 3633 vocabulum
3368 3579 3557 3633 Λέοντι
3586 3580 3639 3634 ἱη

368 3656 684 3726 epigraphis
722 3675 864 3729 saepe
898 3671 951 3716 et
980 3662 1032 3716 in
1059 3664 1281 3720 scholiis
1302 3665 1484 3719 Leonti
1528 3665 1719 3720 Latine
1754 3666 1995 3729 dici,sed
2015 3668 2198 3736 potius
2228 3668 2410 3721 Leoni.
2447 3666 2500 3720 6.
2534 3667 2622 3729 (Et
2649 3670 2905 3736 quoniam
2933 3668 3000 3721 de
3030 3667 3252 3721 scholiis
3277 3667 3409 3729 dixi,
3436 3667 3636 3721 nollem

369 3744 501 3799 item
530 3762 583 3815 p.
618 3747 706 3811 46,
736 3750 898 3803 scribi
924 3752 992 3805 ab
1024 3767 1091 3805 eo
1124 3754 1474 3822 septimarum
1520 3755 1843 3823 synodorum
1877 3770 1978 3824 pro
2012 3765 2208 3824 septem
2233 3754 2599 3823 synodornm).
2631 3754 2681 3806 7.
2715 3756 2769 3806 In
2802 3753 3095 3822 cpigraphe
3118 3752 3361 3822 epistola:
3382 3754 3447 3805 12
3469 3752 3643 3823 [nunc

370 3833 459 3887 69·
500 3834 626 3888 libri
662 3838 934 3909 secundi].
964 3840 1153 3894 scribit
1183 3840 1545 3896 Montacutins
1590 3842 1874 3911 μονάζοντι
1908 3843 1970 3896 E.
2031 3841 2274 3903 πεσόντι,
2326 3840 2518 3895 Latine
2562 3850 2744 3894 autem
2778 3859 2791 3893 ι

2066 3841 2274 3903 ςεσόντι,
2326 3840 2518 3895 Latine
2562 3850 2744 3894 autem
2778 3842 3031 3893 monacho
3072 3839 3138 3894 E.
3180 3839 3432 3907 collapsa.
3474 3841 3640 3909 Atqui

372 3937 474 3993 ego
500 3923 685 3991 judico
730 3926 1077 3981 scribendum
1105 3943 1227 3981 esse
1251 3928 1537 3997 μονάζοντι
1569 3929 1894 3991 ἐκπεσόντι,
1930 3930 2185 3982 mantelia
2214 3928 2382 3996 lapso.
2424 3927 2627 3996 Nempe
2660 3928 2791 3997 apud

2066 3930 2185 3981 rclio
2214 3928 2382 3996 lapso.
2424 3927 2627 3996 Nempe
2660 3928 2799 3997 apud
2838 3927 3090 3981 eumdem
3121 3925 3373 3979 Photium
3412 3942 3465 3995 p.
3508 3928 3631 3987 “9.

372 4025 459 4078 ep.
489 4011 555 4065 68
595 4010 765 4083 [nunc
796 4014 883 4068 78·
929 4016 1155 4069 secundi
1205 4014 1373 4085 libri].
1423 4016 1620 4086 legitur
1662 4014 2058 4086 παραπεσόντι.
2093 4016 2146 4070 8.
2196 4016 2453 4085 Epistula:
2479 4016 2547 4067 89..
2578 4014 2750 4085 [nunc
2784 4014 2927 4067 tertii
2984 4014 3105 4067 libri
3140 4012 3274 4083 29"],
3302 4013 3636 4083 epigraphen

378 4096 642 4168 Ιίσισιλείῳ
674 4100 942 4171 πράκτορι
975 4102 1165 4156 Latine
1191 4103 1354 4157 scribi
1378 4104 1536 4157 video
1560 4102 1761 4156 Basilio
1780 4105 2034 4172 praetori,
2063 4119 2161 4172 pro
2188 4105 2419 4156 exactori
2444 4103 2525 4155 vel
2555 4104 2823 4171 ᾳιιαπδιονί.
2851 4103 2958 4156 Cur
2983 4101 3313 4170 id,inquam,
3335 4104 3637 4169 pnesertim

374 4198 499 4236 cum
534 4185 895 4254 signiﬁcatum
926 4189 1241 4259 πράκτορος
1276 4189 1641 4243 Montacutius
1682 4192 1735 4243 in
1772 4191 1981 4245 scholio
2017 4191 2313 4259 agnoscat?
2344 4189 2487 4243 Sane
2535 4189 2676 4243 idem
2721 4190 2885 4243 homo
2930 4190 2981 4242 in
3027 4204 3150 4258 epp.
3182 4189 3248 4242 47
3283 4187 3454 4259 [nunc
3492 4189 3635 4241 tertii

371 4269 494 4324 libri
524 4272 653 4344 l‘i‘],
686 4285 740 4328 et
770 4275 870 4329 154
899 4274 1071 4343 [nunc
1132 4277 1272 4331 tertii
1305 4276 1425 4330 libri
1448 4276 1585 4348 18'],
1608 4278 1808 4331 dicitur
1843 4278 2138 4347 κοιάστωρ,
2179 4277 2323 4346 quod
2347 4276 2547 4330 Graecis
2580 4276 2775 4329 litteris
2817 4287 2899 4330 est
2942 4276 3192 4329 Latinum
3229 4286 3477 4345 quwstor.
3500 4276 3555 4330 9.
3581 4274 3639 4327 In

368 4358 685 4428 epigraphis
716 4375 833 4415 voc.
869 4361 1141 4431 ξενόδοχος
1170 4363 1331 4416 modo
1354 4365 1534 4432 hospes
1571 4364 1817 4417 redditur
1844 4366 2005 4418 modo
2051 4364 2457 4433 hospitalarius.
2494 4362 2674 4415 Malim
2718 4364 2821 4416 hoc
2863 4363 3115 4427 alterum,
3146 4363 3242 4417 sed
3282 4370 3433 4416 certe
3468 4362 3639 4415 inter-

371 4445 539 4511 prelis
579 4448 943 4501 constantiam
978 4449 1219 4518 requiro.
1256 4452 1339 4503 l0.
1371 4450 1504 4504 Item
1532 4451 1587 4504 in
1619 4450 1776 4504 titulo
1810 4451 2052 4519 epistolae
2092 4450 2162 4503 60
2199 4450 2370 4522 [nunc
2418 4450 2563 4503 tertii
2601 4450 2723 4502 libri
2762 4449 2897 4519 22"].
2958 4451 3175 4503 mallem
3226 4450 3295 4503 ab
3339 4449 3638 4517 interprete

369 4530 575 4585 dictum
610 4534 870 4599 Helladis,
906 4551 1067 4604 quam
1102 4537 1266 4590 nimis
1296 4538 1595 4607 generatim
1623 4537 1859 4591 (ἔνιοι-ἔτι».
1907 4537 2140 4607 Legatur
2166 4537 2559 4591 Constantinus
2603 4536 2656 4588 in
2703 4537 3052 4589 thematibus.
3104 4535 3189 4587 ll.
3218 4535 3354 4588 Nolo
3387 4549 3487 4605 ego
3514 4540 3638 4603 post

371 4618 641 4675 ducentos
685 4638 860 4677 annos
903 4625 1143 4677 scribere
1170 4624 1344 4678 dicam
1383 4622 1716 4678 Montacutio
1748 4642 1761 4677 :
1799 4624 2135 4692 cmteroquin
2169 4639 2279 4677 non
2314 4623 2483 4693 probo
2522 4623 2665 4691 quod
2702 4623 2753 4674 in
2794 4622 2908 4675 suis
2940 4623 3007 4675 ad
3042 4621 3295 4675 Photium
3323 4620 3636 4673 adnotatio-

373 4708 534 4763 nibus
592 4726 645 4779 p.
696 4710 765 4763 46
816 4711 1108 4766 Diodorum
1158 4712 1482 4767 Tarsensem
1536 4728 1599 4766 ac
1630 4711 1981 4766 Theodorum
2025 4712 2473 4781 Mopsuestenum
2505 4712 2627 4766 labe
2663 4712 2931 4765 ha'rescos
2975 4710 3205 4765 infectos
3247 4726 3354 4763 non
3405 4708 3631 4777 judicet,

372 4806 561 4849 contra
589 4814 726 4866 quos
766 4800 967 4868 passim
1005 4799 1381 4869 prisci‘l‘atrcs
1438 4800 1764 4864 clamaruut,
1809 4800 2239 4868 nominatimque
2286 4811 2508 4853 sanctus
2551 4798 2780 4869 Cyrillus
2806 4799 2957 4851 Alex.
3010 4798 3223 4866 integro
3267 4811 3431 4863 opere
3487 4811 3636 4850 nunc

371 4883 675 4951 dcperdito,
707 4886 863 4954 cujus
899 4887 1200 4956 fragmenta
1230 4883 1334 4940 nos
1363 4887 1570 4955 aliquot
1594 4887 1859 4945 dedimus.
1896 4892 2071 4955 atque"
2096 4887 2201 4940 alia
2232 4886 2485 4955 posthinc
2509 4886 2686 4939 daturi
2718 4900 2924 4938 smnus.
2969 4884 3242 4948 Concedo,
3271 4882 3387 4936 illos
3417 4882 3633 4937 nonnisi

369 4981 494 5041 post
518 4971 726 5026 obitum
751 4974 1037 5027 damnatos
1060 4973 1254 5037 fuisse;
1286 4988 1475 5026 verum
1511 4974 1563 5026 id
1600 4973 1825 5026 minime
1853 4973 2099 5043 impedit,
2133 4974 2428 5043 quominus
2460 4975 2700 5043 ipsorum
2731 4973 2933 5041 scripta
2955 4971 3222 5026 doctrinis
3249 4970 3536 5031 haereticis,
3572 4980 3634 5023 ut

370 5062 505 5115 satis
541 5070 777 5127 constat,
810 5061 1260 5115 redundaverint.
1297 5060 1383 5114 l2.
1432 5061 1619 5130 Neque
1654 5061 1779 5114 licet
1818 5060 2154 5116 Montacutio
2198 5060 2576 5114 lconomachis
2617 5078 2671 5130 p.
2701 5062 2792 5125 97,
2833 5069 2888 5114 et
2930 5077 2981 5129 p.
3036 5059 3158 5122 118,
3188 5067 3377 5127 aperte
3429 5058 3634 5122 favere,

369 5164 507 5218 quos
528 5165 637 5203 non
675 5150 898 5204 Photius
933 5150 1082 5203 solus
1112 5150 1324 5213 oderat,
1371 5150 1467 5203 sed
1511 5150 1865 5204 (ecumenicaa
1916 5148 2106 5218 synodi
2157 5148 2390 5202 decretis
2431 5149 2766 5202 solemnibus
2822 5146 3280 5199 condemnarunt.
3315 5145 3399 5197 l3.
3445 5141 3634 5211 Neque

368 5252 561 5291 rursus
586 5247 670 5291 est
700 5238 982 5292 ferendum
1009 5239 1153 5306 quod
1185 5236 1552 5291 Montacutius
1580 5253 1633 5306 p.
1666 5237 1788 5297 l59.
1824 5237 2199 5291 latrocinalem
2250 5236 2487 5306 appellet
2522 5244 2770 5290 octavam
2820 5235 3089 5305 synodum
3124 5232 3541 5296 (ecumenicam,
3575 5231 3631 5284 in

365 5340 475 5394 qua
504 5325 753 5393 deposito
786 5324 983 5379 Photio
1012 5324 1248 5396 lgnatius
1278 5326 1559 5379 restitutus
1581 5333 1687 5379 est.
1716 5324 1803 5377 Η.
1837 5324 2023 5393 Neque
2056 5325 2358 5394 prudenter
2386 5334 2466 5379 tot
2493 5325 2748 5378 laudibus
2790 5322 3048 5377 Photium
3096 5321 3359 5385 cuntulat,
3413 5335 3443 5373 a
3477 5318 3637 5386 cujus

364 5414 665 5467 ambitione
711 5430 774 5468 ac
804 5414 1057 5469 violentia
1093 5430 1368 5485 magnum,
1400 5414 1544 5483 quod
1580 5413 1757 5466 adhuc
1799 5422 2102 5481 permanet,
2131 5412 2366 5465 schisma
2389 5412 2623 5479 sumpsit
2656 5411 2890 5465 initium.
2945 5410 3030 5465 15.
3080 5409 3279 5465 Contra
3332 5422 3461 5461 vero
3502 5406 3635 5460 dum
3679 5453 3682 5457 .

366 5500 617 5569 plurimis
660 5500 963 5557 maledictis
1004 5501 1297 5555 Baronium
1337 5510 1549 5567 onerat,
1588 5500 1824 5552 alienum
1875 5515 1933 5553 se
1983 5515 2091 5553 non
2131 5499 2387 5567 :equitate
2426 5499 2621 5561 solum,
2671 5499 2765 5552 scd
2811 5499 2975 5553 etiam
3022 5498 3171 5551 omni
3215 5494 3635 5549 mansuetudine

365 5586 679 5641 Christiana
706 5588 1063 5644 demonstrat.
1099 5587 1183 5642 l6.
1218 5588 1623 5641 lnconsiderate
1647 5587 1834 5648 etiam,
1856 5587 1939 5639 vel
1967 5587 2150 5656 potius
2172 5588 2328 5653 irate,
2360 5587 2630 5641 Anastasii
2654 5587 3054 5641 Bibliothecarii
3082 5581 3429 5654 biographias
3453 5580 3635 5635 verbis

367 5675 777 5729 contumeliosis
836 5691 1166 5746 summoque
1224 5684 1542 5745 contemptu
1602 5674 1950 5744 persequitur
1986 5690 2042 5744 p.
2096 5676 2224 5739 2M,
2288 5690 2318 5728 a
2359 5691 2469 5743 quo
2518 5684 2696 5730 tamen
2748 5685 3015 5737 auctore,
3074 5671 3375 5727 fatentibus
3429 5668 3631 5739 passim

365 5762 617 5829 eruditis,
645 5764 1025 5833 pretiosiorem
1059 5779 1124 5819 ac
1153 5763 1445 5819 certiorem
1476 5763 1718 5817 historiae
1745 5762 2075 5831 pentiﬁcalis
2106 5772 2319 5833 partem
2356 5764 2646 5819 habemus.

441 5900 518 5960 la)
558 5900 867 5958 Montacutii
900 5911 1057 5959 notas
1084 5911 1143 5957 ut
1170 5916 1385 5959 veneno
1414 5901 1610 5958 tinctas
1651 5898 1936 5956 inutilcsvc
1968 5900 2279 5973 rcjccimus.
2315 5900 2467 5954 Ευιτ.
2496 5898 2663 5956 ΡΑτιι.
