4024 6450
765 407 778 413 ’
1499 491 2486 624 ADDENDA.

974 769 1248 831 PHOTII
1278 769 1668 832 EPISTOLA
1699 771 1808 831 AD
1849 767 2298 834 ECCLESIAM
2331 765 2916 828 ANTIOCHENAM
2953 766 3059 846 (1).

377 902 448 956 Ἦ
475 894 932 968 ἐνθρογιαστικὴ
962 895 1261 968 ἐπιστολὴ
1290 895 1400 949 τοῦ
1416 896 1643 950 Φωτίου
1671 894 1824 964 πρὸς
1839 897 1948 951 τὸν

2066 893 2295 965 Epistola
2349 892 2681 963 Mauguralis
2740 889 2919 968 Ρίιοιίί
2979 889 3051 945 ad
3104 887 3403 945 Ecclesium
3426 889 3642 946 ’Διαίο-

834 970 1055 1034 θρόνον
1089 966 1473 1035 Ἀντιοχείας,

431 1055 558 1116 Τοῖς
580 1049 1036 1120 θεοφιλεστάτοις,
1063 1049 1360 1113 θειοτάτοις
1386 1049 1842 1122 συλλειτουργοίς,
1867 1049 1947 1120 τῷ

361 1135 765 1204 θεοσεϐεστάτῳ
789 1133 1058 1203 οἰκονόμῳ
1103 1134 1201 1187 καὶ
1224 1133 1507 1204 συγκέλλῳ
1535 1137 1633 1205 τῆς
1657 1132 1950 1187 Θεουπολι-

359 1219 468 1272 τῶν
503 1216 854 1286 Ἐκκλησίας,
888 1215 1090 1279 Φώτιος
1117 1217 1413 1280 ἐπίσκοπος
1431 1216 1949 1272 Κωνσταντινουπό-

361 1306 501 1367 λεως
537 1304 663 1365 νέας
702 1301 945 1371 Ῥώμης.

432 1386 724 1454 Μεγίστων
776 1387 876 1454 μὲν
907 1383 1115 1436 ἀνωθεν
1153 1383 1513 1453 τετυχηκότες
1548 1383 1792 1451 ἀγαθῶν,
1818 1375 1894 1441 ὧν
1924 1385 1952 1437 ό

360 1470 519 1538 λόγος
539 1468 638 1539 τὴν
658 1467 764 1520 τῶν
785 1467 1002 1520 ἐννοιῶν
1023 1466 1425 1537 διαδιδράσκειν
1452 1467 1759 1537 κατάληψιν
1785 1469 1953 1536 πέφυ-

362 1570 481 1616 κεν,
529 1552 678 1622 ὅμως
738 1552 796 1602 ἐν
855 1549 1178 1620 εὐχαριστίᾳ
1230 1547 1495 1602 διατελεῖν
1551 1551 1952 1621 ἀποτολμῶμεν

363 1635 623 1697 ἅπαντες,
650 1629 733 1696 οἷς
763 1635 812 1686 οἱ
835 1633 933 1701 τῆς,
955 1630 1237 1693 εὐσεϐείας
1267 1631 1563 1702 σπινθῆρες
1587 1633 1688 1685 οὐκ
1714 1634 1952 1688 ἀπεσϐέ·

365 1719 594 1789 σθησαν.
617 1718 754 1771 osse
776 1717 907 1787 γὰρ,
940 1714 1049 1768 οὐδ’
1089 1714 1429 1785 ἀνθρώπινος
1467 1717 1840 1787 καταλήψεται
1863 1719 1956 1772 λοο

362 1804 585 1871 γισμδς,
622 1802 656 1870 ἢ
681 1801 838 1868 λόγος
865 1798 1154 1870 ἐξαρκέσει
1199 1800 1536 1869 διασημᾶναι
1581 1801 1673 1854 τὸν
1721 1803 1955 1871 ὑπεραν-

362 1884 671 1955 ῳκισμένον
690 1883 920 1936 πλοῦτον
949 1882 1051 1952 τῆς
1071 1880 1164 1934 τοῦ
1196 1882 1540 1952 Δημιουργοῦ
1563 1885 1951 1954 χρηστότητος,

363 1966 788 2035 ἀνεξερεύνητον
819 1965 919 2034 μὲν
943 1963 1071 2017 ὄντα
1097 1966 1368 2034 νοήσεσιν,
1384 1967 1677 2036 ἀδιήγητον
1698 1968 1754 2020 δὲ
1773 1966 1952 2036 γλώσ-

365 2067 484 2112 σαις
519 2049 886 2118 τηρούμενον·
919 2047 1064 2101 οὕτω
1096 2048 1160 2118 δὴ
1188 2047 1401 2101 πολλῶν
1432 2050 1956 2122 ὐπερανεστηκότων

363 2134 734 2203 εὐεργεσιῶν,
795 2134 890 2185 καὶ
943 2131 1021 2200 τῷ
1070 2132 1296 2203 ἀλήπτῳ
1349 2133 1805 2204 Θαυμαζομένων,
1861 2136 1958 2189 καὶΙ

2749 961 2985 1015 chenam.

2119 1049 2216 1104 Dei
2286 1045 2723 1108 amantissimis,
2775 1044 3142 1101 sanctissimis
3219 1046 3483 1117 collegis,
3543 1045 3637 1100 Dei

2049 1133 2247 1190 cultori
2291 1147 2578 1188 oeconomo
2609 1144 2663 1186 et
2706 1130 3051 1200 procuratori
3085 1129 3356 1191 Ecclesia:
3400 1129 3641 1185 civitatis

2054 1207 2430 1285 Dei,Photius
2462 1214 2967 1286 Constantinopolis
2997 1228 3152 1270 novae
3202 1214 3390 1268 Romae
3417 1214 3637 1283 episco-

2054 1318 2180 1373 pus.

2125 1383 2579 1454 Quandoquidem
2641 1383 2879 1438 maxima
2955 1381 3176 1438 caelitus
3242 1382 3385 1437 bona
3458 1380 3638 1436 sortiti

2055 1483 2270 1534 sumus,
2302 1482 2538 1538 quorum
2572 1482 2860 1521 numerum
2899 1481 3078 1536 neque
3126 1465 3418 1536 cogitando
3465 1480 3644 1534 neque

2055 1551 2434 1623 proloquendo
2473 1551 2693 1620 assequi
2725 1551 3008 1617 valemus,
3073 1551 3245 1604 animi
3281 1549 3644 1604 nihilominus

2054 1636 2200 1706 grati
2229 1634 2482 1689 allectum
2511 1634 2856 1689 servabimus
2884 1641 3156 1703 quotquot
3170 1634 3388 1704 pietatis
3417 1648 3644 1688 sensum

2060 1734 2170 1773 non
2208 1718 2530 1788 abiecimus.
2566 1717 2631 1772 Et
2665 1732 2726 1772 re
2758 1732 2888 1772 vera
2929 1717 3152 1787 quidem
3198 1732 3301 1772 nec
3346 1732 3502 1771 mens
3540 1716 3646 1770 hu-

2058 1816 2222 1856 mana
2265 1802 2727 1873 comprehendet.
2759 1817 2860 1856 nec
2895 1817 3000 1855 vox
3049 1801 3289 1855 sufllciet
3333 1801 3400 1853 ad
3450 1799 3648 1867 praedio

2058 1888 2294 1942 candum
2339 1887 2620 1943 Creatoris
2677 1886 2902 1941 divitias
2958 1885 3254 1950 bonitatis,
3288 1885 3491 1954 quippe
3521 1899 3646 1952 quae

2059 1970 2587 2041 impervestigabiles
2625 1970 2828 2025 eaedem
2884 1983 2948 2024 ac
2998 1967 3303 2023 ineil'abiles
3351 1975 3642 2038 apparent.

2059 2053 2235 2122 Hujus
2274 2057 2350 2111 rei
2395 2055 2663 2110 beneﬁcio
2705 2053 3057 2107 admirationi
3090 2066 3303 2115 sumus,
3333 2055 3462 2121 quia
3502 2051 3647 2106 hanc

2061 2139 2280 2203 saltem,
2319 2137 2365 2193 si
2417 2153 2530 2192 non
2579 2137 2744 2190 aliam
2769 2175 2784 2198 ,
2825 2136 3056 2206 gloriam
3097 2135 3379 2188 consecuti
3426 2149 3645 2189 sumus.

363 2219 538 2288 ταύτῃ
565 2217 773 2286 ταύτην
821 2216 923 2286 τὴν
975 2215 1307 2283 δοξολογίαν,
1338 2217 1386 2268 εί
1414 2218 1489 2289 μή
1518 2234 1642 2272 τινα
1672 2217 1864 2288 ἄλλην,
1893 2217 1952 2283 ἐξ

2066 2222 2320 2290 Maiorem
2349 2229 2530 2276 autem
2576 2221 2630 2275 in
2662 2219 2885 2274 modum
2921 2219 3247 2273 hierarchiae
3274 2227 3482 2272 nostrae
3524 2234 3649 2288 my-

365 2300 523 2371 ήμῶν
551 2300 736 2361 αὐτοῖς
763 2298 1282 2368 προσοικειουμένῳ.
1315 2299 1436 2352 Ἔτι
1469 2300 1670 2370 μᾶλλον
1697 2300 1951 2365 ἐξαισίως

362 2383 736 2454 διανυμνείται
784 2385 879 2435 καὶ
933 2382 1303 2451 μεγαλύνεται
1362 2383 1424 2434 τὸ
1459 2383 1561 2454 τῆς
1617 2384 1744 2439 καθ’
1795 2387 1946 2456 ἡμᾶς

367 2467 651 2536 ίεραρχίας
679 2465 1000 2535 μυστήριον.
1027 2466 1135 2518 Καὶ
1161 2465 1270 2534 γάρ
1295 2465 1515 2535 ἀπάσης
1540 2467 1864 2538 εὐεργεσίας
1891 2485 1952 2522 τε

365 2553 460 2605 καὶ
490 2551 902 2620 φιλανθρωπίας
947 2549 1043 2602 καὶ
1072 2549 1171 2618 τῆς
1204 2549 1342 2620 πρὸς
1367 2551 1515 2620 ἡμᾶς
1541 2550 1728 2605 θεόθεν
1751 2552 1958 2621 φιλοτι-

368 2636 498 2704 μίας
521 2635 656 2688 πολὺ
682 2634 744 2686 τὸ
781 2635 1180 2702 ὑπερκείμενον
1201 2634 1563 2705 ἀποφέρεται·
1593 2637 1826 2708 φοϐερὸν
1856 2637 1956 2706 μὲν

365 2719 477 2790 γάρ
516 2719 634 2771 ἐστι
662 2716 975 2787 νοούμενον,
1027 2716 1367 2787 ἐπιθυμητὸν
1410 2717 1468 2770 δέ
1497 2720 1619 2783 ταῖς
1643 2721 1959 2790 ἀσωμάτοις

366 2806 464 2857 καὶ
500 2803 670 2866 θείαις
699 2801 984 2869 δυνάμεσι.
1009 2802 1118 2854 Καὶ
1139 2802 1222 2864 τίς
1252 2801 1318 2855 ἂν
1344 2803 1545 2857 ἐννοῶν
1585 2805 1665 2869 είς
1703 2804 1961 2858 τοσοῦτον

369 2889 501 2957 ὕψος
526 2887 900 2956 ἐπαιρομένην
929 2885 1031 2954 τὴν
1056 2884 1411 2956 ἀνθρωπίνην
1441 2887 1722 2940 εὐτέλειαν
1759 2889 1836 2961 μὴ
1863 2892 1960 2942 ἐκ·

369 2972 604 3041 πλατείη
668 2971 762 3024 τὸν
810 2968 1097 3038 λογισμὸν,
1132 2970 1230 3022 καὶ
1286 2968 1494 3036 τάξεως
1543 2970 1961 3044 ἐπειλημμένην

367 3055 672 3124 ἀγγελικῆς
699 3053 972 3124 καθορῶν,
1000 3052 1102 3104 οὐκ
1127 3052 1194 3106 ἂν
1241 3053 1472 3125 ἐκσταίη
1502 3053 1593 3107 τοῦ
1624 3055 1964 3125 καθεστηκό-

368 3156 462 3202 τος
486 3155 502 3205 ;
539 3137 780 3209 Πηλίνας
806 3138 996 3206 χεῖρας
1021 3133 1116 3188 τοῦ
1148 3135 1418 3190 ἀπέκτου
1447 3135 1964 3207 περιδρασσομένας

369 3222 566 3293 πυρὸς,
595 3223 692 3276 καὶ
721 3221 891 3285 πόδας
941 3219 1179 3291 γεηροὺς
1223 3220 1391 3291 σαρκὶ
1423 3219 1825 3290 διηρτημένους
1867 3223 1962 3276 τὸν

371 3306 517 3376 ἱερὸν
534 3323 602 3358 πε
609 3303 960 3376 ριστίχοντας
981 3303 1185 3373 χῶρον,
1201 3302 1521 3374 χωροῦντάς
1538 3320 1598 3356 τε
1617 3304 1959 3375 ἀνθρώπους.

374 3391 441 3443 ’Ὠ
466 3391 566 3460 τῆς
597 3388 727 3460 περὶ
771 3389 922 3460 ημᾶς
970 3387 1066 3441 τοῦ
1101 3387 1238 3441 Θεοῦ
1292 3386 1620 3456 κηδεμονίας
1649 3388 1730 3451 είς
1759 3388 1828 3440 τά
1852 3388 1963 3444 τῶν

369 3474 654 3528 ἀδυνάτων
682 3472 954 3544 ἐνδότερα,
972 3471 1068 3526 καὶ
1095 3472 1195 3542 τὴν
1226 3469 1473 3542 φρικώδη
1500 3471 1596 3524 καὶ
1625 3470 1962 3542 ἀναίμακτον

369 3557 566 3610 θυσίαν
589 3556 706 3611 ἐναί
713 3573 834 3625 μοις
853 3556 952 3626 μὲν
972 3553 1264 3619 τελοῦντας
1289 3553 1592 3623 παλάμαις,
1605 3555 1667 3608 οὐ
1687 3555 1962 3624 καταφλευ

2056 2306 2287 2361 sterium
2352 2304 2664 2359 celebratur
2730 2312 2786 2357 et
2847 2301 3170 2368 extollitur,
3231 2301 3435 2372 quippe
3496 2302 3650 2371 quod

2054 2401 2218 2442 omne
2271 2386 2622 2448 beneﬁcium,
2648 2399 2864 2438 omnem
2897 2383 2990 2438 Dei
3031 2399 3160 2453 erga
3196 2399 3296 2437 nos
3320 2384 3651 2439 benevolen-

2054 2470 2188 2525 tiam
2224 2479 2279 2524 et
2298 2483 2542 2523 amorem
2574 2469 2735 2536 longe
2768 2474 3016 2536 supcrat.
3053 2465 3373 2522 Sicutenim
3406 2477 3649 2523 mentem

2055 2553 2325 2623 percellit,
2351 2552 2432 2608 sic
2465 2551 2808 2621 incorporeis
2845 2559 2901 2604 et
2927 2549 3131 2606 divinis
3161 2551 3531 2619 potestatibus
3557 2565 3651 2606 res

2056 2643 2145 2691 est
2169 2633 2574 2690 desiderabilis.
2618 2633 2758 2698 Quis
2790 2632 2940 2687 enim
2979 2632 3146 2688 vilem
3185 2632 3474 2688 hominum
3504 2647 3648 2689 con-

2058 2719 2329 2775 ditionem
2371 2719 2441 2773 ad
2481 2717 2536 2772 id
2569 2717 2847 2787 fastigium
2887 2717 3091 2772 elatam
3126 2716 3323 2772 videns
3363 2732 3475 2772 non
3526 2725 3652 2773 stu-

2059 2803 2285 2874 pescat?
2311 2803 2439 2872 quis
2481 2801 2734 2857 homines
2768 2801 2882 2871 iam
2921 2801 3147 2872 angelos
3189 2800 3368 2856 iactos
3403 2816 3516 2856 non
3542 2801 3651 2857 mi-

2062 2887 2248 2940 retur?
2281 2885 2478 2940 Manus
2502 2900 2534 2940 e
2573 2884 2702 2939 limo
2731 2883 2983 2938 formatae
3020 2885 3202 2954 ignem
3242 2884 3650 2941 intractabilem

2063 2976 2449 3036 contrectant;
2481 2969 2649 3038 pedes
2680 2969 2927 3039 argillosi
2958 2976 3014 3023 et
3043 2983 3211 3024 carne
3229 2968 3440 3023 sulfulti
3466 2970 3650 3026 locum

2062 3067 2284 3108 sacrum
2332 3061 2389 3106 et
2435 3052 2658 3106 turbam
2695 3051 3063 3108 circumeunt.
3111 3049 3160 3106 Ο
3206 3052 3448 3106 divinam
3503 3055 3654 3110 circa

2061 3150 2167 3192 nos
2216 3135 2648 3207 indulgentiam,
2709 3133 2836 3204 qui,
2905 3136 3106 3188 mirum
3151 3134 3340 3198 dictu,
3394 3137 3655 3194 manibus

2061 3220 2311 3276 cruentis
2377 3217 2715 3275 sacrificium
2777 3216 3219 3282 formidandum,
3298 3217 3653 3274 incruentum

2063 3306 2384 3376 perficimus
2420 3312 2475 3359 et
2511 3304 2620 3374 igni
2656 3301 2872 3357 caelesti
2908 3315 3016 3355 non
3064 3301 3485 3356 consumimur!
3517 3302 3657 3369 Quis

2062 3391 2321 3454 tandem,
2378 3389 2560 3442 liwcce
2611 3385 2846 3450 videns,
2887 3399 2983 3440 eos
3039 3385 3134 3454 qui
3184 3383 3334 3440 istud
3391 3386 3656 3443 sacrificii

2068 3474 2298 3537 obeunt,
2334 3486 2444 3526 non
2476 3485 2674 3541 magna
2707 3468 2891 3538 aliqua
2918 3468 3116 3540 gratia,
3141 3481 3255 3524 non
3296 3468 3446 3527 dono
3466 3472 3657 3543 aliquo

2071 3557 2280 3612 cmlesti
2306 3555 2471 3621 afﬁci,
2493 3555 2602 3608 alta
2636 3568 2771 3608 voce
2803 3553 3159 3608 clamabunt?

370 3644 640 3712 γομένους
684 3642 742 3694 δὲ
781 3641 862 3711 τῷ
905 3639 1304 3709 ἐγχειρήματιι
1345 3639 1442 3703 Τίς
1461 3638 1533 3691 τά
1562 3638 1787 3693 τοιαῦτα
1815 3638 2198 3711 καθορῶν,οὐκ
2227 3639 2293 3693 ἂν
2329 3641 2514 3709 χάριτι
2539 3637 2942 3708 κρείττονι,καὶ
2977 3641 3046 3708 τῇ
3068 3637 3275 3694 ἀνωθεν
3301 3639 3483 3712 δωρεᾷ
3503 3640 3659 3695 ἀδια-

372 3726 610 3798 φθόρους
651 3725 1027 3796 διατηρείσθαι
1065 3725 1192 3788 τοὺς
1239 3724 1342 3794 τὴν
1391 3722 1649 3794 τοιαύτην
1686 3723 2165 3795 ἐγχειριζομένους
2199 3722 2547 3793 λειτουργίαν
2601 3720 2814 3793 μεγάλῃ
2849 3723 2917 3791 τῇ
2942 3723 3094 3792 φωνῇ
3137 3722 3204 3775 ἂν
3227 3722 3656 3795 ὁμολογήσειενς

458 3811 620 3864 Ἀλλά
670 3810 847 3863 ταῦτα
891 3811 991 3880 μὲν
1032 3809 1158 3878 ἐμοὶ
1217 3809 1536 3879 μελετῶντι,
1567 3810 1660 3862 καὶ
1697 3810 1961 3877 πολλάκις

2141 3807 2295 3862 Talia
2323 3808 2457 3861 mihi
2504 3805 2878 3862 consideranti
2917 3815 2972 3860 et
3008 3805 3198 3861 animo
3229 3821 3373 3879 saepe
3410 3801 3658 3866 volventi

369 3895 813 3966 διερευνωμένῳ,
836 3893 956 3956 δέος
979 3893 1139 3964 ἐπῄει
1175 3893 1271 3948 καὶ
1305 3895 1453 3964 μόνῳ
1482 3895 1846 3964 προσϐάλλειν
1873 3897 1966 3952 λο-

373 3977 562 4048 γισμῷ
608 3980 674 4048 τῇ
721 3978 949 4051 τοιαύτῃ
985 3976 1236 4048 διακονίαι⁸
1263 3977 1366 4046 τῆς
1400 3978 1688 4048 πράξεωςο
1726 3979 1965 4049 μεγάλου

374 4063 435 4118 δὲ
469 4061 669 4130 μᾶλλον
691 4063 786 4116 καὶ
813 4063 938 4123 τοὺς
963 4061 1183 4130 καθυπη
1194 4061 1484 4131 ρετοῦντας
1508 4060 1695 4130 ἠξίουν
1718 4061 1812 4114 τοῦ
1837 4062 1968 4117 θαύ-

375 4162 576 4216 ματος,
608 4145 701 4197 κα)⁸
738 4145 886 4207 ὅπως
912 4145 974 4197 τὸ
1004 4142 1230 4214 θαρρεῖν
1278 4145 1338 4197 ἐν
1369 4143 1580 4208 τούτοις
1616 4146 1798 4215 έχουσι
1832 4164 1968 4202 κατ-

372 4227 754 4300 επληττόμηψ
790 4227 924 4280 ἀλλά
950 4227 1058 4298 γὰρ
1088 4228 1150 4280 τὸ
1181 4227 1414 4296 φοϐερὸν
1436 4227 1536 4280 οὐκ
1564 4228 1848 4299 ἐξέφυγον,
1874 4230 1970 4285 καὶ

373 4314 484 4367 ὑπὸ
505 4314 604 4384 τῆς
633 4312 1160 4382 προφυλαττομένης
1188 4312 1442 4382 ἀνάγκης
1486 4311 1651 4376 ἁλοὺς
1682 4313 1861 4382 λόγοις
1887 4312 1970 4380 οἷς

370 4400 404 4450 ὁ
423 4397 788 4468 συγχωρήσας
809 4395 969 4465 μόνος
997 4393 1313 4448 ἐπιστατῶν
1336 4396 1785 4467 προεμηθήσατο.
1808 4397 1970 4453 Ἀθυο

376 4480 483 4551 μία
504 4498 561 4532 τε
589 4480 685 4534 καὶ
723 4480 894 4550 πολλῇ
921 4482 986 4548 τῇ
1027 4479 1313 4550 ἀμηχανίᾳ
1351 4479 1636 4550 πιέζομαι.
1663 4477 1832 4552 Οἶμαι
1862 4484 1972 4557 γὰρ

375 4566 474 4617 καὶ
504 4565 629 4625 τοὺς
661 4563 769 4632 πρὸ
800 4561 995 4632 πείρας
1018 4563 1262 4633 ἐρῶντας
1308 4565 1546 4633 ταυτησί¹
1571 4563 1671 4633 τῆς
1721 4565 1968 4639 λειτουρ-

377 4647 527 4714 γίας,
552 4646 774 4699 ἐπειδὰν
805 4647 886 4708 είς
925 4645 1091 4715 μέσον
1122 4647 1308 4708 αὐτοῖς
1343 4645 1452 4700 τῶν
1487 4646 1665 4719 ἔργων
1693 4652 1972 4721 καταστῆ-

376 4749 472 4784 ναι
503 4730 904 4802 παραχωρηθῇ,
958 4731 1248 4785 ἀπονεύειν
1291 4748 1354 4784 τε
1411 4733 1508 4784 καὶ
1549 4733 1974 4803 μεταμελείσθαι

376 4815 469 4883 ἐφ’
497 4809 578 4876 οἷς
609 4813 991 4884 ἠϐουλήθησαν
1042 4817 1330 4886 πρότερον.
1365 4815 1539 4868 ὐταν
1564 4815 1621 4868 δὲ
1644 4817 1708 4868 τὸ
1742 4814 1839 4870 καὶ
1867 4819 1975 4888 πρὸ

377 4899 482 4967 τῆς
505 4897 701 4968 πείρας
719 4897 813 4949 τοῦ
841 4898 1167 4968 πράγματος
1189 4896 1331 4969 βαρύ
1355 4915 1414 4950 τε
1445 4896 1540 4951 καὶ
1568 4897 1976 4952 δυσϐάστακτον

380 4981 740 5047 ἐκλογίζοιτο,
763 4981 922 5049 φόϐοι
950 4997 1010 5033 τε
1035 4981 1128 5034 καὶ
1155 4979 1387 5050 δείματα
1407 4981 1503 5034 τοῦ
1538 4982 1752 5052 μήποτε
1775 4981 1885 5052 ἀρα
1915 4981 1976 5034 τὸ

381 5065 624 5118 τοιοῦτον
669 5064 998 5135 ἀπροόπτως
1041 5064 1442 5118 ἐπελεύσεσθαι
1498 5068 1565 5136 τῇ
1621 5065 1769 5137 ψυχῇ
1802 5083 1975 5138 προσ-

2070 3892 2274 3947 accidit
2305 3899 2366 3945 ut
2393 3907 2459 3946 ea
2491 3891 2676 3945 omnia
2720 3889 2806 3944 vel
2847 3889 2965 3944 sola
3011 3890 3350 3959 cogitatione
3393 3896 3658 3965 prosequi

2069 3986 2391 4040 metuerem,
2420 3975 2652 4030 miratus
2693 3986 2790 4028 eos
2819 3971 2916 4042 qui
2952 3972 3044 4026 tali
3073 3989 3304 4037 munere
3339 3983 3496 4033 tanto
3526 3993 3655 4034 cum

2069 4061 2268 4116 ardore
2299 4061 2679 4130 fungerentur,
2701 4070 3000 4126 vocemque
3022 4058 3292 4116 antistitis
3315 4074 3382 4115 ex
3401 4062 3658 4130 necessi-

2069 4155 2181 4201 tate
2231 4128 2523 4216 prolatam.
2577 4141 2715 4197 llinc
2770 4140 2939 4196 animi
2993 4141 3142 4197 vires
3187 4142 3447 4214 collapsa
3482 4128 3658 4202 dubio

2071 4229 2401 4288 succedunt.
2441 4228 2699 4283 Arbitror
2741 4225 2890 4281 enim
2934 4225 3054 4282 fore
3085 4234 3145 4281 ut
3184 4229 3280 4298 qui
3311 4229 3440 4285 huic
3479 4230 3659 4291 divini

2072 4317 2256 4372 cultus
2281 4314 2466 4385 generi
2501 4312 2706 4377 favent,
2738 4313 2786 4366 si
2813 4310 2884 4364 ad
2912 4312 3253 4381 operandum
3289 4327 3661 4384 provocaren-

2073 4410 2184 4464 tur,
2207 4400 2321 4468 jam
2347 4398 2576 4461 nollent,
2599 4395 2713 4450 imo
2755 4394 2900 4451 facta
2937 4393 3139 4449 infecta
3167 4393 3396 4452 reddere
3434 4397 3658 4464 vellent.

2073 4485 2149 4538 Ea
2181 4498 2269 4538 res
2290 4483 2335 4538 si
2361 4482 2538 4552 primo
2559 4480 2756 4534 obtutu
2783 4493 2880 4547 per
2905 4493 2966 4533 se
2985 4477 3222 4534 diﬂicilis
3248 4479 3662 4549 videatur,aniv

2073 4583 2197 4624 mus
2243 4582 2362 4622 eam
2397 4565 2711 4635 ponderans
2759 4571 2963 4618 metuet
2995 4578 3067 4619 ne
3107 4564 3500 4634 impedimenta
3554 4565 3663 4621 im-

2073 4651 2292 4722 provisa
2319 4648 2578 4704 accidant
2595 4656 2648 4703 et
2677 4647 2756 4702 rei
2790 4646 3088 4701 discrimen
3124 4657 3364 4718 augeant
3412 4648 3486 4701 Ea
3509 4649 3658 4703 enim

2072 4745 2158 4790 est
2210 4733 2378 4788 animi
2439 4741 2637 4786 natura
2667 4738 2728 4785 ut
2768 4745 2950 4786 rerum
2995 4731 3329 4797 futurarum,
3362 4745 3427 4786 ac
3461 4731 3516 4785 in
3553 4729 3664 4801 pri-

2073 4820 2177 4873 mis
2204 4816 2614 4873 fastidiosarum
2658 4814 3031 4883 triStiumque,
3057 4813 3350 4883 praesagiat
3375 4821 3663 4874 eventum.

2073 4902 2207 4968 Quae
2244 4903 2316 4968 si,
2348 4898 2732 4955 tantummodo
2767 4907 2952 4953 tuente
2998 4907 3412 4968 praeconcepta,
3444 4897 3663 4954 intelle-

2073 4998 2223 5042 ctum
2272 4988 2620 5058 perturbant,
2651 4992 2993 5055 quantopere
3030 4995 3191 5054 putas
3244 4991 3300 5038 te
3349 4984 3661 5052 Perinoveri

2077 5086 2190 5127 rem
2237 5072 2412 5142 ipsam
2477 5079 2763 5141 expertum
2794 5070 2818 5122 ?
2847 5068 2978 5134 Quae
3031 5069 3177 5123 enim
3225 5067 3381 5136 prius
3413 5067 3662 5139 cogitare

381 5158 757 5220 αρασσόμενα,
780 5150 900 5202 οὐδέ
920 5149 1056 5219 πρὸς
1080 5150 1251 5220 αὐτὴν
1276 5149 1376 5220 τὴν
1406 5149 1640 5221 μελέτην
1671 5153 1961 5221 παρέχουσι

2079 5155 2352 5209 recusavit
2387 5156 2629 5218 animus,
2663 5167 2727 5207 ea
2764 5153 2945 5206 facere
2977 5166 3175 5206 manus
3205 5150 3320 5218 jam
3368 5152 3499 5207 totis
3525 5151 3662 5206 viri-

381 5235 447 5287 τὸ
478 5237 776 5305 ἀτάραχον.
804 5232 966 5303 Ψυχὴ
997 5231 1107 5303 γάρ
1160 5250 1277 5295 πως
1317 5234 1530 5303 πέφυκε
1563 5233 1672 5286 τῶν
1700 5235 1961 5304 ἐσομένωι

2079 5239 2182 5293 bus
2216 5239 2438 5308 refugit.
2461 5238 2718 5292 Attamen
2763 5236 2832 5290 ad
2865 5235 3218 5290 sanctitatem
3247 5244 3484 5290 vestram
3521 5237 3662 5289 scri-

385 5317 865 5389 προμαντεύεσθαι
922 5317 1022 5386 τὴν
1079 5316 1388 5382 ἀπόϐασιν,
1433 5317 1673 5388 μάλιστά
1720 5335 1784 5386 γε
1818 5319 1961 5388 sine;

2079 5320 2210 5375 bere
2243 5322 2297 5375 in
2331 5322 2516 5374 animo
2556 5327 2664 5383 est,
2697 5333 2765 5373 ne
2793 5317 2924 5388 quid
2965 5331 3160 5372 eorum
3189 5332 3312 5387 quae
3346 5317 3413 5372 ad
3445 5329 3661 5374 nosmet

383 5405 498 5456 τῶν
528 5401 707 5473 ἀηδῶν
739 5403 834 5453 καὶ
854 5399 1168 5453 λυπούντων
1198 5399 1284 5470 εἴη
1317 5399 1388 5453 τὰ
1436 5400 1784 5472 ὐφορώμενα.
1805 5402 1961 5456 "Orat

2079 5413 2354 5475 spectant,
2395 5403 2698 5472 ignoretis;
2741 5403 2942 5469 quibus
2994 5401 3231 5469 cognitis
3287 5409 3344 5455 et
3403 5401 3661 5470 precibus

385 5485 481 5541 οὖν
507 5505 616 5540 τινι
649 5485 822 5540 ταῦτα
862 5487 954 5539 καὶ
988 5483 1544 5555 προεπισκοπούμενα
1561 5484 1706 5538 οὓτω
1741 5487 1961 5558 συστρέ-

2077 5489 2285 5544 vacetis
2311 5496 2366 5542 et
2393 5488 2581 5542 animo
2615 5486 2855 5554 quietem
2884 5484 3149 5539 reddatis.

389 5588 469 5643 φῃ
491 5573 585 5625 καὶ
615 5574 828 5646 διαδονῇ
853 5575 951 5645 τὴν
981 5573 1245 5634 διάνοιαν,
1274 5570 1326 5621 τί
1347 5570 1448 5622 οὐκ
1476 5570 1543 5624 ἂν
1583 5571 1748 5635 αὐτὸς
1772 5571 1938 5626 πάθοι
1968 5573 2143 5626 ταῦτα
2164 5574 2230 5642 τῇ
2260 5571 2427 5642 πείρᾳ
2453 5569 2857 5639 καρπούμενος,
2888 5563 2963 5621 ῶν
2987 5569 3020 5638 ἡ
3048 5567 3245 5636 μελέτη
3278 5565 3544 5637 πρότερον
3571 5566 3662 5617 τὸν

386 5653 650 5725 λογισμὸν
675 5657 1110 5726 ὲκταράσσουσα,
1144 5655 1278 5726 πρὸς
1304 5655 1403 5726 τὴν
1422 5654 1770 5727 λειτουργίαν
1795 5656 1889 5709 τοῦ
1917 5657 2240 5726 πράγματος
2273 5654 2555 5718 παντελῶς
2585 5654 2916 5724 ἀνεχαίτιζες
2938 5654 3029 5705 Δεῖ
3060 5652 3105 5704 δ⁹
3133 5650 3229 5704 οὐν
3249 5651 3396 5714 ὅμως
3414 5650 3548 5721 πρὸς
3560 5649 3664 5721 τὴν

464 5754 541 5822 (l)
573 5753 760 5809 Graice
802 5756 948 5812 edita
993 5757 1048 5810 in
1096 5755 1235 5812 libro
1276 5755 1365 5810 cui
1417 5754 1656 5812 titulus:
1690 5754 1874 5825 Τόμος
1928 5772 1961 5824 χ

2066 5774 2140 5827 ις.
2175 5748 2265 5811 Ἔν
2306 5753 2589 5827 Ῥημνίκῳ
2611 5751 2744 5823 ⁴αψε¹
2771 5749 2977 5822 (i705),
3014 5748 3110 5805 fol.
3140 5749 3285 5805 Alibi
3319 5763 3428 5805 non
3461 5754 3663 5806 exstat.
