4024 6102
365 201 502 268 1019

1815 195 2190 260 A‘DDENDA.

3503 187 3639 253 1020

351 311 629 382 ὑμετέραν
664 308 920 380 ὁσιότητα
955 307 1191 378 γράφειν
1216 307 1624 382 ἀπαρχόμενον,
1658 307 1826 378 μηδὲν
1848 306 1958 360 τῶν
1985 306 2107 359 καθ’
2145 305 2296 376 ἡμᾶς
2321 301 2775 376 ἀποκρύψασθαι,
2817 302 2892 366 ὡς
2926 299 2994 356 ἀν
3015 298 3189 355 ταῦτα
3219 298 3640 370 ἐκμανθάνουσα

354 396 542 465 εὐχαῖς
563 412 624 448 τε
659 396 734 464 μὴ
761 395 986 464 διαλίπῃ
1010 393 1402 462 ὲπαλείφουσα,
1430 393 1525 446 καὶ
1548 392 1641 444 τὸν
1673 390 1842 444 πολὺν
1855 390 2093 460 τάραχον
2113 391 2213 459 τῆς
2230 391 2412 462 ψυχῆς
2437 388 2878 458 κατευνασθῆναι
2903 387 3398 465 παρασκευάσειεν.

426 464 613 550 Itaque
654 495 684 534 a
719 480 894 550 prima
925 477 1296 534 adolescentia
1328 479 1452 531 vitae
1491 477 1754 531 solitaria:
1786 489 1941 529 amor

2111 474 2336 546 Νεαρᾶς
2374 474 2474 544 μὲν
2531 471 2627 526 οὖν
2655 471 2737 524 ἐτι
2765 469 2869 540 τῆς
2913 469 3132 539 ήλικίας
3160 464 3351 536 οὔσης,
3379 465 3521 538 ἔρως
3543 465 3641 521 τοῦ

356 561 607 626 incaluit,
651 575 716 617 ac
759 563 884 617 licet
918 577 1132 616 morum
1159 561 1460 631 disparitas
1491 560 1750 616 resistere
1796 557 1948 613 vide-

355 644 539 708 batur,
591 645 759 701 studii
823 645 972 701 illius
1019 644 1313 700 sinceritas
1371 644 1534 706 vicit,
1584 651 1640 696 et
1692 640 1948 696 voluntas

357 727 558 796 (muth
600 729 748 783 enim
792 728 1053 799 variaque
1103 727 1582 798 proponebantur)
1618 739 1648 779 a
1685 724 1791 780 line
1839 737 1944 778 suo

358 810 504 864 haud
535 810 826 866 aberravit.
865 811 943 865 Ac
988 811 1224 881 primum
1269 811 1492 880 quidem
1540 808 1718 879 patris
1760 822 1947 862 exem-

357 893 504 963 plum
529 893 595 948 ad
615 895 872 948 virtutem
899 894 1274 964 propellebat;
1297 893 1391 963 qui
1411 903 1470 946 ut
1492 892 1653 946 fidem
1677 905 1860 946 veram
1883 903 1948 952 ac
1976 913 1986 924 -

360 990 554 1043 puram
589 977 1038 1044 amplecteretur,
1064 976 1270 1031 divitiis
1290 985 1344 1031 et
1363 975 1622 1030 omnibus
1653 973 1950 1028 mundanis

360 1058 664 1113 honoribus
713 1059 998 1124 valedixit,
1028 1068 1083 1114 et
1104 1100 1120 1125 ,
1150 1061 1321 1114 multa
1367 1072 1694 1128 perpessus,
1729 1069 1797 1110 ne
1831 1058 1950 1112 sin-

359 1141 485 1210 gula
514 1157 854 1210 enumerem,
885 1145 1131 1216 martyrii
1155 1145 1392 1214 palmam
1426 1143 1749 1211 reportavit.
1781 1141 1952 1198 Mater

359 1238 581 1295 quoque
630 1225 723 1281 Dei
765 1237 820 1282 et
849 1229 1067 1284 virtutis
1115 1228 1499 1283 amantissima
1537 1227 1719 1280 mariti
1765 1243 1954 1282 exent-

362 1307 512 1378 plum
547 1308 694 1365 circa
741 1313 926 1364 omnia
961 1311 1162 1365 imitari
1199 1311 1397 1364 honori
1447 1310 1551 1365 sibi
1609 1309 1784 1362 duxit.
1826 1305 1952 1364 Hazc

2053 560 2326 630 μονήρους
2345 557 2668 628 συνήκμαζε
2714 554 2832 624 βίου
2853 593 2870 618 ,
2903 555 2954 607 εἱ
2985 552 3082 606 καὶ
3109 552 3222 606 τῶν
3267 551 3488 606 οἰκείων
3515 549 3644 622 τρό-

2050 659 2169 694 πων
2192 641 2328 711 πρὸς
2361 640 2527 695 αὑτὸν
2561 641 2594 709 ή
2625 636 2893 706 διαφωνία
2918 635 3028 689 τῶν
3053 631 3315 689 τοιούτων
3341 634 3646 705 ἀντιπράτ·

2049 740 2220 778 τουσα
2251 726 2436 794 ἔρωτι,
2471 722 2634 792 μέχρι
2668 719 2866 774 πολλοῦ
2895 719 2962 772 τά
2990 717 3089 788 τῆς
3119 717 3416 788 ἐπιθυμίας
3437 715 3646 786 διετίθη

2050 808 2391 879 ἀνενέργητα
2415 824 2428 838 ·
2459 807 2638 859 καίτοι
2672 804 2886 858 πολλῶν
2909 800 3274 873 ὑπαρχουσῶν
3309 800 3644 863 ὑποθέσεων,

2053 892 2111 959 ἐξ
2143 881 2219 946 ὧν
2255 892 2425 962 ἐχρῆν
2445 891 2514 945 τά
2539 889 2640 960 τῆς
2668 887 2978 960 βουλήσεως
3003 884 3132 957 μηδ’
3165 886 3516 956 ἀφαμαρτεῖν
3548 879 3648 938 τοῦ

2050 977 2259 1040 τέλους.
2293 971 2404 1028 Ἦν
2433 974 2543 1046 γὰρ
2572 973 2665 1027 καὶ
2719 971 2906 1041 πατὴρ
2957 970 3020 1024 τὸ
3057 969 3296 1041 πρόσθεν
3326 969 3414 1022 ἐπ’
3443 968 3650 1039 ἀρετὴν

2053 1053 2555 1132 προσκαλούμενος,
2592 1056 2652 1120 ὃς
2674 1052 2842 1109 ἓνεκα
2871 1053 3030 1122 δόξης
3068 1053 3259 1123 ὀρθῆς,
3286 1049 3384 1105 καὶ
3407 1048 3650 1112 πίστεως

2053 1143 2322 1214 ἀληθοῦς,
2351 1138 2572 1212 πλούτῳ
2602 1141 2702 1211 μέν
2731 1141 2827 1194 καὶ
2847 1139 2969 1200 ταῖς
2993 1138 3104 1190 τῶν
3137 1137 3468 1205 ἀξιωμάτων
3490 1154 3651 1206 περι-

2054 1226 2308 1298 φανείαις
2349 1225 2540 1298 μακρὰ
2591 1226 2808 1296 χαίρειν
2858 1219 3051 1287 είπῶν,
3087 1223 3184 1275 καὶ
3215 1221 3395 1274 πάντα
3434 1219 3651 1281 παθὼν,

2055 1311 2143 1367 ῐνα
2201 1310 2276 1382 μή
2321 1310 2464 1364 κατὰ
2531 1309 2698 1380 μέρος
2729 1306 2894 1376 λέγω,
2955 1307 3014 1360 ἐν
3045 1305 3195 1376 αὑτῴ
3248 1304 3328 1374 τῷ
3361 1304 3652 1377 μαρτυρίῳ

361 1392 530 1462 igitur
561 1403 618 1448 et
656 1394 860 1448 similia
889 1394 1054 1448 vitam
1090 1394 1453 1447 monasticam
1484 1391 1822 1457 suadebant;
1853 1391 1949 1447 sed

2063 1397 2442 1466 ὑπερορισθεὶς
2495 1394 2866 1458 τετελείωται,
2923 1394 3016 1447 καὶ
3067 1395 3254 1463 μήτηρ
3309 1389 3557 1462 φιλόθεός
3590 1406 3655 1442 τε

360 1488 513 1530 ουτω
554 1475 848 1532 mundana:
887 1486 942 1531 et
971 1476 1301 1543 dignitatum
1349 1475 1698 1529 terrestrium
1728 1491 1853 1542 spes
1884 1476 1954 1530 ab

2063 1482 2150 1534 καὶ
2185 1480 2475 1548 φιλάρετος
2497 1477 2708 1531 καὶτοῦ
2734 1477 2928 1547 ἀνδρὸς
2958 1475 3338 1546 φιλονεικοῦσα
3367 1474 3511 1527 κατά
3545 1491 3657 1543 μη-

363 1559 695 1627 imperatore
742 1559 864 1630 ipso
893 1559 1094 1615 oblata!
1141 1559 1432 1612 trahebant
1464 1557 1949 1628 retraltebautque.

2063 1567 2144 1620 Βὲν
2179 1568 2236 1620 ἐν
2264 1565 2477 1627 τούτοις
2508 1562 3014 1632 ἀπολιμπάνεσθαι.
3058 1562 3223 1616 Ἀλλά
3258 1561 3397 1632 προς
3424 1560 3524 1630 μὲν
3557 1560 3658 1630 τὴν

364 1642 474 1699 Sed
521 1660 612 1701 res
677 1645 990 1714 praeteritas
1040 1643 1303 1698 oblivioni
1359 1643 1622 1706 tradens,
1675 1658 1769 1698 eas
1830 1659 1954 1714 qua

2063 1649 2360 1724 μοναχικήν
2406 1647 2685 1702 πολιτείαν
2742 1645 2918 1699 ταῦτά
2954 1662 3014 1699 τε
3070 1647 3166 1698 καὶ
3219 1644 3448 1698 τοιαῦτα
3490 1644 3656 1713 ἕτερα

364 1731 618 1798 proximo
655 1739 903 1798 tempore
961 1727 1304 1790 acciderunt,
1345 1727 1602 1796 quamvis
1639 1727 1948 1784 tristissimi

2063 1734 2269 1806 προσῆν
2300 1732 2661 1802 ἐφελκόμενα,
2695 1729 2975 1783 ἀνθεῖλκον
3010 1729 3067 1782 δὲ
3094 1730 3188 1782 καὶ
3220 1728 3296 1798 μὴ
3328 1727 3658 1798 βουλόμενον

364 1816 476 1869 sint
508 1813 764 1882 exempli,
794 1827 858 1866 ea
887 1825 996 1882 qua
1021 1822 1214 1881 potero
1241 1813 1511 1867 brevitate
1539 1827 1832 1880 exsequar.

2063 1815 2319 1888 κοσμικαὶ
2343 1815 2644 1886 φροντίδες,
2673 1814 2768 1868 καὶ
2795 1813 3094 1867 πολιτικῶν
3121 1812 3451 1882 ἀξιωμάτων
3470 1811 3656 1881 τιμαὶ,

363 1897 431 1963 ἃς
481 1898 608 1968 ἐμοὶ
649 1896 902 1968 βασιλικὴ
936 1897 1079 1967 χεὶρ,
1111 1897 1207 1949 καὶ
1242 1896 1523 1967 βασιλικὸν
1565 1897 1859 1970 ἐπανετὶθη
1897 1897 2131 1970 θέλημα.
2175 1899 2320 1952 Ἀλλ’
2358 1901 2545 1952 ἐκεῖνα
2593 1898 2695 1969 μὲν
2743 1896 3162 1970 παρεληλυθότα
3212 1897 3307 1949 καὶ
3349 1896 3661 1965 γράφοντες

365 1982 818 2054 παρατρέχομενο
840 1981 912 2034 τά
950 1981 1008 2035 δὲ
1053 1980 1150 2035 νῦν
1179 1982 1562 2052 ἐπιωμῦάντα
1592 1979 1798 2052 πολλῆς
1853 1982 1954 2052 μὲν
1989 1983 2319 2052 ἐπιδεόμινα
2343 1982 2442 2052 τῆς
2468 1981 2799 2053 διηγήσεως,
2836 1981 2940 2049 τῆς
2973 1981 3195 2050 μνήμης
3221 1979 3278 2032 δέ
3323 1979 3436 2033 τῶν
3478 1979 3660 2049 λυπη-

367 2065 481 2135 ρῶν
505 2064 736 2118 ἐπιπολὺ
767 2064 1064 2136 διατρίϐειν
1089 2064 1301 2127 τούτοις
1331 2064 1433 2118 οὐκ
1464 2063 1794 2134 ἐνδιδούσης,
1825 2064 1903 2129 ὡς
1922 2062 2036 2122 οἷόν
2067 2068 2128 2122 τὲ
2157 2070 2276 2121 ἐστι
2292 2065 2471 2120 ταῦτα
2493 2065 2852 2136 διηγούμενος
2882 2064 3220 2137 βραχυλογία
3241 2065 3656 2136 ἀποχρήσομαι.

435 2147 734 2217 Postquam
759 2149 807 2203 is
841 2149 937 2218 qui
969 2147 1231 2203 Ecclesiae
1259 2155 1462 2202 nostra:
1495 2147 1735 2203 habenas
1765 2163 1955 2218 gesse-

2136 2152 2297 2222 Ἀρτι
2327 2151 2438 2220 γὰρ
2465 2149 2561 2204 τοῦ
2605 2149 2714 2222 πρὸ
2750 2147 2912 2220 ήμῶν
2939 2149 3240 2220 ἱερατεύειν
3268 2149 3526 2219 λαχόντος
3554 2145 3662 2215 τῆς

365 2240 474 2300 rat,
500 2232 766 2304 dignitate
792 2247 893 2288 sua
921 2231 1157 2294 excidit,
1188 2238 1244 2285 et
1283 2231 1398 2300 jam
1446 2247 1639 2287 omnes
1673 2243 1948 2303 pastorem

2063 2234 2314 2306 τοιαύτης
2327 2234 2484 2300 ἀξίας
2499 2233 2640 2286 ὑπεκ
2648 2233 3162 2302 στάντος,ποιμένος
3178 2232 3235 2286 δέ
3248 2233 3384 2304 πρὸς
3400 2232 3660 2286 ἁπάντων

366 2313 827 2386 circumspiciunt
856 2315 953 2385 qui
987 2314 1232 2370 membra
1265 2315 1528 2371 Ecclesiae
1559 2315 1790 2386 disjecta
1816 2332 1947 2371 coa-

364 2397 578 2454 dunare
601 2408 658 2454 et
688 2413 779 2454 res
827 2397 1080 2454 turbatas
1139 2407 1456 2454 restaurare
1516 2399 1698 2454 valeat
1725 2401 1946 2472 (magna

363 2483 514 2537 enim
543 2474 787 2551 undique
816 2489 1118 2551 tempestas
1135 2490 1189 2536 et
1214 2481 1376 2537 undae
1395 2483 1721 2550 perniciosa:
1748 2492 1944 2536 contra

366 2559 672 2620 Ecclesium
714 2563 1054 2634 aliiserunt),
1086 2565 1330 2635 indignis
1364 2565 1524 2620 nobis
1571 2575 1627 2621 et
1665 2566 1943 2622 debilibus

368 2647 671 2719 imperator
699 2656 756 2704 et
785 2648 1135 2704 sacerdmum
1179 2651 1475 2705 concilium
1509 2665 1714 2705 munus
1764 2649 1950 2703 archi-

366 2732 683 2802 episcopale
719 2731 910 2788 invitis
934 2732 1246 2804 imponunt.
1275 2733 1356 2786 Ac
1383 2747 1484 2788 nos
1510 2734 1732 2802 quidem
1769 2732 1950 2804 lacry-

369 2816 478 2870 mis
507 2823 564 2869 et
589 2814 849 2884 precibus
897 2815 1006 2880 usi,
1055 2825 1177 2869 uta
1233 2815 1523 2886 proposito
1571 2816 1696 2871 illos
1734 2815 1952 2870 dissua-

366 2897 1260 2970 deremus,parumprol’ecitnus;
1303 2900 1398 2954 alii
1456 2900 1603 2955 enim
1661 2915 1732 2955 ne
1757 2899 1950 2954 tantil-

370 2981 480 3036 lum
511 2983 734 3052 quidem
789 2996 821 3036 a
855 2983 1159 3052 proposito,
1213 2989 1474 3053 provecta
1535 2991 1699 3038 aetate
1757 2991 1951 3038 nostra

371 3065 526 3129 moti,
554 3065 648 3118 alii
673 3078 704 3118 a
728 3065 779 3119 vi
808 3063 1093 3120 inferenda
1125 3067 1383 3122 recedere
1410 3073 1751 3138 satcgerunt,
1773 3067 1848 3138 ita.
1896 3075 1957 3120 ut

371 3146 744 3203 multitudinis
773 3147 1036 3218 sull'ragia
1065 3148 1375 3216 vincerent,
1407 3149 1720 3205 resistentia
1769 3161 1958 3205 nostra

371 3232 592 3288 illorum
615 3231 1050 3311 obstinationem
1074 3233 1128 3285 in
1171 3231 1351 3301 majus
1377 3241 1637 3303 augente.

2054 2319 2314 2390 ἐπιζητου
2324 2319 2487 2390 μένου
2515 2316 2611 2371 τοῦ
2635 2317 2732 2371 καὶ
2752 2319 2823 2371 τὰ
2854 2317 3238 2387 διεσπασμένα
3255 2316 3394 2387 μέλη
3417 2315 3519 2386 τῆς
3533 2315 3659 2367 Ἐκ-

2055 2405 2286 2476 κλησίας
2312 2401 2546 2472 συνάψαι
2567 2401 2894 2471 δυναμένου,
2923 2401 3022 2454 καὶ
3054 2399 3154 2470 τήν
3178 2401 3288 2454 τῶν
3314 2399 3663 2468 πραγμάτων

2053 2486 2391 2542 κατευνάσαι
2413 2485 2661 2556 ταραχὴν
2681 2480 2845 2555 (ἦσαν
2867 2479 3162 2554 γὰρ,ἧσαν
3202 2481 3440 2535 ποικίλοι
3473 2497 3534 2534 τε
3559 2498 3634 2534 κα

2052 2567 2387 2624 παντοδαποὶ
2413 2569 2556 2623 κατὰ
2593 2568 2693 2640 τήν
2735 2565 3062 2638 Ἐκκλησίαν
3091 2565 3264 2632 σάλοι,
3300 2564 3394 2618 καὶ
3439 2562 3620 2618 κλύδω
3640 2591 3662 2602 -

2053 2657 2192 2720 νες),
2225 2654 2270 2706 ῶ
2301 2654 2402 2725 τῆς
2452 2655 2534 2718 είς
2574 2654 2724 2725 ήμᾶς
2749 2651 3036 2724 φιλοτίμου
3073 2650 3370 2722 ἐπηρείαςι
3403 2651 3471 2720 τῇ
3500 2647 3663 2719 ήμῶν

2057 2739 2314 2810 ἀσθενείᾳ
2334 2737 2428 2791 καὶ
2456 2736 2794 2808 μετριότητι,
2812 2736 2840 2789 ὃ
2860 2753 2920 2790 τε
2947 2733 3202 2805 βασιλεὺς
3215 2732 3378 2796 αὐτὸς
3397 2731 3492 2785 καὶ
3507 2733 3536 2784 ό
3551 2731 3663 2784 τῶν

2060 2820 2253 2893 ἱερέων
2283 2820 2584 2875 ἐπιτίθεται
2606 2819 2866 2887 σύλλογος
2881 2817 3274 2888 ἀπαραιτήτως
3302 2817 3366 2869 ἐκ
3396 2812 3664 2885 βιαζόμε-

2059 2921 2142 2958 νοι
2182 2904 2275 2958 τον
2296 2905 2395 2973 τῆς
2417 2900 2833 2974 ἀρχιερωσύνης
2869 2900 3034 2969 ζυγὸν
3061 2899 3449 2964 ἀναδέξασθαι.
3469 2897 3664 2968 Ἦμῶν

2058 2985 2118 3042 δὲ
2181 2986 2418 3058 δάκρυσι
2478 2986 2574 3039 καὶ
2638 2985 2870 3050 ἱκεσίαις
2921 2983 3368 3052 ἐκλιπαρούντων
3415 2981 3666 3034 πλείοσιν

2061 3067 2309 3122 ἐνδοῦναι
2346 3067 2448 3137 μὲν
2464 3068 2562 3137 τῆς
2591 3067 2736 3140 βίας,
2753 3069 2960 3138 ἑτέροις
2979 3066 3037 3120 δέ
3065 3065 3164 3138 τὴν
3189 3065 3371 3136 ψῆφον
3391 3063 3665 3117 ἐπιθεῖναι

2059 3150 2218 3224 (ἀλλά
2261 3151 2380 3217 πῶς
2409 3152 2470 3206 τὸ
2499 3149 2630 3219 ἑξῆς
2674 3151 3009 3223 διηγήσομαι
3033 3150 3096 3218 ;),
3129 3149 3252 3203 οἱ,δέ
3284 3147 3424 3218 πρὸς
3486 3148 3668 3220 βραχῦ

1985 3228 2029 3284 1]
2065 3237 2183 3297 ταῖς
2212 3235 2444 3297 ἱκεσίαις
2468 3233 2931 3305 ἐπικάμπτονται,
2953 3234 3044 3286 ἐπὶ
3073 3231 3273 3296 πολλὰς
3303 3232 3360 3285 δὲ
3391 3231 3490 3294 τὰς
3520 3233 3664 3300 ήμεο

370 3331 470 3386 ρας
499 3313 660 3384 ήμῶν
697 3313 800 3383 μὲν
833 3299 1290 3383 ἀναὸἱλλομένων
1338 3299 1480 3385 πρὸς
1522 3314 1624 3387 τὴν
1665 3315 2006 3386 ἐγχείρησιν,
2052 3317 2282 3370 ἐκείνων
2307 3318 2365 3371 δὲ
2391 3317 2466 3389 μὴ
2498 3299 2796 3388 μεθιέντων
2833 3315 2932 3369 τοῦ
2981 3315 3288 3387 βιάζεσθαι,
3331 3315 3522 3383 κρατεῖ
3543 3299 3667 3363 τῶν

373 3398 636 3451 πλειόνων
673 3396 737 3450 τὸ
767 3397 1045 3468 βούλημα·
1077 3396 1202 3448 ὅσον
1225 3397 1339 3466 γὰρ
1367 3397 1530 3467 ήμείς
1557 3397 1913 3468 ἐνιστάμεθα,
1938 3400 2197 3454 τοσοῦτον
2225 3400 2412 3464 αὐτοῖς
2434 3403 2468 3471 ή
2508 3401 2755 3464 ἐπίθεσις
2795 3398 3065 3469 ἐπηύξετό
3088 3414 3148 3450 τε
3179 3402 3273 3450 καὶ
3306 3395 3555 3466 ἐξῄρετο.

435 3479 558 3534 Jam
593 3495 727 3535 vero
776 3489 966 3535 votum
1000 3479 1341 3547 signantium
1387 3491 1442 3537 et
1483 3481 1740 3547 pretiosae
1771 3482 1962 3538 crucis

435 3496 558 3534 Jalll
593 3496 727 3535 vero
776 3496 966 3535 νοιιιιη
1000 3496 1341 3547 signantium
1387 3496 1442 3537 et
1523 3496 1740 3536 reuosae
1771 3496 1962 3538 CI‘IICIS

369 3567 589 3634 signum
618 3564 1000 3622 exhibentium
1036 3563 1386 3623 sacerdotum
1428 3496 1962 3638 eiarchipreshyte-

371 3662 562 3704 rerum
613 3649 812 3726 aderat
835 3661 1110 3708 statutum
1158 3663 1400 3723 tempus.
1436 3649 1582 3717 Quid
1614 3652 1762 3706 enim
1822 3665 1963 3717 opus

371 3741 494 3791 erat
517 3743 579 3790 ut
617 3735 710 3789 illa
739 3737 940 3792 concio
965 3751 1056 3792 me
1091 3737 1146 3792 in
1180 3738 1454 3808 lacrymas
1487 3737 1688 3802 eﬂuso,
1738 3743 1962 3802 tempus

377 3819 619 3876 tereret?
651 3817 922 3890 Equidem
964 3821 1158 3874 nescio
1183 3835 1316 3876 num
1368 3819 1462 3876 Dei
1498 3820 1847 3891 providentia
1889 3833 1960 3871 an

376 3903 450 3958 ob
482 3912 710 3974 peccata
746 3917 870 3959 mea
917 3902 1432 3974 archiepiscopatus
1459 3903 1652 3973 iugum
1689 3903 1821 3957 mihi
1860 3903 1966 3956 im-

377 3987 670 4056 posuerint
717 3988 834 4052 uni,
887 3987 981 4057 qui
1035 3988 1258 4044 nonnisi
1305 3987 1664 4043 desolationis
1730 4002 1960 4058 parvum

375 4071 598 4140 aliquod
625 4071 874 4127 solamen
904 4071 1239 4140 quaerebam.
1273 4070 1354 4125 Ac
1393 4071 1572 4140 primo
1600 4069 1679 4124 illi
1714 4069 1858 4124 inter
1903 4082 1965 4124 se

375 4151 726 4218 diﬂerebant,
759 4153 830 4208 ad
866 4156 1113 4210 schisma
1149 4153 1446 4223 propensi;
1501 4151 1599 4207 sed
1659 4151 1964 4206 concordia

374 4236 626 4307 quaedam
659 4236 848 4291 innata
872 4237 928 4292 id
955 4237 1086 4292 fecit
1142 4245 1206 4292 ut
1245 4250 1370 4306 qua
1426 4245 1676 4306 separata
1704 4236 1966 4306 iacebant

376 4321 563 4377 denuo
606 4319 994 4390 iungerentur,
1028 4317 1179 4374 unde
1233 4318 1416 4374 fmdus
1448 4333 1652 4373 novum
1691 4333 1966 4388 pangere-

377 4415 489 4461 tur.
524 4405 590 4458 Et
619 4405 883 4474 quoniam
924 4417 1071 4458 nunc
1126 4403 1367 4457 maxime
1397 4401 1465 4456 ad
1503 4402 1828 4472 dignitatem
1868 4416 1964 4455 ar-

375 4487 842 4558 chiepiscopalem
870 4484 1046 4542 evecti
1074 4500 1296 4549 sumus,
1327 4499 1528 4540 manus
1567 4483 1856 4554 supplices
1894 4483 1964 4540 ad

377 4569 550 4626 Dedm
573 4570 1012 4641 omnipotentem
1042 4568 1290 4623 tollimus
1314 4574 1374 4622 ut
1404 4566 1566 4621 nobis
1590 4566 1646 4620 in
1668 4567 1834 4622 rebus
1864 4581 1966 4621 no-

376 4655 510 4710 stris
530 4669 699 4709 succu
709 4668 861 4711 rrere
884 4652 938 4710 ei
967 4652 1502 4721 libeat,gregemque
1518 4651 1680 4707 nobis
1699 4652 1965 4708 commis-

2141 3485 2284 3555 Ἤδη
2315 3483 2426 3554 γάρ
2476 3483 2629 3555 καὶή
2661 3483 2844 3554 ψῆφος
2886 3479 3422 3554 χειρογραφούντων,
3448 3477 3544 3531 καὶ
3571 3477 3667 3530 τὸν

2063 3567 2235 3623 τύπον
2260 3567 2354 3622 τοῦ
2383 3569 2569 3639 τιμίου
2587 3567 2954 3639 προτιθέντων
2978 3564 3237 3638 σταυροῦ,
3259 3563 3411 3636 παρά
3441 3564 3666 3617 πάντων

2067 3652 2262 3723 ἱερέων
2313 3669 2372 3706 τε
2419 3653 2516 3706 καὶ
2539 3652 2847 3722 ἀρχιερέων
2876 3651 3232 3722 διεπράττετο
3263 3649 3436 3711 τέλος·
3467 3647 3521 3700 τί
3550 3648 3697 3716 γὰρ,

2064 3737 2173 3808 χρὴ
2203 3739 2317 3801 τοῖς
2349 3736 2474 3790 τότε
2537 3735 2910 3806 συνενεχθεῖσι
2975 3735 3348 3806 χρονοτριϐεῖν
3393 3735 3507 3797 τοῖς
3550 3731 3666 3785 τῶν

2063 3821 2321 3893 δακρύων
2371 3821 2853 3895 περιῤῥαινομένῳ
2909 3821 3161 3892 ὀχετοίς;
3199 3821 3316 3874 Οὑκ
3374 3813 3497 3883 οἶδ’,
3552 3819 3664 3870 εἴτε

2064 3905 2295 3977 προνοίᾳ
2325 3905 2486 3968 Θεοῦ,
2515 3905 2615 3958 εἴτ’
2646 3903 2735 3958 ἐπ’
2765 3904 2978 3976 ἐλέγχῳ
3005 3903 3114 3956 τῶν
3149 3901 3436 3974 ἡμετέρων
3481 3901 3666 3970 ἀμαρ-

2062 3989 2328 4059 τημάτων
2357 3987 2449 4041 τὸν
2476 3987 2578 4058 τῆς
2622 3985 3039 4058 ἀρχιερωσύνης
3069 3985 3236 4054 ζυγὸν
3275 3982 3663 4053 ἐπιφορτίζου-

2065 4089 2150 4125 σιν
2180 4073 2265 4125 ἐνὶ
2293 4073 2440 4143 μόνῳ
2474 4070 2679 4141 μικρὰν
2704 4070 2804 4139 τῆς
2831 4069 3072 4136 ἀθυμίας
3121 4067 3456 4138 παραψυχὴν
3493 4068 3663 4137 ἐφευ-

2070 4155 2337 4228 ρίσκοντι.
2353 4155 2424 4207 '0
2450 4171 2502 4208 τι
2539 4154 2728 4224 σχεδὸν
2751 4154 2927 4205 εἰπεῖν
2951 4152 3089 4223 πρὸς
3121 4151 3386 4220 ἀλλήλους
3407 4151 3662 4220 διαφεροο

2069 4239 2248 4311 μένων
2289 4237 2586 4304 ἁπάντων,
2652 4239 2746 4290 καὶ
2785 4235 3034 4306 ἀλλήλων
3089 4233 3498 4304 ἀποτέμνεσθαι
3561 4233 3662 4286 καὶ

2065 4323 2517 4394 ἀπορῤήγνυσθαι
2545 4321 3015 4391 φιλονεικούντων,
3045 4317 3396 4388 ὁμοφροσύνη
3429 4334 3516 4379 τις
3560 4317 3662 4369 καὶ

2064 4404 2495 4478 ὁμογνωμοσύνη
2528 4407 2646 4467 ταῖς
2683 4403 2868 4457 αὑτῶν
2906 4403 3180 4472 ἐμφυεῖσα
3228 4399 3454 4470 ψυχαῖς,
3487 4398 3558 4452 τά
3583 4399 3662 4451 διο

2065 4489 2480 4560 εσκορπισμένα
2521 4488 2749 4556 συνῆγε,
2803 4487 2900 4540 καὶ
2945 4485 3016 4538 τά
3045 4484 3390 4555 διερρωγότα
3423 4484 3660 4553 συσφίγο

2064 4589 2240 4641 γουσα
2275 4573 2376 4641 τὴν
2436 4570 2711 4642 προτέραν
2773 4569 3028 4642 ὁμόνοιαν
3063 4567 3347 4637 ἐχαρίζετο
3377 4584 3392 4599 ο
3426 4567 3522 4620 καὶ
3562 4566 3660 4619 νῦν

2064 4657 2165 4729 τὴν
2198 4658 2474 4728 ὑμετέραν
2507 4654 2909 4726 ἀρχιερατικήν
2935 4668 2995 4705 τε
3044 4651 3141 4705 καὶ⁵
3197 4651 3480 4722 ἱερατικὴν
3511 4651 3658 4703 όσιό-

377 4753 499 4793 sum
525 4747 582 4791 ut
599 4737 702 4794 rite
729 4737 1049 4794 conducere
1063 4745 1119 4791 et
1142 4745 1403 4806 supmma
1430 4737 1693 4793 felicitate
1709 4737 1816 4791 frui
1835 4753 1957 4808 per-

2065 4758 2206 4810 τητα
2233 4743 2314 4804 είς
2342 4740 2644 4810 πρεσϐείαν
2673 4738 2810 4808 πρὸς
2837 4739 2929 4788 τὸν
2962 4735 3070 4788 τῶν
3110 4734 3246 4832 bium
3269 4732 3530 4832 κινοῦμεν
3563 4734 3658 4785 Δε-

377 4819 654 4878 mittat.Ut
667 4838 798 4880 vero
809 4820 1128 4879 communio
1149 4821 1274 4876 tidei
1291 4823 1736 4878 communionem
1755 4823 1809 4876 in
1829 4822 1962 4878 cha-

381 4908 545 4962 ritate
565 4922 755 4976 puram
783 4919 840 4964 et
871 4907 1150 4964 sinceram
1178 4915 1628 4977 conservet,qu:u
1645 4918 1961 4978 sequuntur

379 4989 664 5044 sanctitati
701 4998 808 5044 tute
836 4989 1104 5046 divinitus
1127 4988 1407 5058 inspirata:
1437 4993 1918 5048 oommuuicamus
1944 5009 1959 5046 :

2071 4826 2297 4894 σπότην,
2344 4823 2787 4892 ἀκαταγνὼστως
2827 4819 2928 4891 μὲν
2957 4819 3018 4871 τὸ
3046 4817 3170 4870 καθ’
3199 4817 3347 4887 ἡμᾶς
3369 4816 3657 4880 διαθεῖναι,

2067 4908 2512 4977 ἀκαταγνώστως
2584 4907 2642 4960 δὲ
2687 4904 2787 4973 τὴν
2843 4903 3362 4974 ἐμπεπιστευμένῳ
3424 4899 3660 4953 διιθῦναι

2068 4995 2327 5065 ποίμνην,
2359 4994 2455 5047 καὶ
2495 4992 2600 5062 τῆς
2636 4989 2849 5044 ἐκεῖθεν
2888 4987 3192 5058 εὐτυχῆσαι
3226 4985 3656 5056 μακαριότητος.

379 5071 500 5126 Ἵνα
533 5071 592 5125 δέ
622 5071 720 5127 καὶ
769 5073 805 5142 ὴ
848 5073 1106 5128 κοινωνία
1134 5071 1235 5141 τῆς
1281 5071 1524 5136 πίστεως
1547 5074 1650 5146 τήν
1682 5077 1742 5128 ἐν
1772 5075 1964 5146 ἀγάπῃ
2018 5077 2307 5130 κοινωνίαν
2341 5075 2565 5146 ἀρραγῆ
2624 5091 2686 5128 τε
2726 5073 2822 5127 καὶ
2862 5070 3158 5125 ἀνόθευτον
3205 5069 3656 5138 διαφυλάττοιτοι

379 5153 586 5224 ταύτην
621 5155 690 5226 τῇ
744 5153 992 5226 ὑμετέρᾳ
1035 5155 1414 5226 θεοσυλλὲκτῳ
1447 5156 1690 5226 ὁσιότητι
1721 5158 2214 5214 -ἀνακοινὼσασθαι
2265 5158 2688 5227 ἐδικαιὼσαμεν.

449 5235 628 5291 Credo
682 5236 739 5290 iu
777 5251 949 5290 unum
993 5234 1185 5302 Deum,
1239 5238 1567 5306 perfectum,
1617 5239 1959 5304 absolutum,

381 5315 620 5384 Patrem,
648 5315 845 5372 Filium
878 5329 932 5374 et
955 5317 1220 5387 Spiritum
1241 5319 1517 5385 sanctum,
1559 5336 1668 5376 non
1693 5338 1960 5392 separatis

384 5411 639 5455 naturam
663 5400 1043 5472 hypostasium
1081 5400 1391 5457 diﬂ'erentia
1431 5404 1572 5472 (Arii
1611 5406 1758 5459 enim
1778 5405 1958 5460 haereo

383 5483 464 5537 Sis
495 5495 684 5553 pereat
708 5486 788 5554 ii;
829 5483 941 5538 imo
979 5489 1194 5538 natura:
1233 5484 1526 5542 identitate
1580 5487 1960 5558 Itypostasium

381 5569 750 5626 diil‘crentiam
799 5571 1034 5624 honoro.
1099 5567 1325 5624 Sabellii
1361 5571 1508 5625 enim
1564 5587 1787 5642 quoque
1838 5574 1964 5629 volo

384 5655 636 5709 luercsim
687 5657 962 5725 perditum
999 5656 1092 5710 iri.
1131 5655 1191 5709 Et
1249 5657 1300 5711 in
1334 5657 1742 5714 sanctissimam
1775 5659 1963 5714 ’l‘rini-

2139 5243 2392 5297 Πιστεύω
2420 5241 2714 5312 τοιγαροῦν
2745 5240 2826 5302 είς
2852 5238 2952 5293 ἕνα
2989 5235 3146 5301 Θεὸν,
3192 5235 3423 5300 τέλειον,
3452 5233 3660 5287 τελειο-

2067 5328 2218 5380 ποιὸν
2271 5328 2512 5397 Πατέρα,
2561 5327 2711 5389 Υίδν,
2735 5325 2831 5378 καὶ
2865 5326 3087 5392 Πνεῦμα
3128 5320 3303 5390 ἆγιον,
3346 5321 3406 5372 ού
3435 5317 3661 5372 κατατέ-

2070 5429 2222 5481 μνων
2249 5414 2318 5479 τῇ
2349 5413 2458 5464 τῶν
2509 5410 2865 5463 ὑποστάσεων
2899 5409 3205 5478 ἑτερότητι,
3238 5405 3332 5458 καὶ
3366 5405 3468 5475 τὴν
3494 5402 3661 5472 φύσιν

2070 5494 2444 5564 (ἐκτεμνέσθω
2468 5495 2625 5564 γάρή
2653 5491 2867 5558 Ἀρείου
2895 5489 3258 5560 κατατομὴι),
3281 5487 3418 5542 ἀλλά
3444 5490 3512 5558 τῇ
3536 5503 3662 5539 ταυο

2067 5577 2257 5646 τότητι
2293 5577 2396 5645 τῆς
2449 5579 2666 5646 φύσεως
2725 5574 2826 5646 τὴν
2854 5575 2962 5628 τῶν
3003 5574 3357 5627 ύποστάσεων
3393 5571 3660 5641 διαφορὰν

2059 5659 2298 5726 δοξάζω.
2332 5658 2770 5730 Συναναιρείσθω
2800 5657 2913 5729 γάρ
2945 5656 3344 5727 παραπλησίως
3373 5657 3468 5710 καὶ
3497 5656 3532 5726 ή
3561 5653 3660 5707 τοῦ
