4024 5962
441 94 615 177 tmn‘

1905 99 2280 177 ADDENDA.

3579 120 3718 186 1024

451 227 782 284 dissimilem
820 243 950 286 esse
985 233 1359 300 somniahant,
1415 236 1681 293 unitatem
1738 244 1903 306 porro
1955 241 2016 282 el

2129 224 2448 296 δνειρώξας,
2470 227 2786 292 ἀκολούθως
2842 229 2872 283 δ
2901 228 3213 302 τρισάθλιος
3235 229 3425 286 καλεῖν
3443 231 3546 303 τὴν
3577 251 3716 287 παν-

448 312 663 368 duabus
692 317 907 370 naturis
935 317 1398 387 proficiscentem,
1417 322 1473 376 in
1502 337 1666 376 unam
1701 317 1898 374 deinde
1926 331 2029 370 na-

450 404 632 451 turam
656 396 972 464 conflatam,
997 405 1250 458 neutrius
1268 405 1584 472 qualitates,
1619 417 1723 458 nec
1764 401 2029 460 divinam,

449 495 553 535 nec
599 480 896 537 humanam
939 473 1320 544 conservasse.
1363 486 1645 552 Quintam,
1702 484 1829 554 quia
1868 483 2031 552 plane

447 564 774 634 exstirpat-it
800 565 1057 636 dogmata
1079 566 1298 624 funesta
1325 578 1380 624 et
1404 571 1458 625 in
1485 570 1771 626 hominum
1801 565 2028 621 exitium

347 684 356 688 ι
445 654 573 700 nata
616 647 766 718 impii
805 646 1080 713 Nestorii,
1122 652 1214 720 qui
1244 653 1546 709 Ecclesiam
1578 653 1719 707 male
1755 649 2028 720 guberna-

443 730 522 782 vit
557 747 572 796 ;
623 731 748 786 dein
781 731 1055 789 Theodori
1086 733 1451 806 Mopsuestini
1501 751 1611 792 non
1661 733 1862 790 minori
1901 746 2026 787 cum

444 811 726 882 impietate
771 816 1019 886 episcopi
1065 828 1252 888 partes
1283 820 1498 890 agentis
1538 833 1735 874 vanam
1773 815 2026 870 haeresim

440 897 758 954 eradicavit.
779 900 903 955 Hzrc
919 901 1108 957 eadem
1126 903 1370 974 synodus
1387 903 1697 973 Origenem,
1716 900 2026 971 Didymum,

439 981 752 1050 Evagrium,
773 985 866 1054 qui
895 986 1296 1057 pliilosOphiam
1325 987 1687 1057 graecanicam
1704 983 1933 1052 amplexi
1969 981 2024 1035 in

438 1066 740 1135 impietatis
789 1054 1049 1138 abyssum
1095 1054 1474 1134 conciderant,
1513 1065 2027 1124 anathematizavit.-

435 1151 653 1208 Gradus
679 1167 918 1223 namque
966 1153 1299 1218 divinitatis,
1330 1163 1386 1210 et
1420 1153 1727 1208 animarum
1763 1150 2026 1223 prmexsi-

436 1234 693 1287 Stentiam
717 1249 1018 1305 earumque
1038 1251 1164 1290 cum
1189 1235 1428 1292 Numine
1453 1235 1806 1292 concordiam
1829 1243 1885 1288 et
1909 1233 2026 1288 dis-

434 1317 682 1370 cordiatn
710 1316 1000 1387 ﬁngentes,
1018 1333 1226 1389 easque
1257 1318 1312 1374 in
1330 1319 1544 1375 diversa
1573 1332 1806 1389 corpora
1835 1327 2024 1372 trans-

435 1408 740 1468 ponentcs,
781 1413 1066 1469 pcenarum
1138 1401 1373 1473 denique
1413 1403 1574 1457 linem
1617 1411 1673 1458 et
1712 1403 2020 1456 daemonum

432 1483 797 1538 defectionem
821 1484 978 1553 quasi
1003 1483 1373 1551 ruminantes,
1394 1486 1539 1539 ultra
1572 1485 1794 1540 modum
1815 1483 2020 1538 fabulis

2133 309 2299 378 αγίαν
2326 311 2607 380 Θεοτόκον,
2638 314 2902 368 Θεοτόκον
2933 317 3162 386 κυρίως,
3193 317 3576 388 ἀπηρνήσατο.
3600 319 3716 388 Τὴν

2129 393 2186 446 δὲ
2215 396 2504 468 τετάρτην,
2537 396 2614 460 ὡς
2640 397 2732 451 τὸν
2756 398 2994 470 δυστυχῆ
3035 399 3253 468 Εὐτυχῆ
3297 401 3394 453 καὶ
3421 401 3716 472 Διόσκορον

2128 477 2222 530 τὸν
2246 479 2520 552 ἀλάστορα
2547 481 2931 552 διαταράξασαν
2959 484 3054 537 καὶ
3072 482 3551 553 ἀναθεματίσασαν
3574 485 3715 554 μετὰ

2127 559 2230 628 τῆς
2257 563 2665 630 φαντασιώδους
2712 566 2894 619 αὐτῶν
2927 566 3358 638 φρενοϐλαϐείας
3394 568 3493 620 καὶ⁹
3531 567 3716 636 πάσης

2127 644 2310 723 αὐτῶν
2340 647 2439 716 τῆς
2467 650 2798 720 συμμορίας
2821 649 2920 720 τὴν
2938 649 3048 720 γάρ
3075 649 3169 704 τοῦ
3193 650 3397 720 Κυρίου
3423 652 3604 720 σάρκα
3635 653 3714 723 μὴ

2128 721 2270 780 εἶναι
2316 729 2451 799 ἡμῖν
2503 730 2793 799 όμοούσιον
2849 731 3180 802 ἐληρῴδουν,
3234 732 3352 786 ἀλλ’
3394 733 3461 786 ἐκ
3489 733 3584 786 δύο
3615 721 3715 803 μὲν

2129 811 2349 879 φύσεων
2379 813 2478 884 τὴν
2527 813 2728 868 ενωσιν
2762 815 3042 884 γενέσθαι,
3072 815 3152 878 είς
3179 815 3310 885 μίαν
3336 815 3395 869 δὲ
3435 815 3578 886 μετὰ
3612 815 3714 886 τὴν

2127 891 2324 946 ἕνωσιν
2357 897 2802 968 συναναλωθῆναι
2833 897 3017 966 φύσιν,
3045 898 3348 970 μηδετέρας
3391 897 3714 964 ἀποσώζου-

2129 993 2230 1030 σαν
2268 980 2338 1033 τά
2379 980 2665 1050 ἰδιώματα,
2721 984 2862 1052 μήτε
2912 984 3011 1053 τῆς
3041 981 3253 1050 θεῖκῆς,
3289 985 3428 1054 μήτε
3479 982 3588 1052 μὴν
3614 982 3716 1053 τῆς

2126 1060 2498 1134 ἀνθρωπίνης.
2526 1066 2636 1118 Καὶ
2655 1066 2756 1136 τὴν
2777 1066 3037 1138 πέμπτην
3056 1066 3136 1132 δέ,
3161 1066 3238 1128 ὡς
3264 1066 3608 1137 ἐκτεμοῦσάν
3647 1082 3712 1118 τε

2125 1145 2223 1198 καὶ
2268 1147 2740 1220 ἀποτεφρώσασαν
2772 1150 2958 1204 τέλεον
3003 1150 3074 1205 τά
3121 1151 3210 1206 ἐπ’
3233 1151 3444 1222 ὀλέθρῳ
3473 1151 3583 1204 τῶν
3616 1166 3713 1219 γε·

2125 1231 2467 1300 γεννηκότων
2491 1233 2961 1304 ἀναῤῥιπιζόμενα
2995 1236 3166 1306 μιαρὰ
3206 1234 3461 1306 δόγματά
3517 1251 3577 1288 τε
3612 1235 3711 1288 καὶ

2125 1316 2386 1386 κυήματα
2407 1317 2502 1371 τοῦ
2540 1319 2837 1385 δυσσεϐοῦς
2860 1320 3159 1386 Νεστορίου
3181 1320 3274 1374 τοῦ
3300 1321 3402 1390 τῆς
3437 1318 3712 1390 βασιλίδος

2123 1399 2300 1464 ἀθέως
2359 1401 2815 1474 ίεραρχήσαντοε,
2843 1405 2938 1458 καὶ
2971 1403 3250 1475 Θεοδώρου
3303 1403 3399 1458 τοῦ
3442 1403 3710 1474 Μομψουο

2124 1483 2310 1546 εστίας
2359 1483 2664 1555 ἀθεώτερον
2713 1488 3210 1558 ἐπισκοπήσαντος,
3269 1485 3468 1550 αὐτούς
3521 1503 3581 1540 τε
3612 1483 3712 1540 καὶ

432 1575 488 1622 et
520 1567 777 1622 inanibus
809 1567 1157 1623 sermonibus
1191 1583 1313 1624 sese
1341 1567 1634 1624 dederunt.
1667 1567 1773 1622 Sed
1808 1576 2016 1622 sextam

2123 1565 2336 1630 πάντας
2359 1567 2485 1630 τοὺς
2515 1569 2614 1639 τὴν
2641 1570 2815 1639 αὐτὴν
2848 1571 3032 1635 αὐτοῖς
3057 1569 3532 1642 μεταιοφροσύνην
3551 1571 3709 1624 ἐκνο-

432 1664 653 1719 quoqne
685 1650 966 1719 proﬁteor,
981 1667 1103 1722 quas
1135 1651 1441 1708 Ilonorium
1461 1659 1516 1706 et
1534 1651 1778 1706 asseclas
1802 1650 1946 1720 ejus,
1964 1659 2020 1704 et

432 1733 685 1803 Sergium
704 1732 1110 1805 Macariumque
1130 1736 1522 1790 miraculorum
1547 1737 1748 1791 stultos
1771 1737 2016 1790 cultores

431 1827 597 1888 atque
629 1835 724 1876 eos
756 1820 850 1889 qui
887 1821 1105 1875 illorum
1125 1821 1462 1892 impietatem
1491 1823 1624 1877 totis
1644 1821 1804 1876 labiis
1822 1830 2014 1892 gusta-

428 1903 932 1966 runt,interemit.U
942 1919 1065 1958 nam
1081 1905 1227 1959 enim
1250 1906 1583 1960 voluntatem
1596 1913 1650 1959 et
1666 1921 1831 1959 unam
1850 1906 2016 1961 actio.

429 2003 551 2041 nem
575 1987 797 2042 Christo
821 1988 929 2042 Deo
953 1995 1144 2044 nostro
1160 1989 1254 2059 qui
1281 2005 1312 2044 e
1327 1990 1544 2045 duabus
1559 1991 1776 2045 naturis
1805 1988 2012 2044 inflexi-

428 2070 636 2127 bilibus
686 2070 912 2141 prodiit,
940 2072 1084 2126 mala
1118 2081 1303 2128 mente
1342 2073 1436 2128 isti
1477 2073 1581 2128 viri
1613 2071 2016 2126 nefandiattri-

427 2155 687 2208 buerunt.
707 2155 864 2209 Addo
883 2155 1049 2210 etiam
1091 2158 1390 2212 secundam
1445 2163 1695 2212 sanctam
1730 2155 2006 2212 Nicarnam

429 2239 702 2306 synodum
734 2253 857 2306 qua:
901 2236 1320 2305 lconomachos,
1353 2239 1406 2293 id
1434 2247 1518 2293 est
1548 2237 2007 2295 Christomachos

426 2320 704 2390 depressit
747 2331 801 2376 et
850 2321 1174 2376 eorumdein
1210 2324 1681 2378 manichmismuin
1712 2323 2000 2379 exstinxit.

423 2399 640 2458 Domini
667 2405 720 2460 hi
743 2406 917 2461 nostri
936 2405 1096 2462 nobis
1115 2407 1587 2463 consubstantiale
1604 2418 1857 2462 sanctum
1879 2421 2006 2462 cor-

421 2505 530 2559 pus
579 2493 804 2560 pingere
851 2492 1309 2557 extimescebant,
1335 2506 1572 2563 eumque
1598 2491 1846 2561 ejusdem
1872 2507 2000 2546 cum

423 2571 586 2628 nobis
614 2573 938 2628 substantiae
962 2589 1086 2629 esse
1117 2581 1402 2643 negantes.
1433 2573 1542 2628 llas
1575 2575 1743 2644 igitur
1790 2581 2000 2644 septem

423 2663 646 2712 sanctas
677 2664 731 2710 et
772 2657 1146 2712 tecumenicas
1192 2657 1435 2726 synodos
1477 2672 1734 2723 veneror,
1775 2656 2004 2714 anathe-

422 2738 694 2793 matizans
754 2754 850 2794 eos
879 2738 974 2809 qui
1012 2739 1081 2792 ab
1135 2739 1273 2808 ipsis
1312 2739 1761 2794 anathematizati
1818 2749 1947 2794 sunt
1982 2757 1998 2806 ;

421 2823 759 2891 amplectens
774 2831 828 2876 et
852 2822 1139 2878 celebrans
1157 2837 1254 2878 eos
1278 2838 1416 2893 quos
1447 2823 1554 2877 illas
1587 2823 1994 2881 collaudarunt.

2125 1650 2420 1718 σήσαντας.
2445 1651 2520 1704 Οὐ
2557 1653 2666 1722 μὴν
2695 1653 2834 1706 ἀλλά
2852 1670 2914 1722 γε
2937 1655 3002 1724 δὴ
3030 1655 3123 1709 καὶ
3148 1654 3225 1718 ὡς
3242 1655 3620 1708 διασπάσασάν
3647 1671 3712 1706 τε

2119 1732 2218 1786 καὶ
2253 1733 2619 1804 ἐκθερίσασαν
2657 1736 2960 1807 Ὠριγένην,
3015 1737 3273 1807 Δίδυμον,
3320 1738 3590 1807 Εὐάγριον
3620 1739 3712 1792 έλ-

2116 1815 2408 1888 ληνόφρονι
2438 1818 2708 1889 λογισμῷ,
2739 1822 2835 1874 καὶ
2861 1821 3110 1892 ἀσυνέτῳ
3143 1821 3337 1891 γνώμῃ
3363 1823 3444 1884 είς
3472 1822 3706 1892 ἔσχατον

2120 1898 2282 1968 βυθὸν
2309 1901 2604 1972 ἀθεότητος
2651 1903 3114 1972 ἐμπεπτωκότας.
3147 1903 3401 1974 Βαθμοὺς
3455 1904 3566 1975 γάρ
3606 1911 3704 1959 καὶ

2115 1982 2414 2047 ύποϐάσεις
2445 1983 2701 2055 θεότητος
2727 1987 3160 2050 άναπλάσαντες,
3189 1988 3284 2040 καὶ
3333 1987 3526 2057 ψυχῶν
3560 2005 3703 2057 προ-

2113 2064 2382 2138 ῦπάρξεις
2405 2106 2422 2133 ,
2481 2068 2577 2122 καὶ
2625 2069 2726 2139 τῆς
2773 2070 2912 2139 πρὸς
2955 2069 3018 2122 τὸ
3073 2068 3228 2123 Θεϊον
3257 2069 3439 2124 αὐτῶν
3464 2069 3704 2133 νεύσεως

2111 2151 2413 2225 ἀπορροίας
2435 2169 2496 2206 τε
2520 2153 2618 2206 καὶ
2642 2154 2997 2218 ἀποπτώσεις
3023 2154 3083 2207 ἐν
3113 2154 3328 2218 έαυτοῖς
3355 2154 3706 2224 ὑποστήσαν-

2109 2252 2224 2299 τες,
2254 2236 2336 2299 είς
2365 2236 2599 2306 διάφορά
2647 2254 2708 2290 τε
2758 2237 2852 2291 καὶ
2879 2237 3136 2308 πολυειδῆ
3163 2237 3395 2308 σώματα
3431 2239 3702 2308 μεταγγί-

2113 2319 2302 2384 ζοντες
2357 2318 2566 2382 ταύτας
2600 2321 2695 2373 καὶ
2733 2321 3184 2389 μεταϐάλλοντες,
3220 2321 3317 2374 καὶ
3359 2320 3514 2384 τέλος
3541 2321 3709 2374 κολά-

2111 2419 2252 2456 σεων
2286 2402 2382 2456 καὶ
2410 2401 2685 2472 δαιμόνων
2720 2403 3266 2468 ἀποκατάστασιν,τδ
3286 2402 3354 2474 δὴ
3379 2401 3703 2474 λεγόμενον,

2107 2485 2218 2538 ἀπὸ
2237 2484 2448 2548 κοιλίας
2475 2484 2852 2556 ἐρευγόμενοι,
2870 2484 3262 2556 άθυροστόμως
3282 2485 3703 2556 ἐμυθολόγησαν

2102 2568 2198 2622 καὶ
2251 2567 2672 2640 ἐρῤαψῴδησαν.
2713 2565 2876 2622 Ἀλλά
2897 2569 2994 2622 καὶ
3018 2567 3121 2638 τὴν
3149 2568 3343 2638 ἕκτην,
3364 2567 3443 2632 ὡς
3463 2568 3702 2642 ἀπορρί-

2103 2652 2288 2723 ψασάν
2338 2670 2397 2707 τε
2427 2651 2523 2706 καὶ
2578 2653 3015 2707 κατασπάσασαν
3047 2652 3176 2716 τοὺς
3221 2651 3366 2722 ἀμφὶ
3413 2651 3699 2726 ’ονώριον,

2101 2740 2196 2794 καὶ
2217 2739 2465 2810 Σέργιον,
2498 2739 2596 2793 καὶ
2634 2739 2948 2812 Μακάρων,
2996 2739 3126 2802 τοῦς
3155 2737 3552 2808 τερατολόγους
3597 2748 3704 2801 καὶ

2101 2823 2462 2895 παράφρονας
2490 2824 2608 2894 άμα
2640 2823 2846 2890 αὐτοῖς,
2879 2825 2975 2878 καὶ
3005 2822 3135 2887 τοὺς
3171 2822 3272 2892 τὴν
3301 2822 3486 2876 αὐτῶν
3503 2824 3698 2877 δυσσέ-

417 2905 575 2959 ϐειαν
614 2905 868 2975 ἀκρατῶς
891 2905 1418 2977 ἐναπομαξαμένους
1448 2907 1588 2976 μετά
1631 2906 1734 2976 τῆς
1771 2905 2009 2975 ἐκφύλου
2047 2907 2146 2961 καὶ
2185 2905 2474 2959 ἀλλοκότου
2515 2905 2694 2959 αὐτῶν
2731 2905 3228 2978 ’πλασματολογίας⁹
3252 2905 3313 2960 ἓν
3341 2906 3452 2976 γάρ
3483 2905 3701 2978 θέλημα

419 2989 513 3041 καὶ
555 2988 683 3058 μίαν
715 2989 995 3059 ἐνέργειαν
1020 2987 1099 3058 τῷ
1129 2990 1193 3042 ἐκ
1235 2987 1328 3042 δύο
1356 2989 1797 3060 ἀπαρατρέπτων
1838 2989 2054 3059 φύσεων
2094 2989 2353 3057 πεφυκότι
2381 2988 2602 3060 Χριστῷ
2648 2988 2727 3059 τῷ
2773 2989 2893 3061 Θεῷ
2945 2989 3104 3060 ἡμῶν
3144 2987 3329 3052 κακῶς
3376 2989 3427 3042 οἱ
3471 2988 3699 3045 δείλαιοι

418 3071 814 3142 ἐπεγράφοντο.
871 3072 990 3124 Ἔτι
1024 3071 1080 3126 δέ
1111 3073 1206 3126 καὶ
1230 3073 1330 3142 τὴν
1363 3075 1422 3127 ἐν
1451 3071 1658 3142 Νικαίᾳ
1677 3071 1739 3124 τὸ
1771 3070 2024 3143 δεύτερον
2058 3074 2210 3144 ίεράν
2243 3074 2338 3127 καὶ
2370 3072 2618 3144 μεγάλην
2651 3073 2872 3127 σύνοδον
2899 3074 3026 3138 τοῦς
3054 3072 3461 3144 Είκονομάχους
3485 3074 3581 3129 καὶ
3608 3072 3702 3128 διὰ

414 3153 576 3208 τοῦτο
612 3153 1030 3223 Χριστομάχους
1070 3155 1167 3209 καὶ
1215 3145 1686 3223 άγιοκατηγόρους
1731 3154 2255 3208 ἀποσκυὼλίσασάν
2305 3171 2366 3207 τε
2413 3156 2511 3208 καὶ
2562 3153 3003 3219 καταϐαλοῦσαν,
3027 3154 3127 3208 σῦν
3155 3155 3340 3220 αὐτοῖς
3367 3154 3426 3209 δέ
3468 3155 3566 3210 καὶ
3592 3157 3696 3228 τὴν

417 3237 716 3308 βδελυκτὴν
765 3239 862 3291 καὶ
904 3237 1255 3309 Μανιχαῖκὴν
1285 3238 1466 3292 αὐτῶν
1522 3239 1761 3309 αἵρεσιν.
1791 3238 1867 3290 Τδ
1890 3237 1999 3308 γάρ
2026 3235 2121 3289 τοῦ
2149 3234 2358 3306 Κυρίου
2391 3235 2550 3305 ἡμῶν
2585 3235 2760 3305 Ἰησοῦ
2793 3234 3030 3306 Χριστοῦ
3059 3237 3348 3306 ὁμοούσιον
3373 3237 3504 3307 ἡμῖν
3531 3236 3696 3307 ἅγιον

418 3319 581 3391 σῶμα
619 3321 856 3390 γράφειν
890 3320 1177 3383 είκονικῶς
1209 3320 1601 3390 ἐμυσάττοντο·
1630 3321 1691 3373 τὸ
1715 3319 1995 3388 άγραπτον
2019 3317 2114 3371 καὶ⁵
2144 3317 2520 3387 περίγραπτον
2547 3317 2714 3371 αὐτοῦ
2733 3318 3263 3388 καταδακχεύοντες,
3295 3318 3390 3373 καὶ
3417 3321 3505 3374 διά
3535 3320 3699 3382 τοῦτο

419 3404 498 3474 μὴ
543 3399 685 3456 εῖναι
718 3404 850 3474 ἡμῖν
881 3403 1168 3473 ὀμοούσιον
1215 3403 1463 3483 μανικῶς
1506 3401 1992 3473 συμπεραίνοντες.
2029 3400 2245 3464 Ταύτας
2266 3481 2274 3483 Α
2296 3399 2390 3455 οῦν
2416 3403 2514 3464 τάς
2545 3401 2704 3470 ἁγίας
2733 3402 2829 3456 καὶ
2854 3403 3241 3472 οίκουμενικάς
3265 3404 3407 3458 ἐπτά
3436 3408 3698 3483 συνόδους

413 3487 769 3558 ἀποδέχομαι,
811 3485 1228 3556 ἀναθεματίζων
1275 3486 1394 3554 μὲν,
1426 3481 1519 3548 ὁῦς
1549 3485 1968 3555 ἀνεθεμάτισαν,
1998 3481 2485 3555 κατασπαζόμενος
2534 3484 2593 3538 δέ
2646 3485 2742 3538 καὶ
2771 3484 3109 3554 μεγαλύνων,
3148 3484 3243 3550 οὒς
3293 3481 3698 3563 ἐπευφήμησαν

490 3570 616 3624 ΙΙειεσ
653 3580 737 3624 est
775 3584 894 3623 mea
927 3569 1049 3623 fidei
1083 3579 1138 3624 et
1174 3583 1364 3623 eorum
1401 3569 1493 3638 qui
1519 3582 1588 3623 eo
1624 3577 1874 3636 spectant
1905 3568 2002 3622 de-

2174 3566 2326 3637 Αὕτη
2383 3569 2543 3639 μουή
2595 3569 2697 3638 τῆς
2761 3573 3020 3634 πίστεως,
3065 3572 3160 3624 καὶ
3215 3573 3324 3627 τῶν
3365 3576 3446 3638 είς
3482 3579 3695 3648 ταύτην

415 3655 671 3716 claratio,
724 3662 780 3708 et
810 3654 866 3708 in
898 3669 962 3708 ea
1004 3669 1134 3723 spes
1167 3653 1384 3717 nititur,
1436 3667 1548 3707 non
1583 3653 1720 3706 mihi
1749 3653 1876 3714 soli,
1908 3651 2006 3707 sed

2119 3653 2440 3723 ὶνηκόντων,
2467 3654 2564 3707 καὶ
2603 3654 2732 3724 περὶ
2772 3655 2944 3726 αὐτὴν
2979 3657 3370 3727 ὑφισταμένων
3402 3661 3694 3731 ὁμολογία,

413 3738 675 3794 omnibus
701 3739 906 3808 quibus
928 3738 1103 3809 pietas
1127 3737 1281 3792 cordi
1313 3747 1420 3802 est,
1453 3745 1510 3791 et
1545 3753 1697 3808 purae
1732 3737 1999 3792 Christia-

2119 3735 2200 3788 ιαὶ
2241 3737 2299 3788 ἐν
2323 3736 2496 3808 ταύτῃ
2525 3739 2558 3806 ἠ
2589 3737 2766 3804 ἐλπὶς,
2799 3738 2902 3792 οὐκ
2935 3739 3061 3807 ἐμοὶ
3111 3739 3169 3792 δὲ
3203 3740 3387 3810 μόνον,
3421 3742 3560 3798 ἀλλά
3592 3747 3694 3800 καὶ

415 3838 610 3879 norum
637 3822 759 3877 fidei
802 3837 961 3878 amor
986 3822 1206 3878 insitus.
1247 3821 1401 3876 llanc
1437 3821 1603 3893 igitur
1636 3821 1758 3876 ﬁdei
1788 3819 2004 3890 profes-

2119 3819 2273 3872 πᾶσιν
2301 3820 2446 3883 ὅσοις
2471 3820 2717 3874 εὐσεϐεῖν
2747 3820 3136 3892 μεμελέτηται,
3176 3823 3274 3876 καὶ
3301 3823 3404 3895 τῆς
3437 3826 3694 3900 καθαρᾶς

414 3907 626 3962 sionem
657 3922 823 3961 manu
860 3922 982 3962 mea
1033 3906 1298 3976 scriptam
1330 3905 1613 3960 sanctitati
1651 3917 1844 3959 vestrae
1871 3905 2002 3959 mit-

2119 3903 2196 3956 ιαὶ
2224 3902 2520 3973 ἀκιὸδήλου
2569 3903 2730 3973 δόξης
2775 3902 2887 3956 τῶν
2943 3904 3291 3974 Χριστιανῶν
3347 3906 3491 3971 θεῖος
3544 3911 3692 3982 ἔρως

414 3999 610 4056 tentes,
661 4005 971 4061 precamur,
1020 3990 1090 4045 de
1119 4004 1293 4054 more,
1344 3995 1406 4043 ut
1446 4002 1642 4059 preces
1684 4003 1784 4058 pro
1840 3988 2003 4044 nobis

2119 3986 2492 4056 προσπέφυκεν
2513 3985 2756 4056 ἔχεσθαι.
2781 3984 3000 4057 Ταύτην
3025 3983 3122 4040 οὖν
3158 3988 3316 4058 ἡμῶν
3343 3991 3444 4062 τὴν
3475 3991 3692 4066 ιγγρα-

413 4073 657 4129 faciatis.
689 4073 781 4129 Sic
811 4073 958 4129 enim
994 4072 1166 4128 Deum
1197 4072 1498 4143 propitium
1528 4070 1817 4128 faciemus.
1855 4081 1910 4124 et
1937 4077 2001 4125 ut

2119 4069 2330 4153 ροντῆς
2378 4070 2618 4133 πίστεως
2670 4070 2969 4141 ὁμολογίαν
3016 4071 3447 4146 ὑποστήσαντες,
3497 4081 3590 4134 καὶ
3617 4083 3689 4153 τῇ

410 4174 628 4214 omnem
674 4158 1058 4213 scandalorum
1107 4157 1451 4222 radicem,et
1491 4169 1708 4210 onmem
1759 4153 1995 4222 lapidem

2119 4152 2257 4223 jpt‘bv
2285 4154 2533 4224 πανιέρῳ
2581 4154 2816 4226 ίερότητι
2846 4155 2916 4209 τά
2959 4156 3086 4210 καθ’
3107 4158 3257 4228 ἡμᾶς
3297 4159 3375 4225 ὡς
3402 4163 3462 4216 ἐν
3493 4152 3690 4220 πίνακί

410 4258 523 4314 quo
561 4241 761 4296 oﬂ'endi
792 4241 1071 4312 possimus
1097 4240 1334 4310 rejiciat.
1355 4240 1434 4294 Ita
1463 4237 1646 4294 fideles
1673 4237 1994 4320 felicissime

2119 4238 2554 4320 ῐιαχαράττοντες
2579 4239 2694 4320 τοῖς
2730 4238 2912 4320 λόγοις
2935 4239 3423 4312 ἀνιστορήσαντες,
3453 4245 3593 4317 ὅπερ
3619 4249 3688 4320 δὴ

409 4333 758 4396 pascentur;
817 4325 898 4380 sic
936 4339 1038 4380 nos
1080 4324 1184 4394 ipsi
1237 4332 1592 4394 peccatorum
1639 4317 1992 4400 multitudine

2119 4317 2352 4377 εολλάκις
2367 4319 2713 4391 ⁴ᾐτησάμεθα,
2729 4318 2838 4372 τῶν
2857 4320 3142 4393 ὑμετέρων
3166 4324 3493 4395 ἐπιδεόμεθα
3510 4317 3690 4400 προσέ

409 4424 520 4464 non
554 4407 917 4479 impediemur
941 4408 1074 4479 quin
1107 4409 1163 4464 in
1193 4407 1416 4462 virtutis
1445 4405 1639 4460 semita
1664 4399 1989 4473 progredia-

2120 4402 2284 4472 υχῶν,
2312 4401 2444 4455 Θεὸν
2472 4401 2574 4472 μὲν
2605 4401 2762 4456 ἵλεων
2804 4405 2897 4457 καὶ
2923 4404 3126 4476 εὐμενῆ
3150 4408 3236 4478 ἐφ’
3264 4404 3347 4472 οἷς
3366 4427 3428 4464 τε
3445 4399 3690 4483 πράττο-

409 4509 554 4549 mur.
585 4492 801 4548 Utinam
828 4508 931 4564 ego
957 4507 1174 4564 semper
1189 4491 1388 4546 faciam
1413 4490 1659 4544 etdicam
1687 4500 1812 4556 quae
1837 4500 1987 4540 sanae

2119 4485 2312 4550 ιεν,καὶ
2330 4485 2767 4557 διεπραξάμεθα,
2793 4489 2942 4558 ἡμᾶς
2961 4489 3491 4561 ἐφευρεϊν,πᾶσανδέ
3515 4513 3691 4552 σκαν-

407 4581 674 4634 doctrina!
707 4587 835 4635 sunt
864 4597 880 4646 ;
935 4581 1144 4634 utinam
1185 4578 1263 4632 illi
1297 4592 1358 4633 se
1390 4575 1458 4631 ad
1492 4575 1725 4630 salutem
1760 4573 1984 4642 perduci

2119 4569 2263 4623 άλων
2296 4571 2454 4639 ῥίζαν
2503 4571 2598 4623 καλ⁸
2651 4570 2861 4640 πέτραν
2909 4574 3337 4645 προσκόμματος
3389 4579 3456 4633 ἐκ
3503 4581 3688 4636 ποδῶν

407 4662 986 4734 sinzmt,Christoque,
1008 4660 1103 4732 qui
1135 4661 1379 4715 omnium
1411 4666 1498 4714 est
1522 4665 1709 4724 caput,
1738 4653 1988 4708 studiose

2119 4647 2435 4734 ηεγενημινα
2461 4651 2582 4734 ’τῆς
2626 4650 3094 4734 ἐκκλησιαστικῆς
3119 4653 3375 4720 εὐταξίας
3396 4657 3646 4731 καθορᾷν
3665 4679 3686 4696 ·

406 4747 718 4800 adhaereant
749 4763 765 4812 ;
799 4730 890 4801 cui
915 4730 1088 4816 gloria
1104 4753 1158 4799 et
1177 4741 1446 4803 fortitudo
1475 4739 1636 4796 simul
1663 4753 1787 4793 cum
1825 4736 1987 4791 Patre

2119 4730 2474 4801 τοιμαίνεσθαί
2501 4747 2562 4784 τε
2586 4732 2765 4797 καλῶς
2787 4732 2850 4786 τὸ
2872 4733 3134 4816 ὐπήκοον,
3168 4735 3244 4807 μὴ
3257 4737 3335 4808 τῷ
3351 4739 3549 4811 πλήθει
3571 4730 3688 4798 τῶν

404 4841 459 4885 et
493 4829 699 4897 Spiritu
741 4815 958 4896 sancto,
994 4827 1252 4883 'l‘rinitati
1296 4823 1754 4882 consubstantiali
1795 4863 1812 4888 ,
1858 4820 2016 4897 vitm_

2125 4817 2367 4886 μετέρων
2394 4815 2811 4887 ἁμαρτημάτων
2841 4815 2941 4888 τὴν
2971 4818 3195 4872 ἐκείνων
3220 4821 3308 4874 ἐπ’
3327 4822 3522 4894 ἀγαθῷ
3544 4844 3685 4897 προ-

408 4888 566 4976 fonti,
582 4927 726 4966 nunc
745 4922 798 4966 et
819 4888 1035 4982 semper
1052 4922 1107 4967 et
1124 4912 1176 4966 in
1201 4911 1401 4966 saecula
1419 4907 1971 4964 saeculorum.Amen.
2001 4888 2016 4948 ]

2119 4900 2256 4969 οπὴν
2275 4898 2697 4982 ἀνακόπτεσθαι,
2731 4898 2808 4962 ώς
2835 4899 3087 4954 ἐντεῦθεν
3109 4905 3243 4972 ἡμῖν
3275 4888 3685 4964 πολλαπλάσιον

416 4997 466 5049 ιδ
492 4997 797 5066 ἁμάρτημα
818 4980 1288 5066 καταγράφεσθαι.
1306 4993 1570 5064 Ἀλλέῐην
1600 4994 1699 5061 μὲν
1719 4991 1902 5052 αὐτοῖς
1929 4987 2104 5056 ἔγωγε
2123 4985 2216 5036 καὶ
2231 4981 2422 5066 ποιῶν,
2443 4983 2536 5066 καὶ
2557 4980 2730 5049 λέγων
2746 4983 2804 5066 ἐν
2817 4982 3134 5056 διδασκαλίᾳ
3157 4986 3225 5039 τά
3246 4987 3457 5054 δέοντα,
3485 4993 3571 5064 εῐη
3580 5009 3681 5047 σαν

403 5080 460 5132 δὲ
486 5063 579 5133 καὶ
609 5063 760 5132 αὐτοὶ
778 5063 1045 5140 εὐπειθῶς
1069 5063 1128 5130 τε
1156 5077 1249 5130 καὶ
1268 5074 1496 5145 εὐηνίως
1517 5063 1652 5142 πρὸς
1680 5073 1779 5144 τὴν
1809 5071 2016 5126 ἑαυτῶν
2041 5065 2316 5136 σωτηρίαν
2337 5063 2685 5145 ἀναγόμενοι,
2707 5065 2800 5117 καὶ
2829 5067 3049 5137 Χριστῷ
3087 5071 3153 5139 τῇ
3200 5070 3420 5124 πάντων
3462 5063 3679 5145 κεφαλῇ

404 5160 698 5231 προσφυῶς
725 5157 1308 5228 συναρμολογούμενοι,
1338 5143 1405 5227 τῇ
1432 5154 1598 5208 αὐτοῦ
1623 5143 2001 5222 φιλανθρωπίᾳ
2027 5152 2120 5204 καὶ
2138 5149 2486 5222 χρηστότητι.
2519 5143 2589 5219 ᾯ
2614 5149 2646 5218 ή
2675 5147 2802 5213 δόξα
2829 5150 2924 5204 καὶ
2951 5150 3012 5204 τὸ
3040 5155 3242 5223 κράτος
3262 5153 3383 5225 άμα
3405 5155 3486 5226 τῷ
3506 5143 3682 5228 Πατρὶ

404 5247 498 5299 καὶ
525 5243 603 5315 τῷ
629 5242 768 5315 ἁγίῳ
783 5240 1082 5313 Πνεύματι,
1105 5245 1172 5314 τῇ
1195 5242 1475 5312 ζωαρχικῇ
1505 5240 1598 5291 καὶ
1617 5234 2098 5306 ὀμοουσίῳΤριάδι,
2124 5235 2220 5289 νῦν
2243 5232 2339 5289 καὶ
2360 5232 2468 5296 ἀεὶ,
2499 5233 2595 5286 καὶ
2615 5234 2691 5295 είς
2712 5234 2838 5298 τοὺς
2873 5234 3071 5300 αἰῶνας
3091 5237 3200 5291 τῶν
3227 5235 3459 5295 αίὼνων.
3477 5239 3677 5312 ’Δμήνο

1415 5356 1611 5417 FINIS
1651 5355 1834 5416 TOMI
1874 5353 2282 5416 CENTESIM-I
2322 5351 2662 5413 SECUNDI.

2195 5455 2197 5458 ⁴
2481 5455 2733 5514 Parisiis.
2766 5483 2832 5498 -
2859 5459 2936 5514 Ex
2969 5462 3112 5531 typis
3142 5461 3378 5519 illlGNb‘.

2830 5627 2948 5699 η,

2262 5426 3472 5458 -τ--έ--ι-ῄ--κσ-η
