1931 3082
272 499 755 546 PATRIARCHAI‘.
801 497 1671 546 CONSTANTINOPOLITANI

465 645 792 710 OPERUM
840 643 1042 708 PARS
1090 644 1474 711 SECUNDA.

683 881 1251 941 DOGMATIGA.

804 1138 1127 1185 PRIEFATIO

317 1256 346 1286 Ι.
371 1255 672 1287 CHRISTOPHORI
694 1256 847 1288 WOLFIl
869 1247 910 1287 ΙΝ
937 1256 1079 1288 LIBROS
1101 1257 1145 1288 ιν
1167 1250 1330 1288 CONTRA
1352 1257 1600 1288 MANICHIEOD

187 1342 261 1370 Sisto
287 1341 348 1372 tibi,
374 1341 483 1370 erudite
503 1342 601 1377 lector,
624 1344 722 1371 novam
747 1346 1002 1376 monumentorum,
1020 1344 1112 1371 adhuc
1137 1351 1192 1371 non
1217 1343 1362 1376 editorum,
1381 1342 1586 1373 collectionem,
1600 1340 1627 1368 iu
1647 1345 1786 1376 posterum

150 1387 172 1414 si
191 1385 248 1413 Deo
268 1385 299 1412 0.
318 1384 353 1412 Μ.
376 1385 465 1413 visum
489 1386 583 1419 fuerit,
608 1395 657 1422 per
679 1387 824 1415 fasciculos
840 1387 944 1422 aliquot
962 1387 1185 1415 continuandam.
1206 1386 1274 1414 Nata
1296 1386 1429 1414 mliti-illa
1452 1389 1495 1414 cst
1515 1391 1573 1413 tum
1585 1385 1705 1417 aliunde,
1729 1389 1785 1412 tum

149 1439 184 1458 ex
211 1429 368 1462 itineribus,
394 1438 455 1465 qua:
479 1435 543 1458 ante
565 1431 616 1458 hos
632 1431 751 1459 sedecim
768 1439 857 1458 annos
869 1431 1019 1458 litterarum
1035 1439 1117 1459 causa
1133 1431 1287 1466 suscepisse
1311 1439 1366 1464 me,
1391 1436 1454 1458 cum
1481 1430 1620 1464 voluptate
1645 1428 1785 1456 recordor.

151 1474 262 1509 Accipis
278 1474 370 1509 itaque
384 1474 429 1501 hic
446 1475 584 1509 specimen
599 1475 709 1510 duplex,
737 1475 854 1502 alterum
877 1475 911 1502 ad
933 1483 1048 1507 sacram,
1072 1476 1188 1503 alterum
1203 1476 1237 1503 ad
1254 1475 1396 1510 profanam
1416 1475 1599 1502 litteraturam
1615 1473 1701 1509 magis
1724 1481 1788 1508 per—

149 1519 255 1545 tinens.
282 1518 320 1544 lta
339 1517 413 1544 enim
437 1518 520 1553 hujus
545 1518 665 1546 instituti
688 1519 810 1547 rationes
835 1519 991 1547 formandas
1012 1526 1074 1547 esse
1097 1519 1201 1555 putavi,
1229 1523 1260 1546 ut
1281 1518 1315 1546 ad
1338 1518 1488 1546 novitatem
1503 1518 1646 1546 accederet
1658 1517 1786 1545 varietas.

148 1564 257 1598 Agmen
276 1561 352 1589 ducit
377 1561 501 1595 Photius,
525 1562 680 1597 patriarcha
704 1562 842 1598 quondam
865 1563 1036 1595 CPolitanus,
1053 1571 1108 1590 non
1131 1563 1223 1590 minus
1247 1563 1281 1590 de
1298 1571 1328 1590 re
1344 1570 1421 1590 sacra
1438 1567 1466 1590 et
1482 1562 1681 1593 ecclesiastica,
1705 1569 1787 1596 quam

149 1607 252 1634 litteris
268 1606 451 1641 politioribus,
470 1607 542 1642 apud
561 1607 682 1642 aequales
708 1613 736 1635 ct
758 1612 884 1643 posteros
907 1607 1185 1635 commentationibus
1203 1607 1272 1640 suis,
1293 1614 1355 1642 qua),
1379 1611 1488 1645 aetatem
1508 1606 1642 1640 tulerunt,
1658 1606 1788 1641 prmclarc

148 1650 331 1685 promeritus.
354 1650 441 1684 Hujus
464 1650 526 1678 libri
545 1650 577 1677 IV
594 1650 694 1678 Contra
713 1650 873 1678 Manis/two:
896 1656 1004 1679 veteres
1020 1655 1048 1679 et
1062 1651 1231 1679 recentiores
1255 1650 1371 1683 exarati,
1386 1650 1485 1682 lucem,
1500 1658 1552 1686 qua
1567 1655 1659 1678 tamen
1675 1650 1788 1678 omnino

150 1695 227 1730 digni
249 1699 338 1727 erant,
357 1693 448 1721 adhuc
463 1702 518 1721 non
534 1694 672 1722 viderunt.
697 1694 807 1722 Primus
831 1703 938 1727 eorum,
962 1694 1061 1728 fateor,
1078 1703 1093 1722 a
1117 1695 1345 1730 prmstantissimo
1360 1698 1388 1722 et
1402 1701 1485 1731 supra
1500 1695 1596 1722 laudes
1611 1703 1687 1722 meas
1699 1695 1788 1730 posito

150 1738 292 1765 Bemardo
307 1738 342 1766 de
356 1736 533 1766 Montfaucon
546 1746 609 1766 cum
634 1739 730 1766 Latina
747 1739 875 1768 versione
889 1740 1009 1767 insertus
1024 1744 1067 1767 est
1089 1739 1254 1767 Bibliotheca:
1270 1738 1453 1770 Coislinianw,
1473 1746 1554 1774 quam
1577 1738 1721 1766 indefessm
1737 1738 1787 1765 viri

150 1783 297 1809 industriae
317 1782 352 1810 ab
378 1791 453 1810 anno
472 1782 542 1810 1715
568 1783 668 1810 debere
684 1783 829 1818 coepimus,
847 1791 908 1819 pag.
926 1783 978 1812 549
1002 1786 1079 1818 'seqq'.
1095 1784 1130 1811 At
1144 1791 1207 1811 cum
1223 1784 1362 1819 egregium
1384 1783 1452 1811 illud
1477 1782 1553 1818 Opus
1571 1782 1598 1810 in
1613 1783 1670 1811 oris
1686 1788 1788 1810 nOstrIs

149 1827 240 1853 rarius
268 1827 379 1854 obvium
406 1828 453 1856 sit.
470 1827 522 1854 ista
549 1834 613 1854 vero
628 1825 769 1854 Photianaa
789 1828 1029 1855 commentationi's
1044 1831 1105 1862 pars
1120 1827 1192 1855 inter
1209 1831 1248 1855 tot
1263 1828 1315 1855 alia
1338 1827 1482 1862 przeclara,
1495 1834 1556 1862 quae
1571 1827 1674 1854 ibidem
1689 1835 1788 1855 occur-

152 1876 229 1903 runt,
250 1871 395 1905 opuscula,
411 1870 490 1906 quasi
506 1870 612 1905 sepulta
625 1871 762 1901 videatur.
790 1876 844 1898 non
871 1871 958 1898 solum
973 1871 1126 1899 consultum
1141 1870 1246 1906 putavi,
1273 1870 1320 1898 sed
1343 1875 1371 1897 et
1387 1870 1584 1904 necessarium,
1600 1873 1631 1897 ut
1646 1870 1718 1898 idem
1742 1871 1787 1898 ille,

151 1914 222 1942 liber
244 1916 349 1950 primus
374 1923 437 1943 cum
461 1915 570 1943 ueteris
594 1915 683 1942 tribus
708 1915 753 1942 hic
770 1915 959 1942 recudcretur.
985 1914 1071 1950 Hujus
1085 1915 1277 1942 consiliihane
1291 1918 1424 1949 praeterea
1439 1914 1529 1941 habeo
1552 1913 1697 1948 rationem,
1714 1915 1786 1949 quod

151 1958 289 1989 intellexi.
305 1958 441 1986 beneﬁt-io
455 1958 559 1985 codicis
575 1958 678 1985 nostris
693 1957 920 1993 Hamburgensis,
944 1966 1026 1993 quem
1043 1959 1070 1985 in
1094 1959 1214 1986 editione
1229 1958 1280 1986 hac
1295 1957 1468 1993 potissimum
1488 1962 1601 1985 secutus
1624 1966 1695 1991 sum,
1711 1958 1786 1985 varia

149 2003 210 2032 lora
237 2004 307 2031 male
328 2009 443 2038 accepta
467 2003 616 2038 integritati
636 2011 692 2030 suae
710 2003 842 2031 vindicari
860 2011 951 2039 posse,
975 2003 1047 2038 quod
1075 2002 1163 2038 ipsum
1190 2002 1258 2030 mihi
1279 2002 1452 2030 occasionem
1480 2001 1673 2037 suppeditavit,
1699 2002 1785 2030 inter—

149 2047 334 2083 pretationem
353 2046 490 2077 Latinam,
515 2046 637 2081 alioquin
653 2047 798 2082 Optimam,
824 2046 890 2074 hinc
904 2047 968 2074 inde
987 2046 1162 2075 emendandi.
1180 2045 1219 2074 Ne
1238 2046 1303 2082 quid
1328 2046 1363 2073 de
1389 2046 1462 2073 notis
1483 2046 1582 2078 dicam.
1598 2047 1699 2081 quibus
1714 2047 1786 2074 indi-

149 2099 214 2127 gere
230 2091 376 2119 videbatur
391 2091 501 2127 egregia
516 2091 648 2122 narratio,
662 2099 724 2126 quae
737 2091 842 2118 emteris
855 2090 993 2122 omnibus,
1009 2085 1043 2117 ad
1061 2091 1113 2118 hoc
1129 2094 1321 2125 argumentum
1337 2089 1536 2125 spectantibus,
1551 2093 1580 2117 et
1596 2089 1739 2123 brevitate,
1759 2095 1787 2117 et

150 2134 283 2162 dictionis
298 2134 399 2167 nitore,
422 2139 453 2161 et
480 2142 572 2161 rerum
591 2134 670 2169 copia
692 2134 792 2162 merito
815 2134 970 2169 praefertur.
988 2133 1205 2162 Laudatissimus
1220 2133 1442 2161 Montl‘auconius
1459 2133 1521 2161 libri
1534 2133 1616 2168 hujus
1628 2133 1709 2168 primi
1726 2133 1786 2160 edi-

150 2179 255 2206 tionem
272 2185 306 2205 ex
322 2175 432 2205 duobus
446 2178 599 2211 codicibus,
619 2177 786 2206 Coisliniano
795 2178 891 2209 altero,
912 2178 998 2205 altero
1022 2178 1183 2210 Colbem'no,
1205 2177 1375 2213 procuravit,
1393 2185 1512 2212 quorum
1528 2177 1597 2205 alter
1611 2177 1688 2204 alteri
1702 2177 1786 2205 inter—

150 2223 214 2250 dum
237 2222 381 2258 suppetias
398 2222 469 2249 luliL
487 2221 557 2250 Num
573 2223 601 2249 in
616 2227 732 2257 utroque
749 2226 804 2250 tres
818 2222 916 2257 reliqui
934 2222 994 2250 libri
1009 2223 1156 2251 desiderati
1173 2222 1237 2254 sint,
1251 2222 1343 2249 dicere
1365 2229 1422 2249 non
1435 2221 1534 2249 habeo.
1556 2221 1636 2249 Certe
1651 2221 1677 2248 id
1692 2222 1785 2256 suspi-

148 2274 208 2298 cor,
229 2274 287 2294 non
300 2266 359 2293 sine
371 2266 428 2293 veri
444 2266 547 2301 specie,
567 2266 630 2301 quia
646 2265 823 2293 doctissimus
837 2266 935 2298 editor,
950 2267 1022 2301 quod
1046 2268 1113 2294 alias
1127 2268 1216 2294 facere
1237 2266 1390 2297 consuevit,
1417 2265 1524 2293 illorum
1548 2265 1575 2292 in
1588 2265 1691 2292 codicis
1705 2265 1785 2293 Cois-

147 2311 246 2338 liniani
263 2310 450 2350 descriptione
463 2315 518 2338 non
536 2303 797 2338 facit‘mentionem.
825 2309 952 2338 Fortasse
968 2309 1109 2338 omissioni
1125 2312 1152 2337 in
1170 2315 1286 2344 utroque
1300 2309 1395 2337 codice
1410 2309 1582 2337 occasionem
1600 2309 1785 2344 suppeditavit

145 2355 305 2390 argumenti
329 2355 488 2386 diversitas,
507 2362 570 2382 cum
588 2354 657 2381 liber
681 2354 726 2381 ille
751 2354 857 2388 primus
885 2358 991 2382 tantum
1014 2356 1049 2383 ad
1071 2355 1213 2382 historiam
1237 2353 1446 2386 Manichzeismi.
1473 2359 1530 2382 tres
1544 2361 1610 2382 vero
1637 2354 1735 2390 reliqui
1749 2355 1785 2382 ad

144 2399 370 2427 confutallonem
387 2399 530 2429 doctrinae.
549 2406 611 2433 quae
623 2399 678 2434 jam
695 2398 728 2425 ab
744 2398 806 2429 aliis
820 2403 946 2434 su5cepta
960 2403 1029 2433 erat,
1048 2403 1075 2427 et
1089 2407 1142 2434 qua
1157 2398 1272 2434 proinde
1292 2398 1363 2426 forte
1378 2406 1434 2426 non
1452 2399 1521 2426 adeo
1543 2406 1612 2433 opus
1629 2398 1784 2428 videbatur.

147 2445 288 2477 spectent.
309 2442 338 2469 In
354 2447 451 2470 nostro
467 2441 649 2469 Holsteniano
671 2441 775 2476 integra
791 2443 1001 2476 commentatio,
1014 2443 1081 2470 'sine
1102 2444 1257 2478 interrupto
1272 2442 1368 2470 ordine
1379 2463 1387 2475 ,
1407 2447 1507 2470 exstat.
1524 2441 1580 2470 Nec
1595 2442 1715 2470 dubitari
1731 2451 1782 2477 po-
1828 2444 1831 2445 ⁷

147 2491 215 2517 test.
234 2487 269 2514 ah
281 2486 381 2514 eodem
398 2491 512 2513 auctore
530 2485 615 2513 libros
628 2486 751 2520 singulos
773 2493 835 2513 esse
859 2486 1005 2521 profectos,
1027 2494 1088 2514 cum
1110 2487 1138 2514 in
1155 2487 1230 2514 calce
1247 2487 1328 2522 primi
1344 2494 1408 2521 spes
1427 2486 1531 2514 diserte
1545 2485 1592 2514 flat
1608 2492 1783 2520 caeterorum,

144 2531 196 2566 qui
213 2530 435 2557 confutationem
449 2534 574 2557 ert-orum
598 2529 746 2556 exhibituri
769 2529 835 2562 sint,
851 2537 885 2557 ac
900 2534 1030 2565 praeterea
1052 2531 1110 2566 ipsa
1129 2531 1264 2559 scribendi
1281 2530 1540 2566 commentandique
1565 2530 1635 2558 ratio
1655 2530 1784 2558 Photium

144 2575 265 2602 referat.
282 2574 316 2601 At
331 2574 430 2601 librum
454 2581 474 2606 ι,
493 2573 620 2601 Photium
640 2576 782 2600 auctorem
802 2574 914 2607 habere,
937 2577 1036 2610 praeter
1053 2576 1186 2602 constans
1202 2574 1329 2602 codicum
1351 2576 1418 2602 mss.
1442 2575 1640 2607 testimonium,
1658 2575 1785 2603 dubitare

147 2627 204 2646 non
219 2618 290 2646 sinit
305 2617 475 2653 Enthymius,
500 2617 546 2652 qui
574 2621 650 2652 parte
675 2625 695 2644 ιι
710 2617 850 2652 Panoplia:
873 2625 938 2650 sum,
959 2618 1038 2646 titulo
1056 2617 1102 2649 21,
1117 2619 1310 2653 compendium
1328 2618 1496 2646 narrationis
1517 2619 1658 2646 Photianae
1672 2619 1783 2647 totidem

146 2668 178 2690 ut
196 2662 348 2696 plurimum
362 2661 455 2689 verbis
471 2661 592 2692 exhibet.
608 2666 637 2688 et
651 2661 752 2688 diserte
767 2661 864 2689 Photio
881 2663 985 2696 tribuit,
998 2663 1032 2690 iis
1043 2662 1144 2694 verbis,
1159 2670 1219 2697 quae
1234 2663 1260 2690 in
1277 2662 1350 2690 notis
1365 2661 1398 2690 ad
1416 2671 1444 2698 p.
1461 2662 1473 2689 1
1494 2663 1582 2690 attuli.

182 2706 276 2739 Atque
298 2703 358 2730 haec
374 2703 484 2737 quidem
497 2711 579 2731 causa
597 2707 650 2735 est,
666 2711 716 2730 cur
731 2707 816 2730 totam
835 2704 906 2731 hanc
926 2700 1109 2741 scriptionem'
1125 2701 1161 2734 in
1178 2706 1267 2733 lucem
1287 2707 1479 2742 proferendam
1505 2707 1673 2739 censuerim.
1686 2712 1786 2735 nactus

144 2748 277 2784 inprimis
293 2747 320 2774 in
344 2747 404 2781 ipsa
420 2747 471 2774 hac
487 2747 556 2774 urbe
576 2751 630 2773 tam
652 2747 787 2782 insignem
811 2750 1053 2783 opportunitatem.
1071 2750 1240 2778 Bibliotheca
1259 2751 1333 2778 enim
1347 2755 1440 2778 nostra
1454 2751 1562 2786 publica
1578 2747 1650 2778 inter
1675 2751 1785 2780 Grmcos

142 2793 269 2825 codices,
286 2797 357 2826 quos
372 2790 531 2817 liberalitati
546 2791 767 2826 priestantissimi
794 2791 875 2819 Luca:
897 2792 1041 2827 llolstcnii,
1063 2794 1130 2823 civis
1151 2795 1250 2827 nostri,
1274 2795 1365 2828 debet,
1389 2795 1503 2823 exhibet
1527 2795 1632 2830 insigne
1655 2795 1784 2823 volumen

141 2836 253 2864 ordinis
269 2835 394 2870 majoris,
410 2834 493 2869 quod,
515 2839 616 2870 prater
641 2835 798 2870 Serapionis
817 2841 845 2863 et
863 2836 914 2864 Titi
932 2837 1087 2867 Bostrensis
1110 2844 1205 2867 contra
1221 2838 1385 2867 Manichazos
1411 2839 1523 2874 scripta,
1549 2838 1698 2866 Photianas
1724 2840 1785 2867 illas

139 2891 226 2911 curas
240 2881 447 2917 complectitur.
465 2880 642 2908 Monumenta
665 2880 709 2909 itla
736 2881 852 2917 singula,
870 2883 1098 2918 quemadmodum
1119 2887 1147 2911 et
1174 2885 1304 2920 pleraque
1316 2891 1411 2912 eorum
1432 2891 1493 2918 quae
1515 2882 1674 2912 ilolstenius
1688 2884 1785 2912 biblio-

306 2930 443 2962 ΡΔτιιοι..
467 2930 525 2961 Gn.
549 2929 613 2961 Cll.

927 3024 1116 3070 ltﬂﬁ'
1156 3025 1170 3035 '
