1931 3082
169 147 197 179 .ll
730 150 758 180 J.
780 149 869 180 CHR.
889 149 931 179 Wt

1050 149 1206 180 PREFAT
1210 150 1248 180 10
1767 151 1797 184 12

167 205 256 234 thecae
273 205 374 230 nostra:
392 201 503 237 legavit,
517 202 667 238 ἀπόγραφα
681 203 823 236 exhibent,
841 203 971 243 e'x'bonze
985 203 1240 239 antiquissimteque
1257 208 1329 231 notae
1342 204 1493 238 codicibus,
1514 212 1530 232 a
1544 205 1691 234 recentiori
1717 214 1797 235 manu

167 248 312 284 diligenter
326 251 447 279 exarata,
466 251 493 273 et
518 246 552 273 ab
575 245 729 279 llolstenio,
746 254 797 274 ceu
813 254 846 274 ex
862 246 966 274 notulis
981 247 1146 282 quibusdam
1170 248 1365 283 marginalibus
1387 252 1481 283 patere
1505 248 1623 281 videtur,
1651 251 1796 285 recognita.

168 294 295 321 Fortasse
311 291 419 319 illorttm
435 290 543 326 copiam
561 291 610 326 ipsi
624 290 691 318 fecit
703 291 866 318 bibliotheca
879 290 1020 323 Vaticana,
1036 292 1115 326 cujus
1129 298 1223 326 curam
1241 292 1347 327 agebat.
1365 291 1452 327 Hujus
1468 293 1634 327 conjectum
1648 293 1720 321 hanc
1733 302 1796 321 catt-

166 344 224 363 sam
244 336 331 363 habeo
347 335 388 362 Cl.
405 335 568 362 Laurentius
592 335 744 362 Alexander
759 330 1058 372 Zaeagnius,vejusdcm
1081 335 1254 363 bibliotheca:
1276 335 1413 371 quondam
1431 336 1589 372 praefectus.
1603 342 1631 365 et
1647 345 1693 364 an.
1718 338 1796 371 17l2,

165 379 201 407 26
216 378 298 406 Febr.
314 387 377 406 cum
393 378 547 406 litterarum
561 379 668 414 jactura
682 379 744 406 fatis
760 379 882 413 fttnctus,
906 387 939 407 ex
956 379 1027 406 libro
1053 387 1061 406 ι
1091 379 1193 412 Photii,
1211 383 1267 406 tum
1287 387 1342 407 non
1356 379 1441 413 edito,
1457 379 1538 408 affert
1549 380 1638 408 locum
1655 381 1796 414 illustretn,

166 431 221 459 quo
236 423 335 458 prtesul
349 422 574 458 diligentissimus
591 423 728 455 Archelai.
743 423 945 451 Carcharorum
964 423 1097 459 episcopi,
1119 423 1284 451 industriam
1308 424 1336 450 in
1356 424 1563 459 eompescendis
1587 424 1796 453 Manichaeorum

166 472 292 500 veterum
308 466 453 494 conatibus
468 466 627 494 collocatam
651 466 752 494 laudat.
772 467 839 494 Eum
855 467 925 494 infra
938 467 966 494 in
987 467 1062 495 notis
1077 467 1171 494 monui
1188 476 1250 495 cmn
1271 468 1428 505 apographo
1445 467 1624 496 llolsteniano
1637 469 1674 496 ita
1694 477 1797 497 conve-

166 512 239 546 nire,
251 516 281 539 ut
295 511 369 538 nulla
384 519 498 546 prorsus
512 510 664 538 differentia
687 510 739 538 nisi
764 511 791 538 in
808 511 891 538 unius
911 511 1008 538 litterae
1026 511 1177 546 scriptione
1196 512 1365 540 observetur.
1392 511 1462 540 llinc
1485 513 1643 548 conjectura
1666 513 1733 540 Inibi
1768 513 1797 540 fit

167 556 340 584 llolstenium
366 560 493 582 nostrum
515 555 625 587 eodem,
649 562 730 590 quem
754 555 777 582 is
793 555 899 588 habuit,
921 555 1017 583 codice
1036 563 1116 583 usum
1137 555 1233 583 fuisse.
1255 556 1363 589 Quanta
1386 564 1451 584 vero
1465 564 1532 585 cura
1549 557 1706 592 exemplum
1732 557 1798 585 illud

166 599 387 630 llolsteniannm.
403 607 437 626 ex
450 599 588 634 primitivo
602 606 657 626 non
669 599 760 626 minus
777 599 919 634 castigato,
937 599 1104 635 descriptum
1127 599 1172 632 sit,
1193 600 1235 628 vel
1251 607 1283 628 ex
1298 608 1331 628 eo
1346 605 1421 636 patet
1450 601 1523 636 quod
1547 601 1613 629 illud
1627 609 1712 628 unum
1723 608 1796 629 sem-

165 652 216 680 per
229 644 301 672 bene
314 644 424 673 habeat.
445 643 491 670 ubi
512 643 577 676 duo,
604 643 788 671 Coislinianus
806 647 834 670 et
861 643 1047 675 Colbertinus,
1067 651 1100 671 ex
1125 644 1225 680 quibus
1248 645 1290 672 Cl.
1318 644 1537 673 Montfauconius
1554 653 1631 673 suam
1649 645 1796 673 editionem

165 688 284 721 curavit,
300 687 485 719 dissentiunt;
504 687 605 721 passim
623 694 688 714 vero
700 688 782 714 etiam
796 687 916 722 utrique,
930 687 977 715 ubi
994 687 1070 716 labes
1085 694 1136 721 est,
1148 693 1301 721 succurrat,
1312 693 1341 717 et
1357 689 1402 716 vix
1427 697 1481 716 una
1495 688 1614 717 alterave
1625 688 1685 716 vice
1700 696 1796 716 neces-

165 733 273 761 sitatem
290 732 358 759 mihi
377 731 547 765 imposuerit,
569 739 584 757 a
598 731 715 758 lectione
728 731 813 766 ipsius
826 731 982 759 recedendi.
996 731 1127 767 Exempla
1142 732 1223 767 hujus
1240 733 1398 760 assertionis
1410 732 1437 760 in
1454 732 1536 765 notis,
1548 733 1643 764 lector,
1660 732 1795 765 invenies,

165 785 227 813 quae
241 776 404 807 effecerunt,
420 779 450 802 ut
466 778 562 802 nostro
576 775 747 810 potissimum
767 775 855 803 codici
871 775 1024 811 putaverint
1039 776 1232 804 insistendum.
1260 777 1289 804 ln
1311 784 1366 812 quo
1382 781 1472 804 tamen
1490 776 1600 811 negotio
1612 776 1648 804 ita
1673 781 1796 804 versatus

166 829 236 854 sum,
255 825 285 849 ut
299 828 354 847 non
370 819 536 855 negligerem
556 819 747 846 auctoritatem
760 819 876 847 duorum
895 819 1002 847 illorum
1015 820 1222 853 Parisiensium,
1241 828 1310 855 quos
1323 820 1362 848 (ll.
1379 819 1598 847 Montfauconius
1617 824 1728 848 secutus
1744 825 1795 847 est.

165 867 228 894 lstis
245 872 311 893 vero
325 863 438 899 adjunxi
452 863 644 899 compendium
661 863 883 899 Euthymianum,
900 868 980 899 prout
992 864 1011 891 l.
1031 872 1057 891 c.
1074 864 1101 891 in
1116 864 1247 900 Panoplia
1263 869 1352 892 exstat
1374 863 1531 900 Tergohysti
1548 864 1641 892 Graece
1654 872 1700 891 an.
1717 863 1796 896 l7l0,

166 912 220 945 fol,
231 911 315 943 edita,
333 914 361 937 et
371 917 386 936 a
401 916 446 936 me
461 909 537 942 olim,
548 908 620 944 quod
634 909 668 936 ad
684 908 755 936 banc
769 913 873 944 partem
888 912 1004 944 spectat,
1022 909 1168 941 descripta.
1195 908 1260 936 Haec
1270 909 1343 936 enim
1362 916 1466 936 summa
1477 909 1578 943 passim
1595 908 1681 936 nostri
1696 907 1798 936 codicis

165 956 299 983 lectiones
322 954 439 982 asseruit
459 957 486 980 ct
504 953 660 980 vindicavit.
684 952 815 980 Praesidio
835 960 918 988 porro
931 952 998 980 mihi
1017 952 1068 979 fuit
1092 952 1165 980 Petri
1188 951 1272 980 Siculi
1287 953 1406 979 Historia
1427 951 1662 988 (Maniclucorum)
1692 959 1726 979 ex
1743 959 1796 978 ms.

165 1000 260 1027 codice
274 998 447 1026 bibliotheca
465 996 601 1024 Vaticana:
615 996 708 1024 Graece
723 1004 786 1024 cum
800 996 895 1024 Latina
912 1004 1038 1024 versmne
1050 996 1124 1024 edita
1144 1004 1194 1031 per
1208 996 1365 1024 Malthaeum
1382 995 1530 1028 Raderum,
1547 995 1702 1032 lngolstadii
1715 995 1794 1028 1604,

166 1043 239 1070 iit-4.
256 1041 325 1069 Cum
341 1040 425 1073 enim,
441 1040 513 1075 quod
528 1039 645 1067 subinde
663 1039 690 1067 in
704 1039 778 1067 notis
793 1040 912 1072 ostendi,
929 1040 1044 1076 insignis
1057 1041 1130 1068 inter
1143 1040 1234 1069 Photii
1249 1046 1277 1069 et
1297 1040 1370 1069 Petri
1384 1041 1467 1069 Siculi
1483 1041 1728 1069 commentationes
1740 1041 1796 1068 alli-

166 1087 237 1114 nitas
252 1085 414 1116 intercedat.
429 1084 494 1119 quia
515 1083 542 1111 in
562 1083 739 1111 recensendis
760 1088 884 1112 veterum
900 1083 1113 1112 Manichaeorum
1127 1085 1210 1113 rebus
1231 1085 1341 1113 eosdem
1355 1090 1491 1119 auctores,
1510 1086 1538 1112 in
1559 1093 1691 1113 novorum
1704 1089 1795 1112 autem

165 1130 290 1157 eamdem
309 1132 425 1163 uterque
441 1127 575 1154 rationem
592 1127 678 1155 secuti
694 1131 768 1160 sunt,
795 1127 853 1155 fieri
867 1135 922 1155 non
947 1129 1045 1164 potuit,
1061 1129 1129 1164 quin
1149 1137 1221 1165 saepe
1237 1129 1261 1157 is
1277 1131 1425 1165 genuinam
1443 1130 1587 1158 lectionem
1608 1130 1794 1161 confirmaret,

164 1177 322 1207 corruptam
345 1175 436 1198 autetn
454 1170 611 1206 contigeret.
638 1170 872 1203 Quemadmodum
890 1171 1012 1199 vicissim
1028 1173 1061 1207 is,
1086 1173 1132 1208 qui
1151 1173 1230 1201 istam
1248 1174 1321 1201 Petri
1336 1173 1421 1202 Siculi
1438 1175 1587 1201 Historiam
1607 1174 1794 1209 recognitione

165 1221 193 1244 et
209 1217 336 1244 versione
355 1222 436 1246 nova,
454 1221 535 1249 quam
557 1214 670 1242 omnino
686 1214 810 1250 requirit,
831 1214 935 1251 dignari
954 1215 1031 1250 velit,
1060 1225 1116 1245 non
1139 1225 1236 1253 parum
1253 1217 1367 1246 subsidii
1383 1226 1416 1246 ex
1431 1217 1566 1246 Photiaua
1580 1218 1630 1245 hac
1647 1216 1795 1253 scriptione

164 1261 216 1289 sibi
229 1268 292 1288 cum
308 1259 413 1288 ratione
425 1259 576 1295 promittet.

199 1323 265 1357 Quae
283 1323 348 1351 dum
362 1329 495 1354 meruero,
513 1329 569 1348 non
585 1328 696 1356 possum
711 1329 766 1348 non
783 1321 935 1357 significare
951 1321 1161 1352 dubitationem,
1177 1328 1259 1356 quam
1275 1321 1302 1349 in
1318 1322 1391 1349 notis
1401 1321 1471 1349 meis
1486 1321 1627 1356 professus
1641 1330 1713 1354 sum,
1725 1327 1753 1350 ct
1767 1322 1794 1349 in

164 1376 218 1404 qua
235 1375 279 1395 me
294 1367 385 1394 adhuc
398 1366 503 1393 haerere
519 1365 615 1398 fateor,
631 1369 691 1391 uter
707 1364 812 1392 scilicet
828 1365 925 1392 horum
948 1364 1065 1392 alterum
1083 1363 1110 1390 in
1126 1364 1273 1392 scribendo
1295 1364 1418 1392 imitatus
1437 1365 1572 1392 videatur.
1589 1365 1711 1393 Alterum
1726 1366 1795 1394 alte-

165 1413 222 1438 rius
240 1411 355 1446 vestigia
374 1409 507 1445 pressisse
524 1416 578 1436 non
601 1408 746 1440 dubitabit,
770 1407 817 1443 qui
832 1413 979 1443 utrumque
1001 1409 1132 1443 scriptum
1156 1408 1366 1442 comparaverit,
1389 1414 1417 1436 ct
1437 1409 1477 1436 vel
1493 1417 1524 1436 ea
1549 1410 1653 1445 legerit,
1676 1419 1793 1446 quorum

164 1453 296 1482 indicium
317 1453 375 1488 ipse
395 1452 457 1480 feci.
477 1452 616 1480 Proferam
640 1452 684 1479 hic
709 1459 794 1479 unum
810 1452 1011 1480 convenientiae
1031 1457 1233 1488 argumentum,
1259 1453 1340 1488 idque
1367 1461 1428 1480 meo
1441 1452 1545 1488 judicio
1561 1453 1743 1487 luculentum,
1759 1462 1794 1482 ex

140 1519 143 1522 .
164 1506 242 1526 nmn.
260 1497 291 1524 Vl
304 1497 370 1532 (col.
381 1496 438 1531 ‘25).
457 1495 497 1523 lbi
512 1495 632 1531 potiores
643 1495 853 1523 Manichzcorum
870 1495 1055 1523 recentiorum
1069 1502 1177 1523 errores
1188 1495 1220 1522 ad
1231 1503 1278 1522 sex
1292 1495 1381 1530 capita
1398 1500 1572 1523 revocantur.
1587 1495 1714 1524 Totidem
1727 1505 1794 1525 eon-

165 1542 254 1570 stituit
275 1541 372 1569 Petrus
395 1540 503 1568 Siculus
519 1549 546 1575 p.
574 1540 607 1568 l7
627 1547 683 1575 seq.
701 1539 759 1568 lloc
772 1548 786 1567 a
801 1540 912 1568 nemine
926 1544 1050 1567 veterum
1068 1539 1127 1567 ﬁeri
1144 1539 1266 1567 metuini.
1284 1539 1318 1566 Et
1326 1539 1353 1580 isi
1372 1538 1473 1566 factum
1487 1545 1570 1573 esset,
1588 1541 1631 1568 vel
1647 1541 1686 1568 sic
1701 1546 1793 1569 tamen

164 1586 262 1614 rationi
278 1586 341 1613 huic
356 1593 436 1612 suutn
451 1588 592 1612 constaret
614 1584 733 1620 pondus,
749 1584 813 1620 quia
833 1585 961 1619 utrinque
978 1584 1049 1611 idem
1073 1584 1152 1615 ordo,
1174 1588 1202 1611 et
1230 1583 1333 1611 eadem
1350 1583 1487 1611 interdum
1504 1585 1618 1619 phrases
1643 1585 1792 1612 observan-

164 1636 219 1659 tur.
243 1630 386 1665 Compara,
402 1637 506 1664 quaeso,
525 1637 585 1664 qua:
606 1629 640 1656 de
659 1629 749 1664 primo
766 1628 985 1656 Paulicianorum
1003 1634 1097 1655 errore
1114 1627 1187 1662 apttd
1205 1632 1330 1654 nostrum
1355 1627 1492 1663 leguntur,
1509 1636 1571 1655 cum
1598 1628 1650 1662 his,
1674 1637 1734 1664 qum
1758 1638 1793 1658 ex

165 1673 257 1701 Siculo
271 1673 367 1700 Latine
384 1672 522 1708 proferant
540 1681 546 1700 :
569 1682 578 1698 α
591 1671 713 1700 Primum
724 1672 832 1700 illorum
846 1672 954 1700 axioma
968 1677 1021 1705 est,
1038 1672 1093 1700 duo
1104 1679 1195 1699 rerum
1212 1679 1274 1699 esse
1285 1672 1431 1707 principia,
1450 1671 1534 1699 Deum
1552 1672 1654 1699 malum
1668 1677 1696 1700 et
1707 1673 1792 1700 Deum

164 1717 266 1745 bonum
282 1726 289 1745 :
313 1717 450 1752 aliumque
466 1716 548 1752 hujus
563 1716 657 1744 mundi
673 1716 845 1745 conditorem
862 1724 893 1744 ac
910 1717 1074 1752 principem,
1093 1721 1121 1744 et
1137 1716 1220 1743 alium
1243 1716 1327 1743 futuri
1342 1716 1402 1743 aevi.
1420 1730 1456 1736 -—
1473 1717 1529 1752 Age
1541 1717 1594 1748 dic,
1613 1717 1711 1752 inquit,
1726 1717 1794 1752 quid

164 1770 215 1790 nos
227 1770 242 1789 a
257 1761 388 1790 Romanis
403 1760 542 1789 secernit?
557 1761 662 1796 seipsos
676 1761 750 1788 enim
775 1761 909 1789 exsecrati
927 1760 976 1794 illi,
991 1765 1020 1788 et
1039 1760 1136 1788 nefarii
1156 1768 1323 1795 prorsusquc
1339 1760 1438 1796 ingrati
1460 1764 1488 1787 et
1507 1760 1601 1796 perﬁdi
1619 1761 1794 1790 Christianos

164 1811 336 1842 nuncupant,
353 1813 405 1834 nos
428 1810 521 1833 autem
546 1812 610 1832 vere
633 1805 746 1837 Christi,
773 1805 830 1833 veri
853 1805 902 1832 Dei
928 1804 1215 1840 nostricognomines.
1235 1803 1385 1835 Romanos,
1401 1804 1512 1832 ethnico
1527 1805 1637 1832 nomine
1650 1806 1792 1840 proprium

163 1855 319 1886 permutare
333 1850 435 1882 conati,
449 1849 598 1885 appellant.
613 1863 646 1868 —
658 1848 792 1876 Asscrunt
805 1853 896 1876 autern
919 1848 1118 1884 sejunctionem
1134 1855 1210 1875 suam
1226 1855 1241 1874 a
1262 1848 1342 1875 nobis
1357 1847 1384 1874 in
1401 1848 1453 1875 hoe
1471 1847 1632 1881 consistere,
1649 1849 1722 1883 quod
1740 1849 1794 1884 ipsi

162 1895 273 1930 quidem
286 1894 370 1922 alium
386 1895 462 1921 aiant
478 1901 539 1921 esse
553 1893 638 1920 Deum
652 1892 747 1920 mundi
762 1893 941 1925 conditorem,
958 1897 985 1920 et
1000 1892 1094 1925 alium,
1110 1900 1191 1927 quem
1205 1891 1314 1919 Patrem
1329 1892 1469 1919 cwlestcm
1485 1892 1629 1925 vocabant,
1650 1893 1793 1921 exclusum

162 1947 177 1966 a
198 1938 292 1966 mundi
314 1938 562 1970 administratione,
578 1937 690 1972 solaque
702 1936 728 1963 in
743 1937 897 1964 aeternitate
912 1935 1109 1964 dominantem.
1132 1945 1141 1962 ι
1158 1935 1225 1963 Uter
1243 1935 1289 1963 hic
1304 1939 1396 1965 utrum
1414 1935 1534 1967 duxerit,
1559 1940 1607 1962 aut
1620 1941 1731 1964 secutus
1743 1937 1790 1969 sit,

162 1983 278 2010 arduum
292 1982 375 2009 fuerit
389 1981 514 2009 definire.
537 1980 638 2008 Aitatis
659 1980 832 2016 investigatio
853 1980 898 2008 hic
913 1974 972 2007 rem
987 1987 1043 2007 non
1063 1979 1223 2007 confecerit.
1241 1979 1363 2007 Fuerunt
1377 1979 1451 2006 enim
1469 1979 1598 2014 aequales,
1613 1984 1640 2007 et
1653 1981 1752 2008 saeculo
1763 1988 1791 2008 tx

161 2025 252 2053 medio
265 2026 434 2052 claruerunt.
457 2024 595 2054 Pbotium,
620 2023 652 2051 A.
670 2024 700 2051 C.
719 2024 781 2056 858,
798 2023 981 2058 patriarcham
1005 2023 1086 2050 CPoli
1108 2024 1287 2051 constitutum
1304 2030 1365 2051 esse
1388 2027 1415 2050 et
1430 2023 1462 2050 A.
1482 2023 1531 2051 891
1551 2024 1654 2051 obiisse
1671 2029 1787 2052 constat.

161 2069 232 2104 Lege
255 2069 327 2096 hanc
350 2069 378 2096 in
401 2076 459 2096 rem
485 2067 637 2095 doctissimi
662 2067 875 2102 amicissimiquc
895 2066 976 2094 nobis
989 2066 1032 2095 Jo.
1049 2067 1152 2094 Albcrti
1174 2067 1291 2093 Fabricii
1307 2066 1497 2094 Bibliotltecam
1511 2067 1642 2099 (it-(ccam,
1657 2072 1722 2095 tom.
1741 2068 1789 2102 IX,

159 2121 187 2148 p.
202 2113 253 2141 569
270 2118 298 2141 et
318 2113 381 2141 570.
407 2112 518 2140 Petrum
534 2111 656 2139 Siculum
670 2111 767 2139 eodem
791 2116 914 2147 tempore
929 2111 1028 2139 vixisse
1045 2118 1078 2138 ex
1096 2110 1170 2138 calce
1191 2110 1316 2138 Historia:
1333 2111 1393 2144 ejus
1419 2116 1542 2146 apparet.
1559 2111 1685 2139 Referam
1709 2121 1791 2148 argu-

159 2162 281 2184 mentum
298 2156 388 2184 verbis
403 2155 519 2183 lllatthazi
536 2155 647 2188 Raderi,
664 2155 777 2183 editoris
792 2155 862 2190 ejus,
881 2163 942 2190 qurc
967 2155 993 2182 in
1017 2155 1111 2182 limine
1130 2154 1212 2181 libelli
1242 2154 1278 2181 ita
1297 2154 1423 2189 leguntur
1443 2163 1450 2182 :
1476 2164 1485 2180 ι
1507 2155 1579 2182 Vixit
1595 2154 1692 2182 Petrus
1713 2156 1792 2183 Sicu-

159 2201 201 2228 lus
219 2201 252 2228 A.
266 2200 296 2227 P.
311 2200 342 2228 (Σ.
363 2200 509 2235 N.gpraater
533 2203 644 2235 propter
659 2199 722 2232 870,
736 2207 791 2234 quo
813 2203 933 2234 tempore
952 2207 987 2226 ex
1004 2198 1119 2234 imperio
1139 2197 1230 2225 Basilii
1255 2202 1283 2225 et
1298 2198 1417 2226 tiliorum
1433 2198 1605 2226 Constantini
1626 2204 1653 2227 et
1670 2199 1789 2232 Leonis,

158 2249 353 2284 imperatorum
363 2247 494 2281 Orientis,
503 2247 608 2283 legatus
618 2246 767 2278 Tibricam,
777 2246 914 2273 Armenia:
929 2245 1075 2277 civitatem,
1089 2249 1117 2272 ut
1129 2246 1163 2273 de
1173 2244 1343 2279 captivorum
1359 2245 1558 2280 permutatione
1566 2251 1659 2282 ageret
1670 2267 1677 2280 ,
1690 2248 1792 2277 missus

157 2299 209 2327 est,
222 2301 388 2329 causamque
398 2293 525 2326 feliciter,
535 2297 566 2320 ut
576 2293 635 2328 ipse
645 2293 776 2320 extremis
786 2297 880 2320 narrat
891 2292 1078 2328 paginis,cum
1091 2300 1189 2320 novem
1205 2291 1322 2319 Tibrica'.
1337 2300 1448 2320 menses
1462 2297 1586 2321 moratus
1598 2299 1682 2328 esset,
1696 2299 1789 2323 trans-

158 2340 222 2374 t-gil.
241 2349 250 2365 ›
267 2339 361 2374 itaque
381 2344 495 2374 uterque
521 2346 670 2374 provocare
686 2339 775 2374 p0tuit
792 2339 820 2366 in
835 2339 938 2374 scripto
953 2346 1003 2366 suo
1018 2339 1051 2366 ad
1067 2347 1108 2371 ea,
1132 2346 1193 2374 quae
1205 2346 1220 2365 a
1237 2338 1394 2367 Manichaeis
1408 2346 1457 2366 sua
1467 2344 1547 2366 aelate
1561 2345 1634 2375 gesta
1649 2341 1692 2368 vel
1712 2341 1789 2370 vide-

158 2386 204 2417 rit,
226 2385 269 2412 vel
288 2384 435 2412 audiverit.
456 2383 498 2411 Cl.
518 2383 737 2416 Montfauconio,
763 2392 791 2419 p.
813 2384 865 2412 559
886 2382 1055 2411 Bibliotheca?
1075 2381 1250 2410 Coislim‘ame
1279 2382 1446 2410 narrationis
1468 2382 1542 2411 illius
1558 2383 1700 2412 Photiante
1726 2393 1791 2420 pars

157 2429 275 2456 maxima
293 2433 323 2456 ut
338 2428 488 2463 plurimttm
500 2427 645 2462 desumpta
661 2427 769 2455 videtur
789 2435 823 2455 ex
841 2428 956 2455 historia
977 2427 1010 2454 de
1032 2432 1094 2454 ortu
1114 2435 1260 2463 progressu
1286 2432 1313 2455 ct
1327 2435 1428 2455 occasu
1445 2427 1657 2456 Manichaeorum
1673 2437 1688 2456 a
1705 2430 1791 2458 Petro

157 2472 250 2499 Siculo
271 2471 418 2507 descripta.
446 2471 474 2498 In
498 2471 623 2498 eamdem
645 2471 812 2499 sententiam
835 2471 946 2506 penitus
959 2471 1157 2505 concederem,
1181 2472 1233 2499 nisi
1263 2472 1404 2504 obstaret,
1422 2473 1495 2508 quod
1516 2472 1632 2500 Photius
1643 2474 1671 2501 in
1692 2474 1791 2503 limine

155 2515 322 2543 narrationis
336 2523 392 2542 suae
413 2515 503 2544 varios
517 2515 593 2542 .alios
608 2515 739 2550 allegans,
766 2523 884 2550 quorum
901 2523 984 2551 opera
1006 2523 1073 2543 usus
1087 2516 1132 2550 sit,
1153 2516 1276 2545 Siculum
1291 2521 1417 2545 nostrum
1443 2522 1525 2551 tacet,
1545 2518 1578 2545 ad
1594 2525 1676 2554 quem
1697 2524 1788 2548 tamen

154 2567 205 2594 pro
229 2559 359 2591 candore,
384 2559 432 2594 qui
455 2559 575 2594 alioquin
600 2559 628 2585 in
654 2566 687 2586 eo
703 2559 875 2593 observatur,
891 2559 943 2588 hoc
956 2562 1052 2597 magis,
1068 2562 1203 2597 siquidem
1226 2569 1258 2590 ea
1276 2570 1342 2591 usus
1361 2563 1470 2594 fuisset.
1492 2568 1692 2598 provocaturus
1705 2565 1789 2592 fuisse

154 2602 272 2634 videtur,
297 2602 370 2638 quod
385 2602 473 2637 ipsum
498 2603 579 2630 rebus
595 2608 689 2630 contra
707 2601 871 2630 Manichaeos
890 2605 972 2639 gestis
987 2605 1145 2633 interfuisse
1165 2613 1198 2634 ex
1216 2606 1276 2641 ipsa
1294 2607 1525 2634 commentatione
1538 2613 1643 2636 nosset.
1661 2607 1787 2636 Vicissim

152 2646 196 2672 vix
210 2646 268 2673 veri
283 2646 393 2674 videtur
407 2646 506 2679 simile,
522 2646 632 2674 Petrum
659 2646 782 2674 Siculum
802 2647 1013 2689 Photjiforulos
1030 2649 1202 2683 compilasse,
1216 2649 1243 2676 in
1260 2649 1356 2684 primis
1374 2649 1401 2676 in
1418 2649 1461 2682 iis,
1478 2658 1539 2685 qua:
1554 2651 1587 2679 ad
1604 2651 1789 2678 recentiorqu

152 2689 379 2722 Manichaeorum,
398 2697 446 2717 seu
466 2689 700 2722 Paulicianorum,
716 2691 858 2718 historiam
881 2696 1016 2726 spectant.
1037 2692 1078 2719 Ad
1102 2700 1162 2719 eam
1178 2692 1253 2720 enim
1268 2693 1444 2721 scribendam
1460 2694 1606 2722 invitatum
1626 2698 1654 2721 et
1676 2701 1790 2729 permo-

153 2737 212 2760 tum
227 2741 258 2761 se
278 2733 317 2761 ait
331 2733 465 2769 legatione
483 2733 566 2767 regia,
580 2741 633 2768 qua
647 2734 673 2760 in
688 2734 755 2766 oris,
783 2734 827 2761 Itis
845 2735 1003 2768 horninibus
1018 2735 1137 2769 refertis,
1159 2736 1321 2771 perfunctus
1334 2737 1379 2765 sit.
1404 2737 1494 2765 Verba
1509 2738 1546 2765 ita
1564 2738 1664 2765 habent
1679 2737 1789 2768 Latine.

152 2788 180 2815 p.
194 2780 228 2807 ὅτ
243 2789 251 2805 ι
267 2780 338 2816 Ergo
350 2787 415 2807 vero
431 2778 560 2806 inductus
577 2779 615 2806 rei
633 2780 799 2807 necessitate
811 2779 864 2807 hoc
875 2781 997 2808 muneris
1009 2781 1248 2817 suscepi.quando
1256 2783 1330 2818 regia
1346 2783 1481 2819 legatione
1497 2782 1694 2819 perfuncturus
1710 2784 1744 2811 ad
1754 2791 1789 2812 ea

152 2826 212 2853 loca
228 2826 342 2857 accessi,
356 2825 415 2860 ipso
434 2824 540 2852 excidio
553 2825 660 2860 imperii
673 2825 763 2853 Basilii
777 2825 865 2861 Magni
882 2826 1056 2861 imperatoris
1068 2828 1166 2861 nostri,
1179 2835 1195 2854 a
1212 2827 1269 2855 Deo
1287 2820 1399 2862 delecti,
1414 2834 1468 2857 etc.
1485 2829 1571 2856 Porro
1585 2828 1690 2864 legatus
1703 2829 1788 2863 ibam,

152 2875 182 2897 ut
193 2871 227 2898 de
239 2871 407 2908 captivorum
422 2870 623 2906 permutatione
633 2878 755 2906 agerem,
774 2876 829 2900 etc.
843 2872 958 2901 Tibrieac
972 2873 1054 2910 igitur
1065 2873 1208 2909 legationis
1218 2875 1352 2904 obeundae
1370 2883 1452 2904 causa
1468 2875 1539 2911 apud
1556 2875 1727 2905 Paulicianos
1741 2876 1790 2906 diu
