1931 3082
150 166 182 199 l3
572 165 613 196 IN
636 165 770 196 PHOTII
794 164 910 195 LlBRO

1021 165 1101 195 'TRA
1121 166 1359 197 MANICHIEOS.
1750 162 1783 197 ἱι

147 225 279 252 moratus.
289 228 362 256 saepe
379 220 544 256 disputando
559 228 621 248 cum
636 221 689 247 illis
703 228 762 247 sum
772 227 946 256 congressus,
956 219 1119 255 illorumque
1139 228 1237 248 arcana
1253 222 1343 248 omnia
1355 227 1403 255 per
1419 220 1576 248 Catholieos
1587 220 1670 248 etiam
1685 219 1722 248 ibi
1734 221 1783 248 de-

147 271 241 302 gentes
252 266 361 292 curiose
374 264 546 299 investigavi,
563 274 573 290 ι
589 270 643 292 etc.
659 264 708 292 Hic
719 264 823 292 clarum
839 269 891 296 est,
906 263 1016 291 Petrum
1028 263 1112 290 videri
1126 264 1195 300 velle
1208 272 1301 291 eorum
1313 269 1493 297 narratorem,
1508 272 1569 299 quae
1586 264 1629 291 vel
1639 268 1714 300 gesta
1725 263 1782 299 ipsa

148 309 255 341 viderit,
268 309 311 336 vel
333 315 367 335 ex
383 308 533 342 a'qualihus
551 313 580 335 et
593 307 750 336 Manichazis
760 308 907 335 audiverit.
925 307 1051 334 Fortasse
1066 307 1157 342 itaque
1171 308 1210 335 sic
1225 308 1400 335 statuendum
1416 308 1507 341 fuerit,
1523 307 1635 336 Petrum
1657 307 1782 334 Siculum

148 352 237 379 Photii
253 352 515 379 commentationem
529 356 594 380 ante
606 352 701 380 oculos
712 352 841 379 habuisse
852 352 878 379 in
891 352 1045 379 enarranda
1059 356 1182 378 veterum
1196 350 1407 379 Manichaorum
1424 351 1536 379 historia
1546 356 1574 379 et
1586 351 1721 382 doctrina.
1733 351 1783 378 de-

149 396 223 427 inde,
241 403 307 422 vero
319 395 365 422 ubi
387 396 420 422 ad
436 396 621 423 recentiorum
638 403 682 423 res
698 396 772 431 (nam
784 400 812 423 et
820 396 917 423 horum
930 395 1068 423 doctrinas
1079 395 1174 422 eodem
1188 396 1278 427 modo,
1296 403 1350 430 quo
1361 395 1485 427 Photius,
1501 395 1637 428 recenset)
1646 402 1783 430 pervenc-

149 444 201 470 rat,
212 439 353 474 proprium
367 439 481 466 fundum
494 440 675 467 consuluisse.
687 439 721 467 Et
733 447 799 467 sane
814 439 947 467 minorem
962 439 988 466 in
999 444 1120 467 extrema
1131 439 1287 466 narratione
1298 439 1369 467 inter
1380 444 1526 474 utrumque
1546 439 1707 474 scriptorem
1717 446 1784 466 con—

149 483 315 510 venientiam
331 482 548 518 deprehendisse
567 483 634 510 mihi
652 484 756 514 videor,
773 491 854 518 quam
867 491 928 517 quae
943 482 970 510 in
987 482 1082 509 limine
1096 486 1125 509 et
1135 482 1343 510 continuatione
1355 482 1447 517 operis
1459 486 1583 517 apparet.
1593 481 1656 509 Veri
1674 489 1784 516 quoque

149 532 192 553 est
204 526 330 558 similius,
346 526 456 553 Petrum
475 527 610 559 Siculum,
625 527 786 561 scriptorem
806 531 904 554 caetera
920 525 1099 561 incognitum,
1116 526 1234 560 peritum
1250 526 1358 559 ducem,
1375 534 1455 561 quem
1469 529 1639 561 sequeretur,
1655 525 1782 561 elegisse,

149 578 230 604 quam
247 570 387 602 Photium,
406 571 545 598 hominem
561 571 587 597 in
603 571 749 598 scribendo
762 570 1031 598 exercitatissimum.
1050 568 1162 597 Monere
1180 569 1300 605 denique
1321 575 1350 597 et
1369 570 1422 597 hoc
1442 569 1533 602 liceat,
1555 569 1678 597 Siculum
1693 576 1783 603 aeque,

149 622 182 640 ac
198 613 338 645 Photium,
357 622 384 649 p.
401 615 433 640 Π
457 619 485 642 et
501 615 533 642 ‘21
558 615 684 642 llistorue
701 622 758 642 suae
776 614 937 649 promittere
952 613 1166 642 confutationem
1187 613 1393 647 Manichaeismi,
1416 613 1470 641 imo
1492 613 1586 641 eadem
1608 613 1783 648 perfunctum

149 664 221 689 esse,
238 665 280 690 ea,
297 665 359 692 quae
381 658 479 685 Photio
498 666 528 685 se
542 658 677 693 probavit,
697 658 812 685 ratione.
833 658 956 685 Raderus
968 658 1052 689 enim,
1067 657 1081 693 §
1096 659 1113 685 4
1126 658 1348 685 Prmmonitionis
1361 665 1419 686 suae
1432 657 1466 685 ad
1485 656 1569 685 Siculi
1596 656 1731 689 libellum,
1749 665 1784 685 ex

149 700 208 728 Jac.
230 700 369 728 Sirmundi
399 702 452 728 fide
480 702 573 734 refert,
602 702 717 729 duorum
744 702 874 736 capitum,
901 708 936 728 ex
966 709 1014 729 sex
1038 702 1102 735 illis,
1135 702 1170 729 de
1195 702 1296 737 quibus
1322 701 1403 729 modo
1432 702 1562 735 diximus,
1590 701 1784 729 refutationem

150 749 261 772 exstare
289 745 316 771 in
339 745 505 772 bibliotheca
526 745 654 772 Vaticana
685 753 767 772 manu
798 750 948 776 exaratam,
981 752 1097 780 eamque
1129 753 1162 773 ex
1199 745 1282 773 nudis
1314 753 1399 781 prope
1430 745 1584 773 divinarum
1618 745 1783 773 Litterarum

151 788 318 816 testimoniis
329 794 497 816 contextam.
508 789 583 816 Idem
599 790 652 816 hoc
669 788 766 816 Photio
781 797 854 816 cura:
864 788 1035 823 potissimum
1044 789 1127 816 fuisse
1142 796 1195 816 non
1213 789 1333 824 negabit,
1347 789 1392 824 qui
1406 789 1507 816 librum
1520 789 1580 824 ejus
1604 796 1624 816 ll
1643 789 1685 817 vel
1696 790 1786 818 obiter

152 833 314 867 inspexerit.

186 876 323 911 Quidquid
348 877 431 912 hujus
452 877 514 909 erit,
531 877 702 904 eruditorum
725 884 780 904 non
805 885 876 903 unus
893 877 1004 912 dignum
1029 876 1137 903 censuit
1165 876 1219 903 hoc
1242 883 1322 910 opus,
1345 876 1418 911 quod
1439 875 1467 903 in
1485 877 1574 904 lucem
1589 877 1729 905 ederetur.
1748 876 1785 905 Ita

150 920 323 948 Abrahamus
348 920 588 953 llinckelmannus,
605 922 619 947 ὁ
634 921 801 956 μακαρίτης,
816 921 1000 955 praedecessor
1022 928 1110 951 meus.
1123 920 1156 947 de
1172 919 1275 947 Graecis
1290 920 1368 947 libris
1382 927 1436 947 non
1454 921 1545 948 minus
1561 921 1689 956 praeclare
1702 930 1785 957 quam

151 966 186 992 de
201 964 398 996 Orientalibus,
417 965 628 1000 promeritnrus,
644 965 697 991 luci
712 964 738 992 id
753 973 814 992 cum
830 964 956 991 versione
967 972 1015 991 sua
1026 963 1131 996 Latina,
1147 963 1227 998 cujus
1237 969 1344 998 partem
1362 963 1525 999 perfecerat,
1539 965 1702 993 destinabat.
1719 965 1787 992 Vide

151 1009 330 1036 Delectionem
342 1009 509 1044 fundamenti
527 1008 679 1040 Hii/uniuni,
691 1016 720 1044 p.
736 1008 770 1053 εἳ
785 1008 890 1053 εινηὸ.
906 1007 980 1053 Illius
994 1007 1154 1053 ἀπόγφςξογ
1174 1015 1227 1034 una
1242 1015 1311 1053 eum
1327 1007 1490 1053 Serapionis
1510 1013 1538 1036 ct
1556 1009 1610 1036 Titi
1629 1009 1786 1037 Bostrensis

149 1053 431 1080 commentationibus
445 1060 529 1086 supra
544 1052 712 1084 memoratis,
727 1052 838 1079 devenit
853 1056 946 1086 postea
964 1051 991 1078 in
1003 1051 1101 1079 manus
1111 1051 1217 1079 Sebast.
1235 1051 1363 1079 Gottfridi
1378 1051 1493 1079 Starckii
1503 1072 1510 1084 ,
1526 1052 1689 1088 professoris
1699 1061 1788 1088 quon-

148 1097 214 1123 dam
229 1096 386 1132 linguarum
401 1095 535 1123 Oriental.
550 1095 817 1131 Gryphiswaldensis
841 1103 873 1122 ac
894 1095 994 1123 deinde
1022 1096 1124 1123 schola:
1139 1096 1275 1130 equestris
1302 1096 1575 1132 Brandenburgensis
1592 1098 1785 1130 moderatoris,

148 1140 198 1174 qui
215 1140 296 1167 telam
315 1140 349 1167 ab
363 1139 581 1167 Hiuckelmanno
602 1145 718 1175 emptam
745 1144 920 1175 perlexturus
946 1144 1014 1171 erat,
1031 1141 1053 1166 si
1080 1148 1129 1175 per
1152 1140 1205 1167 fata
1223 1140 1356 1167 licuisset.
1378 1140 1450 1176 Lege
1462 1141 1534 1168 illius
1549 1142 1735 1176 prmfationem
1751 1142 1784 1169 ad

152 1186 252 1213 librum
269 1183 359 1211 Kelila
373 1184 529 1216 Wadinma,
547 1183 642 1212 Graece
659 1185 694 1211 ab
709 1184 769 1219 ipso
786 1185 901 1215 editum,
928 1184 955 1211 in
978 1184 1062 1217 calce,
1083 1188 1108 1211 et
1131 1183 1226 1211 confer
1245 1184 1286 1211 Cl.
1308 1183 1416 1211 Martini
1441 1184 1577 1213 Dieterich
1611 1186 1788 1222 Programma

150 1230 304 1265 singulare,
319 1228 439 1256 Berolini
458 1236 504 1255 an.
522 1228 586 1255 ΠΗ
605 1228 756 1264 vulgatum,
771 1233 798 1256 et
819 1227 958 1255 memoriae
977 1227 1026 1254 viri
1042 1227 1137 1262 optimi
1154 1227 1333 1254 destinatum.
1355 1227 1429 1255 idem
1450 1228 1559 1256 animus
1574 1229 1624 1256 fuit
1641 1229 1789 1257 Laurentio

152 1273 307 1300 Alexandro
319 1273 454 1307 Zacaguio
469 1280 551 1307 supra
568 1272 689 1305 laudato,
712 1272 784 1306 quod
800 1280 834 1298 ex
846 1271 1009 1298 Prazfatione
1024 1271 1084 1307 ejus
1099 1271 1133 1299 ad
1153 1275 1257 1298 tomum
1282 1271 1290 1298 Ι
1318 1270 1546 1300 Collectaneorum
1560 1273 1787 1301 Manumemorum

151 1323 269 1345 uterum
285 1316 412 1344 Ecclesia
434 1317 544 1350 Gm'cce,
565 1325 591 1352 p.
618 1316 662 1349 15,
684 1315 864 1352 intelligitur:
891 1325 899 1341 ι
918 1315 972 1342 Sed
990 1319 1020 1342 ut
1043 1314 1077 1342 ad
1102 1314 1279 1346 Archelaum,
1302 1314 1392 1350 inquit
1411 1315 1444 1348 is,
1466 1316 1585 1349 redeam,
1608 1323 1717 1352 reperto
1737 1318 1789 1345 hoc

152 1361 343 1388 vetustissimo
356 1361 490 1388 adversus
501 1360 665 1388 Manichacus
676 1360 775 1395 Opere,
785 1360 819 1387 ad
829 1359 939 1386 nefaria:
947 1359 1106 1386 earumdem
1116 1359 1252 1387 haereseos
1268 1359 1410 1387 historiam
1421 1360 1649 1389 conscribendam
1665 1361 1788 1389 animum

151 1406 274 1435 admovi,
284 1405 364 1439 eique
380 1413 435 1432 non
449 1404 530 1432 modo
545 1405 677 1440 integram
691 1404 818 1431 Archelai
833 1402 1058 1438 disputationem,
1076 1402 1122 1430 sed
1138 1407 1165 1430 et
1185 1402 1276 1430 Photii
1290 1403 1454 1438 patriarchas
1468 1404 1522 1431 ΟΡ.
1537 1404 1621 1433 libros
1634 1404 1668 1431 ιν
1689 1405 1790 1433 θάνεν-η

151 1457 202 1477 sus
219 1449 386 1476 Manichaeos
401 1457 451 1476 suo
475 1453 598 1484 tempore
615 1449 713 1476 iterum
731 1452 851 1481 exortes,
868 1447 976 1482 aliaque
1000 1446 1084 1473 multa
1106 1445 1196 1473 adhuc
1218 1446 1321 1474 inedita
1345 1447 1493 1483 magnique
1516 1448 1641 1476 facienda
1666 1454 1790 1476 veterum

150 1498 298 1521 auctorum
311 1493 422 1528 scripta,
447 1493 608 1528 appendicis
627 1493 688 1520 loco
704 1492 870 1527 subiungere
882 1492 1056 1519 decreveram
1076 1500 1082 1517 :
1104 1490 1152 1518 sed
1171 1490 1394 1518 doctissimorum
1416 1492 1537 1520 virorum
1553 1493 1667 1520 consilio
1687 1492 1789 1520 factum

150 1542 206 1570 est,
231 1537 305 1564 utin
318 1541 492 1564 antecessum
513 1541 575 1564 acta
596 1537 648 1564 ista
664 1536 692 1563 in
713 1536 802 1571 primo
817 1535 992 1564 Collectionis
1005 1540 1106 1563 nostra:
1128 1540 1203 1563 tomo
1217 1536 1375 1565 ederentur.
1395 1546 1404 1563 ι
1431 1536 1535 1565 Horum
1556 1537 1648 1572 itaque
1664 1537 1790 1572 exemplo

150 1580 291 1608 adductus
311 1580 345 1608 de
361 1580 531 1615 perﬁciendo
549 1580 604 1607 hoc
620 1580 730 1615 negotio
746 1579 803 1614 jam
818 1583 882 1606 ante
899 1579 1003 1614 aliquot
1017 1587 1115 1611 annos,
1134 1579 1279 1607 consilium
1293 1580 1365 1615 cepi,
1379 1588 1469 1616 .tuper
1492 1588 1558 1608 vero
1572 1581 1643 1609 serio
1660 1582 1788 1617 cogitavi.

151 1629 301 1660 postquam
320 1624 375 1651 vidi
397 1624 436 1651 Cl.
453 1623 584 1651 Jacobum
599 1624 726 1659 Basnag.,
747 1623 773 1650 in
789 1623 945 1658 Speciminc
961 1630 1048 1654 novae,
1064 1631 1145 1658 quam
1160 1624 1291 1659 suscepit,
1309 1623 1438 1651 editionis
1452 1625 1630 1659 Antiquarum
1647 1625 1789 1653 lectionum

149 1669 270 1701 Canisii,
285 1667 444 1702 Serapionis
459 1672 484 1694 et
499 1667 552 1695 Titi
570 1667 724 1695 Bostrensis
740 1667 842 1701 scripta
865 1670 959 1694 contra
979 1667 1144 1694 Manichacos
1166 1675 1199 1694 ex
1219 1667 1376 1703 apographo
1387 1667 1490 1695 codicis
1508 1662 1690 1701 ilolsteniani,
1716 1670 1789 1705 quod

148 1721 166 1741 a
186 1713 218 1740 S.
236 1713 335 1740 Rev-er.
351 1711 394 1739 Jo.
414 1711 553 1739 Friderico
570 1711 742 1744 Wincklero,
762 1710 863 1746 collega
888 1718 950 1738 meo
970 1710 1208 1745 conjunctissimo,
1234 1711 1351 1746 accepit,
1367 1711 1460 1739 Graece
1474 1711 1606 1745 edidisse,
1628 1720 1690 1740 cum
1706 1718 1786 1741 antea

149 1757 192 1785 ibi
216 1756 315 1783 Latine
330 1760 436 1783 tantum
456 1756 622 1791 legerentur.
638 1755 801 1782 Consultum
824 1754 917 1789 itaque
934 1755 1074 1789 putabam,
1097 1754 1215 1788 efﬁcere,
1232 1759 1263 1782 ut
1287 1754 1422 1783 triumviri
1439 1755 1494 1787 isti,
1513 1763 1583 1791 quos
1596 1755 1693 1784 eodem
1709 1757 1788 1784 volu-

148 1801 231 1828 mine
247 1808 298 1827 ms.
317 1800 429 1834 junctos
451 1799 587 1831 videbam,
609 1799 717 1834 publice
735 1798 762 1825 in
775 1802 915 1833 posterum
928 1806 983 1826 non
1000 1803 1094 1826 essent
1116 1798 1256 1833 disjuncti,
1276 1799 1304 1826 in
1325 1798 1422 1834 primis
1436 1807 1499 1826 cum
1513 1799 1645 1832 viderem,
1660 1800 1787 1828 Photium

148 1845 180 1871 in
197 1843 400 1871 Confutatione
428 1850 477 1869 sua
502 1843 620 1870 duorum
643 1842 758 1869 ist0rum
779 1841 900 1869 laborem
922 1842 1060 1877 supplere.
1088 1842 1127 1869 Illi
1148 1842 1233 1873 enim,
1250 1847 1280 1869 ut
1304 1843 1338 1870 de
1362 1842 1475 1870 historia
1497 1842 1634 1870 haereseos
1656 1844 1788 1878 pestilen-

148 1887 269 1915 tissimae
282 1890 384 1918 tacent,
403 1893 568 1921 erroresque
584 1885 659 1921 ipsos
683 1884 868 1920 argumentis;
877 1892 908 1912 ex
927 1885 1033 1913 ratione
1046 1889 1074 1913 et
1090 1885 1264 1920 philosophia
1289 1885 1393 1920 petitis,
1411 1890 1588 1922 oppugnant;
1613 1887 1650 1914 ita
1674 1887 1789 1916 Photius

145 1931 315 1960 narratione
336 1930 467 1958 historica
485 1929 594 1967 egregie
618 1929 802 1965 perfungitur,
827 1936 860 1956 ac
874 1928 995 1957 furorem
1011 1929 1120 1957 illorum
1134 1929 1278 1956 hominum
1295 1936 1328 1956 ex
1351 1923 1492 1965 Scriptura
1512 1929 1646 1958 diviniora
1675 1938 1789 1967 compe-

144 1975 289 2004 scendum
308 1974 436 2009 sumpsit.

184 2020 232 2047 Ita
248 2020 321 2047 enim
345 2019 465 2046 rationes
483 2025 546 2046 suas
570 2018 598 2045 in
616 2021 674 2045 toto
691 2024 776 2052 apere
793 2016 846 2044 hoc
861 2015 979 2044 instituit
1001 2016 1125 2051 Photius,
1148 2021 1178 2044 ut
1197 2017 1244 2044 lib.
1261 2025 1270 2045 ι
1286 2021 1391 2045 tantum
1405 2017 1548 2045 historiam
1563 2018 1660 2052 tradat,
1676 2018 1788 2054 reliquis

141 2072 220 2091 tero
245 2063 368 2098 potiores
393 2069 488 2090 eorum
514 2069 623 2089 errores
646 2060 788 2096 proﬁiget;
813 2065 895 2095 atque
917 2061 996 2092 adeo,
1027 2060 1073 2087 lib.
1095 2069 1132 2092 ιι,
1161 2065 1255 2088 contra
1278 2068 1326 2088 eos
1352 2061 1470 2093 evincat,
1498 2061 1582 2089 Deum
1605 2063 1732 2090 eumdem
1761 2071 1790 2090 ea

140 2108 264 2135 animas
283 2111 310 2134 et
324 2113 440 2141 corpora
460 2109 488 2132 et
505 2109 603 2132 caetera
619 2104 746 2132 sensibus
762 2104 884 2139 subjecta
903 2104 1076 2137 condidisse;
1098 2104 1146 2131 lib.
1163 2112 1204 2137 Ill,
1221 2103 1312 2132 Veteri
1334 2104 1510 2132 Testamento
1523 2105 1655 2141 originem
1669 2106 1788 2135 divinam

140 2151 294 2183 vindicet;
313 2158 350 2182 IV,
367 2149 488 2183 denique
509 2148 584 2175 varia
606 2151 721 2182 repetat,
740 2147 772 2174 ad
796 2147 892 2175 eadem
909 2152 1069 2183 argumenta
1095 2148 1271 2183 pertinentia,
1290 2152 1318 2175 et
1344 2149 1552 2184 exceptionibus
1575 2149 1789 2178 Manichaorum

139 2194 298 2222 nonnullis
312 2192 472 2220 satisfaciat.
491 2192 529 2219 De
551 2192 642 2223 titulo,
668 2198 750 2226 quem
767 2191 837 2218 libro
863 2199 881 2218 ιι
898 2193 1039 2227 praeﬁxum
1054 2192 1171 2224 videbis,
1189 2192 1226 2219 ita
1246 2192 1330 2220 habe.
1348 2193 1374 2220 is
1386 2201 1441 2220 non
1464 2198 1518 2220 tam
1534 2193 1657 2228 proxime
1669 2197 1696 2220 et
1711 2194 1789 2229 sigil--

138 2239 229 2267 latim
245 2237 282 2265 ad
296 2237 396 2264 librum
414 2236 491 2263 illum
508 2243 589 2270 quam
608 2235 641 2262 ad
667 2235 787 2269 reliquos
807 2235 877 2262 duos
902 2235 1029 2270 pertinet,
1052 2240 1080 2262 et
1093 2235 1246 2271 generalem
1258 2235 1348 2270 operis
1359 2235 1577 2271 inscriptionem,
1594 2236 1627 2263 ab
1638 2236 1690 2263 alia
1706 2244 1788 2263 manu

136 2282 319 2318 profectam,
346 2280 429 2312 sistit,
445 2280 579 2314 docetque
593 2278 667 2314 quod
693 2278 758 2306 illud
789 2278 816 2305 in
833 2279 1024 2314 oppugnandis
1044 2278 1200 2306 Manichaeis
1215 2286 1367 2314 eorumque
1389 2279 1596 2314 exceptionibus
1623 2279 1788 2314 repellendis

135 2330 320 2360 occupetur.
345 2323 483 2352 Promittit
506 2323 581 2351 enim
610 2322 740 2358 ’Δπορίας
755 2322 803 2349 καὶ
821 2322 897 2349 λύσει

1026 2322 1169 2357 ανιχαίων;
1189 2322 1242 2350 hoc
1257 2326 1309 2356 est,
1323 2322 1412 2350 Dubia
1433 2323 1636 2350 Manichazorum
1648 2331 1788 2358 eorumque

134 2370 310 2397 solutiones.

178 2415 224 2441 De
252 2411 340 2445 notis,
363 2419 431 2446 quas
449 2410 553 2444 addidi,
575 2410 611 2438 ita
636 2410 773 2438 existima.
794 2410 823 2437 ln
839 2410 886 2438 lib.
904 2419 913 2438 ι
936 2409 1098 2438 illustrando
1122 2409 1258 2443 diﬁ‘usior,
1277 2410 1304 2437 in
1329 2411 1414 2438 altero
1435 2410 1543 2446 parcior
1557 2409 1608 2443 fui,
1632 2410 1661 2438 in
1677 2410 1789 2446 reliquis

135 2459 220 2488 idem
239 2457 364 2485 futurus.
377 2455 512 2484 Historica
526 2455 601 2483 enim
617 2455 661 2482 illa
675 2455 741 2483 hinc
752 2455 817 2483 inde
830 2455 873 2482 vel
895 2455 956 2482 luce
971 2462 1003 2481 ex
1018 2454 1193 2489 antiquitate,
1207 2455 1251 2482 vel
1265 2454 1365 2482 robore
1377 2463 1410 2483 ex
1423 2455 1660 2484 consentientibus
1673 2455 1788 2484 aliorum

136 2500 326 2532 testimoniis
340 2500 474 2536 indigere,
492 2499 613 2528 vicissim
627 2506 693 2527 vero
705 2499 857 2535 dogmatica
876 2506 925 2527 sua
939 2498 1048 2526 radiare
1068 2497 1129 2526 luce
1143 2498 1212 2526 mihi
1226 2498 1399 2526 videbantur.
