1931 3082
149 117 183 168 2'1
677 134 827 165 CONTRA
846 133 1077 165 MANICHZEOS
1101 134 1216 164 LIBER
1237 134 1263 166 1.
1672 177 1677 181 ν
1749 136 1787 168 22

183 192 220 218 Δ’.
233 189 314 218 Μετά
323 189 358 217 δὲ·
363 188 409 217 τὸν
420 189 576 223 Σιλουανδν,
587 189 701 226 Συμεὼν
716 190 808 218 αὐτῶν
818 190 866 217 τοῦ
876 190 941 217 δυσ-

1029 188 1073 216 lV.
1091 188 1156 216 Post
1179 189 1319 216 Silvanum
1337 189 1428 224 impim
1447 188 1577 217 doctrinm
1598 191 1786 227 magisterium

147 235 245 268 σεϐοὖς
255 235 444 263 διδασκαλείου
453 236 629 272 προΐσταται,
643 236 722 275 Τίτον
731 237 778 264 καὶ
789 236 871 268 αὐτὸς
885 236 942 271 (28)

146 281 243 308 ἑαυτὸν
260 280 531 316 μετονομασάμενος.
554 280 636 316 Ἑξῆς
647 281 676 308 δὲ
694 281 838 317 Ἀρμένιος
851 281 941 316 γένος,

146 326 307 362 Γεγναίσιος
329 326 387 361 (29)
408 326 506 362 δνομα,
534 327 716 362 μετακληθεὶς
739 328 780 358 είς
796 327 940 362 Τιμόθεον.

145 374 203 401 Καὶ
214 373 346 409 τέταρτος
363 372 464 408 Ἰωσὴφ
474 373 488 399 ὸ
499 373 540 405 είς
557 373 757 409 Ἐπαφρόδιτον
771 373 943 410 μεταδεδλη-

147 419 230 454 μένος
255 419 286 446 τὸ
306 419 413 455 κύριον.
431 417 499 446 Εἶτα
516 420 668 455 Ζαχαρίας,
692 420 722 447 δν
746 420 796 448 οὐκ
811 420 941 458 ἐλαχίστη

148 466 232 501 μοῖρα
248 465 384 501 αἱρέσεως
405 465 542 501 μισθωτόν
559 474 590 492 τε
604 467 714 501 ἡγεῖται
734 466 782 493 καὶ
803 466 854 502 τῆς
868 467 943 493 διδα-

147 510 286 545 σκαλικῆς
306 510 397 538 αὐτῶν
416 510 565 547 προεδρίας
588 511 709 544 ἀνάξιον.
733 512 833 544 Ἕκτος
850 512 944 544 αὐτοῖς

147 553 302 588 ιπιγίνεται
317 553 427 590 Βαάνης
442 554 457 581 δ
476 554 611 590 ῥυπαρὸς,
630 554 673 589 ἐφ’
692 552 733 586 οἷς
758 554 874 590 ἕϐδομον
895 555 944 582 καὶ

147 599 303 626 τελευταῖον
319 599 405 626 κακὸν
421 598 536 635 Σέργιος
550 599 713 634 ἀναφύεται,
727 599 768 631 είς
783 600 902 635 Τυχικδν
914 599 943 627 δὲ

148 644 199 672 καὶ
223 645 306 678 αὐτὸς
328 645 426 673 ἑαυτὸν
451 645 646 680 μετεκάλεσεν.
679 646 751 673 Ἀλλ’
770 647 795 674 oi
820 646 871 684 μὲν
894 647 944 683 τῆς

148 691 323 723 ἀποστασίας
344 691 434 718 αὐτῶν
454 691 622 725 διδάσκαλοι,
647 693 694 728 ἀφ’
715 689 747 720 οὗ
762 691 813 728 τῆς
835 692 943 720 Παύλου

151 739 330 773 μετωνυμίας
345 738 442 774 ἔλαχεν
459 738 491 765 τὸ
505 739 691 766 ἀποστατικδν
706 739 785 766 τοῦτο
801 739 849 767 καὶ
863 739 942 775 μισό-

150 792 263 819 χριστον
290 783 445 819 σύνταγμα,
472 784 554 820 μέχρι
578 784 626 811 τοῦ
642 784 703 811 καθ’
730 785 806 820 ἡμᾶς
828 785 944 821 ἥκοντος

150 828 250 864 χρόνου
263 828 310 855 ἐπὶ
321 829 450 856 τοσοῦτον
464 828 654 865 προήχθησαν.
675 830 780 859 Ἐκεῖνο
791 830 820 857 δὲ
833 831 874 857 δεῖ
887 830 942 865 (50)

993 235 1098 263 obtinet
1118 235 1242 267 Simeon,
1259 235 1306 270 qui
1322 243 1422 262 nomen
1438 239 1466 262 et
1478 236 1537 270 ipse
1553 244 1632 264 suum
1649 237 1677 264 in
1693 237 1786 266 Titum

993 281 1191 309 commutavit:
1207 281 1307 309 deinde
1329 281 1476 309 Armenius
1493 282 1603 317 quidam
1620 287 1701 319 gente
1713 303 1721 316 ,
1735 292 1787 311 no-

994 327 1068 355 mine
1085 326 1256 363 Gegnarsius,
1273 327 1319 362 qui
1338 335 1438 357 nomen
1452 336 1533 355 suum
1548 329 1632 356 vertit
1647 329 1675 356 in
1692 328 1787 357 Timo-

995 373 1098 401 theum.
1114 373 1234 407 Quartus
1247 372 1361 408 Joseph.
1378 373 1474 400 relicto
1492 374 1604 409 proprio
1619 375 1741 406 nomine,
1758 383 1788 403 se

993 419 1209 454 Epaphroditum
1225 419 1315 446 vocari
1330 418 1405 446 fecit.
1419 418 1515 446 Postea
1531 419 1688 452 Zacharias,
1704 428 1786 455 quem

993 471 1057 500 pars
1077 464 1213 492 hereseos
1230 472 1285 492 non
1305 464 1418 492 minima
1435 465 1636 492 mercenarium
1650 469 1728 501 putat
1739 486 1746 498 ,
1760 471 1789 494 et

993 510 1126 539 doctrinae
1141 510 1299 545 magisterio
1315 510 1470 546 indignum.
1486 510 1586 538 Sextus
1598 511 1665 547 ipsis
1676 512 1788 540 advenit

993 555 1116 588 Baanes,
1139 556 1265 591 impurus
1279 556 1340 589 ille,
1365 565 1448 592 quem
1464 556 1567 592 excipit
1589 557 1736 592 septimum
1759 563 1788 586 et

993 607 1162 637 postremum
1175 602 1277 629 malum
1289 602 1410 638 Sergius,
1422 602 1470 638 qui
1481 607 1586 630 mutato
1598 603 1662 630 item
1675 604 1788 632 nomine

993 654 1025 675 se
1045 646 1194 683 Tychicnm
1214 648 1371 683 appellavit.
1391 648 1424 676 Hi
1444 648 1540 680 fuere,
1562 656 1594 676 ex
1610 657 1664 684 quo
1679 650 1788 678 rebellis

994 692 1041 721 ille
1057 697 1085 720 et
1097 693 1200 721 Christi
1215 694 1344 722 inimicus
1355 699 1443 722 coetus
1458 694 1534 722 Pauli
1555 703 1656 722 nomen
1671 696 1786 731 accepit.

995 738 1157 766 defectionis
1173 739 1305 775 magistri,
1326 740 1375 775 qui
1388 748 1475 775 usque
1498 740 1532 768 ad
1547 745 1641 768 nostra
1665 745 1788 777 tempora

994 792 1028 812 eo
1044 784 1164 820 provecti
1178 789 1252 812 sunt.
1269 784 1338 813 Illud
1355 789 1446 813 autem
1459 785 1545 820 probe
1564 785 1789 814 animadverten-

994 829 1059 857 dum
1075 834 1102 857 et
1117 830 1257 858 sciendum
1275 835 1316 858 est
1327 851 1334 862 .
1351 830 1499 858 hodiernos
1516 830 1622 858 scilicet
1639 831 1721 866 hujus
1738 831 1787 859 de-

150 863 243 906 καλῶς
254 874 402 910 ἐπιστῆσαι
416 876 463 902 καὶ
471 863 590 911 gustat,
604 875 642 907 ὼς
658 876 682 903 οι
699 875 746 903 νῦν
759 876 809 912 τῆς
823 863 944 903 ἀποστάέ

999 875 1122 904 l'ectionis
1139 876 1218 909 ﬁlios,
1234 884 1297 904 cum
1314 877 1451 912 quispiam
1474 877 1508 904 ab
1530 877 1583 905 illis
1601 863 1733 913 exegerit,
1757 882 1788 905 ut

149 928 221 952 σεως
230 919 334 956 ταύτης
342 920 448 954 παῖδες,
461 921 573 948 ἐπειδὰν
582 920 681 953 αὐτούς
694 930 737 954 τις
746 921 875 957 ἀπαιτοίη
887 921 944 957 (51)

147 967 214 998 τοὺς
224 966 356 1002 ἐξάρχους
363 967 414 1001 τῆς
421 966 551 1002 τοιαύτης
562 967 777 1002 ἀποπέμπεσθαι
789 968 943 1004 βδελυρίας,

147 1013 278 1041 Μάνεντα
294 1013 343 1049 μὲν
356 1014 404 1041 καὶ
419 1013 527 1042 Παῦλον
539 1015 587 1041 καὶ
604 1014 745 1050 Ίωάννην,
758 1016 806 1042 καὶ
820 1016 883 1048 τοὺς
896 1016 945 1043 ἄλ-

147 1059 213 1091 λους
228 1059 378 1095 προθύμως
396 1059 661 1096 ἀναθεματίζουσιν·
677 1062 885 1090 Κωνσταντῖνον
902 1063 943 1097 δὲ,

148 1105 180 1132 δν
200 1105 344 1133 Σιλουανδν
358 1106 485 1139 καλοῦσι,
504 1107 550 1134 καὶ
566 1108 699 1143 Συμεῶνα
713 1109 759 1136 τὸν
775 1109 872 1144 Τίτον,
895 1110 945 1137 καὶ

148 1149 311 1184 Γεγναίσιον
342 1150 399 1186 (52)
424 1151 471 1178 τὸν
501 1151 653 1187 Τιμόθεον,
682 1153 730 1180 καὶ
761 1153 808 1180 τὸν
843 1154 944 1189 Ἰωσὴφ

155 1197 364 1233 Ἐπαφρόδιτον,
379 1197 428 1225 καὶ
440 1197 486 1224 τὸν
499 1199 622 1235 ῥυπαρὸν
633 1198 752 1234 Βαάνην,
768 1200 816 1227 καὶ
830 1200 944 1236 Σέργιον

148 1242 197 1269 τὸν
212 1243 341 1277 Τυχικδν,
364 1243 493 1279 οὐδαμῶς
511 1244 712 1280 ἀναθεματίσαι
728 1246 943 1282 καταδέχονται·

149 1289 209 1316 ἀλλ’
221 1287 266 1316 οἷα
280 1289 313 1325 δὴ
335 1289 454 1325 Χριστοῦ
470 1291 639 1323 ἀποστόλους
659 1292 705 1318 καὶ
736 1292 787 1327 τῆς
802 1292 944 1323 εὐσεϐείας

148 1334 329 1367 διδασκάλους
347 1335 583 1371 περιπτύσσονταί
592 1346 622 1364 τε
639 1338 686 1364 καὶ
700 1338 900 1373 ἀποδέχονται,
912 1338 944 1365 οὗ

149 1380 253 1413 πάντες
267 1380 306 1415 δὲ,
323 1381 384 1408 οὐδὲ
401 1382 464 1413 τοὺς
477 1382 642 1418 εἰρημένους
657 1382 762 1415 πάντας
775 1383 877 1419 ὁμοίως
893 1392 943 1410 πε-

150 1427 305 1462 ριέπουσιν,
320 1427 390 1455 ἀλλὰ
400 1428 465 1460 τοὺς
478 1428 528 1464 μὲν
540 1429 622 1465 μέχρι
634 1428 757 1462 Βαάνους
769 1430 817 1457 καὶ
828 1430 944 1465 Σεργίου

149 1473 360 1509 καταγομένους
374 1474 464 1507 ἑξίσου
479 1473 646 1508 θειάξουσιν·
661 1475 768 1502 ἐκεῖθεν
775 1475 803 1503 δὲ
813 1476 945 1511 ραγέντες

149 1520 192 1568 είς
203 1519 368 1568 ἀντιπάλους
383 1520 430 1568 δυο
447 1520 572 1568 μερίδας,
588 1521 612 1548 οἱ
627 1521 677 1568 μὲν
690 1521 737 1548 τὸν
750 1521 858 1557 Βαάνην
876 1523 900 1549 al
915 1522 944 1549 δὲ
957 1538 980 1568 c

151 1564 306 1592 θεοποιοῦσι
319 1565 367 1592 τὸν
382 1565 506 1601 Σέργιον,
517 1565 566 1592 ἐπὶ
579 1565 708 1593 τοσοῦτον
723 1566 774 1602 τὴν
788 1566 849 1594 κατ’
863 1566 947 1603 ἀλλή-

149 1610 207 1638 λων
217 1609 277 1646 ἔριν
289 1611 337 1638 καὶ
353 1611 448 1638 στάσιν
461 1602 655 1647 κρατύνοντες,
668 1611 707 1644 ὡς
719 1611 768 1639 καὶ
782 1611 864 1648 μέχρι
877 1602 946 1648 σφα-

149 1655 205 1691 τῆς
215 1657 308 1690 αὐτοῖς
319 1658 476 1693 προχωρεῖν
488 1657 520 1684 τὸ
532 1657 696 1693 φιλόνεικον.

185 1702 227 1731 E’.
243 1704 293 1737 Ἐξ
310 1704 339 1731 δὲ
353 1695 678 1740 αὐτῶν’ἀνομολογοῦσιν
699 1704 864 1740 Ἐκκλησίας
877 1705 946 1742 (33),

149 1747 190 1778 ὧν
204 1750 255 1786 τὴν
275 1750 325 1786 μιν
347 1749 521 1777 Μακεδονίαν
546 1750 686 1777 καλοῦσιν·
720 1751 833 1786 ’Δχαῖαν
848 1750 878 1777 δὲ
896 1751 946 1787 τὴν

149 1790 293 1832 δευτέραν,
317 1796 364 1822 καὶ
377 1795 473 1832 τρίτην
489 1795 544 1823 τῶν
560 1795 764 1831 Φιλιπτι-ησίων,
781 1797 825 1831 ἐφ’
838 1795 880 1829 οἷς
896 1798 946 1833 τὴν

150 1842 318 1875 Λαοδικέων,
334 1842 382 1869 κα)⁵
402 1842 531 1878 πέμπτην
550 1842 605 1869 τῶν
628 1842 771 1877 Ἐφεσίων,
787 1842 946 1871 τελευταίαν

149 1888 181 1915 δὲ
193 1889 243 1925 τὴν
255 1888 311 1914 τῶν
325 1887 514 1915 Κολοσσαέων.
537 1888 622 1915 Ἀλλὰ·
633 1889 668 1915 τὰ
685 1888 736 1924 μὲν
752 1888 874 1924 ὀνόματά
888 1890 947 1916 ἐστι

151 1934 270 1967 πόλεων,
287 1930 325 1961 ὧν
339 1935 388 1962 καὶ
406 1935 423 1970 ἡ
440 1934 543 1962 παλαιά
553 1934 603 1970 τὴν
613 1934 715 1968 γνῶσιν
729 1931 804 1970 εἶχεν
820 1935 926 1970 ἱστορία
937 1955 945 1969 ,

150 1981 200 2009 καὶ
213 1980 228 2007 δ
238 1980 308 2013 θεῖος
319 1980 510 2017 ἐμνημόνευσε
521 1981 639 2012 Παῦλος.
652 1982 684 2008 Oi
697 1980 726 2007 δὲ
741 1981 826 2016 μηδὲν
840 1981 945 2016 ἄδολον,

151 2026 216 2062 μηδ’
234 2027 427 2062 ἀκαπήλευτον
451 2026 668 2062 φιλονεικοῦντες
686 2027 859 2060 καταλιπεῖν,
883 2027 946 2064 μηδ’

150 2074 205 2100 ὅσα
226 2072 287 2108 ὕψει
307 2073 495 2110 διελέγχεται,
522 2073 591 2109 μηδὲ
614 2073 701 2101 ταῦτα
722 2073 945 2109 δυσωπούμενοι,

150 2119 325 2147 Μακεδονίαν
339 2120 388 2155 μὲν
404 2119 569 2155 ὀνομάζουσι
584 2119 722 2155 πολίχνιόν
740 2128 767 2146 τι
782 2120 947 2152 Κωλωνειας

150 2165 320 2201 καλούμενον
347 2166 490 2193 Κίσωσσα
502 2165 570 2200 (54),
587 2166 617 2192 ὲν
633 2162 651 2203 ᾖ
671 2165 876 2196 Κωνστανττνος
890 2165 946 2202 (55)

993 921 1161 950 detestandae
1184 923 1342 958 hujusmodi
1365 927 1449 951 sectae
1472 923 1610 958 principes
1626 924 1785 959 repudient,

993 967 1100 995 Manem
1115 967 1226 1003 quidem
1236 987 1244 1001 ,
1259 967 1373 995 Paulum
1395 973 1424 996 et
1444 967 1580 996 Joannem
1590 989 1597 1002 ,
1612 973 1641 996 et
1654 969 1787 1004 quosdam

993 1013 1062 1041 alios
1078 1013 1196 1041 libenter
1216 1013 1392 1041 anathemate
1406 1014 1536 1042 damnare
1547 1035 1554 1047 ,
1574 1014 1788 1048 Constantinum

994 1067 1069 1092 vero,
1083 1067 1163 1094 quem
1178 1059 1319 1087 Silvanum
1331 1064 1441 1090 vocant.
1456 1059 1630 1096 Symeonem,
1643 1068 1724 1095 quem
1742 1060 1789 1088 Ti-

993 1109 1063 1137 tum,
1076 1104 1258 1141 Gegnzesium,
1275 1113 1356 1140 quem
1372 1105 1557 1138 Timotheum,
1574 1110 1603 1134 et
1616 1106 1766 1142 Josepltum
1779 1129 1787 1140 ,

993 1157 1074 1184 quem
1097 1149 1312 1185 Epaphroditum
1327 1150 1480 1186 appellant,
1496 1158 1548 1178 nec
1569 1159 1625 1178 non
1648 1152 1793 1187 impurum

995 1195 1112 1223 Baanem
1133 1201 1161 1223 et
1181 1195 1305 1232 Sergium
1331 1204 1380 1223 seu
1403 1196 1550 1230 Tyclticum
1569 1197 1645 1225 nullo
1672 1198 1788 1227 anathe-

993 1245 1067 1269 mate
1082 1241 1180 1274 ferire;
1193 1242 1241 1269 sed
1258 1242 1335 1276 quasi
1352 1241 1454 1269 Christi
1466 1243 1604 1277 apostolos
1623 1247 1652 1272 et
1670 1244 1722 1279 pize
1737 1252 1788 1272 re—

993 1286 1102 1323 ligionis
1136 1287 1281 1323 magistros
1302 1287 1431 1322 amplecti
1461 1292 1489 1315 et
1518 1288 1669 1324 suscipere.
1695 1289 1789 1324 Neque

993 1337 1085 1361 tamen
1099 1340 1212 1366 omnes,
1238 1341 1327 1368 neque
1351 1333 1474 1369 singulos
1501 1341 1585 1369 supra
1610 1339 1788 1367 memoratos,

994 1379 1120 1408 similiter
1151 1384 1273 1407 tuentur.
1295 1379 1350 1408 Sed
1367 1387 1432 1414 eos,
1452 1380 1500 1416 qui
1523 1381 1556 1409 ad
1580 1380 1698 1408 Baanem
1726 1381 1790 1416 qui-

995 1426 1058 1454 dem
1083 1430 1112 1454 et
1136 1425 1262 1463 Sergium
1281 1433 1368 1462 usque
1391 1426 1566 1455 successione
1599 1427 1789 1458 devenerunt,

994 1471 1102 1499 divinos
1125 1472 1199 1500 viros
1222 1472 1324 1507 pariter
1348 1472 1506 1500 admittunt.
1524 1472 1629 1500 Exinde
1651 1476 1743 1501 autem
1762 1472 1790 1500 in

995 1518 1147 1546 contrarias
1158 1522 1250 1553 partes
1265 1518 1333 1546 duas
1349 1518 1442 1552 divisi,
1456 1517 1501 1545 alii
1517 1517 1647 1552 Baanem,
1663 1517 1708 1545 alii
1725 1517 1791 1546 Ser-

996 1564 1070 1600 gium
1082 1563 1138 1592 Deo
1153 1569 1299 1599 exaequant
1315 1573 1321 1592 :
1335 1564 1401 1592 hinc
1413 1564 1441 1591 in
1453 1568 1556 1592 tantam
1571 1569 1668 1592 mutuo
1679 1569 1790 1592 conten-

996 1610 1100 1638 tionem
1116 1614 1144 1638 et
1159 1610 1323 1638 seditionem
1336 1610 1500 1644 excitantur,
1515 1614 1546 1638 ut
1556 1617 1644 1646 usque
1656 1610 1690 1638 ad
1703 1610 1792 1638 caedes

995 1656 1084 1693 iurgia
1101 1655 1223 1684 foveant.

1033 1701 1066 1729 ν.
1083 1701 1136 1729 Sex
1144 1705 1236 1729 autem
1250 1700 1386 1731 Ecclesias
1399 1700 1451 1730 sibi
1465 1708 1526 1729 esse
1539 1700 1702 1737 profitentur
1715 1709 1721 1727 ε
1739 1699 1792 1734 pri-

996 1756 1080 1782 mam,
1090 1748 1274 1776 Macedoniam
1285 1748 1402 1782 vocant';
1412 1747 1571 1780 secundam,
1578 1747 1708 1775 Achaiam
1719 1755 1726 1779 ;
1736 1750 1792 1773 tcr-

997 1796 1075 1828 tiam,
1085 1794 1317 1830 Philippensium;
1328 1799 1464 1830 quartam,
1474 1793 1688 1822 Laodicenorum
1696 1801 1704 1826 ;
1713 1792 1794 1827 quin-

997 1846 1064 1875 tam,
1080 1841 1281 1876 Ephesiorum;
1298 1846 1477 1876 postremam,
1498 1839 1711 1868 Colossensium.
1739 1838 1793 1866 Sed

997 1889 1057 1917 haec
1075 1889 1185 1925 quidem
1200 1889 1313 1917 nomina
1330 1894 1395 1917 sunt
1409 1889 1518 1916 urbium
1529 1908 1537 1921 ,
1552 1895 1620 1924 quas
1640 1892 1719 1916 vetns
1749 1886 1793 1914 hi-

997 1935 1082 1963 storia
1096 1934 1215 1969 praefert,
1228 1939 1257 1962 et
1270 1934 1380 1962 divinus
1392 1933 1493 1961 Paulus
1507 1937 1651 1961 memorat.
1662 1932 1702 1960 Illi
1717 1940 1791 1964 vero,

997 1981 1045 2017 qui
1055 1981 1126 2009 nihil
1141 1988 1198 2008 non
1209 1980 1345 2013 dolosum.
1361 1980 1432 2008 nihil
1442 1985 1497 2008 non
1511 1979 1693 2007 adulteratum
1709 1978 1794 2006 relin-

997 2035 1082 2064 quere
1097 2027 1126 2055 in
1139 2027 1231 2055 animo
1241 2027 1354 2058 habent,
1364 2034 1396 2056 ac
1407 2033 1459 2054 nec
1469 2033 1502 2053 ex
1517 2025 1599 2053 rebus
1609 2024 1717 2059 quidem
1734 2023 1793 2058 ipso

997 2074 1058 2102 visu
1074 2073 1222 2109 exploratis
1237 2077 1265 2101 et
1279 2072 1340 2101 falsi
1351 2072 1453 2100 notatis
1464 2071 1570 2106 pudore
1585 2070 1792 2102 sutl‘unduntur,

997 2118 1189 2146 Macedoniam
1214 2118 1325 2153 quidem
1351 2121 1452 2145 vocant
1473 2116 1634 2152 oppidulum
1658 2114 1794 2150 quoddam

998 2163 1119 2192 Coloniae
1130 2163 1202 2199 quod
1217 2163 1369 2199 appellatur
1381 2162 1506 2194 Cibossa;
1525 2161 1571 2189 ubi
1585 2160 1792 2191 Constantinus,

149 2213 165 2239 ὸ
180 2212 327 2244 Σιλουανδς
347 2212 398 2247 τὴν
413 2211 586 2239 ἀποστασίαν
606 2210 721 2244 ἐδίδαξε.
739 2211 830 2246 Κώμη
845 2210 875 2238 δὲ
891 2211 944 2238 Σα-

999 2210 1124 2239 Silvanus
1141 2211 1248 2243 dictus,
1274 2209 1435 2238 defectionis
1466 2209 1596 2244 magister
1620 2208 1681 2235 fuit.
1710 2206 1793 2234 Vicus

727 2306 846 2335 VARIIE
865 2306 1058 2336 LECTIONES
1079 2305 1124 2334 ΕΤ
1143 2304 1262 2334 NOTAE.

189 2399 248 2435 (28)
261 2400 369 2432 Αὐτός.
384 2399 421 2436 l_ta
442 2404 536 2436 noster
555 2407 617 2428 cum
631 2399 786 2436 Euthymio.
802 2397 949 2427 Coislinia-

151 2433 206 2463 nns
222 2443 277 2462 non
291 2442 369 2470 aeque
388 2434 459 2463 bene
474 2433 562 2466 οὗτος.

190 2470 246 2505 (29)
281 2469 430 2505 Ἀρμένιος
449 2470 536 2508 γένος
562 2469 753 2508 Γετναίσιος.
778 2469 818 2508 Ita
843 2472 948 2508 noster,

152 2503 217 2534 cum
237 2503 292 2540 quo
306 2503 421 2539 prorsus
440 2503 580 2539 conspirat
599 2503 836 2540 ColbertinusaAt
849 2503 949 2540 Coisli-

152 2538 254 2576 nianus
270 2538 366 2568 vocem
385 2539 464 2574 γένος
481 2538 600 2576 omittit,
616 2548 697 2576 quam
717 2547 770 2567 nec
782 2539 872 2576 habet
893 2538 948 2576 En-

152 2575 286 2611 thymius,
299 2576 345 2611 qui
356 2579 488 2611 praeterea
501 2573 660 2608 Γεγναισίου
670 2574 810 2611 nomenin
820 2573 956 2600 Γενεσίουι

152 2610 296 2638 transfert.
319 2610 410 2638 Videri
433 2610 526 2645 itaque
547 2614 655 2645 poterat
674 2617 725 2637 vox
749 2610 827 2645 γένος
845 2617 877 2645 ex
896 2616 946 2636 no-

152 2647 230 2673 mine
240 2645 366 2672 Γενεσίου
380 2643 533 2680 irrepsisse.
548 2643 589 2672 De
601 2645 687 2680 priori
697 2650 786 2672 utram
800 2643 947 2672 lectionem

151 2681 295 2713 admittas,
310 2680 344 2708 ad
355 2688 465 2708 sensum
478 2688 574 2715 parum
585 2680 678 2715 refert.

190 2715 334 2757 (δέῃ-Δεῖ.
363 2715 402 2743 lla
427 2720 521 2743 noster
548 2720 576 2743 et
600 2714 762 2751 Euthymius
788 2721 839 2750 pro
862 2714 948 2742 δεῖται

153 2751 334 2779 Coisliniano.

190 2785 249 2821 (51)
275 2784 415 2813 Ἐπειδὰν
430 2785 541 2819 αὐτούς
556 2794 600 2818 τις
616 2785 767 2819 daturam.
782 2784 824 2821 Ita
836 2784 948 2821 Colber-

154 2819 242 2853 tinus,
257 2825 287 2848 et
295 2825 406 2856 noster.
427 2825 455 2848 et
472 2821 636 2856 Euthymius
647 2839 655 2852 ,
671 2827 722 2855 pro
736 2828 791 2856 quo
804 2819 950 2849 Coislinia-

155 2865 209 2885 nus
227 2855 339 2884 ιπειδὰν
354 2855 446 2888 αὐτοῖς
464 2864 506 2888 τις
519 2855 622 2892 ἀπαιτῇ
636 2856 726 2883 minus
742 2861 827 2884 recte.

1038 2397 1104 2434 (321
1121 2397 1315 2434 Γετναισιον.
1346 2395 1509 2432 Euthymius
1537 2395 1636 2434 iterum
1662 2393 1787 2434 ιςενέσιον

998 2429 1081 2468 quam
1098 2429 1243 2468 lectionem
1250 2440 1367 2468 quoque
1380 2429 1481 2468 ex'suo
1496 2429 1590 2457 codice
1606 2429 1735 2464 exprimit
1750 2429 1794 2456 in-

999 2467 1106 2502 terpres
1122 2467 1236 2494 Latinus
1248 2467 1346 2494 Franc.
1360 2467 1454 2494 Zinus.

1036 2499 1092 2537 (55)
1111 2502 1304 2535 Ἐκκλησιας.
1322 2503 1398 2530 Adeo
1413 2502 1440 2528 in
1452 2499 1581 2537 omnibus
1590 2499 1731 2537 apostolici
1744 2500 1795 2527 aevi

999 2534 1120 2573 speciem
1142 2534 1324 2573 aﬂeetarunt,
1345 2534 1649 2573 nttquemadmodnni
1673 2535 1793 2573 virorum

999 2570 1227 2610 apostolicorum,
1244 2572 1279 2599 ita
1298 2576 1326 2599 et
1344 2570 1524 2610 EccleSiarnnI
1540 2570 1641 2610 veteris
1656 2570 1796 2610 memoria

1000 2605 1112 2635 nomina
1133 2608 1310 2642 adoptarent,
1325 2607 1359 2634 ad
1377 2606 1533 2641 exemplum
1552 2605 1680 2633 factionis
1699 2605 1793 2637 illius,

1000 2651 1061 2678 qua:
1070 2641 1481 2678 Apostoli’coruminomineraputl
1496 2645 1602 2678 veteres
1614 2643 1792 2669 memoratur.

1037 2675 1098 2713 (54)
1113 2678 1266 2704 Κίϐωσσα.
1282 2675 1521 2713 Euthyminslegit
1532 2675 1649 2713 limosa;
1677 2682 1726 2709 pro
1738 2682 1796 2713 quo

1001 2708 1115 2740 Latinus
1134 2713 1270 2747 interpres
1295 2712 1323 2739 in
1344 2708 1504 2740 Bibliothecb
1528 2710 1641 2738 Patrum
1665 2708 1796 2737 mendose

1002 2748 1133 2776 Cimossa.

1039 2783 1096 2819 (55)
1127 2783 1178 2819 Ἑν
1200 2779 1476 2819 ᾖῗξςοηεστᾳντῒγος
1503 2782 1520 2808 ό
1546 2778 1712 2819 Σιλουᾳνὸς
1739 2783 1796 2812 τὴν

1004 2814 1198 2847 ἀποστασίαν
1203 2814 1336 2851 sumes.
1347 2818 1411 2846 llaec
1421 2814 1522 2845 frustra
1533 2816 1632 2851 quaeris
1642 2814 1669 2851 in
1682 2819 1776 2851 nostro
1787 2823 1800 2842 τι

1006 2854 1125 2891 genuina
1142 2861 1206 2883 vero
1225 2861 1286 2883 essc
1299 2849 1408 2883 evincit.
1421 2849 1573 2882 consensus
1592 2849 1745 2886 Euthymii.
