1931 3082
136 126 171 158 27

716 119 850 151 PHOTII
869 118 1126 150 PATRIARCH/E
1147 119 1201 149 (ΣΡ.

1745 117 1782 149 28

135 190 191 216 tur,
205 189 274 218 quos
294 181 369 209 fures
387 184 415 208 et
430 180 552 207 latrones
577 177 734 214 appellant,
758 177 931 211 maximeque

993 175 1146 211 πτρὲφονται
1162 175 1258 209 ἁγίους
1267 195 1274 207 ,
1287 173 1390 211 λῃστὰς
1404 172 1505 206 αὐτοὺς
1518 172 1564 200 καὶ
1580 172 1701 206 κλέπτας
1714 169 1783 202 ἁτέο.

134 229 281 264 coryplueo
296 227 483 262 apostolorum
504 225 586 253 Petro
604 224 773 251 maledicunt
789 223 852 259 quia
864 243 871 255 ,
888 223 931 250 in-

135 276 245 311 quiunt,
260 275 339 302 ﬁdem
356 274 384 300 in
403 273 563 309 magistrum
576 277 604 300 et
617 271 757 299 Christum
773 269 929 306 abnegavit,

135 323 260 357 quamvis
284 321 413 356 magister
440 327 535 347 eorum
567 318 658 346 Manes
682 317 786 345 diserte
815 317 930 348 clamet,

136 367 258 403 ipsisque
285 366 383 393 dicat:
407 374 416 390 ι
438 364 497 392 Non
526 364 566 392 sic
591 371 642 399 ego
666 362 877 394 immisericors,
903 365 933 389 ut

136 413 261 441 Christus
277 411 324 447 qui
346 411 383 438 ait
401 412 414 444 ςῖ
425 411 592 446 Quicunque
617 417 661 437 me
675 408 817 445 negaverit
840 403 933 436 coram

138 459 312 491 hominibus,
330 458 435 493 negabo
457 463 485 484 et
500 457 575 484 illum
590 463 652 492 ego.
665 456 700 482 At
713 462 763 490 ego
778 455 854 487 dico,
869 462 934 482 eum

137 504 183 539 qui
199 512 243 531 me
267 503 409 539 negaverit
431 510 523 531 coram
551 501 721 534 hominibus,
747 505 774 528 et
791 501 934 529 mendacio

138 548 219 577 saluti
246 556 303 576 suae
330 547 521 583 prospexerit,
542 554 574 574 ac
593 546 617 574 si
641 554 695 574 non
712 546 854 582 negaverit
870 553 933 578 me,

138 602 201 622 cum
233 594 331 629 gaudio
361 594 525 628 suscipiam.
550 600 583 620 ac
606 592 789 620 defectionem
823 592 935 620 menda-

138 641 267 675 ciumque
283 640 343 674 ejus
366 639 444 674 quasi
468 639 621 666 custodiam
643 643 671 666 et
695 638 935 666 conservationem

138 687 322 714 conlessionis
352 694 421 713 mea
446 686 590 721 repulabo.
611 695 620 712 ι
650 686 779 713 Attamen
809 694 873 713 cum
898 686 935 713 ita

139 740 169 760 se
187 733 306 759 habeant
320 739 352 759 ac
370 732 480 767 proprie
497 732 632 767 dogmatis
653 731 869 764 confessionem,
888 731 935 760 ubi

140 779 224 806 instat
239 778 364 812 formido,
383 778 457 806 nullo
472 778 582 814 negotio
601 779 747 814 abnegent,
763 779 886 813 nullique
907 786 937 806 se

140 826 247 853 crimini
268 826 330 853 ideo
347 826 480 853 obnoxios
502 833 563 853 esse
585 825 689 859 dicant,
715 826 824 853 etiamsi
840 825 937 853 millies

140 869 315 903 negationem
344 874 486 904 repetant,
516 877 579 897 eum
609 870 808 902 nihilominus,
832 870 878 905 qui
903 870 937 898 ad

141 914 224 942 breve
247 919 366 950 tempus,
392 924 454 943 cum
472 920 512 943 tot
527 916 712 951 periculorum
740 916 858 944 formido
882 917 937 944 cir—

141 968 314 996 cumquaque
334 962 460 993 adesset.
483 962 634 990 humanum
658 962 798 998 quidpiam
822 970 936 997 passus,

141 1007 208 1034 etin
225 1008 435 1044 abnegationem
461 1009 590 1044 delapsus
619 1008 720 1041 fuerat,
733 1007 845 1036 omnino
866 1008 937 1043 abji-

141 1053 270 1081 ciendum
291 1059 319 1082 et
339 1055 538 1090 repudiandum
561 1063 622 1083 esse
650 1059 790 1088 statuunt,
821 1063 877 1082 non
903 1056 938 1083 ob

141 1101 302 1128 ementitam
325 1101 416 1134 illam,
433 1109 514 1137 quam
530 1102 720 1137 prastendunt,
744 1109 871 1134 causam,
890 1102 938 1130 sed

141 1145 178 1173 ob
196 1146 294 1178 aliam,
310 1154 392 1181 quam
413 1147 511 1179 silent,
528 1151 556 1174 et
577 1147 732 1178 occultant,
753 1147 816 1181 quia
841 1154 939 1182 nempe

141 1192 176 1220 de
209 1193 363 1220 defectione
385 1193 493 1220 illorum
523 1193 717 1228 praenuntiavit
747 1193 791 1220 his
814 1192 907 1220 verbis
930 1201 938 1220 :

144 1247 155 1264 ‹
174 1238 294 1273 Salagite
318 1238 485 1266 immaculati
514 1243 542 1266 et
564 1238 685 1266 inviolati
715 1239 739 1266 ei
766 1237 884 1266 inveniri
911 1237 939 1265 in

143 1291 221 1319 pace,
242 1289 270 1311 et
284 1284 392 1311 Domini
412 1284 498 1312 nostri
516 1284 748 1320 longanimitatem
768 1284 882 1311 salutem
895 1291 939 1310 ar-

142 1330 297 1362 bitremini;
313 1331 385 1358 sicut
399 1335 426 1358 et
441 1330 619 1358 charissimus
634 1330 718 1357 frater
732 1334 826 1357 noster
838 1329 939 1357 Paulus

143 1376 296 1403 secundum
313 1377 406 1404 datam
421 1377 472 1403 sibi
497 1377 660 1411 sapientiam
679 1377 787 1412 scripsit
803 1376 896 1410 vobis,
912 1381 940 1404 et

143 1422 171 1449 in
199 1422 327 1448 omnibus
354 1421 483 1456 Epistolis
512 1422 628 1457 loquens
654 1423 682 1449 in
715 1423 755 1450 eis
782 1423 815 1450 de
841 1423 885 1450 his
911 1423 938 1450 in

143 1467 244 1503 quibus
254 1473 318 1495 sunt
328 1469 452 1503 quedam
465 1468 583 1496 diilicilia
597 1468 746 1502 intellectu,
761 1477 821 1504 quae
836 1469 939 1497 indocti

143 1519 171 1541 et
182 1514 326 1541 instabiles
343 1514 494 1549 depravant
504 1534 511 1545 .
527 1515 600 1542 sicut
614 1519 642 1542 et
657 1519 770 1543 caeteras
784 1515 940 1551 Seripturas

143 1560 178 1588 ad
190 1568 266 1588 suam
282 1560 404 1595 ipsorum
418 1560 611 1596 perditionem.
626 1570 634 1586 ι
651 1561 718 1589 Nam
734 1561 792 1590 haec
803 1562 940 1598 coryphai

143 1607 253 1642 eloquia
270 1607 391 1642 ipsorum
409 1607 553 1634 audaciam
569 1612 596 1634 et
614 1607 785 1643 impietatem
810 1616 942 1643 praenun-

143 1653 229 1685 tiant,
243 1654 289 1688 qui
306 1653 364 1688 ipsa
389 1653 496 1680 Domini
514 1653 621 1688 eloquia
632 1674 639 1686 ,
654 1662 706 1681 nec
721 1662 774 1682 non
790 1655 942 1687 apostolica

143 1699 267 1735 aliasque
276 1700 441 1735 Scripturas.
452 1708 551 1736 nempe
560 1701 645 1728 Actus
656 1701 839 1736 apostolorum
850 1706 878 1729 et
891 1701 943 1730 Ca-

145 1745 270 1778 tbolicas,
285 1750 314 1772 ut
324 1751 432 1780 vocant,
447 1746 583 1781 Epistolas
594 1746 754 1777 admittunt.
768 1751 870 1781 praeter
882 1755 939 1780 eas,

143 1800 206 1826 quze
221 1792 366 1828 coryplueo
391 1791 507 1828 (Petro)
531 1782 708 1825 tribuuntur;
728 1792 788 1820 illas
807 1792 881 1820 enim
906 1800 941 1821 ne

144 1837 229 1865 verbo
252 1838 363 1873 quidem
383 1837 522 1873 recipiunt
544 1847 551 1866 :
573 1838 627 1872 illi,
644 1838 773 1873 inquam,
797 1843 880 1872 sunt,
894 1839 940 1874 qui

144 1892 210 1911 vere
223 1883 397 1919 detorquent,
409 1889 437 1912 et
449 1888 578 1912 evertunt
590 1884 617 1912 in
630 1884 768 1919 propriam
782 1884 834 1912 sibi
848 1885 941 1920 perni-

145 1929 226 1956 ciem.
252 1930 337 1957 Actus
358 1938 422 1958 vero
448 1931 635 1966 apostolorum
659 1934 688 1958 et
702 1930 859 1958 Catholicas
883 1938 940 1958 non

145 1982 243 2002 omnes
254 1975 315 2002 aliis
323 1975 487 2011 adjungunt,
497 1976 545 2004 sed
556 1975 666 2010 quidam
679 1983 712 2003 ex
722 1976 774 2003 illis
786 1984 848 2003 cum
861 1979 942 2004 επιε-

146 2020 187 2047 ris
210 2026 402 2048 annumerant.
427 2021 480 2049 Sed
507 2022 579 2048 circa
605 2021 752 2057 prophetas
780 2022 889 2056 quidem
913 2026 940 2050 et

146 2067 232 2095 Vetus
244 2067 463 2101 Testamentum,
474 2072 502 2096 et
516 2068 589 2096 circa
602 2072 717 2096 exteros
733 2072 843 2095 sanctos
855 2068 938 2100 viros.

985 220 1148 254 καλοῦντες,
1166 220 1286 256 μάλιστα
1305 220 1334 247 δὲ
1351 220 1397 247 τὸν
1409 220 1559 256 κορυφαῖον
1572 220 1629 256 (50)
1644 219 1699 247 τῶν
1713 221 1785 248 ἀπο-

985 265 1088 293 στόλων
1108 267 1212 302 Πέτρον
1232 265 1436 302 δυσφημοῦσιν,
1449 266 1491 293 ὅτι
1514 265 1627 300 γέγονεν
1652 265 1783 300 ἔξαρνος,

986 312 1071 348 φασὶ,
1092 312 1143 348 τῆς
1159 313 1200 345 είς
1219 312 1266 339 τὴν
1279 311 1441 339 διδάσκαλον
1458 311 1506 339 καὶ
1520 311 1639 347 Χριστὸν
1652 311 1783 343 πίστεως.

986 359 1116 394 Καίτοιγε
1137 359 1185 386 τοῦ
1205 358 1366 387 διδασκάλου
1390 358 1481 386 αὐτῶν
1503 358 1642 390 Μάνεντος
1669 357 1785 394 διαπρυ-

987 407 1053 440 σίως
1065 408 1157 439 αὐτοῖς
1170 407 1327 443 ἐμβοῶντος
1342 407 1400 443 (51)
1433 407 1481 434 καὶ
1503 406 1631 441 λέγοντος
1657 406 1726 441 (52),
1745 405 1784 438 ὡς

990 463 1000 480 ι
1014 454 1072 480 Οὐκ
1083 453 1143 489 εῐμὶ
1153 453 1338 488 ἄσπλαγχνος,
1346 453 1384 485 ὡς
1392 452 1406 479 ὁ
1421 452 1540 488 Χριστὸς
1556 453 1570 479 ό
1581 452 1677 479 είπών·
1690 451 1785 483 Ὅστις

989 500 1023 536 μὲ
1038 501 1189 536 ἀρνήσεται
1206 499 1363 536 ἔμπροσθεν
1376 500 1429 526 τῶν
1444 498 1609 535 ἀνθρώπων,
1626 497 1784 533 ἀρνήσομαι

988 547 1071 574 αὑτὸν
1087 546 1176 581 κάγώ.
1209 546 1279 573 Ἀλλ’
1305 545 1362 580 ὲγὼ
1381 545 1454 579 λέγω
1468 545 1514 572 τὸν
1532 543 1725 580 ἀρνησάμενόν
1750 552 1784 579 με

988 592 1145 629 ἔμπροσθεν
1156 592 1211 620 τῶν
1225 590 1390 627 ἀνθρώπων,
1402 591 1449 618 καὶ
1460 590 1500 626 τῷ
1509 590 1602 626 ψεύδει
1616 590 1665 626 τὴν
1680 589 1784 617 οἰκείαν

989 639 1127 675 σωτηρίαν
1143 638 1339 674 πορισάμενον,
1354 637 1393 669 ὡς
1405 637 1443 673 μὴ
1461 636 1652 673 ἀρνησάμενόν
1665 645 1700 672 με
1714 637 1784 672 μετά

989 688 1076 724 χαρᾶς
1096 687 1299 723 προσδέξομαι.
1327 685 1376 713 καὶ
1391 685 1441 721 τὴν
1463 684 1615 712 ἀνάκλασιν
1632 684 1715 712 αὑτοῦ
1738 684 1786 711 καὶ

988 734 1020 761 τδ
1042 733 1141 770 ψεῦδος
1157 733 1195 766 ὡς
1223 732 1347 768 φυλακὴν
1373 731 1421 760 καὶ
1447 732 1615 767 συντήρησιν
1639 731 1690 767 τῆς
1716 731 1787 766 ἐμῆς

989 779 1134 814 ὁμολογίας
1148 779 1299 814 ἡγήσομαι.
1318 787 1327 804 ι
1348 777 1419 804 Ἀλλ’
1442 776 1490 804 οὖν
1507 776 1597 809 οὕτως
1616 776 1725 812 ἔχοντες
1739 776 1787 803 καὶ

990 824 1040 860 τὴν
1053 823 1099 850 τοῦ
1120 823 1222 850 οἰκείου
1244 823 1381 859 δόγματος
1399 822 1560 858 ὁμολογίαν,
1576 821 1686 849 ἐπειδὰν
1701 822 1787 857 φοϐη-

953 863 974 891 B
989 870 1088 903 θῶσιν,
1101 870 1224 906 εὐχερῶς
1239 869 1451 906 ἐξαρνούμενοι,
1470 870 1518 897 καὶ
1539 869 1676 905 μηδεμιᾶς
1696 868 1786 900 αἰτίας

991 916 1162 949 ὑπευθύνους
1179 917 1331 952 φάσκοντες
1345 916 1460 948 ἑαυτοὺς
1471 937 1479 950 ,
1495 915 1548 943 κᾶν
1559 915 1692 951 μυριάκις
1707 915 1787 950 ἔξαρ-

988 971 1029 989 νοι
1052 962 1208 998 γένωνται,
1227 962 1306 990 αὐτοὶ
1323 962 1370 990 τδν
1396 961 1465 998 πρὸς
1481 961 1570 998 βραχύ
1589 970 1615 988 τι
1626 983 1633 995 ,
1651 960 1787 988 τοσούτων

989 1008 1080 1044 φόϐων
1100 1008 1335 1044 περιεστηκότων,
1364 1008 1539 1044 ἀνθρώπινόν
1558 1017 1585 1035 τι
1606 1008 1727 1035 παθόντα
1739 1007 1787 1034 καὶ

989 1055 1059 1091 πρὸς
1075 1055 1190 1091 ἄρνησιν
1207 1054 1442 1091 ὑπολισθήσαντα,
1458 1055 1615 1090 ἀπόὸλητον
1644 1054 1787 1085 παντελῶς

989 1101 1037 1128 καὶ
1052 1101 1238 1136 ἀποτρόπαιον
1255 1101 1393 1134 τίθενται,
1415 1102 1446 1128 οὺ
1462 1101 1495 1128 δι’
1514 1101 1528 1127 ὃ
1549 1101 1606 1136 (55)
1632 1100 1786 1136 προσφασί-

990 1147 1100 1179 ζονται,
1126 1146 1184 1185 ἀλλ’
1209 1147 1223 1173 ὃ
1250 1147 1348 1182 σιγῶσι
1371 1147 1420 1174 καὶ
1451 1146 1686 1182 ἀποκρύπτονται.
1713 1145 1786 1172 Διότι

990 1193 1117 1230 περὶτῆς
1138 1194 1308 1226 ἀποστασίας
1331 1194 1424 1221 αὐτῶν
1454 1193 1664 1229 προανεκήρυξε
1678 1193 1784 1226 λέγων·

993 1249 1002 1265 ι
1018 1240 1193 1268 Σπουδάσατε
1218 1240 1275 1275 (54)
1301 1239 1412 1267 ἄσπιλοι
1425 1240 1474 1266 καὶ
1494 1239 1607 1275 ἄμωμοι
1619 1238 1694 1274 αὐτῷ
1710 1239 1788 1274 εὑρε-

991 1285 1072 1322 θῆναι
1091 1287 1121 1313 ὲν
1136 1287 1245 1322 εἰρήνῃ¹
1272 1287 1319 1313 καὶ
1334 1286 1383 1321 τὴν
1406 1285 1454 1312 τοῦ
1470 1285 1573 1321 Κυρίου
1586 1285 1665 1320 ἡμῶν
1682 1293 1787 1320 μακρο-

991 1332 1093 1367 θυμίαν
1117 1332 1257 1368 σωτηρίαν
1275 1331 1405 1368 ἡγεῖσθε,
1430 1330 1522 1362 καθὼς
1544 1330 1591 1357 καὶ
1611 1331 1625 1357 ὁ
1646 1329 1787 1365 ἀγαπητὸς

990 1379 1071 1415 ήμῶν
1088 1377 1196 1410 Παῦλος
1208 1378 1280 1405 κατὰ
1295 1377 1352 1413 ’τὴν
1365 1376 1489 1404 δοθεῖσαν
1504 1376 1579 1412 αὑτῷ
1591 1375 1688 1412 σοφίαν
1705 1375 1788 1411 ἐγρα-

990 1424 1041 1460 ψεν
1057 1425 1132 1460 ὑμῖν,
1146 1424 1193 1451 καὶ
1205 1424 1234 1451 ὲν
1248 1425 1350 1456 πασαῖς
1372 1424 1434 1455 ταῖς
1451 1423 1623 1454 Ἐπιστολαῖς
1643 1422 1726 1449 αὑτοῦ
1740 1422 1788 1449 λα-

990 1470 1046 1498 λῶν
1066 1471 1095 1498 ὲν
1111 1471 1206 1502 αὐταῖς
1229 1470 1295 1505 περὶ
1319 1469 1434 1502 τούτων,
1458 1469 1488 1495 ιν
1509 1465 1550 1500 οἷς
1569 1469 1628 1495 ἐστι
1653 1468 1790 1504 δυσνόητά

992 1525 1065 1549 τινα,
1087 1516 1105 1545 ἀ
1127 1517 1153 1544 oi
1168 1516 1286 1552 ἀμαθεῖς
1309 1516 1357 1543 καὶ
1372 1516 1534 1552 ἀστήρικτοι
1546 1514 1734 1550 στρεϐλοῦσιν,
1751 1514 1790 1546 ὡς

992 1563 1041 1591 καὶ
1069 1563 1120 1594 τὰς
1152 1562 1249 1594 λοιπὰς
1280 1562 1394 1598 Γραφὰς
1425 1561 1496 1597 πρὸς
1522 1561 1572 1596 τὴν
1601 1560 1669 1587 [δίαν
1698 1561 1789 1587 αὐτῶν

991 1608 1141 1636 ἀπώλειαν.
1159 1618 1169 1635 ι
1193 1608 1236 1635 Τὰ
1260 1608 1316 1644 γὰρ
1344 1607 1393 1634 τοῦ
1419 1607 1570 1643 κορυφαίου
1594 1606 1683 1634 ταῦτα
1708 1607 1789 1641 λόγια

991 1655 1122 1690 ἀντικρὺς
1141 1655 1192 1690 τὴν
1212 1654 1304 1681 αὐτῶν
1319 1653 1559 1689 προανακηρύττει
1574 1653 1678 1688 τόλμαν
1692 1661 1722 1685 τε
1741 1651 1790 1678 καὶ

992 1700 1163 1733 δυσσέόειαν,
1193 1700 1218 1727 οἳ
1243 1700 1313 1727 αὑτά
1335 1708 1364 1726 τε
1387 1699 1422 1726 τὰ
1436 1699 1566 1734 Κυριακά
1588 1698 1667 1733 λόγια
1689 1698 1735 1725 καὶ
1756 1697 1791 1723 τὰ

993 1746 1163 1773 ἀποστολικά
1181 1746 1229 1773 καὶ
1256 1746 1306 1777 τὰς
1332 1745 1415 1778 ἄλλας
1438 1745 1561 1781 Γραφὰς,
1580 1745 1653 1780 φημὶ
1675 1744 1707 1779 δή
1738 1744 1790 1775 τάς

992 1801 1023 1819 τε
1044 1792 1162 1828 Πράξεις
1177 1792 1231 1819 τῶν
1251 1792 1411 1819 ἀποστόλων
1427 1791 1477 1820 καὶ
1498 1791 1549 1823 τὰς
1575 1790 1732 1823 Καθολικάς
1746 1791 1791 1817 λε-

992 1838 1131 1873 γομένας,
1157 1838 1227 1874 πλὴν
1250 1838 1305 1866 τῶν
1329 1837 1543 1874 ἀναφερομένων
1575 1839 1615 1869 είς
1634 1837 1791 1873 τὸν-κορυ-

993 1885 1072 1919 φατον
1080 1884 1147 1917 (55)·
1162 1883 1271 1916 ὲκείνας
1285 1885 1339 1919 γὰρ
1352 1884 1413 1911 οὐδὲ
1426 1885 1482 1916 τοῖς
1497 1885 1604 1920 ῥήμασι
1622 1883 1792 1919 παραδέχον-

991 1938 1047 1958 ται.
1065 1927 1147 1957 Οὗτοί
1163 1930 1233 1957 εἰσιν
1252 1931 1276 1957 οἱ
1299 1929 1337 1962 ὡς
1349 1929 1460 1966 ἀληθῶς
1483 1929 1677 1966 στρεϐλοῦντες
1693 1937 1723 1956 τε
1744 1929 1792 1956 καὶ

994 1976 1204 2012 διαστρέφοντες
1229 1975 1298 2011 πρὸς
1320 1976 1369 2011 τὴν
1395 1976 1464 2003 ίδίαν
1490 1975 1639 2004 ἀπώλειαν.
1662 1971 1720 2002 Καὶ.¹
1741 1975 1791 2007 τὰς

994 2022 1112 2057 Πράξεις
1128 2022 1158 2048 δὲ
1181 2021 1235 2048 τῶν
1262 2021 1421 2048 ἀποστόλων
1442 2021 1490 2048 καὶ
1510 2021 1559 2054 τὰς
1587 2021 1744 2052 Καθολικάς
1760 2021 1791 2047 οὑ

994 2068 1095 2099 πάντες
1114 2068 1205 2095 αὐτῶν
1230 2067 1431 2103 συναρμόζουσι
1452 2068 1508 2103 (56)
1535 2069 1593 2100 τοῖς
1610 2067 1702 2099 ἄλλοις
1738 2067 1792 2094 εἰσὶ

953 1532 976 1561 C

706 2115 825 2143 VARIE
844 2115 1038 2144 LECTIONES
1057 2115 1103 2143 ET
1121 2114 1237 2143 NOTAE.

183 2165 240 2201 (-50)
260 2164 443 2201 Κορυφαῒον.
460 2163 507 2193 His
522 2168 549 2192 et
565 2164 698 2201 similibus
712 2163 813 2201 elogiis
827 2163 938 2201 Petrum

148 2201 176 2229 in
187 2198 317 2228 ‘veterutn
333 2198 443 2235 scriptis
460 2199 571 2227 mactari
588 2204 703 2235 constat.
721 2198 789 2226 Vide
807 2199 865 2226 loca
881 2200 939 2227 col—

147 2237 219 2264 lecta
236 2244 251 2263 a
268 2234 406 2264 Richardo
424 2235 601 2266 Montacutio,
617 2235 639 2262 ll
656 2234 806 2269 Originum,
828 2242 854 2269 p.
871 2234 938 2268 na;

148 2271 241 2299 lsaaco
266 2271 385 2298 Barrow.
407 2271 434 2297 in
457 2274 573 2298 tractatu
598 2269 637 2296 De
664 2270 781 2304 primatu
809 2277 895 2304 papw,
914 2275 943 2297 et

148 2307 292 2335 Guilielmo
307 2305 447 2338 Forbesio,
464 2305 511 2332 lib.
530 2313 573 2336 xv,
590 2312 650 2340 cap.
669 2305 681 2332 l
699 2309 726 2331 et
739 2312 816 2339 seqq.
833 2305 943 2332 Instru-

149 2343 267 2376 cliquum
277 2362 285 2374 ,
305 2342 350 2377 qui
366 2346 457 2369 tamen
472 2339 573 2377 et_ips_i
587 2339 682 2368 eadem
704 2347 786 2377 opera
800 2340 941 2377 evincunt,

150 2374 244 2405 eadem
263 2374 387 2405 encbmia
409 2377 481 2404 etin
505 2374 620 2402 Paulum
641 2383 655 2402 a
680 2375 819 2402 veteribus
845 2375 943 2402 collata

150 2413 245 2439 luisse.
260 2412 357 2440 Paucis
373 2411 457 2439 multa
474 2411 553 2438 affert
568 2409 819 2445 l’seudo—Clemcns
841 2410 868 2445 in
884 2410 944 2445 epi-

150 2447 220 2480 stqla
230 2447 416 2477 adlambunt.
432 2445 473 2473 cui
491 2446 587 2473 Petrus
602 2450 645 2473 est
659 2446 675 2480 ή
691 2444 803 2480 ἀπαρχῂ
818 2444 866 2471 τοῦ
884 2446 943 2471 Κυ-

171 2473 211 2508 ίόυ
231 2473 367 2517 sum}
379 2473 433 2508 τῶν
447 2481 606 2517 ἀποστόλων
619 2473 757 2517 ﬁght-50;;
815 2480 916 2517 πρῴτῳ
930 2481 944 2507 ὸ

176 2515 311 2553 ατὴρτδν
330 2516 597 2553 Υίδυνάπεκάλυψεν,
616 2516 646 2542 ὃν
659 2517 674 2553 ῥ
689 2516 808 2553 Χριστὸς
824 2515 943 2553 ευλόγως

150 2550 332 2588 ἐμακάρισεν,
349 2552 473 2588 ρκλητδς
491 2551 538 2588 καὶ
557 2550 698 2588 ἐκλεκτὴς,
723 2550 771 2577 καὶ
787 2550 941 2588 συνέστιος,

151 2585 198 2614 καὶ
218 2585 445 2622 συνοδοιπόροςίὸ
460 2586 543 2622 καλὸς
558 2587 605 2613 καὶ
620 2586 732 2620 δόκιμος
754 2585 889 2620 μαθητής.

189 2623 245 2657 (5|)
278 2621 483 2657 mamma.
501 2621 539 2648 Ita
568 2621 677 2657 restitui
703 2629 737 2648 ει
761 2626 865 2657 ιιοδίτίὶι
890 2628 944 2657 Ρτο

149 2655 321 2686 Coisliniano
329 2657 489 2688 ὲκὸοῶντης.
502 2657 647 2684 Consentit
657 2655 829 2692 Euthymius.
844 2655 944 2683 Eadem

151 2701 220 2721 voce
237 2693 323 2720 utitur
338 2697 431 2720 noster
445 2692 525 2723 infra,
543 2691 557 2726 §
572 2692 617 2719 24.

187 2729 244 2764 (5‘2)
265 2728 424 2762 Λέγοντος.
441 2725 622 2764 Μειιοέὶὲ-ίιοε
637 2726 818 2764 fragmentum
835 2725 943 2764 adden:

153 2761 219 2791 dum
235 2761 326 2791 'fuerit
341 2763 373 2790 iis
389 2770 450 2798 quae
463 2770 495 2798 ex
511 2761 612 2798 Codice
631 2761 749 2798 quodam
765 2769 815 2790 ms.
831 2761 943 2798 Qollegii

153 2799 283 2826 Ludovici
298 2798 385 2833 Magni
398 2795 440 2826 'S.
466 2796 491 2824 3.
508 2796 620 2833 exhibet
637 2795 814 2833 doctissimus
835 2795 878 2833 _J_o.
898 2795 943 2823 Kl-

153 2834 248 2861 bertus
262 2831 404 2863 Fabricius
426 2837 520 2862 noster
543 2832 591 2860 lib.
606 2840 622 2860 v
636 2832 803 2860 Bibliotheca:
828 2831 941 2864 (imae,

153 2877 181 2897 ι).
196 2869 249 2897 28-1
261 2876 338 2897 seua.

153 2877 181 2904 ι).
196 2870 249 2898 28-1
261 2876 338 2904 seqq.

1028 2163 1085 2199 (53)
1106 2164 1148 2191 Δι’
1168 2163 1194 2191 ὅ.
1209 2163 1248 2191 ita
1271 2168 1301 2192 et
1317 2162 1495 2199 Euthymius,
1521 2167 1596 2190 recte
1613 2161 1725 2190 omnino
1740 2172 1746 2190 :
1763 2168 1791 2191 at

1028 2204 1088 2226 rster
1100 2199 1161 2225 οὐδὲ
1172 2200 1197 2226 ὅ.

993 2204 1088 2227 noster
1100 2204 1161 2225 οὐδὲ.
1172 2204 1197 2227 ὅ.

956 2218 979 2247 D
1100 2218 1336 2270 ῊΣῗεόιλδᾴσιιτε.
1363 2233 1436 2270 Lege
1467 2233 1559 2270 locum
1585 2233 1725 2270 Petrinum
1744 2241 1751 2260 ξ
1767 2233 1790 2261 il

994 2268 1133 2302 Petrln,
1161 2269 1256 2296 14-16.
1285 2269 1352 2302 Quae
1382 2268 1454 2296 inter
1480 2269 1552 2296 hanc
1583 2268 1789 2303 allegationem,

994 2312 1056 2332 cum
1078 2312 1131 2339 qua
1151 2309 1179 2332 et
1194 2304 1356 2339 Enthymius
1371 2312 1485 2339 prorsus
1501 2303 1667 2336 concordat,
1688 2308 1715 2330 et
1731 2303 1792 2332 vul-

1012 2313 1056 2332 um
1078 2312 1131 2339 qua
1151 2312 1179 2332 et
1194 2312 1264 2332 nutu
1285 2312 1356 2332 mllls
1371 2312 1485 2339 prorsus
1501 2312 1667 2336 concoruat,
1688 2312 1715 2330 ei.
1731 2312 1790 2332 vm-

1012 2345 1071 2380 atos
1086 2339 1194 2380 codices
1213 2340 1245 2380 με
1262 2312 1467 2380 rdill‘erentia
1486 2339 1640 2380 intercedit,
1657 2345 1717 2380 eam
1732 2338 1790 2380 ipse

1007 2375 1076 2402 'acile
1099 2374 1258 2402 bbservabis
1283 2379 1311 2402 et
1333 2375 1439 2402 tribues
1455 2379 1578 2402 veterum
1596 2374 1791 2401 consuetudini

997 2417 1032 2437 ex
1054 2409 1187 2445 memoria
1204 2409 1355 2445 Scriptum
1371 2417 1455 2437 sacra:
1479 2408 1711 2445 oraenIaLeitandi
1722 2429 1742 2445 ,_
1757 2408 1792 2436 de

993 2453 1047 2480 qua
1060 2444 1102 2472 Jo.
1114 2445 1252 2480 Crojusiin
1268 2443 1415 2473 Observa“.
1425 2452 1508 2480 (non,
1521 2443 1713 2480 Jor.rlllilliusin
1721 2443 1793 2480 Bro-

995 2479 1088 2516 legam.
1099 2480 1135 2506 ad
1148 2479 1183 2506 N.
1199 2479 1239 2510 T.,
1251 2485 1280 2516 et
1291 2480 1317 2507 in
1327 2479 1662 2516 primisllanielrll’bitby,
1673 2479 1702 2506 in
1717 2479 1792 2506 Exa-

994 2514 1064 2542 miue
1075 2515 1239 2542 variantium
1251 2514 1390 2542 lectionum
1402 2514 1437 2542 Ν.
1451 2514 1479 2541 Τ.
1491 2514 1607 2541 Milliam’
1621 2514 1756 2549 legantur.

1031 2551 1087 2585 (55)
1108 2550 1289 2584 Κορυφαῐον.
1317 2550 1350 2577 Hi
1375 2549 1457 2585 igitur
1482 2549 1564 2585 forte
1582 2549 1631 2577 soli
1660 2558 1692 2577 ex
1716 2550 1791 2579 omni

994 2584 1213 2613 Christianorum
1228 2584 1395 2620 antiquitate
1404 2589 1548 2619 utramque
1559 2584 1632 2612 Petri
1648 2585 1790 2620 epistolam

994 2621 1110 2648 aversati
1122 2625 1200 2654 sunt,
1219 2627 1282 2648 cum
1296 2620 1449 2654 Eusebius,
1467 2620 1514 2647 lib.
1533 2622 1581 2655 ιιιξ,
1599 2628 1624 2647 c.
1641 2621 1667 2651 3.
1687 2620 1790 2648 Hister.

995 2655 1088 2683 ποίεε.
1108 2659 1223 2683 testetur
1248 2656 1368 2691 priorem
1391 2655 1426 2683 ab
1447 2656 1595 2691 omnibus,
1611 2655 1791 2691 posteriorem

994 2692 1028 2718 ab
1044 2690 1314 2726 antiquioribus’non
1326 2695 1462 2726 receptam
1477 2690 1573 2718 fuisse.
1587 2691 1622 2726 At
1636 2690 1664 2726 hi
1678 2690 1789 2726 quidem

995 2725 1023 2753 id
1047 2725 1189 2759 fecerunt,
1210 2726 1322 2760 oborta,
1339 2734 1375 2754 an
1392 2725 1465 2753 Petri
1482 2734 1514 2753 ea
1535 2726 1587 2757 sit,
1601 2725 1793 2760 dubitatione;

995 2761 1033 2788 illi
1049 2769 1115 2797 vero
1135 2769 1167 2789 ex
1186 2762 1332 2797 temerario
1346 2761 1464 2797 quodam
1480 2761 1507 2797 in
1525 2760 1637 2797 Petruln
1648 2759 1723 2797 odio.

1031 2796 1087 2832 (56)
1106 2796 1342 2830 Συναρμόζουσι.
1357 2795 1406 2824 Ἰιει
1421 2795 1523 2832 Coislin
1532 2816 1539 2828 ,
1558 2800 1586 2823 et
1605 2795 1770 2830 Euthymius
1786 2803 1792 2821 :

994 2831 1046 2859 ms.
1058 2837 1153 2868 noster
1171 2832 1254 2860 habet
1275 2831 1483 2868 συναριθμοῦσι,
1499 2831 1526 2859 id
1537 2835 1581 2859 cst
1592 2835 1771 2858 aunumemm
1785 2849 1792 2861 ,

996 2875 1080 2895 sensu
1097 2867 1204 2895 eodem.
1661 2873 1664 2877 ”
