1931 3082
144 149 181 182 3.1

674 148 823 179 CONTRA
843 148 1075 179 MANICHIEOS
1094 149 1210 180 LIBER
1227 151 1248 181 Ι.

1748 157 1784 188 34

145 204 231 237 πίων(
236 202 280 238 76)
289 203 303 230 ό
312 202 363 238 τῆς
370 201 498 238 Θμούεως
504 223 510 234 ,
517 201 532 228 ὃ
544 210 574 228 τε
580 203 629 237 τῆς
637 202 743 234 τίόλεως
750 202 848 229 Λύκων
855 201 930 234 ’Λλέξ

996 203 1040 239 qui
1056 204 1221 240 Cyropoleos
1229 205 1496 242 archiepiscopatum
1509 208 1608 236 tenuit.
1619 207 1722 237 Praeter
1733 211 1783 238 hos

142 250 241 284 ανδρος
269 249 328 283 (77)
355 247 421 280 τοὺς
454 248 669 283 ἀρχιερατικοὺς
700 248 941 284 ἐγκεχειρισμένος

143 296 255 330 νόμους.
272 295 336 322 Ἐπὶ
354 294 383 321 δὲ
399 296 455 326 τοῖς
477 295 634 330 εἰρημένοις
649 294 697 321 καὶ
716 295 731 321 ὁ
751 294 854 321 τούτων
871 295 941 321 πάν-

143 350 199 368 των
222 341 295 368 κατὰ
311 341 415 378 κράτος
433 341 550 376 μάλιστα
577 340 765 377 θριαμϐεύσας
781 349 811 367 τε
836 341 884 368 καὶ
898 341 939 367 δι-

144 387 258 421 ελέγξας
267 387 316 422 τὴν
328 387 514 423 προκειμένην
528 386 658 414 ἀσέϐειαν
671 386 868 422 Ἦρακλειανὸς
883 386 939 422 (78)

143 433 159 459 ό
184 432 360 468 Καλχηδόνος
380 433 542 464 ἐπίσκοπος,
561 432 591 459 ὲν
621 431 709 458 εἴκοσι
735 431 849 467 βιϐλίοις
876 433 941 464 τοὺς

144 477 217 503 κατὰ
239 477 292 512 τῆς
308 476 481 508 ἀποστασίας
505 476 616 510 ἀγῶνας
643 476 874 511 καταϐαλόμενος,
889 477 937 503 καὶ

144 523 267 550 πλεῖστοι
298 523 387 558 ἕτεροι
414 522 483 558 (79).
509 522 584 558 Πλὴν
609 522 657 550 καὶ
685 521 742 553 νῦν,
758 523 772 549 ὁ
795 522 873 556 λόγος
888 523 939 550 οὐκ

143 569 304 604 ἀσύμφορον
324 569 404 596 τοῦτο
436 568 621 605 λογιζόμενος,
648 568 709 596 κατ’
731 568 884 604 ἐπιδρομήν
909 577 970 596 τινα

144 624 232 643 σεται.

179 661 230 688 lB'.
244 659 394 690 Σκυθιανός
415 668 459 691 τις
484 658 540 695 (80)
559 658 611 694 τὴν
637 659 755 694 πατρίδα
776 658 937 694 Αἰγύπτιος,

141 707 174 734 τὺ
196 707 225 733 δὲ
253 706 283 739 ἐξ
311 704 465 741 ἀνθρώπων
494 705 573 739 γένος
596 705 755 740 Σαρακηνὺς
766 705 817 740 τὴν
845 705 938 738 Ἀλεξ-

142 753 263 788 ανδρὲων
279 751 357 786 ᾣκει,
378 751 440 778 οὔτε
456 751 630 786 Χριστιανοίς
656 750 874 785 συμφερόμενος,
890 751 938 778 καὶ

141 799 177 826 τὰ
194 798 328 826 Ἰουδαίων
341 798 372 824 οὺ
387 797 581 834 προσιέμενος.
597 793 682 828 οὗτος
697 797 730 823 ἐκ
743 797 798 823 τῶν
817 797 937 831 Ἀριστο-

140 845 257 873 τελικῶν
280 844 522 881 παρακουσμάτων
536 844 663 880 ἐντριϐὴς
677 844 728 879 τὴν
742 844 869 879 γλῶσσαν
879 845 935 880 (Si)

992 254 1084 277 autem
1102 251 1136 283 is,
1152 251 1198 285 qui
1213 252 1245 278 tle
1260 251 1293 278 iis
1314 252 1444 280 omnibus
1461 253 1569 281 fortiter
1588 255 1780 290 triumphavit,

991 299 1019 322 et
1042 295 1122 328 hanc,
1143 297 1177 323 de
1205 304 1257 330 qua
1285 297 1385 332 agitur,
1414 298 1583 333 impietatem
1612 301 1781 335 confutavit;

992 340 1185 375 llcraciiauus,
1210 342 1391 370 Chalcedonis
1415 345 1579 380 episcopus,
1611 346 1658 381 qui
1686 347 1781 382 viginti

991 387 1068 415 libris
1083 389 1232 416 certamina
1246 393 1342 416 contra
1356 397 1452 418 eorum
1471 392 1636 426 apostasiam
1652 392 1779 421 instituit.

990 432 1125 460 Caeterum
1142 441 1196 460 non
1213 433 1261 461 abs
1275 441 1304 461 re
1326 442 1418 470 neque
1431 435 1528 463 inutile
1543 436 1601 464 fore
1623 437 1698 470 duxi,
1716 445 1780 464 cur-

990 477 1041 505 sim
1056 483 1084 505 et
1098 479 1215 506 strictim
1239 480 1363 514 quaedam
1378 488 1473 508 eorum
1501 490 1654 513 recensere.
1669 491 1731 518 qua:
1746 483 1780 510 ad

990 523 1113 551 notitiam
1130 524 1212 559 hujus
1230 526 1386 559 argumenti
1397 527 1646 561 exploratissimam
1660 527 1777 556 iaciunt.

991 569 1043 596 τῶν
1071 571 1111 602 εὶς
1138 570 1241 604 γνῶσιν
1266 571 1382 607 ἐχόντων
1407 573 1438 599 τὸ
1465 573 1652 609 ἀπαραίτητον
1675 573 1779 601 διελεύ-

1023 660 1083 688 ΧΙΙ.
1135 660 1299 696 Scythianus
1336 662 1446 697 quidam
1466 684 1474 696 ,
1504 664 1594 698 patria
1616 665 1778 701 Egyptius.

989 714 1088 742 genere
1111 712 1202 735 autem
1234 708 1406 741 Saracenus,
1429 709 1600 738 Alexandriae
1627 712 1777 745 habitabat,

989 760 1077 787 neque
1110 761 1173 781 cum
1207 753 1374 783 Christianis
1404 763 1518 784 versans
1545 765 1635 792 neque
1669 758 1778 787 Jndzeo-

987 805 1048 825 rum
1062 798 1215 826 doctrinam
1235 799 1385 834 amplexus.
1398 799 1448 827 Hic
1461 808 1494 828 ex
1514 801 1696 830 Aristotelicis
1707 803 1778 830 male

989 844 1135 872 intellectis
1162 845 1238 872 libris
1263 845 1363 875 linauze
1387 845 1510 880 (Graecae)
1525 854 1604 874 usum
1622 852 1775 880 assecutus,

140 892 274 927 γεγονὼς,
285 891 424 928 τέσσαρας
432 891 488 926 (82)
499 891 641 918 συντάττει
650 890 759 925 βίϐλους
768 887 806 918 ὧν
814 891 865 926 τὴν
876 891 930 926 (83)

985 894 1102 926 quatuor
1127 890 1282 926 composuit
1309 890 1394 918 libros
1416 899 1534 926 quorum
1561 899 1646 920 unum
1664 893 1774 928 quidem

680 967 800 995 VARl/E
822 963 1013 996 LECTIONES
1032 967 1076 995 ET
1095 967 1214 997 NOTAE.

141 1046 263 1073 ctissime
271 1045 373 1081 collega
385 1052 458 1081 meo.
471 1045 764 1081 descriptofexhibebit,
782 1045 824 1073 vel
838 1047 930 1080 potius

138 1082 194 1116 jam
207 1081 332 1108 exhibuit
344 1080 385 1108 Cl.
395 1080 453 1108 Jac.
467 1080 582 1116 Basnag.
598 1081 625 1108 in
642 1088 723 1113 nova,
740 1088 821 1115 quam
840 1086 927 1116 parat,

140 1116 248 1151 Antiqu.
263 1116 366 1144 Canisii
386 1117 525 1144 lectionum
537 1116 665 1149 editione,
687 1117 765 1150 cujus
784 1117 929 1150 Specimen

140 1152 194 1186 luci
212 1151 353 1186 superiore
363 1159 436 1179 anno
453 1152 617 1186 expositum,
627 1155 655 1178 et
671 1151 724 1178 Titi
735 1155 763 1178 et
774 1151 933 1186 Serapionis

141 1185 384 1214 commentationes
397 1187 468 1213 inter
482 1185 580 1214 caetera
594 1185 676 1214 sistit.
696 1186 720 1213 ls
735 1186 808 1213 enim
821 1185 849 1212 in
859 1194 933 1221 -pr:e-

141 1221 224 1248 missa
255 1221 490 1248 animadversione
522 1222 695 1254 observavit,
724 1221 844 1248 codicem
869 1221 933 1248 llol-

144 1257 300 1283 stenianum
313 1256 545 1292 Hamburgensem
557 1258 657 1292 passim
671 1264 731 1284 esse
747 1256 883 1292 mutilum,
893 1261 930 1289 et,

140 1291 250 1318 inverso
265 1292 372 1323 ordine,
393 1291 542 1324 turbatum,
556 1299 637 1326 quem
655 1297 744 1318 tamen
755 1292 838 1318 ductu
855 1291 932 1318 desi-

141 1326 280 1360 gnationis
304 1331 527 1361 argumentorum
556 1335 571 1353 a
599 1326 660 1353 Tito
689 1327 739 1361 ipsi
772 1326 930 1353 tractationi

140 1361 301 1395 praemissa},
323 1361 360 1388 ita
378 1369 451 1388 nunc
467 1361 595 1394 restituit,
619 1366 649 1388 ut
666 1362 727 1388 libri
756 1366 811 1389 tres
833 1361 930 1395 integri

139 1401 300 1432 appareant.
314 1395 449 1423 Caeterum
462 1401 558 1432 aur-tor
574 1397 633 1431 ipse
649 1397 817 1432 argumentis
843 1395 932 1431 philo-

140 1430 263 1471 sophicis
284 1431 453 1466 frequenter,
468 1430 610 1466 Scriptura
633 1430 698 1459 vero
711 1430 848 1459 diviniore
867 1439 928 1460 raro

143 1471 241 1492 utitur.

177 1501 234 1535 (76)
259 1501 427 1534 Σαραπίων.
448 1501 487 1529 lta
512 1509 612 1529 nomen
639 1501 769 1529 scribitur
791 1501 817 1528 in
836 1501 932 1529 Coisli-

139 1536 224 1579 niano
236 1540 264 1562 et
273 1540 369 1579 nostro
383 1537 486 1576 codice,
499 1537 572 1577 quod
592 1537 636 1579 alii
650 1545 707 1579 per
721 1537 930 1579 Serapioneﬂc-
944 1550 964 1579 ε

141 1575 207 1606 runt
223 1571 336 1603 rectius,
352 1571 431 1605 cujus
450 1572 568 1599 nominis
589 1577 616 1599 et
633 1572 678 1599 alii
694 1572 766 1599 inter
781 1572 930 1606 scriptores

140 1605 260 1638 Graecos,
276 1605 303 1632 in
317 1606 411 1641 primis
427 1607 549 1641 sophista
563 1607 673 1641 quidam
694 1613 721 1634 et
739 1605 874 1638 comicus,
901 1610 932 1634 ut

140 1645 255 1668 Caeteros
280 1645 394 1672 taceam,
424 1646 540 1668 exstant.
572 1642 638 1676 Ejus
665 1646 804 1673 tractatus.
838 1641 931 1669 Graece

139 1676 280 1712 apud__nos
302 1683 364 1702 cum
386 1676 449 1704 'l‘ito
474 1677 613 1704 Bostrensi
635 1682 745 1704 exstans
763 1676 870 1712 paginis
883 1677 930 1710 24,

140 1710 251 1737 in-l'olio
270 1712 436 1743 continetur,
454 1716 483 1738 et
509 1712 536 1739 in
555 1712 669 1746 repetita
687 1710 838 1739 Lectionum
852 1712 932 1738 Cani-

140 1747 279 1781 sianarum
303 1745 421 1773 editione
434 1747 510 1781 juxta
536 1745 659 1774 Latinam
687 1747 840 1773 versionem
859 1746 930 1773 Tur-

141 1780 213 1807 riani
231 1781 358 1807 exstabit.
379 1780 490 1808 Interim
510 1782 536 1808 in
557 1781 676 1809 secunda
689 1786 716 1808 et
732 1781 810 1808 tertia
827 1781 929 1808 codicis

141 1815 227 1842 nostri
257 1815 352 1850 pagina
373 1817 445 1843 varia
461 1816 661 1848 desiderantur,
677 1824 788 1844 sensum
808 1816 930 1843 hiulcum

141 1850 293 1877 reddentia.
315 1850 405 1878 Unum
438 1855 543 1878 tantum
574 1851 688 1878 Manetis
710 1859 846 1883 errorem,
876 1859 930 1885 quo

141 1892 237 1919 corpus
245 1890 270 1920 et
282 1890 395 1912 materia
411 1886 438 1912 in
453 1894 479 1912 se
494 1886 566 1912 mala
578 1887 763 1918 venditantur,
771 1893 930 1920 oppugnan-

141 1920 206 1947 dum
221 1919 278 1955 sibi
289 1922 406 1955 sumpsit
423 1920 566 1955 Serapion.
577 1921 735 1955 Utriusque,
752 1919 930 1948 Titi’seilicet

140 1959 169 1981 et
186 1954 359 1988 Serapionis,
374 1954 633 1983 eomtneeitationem
649 1954 743 1983 Graece
763 1955 929 1989 descriptam

141 1989 270 2016 habuisse
290 1989 320 2016 Β.
342 1990 450 2018 Sehast.
474 1990 574 2018 Gottir.
593 1990 760 2022 Starchium,
779 1989 819 2017 Cl.
835 1989 929 2017 Marti-

141 2032 193 2051 nus
219 2023 354 2052 Dieterich
380 2026 408 2052 in
442 2026 550 2052 funebri
577 2025 636 2060 ejus
658 2024 862 2061 Programmate
888 2029 929 2052 te-

143 2063 243 2086 statur.

177 2095 233 2128 (77)
251 2094 453 2128 Ἀλέξανδρος.
467 2094 548 2122 Liber
560 2095 620 2130 ejus
634 2094 702 2130 πρὸς
718 2094 766 2126 τὰς
777 2093 927 2130 Μανιχαιου

139 2128 219 2162 δόξας
234 2138 248 2157 a
277 2131 373 2158 Frauc.
386 2129 550 2157 Combelisio
573 2128 663 2157 editus
679 2134 721 2156 est
751 2134 824 2156 tomo
839 2128 928 2156 ll'Au-

140 2165 221 2191 uarii
233 2165 376 2198 novissimi,
393 2164 480 2191 Paris.
495 2164 566 2191 1672
579 2165 627 2191 fol.
638 2164 678 2191 Ex
688 2172 731 2196 eo,
742 2168 799 2191 tum
816 2164 925 2195 incdito,

140 2198 230 2235 locum
245 2200 389 2235 quemdam
400 2200 480 2226 atIert
491 2199 644 2228 Alexander
654 2199 745 2227 Morus
759 2199 787 2226 in
803 2198 880 2226 Notis
894 2199 928 2226 ad

138 2233 243 2261 Novum
254 2233 359 2265 Tardus.
377 2242 404 2269 p.
420 2235 482 2261 245.

176 2270 233 2302 (78)
254 2268 472 2304 'Hpaxxstardc.
487 2269 590 2297 Laudat
605 2270 686 2304 hujus
698 2268 746 2296 XX
758 2269 842 2297 libros
855 2269 928 2297 Pho-

139 2303 196 2331 tius
212 2303 306 2332 noster
322 2305 349 2331 in
371 2303 532 2331 Bibliotheca
548 2303 647 2333 codice
657 2305 701 2331 85.

175 2339 375 2374 (79)Πλεῖστοι
399 2339 504 2373 ἕτεροι.
522 2339 576 2367 Eos
595 2344 726 2367 consueta
750 2343 777 2366 et
802 2338 928 2366 familiari

139 2373 191 2410 sibi
216 2375 350 2410 industria
371 2379 399 2401 et
428 2374 557 2410 doctrina
576 2375 717 2410 congessit
740 2374 839 2410 Celeb.
860 2374 926 2402 Joh.

138 2409 269 2436 Albertus
298 2409 456 2442 Fabricius,
484 2410 512 2436 in
538 2408 663 2436 Bibliot'h.
696 2408 782 2436 Gneo.
815 2409 861 2436 lib.
892 2418 928 2442 ν,

138 2451 166 2479 p.
180 2444 233 2471 289
255 2452 332 2479 seqq.
348 2444 455 2471 Mireris
478 2444 557 2476 forte,
570 2444 642 2472 Petri
657 2443 751 2475 Siculi,
767 2452 846 2478 quem
861 2443 930 2471 Pho-

139 2479 178 2506 tio
197 2481 348 2514 temporum
365 2480 484 2506 rationes
496 2480 552 2506 fere
569 2480 701 2514 aequalem
721 2479 836 2509 faciunt,
852 2487 929 2506 men-

139 2514 242 2549 tionem
254 2515 299 2542 hic
313 2522 368 2542 non
384 2514 483 2541 factam
497 2522 568 2546 esse,
585 2515 664 2549 cujus
689 2515 794 2548 ἱστορία
804 2515 868 2549 περὶ
878 2514 928 2549 τῆς

139 2548 222 2584 κενῆς
246 2551 293 2576 καὶ
317 2550 436 2584 ματαίας
459 2550 592 2584 αἱρέσεως
604 2548 658 2575 τῶν
681 2548 851 2584 Μανιχαίων,
874 2549 928 2575 τῶν

139 2585 187 2610 καὶ
206 2584 397 2611 Παυλικιανῶν
424 2584 581 2617 λεγομένων
597 2592 660 2611 cura
682 2584 801 2611 Matlhtei
816 2584 926 2615 Raderi,

138 2619 243 2653 prodiit
267 2619 434 2654 lngolstadii,
450 2618 529 2654 1604,
541 2619 611 2646 Ιη-ιι.
624 2619 747 2653 Cumque
761 2619 929 2653 comparatio

137 2654 234 2688 scripti
260 2653 412 2688 utriusque,
430 2662 445 2681 a
471 2653 568 2681 Photio
590 2658 618 2681 et
646 2654 736 2680 Siculo
752 2653 876 2688 profecti.
894 2653 928 2681 ad

138 2689 248 2716 oculum
263 2689 400 2721 ostendat,
414 2689 528 2716 alterum
542 2689 654 2717 alterius
664 2696 746 2723 opera
762 2696 841 2715 usum
856 2696 927 2721 esse,

137 2731 194 2750 non
225 2724 358 2756 dubitem,
387 2725 429 2752 vel
459 2724 523 2751 hinc
544 2724 689 2755 ailirmare,
718 2723 839 2750 Siculum
866 2728 929 2758 post

137 2758 267 2786 l'hotium
282 2767 331 2795 sua
346 2759 445 2786 litteris
460 2757 707 2795 consignassemui
721 2758 842 2795 alioquin
855 2757 928 2786 illius

137 2801 200 2820 cum
215 2793 322 2821 caeteris
341 2795 509 2821 mentionem
525 2793 648 2821 facturus
660 2793 745 2820 fuisse
755 2793 872 2821 videtur.

173 2828 230 2863 (80)
243 2829 412 2864 Xuv0tetr¢5c
430 2837 487 2861 τις.
501 2828 685 2864 Haechotius
697 2829 787 2856 hausit
796 2828 926 2864 exprrilli

135 2863 274 2892 Cateclresi
291 2871 328 2897 vt,
347 2863 422 2899 §i5;
435 2871 494 2898 quae
509 2864 592 2892 etiam
609 2863 636 2890 in
656 2871 704 2891 sua
722 2864 814 2891 retulit
829 2862 927 2891 Petrus

983 1044 1092 1084 §iculus
1131 1045 1172 1084 in_
1191 1044 1315 1084 Historia
1328 1045 1560 1084 _Manirlt¢eornm,
1588 1055 1625 1084 p.
1644 1048 1679 1074 20
1697 1056 1772 1084 seqq.

985 1081 1106 1143 Uterqpe
1123 1088 1137 1108 a
1153 1080 1243 1116 Cyrilli
1260 1081 1350 1109 verbis
1369 1082 1469 1116 passim
1484 1082 1551 1115 abit,
1571 1080 1670 1117 quibus
1681 1080 1772 1112 tamen

985 1123 1040 1143 ora;
1081 1117 1155 1143 hotio
1165 1117 1266 1143 insistit
1276 1116 1372 1143 Petrus
1384 1117 1502 1143 Siculus.
1515 1117 1688 1143 Comoaravit
1703 1119 1772 1143 inter

983 1123 1040 1151 pra;
1057 1116 1155 1143 Photio
1165 1117 1266 1143 insistit
1276 1116 1372 1152 Petrus
1384 1117 1502 1152 Siculus.
1515 1116 1688 1152 Com'paravit
1703 1119 1774 1146 inter

983 1148 1193 1189 seutrumque
1208 1150 1417 1189 Rev._fl'hom_as
1448 1148 1545 1189 Milles‘
1560 1148 1591 1189 in
1611 1161 1659 1189 sua
1681 1154 1772 1189 Cyrilli

982 1186 1101 1223 editione
1119 1185 1145 1220 pi
1161 1186 1195 1223 92
1213 1185 1373 1223 εραπΝυδζιῆ
1388 1187 1591 1222 itaquejudicio
1608 1185 1772 1223 Scythianus

983 1221 1150 1259 hie-primus
1160 1221 1232 1259 inter
1246 1221 1519 1259 Christianosstultze
1533 1223 1567 1259 de
1580 1221 1686 1251 duobus
1699 1224 1773 1259 prin-

983 1256 1061 1290 cipiis
1076 1256 1213 1290 opinionis
1232 1263 1327 1283 auctor
1340 1257 1455 1288 exstitit,
1472 1258 1544 1291 quod
1557 1258 1644 1291 ipsum
1661 1256 1772 1286 tradunt

981 1291 1129 1327 Archelaus
1147 1291 1174 1327 in
1196 1292 1271 1318 Actis
1295 1291 1430 1327 Disputat.
1455 1300 1514 1318 cum
1538 1292 1650 1324 Manete,
1675 1301 1701 1327 p.
1724 1294 1770 1325 95,

981 1330 1009 1353 et
1025 1325 1203 1361 Epiphanius,
1223 1326 1318 1353 lizercsi
1334 1326 1377 1357 66.
1395 1327 1505 1361 aliique.
1516 1327 1556 1353 Ab
1570 1327 1612 1353 his
1629 1325 1770 1355 discedere

980 1361 1108 1388 videntur
1120 1361 1318 1393 Theodoretus,
1332 1361 1454 1388 Hmretic.
1465 1362 1559 1388 Fabul.
1576 1362 1623 1389 lib.
1648 1370 1666 1394 I,
1680 1371 1705 1389 c.
1717 1363 1768 1395 55;

980 1395 1120 1423 Cedrenus
1134 1405 1161 1430 p.
1178 1396 1244 1428 9.59;
1261 1400 1288 1423 et
1302 1397 1366 1424 hinc
1385 1396 1466 1429 forte,
1483 1397 1545 1431 quia
1564 1397 1659 1424 iisdem
1680 1399 1770 1425 verbis

980 1431 1076 1466 utitur,
1094 1431 1203 1463 Suidas,
1232 1437 1296 1458 tom.
1319 1431 1352 1464 ll,
1384 1440 1410 1466 ν.
1429 1431 1490 1459 491.
1514 1431 1551 1458 Ibi
1575 1432 1648 1458 enim
1675 1441 1771 1460 omnes

981 1465 1116 1493 Manetem
1140 1467 1222 1493 etiam
1257 1465 1405 1493 Σκυθιανδν
1440 1467 1605 1501 appellatum
1635 1467 1769 1500 scribunt,

980 1501 1052 1535 quod
1066 1508 1099 1528 eo
1114 1509 1197 1528 sensu
1219 1501 1296 1528 multi
1310 1506 1484 1537 acceperunt,
1500 1506 1530 1529 ut
1551 1501 1643 1528 Manes
1661 1507 1688 1529 et
1704 1503 1770 1537 Scy-

982 1537 1093 1563 thianus
1105 1537 1231 1563 eumdem
1246 1544 1294 1564 eos
1305 1536 1442 1571 judicasse
1455 1541 1611 1564 censerent.
1625 1536 1683 1563 Meo
1696 1536 1770 1571 judi-

982 1572 1025 1598 cio
1043 1571 1081 1598 illi
1098 1572 1147 1598 hac
1172 1571 1310 1606 Scythiani
1335 1571 1516 1606 appellatione
1537 1572 1639 1598 erroris
1654 1572 1769 1606 primam

982 1606 1114 1641 originem
1135 1606 1255 1642 indicare
1271 1606 1427 1637 voluerunt,
1443 1606 1580 1642 iniprimis
1600 1607 1670 1635 ideo.
1695 1608 1769 1642 quod

982 1645 1123 1668 versutum
1140 1641 1255 1668 Manctis
1266 1642 1406 1676 ingenium
1426 1645 1452 1668 et
1468 1641 1532 1668 felix
1545 1641 1572 1668 in
1585 1642 1694 1676 negotio
1706 1641 1770 1669 suc-

980 1683 1075 1703 cessus
1105 1681 1133 1703 ct
1160 1676 1298 1711 Scythiam
1334 1681 1361 1703 et
1386 1676 1559 1706 Terebinthi,
1593 1677 1769 1704 decessorum

981 1710 1051 1745 ejus,
1067 1711 1225 1738 memoriam
1249 1711 1358 1738 abolere
1372 1711 1522 1738 videretur.
1540 1711 1567 1738 id
1578 1715 1665 1746 Acerte
1678 1713 1769 1746 suspi-

1195 1753 1255 1772 uam
1282 1753 1344 1772 cum
1370 1746 1555 1773 eruditissimo
1577 1744 1768 1774 I’carsonio‘in

1470 1788 1497 1815 p.
1517 1781 1580 1812 555,
1597 1781 1637 1807 vel
1649 1782 1770 1808 auctoris

981 1745 1038 1773 cari
1051 1746 1154 1778 malint,

980 1781 1147 1807 Adversarii:
1161 1780 1342 1811 Miscellancis,
1359 1788 1384 1808 c.
1403 1781 1447 1813 55,

982 1815 1099 1851 σφάλμα,
1123 1815 1307 1851 μνημονικὸν,
1324 1816 1365 1842 vel
1388 1816 1491 1842 librarii
1519 1816 1655 1850 γραφικδν
1678 1817 1770 1851 ἁμάρ-

981 1859 1056 1885 τημα
1074 1850 1119 1877 hic
1141 1851 1270 1886 cogitare.
1291 1850 1470 1886 Scythianum
1487 1851 1561 1886 hunc
1581 1851 1614 1877 ad
1631 1851 1770 1886 apostolo.

980 1893 1042 1912 rum
1067 1889 1188 1919 tempora
1201 1885 1235 1912 ab
1255 1885 1389 1911 Archelao
1413 1885 1430 1911 l.
1447 1893 1472 1912 c.
1490 1885 1585 1912 referri
1602 1886 1699 1912 merito
1716 1886 1771 1912 mi-

981 1920 1059 1950 reris,
1080 1927 1141 1946 cum
1154 1920 1241 1954 ipsius
1255 1920 1375 1946 narratio
1386 1919 1495 1952 inferat,
1507 1920 1576 1947 inter
1590 1919 1768 1955 Scythianum

980 1959 1007 1981 et
1033 1955 1177 1986 Manetem,
1211 1963 1295 1982 unum
1322 1959 1425 1981 tantum
1452 1954 1659 1987 Tercbinthum,
1690 1956 1768 1989 primi

980 1989 1052 2024 illius
1072 1989 1248 2024 discipulum,
1274 1989 1473 2020 intercessisse,
1490 1994 1519 2016 ut
1544 1990 1658 2024 proinde
1676 1990 1768 2018 Manes

981 2023 1169 2059 Scythianum,
1186 2025 1209 2052 si
1224 2024 1292 2051 forte
1305 2028 1384 2052 astate
1397 2023 1550 2058 provectior
1565 2025 1656 2058 fuerit,
1675 2026 1768 2052 videre

979 2060 1109 2094 potuerit.
1131 2059 1158 2086 id
1185 2060 1256 2094 quod
1282 2060 1448 2095 persuadere
1474 2060 1553 2087 nobis
1579 2064 1685 2095 poterat
1711 2060 1768 2087 l'ra-

982 2098 1122 2130 gmentum
1147 2094 1314 2130 epistolmiad
1338 2095 1528 2130 Scythianum,
1549 2095 1630 2121 modo
1649 2095 1721 2122 idem
1745 2096 1767 2123 is

979 2129 1153 2165 criuminostro
1171 2129 1216 2160 sit,
1231 2137 1254 2165 εξ
1263 2129 1368 2165 Maneto
1378 2129 1577 2165 'scriptaa.qu0(l
1595 2130 1678 2156 habes
1692 2130 1765 2165 apud

979 2164 1019 2191 Cl.
1033 2164 1186 2191 Fabricium
1199 2164 1225 2190 in
1236 2163 1363 2199 Biblioth.
1376 2164 1460 2192 Gneo.
1478 2163 1525 2191 lib.
1538 2173 1564 2196 v,
1581 2173 1608 2199 p.
1623 2165 1685 2191 285.

1015 2198 1299 2235 (81)ῘΕ›-τριᾷὴςτὴν
1310 2198 1468 2235 γλῶσσαντ
1477 2199 1569 2235 Refert
1582 2198 1638 2226 haec
1649 2199 1683 2226 ad
1697 2200 1768 2234 peri-

980 2233 1044 2261 liam
1061 2233 1162 2269 lingua:
1180 2233 1280 2261 Graece
1295 2234 1534 2268 praestantissimus
1562 2233 1706 2268 interpres;
1731 2235 1767 2262 At

980 2269 1088 2296 videtur
1094 2268 1205 2296 l’hotitis
1211 2269 1384 2296 de-doclriuis
1392 2269 1482 2304 potius
1489 2268 1668 2304 Aristotelicis
1675 2276 1765 2303 prom-

979 2309 1079 2339 ptaque
1092 2311 1138 2330 cas
1159 2304 1219 2330 aliis
1236 2303 1398 2338 propinandi
1414 2304 1541 2339 facultate
1561 2303 1604 2330 hic
1620 2305 1764 2337 cogitasse.

981 2338 1008 2374 id
1023 2339 1120 2374 suadet
1135 2339 1225 2374 Cyrilli
1250 2339 1336 2373 ipsius
1360 2338 1485 2374 phrasis,
1504 2338 1551 2374 qui
1571 2345 1620 2372 pro
1637 2339 1689 2369 his,
1705 2346 1767 2373 qua!

980 2373 1093 2401 Photius
1109 2372 1200 2407 habet,
1215 2372 1311 2400 scribit
1340 2372 1556 2408 ’Ᾱριστοτελικὸν
1575 2372 1766 2408 μιμησάμενος

982 2409 1048 2443 βίον,
1069 2409 1094 2435 id
1107 2409 1159 2440 est,
1180 2412 1210 2436 ut
1227 2409 1404 2443 interpretor,
1430 2408 1637 2443 Aristotclicumr
1651 2408 1766 2442 philoso-

979 2442 1078 2477 pltandi
1086 2444 1215 2470 rationem
1234 2448 1357 2470 sectatus.
1369 2443 1435 2470 Bion
1450 2443 1612 2479 enimetiant
1623 2442 1657 2469 de
1671 2444 1765 2479 τέχνῃ.

980 2486 1027 2505 seu
1054 2483 1112 2505 arte
1139 2483 1167 2506 ct
1192 2479 1344 2512 disciplina,
1375 2477 1500 2512 usurpari
1532 2477 1638 2512 pridem
1661 2477 1767 2506 monuit.

980 2513 1093 2549 Tzetzes
1115 2513 1148 2541 ad
1172 2511 1330 2546 Hesiodum,
1355 2518 1382 2540 et
1399 2511 1539 2548 Menagius
1563 2512 1596 2539 ad
1619 2511 1766 2549 Diogenem

980 2548 1128 2581 Laertium,
1143 2557 1168 2583 p.
1184 2549 1235 2576 459
1246 2550 1273 2575 b.

1017 2583 1071 2618 (82)
1091 2582 1253 2617 Tédcapug.
1280 2582 1380 2610 Coni‘cr
1405 2582 1530 2610 Archelai
1546 2582 1682 2617 Disputat.
1707 2591 1766 2609 cum

980 2618 1096 2650 Mancte,
1112 2626 1138 2650 ι).
1154 2619 1199 2645 96.

1017 2626 1222 2688 ξὲἕῖεκῖιὶρδτθῆν
1233 2652 1301 2687 μέν.
1313 2652 1342 2679 Si
1357 2652 1402 2680 hic
1418 2652 1506 2680 Photii
1521 2653 1597 2680 locus
1612 2660 1673 2680 cum
1691 2652 1762 2679 Petri

981 2687 1063 2715 Siculi
1083 2688 1173 2715 verbis
1186 2688 1343 2715 conferatur
1356 2709 1363 2721 ,
1390 2688 1492 2722 patebit
1517 2689 1632 2715 altermn
1650 2688 1763 2714 alterius

980 2724 1100 2758 vestigiis
1116 2723 1256 2759 institisse.
1280 2722 1348 2759 Cum
1373 2723 1447 2759 enim
1462 2723 1578 2759 Cyrillus
1593 2723 1611 2749 l.
1640 2731 1664 2750 c.
1682 2729 1762 2759 quem

980 2763 1094 2792 uterque
1105 2758 1177 2792 legit,
1199 2763 1314 2793 quatuor
1329 2758 1389 2785 illos
1418 2758 1503 2786 libros
1520 2759 1638 2786 breviter
1651 2762 1678 2793 et
1694 2758 1765 2784 unde

980 2798 1086 2821 tantum
1112 2793 1201 2827 quoad
1229 2793 1322 2827 titulos
1351 2798 1503 2824 recenseat,
1529 2798 1643 2826 uterque
1667 2792 1764 2819 horum

980 2829 1103 2863 quaedam
1119 2827 1194 2855 addit
1220 2828 1272 2856 sibi
1287 2828 1404 2855 invicem
1419 2829 1528 2855 similia.
1543 2829 1582 2855 En
1596 2828 1643 2854 tibi
1663 2828 1766 2854 descri-

980 2863 1101 2898 ptionem
1117 2863 1188 2890 Petri
1203 2863 1287 2891 Sicuii
1305 2872 1311 2891 :
1327 2863 1468 2898 Τέσσαρας
1483 2863 1591 2898 βίϐλους
1609 2863 1763 2895 συνέταξεν,
