1931 3082
156 157 191 189 39
729 153 862 183 ΡΗΟΤΙῙ
882 152 940 182 PA']

1000 151 1136 182 ARCILE
1157 151 1212 181 CP.
1761 153 1794 184 40

155 220 219 240 eum
239 210 322 238 filium
341 209 436 237 morbo
452 208 621 236 laborantem
637 207 763 240 haberet,
775 207 937 243 audiretque

1001 215 1082 241 τητος
1092 208 1111 242 1)
1126 206 1270 242 ὀνομάζειν
1279 206 1469 242 ἀπετόλμησεν
1479 207 1529 242 (Ξ).
1547 207 1592 239 ἘΞ
1602 204 1633 234 οὗ
1645 208 1693 236 καὶ
1704 209 1794 246 μαθη-

157 253 262 286 Martem
280 256 429 292 pollicitum
444 263 517 288 esse,
549 263 580 283 se
596 254 682 282 filium
708 254 770 290 ejus
795 263 828 282 ex
853 255 950 282 morbo

156 304 285 340 precibus
300 307 461 337 erepturum
482 308 555 332 esse,
567 304 744 336 arrogantem
759 300 900 333 hominem
915 301 950 328 ad

161 350 209 377 ﬁlii
220 349 392 376 curationem
404 348 516 375 adhibet
535 356 541 373 :
554 354 586 374 ac
596 347 717 374 medicos
727 351 784 374 tum
800 351 950 382 praesentes

158 394 265 422 tametsi
286 393 453 428 :rgritudinis
478 391 649 419 curationem
677 391 783 418 facilem
800 391 859 419 fore
883 398 949 426 pro-

156 439 314 469 mittebant.
325 439 419 473 ejeeit.
432 438 479 465 Ille
490 437 602 465 vixdum
617 437 769 464 orationem
792 437 948 472 compleve-

156 490 210 516 rat,
226 489 254 511 et
269 484 350 511 vitam
365 483 467 518 eripuit
483 482 519 514 ei,
540 482 587 517 qui
610 482 638 510 id
665 482 735 510 forte.
769 490 867 517 passus
893 490 948 509 non

154 535 237 562 esset,
256 530 307 556 nisi
323 529 367 556 ille
383 528 599 556 incolumitatem
613 523 795 563 promisisset.
810 528 878 555 Cum
895 528 947 555 ila~

155 583 208 610 que
227 575 318 602 subito
337 579 365 601 et
377 579 471 609 aperte
483 573 610 608 impietas
627 577 655 600 et
667 572 822 608 arrogantia
838 572 948 600 scelesti

155 621 274 649 hominis
306 621 480 655 deprehensa
506 619 615 650 fuisset,
633 618 662 646 in
685 619 870 646 maleficorum
888 626 948 645 car-

153 675 242 695 ceretn
259 667 392 702 impostor
412 666 456 693 ille
470 666 617 693 damnatus
635 664 793 700 conjicitur.
811 664 866 692 Sed
883 672 946 692 cum

152 721 248 740 servus
263 717 336 740 esset
353 720 385 739 ac
402 712 510 739 servilis
530 711 637 739 artiﬁcii
666 711 780 746 peritus.
810 711 947 746 sciretque

153 765 184 785 se
202 765 256 784 non
277 757 323 785 diu
343 761 437 792 postea
454 760 569 791 patrata:
587 755 670 782 cmdis
702 763 798 791 ρωπος
818 756 945 783 daturum

153 811 225 836 esse,
243 807 338 838 utpote
355 802 401 837 qui
418 803 489 838 regis
506 802 591 829 ﬁlium
605 802 745 837 impietate
770 809 819 829 sua
832 802 947 829 occidis-

1000 252 1048 283 τὰς
1073 252 1271 287 συνηῦροίσατο
1291 251 1338 279 δύο
1365 252 1414 279 καὶ
1432 253 1500 280 δέκα
1517 253 1568 288 (5).
1599 253 1647 285 οὓς
1668 254 1715 281 καλ¹
1743 255 1794 289 τῆς

1002 297 1110 332 πλάνης
1125 297 1262 332 διέπεμπε
1277 298 1414 334 κήρυκας.
1432 298 1504 325 Ἀλλ’
1517 299 1532 325 ὁ
1544 299 1593 334 μὲν
1607 299 1793 334 ὲμϐρόντητος

1000 343 1108 376 Μάνης,
1126 342 1165 378 τῷ
1193 343 1273 378 κακῷ
1290 343 1412 378 γεγονὼς
1443 344 1619 380 περιϐόητος,
1647 345 1710 380 ἥκει
1730 346 1792 377 ταῖς

1001 389 1108 422 φήμαις
1125 389 1207 424 μέχρι
1225 388 1335 416 καὶτῶν
1352 389 1433 417 ὠτῶν
1455 390 1503 417 τοῦ
1517 391 1632 426 Περσῶν
1648 390 1790 426 βασιλέως.

1005 434 1034 461 '0
1045 434 1074 460 δὲ
1084 435 1142 470 (καὶ
1152 435 1206 470 γὰρ
1219 434 1302 461 αὑτοῦ
1318 435 1332 461 ό
1346 436 1410 468 παῖς
1421 437 1558 472 νοσήματι
1574 434 1715 472 ἐαλώκει)ζ
1729 437 1791 463 ἐπεὶ

999 479 1045 506 τὸν
1060 481 1157 516 Μάνην
1179 480 1417 517 ἐπαγγελλόμενον
1433 482 1534 518 ἤκουεν
1554 483 1620 519 εὐχῇ
1638 483 1684 509 τὴν
1706 483 1792 510 παῖδα

1000 525 1133 560 ῥύσασθαι
1145 526 1194 561 τῆς
1212 527 1300 558 νόσου,
1319 526 1426 563 δέχεται
1440 527 1486 554 τὸν
1503 527 1622 559 ἀλαζόνα
1636 527 1684 554 τοῦ
1696 527 1791 559 παιδὸς

999 571 1047 598 ἐπὶ
1062 571 1208 608 θεραπείᾳ.
1224 573 1279 599 Καὶ
1290 573 1322 608 δὴ
1338 569 1418 605 οὗτος
1431 573 1495 605 τοὺς
1519 574 1658 609 παρόντας
1681 574 1791 609 ἰατροὺς

998 617 1089 644 καίτοι
1110 617 1207 653 ῥᾳδίαν
1231 618 1486 654 ἐπαγγελλομένους
1513 620 1607 651 παιδὸς
1632 619 1682 654 τὴν
1706 619 1789 652 ἴασιν,

998 663 1245 698 ἀποπεμψάμενος,
1257 665 1316 699 ἅμα
1331 673 1361 692 τε
1376 665 1459 701 εὐχὴν
1475 665 1562 693 ἐτέλει
1577 666 1626 692 καὶ
1639 666 1689 701 τῆς
1717 665 1791 701 ζωῆς

997 709 1129 744 ἐξήλαυνε
1145 710 1183 745 (4)
1198 710 1245 737 τὸν
1262 711 1312 737 οὐκ
1327 712 1360 738 ἂν
1372 711 1452 739 τοῦτο
1470 712 1602 746 παθόντα,
1617 713 1641 740 εί
1658 713 1695 749 μὴ
1709 713 1790 744 αὐτὸς

997 757 1046 793 τὴν
1055 757 1203 793 θεραπείαν
1217 758 1362 793 ὑπέσχετο.
1378 757 1456 785 Οὕτω
1480 759 1545 793 γοῦν
1560 759 1660 787 θᾶττόν
1683 767 1712 785 τε
1742 758 1791 785 καὶ

997 803 1155 838 περιφανῶς
1170 804 1220 839 τῆς
1231 804 1360 836 ἀσεϐείας
1377 813 1408 831 τε
1429 805 1478 831 καὶ
1491 804 1651 836 ἀλαζονείας
1676 804 1723 830 τοῦ
1741 812 1792 831 κα-

151 854 202 882 set,
220 858 235 877 e
250 849 332 877 domo
349 848 463 884 aufugit,
490 853 519 876 et
545 849 704 876 custodibus
733 848 852 876 carceris
870 848 940 876 necis

997 849 1157 885 κοδαίμονος
1194 850 1430 886 στηλιτευθείσης,
1471 851 1586 887 εἱρκτὴν
1626 850 1790 886 κακούργων

151 889 232 922 causa
248 895 298 923 fuit
315 905 321 923 :
340 903 403 922 nam
419 895 483 930 quia
499 894 645 922 scelestum
660 895 735 922 illum
748 902 803 922 non
818 899 940 922 accurate

998 896 1084 922 οίκεῖν
1098 897 1112 922 ό
1127 896 1228 929 πλάνος
1248 897 1474 928 καταδικάζεται.
1492 897 1618 932 Ἀλλ“ὂγε
1632 897 1728 929 δοῦλος
1750 896 1789 923 ὢν

150 942 349 975 custodierant,
368 941 459 976 capite
474 948 572 968 omnes
586 940 658 975 plexi
674 945 750 967 sunt.

150 988 231 1021 φόνου
250 987 326 1018 δίκας
339 986 468 1021 ὑποσχεῖν
484 986 535 1012 οὐκ
553 986 593 1017 είς
619 986 728 1020 μακράν
754 985 841 1027 ἐστιν.
853 985 940 1018 ἄξιος,
963 985 1010 1012 ἅτε
1024 986 1057 1023 δὴ
1069 985 1102 1023 τῇ
1115 987 1176 1014 καθ’
1201 987 1298 1015 ἑαυτὸν
1330 987 1486 1024 ἀποστασίςι⁵
1508 988 1554 1015 τὸν
1573 988 1708 1022 βασίλειον
1740 989 1790 1015 ἀν·

150 1034 218 1062 ελὼν
235 1034 329 1067 παῖδα,
354 1033 498 1068 διαφεύγει
516 1033 564 1059 τοῦ
593 1034 755 1068 οἰκήματος,
779 1026 948 1066 καὶγίνεται
965 1032 1020 1059 τῶν
1033 1033 1248 1068 δεσμοφυλὰκων
1260 1033 1377 1061 θανάτου
1409 1026 1574 1071 παραίτιος.¹
1590 1026 1646 1062 Κάὶ
1663 1035 1718 1070 γὰρ
1746 1034 1788 1061 ὅτι

999 941 1048 968 καὶ
1057 941 1185 976 δουλικῆς
1195 940 1292 978 τέχνης
1301 943 1443 979 ἔμπειρος,
1460 942 1537 975 εἰδώς
1551 952 1580 970 τε
1605 943 1728 979 ἀκριϐῶς
1751 942 1788 974 ὡς
1831 948 1836 954 ·

150 1081 189 1117 μὴ
205 1080 333 1115 ἀσφαλῶς
344 1080 459 1116 ἐτήρουν
478 1079 524 1105 τὸν
545 1079 696 1114 ἀλιτήριον,
715 1079 765 1114 τῆς
798 1078 922 1113 κεφαλῆς
945 1078 1143 1115 ἐζημιώθησαν
1156 1080 1289 1112 ἅπαντες.

186 1127 255 1155 XIII.
270 1128 304 1154 At
320 1127 366 1154 hic
382 1134 488 1157 servus.
505 1133 578 1158 erro,
594 1125 731 1152 homicida
742 1124 847 1152 carceri
863 1132 941 1151 man-

149 1174 265 1208 cipatus,
277 1172 389 1200 advenit
402 1171 536 1207 profugus
557 1171 586 1198 in
600 1170 836 1206 Mesopotamiam,
851 1174 879 1197 et
891 1170 940 1197 de-

150 1219 277 1247 fectionis
289 1227 345 1246 suae
357 1218 461 1246 zizania
474 1225 582 1245 rursum
593 1223 685 1244 serere
694 1216 801 1251 incipit.
820 1215 941 1243 Careha-

150 1275 242 1294 rorum
255 1271 345 1293 autem
353 1265 507 1300 episcopus,
516 1263 559 1291 cui
569 1271 669 1290 nomen
678 1262 837 1295 Archelaus,
852 1262 893 1289 vir
901 1270 941 1290 sa-

148 1313 387 1340 ceretdivinarum
400 1311 637 1344 humanarumque
645 1317 735 1337 rerum
747 1309 938 1343 peritissimus,

148 1358 262 1384 collecta
277 1357 435 1384 Graecorum
451 1363 500 1385 seu
520 1355 663 1390 gentilium
678 1354 833 1381 auditorum
847 1361 940 1386 manu,

149 1402 548 1437 neChristianisiudicantibus
556 1401 655 1429 veritas
662 1409 710 1436 per
718 1401 840 1428 favorem
849 1400 942 1427 trium-

149 1451 248 1485 phasse
257 1450 403 1481 videretur,
414 1448 538 1475 instituta
549 1447 681 1475 adversus
694 1447 793 1474 mania;
801 1446 943 1482 cognomi-

1033 1124 1074 1152 ΙΓ.
1099 1125 1169 1152 Ἀλλ’
1182 1118 1261 1159 οὗτος
1280 1128 1294 1154 ὀ
1314 1127 1418 1160 δοῦλος,
1434 1128 1481 1155 καὶ
1501 1124 1613 1160 πλάνος,
1630 1128 1676 1155 καὶ
1689 1128 1788 1163 φονεὺς

995 1171 1042 1198 καὶ
1054 1171 1166 1207 δέσμιος
1178 1173 1267 1208 φυγὰς
1281 1174 1489 1209 καταλαμϐάνει
1499 1172 1549 1211 τὴν
1561 1171 1785 1210 Μεσοποταμίαν,

995 1219 1043 1246 καὶ
1060 1221 1184 1255 σπείρειν
1195 1221 1278 1248 πάλιν
1304 1222 1460 1257 ἀπάρχεται
1483 1223 1518 1249 τὰ
1536 1222 1588 1258 τῆς
1616 1223 1787 1253 ἀποστασίας

995 1265 1112 1299 ζιζάνια.
1135 1268 1162 1295 Ὀ
1173 1269 1202 1295 δὲ
1220 1269 1274 1297 τῶν
1286 1270 1443 1306 Καρχάρων
1455 1270 1607 1304 ἐπίσκοπος
1616 1271 1654 1307 (5)
1672 1271 1786 1309 (ᾏρχέ-

992 1311 1056 1343 λαος
1065 1313 1102 1347 (6)
1112 1314 1196 1340 αὐτοῦ
1208 1314 1306 1350 ὄνομα,
1317 1315 1386 1351 ἀνὴρ
1397 1315 1480 1351 ιερὸς,
1490 1316 1538 1342 καὶ
1548 1317 1612 1351 περὶ
1620 1317 1716 1350 λόγους
1723 1316 1787 1348 τούς

993 1367 1023 1384 τε
1037 1358 1127 1390 θείους
1139 1360 1185 1386 καὶ
1197 1360 1260 1392 τοὺς
1276 1360 1466 1395 ἀνθρωπίνους
1478 1361 1654 1397 περιδέξιος).
1664 1362 1785 1398 Ἐλληνι-

994 1404 1042 1430 κὸν
1057 1405 1090 1431 die
1097 1406 1257 1440 ροισάμενος
1276 1407 1470 1443 ἀκροατήριον,
1482 1407 1524 1434 ἵνα
1535 1408 1572 1444 μὴ
1580 1408 1644 1445 δόξῃ
1655 1409 1676 1435 Χ
1681 1417 1786 1444 ριστια-

995 1449 1048 1476 νῶν
1062 1452 1211 1486 κρινόντων
1221 1452 1363 1488 φιλοτιμίᾳ
1379 1453 1529 1488 λαμϐάνειν
1543 1455 1577 1480 τὰ
1601 1455 1750 1490 νικητήρια
1766 1455 1783 1490 ἡ

149 1503 212 1523 nem
226 1495 269 1530 pia
281 1495 478 1530 disputatione,
491 1493 683 1529 impiissimum
697 1493 836 1520 hominem
845 1493 882 1519 ita
892 1500 940 1527 pu-

995 1495 1118 1531 ἀλήθεια,
1129 1497 1249 1532 πρδςτὺν
1258 1497 1308 1532 τῆς
1322 1498 1422 1533 μανίας
1433 1498 1579 1533 ἐπώνυμον
1587 1500 1632 1526 τὸν
1643 1499 1694 1534 τῆς
1706 1500 1784 1527 εὐσε-

149 1541 282 1569 defecitet
289 1541 450 1572 confutavit,
461 1545 491 1568 ut
501 1540 566 1567 inde
575 1539 667 1567 statim
680 1538 840 1573 aufugeret,
857 1543 885 1566 et
894 1538 942 1566 de-

149 1587 277 1615 fectionis
297 1587 356 1621 ejus
383 1586 488 1614 semina
505 1585 608 1612 nullam
626 1585 663 1612 ibi
694 1585 814 1612 radicem
840 1592 944 1620 ponere

150 1639 271 1670 possent.
285 1634 352 1661 Ilinc
371 1633 501 1669 profugus
517 1634 608 1660 vicum
631 1632 777 1668 quemdam
794 1632 942 1668 ignobilem

151 1683 279 1714 occupat,
299 1680 392 1714 ibique
420 1686 527 1707 rursum
553 1678 722 1713 impietatem
744 1686 821 1706 suam
849 1678 943 1705 fovere

149 1731 178 1753 et
193 1726 347 1761 patefacere
361 1725 469 1761 satagit.
490 1725 543 1752 Sed
560 1725 671 1752 fervens
685 1723 731 1751 ille
749 1724 859 1759 pietatis
879 1732 943 1759 pro-

151 1776 284 1808 pugnator
302 1777 330 1798 et
342 1779 406 1798 vere
420 1774 514 1806 pastor
529 1770 681 1797 Archelaus
699 1778 762 1797 eum
777 1778 833 1798 non
854 1770 942 1797 modi-

150 1827 210 1847 cam
223 1819 314 1846 ovium
329 1826 421 1846 curam
437 1823 565 1858 gereret,_
573 1825 628 1844 non
645 1817 737 1853 segnis
750 1821 810 1844 erat
828 1817 855 1844 in
877 1824 939 1852 per-

149 1866 291 1901 sequendo
306 1873 349 1897 eo,
365 1865 411 1899 qni
429 1865 527 1892 saevior
554 1864 628 1898 lupo,
649 1864 678 1891 in
699 1871 809 1899 gregem
833 1864 940 1891 discer-

149 1911 266 1947 pendam
304 1911 499 1937 insurrexerat.
541 1908 724 1941 Quamobrem
764 1909 808 1936 ille
841 1909 939 1936 manias

149 1956 330 1992 cognominis,
344 1955 389 1991 qui
402 1955 537 1989 ejusmodi
551 1955 602 1982 viri
617 1954 790 1990 praesentiam
810 1962 864 1982 non
880 1955 939 1982 sine

149 2011 247 2038 magna
269 2002 405 2029 anxietate
422 2001 586 2034 sustinebat,
612 2000 727 2036 aufugit,
740 2005 769 2028 el.
794 2008 810 2028 e
824 2000 884 2028 Ioco
908 2001 937 2028 in

149 2050 239 2076 locum
261 2048 445 2083 transmigrat.
459 2047 528 2074 Dum
556 2047 597 2074 sic
613 2051 768 2082 vagaretur.
792 2047 937 2075 Persarum

149 2094 220 2129 regis
244 2093 385 2124 satellites.
413 2093 459 2128 qui
488 2096 578 2120 sectas
596 2095 654 2120 tum
672 2092 775 2127 ubique
796 2093 938 2128 perquire-

147 2141 225 2173 bant,
243 2139 473 2174 comprehensum
498 2139 641 2166 adducunt
659 2138 783 2166 vinctum
811 2139 846 2166 ad
861 2142 935 2172 eum,

995 1542 1072 1574 ϐείας
1079 1543 1339 1578 ἀνακινήσαςλόγον,
1349 1544 1421 1572 οὕτω
1430 1545 1602 1581 κατῄσχυνεν
1622 1546 1669 1573 καὶ¹
1679 1547 1789 1581 διήλεγδ

996 1586 1024 1618 ξε
1032 1587 1077 1613 τὸν
1086 1587 1228 1623 τρισαλιτή
1234 1596 1301 1623 ριον,
1317 1588 1355 1620 ὠς
1366 1588 1466 1615 αὐτίκα
1476 1597 1505 1615 τε
1514 1590 1610 1623 φυγεῖν
1621 1589 1659 1625 (7)
1668 1589 1784 1621 ἐκεῖθεν,

994 1633 1042 1660 καὶ
1061 1633 1128 1669 μηδὲ
1146 1634 1216 1670 φυὴν
1238 1634 1330 1662 λαϐεῖν
1359 1635 1393 1662 τὰ
1423 1637 1474 1671 τῆς
1497 1636 1667 1668 ἀποστασίας
1701 1635 1783 1663 αὑτοῦ

995 1678 1152 1714 σπέρματα.
1182 1678 1254 1706 Ἀλλ’
1287 1679 1391 1706 ἐκεῖθεν
1417 1680 1539 1716 ἀποδρὰς
1576 1682 1783 1716 καταλαμϐάνει

993 1724 1090 1760 κώμην
1109 1725 1170 1752 τινὰ
1183 1725 1238 1752 τῶν
1253 1726 1464 1754 εὐτελεστάτων.
1495 1727 1586 1755 Κάκεῖ
1602 1727 1683 1754 πάλιν
1708 1728 1778 1754 ὑπο-

993 1769 1106 1796 θὰλπειν
1136 1771 1293 1806 ἐμηχανᾶτο
1319 1771 1367 1798 καὶ
1394 1772 1607 1807 παραδεικνύειν
1625 1773 1656 1799 τὸ
1682 1774 1783 1801 οἰκεῖον

992 1813 1161 1850 δυσσέϐημα.
1184 1815 1255 1841 Ἀλλ’
1279 1816 1293 1842 ὁ
1307 1815 1408 1852 θερμὸς
1421 1817 1471 1852 τῆς
1488 1817 1628 1849 εὐσεϐείας
1640 1818 1679 1854 (8)
1695 1818 1782 1854 ὑπέρ-

993 1869 1089 1895 μαχος,
1110 1861 1157 1888 καὶ
1183 1859 1221 1893 ὡς
1242 1860 1352 1896 ἀληθῶς
1380 1863 1483 1898 ποιμὴν
1506 1863 1662 1899 Ἀρχέλαος,
1680 1865 1710 1892 οὐ
1732 1865 1781 1901 τὴν

990 1907 1124 1942 τυχοῦσαν
1135 1907 1190 1934 τῶν
1206 1908 1356 1943 προϐάτων
1373 1908 1536 1943 ποιούμενος
1560 1911 1702 1945 πρόνοιαν,
1730 1912 1780 1938 οὐκ

989 1952 1173 1989 ὲνεῤῥᾳθύμει
1201 1953 1310 1980 διώκειν
1333 1954 1378 1980 τὸν
1405 1954 1568 1990 πικρότερον
1598 1955 1681 1983 λύκου
1694 1956 1732 1993 (9)
1750 1957 1781 1984 τὸ

989 1999 1116 2034 ποίμνιον
1135 1999 1353 2034 διασπαράσσειν
1373 1999 1603 2036 ἐπανιστάμενον.
1625 2002 1670 2028 Διὺ
1698 2003 1779 2030 πάλιν

988 2045 1104 2078 ἐκεῖθεν,
1123 2046 1137 2071 ὖ
1161 2044 1212 2080 τῆς
1240 2045 1339 2080 μανίας
1351 2045 1507 2080 ἐπώνυμος,
1531 2047 1586 2074 οὐδ’
1617 2048 1703 2084 αὐτὴν
1728 2049 1779 2085 τὴν

988 2090 1141 2126 παρουσίαν
1163 2090 1228 2118 ἄνευ
1252 2091 1376 2126 μεγάλης
1407 2091 1529 2126 ἀγωνίας
1561 2092 1682 2126 ὑποστὰς
1708 2094 1777 2122 ἀπο-

987 2125 1136 2173 διδράσκει,
1152 2137 1200 2164 καὶ
1226 2125 1308 2165 *εἶπον
1335 2125 1368 2165 ἐκ
1386 2125 1471 2165 τόπου
1491 2138 1646 2175 διήμειϐεν,
1673 2125 1706 2168 γὲν
1735 2139 1777 2173 οἷς

689 2195 807 2224 VARI/F1
821 2195 1011 2224 LECTIONES
1030 2195 1076 2223 ET
1095 2195 1211 2224 NOTAE.

184 2242 221 2278 (2)
243 2242 458 2276 Ἀπετόλμησε.
475 2243 514 2270 Ita
528 2242 589 2278 lego
612 2251 674 2270 cum
701 2248 797 2270 nostro
822 2248 849 2271 et
874 2243 935 2270 (Iol—
951 2243 974 2271 Ι)
989 2247 1105 2278 uterque
1124 2242 1151 2270 in
1166 2242 1313 2278 praemissis
1335 2243 1367 2271 de
1393 2243 1528 2271 Archelao
1553 2250 1678 2273 veterum
1695 2248 1774 2275 testi-

148 2277 269 2308 bertino.
285 2286 334 2313 pro
354 2285 407 2312 quo
423 2277 616 2313 Coislinianus,
636 2286 717 2305 sensu
741 2286 855 2313 prorsus
868 2286 932 2305 eon-

148 2313 243 2344 trario,
262 2312 312 2340 nec
323 2313 358 2340 ob
374 2317 533 2340 contextum
555 2312 669 2340 ferendo
683 2313 765 2340 habet
781 2313 831 2339 οὑκ
856 2313 932 2340 ἐτόλ-

148 2357 231 2388 μησε.
240 2348 357 2375 Omnino
367 2348 440 2374 enim
451 2348 488 2388 id_,
500 2348 572 2388 quod
585 2347 712 2388 referti",
724 2347 936 2388 audebathomo

148 2383 257 2418 impius.
273 2388 401 2417 et,quam
411 2383 629 2418 νοιᾰποτολμᾷν
640 2383 733 2415 infert,
753 2383 849 2411 effreni
869 2391 936 2418 qua-

149 2419 212 2444 dam
228 2419 351 2444 audacia.

168 2426 212 2445 am
228 2426 351 2445 aIanCIﬂ.

195 2453 221 2471 Ἄ
241 2453 295 2471 Ai'nn
316 2452 362 2471 an)
389 2451 463 2471 λένῃ
509 2451 584 2471 Nnmi

185 2453 221 2489 (5)
238 2453 295 2479 Δύο
316 2452 364 2479 καὶ
389 2451 476 2479 δέκα.
508 2451 622 2479 Nomina
648 2461 744 2480 eorum
774 2453 833 2488 lege
863 2453 936 2488 apud

145 2487 258 2515 Petrum
271 2487 404 2523 Siculum,
420 2495 448 2522 p.
461 2487 513 2520 30;
529 2491 557 2514 et
569 2493 703 2519 nostrum,
721 2488 734 2523 §
752 2488 804 2523 HL,

185 2524 223 2558 (4)
241 2522 465 2558 Ὲξήλςιυνεκιιιι
477 2530 509 2549 ex
522 2527 616 2549 nostro
630 2531 678 2556 pro
691 2522 806 2557 simplici
823 2523 934 2558 ἧλαυνε.

184 2556 222 2592 (5)
240 2556 590 2592 Κᾳρχάρωνγέπίσκοπος.
616 2558 655 2585 Ita
677 2566 692 2585 a
711 2556 840 2592 pluribus
854 2566 936 2585 voca-

149 2591 192 2620 tur
213 2591 371 2628 Archelaus,
393 2591 568 2624 Carrharum,
595 2593 666 2628 quod
684 2591 834 2628 genuinum
860 2593 935 2621 urbis

148 2635 248 2655 nomen
265 2632 317 2658 est.
330 2626 482 2661 cpiscopus.

185 2662 222 2697 (ti)
247 2662 415 2696 Ἀρχέλαος.
445 2661 534 2697 IIujus
559 2662 712 2697 Disputatio
736 2671 796 2690 cum
824 2662 935 2691 Manete

147 2698 221 2725 edita
238 2705 312 2724 nunc
327 2701 416 2724 exstat
445 2698 471 2723 in
502 2697 583 2724 Laur.
614 2698 763 2725 Alexandri
793 2698 932 2731 Zacagnii.

147 2732 321 2760 Collectaneis
340 2732 567 2759 Monttmeutorum
590 2733 720 2765 Veterum,
738 2734 830 2760 Romae
856 2735 932 2764 1698,

147 2768 239 2804 editis,
254 2767 402 2804 hinenvero
415 2768 443 2804 in
457 2767 631 2804 volumine__ll
655 2767 774 2804 Operam
798 2768 933 2804 Hippolyti

147 2810 161 2829 a
192 2803 281 2830 celeb.
314 2802 439 2839 Fabricio
467 2807 562 2829 nostro
588 2802 744 2839 Hambnrgi,
774 2802 931 2836 anCI7l'8,

146 2842 259 2873 curato;
273 2838 394 2872 mihique
406 2846 455 2873 pro
464 2846 508 2869 eo,
528 2845 582 2872 quo
599 2838 624 2864 in
637 2846 680 2866 me
693 2838 780 2866 fertur
800 2847 892 2867 amore
901 2848 934 2867 ac

147 2872 349 2906 benevolentia,
373 2872 517 2908 inScriplo,
536 2881 562 2908 p.
598 2873 648 2900 154
676 2881 753 2908 seqq.
773 2874 843 2910 Lege
871 2883 931 2910 quae

988 2279 1098 2315 mopiis,
1112 2286 1227 2312 quaeque
1241 2279 1377 2315 posterior
1395 2278 1421 2305 in
1437 2278 1559 2307 Bibliollt.
1574 2281 1666 2309 (ἕνεκα
1681 2281 1727 2308 lih.
1747 2291 1774 2315 v,

988 2321 1014 2351 ρ.
1031 2313 1094 2351 2112,
1117 2314 1293 2351 commentati
1318 2317 1392 2351 sunt.
1413 2321 1488 2351 nec”
1501 2319 1604 2342 temere
1628 2313 1774 2351 quidquam

988 2348 1169 2386 desiderabis.
1190 2348 1261 2386 Inter
1276 2348 1435 2386 testimonia
1446 2349 1506 2386 __illa
1536 2348 1644 2377 exstant
1665 2348 1774 2386 quoque

986 2383 1051 2410 bina
1068 2382 1157 2416 Photii
1173 2383 1258 2410 nostri
1276 2383 1345 2415 loca,
1368 2390 1429 2410 cum
1445 2384 1612 2412 Holsteniaui
1631 2382 1718 2413 noétri
1731 2382 1775 2414 ’1ο-

988 2418 1080 2457 ctione
1094 2419 1436 2457 prorsusconsentientia,
1455 2420 1505 2457 nisi
1519 2421 1650 2457 quodpro
1663 2421 1775 2457 Καρχά-

988 2430 1080 2446 cllum:
1095 2430 1205 2452 prunus
1221 2430 1436 2449 uutlsunut‘utla,
1455 2430 1505 2446 IIISI
1519 2430 1590 2454 (μιου
1602 2430 1650 2455 pro
1663 2430 1705 2448 na
1727 2430 1758 2457 χο

988 2462 1043 2493 ρῳν
1068 2454 1175 2493 legatur
1192 2450 1461 2493 Χαρχάρωνιηεὶειιι
1483 2453 1667 2482 Coislinianus
1693 2430 1758 2493 λῖαρ

968 2506 974 2510 -
987 2489 1078 2523 χάρων
1096 2489 1303 2515 mcndoSissime
1320 2488 1437 2515 exhibet.

1023 2524 1060 2558 (7)
1075 2525 1108 2550 Τε
1132 2523 1305 2560 φυγεῖνηιιιι
1333 2531 1435 2560 repono
1465 2531 1497 2551 ex
1523 2529 1617 2552 nostro
1637 2534 1687 2560 pro
1707 2536 1774 2554 κατ-

991 2557 1103 2592 έφυγεν,
1123 2559 1195 2593 quod
1217 2559 1299 2586 habet
1321 2559 1362 2586 Cl.
1388 2558 1608 2587 Montl'auconius
1620 2557 1651 2587 ei
1675 2561 1773 2590 Coisli-

987 2594 1081 2631 niano.
1098 2593 1222 2631 Nostram
1246 2593 1392 2631 lectionem
1415 2594 1515 2631 astruit
1529 2595 1681 2631 Zacagnius
1703 2597 1721 2623 1.
1733 2605 1772 2631 c.,

987 2628 1041 2689 imq
1064 2629 1204 2689 sttéquentia
1227 2629 1274 2655 καὶ
1291 2629 1359 2664 μηδὲ
1374 2629 1445 2664 φυὴν
1460 2629 1553 2656 λαϐεῖν
1575 2628 1688 2658 omnino
1720 2628 1771 2667 po;

987 2669 1028 2689 5111
1043 2672 1076 2689 an
1094 2684 1100 2689 .

987 2668 1100 2690 stulant.

987 2733 992 2739 λ
1022 2700 1060 2733 (8)
1076 2698 1248 2739 Ερσεῦείᾳς,
1270 2698 1391 2739 Pietatis,
1407 2706 1458 2734 pro
1482 2707 1537 2735 quo
1561 2701 1703 2735 impietatis
1721 2710 1772 2729 vox

987 2737 1012 2760 in
1031 2737 1185 2761 versionem
1202 2737 1360 2768 irrepserat.

1022 2769 1060 2804 (9)
1070 2770 1250 2803 Πικρότερον
1260 2769 1368 2796 λύκου.
1386 2768 1424 2797 Ita
1441 2770 1521 2797 malui
1538 2779 1571 2798 ex
1593 2775 1772 2802 nostro.eum

985 2812 1040 2838 quo
1051 2809 1087 2841 et;
1095 2805 1234 2841 conspirat
1253 2803 1420 2841 _Za>cagnius,
1437 2813 1486 2839 pro
1504 2807 1666 2841 πικρότερον
1679 2806 1772 2838 λύκον,

985 2840 1058 2880 quod
1082 2839 1164 2872 habet
1175 2839 1382 2877 ‘Coislinianus.
1409 2840 1513 2868 Sensus
1533 2839 1560 2868 id
1589 2839 1701 2870 omnino
1723 2842 1771 2869 Ila-

986 2879 1063 2911 gnat.
