1931 3082
152 138 188 170 43
719 131 853 162 ΡΗΟΤΙΙ
871 127 1129 162 ΡΑΤΒΙΑΒΟΗΕ
1148 127 1203 158 CP.
1748 125 1784 157 44

152 194 238 227 leant;
255 197 313 220 tum
340 190 413 226 quod
444 187 711 217 irrationabilitatcm
736 191 940 223 praceptorum

1000 193 1047 212 στα
1058 184 1110 218 τῆς
1124 183 1214 210 αὐτῶν
1235 181 1395 214 δυσσεϐείας
1408 181 1672 218 παρακατασχόντας
1688 182 1785 218 ἀνέχε-

151 238 302 268 ratiociniis
321 237 456 272 subjicere
468 243 523 263 non
539 234 655 271 possint,
688 239 746 261 tum
763 233 845 261 etiam
867 231 940 267 quod

151 288 276 313 metuant
289 287 317 311 et
340 286 464 314 caveant,
491 289 527 308 ne
553 279 734 316 opprobrium
761 279 847 306 risum
859 282 941 313 atque

151 331 245 359 odium
268 329 341 365 apud
365 335 461 356 omnes
484 326 537 354 sibi
571 326 729 354 concilient.
755 323 940 358 Quamobrem
963 362 966 364 _

153 377 213 404 hac
226 384 314 411 nuper
328 379 424 402 exorta
449 377 573 400 veterum
595 371 701 399 illorum
729 369 942 399 abominationis

152 422 292 450 seminum
310 420 459 451 fruticatio,
477 422 507 445 ιιι
523 425 606 453 supra
620 417 748 450 diximus,
759 424 820 452 quae
837 416 872 444 ab
887 415 941 442 illis

151 467 216 495 olim
229 466 366 502 magistris
381 465 482 499 scripto
502 463 555 490 sibi
567 463 666 491 tradita
683 467 758 496 sunt.
774 470 864 497 neque
881 469 942 489 am-

151 514 320 549 plectuntur,
340 519 429 546 neque
448 509 634 543 tuentur;sed
646 510 680 537 iis
694 509 781 536 solum
797 516 826 536 se
853 507 942 535 adhae‘

154 567 214 587 rcre
229 559 305 586 vafre
329 561 357 584 et
368 557 464 584 callide
477 556 617 587 simulant,
643 556 670 582 in
686 555 786 590 quibus
802 554 942 582 Dominica

151 605 260 632 oracula
277 609 305 631 et
321 603 412 639 magni
422 602 537 638 apostoli
553 601 629 629 Pauli
652 600 780 637 Epistolas
800 600 943 636 descripta:

151 655 228 683 sunt;
241 649 380 677 nonnullis
394 649 476 676 etiam
489 649 555 676 Acta
565 648 752 683 apostolorum
761 652 789 674 et
801 646 942 674 catholicae

152 695 290 731 Epistolze.
309 699 407 730 praeter
430 702 487 727 eas,
515 702 577 729 quze
599 693 736 729 coryphzei
758 693 853 728 (Petri)
865 697 942 726 sunt,

151 741 344 768 admittuntur.
363 739 527 774 Huiusmodi
542 746 618 766 sacra
641 738 750 773 eloquia
766 738 837 765 tueri
858 745 888 765 se
905 737 943 765 si-

151 786 268 817 mulant,
285 790 371 813 uteos
380 785 426 820 qui
440 785 512 812 circa
523 784 597 819 piam
609 785 769 820 religionem
787 783 944 812 hebetiores

151 836 179 860 et
193 831 375 866 imperitiores
387 835 462 863 sunt.
476 830 584 858 facilius
597 830 724 865 decipere
741 834 852 865 queant,
865 829 943 865 quasi

992 230 1056 257 σθαι
1073 229 1121 256 τοῦ
1138 228 1235 256 λοιποῦ
1263 227 1389 263 στέργειν
1407 227 1501 255 ἐκεῖνα
1523 227 1572 255 καὶ
1592 228 1783 264 ἀποδέχεσθαι,

990 276 1069 303 τοῦτο
1086 275 1135 311 μὲν
1147 276 1178 302 τὸ
1201 273 1405 310 ἀνυπέρϐλητον
1426 274 1476 309 τῆς
1496 273 1640 309 βδελυρίας
1662 274 1694 301 ού
1724 275 1785 302 στέ-

990 331 1090 358 γοντας
1099 321 1166 357 (15),
1182 320 1262 348 τοῦτο
1276 321 1305 347 δὲ
1327 320 1382 347 τῶν
1403 320 1626 357 προσταγμάτων
1641 319 1672 346 τὸ
1690 319 1785 355 ἀλόγι-

992 380 1055 398 στον
1063 371 1205 406 λογισμοῖς
1217 369 1380 397 ὑποϐάλλειν
1394 369 1445 396 οὐκ
1455 369 1578 405 ἔχοντας,
1593 368 1673 396 τοῦτο
1696 368 1725 396 δὲ
1737 369 1785 396 τὸν

991 417 1068 453 παρὰ
1080 418 1164 444 πᾶσιν
1176 416 1277 443 ϐνειδον
1295 415 1343 443 καὶ
1363 415 1412 451 τὴν
1432 415 1543 451 χλεύην,
1567 415 1615 443 καὶ
1634 415 1681 442 τδν
1703 415 1787 443 κατά-

991 463 1079 498 γελων
1102 462 1150 489 καὶ
1181 461 1211 488 τὸ
1231 462 1310 497 μῖσος
1342 460 1437 497 ὥσπερ
1468 460 1713 496 διευλαϐουμένους
1738 463 1787 487 καὶ

991 508 1199 540 ἀποκλίνοντας.
1220 508 1270 535 Διά
1285 507 1366 534 τοῦτο
1382 507 1430 535 καὶ
1446 507 1516 543 αὓτη
1542 508 1560 543 ἡ
1579 506 1714 543 νεοφανὴς
1728 506 1784 534 τῶν

992 554 1117 581 παλαιῶν
1132 553 1246 581 ἐκείνων
1263 555 1312 589 τῆς
1333 553 1478 589 βδελυρίας
1499 553 1664 589 σπερμάτων
1688 561 1781 587 παρα-

996 601 1079 636 φυὰς,
1097 599 1192 636 ὥσπερ
1210 600 1259 627 καὶ
1273 599 1390 636 πρόσθεν
1404 600 1521 636 ἔφημεν,
1542 599 1578 626 τὰ
1591 599 1656 635 παρ’
1673 598 1785 626 ἐκείνων

993 647 1046 674 τῶν
1075 647 1246 674 διδασκάλων
1282 647 1432 682 ἐγγράφως
1450 648 1545 679 αὐτοῖς
1579 645 1783 681 συντεταγμένα

993 694 1024 720 οὐ
1065 693 1114 728 μὲν
1143 691 1190 721 οὖν
1226 693 1277 721 οὐκ
1305 693 1461 728 ἀγαπῶσιν,
1491 693 1554 720 οὐδὲ
1585 692 1775 728 περιέπουσιν,

1005 739 1075 766 Ἀλλ’
1089 739 1205 772 ἐκείνοις
1222 739 1312 775 μόνοις
1321 739 1484 775 κακούργως
1501 739 1546 765 καὶ
1557 737 1686 774 πονηρῶς
1702 744 1787 774 προσο

994 785 1102 821 ανέχειν
1138 785 1368 818 ὑποπλαττονται,
1406 786 1436 812 έν
1477 781 1516 817 οἷς
1551 784 1586 811 τά
1603 792 1634 810 τε
1656 783 1785 818 Κυριακὲ

995 831 1205 867 ἀναγέγραπται
1233 831 1312 866 λόγια
1342 832 1391 858 καὶ
1412 831 1460 858 τοῦ
1491 831 1610 866 μεγάλου
1636 830 1787 857 ἀποστόλου

151 877 185 904 ab
203 865 264 912 ipso
274 876 385 904 Christo
401 881 428 904 et
442 884 457 903 a
473 875 616 911 discipulis
641 875 701 911 ejus
728 883 760 904 ea
776 875 942 911 receperint,

1000 865 1138 904 Παύλου-αι
1155 865 1322 911 Ἐπιστολαὶ,
1335 878 1382 904 καὶ
1393 878 1458 913 παρ’
1469 865 1551 908 ἐνίοις
1565 876 1620 903 τῶν
1631 875 1788 903 ἀποστόλων

151 930 212 958 quae
226 922 387 951 defectionis
401 929 458 950 sua:
474 922 580 949 insania
596 921 712 957 peperit.

997 923 1025 949 αῑ
1041 922 1169 958 Πράξεις.
1185 923 1232 950 καὶ
1245 922 1299 949 τῶν
1322 922 1483 950 Καθολικῶν
1496 922 1558 949 ὅσαι
1579 920 1655 958 παρὰ
1674 920 1723 953 τὰς
1739 920 1788 948 τοῦ

152 970 301 1007 κορυφαίου
316 970 507 1005 τυγχάνουσιν.
531 969 641 997 Τούτων
655 969 683 996 δὲ
708 969 762 996 τῶν
791 968 872 1004 ἱερῶν
907 970 1107 998 ἀντιποιεῖσθαι
1137 970 1351 1007 σχηματίζονται
1374 970 1484 1005 λογίων,
1514 970 1552 1002 ὡς
1572 970 1605 997 ἂν
1626 970 1713 1005 ἔχοιεν
1738 971 1789 1006 ρᾳ-

151 1019 216 1049 δίως
231 1017 370 1053 ὲξαπατᾷν
381 1018 445 1049 τοὺς
459 1016 644 1052 νωθεστέρους
656 1024 687 1042 τε
715 1015 784 1052 πρὸς
804 1015 946 1043 εὐσέϐειαν
981 1017 1030 1044 καὶ
1052 1017 1270 1053 ἀμαθεστέρους,
1296 1017 1335 1050 ὡς
1357 1019 1424 1053 παρ’
1446 1017 1530 1045 αὐτοῦ
1550 1016 1669 1053 Χριστοῦ
1691 1016 1787 1052 εῐησαν

152 1061 353 1099 παρειληφότες
365 1062 412 1089 κα)⁸
426 1062 480 1088 τῶν
498 1061 581 1088 αὐτοῦ
600 1061 741 1097 μαθητῶν,
768 1060 787 1088 ἃ.
804 1061 855 1096 τῆς
869 1061 1039 1094 ἀποστασίας
1054 1063 1146 1096 αὐτοῖς
1161 1064 1297 1092 ἀπέτεκεν
1310 1065 1327 1100 ὴ
1341 1064 1464 1091 ἀπόνοια.

188 1108 246 1136 XV.
261 1108 311 1136 Hic
320 1109 410 1144 itaque
424 1107 525 1139 Manes,
541 1112 622 1135 tanta:
633 1106 795 1135 defectionis
803 1107 944 1143 princeps,

152 1164 225 1184 anno
248 1155 385 1183 Valeriani
406 1158 434 1181 et
475 1152 599 1186 Gallieni,
624 1152 717 1181 Romae
738 1153 944 1188 imperatorum,

152 1209 227 1229 nono
241 1209 256 1229 e
271 1200 396 1228 custodia
412 1198 558 1227 Persarum
567 1198 673 1234 elapsos
682 1198 761 1234 (nihil
772 1198 844 1226 enim
856 1199 944 1234 impe-

153 1247 203 1278 dit.
215 1246 362 1282 quominus
384 1253 416 1273 ea
430 1253 637 1281 persequamur,
652 1253 713 1280 qua:
727 1253 809 1280 supra
823 1245 944 1273 historiae

153 1294 240 1321 series
255 1292 457 1329 prmtermisit),
473 1297 501 1320 et
513 1292 541 1319 in
557 1292 778 1327 Mesopotamiam
796 1292 944 1327 profectus,

153 1348 170 1368 a
183 1339 276 1368 divino
290 1339 436 1372 Archelao,
457 1343 553 1366 sancto
570 1338 640 1371 viro,
655 1338 701 1373 qui
715 1342 773 1365 tum
792 1338 944 1366 Carcharo-

154 1396 216 1415 rum
236 1388 264 1415 in
278 1394 309 1414 ea
324 1387 436 1423 regioue
457 1386 557 1422 praesul
576 1389 645 1419 erat,
671 1385 763 1413 multis
784 1385 945 1422 magnisque

154 1436 251 1460 contra
265 1431 434 1467 impietatem
451 1438 529 1458 suam
542 1430 711 1466 argumentis
726 1429 881 1466 exagitatus
891 1435 943 1459 est.

1035 1108 1084 1136 lE'.
1108 1109 1137 1136 '0
1155 1110 1204 1145 μὲν
1218 1107 1265 1136 οὖν
1290 1109 1387 1145 Μάνης
1405 1106 1482 1141 οὗτος
1506 1109 1521 1136 6
1550 1109 1601 1145 τῆς
1621 1108 1790 1145 τηλικαύτης

998 1154 1167 1188 ἀποστασίας
1187 1155 1243 1191 (16)
1268 1155 1402 1191 ἐξάρχων,
1423 1155 1478 1182 ἔτει
1497 1154 1554 1190 (17)
1577 1155 1628 1190 τῆς
1646 1155 1788 1190 βασιλείας

997 1201 1100 1237 ἐννάτῳ
1123 1200 1307 1236 Οὐαλεριανοῦ
1320 1200 1376 1236 (18)
1399 1201 1446 1227 καὶ
1461 1200 1480 1226 Γ
1481 1199 1605 1235 αλιηνοῦ,
1626 1199 1651 1227 οἶ
1677 1199 1790 1235 Ῥώμης

999 1242 1072 1280 εῐχον
1089 1245 1121 1272 τὸ
1135 1245 1270 1281 βασίλειον
1283 1245 1396 1282 κράτος,
1412 1245 1463 1280 τὴν
1478 1246 1508 1271 ὲν
1524 1245 1646 1280 Πέρσαις
1661 1244 1787 1280 φυλακὴν

999 1292 1138 1327 διαφυγὼν
1160 1292 1246 1326 (οὐδὲν
1270 1293 1324 1328 γὰρ
1342 1291 1442 1319 κωλύει
1463 1291 1589 1322 διελθεῖν,
1608 1291 1626 1318 ἃ
1642 1291 1691 1326 τῆς
1716 1291 1789 1318 lato-

1000 1338 1061 1374 ρίας
1073 1339 1088 1364 6
1102 1337 1202 1373 δρόμος
1211 1337 1352 1373 παρῆλθεν
1367 1336 1496 1371 ἄνωθεν),
1511 1337 1559 1363 καὶ
1574 1337 1645 1364 κατὰ
1664 1337 1790 1364 Μεσοπο-

999 1384 1101 1419 ταμίαν
1115 1383 1247 1418 γεγονὼς,
1265 1383 1317 1412 ὑπὸ
1342 1383 1390 1410 τοῦ
1407 1383 1465 1419 (19)
1477 1383 1621 1410 θεσπεσίου
1643 1383 1789 1419 Ἀρχελάου

999 1430 1165 1466 (Καρχάρων
1178 1430 1207 1457 δὲ
1225 1431 1276 1466 τῆς
1289 1430 1376 1465 αὐτῆς
1397 1430 1488 1466 χώρας
1502 1428 1580 1462 οὗτος
1595 1431 1609 1457 6
1625 1430 1696 1466 ἱερὸς
1719 1431 1789 1465 ἀνὴρ

154 1479 243 1514 Atque
274 1477 337 1505 inde
357 1477 494 1513 insperato
522 1476 643 1504 suﬁusus
668 1476 790 1512 pudore,
813 1475 945 1512 profugus

1000 1475 1094 1512 ἔφορος
1108 1474 1154 1512 ἦν)
1171 1475 1286 1507 πολλοὺς
1301 1477 1350 1511 μὲν
1371 1476 1417 1503 καὶ
1440 1477 1575 1512 μεγάλους
1589 1476 1718 1511 ἐλέγχους
1735 1477 1784 1510 τῆς

155 1524 304 1555 Diorldem.
324 1523 525 1551 Carcharorum
547 1523 651 1555 vicum,
671 1522 745 1550 subit
771 1530 778 1548 :
801 1528 883 1557 atque
906 1523 945 1550 ibi

155 1578 218 1599 cum
250 1571 398 1606 'l'ryphone
420 1570 557 1605 quodam,
584 1573 698 1597 strenuo
726 1572 755 1596 et
779 1576 858 1596 sacro
876 1569 946 1602 viro,

155 1617 359 1653 presbyteratus
375 1616 486 1652 gradum
502 1616 654 1649 obtinente,
671 1623 844 1653 congressus,
853 1623 948 1652 parem

156 1663 241 1691 subiit
262 1670 374 1695 casum;
389 1662 443 1690 imo
458 1662 542 1690 etiam
561 1662 620 1698 ipse
639 1662 800 1696 Archelaus,
824 1669 887 1689 cum
903 1669 948 1689 se-

155 1710 300 1738 ductorem
318 1717 353 1737 eo
367 1716 396 1737 se
411 1708 549 1744 recepisse
559 1709 702 1744 comperit,
717 1716 780 1737 acer
792 1708 892 1744 quippe
907 1708 949 1735 vir

157 1760 226 1788 erat,
241 1760 270 1783 et
284 1756 331 1791 pio
356 1755 448 1783 studio
465 1754 637 1787 movebatur,
657 1754 749 1782 statim
764 1754 791 1782 in
811 1754 904 1782 vicum
919 1760 949 1781 se

157 1802 288 1834 contulit;
303 1809 336 1829 ac
351 1806 495 1837 postquam
507 1800 681 1828 seductorem
699 1800 774 1827 illum
796 1799 824 1827 in
838 1806 950 1835 magnas

159 1853 302 1884 angustias
317 1852 346 1876 et
366 1847 394 1875 in
412 1847 556 1883 pudorem,
572 1855 588 1874 a
608 1854 662 1882 quo
679 1846 844 1879 declinabat,
858 1845 951 1880 conje-

158 1894 255 1928 cisset,
267 1903 301 1923 ac
315 1895 483 1923 exsecranda
497 1894 557 1929 ejus
569 1893 697 1930 dogmata
711 1893 865 1924 evertisset,
883 1899 951 1920 con-

157 1940 339 1976 futassetque.
358 1941 506 1976 virumque
523 1940 652 1968 omnibus
674 1938 853 1967 deridendum
872 1938 949 1966 dete-

158 1986 343 2022 standumque
358 1986 542 2022 propinasset,
557 1993 621 2013 eum
636 1985 670 2013 ad
679 1984 772 2021 fugam
784 1985 875 2012 denuo
888 1992 951 2020 per-

159 2033 240 2068 pulit,
263 2033 293 2061 in
313 2041 367 2069 qua
395 2033 470 2068 quod
488 2036 517 2061 et
536 2031 665 2066 diximus,
691 2039 707 2060 a
728 2031 950 2067 perquirentibus

1000 1523 1159 1555 δυσσεϐείας
1173 1522 1314 1559 ἀπῃτήθη,
1339 1523 1459 1550 Ἐκεῖθεν
1481 1523 1509 1550 δὲ
1524 1523 1569 1550 διὰ
1593 1523 1643 1559 τὴν
1657 1522 1790 1558 ἀδόκητον

1000 1569 1131 1606 αίσχύνην
1145 1569 1277 1606 ἀποδράς,
1298 1570 1338 1602 εἰς
1354 1570 1471 1605 Διωρίδα
1492 1570 1548 1605 (20)
1563 1563 1719 1607 καρχάρων
1735 1568 1790 1596 κώ·

1002 1624 1056 1652 μην
1068 1616 1226 1643 ἀποδύεται.
1252 1615 1298 1642 Ἐν
1308 1615 1393 1652 ταύτῃ
1410 1616 1467 1652 (21)
1484 1616 1513 1643 δὲ
1523 1616 1651 1652 Τρύφωνι
1667 1615 1722 1651 (22)
1737 1624 1790 1643 τινι

1001 1661 1149 1697 σπουδαίῳ,
1165 1660 1231 1698 ἱερῷ
1247 1661 1296 1696 μὲν
1312 1661 1403 1697 ἀνδρὶ,
1419 1661 1467 1687 τὸν
1486 1661 1513 1688 δὲ
1527 1660 1575 1687 τοῦ
1598 1660 1787 1697 πρεσϐυτέρου

1000 1705 1121 1733 διέποντι
1137 1704 1240 1741 βαθμὸν
1251 1705 1382 1741 ἐντυχὼν,
1396 1706 1431 1732 τὰ
1443 1706 1488 1733 ῐσα
1505 1706 1620 1742 ὑπέστη.
1634 1706 1708 1741 Πλὴν
1722 1706 1793 1732 ἀλλὰ

1000 1753 1049 1779 καὶ
1076 1751 1159 1783 αὐτός
1170 1759 1203 1786 γε
1219 1752 1234 1778 6
1259 1751 1406 1787 Ἀρχέλαος
1425 1752 1475 1788 τὴν
1500 1753 1589 1780 εχεῑσε
1613 1751 1791 1788 παρείσδυσιν

1000 1797 1047 1824 τοῦ
1075 1797 1178 1824 πλάνου
1198 1796 1292 1832 μαθὼν
1320 1797 1394 1833 (ὀξὺς
1410 1798 1465 1833 γὰρ
1490 1796 1525 1834 ἦν
1552 1798 1600 1825 καὶ
1623 1798 1725 1833 θερμὸς
1745 1798 1791 1824 τὸν

1001 1843 1101 1879 εὐσεϐῆ
1115 1843 1220 1879 ζῆλον),
1236 1843 1482 1880 καταλαμϐάνειτδ
1498 1844 1609 1881 χωρίον,
1624 1844 1671 1872 καὶ
1691 1844 1792 1879 πολλῆς

1003 1890 1149 1926 ἐμπλήσας
1165 1889 1211 1916 τὺν
1233 1889 1335 1917 πλάνον
1367 1891 1537 1926 ἀμηχανίας,
1552 1892 1601 1918 καὶ
1625 1891 1659 1927 ὴν
1675 1891 1791 1926 ἔφευγεν

1003 1935 1148 1972 αἰσχύνης,
1165 1933 1206 1968 οἷς
1221 1936 1305 1963 αὐτοῦ
1320 1935 1355 1963 τὰ
1373 1937 1484 1972 μυσαρὰ
1503 1937 1559 1963 τῶν
1584 1938 1727 1973 δογμάτων
1742 1938 1787 1963 ἀν-

1004 1982 1103 2019 έτρεπέ
1128 1991 1158 2010 τε
1175 1982 1223 2010 καὶ
1240 1982 1419 2016 ἀνεσκεύαςε,
1434 1983 1482 2010 καὶ
1499 1983 1638 2019 προύτίθει
1657 1984 1725 2011 πᾶσι
1743 1983 1792 2016 γέ-

1003 2029 1080 2058 λωτά
1093 2038 1124 2057 τε
1142 2030 1189 2057 καὶ
1201 2029 1357 2066 βδέλυγμα,
1373 2029 1577 2065 παρασκευάζει
1588 2029 1669 2058 πάλιν
1685 2029 1793 2066 φυγάδα

704 2140 824 2170 νΑῐιῐΑῑ
843 2140 1040 2169 LECTIONES
1058 2139 1102 2168 ET
1121 2139 1236 2169 NOTJE.

196 2251 310 2289 (15_)_Q_b
336 2250 511 2289 στέτρῂτᾳς.
539 2249 638 2289 Noster
662 2249 728 2289 legit
741 2249 789 2289 _06
820 2249 946 2289 στέργον-

1000 2254 1118 2289 uterque
1142 2251 1273 2289 mendose

160 2284 221 2320 τας.
236 2284 326 2314 Malim
341 2284 408 2314 vero
419 2286 496 2320 illud,
513 2286 598 2313 menti
615 2284 763 2320 Scriptoris
780 2289 811 2312 ut
827 2284 946 2316 videtur,

162 2322 380 2352 convenientins.
399 2321 483 2349 Haesit
500 2321 571 2348 forte
589 2321 618 2348 in
634 2320 739 2348 librarii
761 2320 895 2348 memoria
917 2320 948 2347 τὺ

162 2358 288 2392 στέργειν
301 2357 424 2392 proxime
435 2356 612 2392 antecedens.

196 2390 253 2428 (16)
273 2390 472 2425 Ἀὲεοστασίας
488 2391 635 2428 ἐξάρχων.
653 2390 692 2418 Ita
712 2390 797 2428 malui
816 2398 879 2428 cum
901 2398 951 2418 no-

162 2425 337 2462 stro,'quan1
358 2435 420 2454 cum
445 2427 614 2455 Coisliniano
630 2425 949 2462 ἁποστάσξωςγὲξαρχος,

161 2461 287 2499 quamvis
300 2463 419 2499 quodrad
439 2470 550 2499 sensum
560 2462 640 2499 dnihil
667 2461 785 2489 intersit.
802 2461 953 2497 Zacagriius

160 2497 194 2527 ex
209 2506 260 2526 suo
276 2497 358 2525 habet
371 2497 540 2534 άποστασίας
558 2497 683 2534 ἔξαρχος.

198 2533 255 2570 (17)
271 2534 364 2560 Ἔτει.
380 2532 418 2559 lla
433 2540 495 2560 cum
508 2532 666 2570 nostror'pro
688 2532 745 2570 ὲτεί,
759 2532 832 2570 quod
847 2532 882 2560 ad
893 2539 953 2570 sen-

162 2567 224 2596 sum
240 2567 310 2603 opus
328 2575 384 2595 non
401 2571 453 2599 est,
476 2575 540 2595 cum
558 2568 677 2595 vicissim
696 2567 735 2603 τῷ
760 2567 863 2603 ὲννάτῳ
877 2567 952 2603 prius

162 2603 228 2631 illud
243 2603 298 2630 ἔτει
312 2603 441 2638 requirat.
458 2603 496 2639 ita
512 2608 539 2630 et
552 2603 617 2639 leglt
629 2603 788 2639 Zacagm'us.

198 2638 254 2702 $88)
273 2638 486 2672 οὐαλεριανοῦ.
503 2638 541 2666 lta
561 2638 635 2666 recte
646 2638 839 2669 Coislinianus,
855 2642 948 2665 noster

235 2673 479 2701 ιούαλεντινιανοῦ
503 2674 650 2702 mendose:
671 2681 734 2700 nam
758 2672 887 2702 temporis
903 2680 947 2699 ra-

161 2672 248 2703 habet
256 2673 479 2701 Οὑαλεντινιανοῦ
503 2674 650 2702 mendose:
671 2681 734 2700 nam
758 2672 887 2707 temporis
903 2680 947 2699 ra-

161 2711 251 2738 tiones
268 2709 295 2737 id
309 2709 456 2745 refugiunt.
479 2709 632 2745 Consentitﬁ
645 2716 708 2745 cum
720 2708 813 2745 prob}
834 2708 951 2745 lectione

161 2745 270 2778 Petrus,
287 2753 315 2779 p.
330 2743 415 2778 56,‘et
425 2745 452 2771 in
465 2745 611 2772 referendo
621 2744 778 2771 Photiiloco
790 2743 950 2779 Zacagnius,

199 2781 254 2815 (19)
272 2778 346 2808 Ὺπύ
365 2780 429 2808 τοῦ.
460 2780 560 2807 Inserit
574 2779 631 2815 hic
653 2779 804 2814 Zacagnt‘us
825 2778 864 2812 δὲ,
879 2778 952 2813 quod

161 2815 294 2843 orationis
313 2816 398 2843 series
411 2823 466 2842 non
480 2814 602 2849 requirit.

196 2851 254 2885 (20)
268 2850 402 2884 Διωριδα.
420 2850 458 2878 [ta
470 2848 664 2882 Coislininnus,
680 2853 708 2877 at
719 2854 812 2878 noster
827 2848 933 2885 Δωρίδα
943 2857 950 2864 ·

1304 2259 1312 2278 :
1339 2251 1493 2287 rectissime
1515 2250 1668 2287 Zacagnius
1697 2250 1787 2280 Pbotii

1000 2285 1080 2326 hunc
1095 2286 1186 2326 lycum
1206 2287 1334 2326 recitatis,
1353 2286 1510 2326 Διοδωρίδα,
1531 2285 1613 2322 quam
1640 2287 1784 2326 lectionem

1001 2320 1079 2348 fulcit
1095 2320 1276 2356 Epiphanius,
1292 2322 1389 2349 haeres.
1405 2320 1450 2354 66,
1469 2330 1497 2348 n.
1511 2320 1548 2352 ui
1563 2326 1590 2349 et
1603 2322 1648 2356 qui
1667 2322 1701 2348 ad
1725 2329 1786 2348 eum

1002 2363 1142 2397 provocat,
1157 2356 1254 2384 Petrus
1267 2357 1386 2387 Siculus.
1398 2365 1425 2391 p.
1437 2357 1482 2388 56,
1494 2357 1541 2384 ubi
1557 2361 1647 2384 tamen
1659 2357 1789 2419 utrinqlue

1003 2397 1196 2427 inscriptione
1211 2399 1259 2426 per
1271 2392 1409 2426 Διοδορίδα
1422 2396 1540 2419 erratur.
1556 2391 1644 2427 Pagus
1659 2391 1733 2418 enim
1766 2394 1790 2419 ic

1004 2434 1019 2462 ξ
1036 2426 1152 2454 Diodoro
1169 2427 1298 2462 quodam,
1313 2427 1391 2462 quasi
1414 2426 1615 2462 Diodorirvicu’s
1638 2427 1790 2462 appellatus

1002 2461 1063 2497 fuit,
1074 2462 1147 2496 quod
1163 2462 1229 2489 Acta
1245 2461 1380 2494 Archelai,
1392 2470 1410 2497 p
1433 2462 1477 2494 68,
1491 2461 1613 2489 indicant
1627 2461 1772 2490 his'verbis
1784 2472 1791 2490 :

1005 2506 1015 2522 ‹
1032 2496 1126 2524 Manes
1139 2501 1231 2524 autem
1245 2497 1351 2532 fugiens
1364 2496 1474 2525 advenit
1485 2497 1675 2532 adlquemdam
1689 2497 1792 2530 vicum,

1001 2532 1212 2576 longe‘abnurbe
1232 2529 1360 2576 positnm,
1372 2533 1419 2576 qui
1435 2529 1623 2576 appella—batur
1639 2532 1759 2576 Diodori.
1780 2542 1789 2558 ›

1038 2567 1095 2601 (21)
1119 2567 1171 2594 Ἐν
1187 2567 1291 2602 ταύτῃ.
1308 2567 1345 2594 lta
1361 2568 1431 2594 malo
1450 2575 1512 2595 cum
1535 2572 1630 2594 nostro
1647 2572 1675 2595 ct
1687 2567 1793 2595 Colber—

1002 2603 1069 2638 tino,
1099 2610 1149 2637 pro
1175 2602 1292 2630 ἐνταῦθα
1315 2601 1487 2630 Coisliniani.
1516 2603 1689 2638 Astipulatur
1713 2603 1793 2630 nobis

1002 2637 1161 2672 Zacagnius.

1038 2673 1093 2708 (22)
1111 2673 1257 2709 Τρύφωνι.
1274 2672 1312 2700 lta
1328 2677 1356 2700 et
1379 2672 1560 2709 Epiphanius,
1576 2674 1597 2701 l.
1615 2680 1652 2709 c.,
1670 2677 1699 2700 et
1713 2679 1746 2700 ex
1761 2680 1794 2700 eo

1001 2707 1098 2735 Petrus
1108 2707 1216 2736 Siculus
1229 2713 1337 2742 vocant,
1347 2707 1439 2736 minus
1453 2714 1537 2742 recte,
1553 2709 1575 2736 si
1590 2708 1715 2736 audimus
1726 2708 1794 2735 Acta

1001 2743 1139 2776 Archelai,
1154 2743 1212 2775 ubi,
1229 2751 1256 2779 p.
1274 2743 1319 2775 68,
1334 2744 1480 2779 aliquoties
1496 2744 1606 2771 Diodori
1624 2744 1736 2779 nomine
1746 2751 1795 2779 dvo-

1002 2783 1091 2815 catur,
1113 2783 1141 2815 et
1166 2778 1351 2815 ipsa'quoque
1371 2778 1481 2806 Diodori
1499 2778 1620 2815 episcopi
1637 2778 1674 2815 ad
1689 2778 1795 2815 Arche-

1002 2787 1091 2810 Cllllll',
1113 2787 1141 2806 Cl
1166 2787 1223 2841 Ipsa
1241 2787 1351 2814 quoque
1371 2787 1481 2806 Ult)00l'l
1499 2787 1620 2815 episcopi
1637 2787 1670 2805 all
1689 2787 1794 2804 arcue-

1001 2813 1174 2876 llitéalnrepisto
1185 2822 1200 2842 a
1213 2822 1276 2842 cum
1295 2815 1377 2850 hujus
1387 2815 1421 2843 ad
1435 2822 1496 2843 eam
1521 2813 1694 2850 responsoria
1713 2813 1794 2841 exhi-

1021 2857 1091 2876 ειυτ.
