1931 3082
136 167 174 201 45
672 164 823 195 CONTRA
840 162 928 193 MANI

982 161 1072 192 l/EOS
1088 162 1203 193 LIBER
1224 163 1249 193 ῐ.
1740 162 1775 194 46

137 223 277 259 γενέσθαι,
291 222 355 250 καθ’
371 222 415 258 ἦν,
431 221 470 253 ὡς
485 221 534 248 καὶ
555 220 611 257 (25)
633 221 808 257 προέφημεν,
826 219 928 255 πλάνην

985 224 1012 246 et
1028 219 1215 246 scrutantibus
1232 223 1328 254 captus
1347 218 1403 255 regi
1418 218 1563 247 Persarum
1586 219 1698 247 acerbas
1716 219 1775 248 illas

135 270 190 298 ὑπὸ
204 271 259 297 τῶν
275 268 485 305 ἀνερευιιώντων
500 268 583 296 αὐτὸν
596 268 646 295 καὶ
661 267 820 304 ζητούντων
835 266 930 298 ἁλοὺς,

985 273 1081 300 pinnas
1098 265 1183 293 dedit.

133 318 175 354 τῷ
188 317 293 352 βασιλεῖ
302 317 357 343 τῶν
372 314 486 350 Περσῶν
507 314 623 342 ἀπέτισε
638 315 689 350 τὴν
700 314 805 350 πικρὰν
820 312 929 347 ἐκείνην
948 311 1038 347 δίκην.

173 364 232 398 ις’,
251 363 372 391 Ἐκείνου
388 363 417 390 δὲ
429 363 475 390 τὸν
486 362 544 397 βίον
555 361 642 394 οὕτως
651 362 769 396 οἰκτρῶς
777 360 825 388 καὶ
835 360 935 392 ἀθλίως

135 410 416 446 καταστρεψαμένου,
437 408 526 444 χρόνῳ
550 408 665 444 ὕστερόν
684 416 758 440 τινες
773 407 830 434 τῶν
850 406 934 435 αὐτοῦ

134 457 186 492 τῆς
224 455 387 486 δυσσεϐείας
412 453 542 490 μαθητῶν
573 454 656 491 μέχρι
681 454 850 489 Σαμοσάτων
884 454 936 490 τῆς

142 501 290 537 ’Δρμενίας
314 501 349 527 τὰ
361 499 409 527 τοῦ
432 499 558 534 Πονηροῦ
574 499 682 533 ζιζάνια
701 501 932 536 ὲγκατέσπειραν.

135 547 192 574 Καὶ
206 547 237 573 οὐ
253 545 320 573 πολὺ
335 547 366 572 τὸ
382 545 465 581 μέσον
477 545 546 581 (24),
562 546 610 574 καὶ
624 546 655 574 τὸ
666 546 829 583 φθοροποιὸν
841 548 931 574 έκεῖνο

135 591 271 627 γεώργιον
290 591 371 626 μέχρι
398 591 550 627 Φαναρείας
570 590 649 627 ὤφθη
673 593 760 628 νομὴν
774 592 857 619 λαϐὸν
881 593 930 620 καὶ

135 637 284 673 φυόμενον.
306 637 351 670 Ἐξ
367 632 397 664 οὗ
416 637 464 663 καὶ
482 637 498 672 ἡ
518 637 591 673 κακὴ
607 638 759 674 Καλλινίκη
770 638 817 665 τοῦ
834 638 931 674 βορϐό-

136 693 185 719 ρου
211 683 372 718 πλησθεῖσα,
400 683 438 715 ὥς
465 692 510 720 μοι
543 684 725 721 προείρηται,
746 684 854 712 Παῦλον
883 684 930 712 καὶ

142 730 273 766 Ἰωάννην
289 729 371 764 γεννή
377 738 449 765 ματα
463 729 576 765 ἐχιδνῶν
591 731 634 758 ἐπ’
646 731 751 767 ὀλέθρῳ
764 731 812 758 τοῦ
825 731 931 767 ἀνθρω-

136 777 216 803 πίνου
233 775 330 810 γένους
345 776 477 804 ἀπέτεκε.
506 776 644 804 Κάκεῖθεν
658 777 703 804 διὰ
724 777 780 805 τῶν
802 778 846 812 ἐφ’
867 777 932 813 ἑξῆς

137 822 268 858 διαδόχων
277 822 328 857 τῆς
338 822 476 855 ἀσεϐείας,
495 824 578 859 μέχρι
597 825 653 851 τῶν
665 825 770 860 χρόνων
785 826 932 853 Κωνσταν-

1021 358 1090 385 XVI.
1108 357 1177 387 Cum
1193 363 1284 387 autem
1304 358 1349 386 ille
1363 358 1447 386 vitam
1461 358 1498 386 ita
1510 358 1610 386 misere
1620 363 1648 387 et
1659 359 1776 387 infelici-

985 409 1027 432 ter
1056 405 1212 439 clausisset,
1237 405 1331 440 elapso
1357 405 1477 440 quodam
1502 409 1636 440 tempore,
1663 405 1775 441 quidam

984 449 1044 485 ejus
1062 451 1210 487 impietatis
1224 451 1351 487 discipuli
1372 459 1460 486 usque
1472 450 1506 479 ad
1524 450 1663 479 Samosata
1677 452 1775 480 Arme-

984 497 1047 531 nia‘,
1071 498 1182 534 maligni
1206 498 1309 526 zizania
1331 502 1492 534 sparserant
1510 507 1517 526 :
1533 506 1590 532 nec
1604 498 1691 526 multo
1714 503 1777 534 post

984 541 1138 575 intervallo.
1150 548 1278 579 corrupta
1290 543 1412 578 ejusdem
1422 543 1554 571 sementis
1562 544 1595 571 ad
1607 543 1774 572 Phanaream

984 595 1071 623 usque
1086 588 1218 624 pullulare
1228 589 1285 617 visa
1296 594 1347 618 est.
1362 589 1440 617 Unde
1452 589 1575 625 improba
1589 589 1634 617 illa
1645 590 1775 618 Callinica

983 641 1064 661 como
1079 635 1195 670 repleta,
1212 640 1241 662 ut
1254 642 1336 670 supra
1354 635 1421 668 dixi,
1439 634 1555 663 Paulum
1577 641 1605 663 et
1628 635 1774 669 Joannem,

984 680 1123 715 genimina
1141 680 1307 715 viperarum,
1325 680 1361 714 inf
1372 681 1481 717 generis
1497 680 1611 708 humani
1626 681 1774 716 pemiciem

982 725 1100 760 peperit.
1123 725 1190 753 Inde
1219 733 1285 753 vero
1313 730 1341 754 et
1368 726 1520 761 impietatis
1550 726 1775 758 successoribus,

983 779 1069 806 usque
1088 771 1122 799 ad
1137 776 1260 807 tempora
1274 772 1448 800 Constantini
1463 773 1703 809 imperatoris,qui
1716 779 1776 801 erat

983 817 1100 845 lleraclii
1112 818 1244 854 abnepos,
1262 819 1389 854 impietas
1397 819 1442 847 illa
1458 820 1517 847 sine
1527 820 1581 847 ulla
1596 819 1775 848 innovatione

137 867 212 894 τίνου
227 867 276 894 τοῦ
288 867 421 902 βασιλέως
431 867 575 902 (ἀπόγονος
587 869 615 895 δὲ
623 867 657 904 ἦν
666 867 743 902 οὗτος
758 870 928 906 Ἡρακλείου]

983 871 1126 900 progressa
1154 870 1205 893 est.
1224 865 1264 893 Ac
1281 871 1426 901 postquam
1449 867 1543 895 multa:
1567 867 1774 895 adhortationes

136 913 187 948 τῆς
202 912 332 947 τοιαύτης
354 912 411 948 (ἳῧ)
433 913 582 948 θεομαχίας
604 914 821 951 ἀκαινοτομήτου
838 925 930 952 παρα-

136 959 301 994 τεινομένης
313 968 321 975 ·
339 960 388 987 καὶ
402 959 511 987 πολλῶν
530 961 580 996 μὲν
597 962 785 997 παραινέσεων
799 963 846 990 καὶ
858 962 930 989 διδα-

138 1005 270 1038 σκαλιῶν,
284 1007 309 1032 εί
327 1007 375 1034 καὶ
392 1006 462 1042 πρὸς
479 1007 609 1044 ἀνόνητον
623 1009 816 1044 ἀπεκρίθησαν
829 1009 929 1045 πέρας,

137 1050 376 1086 καταϐληθέντων,
393 1052 500 1080 πολλῶν
520 1053 550 1079 δὲ
564 1054 685 1081 εὐσεϐῶν
702 1054 835 1090 βασιλέων
858 1054 929 1090 ξίφει

137 1095 187 1130 τὴν
197 1096 277 1132 δίκην
287 1097 351 1129 τοὺς
366 1098 523 1130 ἀποστάτας
539 1099 793 1135 εἰσπραττομένων,
807 1101 854 1127 καὶ
868 1100 930 1137 μηδ’

136 1141 208 1168 οὕτω
222 1142 274 1177 τῆς
288 1143 406 1175 ἀσεϐοῦς
423 1144 510 1179 φορᾶς
538 1145 698 1180 ἱσταμένης,
715 1146 868 1180 ἐπιγίνεταὶ
885 1155 929 1180 τις

136 1188 193 1220 τοῖς
215 1188 385 1221 ἀποστάταις
412 1189 558 1225 Ἀρμένιος
575 1191 689 1226 ὀνόματι
702 1191 929 1226 Κωνσταντῖνος,

137 1234 295 1266 Μανάναλις
310 1235 368 1271 (26)
383 1234 464 1271 κώμη
478 1237 645 1272 Σαμοσάτων
661 1238 762 1273 πατρὶς
781 1238 856 1274 αὺτῷ
868 1239 930 1266 ὲπι-

136 1280 282 1316 γράφεται,
299 1281 361 1317 ἥτις
372 1282 420 1309 καὶ
439 1281 520 1318 μέχρι
533 1282 580 1310 τοῦ
595 1283 643 1310 νῦν
656 1284 815 1320 Μανιχαίων
829 1285 930 1321 τροφδς

135 1326 255 1362 ὑπάρχει
270 1327 318 1353 καὶ
332 1327 504 1363 ἐνδιαίτημα.
528 1328 609 1356 Ἀλλὰ
619 1329 673 1365 γὰρ
688 1327 766 1362 οὗτος
781 1330 929 1357 Κωνσταν‹

135 1373 219 1404 τίνος,
231 1373 285 1400 τῶν
297 1375 347 1409 τῆς
360 1373 510 1409 ἐκκλησίας
519 1375 582 1402 τινὰ
596 1376 720 1403 διάκονον
731 1376 785 1403 ἀπὸ
795 1377 846 1412 τῆς
858 1377 929 1404 κατὰ

135 1417 237 1453 Συρίαν
252 1419 443 1454 αἰχμαλωσίας
455 1419 524 1455 πρὸς
536 1421 587 1456 τὴν
600 1421 705 1448 οἰκείαν
721 1422 929 1456 ὑποστρέφοντα

135 1464 255 1499 πατρίδα
276 1464 321 1490 ἐπὶ
334 1464 442 1500 ἡμέρας
456 1466 507 1492 οὒκ
520 1466 616 1501 ὀλίγας
638 1466 752 1499 ἐξένισε,
770 1467 879 1502 βίϐλους
900 1468 930 1494 δὲ

135 1509 192 1536 ἀπὸ
206 1510 306 1545 Συρίας
323 1509 338 1536 ὁ
353 1510 528 1545 αἰχμάλωτος
548 1512 750 1548 συνεπεφέρετο
769 1512 845 1548 αὐτῷ
870 1512 928 1546 δύο,

981 915 1009 937 et
1021 911 1197 945 monitiones,
1214 912 1278 939 licet
1300 912 1390 939 inutili
1406 912 1492 946 exitu,
1516 913 1594 940 factae
1611 913 1732 945 fuerant,
1747 919 1776 940 et

981 961 1126 992 postquam
1140 951 1228 985 multi.
1239 958 1275 993 pii
1292 958 1474 994 imperatores
1487 959 1516 986 in
1531 963 1671 994 apostatas
1684 959 1774 995 gladio

981 1003 1242 1035 animadverteram.
1254 1012 1345 1040 neque
1355 1009 1446 1032 tamen
1462 1005 1610 1040 impietatis
1618 1013 1715 1034 cursus
1724 1006 1774 1034 de-

981 1049 1110 1082 stiterat,
1139 1050 1273 1085 apostatis
1302 1050 1451 1078 Armenius
1476 1051 1587 1086 quidam
1612 1051 1775 1086 supervenit

981 1095 1093 1123 nomine
1105 1095 1314 1130 Constantinus,
1326 1096 1405 1131 cujus
1416 1097 1504 1132 patria
1518 1102 1576 1124 erat
1590 1098 1668 1125 vicus
1676 1098 1773 1125 Samo-

981 1141 1145 1175 satensium,
1159 1141 1309 1170 Mananalis
1323 1143 1447 1175 nomine,
1462 1151 1543 1179 quem
1561 1144 1594 1171 ad
1620 1144 1677 1171 haec
1688 1152 1774 1180 usque

981 1191 1104 1222 tempora
1120 1187 1244 1215 incolunt
1259 1189 1415 1216 Manichaai.
1435 1189 1485 1217 llic
1507 1197 1590 1224 porro
1615 1190 1774 1218 Constanti-

981 1239 1033 1259 nus
1048 1232 1193 1268 quemdam
1211 1240 1244 1260 ex
1260 1233 1389 1262 Ecclesiae
1407 1235 1541 1266 diaconis.
1564 1243 1596 1262 ex
1616 1235 1703 1271 Syria,
1727 1236 1772 1263 ubi

981 1278 1105 1314 captivus
1117 1278 1218 1311 fuerat,
1241 1279 1269 1306 in
1285 1280 1400 1314 patriam
1413 1288 1489 1308 suam
1509 1282 1773 1314 rcvertentem,die-

981 1323 1033 1352 bus
1059 1332 1114 1352 non
1146 1325 1241 1360 paucis
1270 1326 1390 1361 hospitio
1419 1327 1536 1362 excepit.
1566 1327 1619 1360 Qui
1649 1328 1774 1363 captivus

982 1370 1069 1398 libros
1095 1379 1129 1398 ex
1162 1371 1241 1407 Syria
1268 1371 1338 1398 duos
1373 1378 1467 1399 secum
1495 1372 1658 1406 detulerat;
1688 1381 1772 1401 unum

981 1417 1069 1444 sancti
1093 1416 1253 1453 Evangelii;
1278 1417 1393 1445 alterum
1417 1418 1508 1453 magni
1538 1419 1654 1454 apostoli
1678 1419 1772 1453 Pauli,

981 1471 1050 1499 quos
1087 1464 1115 1491 in
1142 1463 1255 1499 hospitii
1282 1464 1555 1497 remunerationem,
1588 1465 1698 1501 impiam
1724 1466 1774 1494 ho-

981 1510 1062 1546 spitis
1087 1510 1128 1538 sui
1161 1511 1321 1546 religionem
1346 1510 1491 1546 ignorans,
1514 1511 1587 1538 dono
1616 1512 1668 1547 ipsi
1691 1513 1774 1541 obtu-

137 1555 203 1590 μίαν
220 1555 269 1590 μὲν
283 1556 330 1582 τοῦ
343 1557 421 1591 ἁγίου
438 1557 618 1592 Εὑαγγελίου,
628 1547 725 1594 ἑτέραν
735 1558 765 1585 δὲ
780 1547 835 1586 τοῦν
844 1558 928 1594 μεγά-

982 1556 1022 1584 lit.
1054 1556 1236 1592 Conspicatus
1265 1562 1358 1584 autem
1381 1556 1580 1585 Constantinus
1608 1557 1771 1592 Armenius,

135 1601 183 1628 λου
193 1601 249 1637 (27)
266 1602 417 1631 ἀποστόλου
428 1603 538 1630 Παύλου
548 1604 657 1640 (28),ἆς
666 1603 763 1640 ὥσπερ
777 1604 929 1640 ἀμειϐόμε-

134 1656 181 1680 νος
186 1648 237 1684 τῆς
251 1649 341 1681 ξενίας
348 1651 362 1676 ὁ
371 1649 506 1683 ξενισθεὶς
512 1650 568 1687 (Ξθ)
580 1651 628 1678 καὶ
634 1651 740 1685 ἀγνοῶν
748 1650 796 1678 τοῦ
805 1650 928 1684 ξενίσαν-

134 1703 181 1726 τος
193 1695 225 1722 τδ
232 1695 363 1728 δυσσεϐὲς
370 1697 421 1731 τῆς
428 1696 579 1733 θρησκείας
592 1697 642 1729 τὰς
658 1698 734 1732 ίερὰς
749 1697 929 1733 ἀντεδωρεῖτο

136 1740 256 1776 βίϐλους.
269 1742 395 1769 Κατιδὼν
408 1743 436 1769 δὲ
454 1743 511 1779 (50)
530 1744 544 1769 ό
558 1743 703 1778 Ἀρμένιος
723 1745 929 1776 Κωνσταντίνος

136 1787 286 1824 βδελυκτὴν
307 1790 354 1815 καὶ
369 1789 439 1816 πᾶσι
460 1789 582 1824 φευκτὴν
602 1789 651 1816 καὶ
675 1790 863 1826 ἀποτρόπαιον
879 1789 928 1825 τὴν

135 1833 219 1860 αὐτοῦ
235 1833 394 1870 δυσφημίαν
417 1835 466 1862 καὶ
492 1835 674 1867 ἀποστασίαν,
692 1837 725 1872 τῇ
740 1835 785 1862 τοῦ
804 1835 928 1863 διαϐόλου

137 1879 278 1915 συμϐουλῇ
291 1881 448 1916 μηχανᾶται
461 1881 678 1913 τοιόνδε.Πάσας
691 1881 752 1916 μὲν,
766 1881 831 1913 ὅσας
845 1881 928 1908 αὑτοῦ

135 1926 151 1960 ὴ
177 1924 312 1960 θρησκεία
337 1926 434 1961 ἠγάπα
460 1935 490 1952 τε
507 1928 555 1954 καὶ
571 1924 789 1962 περιεπτύσσετο
808 1925 927 1961 βίϐλους,

136 1970 323 1998 ἀποϐάλλεται
331 1973 377 1998 καὶ
386 1972 603 2007 ἀποσκορακίζει
611 1980 618 1987 ·
627 1972 751 2008 γυμνὰδὲ
760 1973 794 2000 τὰ
804 1972 928 2008 δόγματα

134 2015 191 2042 τῶν
204 2017 379 2052 γραμμάτων
403 2017 628 2053 παρακατασχὼν
658 2018 788 2054 πειρᾶται
809 2019 859 2049 τὰς
879 2018 927 2044 τοῦ

135 2061 305 2096 Εὑαγγελίου
349 2063 436 2096 λέξεις
471 2063 518 2091 καὶ
552 2063 599 2091 τοῦ
625 2064 787 2091 Ἀποστόλου
822 2064 927 2097 τούτοις

135 2109 300 2143 ἐναρμόζειν
314 2117 345 2136 τε
359 2109 408 2136 καὶ¹
425 2110 598 2145 περιάπτειν.
613 2110 659 2136 Διὸ
677 2110 767 2146 πάσης
777 2109 860 2137 αὑτοῦ
873 2110 928 2136 τῶν

133 2153 352 2189 ευσσεϐημάτων
396 2154 662 2190 καταψηφισάμενος
701 2155 813 2190 βίϐλου,
853 2155 927 2190 μόνῳ

134 2200 316 2234 προσανέχειν
326 2199 365 2235 τῷ
376 2199 534 2235 Εὑαγγελίῳ
555 2200 603 2226 καὶ
618 2199 657 2235 τῷ
671 2200 826 2235 ’Δποστόλῳ
842 2200 927 2235 πρόσ-

980 1601 1149 1636 impietatem
1174 1606 1202 1629 et
1221 1601 1404 1629 defectionem
1433 1610 1511 1630 suam
1539 1602 1771 1636 abominandam,

981 1647 1164 1682 omnibusque
1184 1647 1299 1675 invisam
1322 1655 1355 1675 ac
1384 1656 1510 1683 perosam
1535 1656 1607 1682 esse,
1636 1649 1772 1677 dialtolico

980 1693 1097 1721 consilio
1123 1694 1175 1722 hoc
1197 1694 1382 1721 machinatur.
1412 1693 1515 1722 Omnes
1539 1696 1649 1730 quidem
1667 1696 1770 1729 libros,

979 1746 1049 1774 quos
1069 1739 1163 1775 religio
1175 1747 1226 1768 sua
1242 1740 1372 1775 diligebat
1392 1744 1419 1767 et
1435 1741 1660 1776 amplectebatur,
1677 1742 1773 1777 objicit

980 1788 1008 1812 et
1033 1784 1176 1820 repudiat;
1205 1784 1253 1812 sed
1280 1785 1407 1820 dogmata
1432 1793 1482 1813 sua
1507 1786 1617 1822 scriptis
1641 1787 1771 1815 destituta

980 1831 1113 1865 retinens,
1135 1831 1201 1867 ipsis
1219 1832 1356 1868 Evangelii
1377 1837 1403 1859 et
1417 1832 1539 1867 Apostoli
1555 1833 1628 1860 dicta
1643 1834 1772 1868 adaptare

980 1881 1008 1903 et
1023 1877 1172 1913 adjungere
1186 1883 1311 1906 conatur.
1327 1878 1490 1911 Qamobrem
1507 1878 1635 1906 damnato
1649 1879 1771 1914 quolibet

979 1924 1061 1957 libro,
1084 1925 1252 1959 impietatem
1269 1932 1346 1952 suam
1367 1925 1531 1960 praeferente
1548 1925 1595 1952 uni
1625 1925 1770 1961 Evangelia

979 1974 1007 1998 et
1020 1971 1143 2006 apostolo
1169 1970 1365 1998 attendendum
1388 1978 1449 1999 esse
1475 1971 1570 1998 statuit
1589 1979 1621 1999 ac
1637 1972 1769 2004 decernit,

980 2021 1010 2044 ut
1025 2023 1110 2052 pravo
1126 2016 1282 2051 hujusmodi
1298 2016 1413 2044 artiﬁcio
1428 2016 1572 2051 apostasia
1591 2025 1647 2045 suae
1660 2025 1770 2046 caenum

979 2060 1121 2096 obtegens,
1139 2061 1309 2089 mortiferum
1325 2061 1486 2097 opinionum
1502 2070 1613 2090 suarum
1633 2071 1769 2092 venenum

979 2107 1073 2134 multis
1090 2105 1212 2135 miscere"
1235 2112 1337 2142 posset.
1363 2107 1417 2136 Sed
1445 2108 1490 2136 ille
1517 2109 1609 2144 specie
1633 2110 1722 2138 solum
1743 2116 1771 2138 et

979 2153 1108 2188 ﬁgmento
1137 2153 1268 2187 quodam,
1301 2157 1330 2180 ut
1353 2153 1455 2181 dictum
1480 2159 1531 2186 est,
1559 2153 1770 2182 Manichaeorum

978 2197 1064 2225 libros
1082 2198 1205 2234 ablegat;
1219 2202 1314 2234 utpote
1333 2198 1379 2233 qui
1395 2204 1532 2232 cerneret,
1549 2200 1770 2228 Christianorum

133 2230 230 2280 τάγμά
242 2230 273 2272 τέ
290 2246 338 2272 καὶ
350 2230 525 2281 ’σπούδασμαΙ
540 2230 657 2273 ποιεῖται
670 2254 677 2260 ·
694 2245 732 2277 ὼς
750 2245 783 2272 ἂν
797 2230 924 2282 δυνηθείη

982 2243 1062 2279 leges,
1077 2251 1126 2272 eos
1141 2230 1188 2279 qui
1199 2230 1348 2279 (apostasia:-
1361 2245 1439 2273 libris
1456 2230 1578 2279 utantur,
1599 2246 1690 2281 gladio
1703 2248 1769 2274 sub-

133 2291 180 2318 διὰ
190 2292 240 2327 τῆς
252 2292 381 2328 τοιαύτης
393 2292 574 2328 κακοτεχνίας
586 2291 826 2327 ἐπικαλυψάμενος
839 2292 922 2319 αὑτοῦ

133 2336 183 2364 τὸν
199 2337 331 2374 βόρϐορον
358 2338 409 2372 τῆς
433 2337 620 2370 άποστασίας,
637 2336 744 2368 πολλοῖς
766 2337 813 2364 τὸν
841 2336 925 2364 θανα-

976 2291 1076 2326 jicere.
1103 2298 1207 2325 eosque
1226 2290 1301 2326 ipsos
1319 2291 1405 2318 libros
1430 2291 1485 2326 igni
1510 2291 1694 2319 absumendos
1713 2297 1768 2320 tra-

978 2337 1055 2365 dere.
1072 2336 1113 2365 Ει
1125 2338 1299 2373 dogmatibus
1315 2346 1381 2373 ergo
1395 2338 1453 2365 suis
1463 2345 1505 2370 ea,
1521 2345 1581 2373 quae
1593 2338 1627 2366 ad
1641 2339 1767 2374 impieta-

678 2426 797 2455 VARI/E
820 2426 1017 2456 LECTIONES
1046 2427 1091 2455 ET
1106 2427 1224 2456 NOTAE.

168 2506 226 2547 (ἐξ)
245 2507 296 2547 3);
310 2506 369 2547 κρί.
390 2505 486 2547 Addidi
497 2505 527 2532 τὸ
538 2505 632 2547 parte;
647 2513 699 2547 ms.
717 2509 823 2547 nostro.

168 2539 226 2577 (24)
244 2543 279 2568 Τὸ
296 2541 405 2576 μέσον.
419 2541 518 2569 Noster
538 2541 602 2577 legit
618 2539 660 2567 ’τὸ
673 2542 702 2567 ὲν
728 2541 803 2577 μέσῳ
826 2539 924 2567 eodem

131 2576 219 2605 sensu
237 2577 254 2603 i.
272 2585 297 2604 e.
318 2585 365 2603 nec
390 2577 505 2604 multum
529 2577 653 2611 temporis
669 2576 838 2610 interjectum
851 2580 921 2611 erat.

130 2615 268 2640 Caeterum
289 2612 350 2639 inde
379 2613 414 2639 ab
434 2612 486 2639 hoc
512 2610 681 2647 paragrapho
703 2611 824 2637 narratio
848 2610 921 2647 Petri

132 2648 219 2676 Siculi
241 2655 304 2674 eum
319 2647 451 2674 Photiana
463 2645 555 2674 nostra
572 2645 686 2682 propius
700 2646 859 2677 concordat,
875 2645 922 2680 qui

131 2684 275 2723 hucusque
287 2682 427 2723 Cyrillum,
444 2681 584 2723 Socratem
600 2681 835 2723 et'Epiphanium,
852 2688 922 2716 quos

130 2717 240 2747 diserte‘
254 2718 386 2750 nominat,
400 2718 522 2753 pressius
535 2717 634 2744 Photio
647 2722 707 2744 erat
721 2721 841 2744 secutus.

166 2754 226 2792 (gs)
245 2752 689 2792 [madnigRestituieirnostro.
731 2786 748 2792 __
773 2791 776 2792 ν
847 2786 872 2792 Ν

168 2786 225 2824 (26)
241 2788 428 2824 Μανάναλις.
443 2788 482 2815 Ita
496 2787 679 2815 Coislinianus
690 2792 718 2815 et
731 2786 828 2824 Petrus
847 2786 924 2824 Sicu-

130 2823 187 2855 lus,
204 2833 232 2859 p.
246 2823 292 2859 ῥυ,
308 2824 422 2854 rectius,
444 2827 567 2859 utrputo,
586 2827 691 2853 nostro.
706 2823 751 2858 qui
767 2823 832 2858 legit
851 2823 923 2859 Μαι-

129 2857 217 2891 νάλιξ.
238 2858 339 2887 Confer
367 2859 449 2892 inira,
469 2857 531 2894 ἓν]
557 2862 585 2886 ct
601 2858 645 2892 l8,
668 2857 828 2887 ubi’eodem
843 2857 924 2886 modo

132 2895 274 2924 scribitur.

1011 2504 1068 2539 (27)
1088 2504 1239 2540 Μεγάλου.
1259 2504 1357 2533 Noster
1369 2505 1434 2541 legit
1450 2505 1540 2539 ἁγίου,
1559 2505 1636 2541 prius
1655 2507 1767 2541 rectius;

973 2539 1111 2577 librarius
1117 2539 1191 2577 enim
1203 2542 1237 2567 de
1254 2539 1426 2577 praecedente
1437 2539 1568 2576 proxime
1584 2542 1664 2574 ἁγίου
1679 2539 1768 2577 Εὺαγὲ

972 2575 1064 2612 γελίου
1079 2576 1169 2603 adhuc
1185 2577 1319 2612 cogitasse
1329 2575 1447 2612 videtur}

1009 2610 1065 2648 (τε)
1086 2610 1229 2638 Harmon;
1247 2611 1356 2639 Omittit
1370 2611 1481 2644 Noster,
1498 2611 1570 2640 sicut
1597 2617 1626 2640 et
1645 2612 1765 2648 Siculus,

971 2653 999 2681 p.
1013 2645 1058 2672 40.

1007 2681 1063 2716 (29’)
1086 2682 1292 2715 Ἀμειϐόμενος
1307 2680 1364 2716 τῆς
1380 2681 1483 2715 ξενίας
1493 2683 1655 2715 ξενισθείς.
1676 2684 1766 2711 Imita-

973 2720 1017 2754 tur
1029 2721 1057 2754 et
1074 2716 1182 2754 supplet
1198 2716 1325 2754 Siculus:
1349 2717 1545 2754 ᾊμειϐόμενος
1562 2718 1637 2752 αὐτῷ
1651 2719 1700 2753 τὴν
1716 2720 1766 2754 τῆς

974 2751 1127 2787 ξενοδοχίαις
1145 2753 1320 2786 ἀντάμειψιν.
1347 2752 1423 2785 Quod
1439 2753 1501 2780 ideo
1529 2751 1637 2784 moneo,
1652 2751 1683 2780 ui
1699 2751 1766 2781 eou-

973 2786 1119 2814 venientia:
1145 2787 1173 2813 in
1197 2791 1313 2821 utroque
1335 2786 1476 2822 Scriptore
1495 2788 1618 2823 exempla
1646 2789 1764 2816 manife~

973 2823 1057 2849 stiora
1077 2822 1142 2853 sint,
1174 2830 1235 2857 qua:
1260 2823 1414 2858 frequentia
1438 2823 1466 2850 in
1489 2822 1762 2852 istius’narrationis

974 2858 1044 2884 serie
1057 2862 1216 2885 occurrunt.

1010 2893 1066 2927 (30)
1080 2892 1126 2920 Δέ.
1143 2893 1226 2922 Abest
1241 2903 1255 2922 a
1272 2900 1376 2923 nostro.
