1931 3082
157 111 189 143 5i
731 115 862 146 PHO'I'II
880 116 1018 146 PATRIA
1024 117 1133 146 [ἰοί-ΒΕ
1152 117 1207 146 CP.
1752 118 1784 149 52

159 171 218 205 ipse
231 177 312 205 quam
327 170 387 205 ejus
400 170 536 205 discipuli,
549 171 594 205 qui
609 170 771 206 resipiscere
785 173 941 200 nolueram.

999 171 1113 206 ἱλεορον,
1127 171 1208 204 αὑτός
1224 180 1254 198 τε
1271 172 1316 198 καὶ
1337 172 1392 199 τῶν
1412 171 1479 207 παρ’
1496 172 1579 198 αὐτοῦ
1599 181 1783 209 μυσταγωγη-

157 215 265 244 Etenim
291 215 386 244 Justus
405 224 487 251 supra
503 222 670 245 memoratus
683 238 691 250 ,
716 219 763 253 qui
790 224 943 254 apostatam

157 270 240 290 manu
262 270 311 290 sua
332 262 525 296 interfecerat,
542 268 600 298 post
619 263 686 292 alias
702 265 801 292 multas
812 286 819 298 ,
841 270 870 293 ut
885 264 943 293 fieri

157 308 245 341 solet,
267 307 498 336 confabulationes
518 316 551 336 ac
574 310 739 344 quaestiones
763 311 943 346 apostolicum

159 355 210 382 hoc
224 354 325 381 dictum
339 353 480 388 proferens
497 363 504 380 :
519 354 650 387 Quonimn
665 355 692 381 in
706 355 763 390 ipso
778 361 867 382 creata
883 361 944 383 sunt

158 400 256 431 omnia,
274 407 332 435 quae
344 400 373 427 in
385 399 470 432 οωίὶσ,
485 405 510 427 et
524 409 583 436 qua:
596 401 622 427 in
638 405 721 434 terra,
736 401 850 428 visibilia
865 406 889 428 et
902 402 946 429 in-

157 446 270 473 uisibilia
278 453 288 478 ;
301 446 355 473 sive
366 446 462 478 throni,
475 447 529 473 sive
542 446 714 480 principatus,
728 447 780 474 sive
792 452 944 481 potestates,

158 492 246 518 omnia
266 500 312 525 per
325 492 410 526 ipsum
423 496 447 519 et
463 493 491 519 in
506 492 561 527 ipso
577 497 665 519 creata
681 497 742 520 sunt
764 501 774 520 :
793 497 817 520 et
832 494 887 528 ipse
906 498 945 520 est

158 542 219 564 ante
230 538 330 570 omnia,
340 542 363 564 et
376 539 464 564 omnia
476 539 504 565 in
516 539 571 573 ipso
581 542 701 566 constant
709 539 730 566 ⁵.
743 538 810 571 Hoc,
823 539 944 574 inquam,

158 583 261 611 dictum
277 583 419 618 olijiciens,
436 588 530 611 contra
549 584 710 620 Symeonem
725 585 882 618 insurrexit,
900 585 946 613 di-

158 635 244 656 cens:
262 627 301 656 Ne
322 628 392 656 forte
418 628 468 663 ipsi
494 628 601 663 decepti
624 634 731 661 essent.
759 637 946 665 sequacesque

159 682 224 703 suos
246 673 423 710 deciperent,
448 681 503 701 non
525 674 651 702 eumdem
677 674 807 702 factorem
832 676 893 703 C(Eli
918 681 947 704 et

159 725 259 754 terra,
284 721 426 756 Deumque
447 727 512 748 vere
540 725 568 748 et
592 720 700 748 Patrem
727 721 835 748 Domini
859 722 946 750 nostri

158 767 259 795 Christi
274 767 470 802 praedicantes;
485 767 533 795 sed
548 772 646 803 praeter
662 768 736 796 hunc
754 768 836 796 alium
851 776 946 804 quem-

158 813 231 844 dam,
245 820 327 848 quem
339 813 486 848 apostolica
502 813 609 849 eloquia
625 822 681 842 non
698 819 810 843 norunt.
828 815 897 842 Cum
910 823 945 842 ex

158 859 316 894 huiusmodi
323 859 507 887 commotione
519 860 552 888 lis
562 864 590 888 et
602 868 693 896 pugna
708 861 945 890 irreconciliabilis
959 847 984 878 Β

158 906 230 933 inter
243 913 291 934 eos
301 909 359 934 orta
372 910 443 933 esset
455 914 461 938 ;
474 905 568 934 Justus
578 906 700 934 Coloniae
709 907 868 943 episcopum
879 915 947 936 con-

156 952 245 985 venit,
259 956 289 979 ut
305 951 447 986 apostolici
465 951 530 979 dicti
547 959 658 979 sensum
675 952 776 980 clarius
787 960 948 988 assequere-

158 1004 201 1025 tur
216 1007 224 1025 :
238 998 281 1025 cui
296 998 340 1025 ille
352 997 443 1025 omnia
457 998 606 1031 enarravit,
621 1006 682 1033 quae
698 999 770 1026 inter
781 1006 842 1027 sese
855 1003 883 1027 et
896 1006 944 1027 so-

157 1044 233 1072 dales
247 1051 311 1072 suos
327 1044 508 1080 contigerant.
525 1044 573 1072 llle
590 1052 649 1072 rem
662 1043 821 1080 Imperatori
835 1045 945 1073 denun-

156 1090 244 1117 tiavit.
263 1089 287 1117 Is
301 1094 359 1117 tum
374 1094 432 1117 erat
446 1089 628 1123 Justinianus,
650 1090 697 1125 qui
712 1094 775 1126 post
788 1090 944 1118 Heraclium

156 1136 302 1171 imperium
317 1140 479 1171 acceperat,
492 1136 593 1171 quique
604 1136 761 1169 mandavit,
780 1141 810 1164 ut
824 1138 882 1165 haec
895 1145 944 1165 ne-

156 1182 229 1217 gotia
247 1181 435 1217 perquisitioni
455 1186 483 1209 et
504 1182 579 1217 justo
602 1182 707 1217 judicio
727 1183 944 1218 subjicerentur;

156 1228 194 1256 ita
208 1232 239 1256 ut
252 1228 295 1259 iis,
309 1228 355 1263 qui
375 1228 536 1263 resipiscere
552 1222 675 1262 nollent,
689 1233 737 1256 aut
749 1230 794 1264 qui
807 1230 944 1264 paeniten—

156 1275 222 1301 tiam
245 1273 310 1301 olim
329 1274 462 1309 polliciti,
486 1274 666 1302 nihilominus
685 1275 713 1302 in
737 1276 872 1310 apostasia
896 1284 945 1304 sua

154 1324 380 1356 perseverarent,
402 1320 471 1356 ignis
494 1320 658 1355 supplicium
681 1320 814 1348 subirent.
837 1321 869 1349 Et
892 1322 944 1350 alia

155 1366 265 1401 quidem
280 1365 426 1392 multitudo
441 1373 494 1391 una
509 1372 572 1392 cum
588 1365 739 1400 Symeone,
753 1366 800 1401 qui
823 1370 851 1394 et
866 1365 944 1395 Titus

157 1409 318 1441 vocabatur,
332 1409 432 1436 acerbo
448 1409 544 1436 mortis
558 1416 658 1444 genere
673 1410 767 1444 periit.

995 216 1095 244 θέντων
1106 237 1113 250 ,
1134 217 1213 249 ὅσους
1226 217 1331 244 ἀνεῖλεν
1347 218 1378 244 τὸ
1400 218 1621 253 ἀμεταμέλητον.
1648 218 1678 246 Ὀ
1691 219 1783 255 γάρτοι

994 263 1193 300 προειρημένος
1210 261 1374 296 Ἰοὖστος,οὗ
1386 264 1478 299 χειρὸς
1490 264 1570 299 ἔργον
1585 265 1599 291 ὁ
1607 264 1654 291 τοῦ
1666 265 1784 292 ἀποστά-

992 317 1039 335 του
1053 309 1172 345 κατέστη
1186 309 1312 342 θάνατος,
1329 309 1400 344 μετὰ
1416 309 1519 340 πολλὰς
1532 309 1625 342 ἄλλας,
1641 307 1685 336 οἷα
1700 311 1783 343 εἰκὸς,

993 354 1101 389 ὁμιλίας
1120 363 1151 381 τε
1169 355 1217 381 καὶ
1234 354 1397 390 συζητήσεις
1416 357 1446 381 τὺ
1462 355 1643 382 ἁποστολικὺν
1664 357 1783 392 προῦαλ-

993 400 1107 435 λόμενος
1126 400 1215 435 λόγιον
1226 401 1257 427 τὸ
1269 401 1383 435 φάσκον·
1396 410 1405 427 ι
1419 401 1480 428 Ὀτι
1495 402 1524 428 ὲν
1535 402 1610 437 αὐτῷ
1626 403 1737 438 ἐκτίσθη
1752 403 1784 430 τὰ

994 445 1084 472 πάντα
1097 446 1132 473 τὰ
1151 447 1181 472 ὲν
1194 446 1302 482 οὐρανῷ
1321 447 1368 473 καὶ
1384 447 1418 473 τὰ
1433 447 1480 473 ἐπὶ
1500 447 1551 482 τῆς
1565 448 1627 482 γῆς,
1644 448 1679 475 τὰ
1700 449 1784 482 ὁρατὰ

995 491 1091 519 καὶτὰ
1107 492 1226 527 ἀόρατα,
1243 492 1298 519 εῐτε
1315 492 1398 528 ἀρχαὶ
1415 492 1470 518 εἴτε
1484 491 1624 524 ἐξουσίαι·
1642 494 1677 520 τὰ
1696 494 1783 520 πάντα

995 538 1028 564 δι’
1041 537 1124 565 αὑτοῦ
1136 537 1183 564 καὶΙ
1201 539 1243 568 εις
1258 537 1339 564 αὑτὸν
1354 536 1467 572 ἐκτίσθη
1480 557 1487 569 ,
1502 538 1550 564 καὶ
1565 538 1648 569 αὑτός
1660 539 1719 565 ἐστι
1737 538 1784 573 πρὸ

996 584 1115 616 πάντων,
1133 584 1180 611 καὶ
1195 585 1230 611 τὰ
1243 584 1334 611 πάντα
1348 584 1377 610 ὲν
1388 582 1462 618 αὐτῷ
1471 583 1630 618 συνέστηκε⁴
1643 592 1652 609 ι
1665 583 1744 610 τοῦτο
1754 584 1783 618 δὴ

996 630 1133 665 προὸεσλη
1139 629 1221 664 μένος
1236 631 1267 657 τὸ
1284 629 1366 665 ρητδν
1388 629 1569 656 ἀντανίστατο
1583 630 1622 664 τῷ
1640 630 1764 665 Συμεῶνι
1775 650 1782 662 ,

997 676 1127 710 φάσκων.
1148 675 1186 707 ὡς
1206 675 1260 710 ἄρα
1276 676 1381 710 μήποτε
1396 674 1474 701 αὐτοί
1493 683 1524 701 τε
1541 675 1714 710 ἠπατημένοι
1730 672 1784 701 εἷεν

996 721 1044 748 καὶ
1053 720 1117 753 τοὺς
1127 720 1276 756 ἑπομένους
1285 719 1487 752 συναπατῶσιν,
1500 721 1531 747 οὺ
1545 720 1590 747 τὸν
1603 720 1659 756 (ιθ)
1671 719 1784 756 ποιητὴν

995 765 1112 802 οὐρανοῦ
1132 765 1180 794 καὶ
1194 766 1247 802 γῆς
1263 766 1329 793 Θεὸν
1344 766 1454 801 άληθῶς
1468 766 1516 793 καὶ
1539 766 1651 802 Πατέρα
1665 766 1715 794 τοῦ
1730 767 1785 793 Κυ-

999 813 1056 849 ρίου
1081 805 1159 848 ἡμῶν
1181 812 1228 839 τοῦ
1245 811 1363 848 Χριστοῦ
1383 812 1602 848 ἐπιγράφοντες,
1619 811 1687 839 ἀλλὰ
1710 812 1785 848 παρὰ

996 860 1090 888 τοῦτον
1115 859 1172 895 (47)
1198 859 1292 895 ἕτερόν
1313 868 1391 892 τινα,
1419 859 1449 886 δν
1481 858 1516 885 τὰ
1543 858 1711 886 ἀποστολικὰ
1735 859 1785 886 οὑκ

995 906 1237 940 ὲπίσταταιλόγια.
1255 906 1303 932 Ὲκ
1315 905 1419 941 ταύτης
1432 904 1460 931 δὲ
1474 905 1523 939 τῆς
1538 905 1684 940 κινήσεως,
1699 904 1785 940 ἔριδος

995 954 1088 985 αὐτοῖς
1101 953 1148 979 καὶ
1166 952 1413 988 μάχηςίάσπόνδου
1432 951 1580 987 συστάσης,
1605 951 1748 986 πρόσεισιν
1771 951 1785 976 ὁ

1003 999 1119 1031 Ἰοῦστος
1134 998 1173 1034 τῷ
1189 998 1354 1029 Κωλωνείας
1373 997 1535 1032 ὲπισκόπῳ,
1555 997 1594 1028 ὡς
1610 996 1644 1023 ἂν
1659 996 1708 1032 τὴν
1730 996 1786 1023 διά-

997 1054 1072 1072 νοιαν
1084 1044 1132 1071 τοῦ
1147 1043 1328 1071 ἁποστολικοῠ
1343 1043 1427 1078 ῥητοῦ
1441 1042 1592 1070 καταλάϐοι
1607 1042 1784 1078 σαφέστερον,

998 1092 1046 1119 καὶ
1059 1090 1245 1118 ἀνακαλύπτει
1260 1090 1358 1124 πάντα,
1371 1090 1422 1116 ὅσα
1435 1089 1511 1125 αὐτῷ
1521 1097 1550 1115 τε
1563 1089 1611 1115 καὶ
1622 1089 1679 1120 τοῖς
1691 1088 1785 1114 συνοῦ-

999 1146 1041 1164 σιν
1056 1137 1243 1172 διεπράττετο.
1270 1136 1300 1163 '0
1315 1136 1343 1163 δὲ
1358 1135 1491 1171 ἀναφέρει
1509 1134 1597 1161 ταῦτα
1627 1133 1667 1169 τῷ
1682 1133 1787 1168 βασιλεῖ

998 1182 1202 1219 (Ἰουστινιανὸς
1211 1182 1240 1209 δὲ
1251 1179 1295 1218 ἦν,
1306 1183 1321 1209 ὁ
1331 1182 1400 1217 μετὰ
1414 1181 1575 1217 Ἡράκλειον
1587 1180 1636 1216 τὴν
1645 1180 1786 1216 βασιλείαν

997 1228 1211 1266 διαδεξάμενος)”
1228 1229 1276 1255 καὶ
1294 1228 1324 1260 ὃς
1345 1227 1443 1263 ἐρεύνῃ
1458 1227 1507 1254 καὶ
1527 1226 1618 1263 κρίσει
1638 1226 1730 1261 δικαίᾳ
1752 1224 1787 1252 τά

996 1277 1056 1304 κατ’
1072 1276 1172 1307 αὐτοὺς
1190 1274 1378 1310 ὑποϐληθῆναι
1393 1273 1527 1304 κελεύσας
1537 1292 1544 1306 ,
1560 1271 1624 1302 τούς
1634 1281 1664 1299 τε
1680 1272 1786 1306 ἀμετα-

998 1323 1121 1358 μελήτως
1140 1321 1196 1356 (48)
1219 1320 1348 1356 ἔχοντας,
1374 1321 1423 1346 καὶ
1444 1319 1509 1350 τοὺς
1532 1318 1677 1354 μετάνοιαν
1700 1317 1787 1343 πάλαι

998 1369 1049 1404 μὲν
1062 1366 1324 1402 ἐπαγγειλαμένους,
1348 1365 1449 1401 ὁμοίως
1461 1364 1489 1391 δὲ
1497 1364 1544 1391 καὶ
1554 1363 1610 1399 (49)
1620 1363 1670 1398 τὴν
1682 1361 1787 1389 ἑαυτῶν

996 1413 1165 1442 ἀποστασίαν
1176 1412 1359 1448 περιέποντας
1372 1410 1442 1446 (50),
1451 1411 1496 1437 τὸν
1509 1409 1554 1436 διὰ
1568 1409 1655 1445 πυρὸς
1668 1408 1788 1442 ὑποστῆ-

156 1463 200 1480 ναι
214 1453 365 1489 προσέταξε
381 1454 506 1481 θάνατον.
522 1454 576 1481 Καὶ
588 1454 618 1481 τὸ
632 1454 682 1490 μὲν
695 1455 761 1483 ἄλλο
788 1456 892 1492 πλῆθος
905 1458 964 1495 ἅμα
983 1458 1119 1496 Συμεῶνι,
1133 1458 1172 1494 τῷ
1189 1457 1236 1485 καὶ
1252 1457 1336 1493 Τίτῳ,
1352 1455 1440 1488 οὕτως
1463 1455 1511 1482 τοῦ
1525 1455 1576 1491 ζῇν
1609 1453 1717 1489 πικρῶς
1732 1453 1788 1480 ὰπ-

157 1500 357 1535 εστερήθησαν.

194 1548 265 1575 ΧΙΧ.
281 1547 382 1575 Paulus
396 1555 460 1575 vero
472 1548 582 1583 quidam
592 1568 600 1581 ,
616 1550 762 1577 Armenius
772 1558 884 1586 genere,
900 1553 944 1580 cui

1032 1550 1083 1578 19’.
1098 1549 1206 1580 Παῦλος
1223 1548 1253 1575 δέ
1269 1555 1322 1581 τις,
1341 1548 1419 1582 γένος
1439 1547 1582 1583 Ἀρμένιος
1593 1567 1601 1580 ,
1622 1546 1669 1573 δύο
1685 1546 1788 1573 παίδων

158 1595 213 1622 duo
228 1594 275 1621 lilii
283 1598 370 1622 erant
383 1593 541 1630 Gegnmsius
557 1599 585 1622 et
601 1594 778 1629 Theodorus,
796 1598 943 1633 supplicio,

158 1641 231 1676 quod
246 1639 295 1668 toti
308 1640 499 1675 Apostatarum
515 1640 598 1668 coetui
613 1640 777 1669 destinatum
795 1642 901 1672 fuerat.
916 1651 946 1672 se

159 1687 222 1722 fuga
235 1686 407 1718 subducens,
423 1686 451 1712 in
466 1686 557 1713 vicum
577 1694 659 1722 supra
673 1693 864 1721 memoratum,
883 1688 947 1724 Epi-

159 1733 260 1768 sparim
279 1732 407 1763 nomine,
426 1737 564 1767 receptum
583 1732 690 1766 habuit,
711 1733 756 1761 ubi
781 1734 946 1769 impietatem

159 1778 339 1806 disseminare
363 1778 524 1806 conabatur.
544 1778 586 1805 Ab
607 1778 659 1806 hoc
674 1783 766 1806 autem
783 1780 868 1807 Paulo
885 1788 948 1815 pars

160 1824 322 1853 defectionis
340 1831 396 1852 non
416 1824 546 1857 minima,
562 1829 589 1851 et
607 1825 766 1852 detestanda
787 1825 951 1854 Manichaeo-

163 1878 222 1898 rutn
245 1874 324 1906 putat
346 1878 376 1898 se
397 1870 649 1897 denominationem
672 1871 830 1906 accepisse,
860 1871 950 1906 potius

160 1924 242 1951 quam
259 1922 292 1943 ex
307 1915 451 1943 Callinices
467 1915 538 1943 ﬁliis.
559 1914 608 1943 llic
627 1915 711 1943 tilium
727 1924 806 1943 suum
835 1916 949 1952 Gegnae-

161 1962 231 1989 sium
247 1961 396 1996 impietatis
417 1961 580 1997 magistrum
594 1961 746 1995 constituit,
763 1962 823 1997 ejus
838 1963 949 1990 nomine

162 2008 189 2034 in
215 2007 388 2034 Timotheum
407 2010 585 2035 commutato.
614 2006 673 2039 Qua
698 2007 732 2035 de
756 2015 838 2035 causa
865 2008 948 2035 frater

161 2053 222 2088 ejus
239 2053 341 2080 invidia
359 2052 515 2080 stimulatur
530 2061 537 2079 :
557 2052 660 2080 invidia
677 2057 769 2080 autem
785 2053 946 2082 seditionem

198 2125 209 2138 ‘
221 2123 325 2151 Coloss.
341 2130 361 2155 ι,
382 2121 473 2149 i648.

998 1596 1100 1632 πατὴρ,
1116 1591 1154 1622 ὧν
1177 1594 1233 1630 (51)
1248 1593 1287 1629 τῷ
1311 1594 1360 1628 μὲν
1382 1591 1417 1628 ἦν
1439 1593 1599 1627 Γεγναισιος
1620 1592 1689 1628 (52),
1701 1592 1739 1628 τῷ
1760 1592 1789 1619 δὲ

998 1642 1135 1677 Θεόδωρος
1149 1640 1234 1675 δνομα
1245 1661 1253 1673 ,
1267 1640 1315 1667 τοῦ
1335 1640 1451 1667 θανάτου
1468 1639 1653 1676 διαδιδράσκει
1668 1640 1724 1675 (55)
1734 1659 1742 1671 ,
1758 1639 1789 1671 ὃς

998 1688 1071 1716 κατὰ
1086 1687 1177 1722 πάσης
1190 1687 1239 1722 τῆς
1255 1686 1435 1717 ἀποστάτιὼς
1456 1686 1553 1721 μοίρας
1569 1685 1703 1720 ἐψήφιστο
1713 1704 1721 1716 ,
1742 1684 1789 1712 καὶ

1000 1733 1182 1770 παραγίνεται
1200 1732 1250 1768 μὲν
1267 1733 1307 1764 εἰς
1322 1732 1371 1767 τὴν
1383 1731 1488 1759 ἄνωθεν
1501 1732 1567 1766 ἡμῖν
1589 1731 1789 1766 ὀνομασθεῖσαν

1006 1781 1183 1816 Ἐπίσπαριν,
1202 1779 1250 1806 καὶ
1272 1778 1395 1814 σπείρειν
1413 1778 1564 1811 ἐσπούδαζε
1580 1778 1630 1814 τὴν
1649 1778 1788 1805 ἀσέϐειαν.

1006 1827 1053 1854 Ἐκ
1069 1826 1166 1853 τούτου
1181 1825 1213 1861 δὴ
1226 1824 1274 1852 τοῦ
1290 1824 1397 1852 Παύλου
1419 1824 1499 1860 μερὶς
1518 1824 1568 1851 οὐκ
1593 1823 1721 1859 ἐλαχίστη
1739 1824 1790 1859 τῆς

998 1871 1167 1904 ἀποστασίας
1181 1871 1228 1898 καὶ
1248 1871 1299 1906 τὴν
1311 1870 1470 1906 ἐπωνυμίαν
1483 1870 1574 1897 ἕλκειν
1593 1870 1694 1906 μᾶλλον
1716 1870 1733 1905 ἢ
1757 1870 1791 1896 ὲκ

998 1918 1053 1945 τῶν
1075 1918 1126 1953 τῆς
1142 1916 1310 1951 Καλλινίκης
1337 1916 1392 1951 (54)
1418 1915 1523 1942 παίδων
1537 1915 1568 1942 τὸ
1590 1915 1711 1950 μυσαρὸν
1734 1915 1790 1941 τῶν

997 1963 1155 1999 Μανιχαίων
1169 1963 1245 1994 ἔθνος
1259 1961 1415 1997 νομίζουσιν
1432 1961 1500 1997 (55).
1524 1958 1609 1992 Οὗτος
1629 1960 1674 1987 τὸν
1690 1959 1789 1986 ἑαυτοῦ

992 2008 1051 2036 υἱὸν
1073 2007 1230 2041 Γεγναισιον
1253 2007 1294 2038 είς
1316 2006 1346 2033 τὸ
1371 2005 1422 2040 τῆς
1444 2005 1591 2040 ἀθεότητος
1624 2004 1787 2039 προκαθίζει

993 2052 1190 2086 διδασκαλεῖον,
1205 2051 1395 2087 μετονομάσας
1407 2048 1551 2085 Τιμόθεον.
1573 2049 1618 2083 Ἐξ
1631 2047 1662 2077 οὗ
1672 2049 1706 2085 δὴ
1722 2049 1791 2084 φθό-

722 2179 838 2207 νΑιιιΑι
854 2179 1044 2208 LECTIONES
1060 2178 1104 2206 ET
1124 2178 1242 2207 NOTAE.

199 2250 259 2286 (46)
271 2250 390 2286 οὺητόν.
406 2249 538 2286 Ιιιιηιιτσίο
559 2257 621 2286 cum
643 2249 753 2286 Nostro,
769 2257 851 2284 quam
866 2248 946 2275 αὑτὸν

1019 2248 1092 2286 (52)
1105 2248 1296 2286 -ιέγναίσιος,
1315 2246 1411 2274 Petrus
1430 2245 1548 2286 Siculus,
1565 2245 1629 2286 lac.
1648 2245 1793 2278 Γεγνέσιος

161 2295 223 2314 cum
246 2284 423 2313 Coisliniano.
448 2284 499 2312 Hic
522 2284 594 2312 enim
622 2285 768 2319 pahnarius
793 2292 869 2312 error
892 2288 950 2311 erat

162 2321 371 2349 Manichaeorum
383 2339 391 2352 ,
405 2319 478 2354 quod
493 2327 545 2346 non
565 2318 685 2347 eumdem
705 2320 874 2348 conditorem
888 2318 950 2346 caeli

162 2362 190 2384 ct
205 2361 295 2387 teme.
311 2363 393 2390 quam
410 2353 518 2382 Patrem
528 2354 636 2390 _Christi
647 2375 655 2387 ,
671 2355 815 2390 crederent
829 2359 856 2381 et
869 2353 952 2390 proli:

163 2396 302 2423 terentur,
320 2388 393 2425 quod
414 2393 506 2417 tamen
525 2388 621 2416 Justus
636 2390 664 2417 vi
679 2389 747 2417 dicti
770 2389 875 2417 Paulini
892 2388 951 2416 fieri

163 2427 262 2455 debere
278 2426 396 2453 videbat.

199 2461 254 2496 (47)
269 2460 361 2494 Παρὰ.
372 2460 410 2487 lta
426 2464 499 2496 recte
515 2459 684 2496 C9islin.,7at
697 2459 793 2488 Noster
808 2459 882 2495 περι.

199 2497 254 2532 (48)
274 2495 529 2533 Ἁμεταιιιολτξτωςζ
541 2495 626 2533 Itane;
647 2495 754 2533 Nostr_o_.
780 2503 831 2533 pro
845 2497 949 2533 άμετα-

165 2529 298 2567 μελὴτους
317 2531 390 2564 quod
407 2531 490 2558 habet
510 2529 703 2558 Coislinianus.
719 2529 831 2559 Phrasis
848 2529 950 2558 (iuncis

165 2566 367 2593 perfamiliaris.

183 2573 367 2595 ertamtuarts.

164 2576 367 2603 pertamtuarls.

201 2602 256 2637 (49)
271 2600 336 2628 Καί.
352 2600 465 2637 llectius
477 2609 531 2637 non
544 2601 666 2637 agnoscit
680 2608 732 2637 ms.

201 2635 257 2672 (59;)
277 2635 487 2672 Περιέποτςτας.
504 2636 542 2663 Ita
563 2635 666 2672 optime
679 2636 862 2672 Cgislinianus
873 2657 879 2667 .
900 2645 950 2672 pro

201 2645 257 2672 (ου)
277 2645 487 2669 ιιεριεποντας.
504 2645 542 2663 ita
563 2645 666 2671 Opllme
679 2645 862 2665 uousnmanus
873 2657 879 2667 .
921 2645 935 2664 ri

164 2680 219 2714 quo
230 2671 328 2711 Noster
341 2670 470 2714 mendose
480 2671 687 2714 περιπεσόντας.
700 2671 866 2707 Frequenter
878 2645 935 2700 Plio

167 2710 221 2736 tius
240 2710 322 2743 pri_ori
337 2713 404 2743 voce
417 2713 483 2743 u_s_us
498 2710 550 2734 est.

202 2738 257 2778 (51)
274 2738 340 2769 Ὧν.
369 2740 416 2778 Ita»
430 2740 528 2778 Noster
548 2741 654 2778 prodw
673 2741 849 2778 coisliniano.
872 2742 950 2770 Prius

166 2776 241 2806 certe
253 2778 337 2812 magis
347 2776 472 2811 quadrat,
483 2776 656 2804 referendum
670 2777 775 2805 scilicet
786 2777 819 2805 ad
834 2778 948 2807 παίδων.

167 2821 246 2849 quam
268 2811 413 2849 posterius,
429 2812 501 2849 quod
521 2811 669 2846 pertineret
682 2812 715 2839 ad
734 2814 836 2849 πατὴρ.
853 2813 949 2841 Petrus

169 2846 277 2878 Siculus
296 2848 391 2876 astruit
404 2846 546 2876 lectionem
560 2852 689 2880 nostram,
705 2855 731 2882 p.
749 2848 793 2875 48.

1001 2281 1167 2312 οιίδίιιιὶιοιιι
1181 2285 1211 2309 τὸ
1222 2291 1251 2309 αι
1265 2287 1293 2309 et
1304 2290 1317 2308 ε
1333 2281 1528 2316 pronuntiandi
1548 2281 1692 2316 rationem.

1037 2319 1096 2354 (55),
1109 2313 1341 2354 Διαδιδρᾴοξκειᾙ
1350 2317 1389 2354 Ita
1395 2317 1503 2354 Noster
1517 2323 1567 2354 pro
1579 2315 1723 2354 Sttipégnst
1737 2313 1794 2340 Co-

1000 2349 1243 2382 dicis.Coisliuiani
1257 2352 1354 2379 Petrus
1374 2352 1483 2378 Siculus
1497 2349 1580 2378 habet
1595 2349 1792 2384 ἀποδιδράσκει

1001 2389 1097 2417 eodem
1115 2396 1208 2415 sensu.

1038 2424 1095 2458 (54)
1113 2421 1308 2455 Καλλινίκης.
1330 2421 1368 2448 De
1392 2420 1474 2455 hujus
1490 2419 1554 2447 [iliis
1567 2419 1629 2447 vide
1653 2427 1734 2454 supra
1750 2418 1794 2453 _ad

1004 2458 1018 2495 ἓ
1031 2460 1092 2528 ῗ55)
1114 2492 1286 2527 Μανιχαίων
1298 2491 1396 2523 ἔθνος.
1411 2490 1590 2528 Becentiores
1604 2487 1769 2528 scili_cet_.__illi
1784 2507 1793 2519 .

999 2523 1046 2564 qui
1062 2523 1366 2564 Pauliciatiiyoeatttur,
1382 2526 1484 2564 quiqu}
1498 2533 1553 2564 non
1571 2533 1587 2551 a
1604 2524 1688 2564 Paulo
1701 2523 1750 2564 illo
1764 2527 1794 2550 et.

999 2557 1115 2595 J'oanne,
1130 2564 1163 2590 de
1179 2562 1278 2597 quibus
1289 2562 1307 2588 ι.
1319 2569 1345 2588 ‹·.
1361 2557 1408 2598 sed
1427 2557 1448 2598 a
1460 2560 1542 2598 Paulo
1556 2559 1678 2598 quodam
1694 2557 1794 2598 Arme-

999 2601 1056 2632 nio,
1073 2599 1132 2626 istis
1146 2595 1308 2628 recentiore.
1330 2596 1450 2632 nominis
1467 2595 1508 2622 sui
1522 2595 1655 2632 originem
1673 2595 1795 2632 repetie-

1000 2629 1075 2666 run't,
1083 2635 1216 2668 majorum
1227 2632 1331 2668 scilicet
1341 2631 1475 2668 exemplo,
1487 2631 1533 2668 qui
1545 2629 1695 2665 superioris
1704 2629 1794 2654 aetatis

937 2687 950 2693 -
1004 2665 1134 2698 doctores
1162 2675 1237 2698 suos,
1253 2667 1325 2701 quod
1341 2674 1374 2693 ex
1390 2666 1402 2701 ᾗ
1418 2665 1435 2692 5
1449 2670 1477 2693 et
1495 2667 1522 2701 4,
1537 2669 1677 2695 constant,
1694 2670 1795 2701 recen-

1005 2697 1119 2733 tioribus
1135 2697 1314 2738 postponere,
1336 2697 1486 2738 eorumque
1498 2700 1573 2738 inter
1587 2707 1616 2727 se
1632 2697 1794 2738 memoriam

1004 2733 1163 2767 oblitterare
1183 2733 1393 2772 consueverunt.
1422 2733 1533 2772 interitu
1562 2740 1656 2772 notare
1749 2733 1794 2772 fas

1004 2780 1065 2807 est,
1089 2773 1175 2802 videri
1202 2773 1254 2800 hoc
1279 2771 1476 2807 locorPetrum
1504 2769 1624 2807 Siculum
1650 2776 1666 2795 a
1692 2767 1794 2794 Photio

1002 2804 1089 2842 abire,
1105 2808 1224 2843 quando,
1241 2815 1268 2842 p.
1279 2807 1326 2838 1:8,
1344 2806 1446 2843 diserte
1460 2804 1677 2843 [{aulicianorum
1688 2808 1794 2830 nomen

1001 2855 1014 2873 a
1029 2839 1154 2872 Paulo-ct
1168 2839 1273 2870 Joanne
1283 2862 1290 2876 ,
1307 2841 1452 2870 Callinices
1468 2840 1541 2872 liliis,
1559 2839 1673 2866 derivat.
