1931 3082
160 136 195 168 53
685 140 833 170 CONTRA
853 141 944 172 MAN]

998 142 1082 173 l/EOS
1100 143 1215 172 LIBER
1235 143 1259 173 ῐ.
1747 143 1782 175 54

154 198 201 221 νος
225 189 275 225 μὲν
289 190 424 226 ἐμφύεται
439 190 479 226 τῷ
491 191 610 227 ἀδελφῷ,
623 193 670 220 καὶ
684 194 698 220 ὀ
711 194 807 228 φθόνος
821 195 870 230 τὴν
883 195 944 222 στά-

999 197 1123 232 peperit:
1140 197 1176 224 ita
1191 201 1220 224 ut
1231 196 1318 224 divisa
1333 196 1458 231 impietas
1471 204 1500 223 se
1513 196 1598 231 ipsam
1610 197 1781 229 dilaceraret,

158 244 201 262 σιν
217 236 378 263 ἀπέτικτεν.
394 236 449 263 Καὶ
465 237 566 273 ἑαυτὴν
580 238 747 273 διαιρεθεῖσα
765 239 820 276 (56)
834 240 945 268 κατενέ-

157 289 222 315 μετο
238 281 254 317 ή
275 281 387 308 ἀσέϐεια
410 283 465 308 τῶν
482 282 674 322 ἀδελφῶν-καὶ
694 284 742 320 τὴν
775 286 883 322 μήτραν
899 287 946 313 καὶ

155 326 205 361 τὴν
230 327 368 358 ἀσέϐειαν,
394 327 442 354 τοῦ
472 327 522 363 μὲν
545 329 670 363 λέγοντος
693 331 744 365 τὴν
767 331 814 357 τοῦ
844 333 946 367 πατρὸς

155 372 259 398 ἄνωθεν
279 373 489 409 ἀπεσταλμένην
513 374 604 410 χάριν,
623 375 719 402 ἑαυτόν
743 385 773 403 τε
797 378 874 413 παρὰ
898 378 946 404 τοῦ

156 417 285 450 λαϐόντος
299 418 366 454 (56⁸)
388 419 575 452 εἰσδέξασθαι,
601 421 648 447 καὶ
662 421 710 447 τοῦ
731 423 880 457 προνομίου
895 423 946 457 τῆς

154 464 283 495 ἀσεϐείας
299 464 338 499 τῷ
350 464 470 500 δευτέρῳ
487 465 525 502 μὴ
539 466 714 498 ἐξίστασθαι·
734 468 780 494 τοῦ
797 469 826 494 δὲ
841 468 945 496 Θεοδώ-

156 518 205 545 ρου
219 510 322 545 ταύτην
344 511 531 544 ἀντισπῶντος
547 513 590 545 ἐφ’
606 513 713 544 ἑαυτὸν,
727 514 774 540 καὶ
791 514 829 549 μὴ
844 515 947 550 πατρό-

155 555 202 581 θεν
217 555 273 590 (57)
296 556 329 582 ἐκ
343 556 392 582 τοῦ
413 555 542 588 λαϐόντος
563 557 677 594 δευτέρᾳ
692 558 767 584 δόσει
789 561 945 595 μετασχεῖν,

154 600 214 627 ἀλλ’
229 602 261 627 ὲκ
275 601 325 636 τῆς
341 601 455 637 πρώτης
472 602 588 637 δωρεᾶς,
606 603 654 630 καὶ
668 604 730 630 ὅθεν
745 605 759 630 ὁ
776 605 868 640 πατὴρ
882 605 947 632 ταύ-

153 654 205 680 την
221 646 356 675 εἵλκυσεν.
369 647 497 682 Ἔμεινεν
508 645 555 674 οὖν
570 649 586 682 ή
600 649 713 685 τοιαύτη
728 650 822 682 στάσις
837 651 884 677 καὶ
902 659 947 686 φι-

157 691 280 718 λονεικία
293 693 374 728 μέχρι
388 694 436 720 τοῦ
460 693 657 729 ὲϐδελυγμένου
680 695 773 727 τέλους
789 696 839 731 τῆς
858 696 947 722 αὐτῶν

154 737 373 774 δυσσεϐεστάτης
386 739 507 774 ζωῆς.¹0
516 740 543 767 δὲ
556 741 588 767 ὲκ
604 741 805 776 Γερμανικείας
817 742 867 776 τῆς
877 742 947 769 κατὰ

154 784 256 819 Συρίαν
270 784 346 811 Λέων
362 785 428 819 (57‘)
444 786 594 821 τηνικαῦτα
611 788 645 814 τὰ
661 787 788 823 σκῆπτρα
807 787 858 822 τῆς
881 787 946 814 Ῥω-

156 831 260 865 μαῖκῆς
285 832 374 867 ἀρχῆς
402 832 458 868 (58)
477 833 678 869 ὲνεχειρίξετο·
698 833 727 865 ὃς
747 833 782 860 τὰ
808 834 873 870 περὶ
893 834 947 861 τῶν

995 242 1189 270 altercantibus
1208 241 1261 269 illis
1280 245 1334 268 tam
1357 245 1456 268 natura
1470 248 1552 276 quam
1570 241 1709 275 impietate
1729 241 1783 268 l'ra-

995 288 1094 319 tribus,
1114 288 1169 315 alio
1188 287 1297 323 quidem
1309 287 1417 315 dicente
1427 307 1434 320 ,
1450 287 1560 314 missam
1578 294 1593 313 a
1609 287 1689 314 Patre
1701 287 1783 314 desu-

994 339 1044 366 per
1056 331 1170 367 gratiam
1189 332 1224 359 ab
1240 339 1282 364 eo,
1301 331 1346 366 qui
1369 336 1530 366 acceperat,
1551 339 1581 359 se
1599 331 1754 366 suscepisse
1775 340 1783 358 :

995 385 1079 412 seque
1094 378 1283 413 praefecturam
1307 378 1455 413 impietatis
1473 378 1594 405 secundo
1617 386 1672 405 non
1689 385 1783 405 cessu-

995 431 1054 450 ram
1070 431 1146 457 esse;
1166 423 1311 451 Theodoro
1329 428 1422 451 autem
1449 424 1520 451 hanc
1540 423 1573 451 ad
1598 431 1628 450 se
1648 424 1783 456 trahente,

995 477 1029 497 ac
1046 469 1154 497 dicente
1177 477 1207 498 se
1221 477 1277 497 non
1295 478 1310 497 a
1325 469 1405 496 Patre
1420 477 1456 497 ex
1473 469 1544 503 ejus,
1559 470 1604 504 qui
1620 473 1782 504 acceperat,

996 523 1079 543 manu
1095 516 1172 551 quasi
1194 516 1314 544 secundo
1333 517 1405 544 dono
1421 516 1572 550 accepisse.
1588 516 1635 543 sed
1647 523 1680 543 ex
1696 516 1784 550 primo

996 562 1079 592 dono.
1094 566 1122 589 et
1139 561 1202 589 inde
1220 562 1360 593 hausisse,
1379 562 1451 589 unde
1470 561 1551 589 Pater
1576 566 1704 589 traxerat.
1721 561 1785 590 Haec

997 615 1080 643 porro
1098 608 1196 635 seditio
1216 607 1410 642 contentioque
1425 607 1459 634 ad
1480 615 1568 642 usque
1583 608 1662 635 linem
1681 608 1785 643 impiis—

997 653 1073 680 simaa
1086 653 1227 680 amborum
1239 653 1302 681 vitae
1316 653 1513 688 perseveravit.
1530 653 1584 680 Leo
1599 659 1701 685 autem,
1716 653 1785 680 Ger—

997 698 1120 725 manicize
1136 698 1163 725 in
1179 697 1255 733 Syria
1274 702 1361 729 ortus,
1375 703 1441 725 tunc
1454 696 1568 725 Romani
1582 697 1688 732 imperii
1706 705 1786 732 scep-

999 748 1038 770 tra
1053 743 1256 776 moderabatur,
1271 743 1319 778 qui
1335 743 1486 778 compertis
1498 743 1721 778 impiissimorum
1737 743 1787 770 ho-

998 789 1102 816 minum
1118 789 1219 825 gestis,
1238 789 1410 825 Gegnzesium
1434 789 1588 817 accersivit.
1607 789 1675 816 Cum
1694 793 1785 816 autem

999 835 1083 870 probe
1098 835 1181 862 sciret
1203 835 1263 863 haec
1278 835 1450 862 examinandi
1474 835 1519 869 jus
1538 842 1592 862 non
1608 834 1659 861 sibi
1677 842 1786 869 compe-

153 876 345 904 ἀσεϐεστάτων
365 878 469 904 τούτων
490 878 647 913 ἀντιμαθὼν,
676 878 873 914 μετάπεμπτον
896 878 944 913 μὲν

999 886 1065 914 tere,
1082 889 1157 908 reum
1173 881 1207 908 ad
1226 881 1408 915 patriarcham
1427 880 1499 908 illius
1523 880 1657 914 temporis
1671 879 1785 911 remisit,

154 923 274 949 multa:
298 923 344 950 τὸν
368 924 535 958 Γεγναίσιον.
561 925 617 951 Οὐκ
642 924 712 959 ἔχων
737 924 766 951 δὲ
790 925 883 959 κρίσιν
911 924 946 951 τὰ

153 968 268 996 τοιαῦτα
281 969 431 1005 διερευνᾷν,
448 970 493 996 καὶ
505 970 585 996 τοῦτο
598 969 688 1002 καλῶς
703 969 829 1001 συνειδὼς
841 989 849 1001 ,
865 969 946 1001 αὐτὸς

155 1015 207 1049 μὲν
226 1014 277 1041 οὐκ
287 1015 410 1047 ἐξετάζει
423 1015 470 1042 τὸν
481 1015 650 1043 αἱτιαθὲντω
663 1015 701 1051 τῷ
708 1015 738 1042 δὲ
752 1015 822 1042 κατὰ
834 1015 946 1050 καιροὺς

153 1060 210 1087 τῶν
224 1061 370 1096 ἱερατικῶν
382 1061 485 1097 θρόνων
499 1061 550 1097 τὴν
567 1061 714 1097 προεδρίαν
730 1061 839 1097 λαχόντι
853 1061 946 1093 ἐξετα-

155 1106 324 1142 σθησὸμενον
339 1107 409 1143 ὑπὲρ
424 1108 475 1143 τῆς
500 1107 648 1143 θρησκείας
669 1107 830 1143 διαπέμπει.
851 1107 946 1142 Λόγων

153 1150 202 1179 οὖν
214 1152 322 1179 πολλῶν
333 1153 400 1188 πρὸς
411 1153 458 1180 τὸν
471 1153 629 1188 ἀποστάτην
645 1153 882 1189 προεληλυθότων,
897 1153 946 1180 καὶ

152 1199 188 1225 τὰ
212 1198 262 1232 μὲν
280 1199 335 1225 τῶν
352 1199 546 1234 ἀσεϐημάτων,
566 1199 604 1230 ὡς
628 1199 688 1230 ἔθος
703 1199 805 1232 αὐτοῖς,
831 1199 875 1225 διὰ
896 1199 946 1235 τῆς

154 1245 297 1280 ἀρνήσεως
318 1245 502 1280 ἀποδυομένου
515 1265 523 1277 ,
543 1245 578 1272 τὰ
596 1245 636 1277 δὲ,
658 1245 780 1280 ῥήμασιν
793 1245 946 1281 ὀρθοδόξοις

154 1290 390 1326 ὲπιχρωννύντος,.
405 1293 453 1318 καὶ
476 1290 516 1326 τῷ
536 1291 700 1326 πολυπλόκῳ
714 1291 769 1318 τῶν
789 1291 945 1326 μεταϐολῶν

153 1332 188 1370 ἧς
199 1334 291 1369 ἔνοχος
304 1332 340 1370 ἧν
356 1335 541 1367 ἀποστασίας,
555 1335 749 1368 διεισδύνοντός
764 1344 793 1362 τε
807 1337 855 1363 καὶ
865 1335 946 1363 διολι-

154 1380 327 1414 σθαίνοντος,
346 1381 364 1416 ἡ
388 1381 442 1408 τῶν
465 1381 610 1417 ἀκροατῶν
630 1381 720 1417 ψῆφος
734 1382 850 1418 ἀρεώρα
875 1382 945 1417 πρὸς

152 1425 289 1453 ἁθώωσιν·
312 1426 360 1454 καὶ
377 1428 392 1454 δ
412 1427 502 1463 πάσης
520 1427 647 1460 ἀσεϐείας
668 1428 776 1464 πλήρης
798 1428 946 1461 ἀνεύθυνος

152 1469 224 1498 εἶναι
246 1472 301 1498 τῶν
320 1473 515 1508 ὲπικλημάτων
533 1473 684 1509 ἐνομίζετο.
702 1474 734 1500 Ol
748 1473 777 1500 δὲ
796 1474 889 1508 λόγοι,
907 1475 945 1507 ὡς

152 1516 188 1543 ἂν
206 1516 223 1552 ή
247 1516 365 1553 μίμησις
383 1517 472 1550 εἴποι,
490 1517 605 1554 τοιούτῳ
619 1518 796 1546 διετυποῦντο
812 1519 942 1555 σχήματι”

155 1569 167 1586 ε
179 1561 229 1588 Διά
246 1562 283 1593 τί,
300 1562 383 1597 φησὶν
397 1563 412 1589 ὁ
424 1563 610 1598 πατριάρχης,
628 1560 651 1590 ὦ
667 1560 758 1597 οὗτος,
773 1564 823 1599 τὴν
837 1563 945 1599 ὀρθόδο-

153 1607 198 1639 ξον
213 1608 366 1644 ἀπηρνήσω
382 1607 492 1641 πίστιν;
509 1617 518 1634 ι
542 1608 571 1636 '0
583 1609 612 1636 δὲ
625 1609 784 1645 ἀποστάτης
799 1609 846 1636 τὸν
860 1611 945 1646 ἀρνη-

152 1653 273 1687 σάμενον
293 1653 342 1688 τὴν
357 1653 497 1689 ὀρθόδοξον
515 1654 624 1686 πίστιν,
647 1654 773 1690 ἀνάθεμα
795 1652 865 1682 εἷναι
891 1655 944 1682 ὑπ-

151 1698 289 1734 εκρίνατο,
304 1699 444 1735 ὁρθόδοξον
457 1700 548 1728 καλῶν
560 1701 591 1727 τὸ
603 1701 704 1728 οἰκεῖον
717 1701 855 1737 ἀσέϐημα.
868 1701 945 1728 Ἐπεὶ

150 1744 180 1771 δὲ
195 1745 243 1771 καὶ
257 1746 372 1781 δευτέρα
386 1746 522 1782 προῆλθεν
534 1745 679 1782 ἐρώτησις
699 1755 709 1773 t
723 1747 772 1773 Διὰ
782 1747 808 1774 τί
821 1747 852 1773 οὐ
861 1755 946 1783 προσ-

152 1792 247 1822 κυνεῖς
263 1791 310 1818 καὶ
323 1791 523 1827 περιτιτύσσεις
539 1792 587 1819 τὸν
598 1792 715 1828 σταυρὸν
725 1793 772 1819 τοῦ
785 1793 919 1828 Χριστοῦς
932 1802 942 1818 ι

150 1836 166 1862 ὁ
185 1836 344 1871 ἀποστάτης
369 1837 452 1864 πάλιν
468 1839 502 1873 τῇ
528 1837 612 1874 ὁμοίᾳ
623 1838 679 1874 ἀρᾷ
699 1839 746 1865 τὸν
771 1838 809 1874 μὴ
823 1847 944 1874 προσκυ-

151 1881 252 1908 νοῦντα
262 1881 308 1908 τὸν
320 1881 452 1914 ζωοποιὸν
466 1883 582 1919 σταυρὸν
593 1883 813 1919 περιεπιμπετο,
829 1884 945 1920 σταυρὸν

150 1929 166 1953 ὁ
179 1928 268 1963 πάσης
282 1929 351 1964 ἀρᾶς
370 1929 472 1964 ἔνοχος,
484 1930 532 1956 καὶ
544 1929 578 1956 τὰ
591 1929 648 1957 ἀνω
662 1930 738 1957 κάτω
753 1929 849 1962 ποιῶν,
863 1930 945 1958 αὑτὸν

150 1973 298 2001 ἀποκαλῶν
320 1974 366 2001 τὸν
391 1974 509 2010 Χριστόν
535 1974 602 2010 (59).
629 1975 668 2011 Τῇ
691 1975 746 2011 γὰρ
771 1975 826 2002 τῶν
845 1975 945 2011 χειρῶν

150 2018 263 2045 ἐκτάσει
282 2019 374 2052 αὐτὸς,
389 2021 467 2056 φησι,
483 2020 612 2056 διέγραψε
625 2020 670 2047 τὸν
686 2021 816 2057 σταυρόν.
835 2022 891 2049 Καὶ
910 2021 945 2049 τὰ

152 2064 204 2099 μὲν
219 2065 330 2100 ῥήματα
346 2063 418 2101 ἦσαν
429 2066 477 2093 τοῦ
495 2067 612 2102 θεάτρου
631 2067 688 2102 (60)
703 2068 750 2094 καὶ
762 2067 851 2100 κοινὰ,
865 2068 899 2095 τὰ
915 2068 944 2095 δὲ

149 2110 195 2136 διὰ
216 2110 270 2137 τῶν
295 2112 427 2146 ῥημάτων
446 2112 614 2148 δηλούμενα,
638 2114 689 2149 τῆς
711 2114 880 2145 ἀποστασίας
897 2114 944 2141 καὶ

152 2155 282 2189 μυστικά.
316 2156 378 2183 Ἐπὶ
399 2156 504 2190 τούτοις
529 2158 661 2193 ἔρωτᾶτο·
694 2168 703 2185 t
723 2159 756 2185 Τί
771 2159 871 2194 δήποτε
894 2159 944 2194 τὴν

997 926 1044 960 qui
1059 925 1094 953 de
1117 925 1246 961 religione
1268 926 1328 960 ejus
1348 925 1527 960 qumstionem
1551 924 1674 952 haberet.
1694 923 1787 951 Multis

997 972 1088 1007 itaque
1103 972 1202 999 habitis
1216 979 1279 998 cum
1294 976 1417 1006 apostata
1437 970 1590 1005 colloquiis,
1606 978 1669 998 cum
1696 969 1741 997 ille
1757 970 1786 997 in

996 1017 1159 1052 quibusdam
1174 1017 1309 1053 negando,
1327 1021 1358 1044 ut
1374 1024 1434 1044 mos
1448 1016 1515 1051 ipsis
1529 1020 1605 1047 erat,
1619 1015 1786 1047 elaberetur,

996 1063 1024 1091 in
1041 1064 1100 1091 aliis
1114 1068 1205 1091 autem
1225 1063 1388 1091 defectionis
1403 1067 1431 1090 et
1442 1062 1586 1097 apostasia:
1605 1069 1661 1089 sua:
1673 1066 1786 1089 senten-

997 1109 1062 1136 tiam
1076 1109 1236 1136 orthodoxis
1252 1109 1345 1137 verbis
1363 1108 1564 1143 multiplicique
1581 1115 1679 1135 vocum
1697 1111 1786 1134 muta-

996 1155 1071 1183 tione
1091 1155 1247 1190 obtegeret.
1273 1160 1355 1189 atque
1375 1155 1411 1181 ita
1435 1162 1449 1181 a
1477 1154 1594 1181 crimine
1620 1153 1786 1184 declinaret,

997 1201 1150 1229 auditorum
1167 1201 1288 1228 calculus
1308 1201 1364 1234 jam
1381 1200 1415 1227 ad
1430 1207 1493 1227 eum
1507 1200 1682 1227 innocentem
1695 1198 1787 1226 decla-

996 1248 1111 1275 randum
1146 1252 1256 1283 paratus
1285 1251 1363 1275 erat:
1391 1251 1420 1274 et
1446 1246 1612 1274 omnimodae
1637 1244 1787 1280 impietatis

996 1294 1079 1321 homo
1091 1293 1228 1324 innoxius,
1242 1296 1270 1320 et
1280 1293 1315 1320 ab
1328 1293 1404 1320 omni
1421 1291 1538 1319 crimine
1550 1299 1636 1326 purus
1649 1291 1788 1319 existima-

995 1337 1087 1365 batur.
1115 1337 1276 1372 Hujusmodi
1315 1341 1406 1364 autem
1442 1339 1523 1368 erat,
1540 1335 1655 1370 exempli
1681 1335 1785 1370 gratia,

995 1382 1124 1417 colloquii
1155 1382 1264 1409 forma:
1287 1390 1296 1408 ι
1324 1381 1398 1409 Heus
1413 1387 1442 1409 tu
1455 1401 1462 1414 ,
1489 1382 1597 1409 diccbat
1612 1381 1786 1415 Patriarcba,

995 1435 1080 1463 quare
1101 1427 1281 1455 orthodoxam
1308 1428 1388 1455 [idem
1415 1427 1537 1463 negasti?
1556 1437 1565 1452 ι
1597 1426 1787 1461 Respondebat

995 1476 1137 1507 apostata,
1166 1479 1229 1499 eum
1245 1492 1253 1505 ,
1270 1472 1317 1506 qui
1340 1471 1521 1498 orthodoxam
1548 1470 1628 1497 ﬁdem
1656 1473 1785 1505 negaret,

995 1518 1140 1546 anathema
1167 1525 1248 1550 esse,
1279 1517 1460 1544 orthodoxam
1490 1523 1592 1543 vocans
1618 1515 1786 1550 impietatth

996 1570 1085 1590 suam.
1112 1562 1182 1590 Hinc
1201 1562 1285 1589 altera
1305 1561 1445 1596 proposita
1464 1557 1615 1596 quaestione
1635 1569 1641 1586 :
1663 1568 1672 1586 ‹
1697 1559 1788 1592 Quare

996 1615 1105 1635 crucem
1113 1607 1214 1635 Christi
1224 1615 1277 1634 non
1286 1607 1428 1640 adoras,et
1435 1605 1629 1641 amplecteris?
1642 1615 1651 1631 ι
1667 1604 1713 1632 llle
1723 1613 1789 1633 vero

996 1654 1054 1689 pari
1071 1653 1254 1680 maledictioni
1270 1660 1349 1685 eum,
1365 1652 1412 1687 qui
1433 1651 1570 1679 viviﬁcam
1593 1658 1704 1678 crucem
1731 1658 1789 1678 non

995 1699 1134 1732 adorarct,
1149 1698 1321 1734 subjiciebat.
1340 1699 1375 1725 At
1391 1697 1435 1725 ille
1449 1697 1524 1724 omni
1545 1696 1732 1724 exsecratione
1744 1695 1787 1723 di-

996 1752 1066 1780 gnus
1081 1744 1174 1775 homo,
1189 1743 1237 1778 qui
1252 1743 1348 1771 omnia
1362 1750 1463 1778 susque
1477 1742 1566 1777 deque
1581 1741 1713 1774 vertebat,
1726 1748 1789 1767 cru-

996 1798 1056 1818 cem
1074 1790 1189 1818 vocabat.
1202 1789 1292 1825 ipsum
1306 1789 1446 1817 Christum
1456 1808 1464 1821 ,
1481 1789 1527 1823 qui
1543 1795 1674 1815 manuum
1687 1791 1785 1814 exten-

996 1836 1074 1864 sione
1090 1843 1201 1864 crueem
1222 1835 1387 1863 deliueabat.
1411 1835 1451 1862 Ac
1473 1834 1557 1862 verba
1575 1833 1685 1868 quidem
1709 1836 1789 1860 erant

996 1883 1128 1911 tlteatrica
1144 1887 1173 1910 et
1184 1882 1355 1912 communia.
1374 1882 1421 1908 sed
1436 1888 1468 1908 ea
1480 1900 1489 1912 ,
1504 1887 1565 1915 qua:
1579 1879 1670 1907 verbis
1683 1879 1788 1914 signiﬁ-

996 1929 1139 1960 cabantur,
1165 1927 1311 1962 apostasia:
1332 1926 1442 1961 propria
1463 1929 1491 1953 et
1507 1924 1631 1960 mystica.
1657 1923 1787 1952 Sciscita-
1838 1921 1841 1923 ’

995 1975 1075 2002 batur
1091 1974 1191 2001 iterum
1207 1982 1214 2000 :
1234 1983 1244 1999 ι
1262 1972 1317 2000 Cur
1342 1972 1544 1999 sanctissmtam
1578 1970 1719 2005 Deiparam
1738 1969 1787 1996 dc-

995 2020 1052 2048 bito
1069 2019 1173 2047 honore
1190 2024 1218 2047 et
1230 2019 1388 2047 adoratione
1402 2026 1457 2045 non
1470 2017 1609 2053 dignaris?
1625 2026 1634 2042 ›
1651 2016 1707 2047 Ille,
1721 2023 1787 2043 con-

995 2071 1074 2095 sueto
1088 2067 1140 2094 sibi
1154 2074 1241 2099 more,
1258 2066 1402 2093 anathema
1420 2065 1487 2092 dixit
1501 2065 1528 2091 in
1542 2071 1590 2091 eos
1603 2063 1648 2098 qui
1664 2067 1786 2091 sanctam

995 2112 1138 2148 Dciparam
1152 2120 1207 2139 non
1217 2112 1350 2144 adorent;
1365 2111 1521 2146 adiecitque
1530 2117 1560 2137 se
1576 2109 1649 2136 illam
1660 2108 1787 2143 amplecti

995 2163 1023 2186 et
1036 2158 1143 2189 colere,
1160 2158 1188 2185 in
1209 2165 1292 2192 quam
1311 2157 1468 2192 ingressus,
1492 2158 1520 2182 et
1538 2163 1572 2182 ex
1588 2161 1641 2189 qua
1661 2161 1788 2189 egressus

150 2200 290 2234 παναγίαν
305 2201 360 2236 (61)
378 2202 510 2229 Θεοτόκον
526 2203 576 2238 τῆς
590 2204 772 2240 ὀφειλομένης
790 2205 873 2241 τιμῆς
895 2204 943 2232 καὶ

998 2210 1039 2233 est
1053 2204 1182 2232 Dominus
1194 2208 1287 2231 noster
1298 2202 1378 2230 Jcsus
1387 2202 1522 2234 Christus,
1537 2208 1652 2235 eamque
1666 2200 1788 2227 omnium

149 2247 366 2283 προσκυνήσεως
378 2249 428 2276 οὐκ
440 2249 543 2282 ἀξιοῖς;
561 2260 569 2276 ι
595 2251 624 2277 ὐ
642 2250 672 2277 δὲ
685 2251 716 2278 τὸ
731 2251 847 2286 σύνηθες
859 2251 942 2278 αὑτοῦ

149 2293 198 2318 καὶ
215 2288 246 2319 οὗ
264 2294 369 2329 μήποτε
384 2295 488 2331 διέστη,
504 2296 629 2332 ἀνάθεμα
643 2297 715 2324 κατὰ
731 2297 786 2324 τῶν
804 2297 842 2333 μὴ
856 2306 942 2333 προσ-

149 2338 304 2366 κυνούντων
322 2340 372 2375 τὴν
397 2341 477 2376 ἁγίαν
491 2342 632 2376 Θεοτόκον,
650 2343 816 2378 ἀπέρριπτε,
831 2351 942 2379 προστι-

149 2384 208 2417 θεὶς
224 2386 395 2418 ἀσπάζεσθαι
408 2388 457 2415 καὶ
472 2388 635 2420 σεϐάζεσθαι
645 2389 741 2426 αὐτὴν,
754 2389 784 2415 ὲν
797 2386 814 2427 ᾖ
827 2389 942 2425 ἐξῆλθεν

995 2255 1119 2278 nostrum
1139 2257 1200 2278 esse
1221 2254 1347 2277 matrem.
1365 2249 1430 2276 Haec
1444 2248 1575 2275 subdolus
1598 2247 1642 2274 illc
1658 2250 1788 2273 oretenus

995 2297 1090 2324 dicens
1102 2316 1110 2329 ,
1130 2295 1283 2324 secundum
1301 2294 1497 2322 exsecrandam
1518 2294 1578 2328 ejus
1603 2291 1787 2319 iuitiationem

995 2348 1078 2379 atque
1091 2343 1255 2371 sententiam
1266 2363 1274 2375 ,
1291 2350 1345 2377 qua
1361 2348 1508 2376 supernam
1523 2339 1674 2367 Jerusalem
1691 2338 1789 2373 Deipa—

995 2397 1054 2417 ram
1073 2396 1134 2416 esse
1149 2387 1323 2424 contingebat
1340 2386 1558 2420 simulabatque,
1576 2385 1604 2412 in
1622 2391 1703 2419 quam
1719 2391 1788 2418 pne-

697 2455 815 2483 VABIIE
832 2455 1026 2484 LECTlONES
1041 2456 1087 2484 ET
1106 2456 1223 2485 NOTAE.

187 2507 243 2547 ίξϐ)
263 2510 456 2547 ᾼιαιρεθεῒσα,
468 2511 507 2538 ita
519 2511 609 2539 scribo
624 2519 673 2546 pro
682 2511 846 2547 διερεθεῖσα.
858 2516 941 2547 prout

148 2548 178 2571 et
190 2543 299 2582 _l_l_amb.r
308 2543 392 2582 codex
403 2550 440 2582 Aet
453 2543 638 2581 grammaticae
654 2543 774 2574 rationes
788 2543 938 2582 postulant.

186 2579 254 2614 (ὅθ’)
273 2581 343 2613 Περὶ
363 2580 417 2608 τοῦ
436 2579 591 2614 λαϐόντος.
607 2582 636 2609 ld
655 2582 706 2609 sibi
723 2579 805 2609 homo
821 2583 941 2610 voluisse

147 2614 272 2652 videtur,
294 2616 367 2652 quod
382 2623 397 2643 a
417 2616 498 2644 Patre
522 2625 571 2652 per
590 2617 730 2645 Christum
752 2617 844 2652 gratia:
868 2618 941 2646 dona

148 2650 297 2687 acceperit,
314 2651 438 2687 alludens
453 2650 569 2679 forte'ad
585 2653 684 2687 Ephes.
699 2661 735 2684 iv,
752 2650 779 2680 8.

186 2685 244 2720 (57)
265 2685 327 2722 Ἐφ’
340 2686 458 2718 ἑαυτὸν,
478 2687 527 2714 καί
545 2687 589 2722 μὴ
608 2685 765 2722 πατρόθεν.
783 2687 821 2715 lta
836 2695 869 2715 ex
887 2687 943 2716 No-

148 2724 208 2758 stro
228 2721 336 2758 restitui
345 2729 394 2758 pro
403 2729 436 2749 eo
450 2722 522 2757 quod
535 2721 676 2758 legebatur
689 2732 695 2750 :
714 2722 756 2757 ἐφ’
775 2722 865 2758 ἑαυτῷ
879 2723 940 2750 οὐκ.

147 2755 301 2796 pensentit
317 2755 510 2796 Collrertinus,
534 2755 593 2796 nisi
610 2758 683 2796 quod
699 2755 757 2796 pro
777 2758 822 2796 se“
847 2755 942 2796 ἑαυῖρν

146 2790 215 2829 legit
235 2790 277 2825 ἐφ’
292 2791 399 2829 ἐαυτῷ..
418 2793 547 2829 Eamdem
559 2790 678 2829 phrasin
699 2790 756 2828 lege
777 2790 845 2820 in'lra
863 2793 877 2829 §
898 2793 942 2820 l9.

149 2826 257 2863 §cusus
275 2826 377 2854 nostra:
393 2827 519 2855 lectionis
542 2826 631 2855 clarus
651 2833 693 2855 est
704 2849 710 2861 ,
726 2826 853 2862 scilicet,
865 2826 942 2863 quod

148 2861 313 2890 'llteodorus
326 2870 386 2890 eam
401 2863 451 2891 sibi
468 2863 612 2892 vindicarit
627 2864 834 2900 prterogativum
844 2885 851 2898 ,
869 2861 941 2899 quod

994 2520 1009 2539 a
1024 2511 1103 2540 Patre
1119 2512 1239 2548 ἀμέσως,
1256 2511 1331 2538 nullo
1343 2510 1493 2545 interprete
1504 2513 1551 2536 aut
1565 2508 1683 2543 parario,
1694 2509 1787 2544 gratia:

993 2548 1064 2576 dona
1079 2547 1215 2582 acceperit

1030 2583 1105 2618 (57'),
1117 2579 1211 2610 Λέων.
1231 2581 1314 2618 Estis
1329 2581 1388 2618 Leo
1401 2580 1527 2612 Isaurus,
1544 2579 1589 2615 qui
1606 2584 1633 2607 et
1655 2579 1756 2606 diserte
1770 2586 1786 2606 a

994 2616 1077 2645 Petro
1088 2616 1195 2648 Siculo.
1210 2616 1301 2652 p.748,
1315 2616 1484 2652 nominatur.

1031 2652 1086 2687 (58)
1110 2649 1224 2687 Ἃρχῆςζ
1242 2651 1405 2687 Restituiex
1421 2649 1531 2678 Nostro.

1033 2685 1089 2724 (59)
1114 2685 1414 2724 Τῦᾖακρισιτόνῖηνίιιθ
1436 2694 1517 2721 supra
1541 2685 1555 2721 ᾗ
1579 2686 1606 2718 8,
1631 2693 1664 2712 cx
1686 2691 1740 2719 quo
1759 2689 1786 2711 et

997 2721 1139 2758 sequentia
1157 2721 1284 2758 illustrari
1299 2721 1408 2758 debent.

1033 2754 1088 2793 (60)
1111 2757 1170 2784 Τοῦ
1191 2756 1326 2790 θεάτρου.
1347 2757 1382 2793 ω
1408 2756 1462 2793 sibi
1483 2755 1576 2790 procul
1602 2754 1692 2793 (lubio_
1707 2755 1784 2793 vult.

998 2790 1094 2821 iisdem
1117 2793 1209 2820 verbis
1225 2800 1323 2819 usuros
1341 2792 1425 2820 fuisse
1440 2792 1507 2818 alios
1528 2798 1631 2822 omnes,
1647 2790 1693 2824 qui
1717 2790 1786 2816 forte

997 2829 1029 2856 ad
1047 2829 1104 2855 hazc
1116 2827 1249 2855 audienda
1263 2827 1374 2854 admissi
1390 2831 1478 2854 erant.

1032 2863 1088 2899 (61)
1101 2863 1264 2898 Παναγίαν.
1273 2862 1310 2891 lta
1316 2862 1424 2891 Noster;
1434 2860 1616 2889 Coislinianus
1622 2867 1686 2888 vero
1694 2860 1785 2895 ἁγίαν.
