1931 3082
178 112 212 143 55
747 114 880 145 PHOTII
899 114 965 144 ΡΛἸ

1018 114 1154 143 ARClI/E
1173 110 1229 144 ΟΡ.
1759 115 1791 146 56

178 176 316 196 cursorem
344 177 394 204 pro
419 170 499 198 nobis
522 169 672 206 ingressum
699 171 783 199 fuisse
800 171 958 203 Christum,

1016 171 1057 197 ιιαὶ
1071 170 1196 206 εἰσῆλθεν
1216 172 1230 197 ὁ
1246 170 1346 206 Κύριος
1362 170 1440 206 ὴμῶν
1463 169 1566 206 Ἰησοῦς
1588 170 1722 205 Χριστὸς,
1745 172 1792 206 τὴν

178 215 299 250 Apostoli
313 216 394 243 verba
409 217 565 251 prmdicant.
582 217 682 250 Quarta
698 218 747 253 ipsi
763 218 879 252 quaestio
898 225 960 252 pro-

179 262 350 294 ponebatur:
380 271 389 287 ι
420 262 475 290 Cur
501 263 701 291 immaculatum
734 270 762 291 et
789 264 960 291 tremendum

177 306 289 338 Christi,
306 306 352 333 Dei
368 307 454 334 nostri
465 327 472 338 ,
491 315 589 342 corpus
602 312 631 335 et
646 309 805 344 sanguinem
820 311 962 336 contume-

179 351 222 385 liis
242 351 358 379 adiceret
375 357 404 379 et
433 357 582 388 respueret,
611 361 700 388 neque
723 354 773 389 ipsi
800 353 961 389 participare

179 398 274 425 vellet?
286 408 295 423 ι
309 397 354 424 IIIe
364 399 572 427 seclestissimus
583 400 681 427 iterum
693 407 765 431 eum.
775 400 925 434 quicorpus
934 404 962 426 et

178 445 336 478 sanguinem
342 445 504 478 Christi,Dei
514 447 610 478 nostri,
619 447 790 474 contumeliis
798 446 926 478 alliceret,
935 450 962 473 et

177 493 253 515 extra
266 489 500 524 participationem
510 490 570 526 ejus
583 496 717 523 maneret,
732 492 906 519 anathemate
917 492 960 520 fe-

179 535 274 564 riebat.
290 543 389 570 corpus
408 541 435 563 et
446 537 605 572 sanguinem
625 537 777 573 intelligens
790 538 872 567 homo
885 539 962 566 dete-

178 581 301 613 standns,
317 590 370 609 non
384 590 444 617 quae
460 583 590 610 Dominus
600 587 694 611 noster
705 591 804 619 corpus
818 585 963 620 etsangui-

178 634 240 653 nem
260 628 380 656 vocanda
405 637 465 656 esse
493 629 596 662 docuit,
608 630 658 657 sed
686 629 825 658 Dominica
842 631 960 665 eloquia.

180 672 217 699 De
240 673 371 700 catholica
395 673 514 702 Ecclesia
538 675 721 710 interrogatus
738 695 745 708 ,
772 676 835 703 dum
864 675 961 703 similia

180 719 366 753 responderet.
391 728 440 755 per
458 721 621 748 catholicam
645 722 796 754 Ecclesium
817 722 962 749 confessus

179 765 389 793 Manichaeorum
414 766 601 801 intelligebat,
628 767 755 802 ipsosque
781 768 832 795 hoc
858 768 962 796 honore

179 810 322 839 alliciebat.
349 812 411 839 Haec
433 818 525 840 secuta
553 818 629 841 sexta
657 814 691 841 de
720 814 854 849 baptismo
876 815 963 841 inter-

179 856 284 891 rogatio
300 866 306 883 :
324 867 334 882 ι
353 857 423 884 Num
433 858 559 886 videlicet
580 859 670 894 ipsum
690 863 798 894 putaret
814 868 876 888 esse
898 869 963 895 pur—

178 903 314 936 gationem
340 904 437 931 animae
459 910 487 932 et
509 906 607 932 anima:
632 905 752 933 sordium
768 913 799 933 ac
825 907 964 934 lavacrum

177 950 347 978 remissionis
371 956 556 985 peccatorum.
583 961 592 977 ι
617 952 663 979 Ille
686 960 751 980 vero
774 953 832 988 pari
850 953 965 981 artiﬁcio

179 994 359 1030 ulacriterque
387 998 594 1032 responsionem
620 998 704 1031 dedit.
724 1006 777 1032 qua
800 999 964 1033 baptismum

178 1042 361 1069 venerabatur
378 1048 405 1070 et
416 1043 575 1072 admittebat
590 1054 596 1072 :
615 1048 642 1072 at
653 1052 702 1079 per
722 1045 849 1080 baptismi
869 1054 963 1073 vocem

179 1087 233 1120 illeI
252 1088 343 1115 omnia
358 1090 478 1117 miscens
496 1094 524 1117 et
540 1090 719 1124 confundens,
753 1091 898 1119 Dominum
911 1100 964 1120 no-

178 1137 264 1160 strum
278 1132 369 1162 Jesum
380 1134 518 1162 Christum
529 1137 734 1169 subindicabat;
752 1138 885 1172 scriptum
901 1145 964 1165 esse

179 1179 262 1211 enim,
278 1180 364 1214 ipsum
371 1188 431 1208 esse
442 1189 538 1216 aquam
549 1183 695 1210 viventem.
711 1183 755 1210 Sic
763 1183 885 1210 dolosum
898 1183 964 1211 illud

179 1229 206 1251 et
228 1225 307 1252 malis
330 1226 436 1254 artibus
445 1227 560 1262 plenum
581 1233 752 1261 monstrum;
768 1228 823 1262 ille,
841 1229 964 1263 inquam,

178 1268 224 1302 qui
234 1269 300 1297 nihil
308 1271 513 1306 onmlnohquod
526 1273 665 1300 catholica:
675 1274 862 1309 etapostolicaa
870 1274 964 1302 Eccle-

179 1315 227 1343 siae
241 1321 323 1348 esset,
335 1318 480 1348 sentiebat.
503 1319 558 1346 imo
568 1319 658 1355 potius
669 1320 760 1347 omnia
771 1320 822 1355 ipsi
830 1321 964 1349 contraria

179 1362 298 1394 fovebat,
323 1364 487 1397 sectabatur,
515 1366 706 1398 venerabatur,
727 1366 856 1401 quoniam
877 1367 965 1394 eccle-

180 1408 297 1435 siasticis
313 1409 403 1436 verbis
423 1410 468 1442 iis,
486 1411 532 1445 qui
557 1416 622 1438 tunc
639 1416 787 1446 prmsentes
810 1416 899 1444 erant,
913 1413 962 1441 ad-

180 1454 282 1481 versari
308 1462 364 1482 non
378 1455 537 1490 videbatur;
558 1465 671 1491 quarum
696 1458 843 1486 involucris
866 1466 964 1486 vocum

1008 216 1119 252 μητέρα
1132 217 1241 243 πάντων
1252 218 1268 252 ὴ
1273 216 1340 252 μῶν.
1354 216 1446 243 Ταῦτα
1469 216 1497 243 δὲ
1512 218 1526 244 ό
1539 216 1625 248 δόλιος
1638 217 1671 252 τῇ
1686 216 1792 253 γλώττῃ

1010 262 1107 295 λέγων,
1118 262 1188 288 κατὰ
1197 262 1246 297 τὴν
1256 263 1380 298 μυσαρὰν
1391 261 1474 289 αὑτοῦ
1484 262 1594 297 τελετὴν
1604 262 1652 289 καὶ
1662 263 1791 295 διάνοιαν,

1010 309 1058 345 τὴν
1075 308 1130 335 ἄνω
1162 308 1340 343 Ἰερουσαλὴμ
1358 309 1531 343 saxove-mist
1556 309 1604 335 καὶ
1626 309 1793 335 ἀνέπλαττεν

1011 353 1150 383 Θεοτόκονῖ
1166 354 1196 380 ὲν
1210 362 1226 390 ῃ
1246 354 1294 379 καὶ
1313 353 1464 388 πρόδρομον
1481 353 1551 388 ὑπὲρ
1569 353 1648 387 ἡμῶν
1665 353 1794 380 εἰσελθεῖν

1011 400 1054 425 τὸν
1065 399 1192 434 Χριστὸν,
1204 399 1238 426 τὰ
1251 399 1299 425 τοῦ
1315 399 1477 425 Ἀποστόλου
1487 398 1620 433 κηρύσσει
1631 398 1791 433 διδάγματα.

1012 446 1147 480 Τέταρτον
1160 446 1199 477 είς
1209 445 1343 480 ἐρώτησιν
1361 445 1443 471 αὑτοῦ
1464 444 1519 479 (6‘2)
1534 444 1691 480 προῦκειτο,
1704 445 1731 471 τί
1749 444 1794 478 δή·

1011 499 1076 518 ποτε
1091 492 1224 527 ἄχραντον
1239 492 1286 518 καὶ
1303 492 1416 527 φρικτὸν
1434 491 1513 526 σῶμα
1526 492 1572 518 καὶ
1591 489 1661 526 αἷμα
1675 490 1792 525 Χριστοῦ

1010 537 1058 564 τοῦ
1069 537 1136 564 Θεοῦ
1148 537 1226 573 ἡμῶν
1237 537 1343 574 ὑϐρίζει
1352 546 1381 563 τε
1391 538 1437 564 καὶ
1445 537 1582 569 διαπτύει,
1592 537 1640 563 καὶ
1651 538 1794 571 μετασχεῖν

1011 584 1100 612 αὐτῶν
1124 582 1175 611 οὐκ
1205 584 1341 619 ἀνέχεται.
1369 583 1397 610 '0
1425 583 1454 610 δὲ
1484 583 1685 619 τρισαλιτηριος
1714 583 1794 610 πάλιν

1012 632 1057 658 τόν
1067 639 1097 657 τε
1112 631 1236 666 ἀτιμίαις
1251 631 1389 664 ὑπάγοντα
1400 630 1430 657 τὸ
1442 630 1521 665 σῶμα
1537 631 1583 656 καὶ
1596 628 1666 664 αἷμα
1678 629 1794 664 Χριστοῦ

1012 676 1058 705 τοῦ
1069 676 1136 703 Θεοῦ
1148 676 1227 711 ἡμῶν
1240 677 1285 703 καὶ
1294 676 1338 702 τὸν
1349 676 1398 711 τῆς
1412 677 1527 711 μετοχῆς
1534 676 1623 703 αὐτῶν
1636 676 1688 707 ἐξω
1701 675 1795 710 διαμέ-

1011 731 1090 749 νοντα
1103 721 1143 758 τῷ
1163 722 1314 756 ὰναθέματι
1338 722 1500 757 παρετίθετο
1518 731 1524 738 ·
1540 722 1621 758 σῶμα
1649 721 1729 748 πάλιν
1751 721 1796 748 καὶ

1010 765 1082 802 αἷμα.
1093 769 1107 794 ὸ
1124 768 1277 801 κατάρατος
1288 768 1397 799 ὲννοῶν,
1413 768 1461 802 οὺχ
1472 767 1544 802 ειπερ
1558 767 1631 802 ἡμᾶς
1644 766 1764 799 ἐδίδαξεν
1783 767 1797 792 ὁ

1015 812 1102 844 κοινὸς
1113 813 1261 847 Δεσπότης,
1286 811 1366 847 σῶμα,
1383 812 1432 839 καὶ
1456 809 1526 848 αἷμα
1551 813 1654 845 καλεῖν,
1668 811 1724 838 ἀλλ’
1741 812 1796 838 ἀντ’

1014 859 1126 885 ἐκείνων
1154 860 1189 884 τὰ
1206 858 1332 894 Κυριακὰ
1355 857 1444 892 λόγια.
1462 858 1502 885 Τὰ
1526 858 1572 885 ἴσα
1593 858 1621 884 δὲ
1643 858 1690 884 καὶ
1719 858 1798 892 ὅμοια

1015 904 1141 939 περὶτῆς
1152 903 1298 939 καθολικῆς
1317 903 1481 938 Ἐκκλησίας
1494 903 1716 939 ἀπαιτηθεὶςκαὶ
1731 904 1798 929 ἀπο-

1015 950 1179 985 φηνάμενος,
1197 949 1232 976 τὰ
1249 950 1374 984 συνέδρια
1393 949 1447 975 τῶν
1467 949 1627 984 Μανιχαίων
1650 947 1798 982 καθολικὴν

1021 995 1184 1028 Ἐκκλησίαν
1198 995 1297 1022 ἐνενόει
1321 1003 1350 1021 τε
1367 996 1414 1021 καὶ
1436 994 1632 1030 ἀπεσέμνυνεν.
1659 994 1690 1020 'H
1704 994 1734 1020 δὲ
1753 994 1799 1020 ἐπὶ

1013 1042 1070 1072 τοῖς
1084 1041 1238 1075 εἰρημένοις
1261 1040 1328 1074 ἕκτη
1345 1039 1477 1075 ἐρώτησις
1499 1040 1564 1075 περὶ
1581 1040 1627 1066 τοῦ
1642 1040 1800 1075 βαπτίσμα-

1014 1095 1060 1118 τος
1074 1087 1155 1114 αὐτὸν
1185 1086 1394 1119 ἀνεπυνθάνετο,
1412 1087 1436 1112 εἰ
1455 1086 1492 1121 μὴ
1512 1086 1660 1121 καθάρσιον
1695 1086 1800 1120 ἡγεῖται

1014 1133 1093 1160 τοῦτο
1105 1134 1158 1160 τῶν
1174 1133 1267 1168 ψυχῶν
1280 1133 1328 1159 καὶ
1346 1133 1472 1168 ψυχικῶν
1490 1132 1670 1168 μολυσμάτων
1685 1132 1740 1168 (65)
1754 1133 1800 1159 καὶ

1014 1179 1125 1215 λουτρδν
1153 1180 1360 1214 ἁμαρτημάτων
1379 1179 1514 1214 ἀφέσεως.
1537 1179 1567 1206 '0
1595 1180 1623 1206 δὲ
1641 1179 1723 1206 πάλιν
1758 1179 1802 1205 διὰ

1014 1226 1064 1261 τῆς
1083 1226 1179 1261 ὁμοίας
1191 1226 1314 1261 μηχανῆς
1333 1225 1382 1253 καὶ
1398 1225 1546 1261 προθύμως
1573 1226 1700 1253 ἀπεδίδου
1716 1224 1802 1260 τιμῶ-

1015 1282 1064 1300 σαν
1082 1273 1113 1300 τὸ
1130 1273 1272 1308 βάπτισμα
1294 1272 1342 1299 καὶ.
1367 1272 1574 1307 ἀποδεχομένην
1597 1271 1752 1306 ἀπόκρισιν,
1767 1271 1801 1305 τῇ

1014 1319 1062 1347 τοῦ
1090 1319 1279 1355 βαπτίσματος
1296 1320 1382 1354 φωνῇ,
1399 1320 1413 1345 ὁ
1443 1318 1531 1345 πάντα
1557 1317 1650 1352 φύρων
1677 1317 1725 1344 καὶ
1739 1324 1802 1350 συγ-

1014 1365 1095 1400 χέων,
1124 1364 1171 1391 τὸν
1196 1363 1299 1399 Κύριον
1319 1364 1398 1399 ἡμῶν
1433 1362 1664 1398 ἸησοῦνΧριστὺν
1678 1361 1799 1388 ὑποϐάλ-

1015 1411 1068 1438 λων
1078 1420 1085 1427 ·
1103 1410 1255 1446 γεγράφθαι
1262 1410 1316 1446 γὰρ
1327 1409 1383 1445 (64)
1394 1409 1474 1436 αὑτὸν
1488 1407 1597 1436 εἶναιτὸ
1610 1408 1682 1443 ὕδωρ
1691 1409 1723 1434 τδ
1736 1407 1801 1439 ζῶν.

1016 1457 1109 1489 Οὕτως
1131 1457 1174 1492 δὴ,
1193 1456 1280 1488 οὕτως
1298 1456 1329 1483 τδ
1348 1455 1436 1483 δόλιον
1458 1455 1547 1481 ἐκεῖνο
1573 1454 1621 1481 καὶ
1643 1453 1804 1487 κακομήχα-

181 1499 228 1527 ille
254 1500 422 1528 mortiferum
445 1502 606 1529 defectionis
633 1510 689 1530 suas
716 1503 792 1531 virus
815 1503 965 1532 occultabat

1018 1511 1062 1530 vov
1079 1503 1172 1538 τέρας,
1201 1501 1284 1538 μηδὲν
1299 1501 1348 1536 μὲν
1362 1501 1411 1535 τῆς
1428 1500 1610 1534 ὰποστολικῆς
1623 1499 1671 1526 καὶ
1694 1498 1803 1525 καθολι-

181 1545 313 1574 scelestus
327 1546 382 1579 ille,
400 1552 429 1574 ut
451 1547 529 1574 initio
545 1548 674 1581 diximus,
690 1550 767 1584 quasi
788 1550 890 1577 nullius
913 1550 966 1577 im-

182 1591 290 1625 pietatis
313 1599 385 1624 reus,
412 1592 459 1619 sed
485 1592 681 1620 Ecclesiasticre
705 1594 835 1621 doctrina:
864 1601 966 1629 sequax

181 1637 277 1664 evasit.
305 1637 486 1670 Quamobrem
507 1644 568 1673 post
597 1646 710 1666 examen
741 1640 901 1671 absolvitur,
920 1640 966 1675 qui

183 1684 282 1719 duplici
299 1684 397 1719 dignus
412 1690 470 1712 erat
487 1685 629 1719 supplicio,
652 1686 688 1712 ob
700 1690 844 1720 paternam
861 1686 967 1714 scilicet

183 1730 361 1764 impietatem,
375 1735 402 1757 et
422 1731 456 1757 ob
472 1730 615 1762 fallaciam,
631 1739 683 1766 qua
708 1732 812 1767 justum
832 1733 967 1768 judicium

183 1776 325 1811 pervertit,
341 1783 372 1802 ac
386 1776 449 1808 sibi,
463 1776 641 1812 impiissimus
655 1786 717 1805 cum
738 1782 820 1811 esset,
834 1787 906 1807 verte
917 1787 969 1806 no-

184 1826 247 1849 stra!
271 1821 408 1855 religionis
429 1822 540 1855 gloriam
568 1823 879 1852 conciliavit.Caeterum
905 1832 967 1852 cum

186 1867 284 1904 talibus
296 1868 418 1896 artiﬁciis
434 1869 460 1895 in
472 1869 575 1903 judicio
589 1869 730 1897 absolutus
741 1870 848 1901 fuisset.
864 1871 899 1898 ab
915 1871 968 1897 im-

184 1917 309 1948 peratore
335 1914 474 1941 decretum
497 1915 564 1949 petit
589 1919 618 1942 et
638 1915 774 1950 impetrat,
786 1923 838 1950 qua
854 1916 904 1943 sibi
926 1915 969 1942 l‘a-

185 1958 270 1984 cultas
285 1958 365 1985 datur
385 1959 456 1986 domi
467 1967 564 1986 secure
579 1960 718 1992 versandi,
731 1961 839 1996 negotia
866 1961 969 1996 absque

184 2003 262 2030 obice
275 2004 386 2039 gerendi
403 2013 462 2037 sua,
475 2012 528 2033 nec
544 2006 768 2033 calumniatorum
778 2007 885 2042 linguas
897 2007 968 2035 ultra

184 2050 333 2077 metuendi.
349 2050 390 2078 Ab
416 2051 589 2085 imperatoria
617 2052 709 2086 itaque
725 2053 792 2079 urbe
818 2052 968 2087 profectus,

184 2103 246 2122 cum
261 2095 413 2131 Episparim
427 2104 457 2123 se
468 2097 636 2127 contulisset.
649 2098 810 2125 defectionis
820 2099 969 2134 discipulos

184 2146 316 2169 convocat
331 2151 337 2168 :
351 2146 432 2176 atque
441 2142 504 2170 inde
515 2142 720 2174 Mananalin,ex
731 2151 784 2178 qua
800 2148 968 2172 memoratus

185 2196 267 2222 supra
283 2187 478 2215 Constantinus
498 2189 644 2223 prodierat,
656 2189 788 2224 profugus
805 2197 868 2216 cum
880 2190 963 2218 sociis
984 2179 1007 2207 Ῑ)

185 2234 303 2262 advenit.
319 2234 412 2269 Ibique
427 2235 506 2261 annis
519 2239 702 2262 commoratus
716 2235 809 2262 multis
833 2243 895 2262 cum
907 2235 967 2270 plu-

185 2280 266 2307 rimas
284 2281 366 2308 miser
376 2281 481 2308 animas
493 2281 668 2316 corrupisset.
680 2281 843 2316 pestilentiae
860 2282 966 2312 morbo.

185 2325 230 2359 qui
245 2330 309 2352 tunc
326 2326 457 2360 temporis
472 2327 655 2361 grassabatur,
672 2327 744 2354 diem
764 2327 863 2354 clausit
874 2332 967 2354 extre-

186 2380 270 2405 mum,
286 2377 429 2407 postquam
448 2373 527 2399 annis
549 2372 657 2399 circiter
684 2372 794 2407 triginta
817 2372 968 2407 impietatis

186 2417 329 2451 prazl'ectus
340 2418 436 2446 luerat.
445 2418 494 2446 Hic
502 2417 712 2445 scelestissimus
721 2418 804 2445 homo
815 2426 846 2445 ex
860 2418 968 2445 occulta

185 2464 374 2491 commistione
400 2464 485 2491 lilium
504 2463 634 2498 suscepit,
653 2462 812 2490 Zachariam
824 2464 937 2491 nomine
959 2473 965 2491 :

1019 1548 1069 1583 κῆς
1087 1546 1250 1582 Ἐκκλησίας
1261 1546 1292 1572 τὸ
1302 1545 1434 1581 παράπαν
1449 1544 1575 1579 φρονοῦν,
1589 1543 1689 1579 μᾶλλον
1702 1543 1730 1568 δὲ
1738 1542 1803 1568 τάν-

1018 1593 1096 1620 αντία
1111 1592 1200 1619 πάντα
1220 1591 1387 1627 περιθάλπον
1402 1599 1431 1617 τε
1444 1590 1491 1617 καὶ
1504 1590 1633 1625 περιέπον
1645 1590 1692 1615 καὶ
1704 1587 1802 1621 τιμῶν,

1018 1640 1080 1666 ἐπεὶ
1090 1640 1158 1674 πρὸς
1174 1640 1224 1671 τὰς
1238 1639 1473 1674 ὲκκλησιαστικὰς
1486 1636 1616 1672 ἐνομίσθη
1629 1637 1686 1667 τοῖς
1700 1635 1804 1669 παροῦ-

1019 1692 1061 1710 σιν
1074 1683 1124 1710 οὐκ
1143 1683 1334 1719 ἀπομάχεσθαι
1349 1683 1449 1716 λέξεις,
1463 1683 1509 1717 ὑφ’
1522 1679 1567 1713 αἷς
1578 1682 1681 1712 ἐκεῖνος
1696 1680 1740 1707 τὸν
1756 1679 1804 1706 θα-

1019 1729 1171 1764 νατηφόρον
1207 1729 1255 1764 τῆς
1276 1728 1446 1759 ἁποστασίας
1461 1727 1598 1763 ἔκρυπτεν
1627 1726 1676 1757 ίὸν,
1701 1725 1801 1757 ἔδοξεν,

1018 1774 1113 1809 ὥσπερ
1124 1773 1228 1809 ἔφημεν
1244 1773 1290 1800 ἀπ’
1312 1773 1411 1809 ἀρχῆς,
1432 1773 1447 1798 ὁ
1469 1771 1673 1807 τρισαλιτήριος
1698 1770 1802 1800 ἐκεῖνος

1019 1820 1069 1846 οὐκ
1089 1819 1180 1854 ἔνοχος
1207 1819 1335 1850 ἀσεϐείας
1357 1817 1439 1850 εἶναι,
1461 1817 1530 1845 ἀλλὰ
1555 1817 1603 1843 τοῦ
1632 1816 1805 1850 φρονήματος

1020 1865 1152 1900 ὑπάρχειν
1172 1865 1219 1892 τοῦ
1251 1863 1502 1900 ὲκκλησιαστικοῦ·
1527 1862 1676 1890 ἀπολύεται
1701 1860 1729 1886 δὲ
1761 1859 1807 1886 διὰ

1017 1910 1099 1937 τοῦτο
1110 1911 1160 1946 τῆς
1175 1911 1294 1942 ὲτάσεως
1316 1910 1490 1945 ὴθωωμένος,
1513 1910 1527 1936 ὁ
1541 1908 1638 1942 διπλῆν
1657 1907 1730 1939 ἄξιος
1742 1906 1807 1931 ὑπο-

1021 1958 1094 1992 σχεῖν
1110 1957 1244 1992 τιμωρίαν
1264 1957 1315 1991 τῆς
1335 1965 1366 1982 τε
1392 1954 1522 1990 πατρῴας
1549 1953 1677 1984 ἀσεϐείας
1694 1951 1741 1979 καὶ
1756 1953 1807 1986 τῆς

1020 2003 1137 2038 ἀπάτης,
1153 2002 1187 2029 δι’
1200 1999 1233 2038 ἦς
1255 2002 1309 2029 τῶν
1325 2010 1354 2028 τε
1371 2001 1520 2036 κρινόντων
1536 1999 1586 2034 τὴν
1606 1998 1689 2034 ὀρθὴν
1710 1997 1802 2033 κρίσιν

1020 2045 1171 2084 διέστρεψε,
1199 2048 1246 2075 καὶ
1260 2048 1340 2081 δόξαν
1351 2046 1439 2081 ἑαυτῷ
1454 2045 1668 2075 δυσσεϐὲστατος
1687 2043 1735 2076 ὣν,
1751 2043 1804 2078 τῆς

1020 2094 1098 2130 ἡμῶν
1125 2094 1284 2127 εὐσεϐείας,
1309 2092 1481 2129 περιέφερεν.
1507 2091 1580 2127 Πλὴν
1608 2091 1665 2117 ἀλλ’
1688 2090 1748 2116 ἐπεί
1773 2097 1806 2123 γε

1020 2142 1159 2173 τοιαύταις
1179 2142 1314 2176 μηχαναῖς
1332 2140 1380 2167 τοῦ
1397 2139 1541 2175 κριτηρίου
1562 2138 1708 2169 ἀπολυθεὶς
1733 2137 1806 2164 αἰτεῖ

1021 2197 1050 2215 τε
1060 2188 1117 2224 (65)
1130 2188 1178 2215 καὶ
1190 2187 1322 2222 λαμβάνει
1347 2187 1422 2221 παρὰ
1439 2186 1484 2212 τοῦ
1501 2185 1633 2221 βασιλέως
1654 2184 1740 2211 τύπον
1756 2183 1803 2218 ἑγ-

1021 2243 1138 2269 γραφον,
1151 2234 1240 2260 πᾶσαν
1261 2233 1336 2268 αὐτῷ
1359 2232 1464 2259 διδόντα
1494 2232 1542 2266 τὴν
1569 2231 1662 2257 ἄδειαν
1678 2231 1748 2256 οίτκοι
1776 2237 1808 2255 τε

1021 2280 1178 2315 διατρίϐειν,
1194 2279 1241 2305 καὶ
1261 2279 1295 2305 τὰ
1322 2277 1405 2305 αὑτοῦ
1428 2277 1641 2311 ἀνεπηρεάστως
1662 2275 1805 2310 πράττειν,

1020 2326 1066 2352 καὶ
1082 2326 1165 2361 μηδὲν
1177 2325 1218 2352 ἐτι
1234 2324 1288 2351 τῶν
1304 2324 1481 2358 συκοφαντῶν
1502 2323 1616 2349 δεδιέναι
1640 2321 1688 2352 τὰς
1714 2320 1806 2354 γλώσ-

1021 2382 1080 2403 σας.
1103 2372 1225 2407 ’Λιπάρας
1239 2369 1286 2398 οὖν
1306 2371 1356 2406 τῆς
1372 2369 1505 2405 βασιλίδος
1521 2369 1569 2395 καὶ
1585 2366 1745 2395 καταλαϐὼν
1756 2365 1808 2402 τὴν

1026 2419 1200 2454 Ἐπισπαριν.
1222 2416 1392 2451 συναθροίζει
1415 2415 1463 2450 μὲν
1492 2415 1554 2445 τοὺς
1568 2413 1616 2448 τῆς
1635 2411 1808 2442 ἁποστασίας

1023 2464 1147 2500 μαθητάς
1164 2472 1171 2478 ·
1188 2462 1294 2490 ἐκεῖθεν
1309 2463 1338 2490 δὲ
1355 2461 1424 2496 πρὸς
1438 2461 1486 2496 τὴν
1502 2459 1670 2490 Μανάναλιν,
1689 2457 1718 2490 ἐξ
1733 2454 1767 2493 ἦς
1795 2457 1810 2483 ὁ

727 2541 844 2570 VARl/E
864 2542 1056 2570 LEGTIONES
1073 2542 1117 2569 ΕΤ
1145 2541 1261 2570 ΝΟΤΆΕ.

221 2623 276 2656 (62)
293 2622 401 2649 Αὐτοῦ.
426 2622 463 2650 Ita
478 2630 510 2649 ex
525 2622 623 2650 Nostro
637 2629 687 2658 pro
699 2621 866 2658 Coisiiniano
882 2622 967 2657 αὐτῷ,

184 2659 257 2694 quod
273 2663 362 2694 tamen
381 2658 474 2694 itidem
489 2658 576 2694 locum
594 2657 673 2694 suum
694 2657 762 2684 tueri
779 2662 876 2694 potest.

223 2694 276 2727 (.65)
290 2693 354 2720 Τῶν
366 2691 474 2727 ψυχῶν
488 2693 537 2719 καὶ
548 2692 686 2726 ψυχικῶν
701 2692 914 2727 μολυσμάτων.
931 2693 969 2720 Ita

187 2728 295 2760 Noster,
317 2728 362 2756 ubi
373 2728 556 2755 Coislinianus
571 2735 650 2755 voces
667 2728 720 2754 τῶν
738 2727 831 2762 ψυχῶν
848 2729 895 2755 καί
914 2736 969 2755 non

187 2764 307 2798 agnoscit
324 2773 330 2791 ι
350 2764 384 2791 At
414 2769 520 2790 veteres
548 2763 711 2798 baptismum
744 2763 832 2790 solent
858 2763 970 2790 omnino

187 2799 337 2827 animarum
352 2799 537 2834 purgationem
551 2806 658 2834 vocare.
684 2798 784 2834 Eadem
808 2798 863 2825 fere
878 2798 967 2834 phrasi

188 2841 248 2862 cum
263 2832 360 2862 Nostro
373 2834 410 2862 uti
425 2834 489 2862 mihi
503 2835 611 2862 videtur
631 2832 818 2861 Thcodorctus
842 2834 870 2860 in
888 2832 967 2861 Com-

1019 2622 1149 2648 mentario
1162 2622 1190 2648 in
1211 2621 1289 2648 Isaiae
1303 2628 1363 2655 cap.
1380 2627 1465 2652 xxxu,
1481 2619 1527 2646 ubi
1550 2626 1647 2653 aquam
1675 2616 1806 2655 baptismi

1020 2661 1098 2684 vocat
1115 2656 1186 2690 ὕδωρ
1197 2655 1325 2690 λυτήριον
1338 2652 1392 2681 τῶν
1406 2652 1624 2690 ἁμαρτημάτων,
1641 2652 1688 2679 καί
1698 2652 1809 2687 καθαρ-

1018 2691 1179 2729 τήριιντέῦν
1204 2691 1308 2729 ψυχῶν·
1344 2725 1349 2729 .
1394 2724 1414 2729 .-
1564 2723 1570 2729 .
1676 2722 1681 2729 ,

1054 2723 1450 2763 (ϋῆῗΓεγρᾶρθαι-γάρζίιοο
1463 2723 1570 2760 reposui
1588 2731 1636 2758 pro
1652 2723 1812 2763 γέγραττται

1019 2757 1084 2797 γάρ.
1101 2757 1195 2796 Neque
1208 2757 1282 2797 enim
1299 2757 1357 2788 tm?
1371 2760 1485 2797 Photius
1495 2757 1602 2788 narrat.
1616 2757 1663 2785 sed
1675 2765 1707 2783 ex
1720 2757 1809 2783 inter-

1022 2795 1106 2832 rogati
1122 2795 1302 2832 seittentiaiet
1317 2795 1513 2832 menterefert.

1058 2827 1113 2867 (65)
1123 2831 1241 2859 Αἰτεῖτε.
1258 2830 1354 2859 Noster
1367 2831 1430 2867 legit
1443 2831 1566 2861 αἰτεῖται,
1586 2827 1726 2855 mendose.
