1931 3082
116 112 147 143 57
644 113 794 144 CONTRA
812 113 905 144 MAN]

963 113 1042 145 zEOS
1061 115 1179 145 LIBER
1199 116 1225 146 Ι.
1708 113 1743 145 58

115 167 313 203 προειρημένος
340 167 452 203 ὡρμᾶτο
481 169 705 201 Κωνσταντῖνος,
734 169 824 204 φυγὰς
850 170 899 197 σὺν

963 178 1042 206 (ueni.
1056 176 1086 198 ut
1099 170 1154 205 jam
1173 170 1302 204 diximus,
1321 171 1437 206 quidam
1448 169 1648 198 enianichaais
1670 177 1744 198 mer-

114 215 166 246 τοῖς
189 213 336 249 ἑπομένοις
362 214 552 250 παραγίνεται.
587 215 707 250 Χρόνους
732 215 761 242 δὲ
788 216 899 247 ἱκανοὺς

963 216 1093 244 'enarium
1110 221 1137 244 et
1147 216 1264 250 pastoris
1275 216 1354 243 titulo
1367 216 1507 251 indignum
1527 216 1639 248 habent,
1661 219 1745 252 atque

114 262 141 288 ὲν
154 262 222 297 αὐτῇ
238 260 420 296 κατατρίψας,
434 261 482 288 καὶ
497 261 598 293 πολλὰς
612 261 702 297 ψυχὰς
717 262 870 298 ἀνθρώπων
881 264 898 290 ὁ

963 262 1170 298 [magistrorum
1187 262 1271 289 choro
1288 262 1496 290 eliminandum.

115 307 226 340 δείλαιος
246 307 415 342 διαφθείρας,
440 307 557 344 λοιμικῷ
585 309 641 344 (66)
666 308 773 343 θανάτῳ
791 309 951 344 (ἐπενέμετο
964 308 1020 343 (67)
1034 308 1089 344 γὰρ
1103 308 1174 335 κατὰ
1199 309 1262 340 τοὺς
1274 308 1389 344 καιροὺς
1418 309 1540 340 ἐκείνους
1565 307 1684 342 ἀφειδῶς
1712 307 1744 334 τὺ

115 352 291 387 ἀνθρώπινον)
321 352 368 380 καὶ
382 352 461 385 αὐτὸς
480 353 560 385 ἁλοὺς
578 354 624 380 τὸν
645 353 703 389 βίον
720 353 907 389 κατέστρεψεν
926 353 994 389 (68),
1027 354 1074 380 ἐπὶ
1110 354 1157 389 ἔτη
1181 363 1233 381 που
1248 354 1395 390 τριάκοντα
1418 355 1574 389 προστάτης
1599 353 1650 388 τῆς
1675 354 1740 380 ἀσε-

115 399 187 430 6είας
203 399 358 434 γενόμενος.
374 396 459 431 Οὗτος
491 399 537 427 οὖν
562 400 576 426 ὁ
601 400 806 435 τρισαλιτήριος
825 401 883 427 υίὸν
902 401 934 427 ὲκ
955 400 1066 430 σκοτίας
1090 400 1188 436 μίξεως
1211 401 1257 427 τὸν
1283 401 1421 436 Ζαχαρίαν
1447 401 1502 435 (69)
1521 400 1619 431 τίκτει,
1640 399 1681 430 ὃν,
1704 400 1745 429 ὡς

115 446 226 480 ἔφημεν,
244 444 310 472 ἔνιοι
324 445 379 472 τῶν
394 445 429 472 τὰ
445 446 605 480 Μανιχαίων
629 446 782 482 τιμώντων,
813 447 949 482 μισθωτὸν
968 448 1110 483 ἡγοῦνται,
1135 448 1182 474 καὶ
1219 447 1267 474 τοῦ
1295 447 1425 482 ποιμένος
1452 447 1563 480 ἀνάξιον
1580 467 1588 479 ,
1622 447 1669 473 καὶ
1694 444 1743 472 τοῦ

114 491 302 518 διδασκαλιχοῦ
314 491 396 526 χοροῦ
410 492 567 527 ὑπερόριον.

147 537 188 564 ις’.
206 537 280 571 Πλὴν
305 536 373 563 ἀλλὰ
386 537 435 563 καὶ
459 537 506 563 τοῦ
522 537 680 572 Γεγναισίου
694 537 900 573 ἀποφθαρέντος

114 582 143 608 τὸ
165 582 220 608 τῶν
251 582 381 617 μαθητῶν
403 583 443 614 εις
465 582 511 609 δύο
539 582 660 618 σχίζεται
676 583 742 619 (70).
757 584 782 610 oi
803 584 831 610 δὲ
853 584 900 610 τὸν

120 628 228 663 Ἰωσὴφ,
245 628 275 654 ὃν
294 628 342 654 καὶ
370 628 447 655 νόθον
466 629 538 660 τινὲς
558 629 728 664 ἐπεφήμιζον
750 637 756 645 ·
772 630 820 656 καὶ
849 629 900 664 τὴν

112 674 158 700 τοῦ
187 674 346 709 Πνεύματος
375 675 518 710 ἐνέργειαν
540 675 586 702 τοῦ
609 676 658 710 μὲν
676 676 740 712 ὃλην
763 676 846 702 οίκεῖν
871 676 900 702 ὲν

114 720 200 755 ἑαυτῷ
208 720 480 755 διαπληκτιζομένου,
492 720 606 755 θατέρου
613 721 641 748 δὲ
648 722 833 753 ἀντισπῶντος
843 721 882 756 (7|
889 721 898 755 )

113 765 214 801 ταύτην
226 766 266 798 είς
281 767 387 799 ἑαυτὸν,
403 766 450 793 καὶ
463 767 540 793 κενὸν
550 767 654 793 λείπειν
667 768 712 794 τὸν
723 767 901 794 ἀντιστασιώ-

113 821 161 848 την
177 812 391 846 διατεινομένου.
405 813 485 838 Ποῖον
508 812 531 839 δ’
556 814 589 840 ἂν
603 813 646 848 εἴη
666 813 785 848 πνεῦμα,
806 814 820 840 ὃ
839 813 902 840 τού-

112 867 169 890 τοις
183 859 217 885 ἂν
228 859 443 893 ὲπιφοιτήσοιεν,
455 859 479 885 εί
492 859 530 894 μὴ
541 860 571 886 τὸ
584 860 702 894 πονηρὸν
716 860 763 886 καὶ
777 860 902 895 ἀκάθαρ-

113 913 167 937 τον,
184 905 232 931 καὶ
248 904 377 930 τοιούτων
393 904 503 939 δοχείων
530 904 641 937 ἐπάξιον
664 905 738 940 (72);
756 905 829 940 Πλὴν
853 905 903 940 τῆς

111 950 199 985 ἔριδος
219 950 252 976 δι’
272 950 343 984 ἅπερ
373 950 480 985 εἴρηται
508 950 719 985 κατισχυούσης,
737 952 786 977 καὶ
809 951 903 986 χερσὶν

111 997 162 1032 ἠδη
178 996 227 1023 καὶ
244 996 364 1031 πληγαῖς
378 997 544 1032 κρινομένης
560 1005 566 1011 ·
583 997 779 1032 ὑπεραλγήσας
790 998 803 1024 ὁ
819 998 904 1032 Ζαχα-

114 1043 185 1078 ρίας,
203 1041 248 1069 οἷα
264 1043 297 1077 δὴ
308 1043 359 1077 τῆς
377 1042 508 1078 πατρῴας
529 1043 709 1078 ἐλαυνόμενος
724 1043 902 1079 κληρουχίας,

112 1089 188 1115 παίει
201 1088 248 1115 τὸν
266 1089 376 1123 Ἰωσὴφ,
394 1089 433 1120 ὡς
458 1089 543 1122 ἐγγὺς
575 1089 694 1115 θανάτου
716 1089 766 1124 τὴν
795 1089 903 1124 πληγὴν

111 1135 220 1162 ἐλάσαι.
238 1135 358 1170 Θατέρου
374 1135 403 1161 δὲ
413 1134 468 1162 τῶν
483 1135 644 1170 στρατηγῶν
658 1135 710 1169 τῆς
733 1135 904 1167 ἀποστασίας

111 1182 159 1208 ἐπὶ
186 1181 252 1215 γόνυ
280 1181 439 1213 κλιθέντος,
470 1181 568 1216 ἔμενεν
602 1181 652 1216 μὲν
669 1181 791 1216 ἑκατέρα
825 1182 903 1217 μερὶς

113 1226 301 1262 σφοδρώτερον
337 1226 408 1253 κατὰ
444 1227 494 1262 τῆς
541 1227 639 1262 ἑτέρας
687 1227 902 1263 ἐπανισταμένη.

118 1273 345 1308 Ἐκαιροφυλάκει
368 1273 396 1300 δὲ
420 1273 470 1308 τὴν
498 1273 672 1308 συμπλοκὴν,
690 1274 720 1300 τὺ
742 1273 820 1305 τέλος
848 1273 904 1308 ἁμ-

112 1320 221 1355 φίδολον
235 1321 397 1354 ὲννοουμένη
413 1320 463 1354 τῆς
477 1320 582 1354 μάχης·
601 1320 700 1355 ἐκρίθη
714 1320 743 1346 δὲ
760 1319 817 1354 (75)
834 1319 903 1354 μᾶλ-

111 1366 168 1398 λον,
185 1366 243 1401 μετ’
253 1366 342 1399 ὀλίγον
350 1367 457 1401 χρόνον,
472 1365 591 1400 θατέραν
602 1366 657 1393 ἀπὸ
669 1366 785 1400 θατέρας
793 1365 905 1400 διαστῆ-

111 1422 166 1443 ναι,
183 1413 231 1440 καὶ
248 1413 285 1448 μὴ
296 1412 335 1448 τῷ
345 1412 435 1447 ἀδήλῳ
453 1413 503 1448 τῆς
519 1413 609 1448 μάχης
632 1413 905 1444 καταπιστεύσαντας

112 1459 229 1489 ἑαυτοὺς
269 1457 443 1494 πανωλεθρίᾳ
472 1457 668 1493 διαφθαρῆναι.
700 1457 845 1493 Ἐκατέρου
876 1457 940 1496 sec

112 1506 258 1540 τμήματος
288 1504 357 1539 μετὰ
373 1504 422 1538 τὴν
440 1505 682 1539 περιφανεστάτην
697 1504 840 1530 διάστασιν
855 1503 904 1539 οὐχ

112 1551 160 1577 ὑπ’
175 1550 298 1584 ἀλλήλων
313 1549 392 1584 μόνον
404 1549 471 1584 (74),
485 1549 553 1585 ᾴλλὰ
563 1550 611 1576 καὶ
628 1549 680 1576 ὑπὸ
690 1549 745 1576 τῶν
758 1548 839 1584 πέριξ
859 1549 904 1581 ἑξ-

111 1595 314 1630 ονειδιζομένου
336 1604 365 1622 τε
373 1596 422 1622 κα).
434 1596 631 1631 διασυρομένου
653 1596 701 1623 καὶ
716 1596 756 1628 είς
771 1596 844 1631 ᾠδὰς
858 1595 906 1622 καὶ

113 1642 222 1676 γέλωτα
234 1642 302 1668 πᾶσι
316 1641 510 1676 προκειμένου,
528 1642 626 1677 μελέτη
639 1642 745 1676 γίνεται
762 1643 828 1677 παρ’
844 1643 908 1669 ἑκα-

111 1688 182 1723 τέρᾳ
200 1688 293 1723 μοίρᾳ,
311 1687 401 1722 πάσης
424 1688 532 1723 ἐκείνης
549 1688 599 1723 τῆς
623 1688 777 1724 περιχώρου
793 1687 908 1724 δρασμῷ

113 1734 238 1769 λαθραίῳ
250 1733 443 1768 ὲξοικισθῆναι.
467 1734 511 1761 Ἐν
523 1734 611 1770 τούτῳ
624 1735 652 1762 δὲ
671 1734 725 1761 τῶν
740 1735 908 1771 Σαρακηνῶν

113 1781 150 1807 τὰ
184 1778 328 1812 Ῥωμαίων
352 1779 414 1813 ὅρια
437 1779 681 1814 κατατρεχόντων,
710 1781 759 1807 καὶ
786 1781 907 1815 πολέμου

114 1827 192 1860 νόμῳ
209 1825 260 1859 τὴν
275 1825 365 1858 ἔξοδον
387 1825 570 1860 ποιουμένων.
584 1825 633 1861 τὴν
654 1826 748 1860 ἔφοδον
766 1826 908 1862 πόρρωθεν

115 1873 129 1898 ὁ
141 1871 282 1906 Ζαχαρίας
302 1871 363 1898 ἰδὼν
390 1871 487 1905 φεύγει
500 1871 548 1907 μὲν
558 1873 640 1904 αὐτὸς
656 1873 708 1899 ἀνὰ
729 1873 830 1907 κράτος
842 1881 849 1888 ·
865 1872 908 1899 λι-

115 1917 178 1944 πὼν
194 1917 250 1952 (75)
266 1917 294 1943 δὲ
308 1918 364 1948 τοῖς
382 1917 521 1951 πολεμίοις
532 1918 580 1944 καὶ
599 1919 654 1949 τοῖς
672 1917 762 1952 ξίφεσι
779 1920 842 1950 τοὺς
857 1927 909 1953 μα-

116 1963 215 1998 θητὰς,
235 1963 314 1997 μόνος
327 1963 372 1989 τὸν
387 1963 477 1989 κοινὸν
491 1963 686 1998 ἀποδιδράσκει
702 1964 792 1998 φόνον.
808 1965 844 1990 Τὸ
854 1965 909 2000 γὰρ

117 2010 168 2036 σὺν
181 2009 257 2043 αὐτῷ
270 2008 372 2044 πλῆθος
386 2009 459 2036 ᾶπαν
476 2009 523 2035 τοῦ
539 2009 589 2044 ζῇν
601 2010 658 2041 τοῖς
680 2009 787 2044 ξίφεσιν
800 2010 910 2045 ἀπηλά-

115 2055 224 2091 σθησαν
238 2055 294 2092 (76)
307 2056 383 2090 ’ἥτις
397 2054 471 2090 αὑτῷ
486 2055 586 2091 πρᾶξις
598 2056 685 2083 καὶτὸ
700 2056 836 2091 μιτθωτὺν
848 2057 910 2083 ἀντὶ

987 534 1047 562 XX.
1062 535 1208 566 Caeterum,
1226 534 1356 562 defuncto
1371 534 1523 569 Gegntesio,
1548 535 1744 570 discipulorum

953 581 1031 608 turba
1042 581 1069 608 in
1084 582 1150 608 duas
1162 584 1252 615 partes
1265 579 1412 612 dividitur;
1426 580 1471 607 alii
1485 580 1594 615 quidem
1609 580 1747 610 Zachariae

953 626 1078 654 societati
1101 634 1131 653 se
1150 627 1303 662 adiungunt
1320 636 1326 653 :
1342 627 1386 653 alii
1403 626 1553 662 Josephum
1580 633 1745 662 sequuntur,

953 681 1034 708 quem
1060 672 1183 700 nonnulli
1205 672 1330 708 spurium
1354 680 1415 700 esse
1444 673 1581 700 dicebant.
1609 673 1747 709 Multaque

953 719 1024 746 inter
1039 719 1090 746 hos
1106 723 1165 747 orta
1176 719 1362 751 contentione,
1376 727 1438 746 cum
1449 719 1519 746 alius
1530 719 1649 755 Spiritus
1657 721 1746 748 sancti

953 765 1008 792 vim
1030 769 1057 793 et
1074 765 1260 800 operationem
1268 765 1296 792 in
1309 773 1338 792 se
1356 769 1440 792 totam
1452 766 1574 793 habitare
1588 766 1746 798 afﬁrmaret,

954 811 1024 838 alius
1040 819 1105 838 vero
1121 813 1246 839 eamdem
1259 810 1345 845 ipsam
1359 811 1387 838 in
1402 819 1431 838 se
1445 812 1629 846 pertraheret,
1647 812 1749 846 illaque

953 865 1068 885 vacuum
1077 865 1139 884 esse
1151 856 1339 885 adversarium
1364 865 1444 884 suum
1457 858 1574 892 probare
1589 863 1746 886 conaretur.

953 903 1069 936 Quinam
1078 908 1167 930 autem
1181 902 1300 938 Spiritus
1316 903 1359 930 ille
1370 903 1463 935 fuerit,
1477 905 1522 939 qui
1535 906 1562 932 in
1578 906 1646 934 tales
1658 907 1749 935 homi-

953 957 1003 976 nes
1036 949 1171 980 adveniat,
1195 949 1247 976 nisi
1268 949 1384 976 fortasse
1406 950 1542 985 malignus
1569 955 1598 978 et
1622 951 1748 987 impurus

954 993 1164 1030 hujusmodique
1187 994 1365 1029 receptaculis
1393 994 1508 1029 dignus?
1545 995 1680 1023 Caeterum
1697 1005 1745 1025 ae-

953 1042 1094 1065 crescente
1137 1045 1169 1065 ea
1203 1038 1236 1065 de
1266 1045 1348 1065 causa
1381 1039 1568 1070 contentione.
1602 1048 1663 1068 cum
1691 1042 1746 1077 jam

954 1083 1082 1112 manibus
1108 1088 1136 1110 et
1163 1083 1249 1119 plagis
1271 1084 1478 1116 decerneretur,
1493 1086 1647 1117 {admodum
1674 1088 1746 1115 indi-

954 1135 1051 1166 gnatus
1079 1129 1237 1162 Zacharias,
1257 1131 1331 1166 quod
1366 1136 1479 1165 paterna
1505 1132 1664 1161 haereditate
1689 1135 1748 1169 pel-

954 1177 1067 1206 leretur.
1096 1175 1246 1211 .Iosephum
1271 1177 1307 1203 ita
1342 1176 1438 1210 feriit,
1469 1178 1549 1205 utin
1572 1179 1668 1207 mortis
1698 1187 1747 1215 pe-

954 1223 1070 1250 riculum
1108 1222 1264 1250 adduxerit.
1299 1222 1392 1250 Altero
1435 1228 1528 1252 autem
1565 1232 1599 1252 ex
1631 1226 1749 1254 ducibus

955 1273 1025 1301 pene
1041 1269 1188 1300 prostrato,
1201 1271 1316 1301 utraque
1338 1267 1421 1294 factio
1434 1268 1507 1295 ultro
1523 1269 1652 1303 citroque
1670 1277 1749 1305 urge-

955 1312 1012 1344 bat,
1027 1317 1187 1347 tempusque
1204 1312 1362 1340 certaminis
1382 1313 1545 1342 observabat
1560 1322 1654 1342 secum
1667 1323 1749 1350 repu-

957 1362 1025 1389 tans,
1040 1357 1152 1393 ancipiti
1175 1362 1262 1385 marte
1280 1358 1511 1394 congrediendum
1540 1367 1611 1388 esse.
1642 1361 1749 1389 Modico

957 1405 1049 1439 elapso
1065 1409 1189 1439 tempore
1215 1412 1230 1431 e
1253 1412 1283 1431 re
1297 1404 1355 1432 fore
1371 1406 1461 1432 visum
1477 1411 1530 1437 est,
1562 1411 1593 1434 ut
1611 1407 1698 1434 altera
1714 1408 1749 1435 ab

957 1450 1039 1477 altera
1054 1449 1172 1477 factione
1186 1455 1371 1484 separaretur,
1384 1458 1419 1478 ne
1434 1450 1541 1478 incerto
1554 1460 1651 1487 pugna:
1667 1453 1743 1480 exitu

958 1501 1053 1523 mutua
1076 1503 1105 1523 se
1124 1495 1312 1523 internecione
1334 1496 1470 1524 delerent.
1496 1497 1563 1525 Cum
1582 1503 1674 1525 autem
1690 1503 1750 1533 post

959 1541 1157 1569 dissensionem
1168 1541 1205 1568 ita
1219 1541 1407 1576 conspicuam,
1419 1550 1475 1570 non
1486 1543 1567 1571 modo
1582 1551 1643 1571 sese
1654 1548 1750 1571 mutuo

959 1588 1115 1624 opprobriis
1129 1588 1304 1623 impeterent,
1320 1589 1368 1616 sed
1393 1589 1475 1617 etiam
1490 1590 1643 1619 vicinorum
1659 1591 1751 1619 convi-

959 1636 1018 1668 ciis,
1034 1635 1170 1667 cantibus,
1185 1635 1316 1663 derisioni
1329 1639 1466 1670 paterent,
1483 1636 1554 1664 inter
1575 1645 1605 1664 se
1624 1632 1751 1672 utrinque

960 1681 1127 1713 consultant,
1142 1685 1172 1708 ut
1184 1681 1292 1709 occulta
1304 1681 1366 1717 fuga
1379 1682 1459 1710 sedes
1476 1687 1625 1710 mutarent.
1644 1683 1750 1711 Interea

956 1738 1023 1757 vero
1037 1738 1099 1757 cum
1118 1729 1247 1757 Saraceni
1267 1731 1453 1758 Romanorum
1471 1730 1540 1758 fines
1562 1731 1747 1762 incursarent,

957 1785 990 1806 ac
1007 1772 1160 1805 belli'more
1177 1777 1379 1811 expeditionem
1394 1782 1517 1812 agerent,
1541 1785 1638 1804 eorum
1655 1777 1748 1804 inver-

958 1823 1062 1850 sionem
1074 1826 1249 1849 antevertens
1262 1822 1411 1850 Zacharias
1424 1822 1515 1857 fugam
1532 1822 1608 1856 fecit,
1625 1822 1748 1858 discipu-

957 1869 1053 1904 losque
1064 1868 1221 1903 relinquens
1239 1867 1358 1895 inimicis
1374 1872 1401 1895 et
1413 1868 1509 1902 gladiis
1533 1869 1684 1903 expositos,
1705 1876 1750 1896 so-

960 1915 1004 1942 lus
1015 1922 1046 1942 se
1059 1914 1197 1945 subducit,
1214 1914 1252 1941 ita
1268 1919 1299 1941 ut
1315 1922 1384 1942 caesa
1409 1919 1464 1943 tota
1481 1923 1594 1943 suorum
1623 1915 1751 1943 multitu-

962 1961 1026 1989 dine
1053 1961 1111 1996 ipse
1129 1961 1276 1988 incolumis
1292 1962 1427 1995 evaserit;
1455 1962 1520 1990 hinc
1543 1971 1626 1998 porro
1648 1963 1752 1990 factum

962 2012 1014 2040 est,
1033 2011 1063 2034 ut
1077 2014 1129 2042 pro
1142 2011 1250 2042 pastore
1264 2008 1450 2035 mercenarius
1470 2017 1485 2035 a
1504 2009 1599 2036 multis
1623 2009 1752 2038 audieritt

961 2055 1063 2090 Joseph
1077 2062 1151 2087 vero,
1164 2055 1210 2090 qui
1223 2055 1324 2090 pedum
1341 2057 1478 2085 velocitati
1498 2065 1552 2085 non
1568 2063 1673 2086 tantum
1686 2059 1752 2086 tide-

669 2122 787 2151 νΔῐίΙιΕ
807 2123 1001 2152 LECTIONES
1027 2122 1071 2151 ET
1084 2121 1203 2150 ΝΟΤᾹΣ.

154 2183 212 2219 (66)
231 2182 366 2216 Λοιμικῷ.
380 2182 418 2209 ita
433 2182 522 2219 scribo
539 2190 601 2210 cum
614 2181 712 2219 Nostro
727 2191 776 2217 pro
797 2183 905 2218 λυμικῷ

963 2190 988 2217 p.
1016 2181 1060 2213 50,
1079 2186 1107 2208 et
1136 2181 1227 2219 hiulca
1254 2190 1305 2209 nec
1327 2183 1469 2211 cohaerens
1483 2184 1591 2212 videtur
1617 2183 1717 2215 Pluotii,
1731 2184 1752 2210 si

115 2217 167 2247 seu
182 2221 237 2254 [ero
249 2217 477 2254 utinterpretatip
495 2218 586 2254 habet,
602 2218 673 2252 quod
692 2226 725 2245 ex
745 2217 908 2252 pronuntia-

116 2252 196 2282 tione
213 2261 273 2281 cum
286 2253 370 2280 altero
390 2253 435 2279 illo
453 2252 533 2279 facile
562 2253 711 2287 permutari
741 2258 841 2288 potest.
869 2253 908 2280 Ex

116 2289 276 2325 pestilentia
303 2288 408 2315 scilicet
429 2288 497 2325 obiit
521 2290 611 2325 homo,
641 2296 702 2323 quze
724 2293 909 2325 eontempore

115 2323 298 2353 vehementer
311 2328 431 2356 grassata
446 2323 472 2349 in
485 2323 610 2350 homines
623 2331 637 2350 a
651 2327 745 2351 nostro
760 2323 872 2351 dicitur.

156 2361 214 2395 (67)
237 2359 422 2395 ‘ExsréIwro:
441 2357 487 2386 Sic
496 2358 619 2395 ‘restituo
635 2367 667 2395 ex
688 2363 782 2395 nostro
799 2363 833 2395 et,
847 2358 910 2387 Col-

114 2392 231 2423 hertino
245 2402 294 2427 pro
316 2393 480 2428 ἐπεμαίνετο
490 2392 661 2424 Coisliniani.
678 2394 750 2428 quod
765 2402 797 2421 ex
810 2394 909 2421 vitiosa

118 2429 347 2463 pronuntiatione
367 2433 458 2455 ortum
481 2433 533 2461 est,
550 2430 575 2455 in
595 2429 689 2463 primis
710 2429 733 2455 si
750 2429 880 2464 scriptum
895 2437 911 2456 a

117 2466 219 2493 Photio
232 2465 328 2500 credas
343 2463 519 2500 ἐπενείματο,
536 2465 607 2500 quod
623 2468 665 2492 est
684 2465 756 2499 apud
772 2464 910 2500 Thucydi-

118 2502 196 2528 dem.
216 2499 507 2534 Ἐπινέμεσθαινθιιίηι
533 2499 566 2526 de
591 2500 692 2527 morbis
717 2499 911 2534 depopuland-

118 2539 185 2565 bus,
201 2543 233 2563 ac
252 2534 392 2570 speciatim
407 2533 441 2561 de
462 2534 615 2569 pestilentia
637 2533 795 2562 Atheniensi
814 2544 820 2561 :
844 2536 909 2562 Ἐπ-

117 2569 310 2611 εςιείματοςδὲ.
324 2569 439 2611 Ἀθήνας
465 2570 524 2611 μὲν¹
537 2570 668 2611 μάλισταἱ
696 2570 816 2611 ᾼροςιῇι,
828 2571 911 2611 quod

116 2604 221 2634 l'etrus
237 2605 356 2635 Siculus.
368 2612 395 2639 p.
405 2604 449 2636 50,
461 2605 567 2637 scribit,
581 2613 643 2632 eum
658 2605 710 2631 ὑπὸ
719 2605 766 2632 τοῦ
775 2604 911 2640 βουϐῶνος

117 2643 238 2669 abiisse.

161 2677 218 2712 (68)
249 2675 306 2702 Τὸν
329 2674 402 2706 ,βίον
427 2674 736 2712 Δφιιιτέιγτ,οκεεψιειρἪᾱιέε
764 2676 817 2709 hic,
840 2677 911 2711 quod

115 2709 213 2740 obiter
232 2718 343 2746 moneo,
359 2709 473 2746 exprimi
487 2709 585 2737 vocem
615 2711 682 2746 βίος,
699 2719 761 2746 quae
783 2712 810 2738 in
836 2709 912 2745 ejus—

116 2717 213 2740 obiter
232 2718 343 2740 nioneo,
359 2717 473 2771 exprimi
487 2718 584 2737 vocem
615 2717 682 2746 ριος,
699 2719 761 2746 quae
783 2720 810 2738 In
836 2717 912 2745 ejus—

116 2748 197 2775 modi
217 2745 363 2782 pbrasibus
378 2745 445 2771 aias
465 2750 495 2772 ut
514 2746 660 2782 plurimum
679 2746 824 2774 omittitur.
840 2747 912 2782 Lege

114 2785 156 2810 (Ἰ.
176 2780 323 2818 Lamibcrtii
337 2780 387 2818 Bos
408 2781 560 2818 Mysterimu
581 2781 699 2818 ellipreos
724 2781 769 2818 Gr.
790 2780 909 2818 Lingudi.

141 2840 148 2845 .
164 2820 211 2846 18.
228 2817 329 2844 Eadem
353 2816 442 2850 phmsi
458 2816 501 2843 hic
516 2817 602 2843 utitur
614 2815 712 2844 Petrus
725 2815 845 2846 Siculus;

158 2854 217 2891 (69)
234 2851 396 2886 Ζαχαρίαν.
407 2850 470 2878 Abit
483 2851 546 2879 hinc
561 2851 685 2879 nonnihil
695 2852 789 2881 Petrus
802 2853 909 2883 Siculus

961 2218 1216 2254 cuinlseqruentibus
1230 2225 1381 2254 compares.
1398 2220 1528 2252 narratio,
1562 2228 1623 2254 quae
1650 2219 1679 2246 in
1702 2218 1753 2246 Pe-

961 2257 1004 2279 tro
1018 2252 1110 2279 Siculo
1125 2253 1226 2279 rectius
1242 2253 1293 2280 sibi
1307 2257 1427 2281 constat.
1571 2252 1584 2281 ί

997 2286 1053 2324 (70)
1074 2287 1287 2324 Ἑτᾳιρίζονται.
1305 2287 1375 2324 Lege
1389 2289 1422 2316 de
1440 2290 1488 2316 hac
1507 2297 1574 2316 voce
1585 2289 1752 2319 Gotlfritlnm

961 2322 1111 2359 Clear-ium,
1127 2323 1154 2349 in
1174 2323 1281 2359 Prmfat.
1297 2324 1330 2350 ad
1348 2322 1440 2351 Vitam
1460 2325 1603 2358 Apollonii.
1620 2332 1646 2359 p.
1671 2325 1716 2352 57.

997 2358 1052 2395 (7t)
1071 2357 1296 2395 ᾉντιιζπῶνζρς,
1312 2359 1378 2386 Vide
1394 2357 1504 2395 suprar§
1524 2357 1638 2389 18.not.
1653 2360 1700 2387 50.

998 2393 1054 2427 (72)
1073 2392 1293 2430 ἙπὰξιογηΝοιι
1312 2392 1453 2422 habetms.
1476 2392 1576 2428 noster,
1590 2403 1645 2430 quo
1661 2400 1752 2423 tamen

962 2428 996 2456 ad
1011 2436 1123 2465 sensum
1136 2428 1333 2465 perﬁciendum
1348 2438 1418 2465 opus
1432 2435 1485 2457 est.

984 2463 1114 2505 (15)“.
1132 2464 1190 2491 Hoc
1218 2465 1310 2491 malim
1335 2463 1396 2492 cum
1413 2469 1507 2493 nostro
1530 2473 1580 2500 pro
1604 2466 1636 2503 δὴ
1652 2467 1753 2496 Coisli-

961 2507 1056 2527 niano.

978 2534 1054 2596 1’(74)
1067 2534 1178 2562 Μόνον.
1199 2534 1239 2562 Ita
1252 2535 1311 2571 lego
1322 2543 1384 2562 cum
1406 2534 1505 2563 Nostro
1519 2544 1569 2571 pro
1585 2537 1675 2573 μόνων
1689 2539 1755 2568 Coi—

991 2578 1094 2596 unano.

963 2577 1094 2597 suniano.

999 2605 1054 2643 (75)
1069 2605 1179 2643 Atad);
1196 2605 1242 2643 Sic
1258 2605 1358 2643 {Ioster
1374 2607 1476 2635 rectius
1496 2616 1545 2643 pro
1569 2608 1682 2637 λείπων.
1704 2610 1756 2637 De-

965 2641 1045 2677 sertis
1060 2642 1132 2667 enim
1150 2641 1291 2677 discipulis
1306 2642 1333 2668 in
1347 2641 1435 2677 fugam
1451 2651 1479 2670 se
1491 2641 1574 2671 dedit.

1001 2675 1058 2708 (76)
1081 2676 1324 2714 xan4d_¢_70nq'ar.
1348 2675 1447 2714 Noster
1468 2679 1626 2714 ἀπηλάσθη,
1643 2684 1753 2707 utrum--

985 2719 1017 2738 ue
1042 2716 1126 2749 recte.
1147 2711 1322 2749 Colbertinus
1340 2713 1432 2749 habet
1458 2711 1652 2749 ἀπηλάθησαν,
1677 2715 1752 2749 quod

990 2746 1154 2774 rammaticaa
1181 2749 1300 2775 rationes
1316 2748 1410 2776 itidem
1439 2746 1541 2776 ferunt.
1567 2746 1704 2777 Caeterum
1722 2755 1753 2778 ut

964 2781 1049 2819 graeci
1076 2782 1278 2819 ᾁπελαύνεσθαι
1303 2784 1406 2818 ἀρχῶν,
1435 2784 1635 2812 ἀπελαύνεσθαι
1661 2784 1752 2819 γάμου

963 2817 1067 2856 dicunt,
1084 2817 1120 2856 ita
1132 2816 1231 2856 Easter
1246 2816 1387 2847 commode
1400 2820 1520 2848 scribere
1537 2819 1626 2856 potuit
1636 2816 1752 2848 ἀπελαύ-

963 2852 1057 2879 νεσθαι
1069 2852 1115 2879 τοῦ
1129 2853 1188 2889 ζῇν,
