1931 3082
208 110 243 141 5'.)

787 114 920 144 PHOTII
938 113 1192 144 PATRIARCH/E
1216 113 1270 144 CP.

1793 115 1824 146 60

205 167 262 199 bat,
287 170 419 201 quantum
442 166 599 200 Zacharias,
629 167 676 195 sed
706 169 828 196 versutia
847 175 875 196 et
889 170 992 197 artibus

1050 169 1172 204 ποιμένος
1185 169 1241 205 (77)
1259 168 1405 204 ἐπώνυμον
1418 169 1475 201 τοῖς
1489 168 1597 200 πολλοῖς
1608 169 1753 205 περιεποιή
1758 178 1822 197 σατο.

205 212 265 247 plus
281 212 397 246 valebat,
412 220 474 240 cum
494 213 522 240 in
541 213 600 248 ipsa
621 213 741 241 hostium
764 214 907 242 invasione
923 214 996 243 illius

204 259 277 285 circa
308 258 387 285 fidem
405 258 583 286 dissensionis
611 266 692 286 causa
707 259 865 295 aufugeret;
885 260 994 287 technis

206 305 304 337 ﬁdens,
337 309 367 332 ut
385 314 467 340 supra
500 306 635 338 diximus,
652 314 684 334 ac
706 308 800 342 procul
823 308 996 335 inimicorum

206 359 301 386 agmen
336 351 483 379 adveniens
496 353 681 388 conspicatus,
699 354 812 389 gradum
831 361 846 380 e
871 353 934 389 fuga
950 362 997 381 re-

207 402 297 430 vocat,
326 399 480 433 revertique
495 399 573 434 jubet
590 399 713 434 jumenta
736 405 763 427 et
784 408 891 432 currus,
911 408 944 428 ac
967 408 997 428 se

211 451 330 478 suosque
362 444 468 480 ﬁngens
491 453 552 472 esse
580 445 733 481 transfugas
755 451 782 473 et
812 446 939 478 deditos,
970 446 997 473 in

208 497 354 516 occursum
380 490 500 517 hostium
531 491 622 523 venit,
648 491 727 526 quasi
761 491 866 518 scilicet
900 496 998 527 sponte

208 543 272 562 cum
296 536 379 563 sociis
412 536 469 564 suis
499 537 666 569 accederet,
692 545 810 572 cumque
839 538 909 565 dolis
939 538 997 565 suis

210 580 290 608 ﬁdem
308 581 431 614 adderet,
446 587 528 617 atque
544 582 652 618 juratus
666 583 773 610 illorum
786 592 815 611 se
835 585 918 612 rebus
935 593 998 620 pro-

208 627 314 662 spicere
333 627 517 659 conﬁrmaret,
533 637 594 655 cum
607 629 769 663 sequacibus
781 630 839 657 suis
854 630 998 658 incolumis

208 673 267 699 sine
282 672 336 699 ullo
352 673 390 700 rei
409 673 550 701 familiaris
570 674 670 701 damno
690 674 818 702 dimissus
829 679 881 703 est.
900 675 998 703 Postea

210 722 319 752 captato
343 718 413 754 fugae
430 724 552 754 tempore
573 719 619 746 ubi
633 720 805 747 occasionem
827 721 878 748 sibi
905 721 997 748 oﬂ‘erri

211 764 290 795 vidit,
309 771 371 791 cum
397 765 559 799 sequacibus
578 766 677 800 sacpius
699 771 878 793 memoratum
895 767 996 800 vicum,

209 809 360 844 Episparim
376 818 483 845 nempe,
506 819 535 838 se
551 812 659 846 recipit,
676 812 721 838 ubi
738 812 880 846 splendide
902 813 936 840 ab
953 814 996 840 in-

209 856 275 882 colis
290 860 421 890 exceptus
435 861 487 883 est.
500 855 589 883 Locus
600 857 710 891 quidem
731 857 775 885 ille
791 858 933 885 hominum
947 859 996 886 de-

210 901 321 928 fectioni
332 902 486 929 deditorum
502 903 578 937 quasi
594 902 701 930 ofﬁcina
713 907 781 935 erat,
798 904 834 930 ita
851 908 881 931 ut
893 904 919 930 in
936 903 996 938 ejus

209 946 333 982 ingressu
349 948 486 982 lampades
504 949 729 981 accenderentur,
755 949 861 983 aliaque
885 950 996 977 honoris

209 993 284 1027 signa
300 993 492 1027 adjicerentur,
508 994 598 1028 qualia
614 993 717 1021 Christi
738 995 880 1029 discipulis
891 995 996 1023 deben-

210 1039 264 1062 tur.
283 1034 327 1063 Sic
353 1036 440 1063 amice
469 1041 612 1072 susceptus
637 1038 727 1072 aliquo
747 1041 871 1073 tempore
896 1039 996 1068 ibidem

208 1086 333 1108 versatus
344 1085 396 1114 est,
411 1082 478 1109 alios
491 1082 629 1117 decipiens
644 1087 672 1110 et
693 1083 825 1119 deceptus
838 1084 906 1119 ipse,
923 1093 997 1112 asse-

209 1127 321 1161 clasque
340 1135 403 1154 suos
428 1127 456 1154 in
481 1128 611 1162 perniciei
639 1129 799 1157 barathrum
826 1131 995 1165 deprimens.

209 1171 326 1204 Quidam
353 1180 433 1207 porro
449 1172 629 1200 Cricoracbes
652 1174 773 1207 nomine,
794 1175 840 1209 qui
868 1176 941 1203 inter
954 1183 997 1203 re-

209 1217 297 1252 gionis
305 1219 480 1253 magistratus
496 1220 703 1253 numerabatur,
717 1221 843 1248 doctrina
855 1223 927 1256 pius,
946 1223 997 1250 ho-

208 1263 294 1291 nestis
318 1264 450 1296 moribus,
472 1266 610 1301 religionis
635 1267 726 1293 studio
740 1267 921 1299 admirabilis,
949 1268 996 1302 qui

208 1309 268 1336 illos
281 1309 327 1337 Dei
343 1317 438 1338 osores
453 1311 650 1344 detestabatur,
675 1312 720 1339 ubi
750 1314 884 1348 comperit
911 1314 996 1341 sedu-

208 1360 311 1383 ctorem
327 1356 354 1383 in
380 1357 425 1384 illo
439 1357 499 1384 vico
523 1357 632 1392 degere,
653 1362 682 1385 et
707 1359 888 1386 defectionem
910 1360 996 1394 magis

209 1401 347 1437 magisque
362 1403 517 1438 propagari,
536 1403 650 1430 collecta
665 1404 781 1431 militum
795 1413 888 1436 manu,
903 1406 930 1432 in
951 1406 993 1432 lo-

209 1455 282 1478 cum.
309 1449 355 1475 ubi
375 1449 517 1483 apostasia
533 1450 658 1485 mysteria
679 1451 863 1484 celebrantur,
879 1459 908 1479 se
926 1460 993 1479 con-

210 1493 282 1527 tulit,
307 1494 470 1529 obsessaque
496 1495 588 1525 domo.
603 1495 752 1530 impietatis
780 1497 941 1531 principem,
967 1502 996 1525 ut

209 1540 279 1566 solet
294 1539 362 1572 fieri,
379 1539 407 1566 in
418 1541 569 1575 repentinis
588 1542 741 1576 hujusmodi
758 1543 994 1577 expeditionibus,

210 1585 274 1612 dum
287 1585 332 1612 alii
349 1586 382 1613 ad
394 1585 446 1613 alia
458 1591 613 1619 vertuntur,
629 1596 726 1623 capere
741 1597 796 1616 non
813 1590 919 1624 potuit;
935 1590 998 1625 fuga

209 1631 311 1665 quippe
335 1638 365 1658 se
386 1631 576 1659 subduxerunt
601 1642 608 1659 :
640 1633 791 1668 discipulos
816 1639 908 1661 autem
938 1635 998 1669 ejus

211 1676 427 1710 comprehendit,
457 1681 485 1704 et
514 1682 680 1713 grassantem
710 1679 778 1706 tanti
806 1679 868 1706 mali
893 1685 998 1714 pestem

210 1721 332 1748 coercuit
346 1726 374 1748 et
397 1721 549 1756 dissipavit.
572 1722 657 1750 Ferox
673 1727 764 1750 autem
784 1723 829 1751 ille
854 1725 997 1759 apostasia:

210 1767 308 1795 doctor
319 1767 463 1805 Iosephus,
475 1768 521 1803 qui
533 1768 615 1795 etiam
627 1769 829 1804 Epaphroditus
839 1771 996 1804 vocabatur,

211 1813 237 1839 vi
251 1813 382 1847 expulsus
394 1821 428 1840 ex
441 1820 475 1840 eo
489 1814 559 1846 loco,
573 1818 604 1841 ut
621 1813 724 1841 dictum
738 1820 790 1847 est,
802 1819 831 1842 et
848 1815 909 1850 fuga
928 1816 997 1844 dila—

211 1864 278 1891 psus
292 1857 319 1884 in
326 1856 481 1893 Phrygiam,
497 1857 571 1884 brevi
587 1862 681 1891 postea
694 1862 815 1893 tempore
823 1859 995 1887 Antiochiam

212 1901 319 1931 Pisidiae
327 1903 466 1932 contendit
475 1911 483 1936 ;
493 1903 538 1931 ubi
546 1903 578 1930 ad
584 1911 651 1931 vena
659 1911 722 1931 cum
730 1908 812 1937 esset,
823 1909 954 1940 tutusque
962 1906 997 1935 ab

1009 1517 1030 1546 (Ζ

1053 215 1153 250 Ἰωσὴφ
1166 214 1195 241 δὲ
1207 215 1272 250 ἄρα,
1289 216 1346 247 τοῖς
1367 215 1432 242 ποσὶ
1451 215 1499 250 μὲν
1518 214 1613 250 ὥσπερ
1626 215 1641 241 ὁ
1654 215 1786 250 Ζαχαρίας
1798 215 1824 242 οὐ

1051 260 1197 293 πιστεύων,
1212 260 1382 295 πανουργίαν
1393 260 1450 295 (78)
1460 261 1489 287 δὲ
1500 261 1547 288 καὶ¹
1557 260 1684 296 μηχανὴν
1697 260 1778 296 ῥάψαι
1785 270 1826 288 τα-

1048 307 1165 343 χύτερος
1184 306 1233 339 ὢν,
1262 306 1309 334 καὶ
1326 306 1443 338 πίστεως
1455 307 1587 343 διαφορὰν
1598 307 1628 333 οὺ
1643 306 1727 334 θέλων
1739 307 1827 333 εἰδέναι

1052 352 1195 388 (ἐτύγχανε
1206 352 1260 388 γὰρ
1274 352 1478 387 ἀποδιδράσκων
1486 352 1547 379 κατ’
1560 352 1645 388 αὐτὴν
1653 351 1702 388 τὴν
1720 352 1774 378 τῶν
1786 361 1827 378 πο-

1048 398 1150 433 λεμίων
1161 398 1276 433 ἔφοδον),
1289 396 1365 430 οὗτος
1378 398 1409 433 δὴ
1434 399 1490 429 τοῖς
1505 398 1669 434 ὲῤῥημένοις
1683 398 1826 433 θαρρήσας,

1047 444 1095 471 καὶ
1107 445 1243 480 μακρόθεν
1255 444 1285 471 τὸ
1296 445 1425 480 πολέμιον
1440 445 1639 479 ἐπιφερόμενον
1655 444 1826 479 θεασάμενος,

1047 492 1212 527 ἀναστρέφει
1239 491 1287 527 μὲν
1316 493 1366 527 τῆς
1389 492 1478 526 φυγῆς
1501 491 1591 522 αὐτὸς,
1621 490 1788 527 ἀναστρέψαι
1803 491 1829 518 δὲ

1050 536 1086 564 τά
1094 545 1124 564 τε
1137 537 1272 572 ὑποζύγια
1285 538 1333 564 καὶ
1343 539 1391 569 τὰς
1407 537 1515 572 ἁμάξας
1525 539 1580 569 τοῖς
1593 537 1737 572 ἑπομένοις
1750 546 1828 573 προιμ

1050 584 1154 610 τάττει.
1169 584 1224 610 Καὶ
1239 583 1270 618 δὴ
1285 583 1528 618 κατασχηματίσας
1550 583 1645 609 ἑαυτόν
1668 591 1697 608 τε
1713 582 1760 609 καὶ
1771 582 1829 613 τοὺς

1050 629 1108 664 μετ’
1119 629 1202 656 αὑτοῦ
1215 629 1282 663 πρὸς
1294 629 1323 655 τὸ
1332 628 1387 655 τῶν
1403 628 1560 663 αὐτομόλων
1574 629 1678 664 σχῆμα,
1689 628 1739 663 τὴν
1754 628 1823 654 ἀντι-

1048 675 1193 710 πρόσωπον
1208 673 1308 709 ἡλαυνε
1335 675 1392 705 τοῖς
1408 673 1562 709 πολεμίοις·
1580 674 1617 706 ὡς
1641 674 1723 709 δῆθεν
1744 673 1829 705 αὐτοῖς

1048 720 1171 746 ἐπιοῦσιν
1197 720 1365 754 προσχωρῶν
1390 719 1448 754 ἅμα
1466 721 1524 751 τοῖς
1552 719 1608 755 (79)
1629 720 1829 754 συνεπομένοις,

1048 765 1095 792 καὶ
1119 764 1196 797 δόξας
1219 765 1258 800 τῷ
1280 765 1420 799 πλάσματι
1454 765 1567 797 πιθανὸς
1592 765 1639 791 καὶ
1657 766 1691 792 τὰ
1720 765 1829 792 ἐκείνων

1051 811 1175 846 στέργειν
1189 810 1394 845 ἐπομοσάμενος
1409 810 1477 846 (80),
1493 811 1593 845 ἀφείθη
1614 811 1711 846 (8Ι)τε
1727 811 1832 842 σὺντοῖς

1050 857 1193 892 ἑπομένοις
1205 856 1253 882 τοῦ
1278 856 1404 887 θανάτου,
1420 855 1466 882 καὶ
1485 855 1538 882 τῶν
1554 856 1640 883 ἄλλων
1658 855 1766 887 οὐδενὸς
1784 855 1830 890 τὴν

1049 901 1150 937 ζημίαν
1177 901 1293 936 ὑπέστη.
1332 901 1552 936 Καιροφυλακῶν
1583 901 1613 928 δὲ
1639 901 1686 927 τὺν
1706 901 1832 936 δρασμὸν,

1049 948 1165 982 ἐπείπερ
1190 947 1264 982 αὐτῷ
1276 947 1322 973 τὸν
1350 946 1536 981 μελετώμενον
1559 946 1655 982 καιρὸν
1685 946 1833 982 ἐπιτήδειον

1049 990 1138 1028 εὗρεν,
1153 991 1248 1026 φεύγει
1263 991 1331 1026 μετὰ
1346 991 1401 1018 τῶν
1414 991 1566 1025 ἑπομένων,
1577 993 1618 1024 εἰς
1633 992 1661 1018 δὲ
1674 993 1724 1027 τὴν
1737 991 1833 1019 πολλὰ·

1049 1047 1093 1070 κις
1107 1038 1304 1073 ὀνομασθεῖσαν
1329 1037 1426 1072 κώμην
1454 1038 1619 1073 Ἐπίσπαριν
1645 1037 1832 1072 παραγίνεται,

1049 1086 1097 1111 καὶ
1109 1084 1237 1119 λαμπρᾶς
1251 1083 1325 1120 παρὰ
1341 1084 1399 1119 (82)
1414 1083 1469 1110 τῶν
1480 1083 1659 1110 ἐνοικούντων
1676 1083 1726 1118 τῆς
1739 1083 1833 1109 ὑποδο-

1049 1130 1100 1166 χῆς
1115 1128 1204 1165 τυχὼν
1230 1130 1288 1164 (καὶ
1304 1130 1358 1164 γὰρ
1385 1127 1420 1164 ἦν
1442 1129 1496 1155 τῶν
1522 1129 1573 1164 τῆς
1591 1129 1759 1160 ἀποστασίας
1773 1129 1836 1164 ὲρα-

1050 1176 1120 1203 στῶν
1130 1176 1160 1202 τὸ
1170 1175 1482 1211 χωρίον’ὲργαστήριον),
1494 1175 1565 1201 ὥστε
1576 1175 1623 1201 καὶ
1631 1174 1772 1210 λαμπάδας
1781 1174 1836 1209 (85)

1049 1221 1124 1257 αὐτῷ
1144 1222 1215 1248 κατὰ
1228 1221 1278 1257 τὴν
1298 1221 1399 1248 εἴσοδον
1417 1222 1482 1256 παρ’
1498 1221 1573 1256 αὐτῷ
1600 1221 1836 1255 προσανάπτεσθαι

1050 1269 1096 1295 καὶ
1110 1268 1160 1303 τὴν
1174 1268 1257 1302 ἀλλην
1274 1268 1364 1295 πᾶσαν
1379 1267 1528 1302 θεραπείαν
1542 1268 1590 1294 καὶ
1600 1267 1692 1303 τιμὴν,
1711 1268 1760 1302 ὅση
1773 1268 1838 1302 Χρι-

1049 1313 1112 1340 στοῦ
1130 1314 1264 1349 μαθηταῖς
1290 1314 1480 1348 ὲποιρείλεταιο
1502 1309 1579 1344 οὗτος
1607 1313 1639 1347 δὴ
1657 1313 1729 1339 οὓτω
1747 1313 1839 1346 555m»—

1049 1359 1105 1390 θεὶς
1119 1359 1215 1394 χρόνον
1233 1358 1293 1384 τινὰ
1315 1358 1429 1385 διετέλει
1453 1358 1561 1385 πλανῶν
1579 1367 1609 1385 τε
1626 1360 1674 1385 καὶ
1690 1359 1837 1394 πλανώμε-

1049 1413 1105 1437 νος,
1140 1404 1188 1430 καὶ
1207 1404 1271 1435 τοὺς
1296 1404 1474 1439 πειθομένους
1493 1404 1533 1435 είς
1558 1404 1589 1430 τὺ
1625 1405 1676 1440 τῆς
1701 1405 1839 1436 ἀπωλείας

1049 1449 1210 1485 κατασύρων
1241 1449 1388 1485 βάραθρον.
1420 1449 1503 1484 Ἀνὴρ
1537 1449 1565 1476 δέ
1593 1458 1636 1480 τις
1662 1451 1838 1485 Κρικοράχης

1048 1496 1118 1531 έχων
1132 1496 1288 1531 ἐπώνυμον,
1298 1497 1354 1527 τοῖς
1365 1495 1392 1522 δὲ
1406 1495 1494 1522 τέλεσι
1505 1495 1558 1522 τῶν
1572 1496 1728 1531 ἐπιχωρίων
1737 1497 1838 1532 ἀρχόν-

1046 1549 1100 1568 των
1111 1541 1167 1575 (84)
1180 1540 1383 1575 ἐξεταζόμενος,
1396 1540 1524 1574 θεοσεϐὴς
1534 1541 1583 1575 μὲν
1593 1541 1623 1567 τὸ
1632 1541 1731 1576 δόγμα,
1743 1542 1838 1568 εὐσται

1049 1586 1097 1622 θὴς
1114 1587 1143 1613 δὲ
1155 1587 1185 1613 τδ
1200 1585 1276 1622 ἦθος,
1293 1587 1339 1613 τόν
1355 1594 1385 1612 τε
1405 1586 1486 1621 ζῆλον
1505 1586 1680 1620 ἀξιάγαστος,
1706 1588 1754 1613 καὶ
1775 1587 1839 1619 τοὺς

1047 1632 1203 1666 θεοστυγεῖς
1218 1632 1431 1667 μυσαττόμενος,
1452 1631 1546 1667 μαθὼν
1556 1632 1600 1659 τὸν
1616 1632 1716 1659 πλάνον
1730 1634 1836 1668 ἐπιχω-

1049 1678 1194 1713 ριάσαντα,
1215 1679 1264 1705 καὶ
1283 1678 1334 1713 τὴν
1363 1678 1531 1705 ἀποστασίαν
1548 1679 1588 1705 ἐτι
1609 1679 1709 1713 μᾶλλον
1723 1679 1763 1710 είς
1783 1679 1842 1706 ἐπί-

1047 1724 1120 1751 δοσιν
1135 1724 1278 1759 χωροῦσαν
1287 1725 1447 1759 (85),χεῑρα
1462 1724 1551 1750 λαὸὼν
1565 1725 1774 1760 στρατιωτικὴν,
1789 1734 1842 1752 κα-

1047 1770 1218 1805 ταλαμϐάνει
1241 1771 1287 1797 τὸν
1310 1771 1403 1801 τόπον,
1427 1771 1457 1797 ὲν
1486 1766 1508 1804 ᾧ
1535 1770 1569 1796 τὰ
1597 1771 1646 1806 τῆς
1669 1771 1842 1803 ἀποστασίας

1047 1816 1164 1843 ἐτελεῖτο
1186 1817 1337 1852 μυστήρια·
1364 1817 1411 1843 καὶ
1432 1815 1645 1850 κυκλωσάμενος
1659 1817 1709 1852 τὴν
1735 1817 1841 1850 οἰκίαν,

1048 1862 1130 1888 αὐτὸν
1143 1863 1192 1897 μὲν
1199 1863 1244 1889 τὸν
1256 1863 1305 1897 τῆς
1315 1861 1475 1893 δυσσεϐείας
1487 1861 1612 1897 ἔξαρχον,
1622 1860 1665 1889 οἷα
1675 1863 1707 1897 δὴ
1720 1863 1842 1898 συμϐαί-

1047 1908 1162 1943 νει(86),
1175 1909 1262 1935 ἄλλων
1273 1908 1340 1943 πρὸς
1352 1908 1420 1935 ἄλλα
1429 1908 1618 1944 τρεπομένων,
1632 1909 1660 1934 ὲν
1673 1911 1733 1940 ταῖς
1748 1910 1844 1943 αἰφνι-

759 2011 878 2039 VARIE
897 2011 1091 2040 LECTIONES
1109 2012 1153 2039 ET
1172 2012 1287 2041 ΝΟΤΛΕ.

246 2085 303 2121 (77)
325 2087 403 2114 Ἄντὶ
413 2088 563 2122 ποιμένος.
579 2090 618 2118 Ita
631 2095 704 2118 recte
720 2090 902 2118 Coislinianus
917 2090 993 2118 :No-

210 2122 377 2160 ister-mullo
389 2130 470 2150 sensu
503 2125 736 2160 ἀντιποιούμενος.
761 2126 859 2154 Petrus
872 2126 991 2158 Siculus.

211 2156 300 2196 p.‘52_.
313 2157 413 2196 cla-rius
427 2159 548 2196 utrsoilet,
562 2156 681 2188 mentem
700 2161 865 2196 exponithis
879 2161 970 2189 verbis
983 2156 990 2188 ξ

1045 2091 1175 2118 mendose
1195 2091 1277 2127 habet
1291 2091 1336 2118 τὸν
1346 2090 1478 2127 θάνατον,
1494 2099 1542 2127 pro
1557 2091 1604 2117 τοῦ
1617 2091 1745 2123 θανάτου,
1758 2098 1844 2126 quem

1046 2133 1139 2154 casum
1151 2126 1263 2153 verbum
1275 2126 1400 2161 requirit.
1423 2158 1427 2160 _

1082 2161 1139 2196 (82)
1155 2161 1247 2196 Παρὰ,
1264 2159 1337 2188 recte
1352 2169 1401 2196 pro
1412 2159 1487 2196 περί.
1497 2161 1568 2195 quod
1583 2161 1610 2187 in
1625 2159 1727 2187 Nostro
1738 2166 1844 2189 exstat.

210 2190 425 2231 alternatae},
452 2195 467 2231 δ
489 2190 624 2231 ζαχαρίας
640 2195 716 2231 παρὰ
735 2190 797 2222 ’τῶν
831 2196 933 2230 ἄλλων,
958 2196 995 2228 ὡς

1084 2190 1140 2230 (85)
1161 2190 1336 2230 Λάμπὲάδας.
1353 2190 1546 2224 Ἰιιυδῐιῖσιὶοε
1570 2201 1629 2223 erat
1657 2200 1684 2222 et
1704 2196 1797 2230 gaudii
1815 2200 1846 2224 et

212 2226 357 2266 pteiigrrbj.
371 2226 482 2266 καὶόὺκ
496 2226 663 2266 ὣνίποιμήν.
681 2226 686 2231 ’
716 2243 720 2247 ·

247 2240 357 2258 δυωτυς,
372 2240 419 2254 χιιι
432 2240 482 2255 ουκ
496 2240 533 2256 ων
550 2240 595 2256 ποι
619 2240 663 2266 ην.
716 2243 720 2247 ·

247 2261 303 2302 (τῇ)
315 2264 518 2302 μανσυργίαν.
543 2240 657 2302 μείξει)
672 2273 733 2302 cum
749 2265 858 2302 Nostro,
875 2274 923 2300 pro
942 2274 997 2301 quo

209 2295 392 2335 Coislinianus
405 2295 567 2335 (πανουργία
587 2301 614 2328 ἱη
624 2295 718 2328 Ἠσιιῶ
745 2309 821 2329 casu.
842 2295 910 2329 cdm
931 2295 997 2329 vero

211 2333 382 2367 πανουργίαν
397 2333 510 2371 ῥάπτειν
527 2333 608 2370 σξαιιιθ
627 2336 699 2364 bene
714 2336 765 2364 dici
793 2337 880 2371 possit
894 2345 927 2364 ac
947 2337 997 2371 ῥά-

210 2375 288 2404 πτειν
307 2368 442 2403 μηχανήν.
463 2370 501 2397 nil
518 2368 595 2398 video
607 2379 708 2404 causa,
731 2379 780 2399 cur
793 2368 847 2399 non
869 2368 996 2399 eumdem

210 2403 339 2442 utrinque
350 2411 443 2442 casum
456 2405 642 2442 admittalnus,
658 2411 688 2434 ut
705 2411 820 2440 taceam,
846 2407 996 2442 incongrue

209 2437 263 2477 dici
279 2438 439 2477 faverim};
459 2440 571 2477 ῥάπτειν
590 2437 724 2477 μηχανήν,
750 2437 827 2477 aaque
840 2450 873 2470 ac
896 2437 997 2470 Latine

210 2472 380 2508 vixitlixeris,
398 2472 492 2508 fraude
510 2476 581 2503 dolos
590 2472 703 2504 'néclere'.

246 2507 302 2547 (79)
315 2508 386 2542 Ἅμα
396 2507 468 2548 τοῖς.
482 2510 519 2538 lla
530 2520 592 2548 cum
604 2511 701 2540 Nostro
709 2520 758 2546 pro
770 2512 828 2548 ἅμα
835 2512 898 2541 τῶν.
910 2513 996 2541 Dandi

210 2544 284 2569 enim
301 2550 381 2570 casus
398 2544 461 2572 huic
476 2547 615 2575 particulas
628 2544 766 2575 convenit.

234 2577 304 2619 ’(80)
332 2577 582 2619 ’βπομοσᾷμενοᾳ
599 2583 645 2610 Sic
670 2582 767 2619 Noster
790 2589 879 2618 recte;
910 2585 996 2618 ἐπομ-

211 2615 284 2653 νύειν
301 2615 373 2653 enim
398 2615 441 2642 vel
462 2615 649 2653 geopvaeaoat
673 2615 925 2653 frequentissimum
951 2615 995 2647 est

211 2648 283 2689 apud
307 2648 426 2689 Graecos.
443 2648 641 2689 _Coislinianus
668 2648 877 2689 ὑποζωσάμενος
904 2655 995 2682 minus

211 2682 282 2723 bene
294 2693 301 2711 :
317 2684 347 2723 τδ
360 2685 549 2723 ὑπομόσασθαι
559 2689 631 2716 enim
643 2697 676 2717 ex
689 2682 806 2723 genuina
823 2682 875 2717 sua
882 2690 995 2717 notione

211 2717 301 2758 locum
317 2719 361 2758 hic
379 2717 481 2758 habere
492 2730 546 2750 non
563 2728 661 2758 potest.
678 2717 746 2752 Vide
761 2724 872 2752 Suidam
891 2729 957 2752 tom.
972 2725 993 2756 l,

211 2755 513 2795 voce_t_ltv_691:op§eae_at
531 2755 698 2795 et-compara
712 2760 749 2787 ibi
775 2765 854 2788 notas
873 2755 992 2788 Knsteri.

200 2800 222 2830 τ.
248 2790 303 2830 (_8_l)
326 2791 455 2826 Ἀρείθη.
477 2792 515 2820 Ita
538 2790 644 2830 Noster:
663 2803 712 2829 pro
737 2804 792 2830 quo
811 2795 994 2823 Coislinianus

211 2824 318 2860 ὰφέθη·
343 2824 487 2863 utrumque
516 2834 598 2857 recte.
622 2824 705 2858 Paulo
735 2824 796 2865 p'ost
826 2839 875 2859 ms.
901 2835 994 2859 noster

1048 2232 1138 2267 cultus
1152 2237 1352 2267 argumentum.
1371 2231 1447 2267 Lege,
1457 2231 1490 2259 de
1509 2232 1560 2259 hoc
1575 2239 1651 2267 more
1666 2231 1743 2266 plura
1767 2232 1846 2266 apud

1048 2265 1231 2301 Ciampinum,
1257 2271 1327 2302 part.
1356 2267 1378 2294 Ι.

1048 2309 1108 2329 ean.
1123 2302 1165 2329 22.

1047 2309 1108 2329 ean.
1123 2303 1165 2329 22.

1081 2310 1222 2372 [()é42)2i'oic
1249 2335 1283 2363 δὲ
1303 2336 1404 2364 τέλεσι
1421 2336 1479 2364 τῶν
1496 2337 1662 2371 ἀρχόντων.
1680 2336 1719 2363 Ita
1741 2336 1846 2364 Noster

1047 2371 1104 2399 fere
1128 2372 1294 2406 pleonastice
1309 2381 1316 2398 :
1334 2380 1396 2399 nam
1418 2372 1580 2406 simpliciter
1598 2372 1677 2403 τέλος
1699 2372 1734 2399 de
1750 2372 1846 2406 magi-

1046 2411 1133 2450 stratu
1163 2407 1249 2450 accipi
1278 2407 1349 2450 solet
1375 2407 1447 2450 apud
1465 2406 1657 2450 ‘Gra3_cos._Sic.
1672 2406 1743 2450 qluev
1766 2406 1846 2450 silet

1046 2442 1131 2474 ὄντες,
1148 2447 1201 2470 etc.
1220 2441 1322 2469 Confer
1344 2441 1423 2470 notas
1442 2442 1474 2469 ad
1501 2441 1657 2469 Philostrati
1678 2441 1753 2469 Vitas
1788 2441 1847 2468 So-

1046 2477 1209 2511 phistarum,
1225 2485 1252 2512 p.
1269 2477 1331 2505 490.
1362 2478 1435 2505 Alias
1448 2485 1500 2504 vox
1516 2477 1593 2509 τέλος
1618 2477 1722 2504 nomini
1746 2477 1847 2504 addita

1046 2519 1107 2539 eam
1133 2520 1188 2540 rem
1218 2513 1378 2548 simpliciter
1403 2513 1542 2548 denotat,
1561 2520 1623 2547 qua:
1648 2512 1760 2548 nomine
1787 2512 1847 2548 isto

1046 2548 1218 2582 exprimitur.
1234 2546 1279 2575 lta'
1289 2547 1364 2579 τέλος
1379 2548 1500 2582 πολέμου
1519 2547 1590 2574 idem
1603 2553 1657 2579 est,
1669 2546 1848 2582 quodet-6).:-

1070 2591 1109 2613 ος.
1120 2582 1220 2610 Confer
1238 2583 1298 2610 Jac.
1314 2581 1545 2610 PerizoniiNotas
1560 2583 1595 2610 ad
1614 2581 1715 2610 ΙΕιίἁηί
1741 2581 1846 2609 Varias

1072 2619 1186 2657 sistite.
1200 2619 1249 2657 ,ιιιε
1266 2618 1311 2657 45.-
1442 2653 1447 2657 .
1504 2654 1515 2657 _
1629 2653 1635 2657 .
1745 2651 1759 2657 -

1083 2653 1137 2687 (85)
1151 2654 1206 2688 Kal
1220 2654 1278 2692 τῆς
1294 2653 1525 2692 ἀποστςῑιςγίανςιὲ.
1535 2662 1567 2692 μ,
1580 2661 1606 2680 ε.
1662 2653 1842 2692 χωροῦσανΖ

1045 2687 1104 2715 Non
1124 2689 1247 2726 agnoscit
1258 2688 1365 2726 Noster,
1392 2688 1654 2726 librariigscitantis
1673 2687 1843 2726 culpa,_qui

1046 2732 1080 2751 ex
1107 2723 1174 2751 voce
1193 2725 1416 2759 ὲπιχωριάσαντα
1440 2724 1466 2751 in
1484 2723 1592 2751 alIinem
1612 2730 1680 2750 sono
1693 2723 1847 2757 χωροῦσαν

1044 2767 1217 2799 praeproigare
1228 2759 1356 2799 delapsus
1370 2759 1486 2799 videtur.
1734 2791 1748 2799 ο
1774 2791 1780 2799 _

1044 2791 1066 2859 ὲ
1080 2791 1135 2858 (εἶξ)
1151 2791 1326 2836 ςΣυμὸαινὲι.
1344 2794 1382 2822 Ita
1394 2793 1492 2823 Noster
1504 2798 1587 2826 recte,
1601 2800 1652 2829 pro
1675 2791 1849 2828 συμὸαίνειν

1067 2838 1108 2859 OIS
1120 2838 1217 2858 imam.

1058 2830 1217 2859 Zoisliniani.

1429 2266 1550 2294 Veterum
1583 2265 1821 2293 Monumentorum
1834 2286 1844 2298 ,
