1931 3082
119 119 149 151 61
637 119 786 150 CONTRA
802 120 905 151 MANIi

959 119 1034 153 EOS
1051 119 1170 150 LIBER
1190 119 1216 149 Ι.
1705 117 1741 149 62

119 175 180 207 δίοις
191 175 353 210 ἐπιδρομαῖς
369 184 399 203 τε
418 177 465 203 καὶ
477 176 594 211 ἐφόδοις,
606 177 655 212 οὐχ
665 175 747 203 εἶλεν·
759 177 836 204 ἔλαθε
848 177 905 212 (87)

959 176 1177 211 insequentibus,
1199 178 1293 210 utpote
1308 173 1353 209 qui
1364 173 1398 201 ab
1411 173 1464 201 illis
1480 172 1639 209 longissimo
1651 174 1740 208 spatio

119 222 171 257 γὰρ
178 221 329 256 διαφυγών·
342 222 405 254 τοὺς
419 222 448 249 δὲ
458 223 581 258 μαθητὰς
596 224 710 258 συνέσχε
723 224 770 250 τοῦ
786 224 900 254 πλάνου,

120 267 165 294 καὶ
178 267 228 303 τὴν
234 268 321 302 νομὴν
334 268 405 300 τέως
423 268 470 295 τοῦ
480 269 640 304 τηλικούτου
650 268 736 295 κακοῦ
749 268 903 304 φερομένην

120 313 217 348 ἐπέσχε
231 313 278 340 καὶ
290 313 471 349 ἀνεχαίτισεν.
487 315 516 342 '0
535 315 564 341 δὲ
588 315 639 350 τῆς
649 314 816 346 ὰποστασίας
826 311 904 346 οὗτος

121 358 219 394 θερμὸς
226 359 385 391 διδάσκαλος
399 360 498 396 Ἰωσὴφ
511 357 556 396 (ἦν
564 360 592 388 δὲ
601 359 675 395 αὐτῷ
682 360 730 387 καὶ
742 360 757 386 ὁ
764 359 903 394 Ἐπαφρό-

121 404 190 436 διτος
212 405 309 441 ὄνομα)
328 405 468 441 κραταιῶς
491 405 616 438 ἐλασθεὶς
636 406 697 433 ὅθεν
718 405 905 441 εἰρηται(88),

121 449 167 476 καὶ
195 450 245 486 τὴν
272 451 362 486 φυγὴν
390 451 437 478 ἐπὶ
469 451 590 487 Φρυγίαν
615 452 786 485 ποιούμενος,
818 451 907 487 χρόνῳ

122 494 232 530 ὕστερον
247 495 343 531 βραχεί
351 496 558 532 καταλαμϐάνει
573 497 622 532 τὴν
633 498 662 524 ὲν
677 497 786 532 Πισιδίᾳ
804 496 906 523 Ἀντιό-

954 222 1077 252 distaret,
1093 220 1193 248 multos
1213 219 1361 246 incolarum
1377 219 1409 246 ad
1421 219 1579 253 pestiferam
1594 226 1671 246 suam
1696 226 1741 246 se-

955 273 1026 296 ctam
1038 267 1150 295 abduxit
1163 287 1171 299 ,
1195 273 1375 301 magnamque
1389 266 1459 300 apud
1483 273 1531 293 eos
1545 265 1741 301 benignitatem

955 318 1083 349 expertus
1095 317 1146 344 est.
1161 312 1206 348 qui
1220 317 1363 347 postquam
1378 312 1488 346 impiam
1501 312 1573 338 illam
1590 311 1741 338 doctrinam

956 368 1006 396 per
1019 367 1106 387 annos
1120 358 1296 394 quadraginta
1310 358 1406 393 plenos
1419 358 1613 393 praedicaverat
1624 377 1632 389 ,
1656 357 1742 384 scele-

954 411 1026 434 stam
1037 405 1286 439 exsecrandamque
1299 404 1382 431 vitam
1403 411 1465 431 cum
1486 408 1573 431 morte
1588 407 1742 431 commuta-

953 451 993 479 vit
1009 451 1036 478 in
1047 451 1176 479 suburbio
1188 450 1325 485 praedictae
1340 450 1423 482 urbis,
1444 450 1517 484 quod
1528 449 1742 484 Chortocopium

954 500 1082 524 vocatur.

121 548 206 576 χειαν,
221 537 278 578 ινῇ
292 542 474 577 παροικήσας,
494 543 542 569 καὶ
562 542 653 574 ἀδείας
666 542 721 569 τῶν
742 542 895 569 δακνόντων
914 541 1079 575 λαϐόμενος,
1095 541 1142 568 ire
1174 541 1207 577 δὴ
1228 540 1332 567 τούτων
1358 540 1396 572 ὡς
1420 540 1590 575 πορρωτέρω
1618 538 1743 571 διαστὰς,

122 586 234 619 πολλοὺς
248 588 298 623 μὲν
311 588 365 615 τῶν
379 589 535 624 ἐπιχωρίων
549 589 600 623 τῆς
616 589 699 615 αὑτοῦ
712 588 802 624 λύμης
816 588 897 624 ἔργον
917 588 1069 622 ἀπέδειξεν,
1099 587 1200 623 πολλῆς
1216 587 1245 614 δὲ
1260 588 1325 628 τῆς,
1339 588 1405 621 παρ’
1429 587 1542 613 ἐκείνων
1558 586 1672 617 ἠξίωται
1703 585 1746 612 δε-

122 633 250 667 ξιώσεως·
264 636 312 661 καὶ
325 636 375 670 τὴν
397 636 526 663 ἀσέϐειαν
553 636 641 663 ἐτεσιν
663 637 735 668 ὅλοις
754 637 902 672 τριάκοντα
922 636 1061 672 κηρύξας,
1080 636 1158 671 μόλις
1180 636 1246 662 ποτὲ
1260 635 1306 662 τὸν
1329 635 1472 669 ἐξάγιστον
1500 634 1548 660 καὶ
1578 633 1745 668 ἐϐδελυγμέ-

121 687 164 706 νον
179 679 307 705 καταλύει
318 679 386 714 βίον,
403 679 433 706 ὲν
448 681 601 716 προαστείῳ
615 681 665 716 τῆς
675 681 824 716 εἰρημένης
850 681 955 713 πόλεως
986 682 1016 707 οὺ
1051 681 1146 718 πόρρω
1174 680 1349 716 διακειμένῳ,
1377 680 1425 707 καὶ
1442 679 1492 716 τὴν
1506 680 1654 715 ὀνομασίαν
1673 680 1745 714 Χορ-

121 728 247 754 τοκοπίον
263 727 318 761 (89)
331 727 430 762 ἔχοντι.

156 773 198 800 K'.
211 773 272 799 Ἔτι
284 773 312 800 δὲ
340 773 389 800 τοῦ
412 773 617 809 τρισαλιτηρίου
643 772 683 809 τῷ
697 773 748 809 βίῳ
767 781 902 809 παροντος

123 819 169 846 καὶ
185 818 357 853 ἀκμάζοντος
375 819 425 854 τὴν
442 819 580 852 ἀσέϐειαν,
596 819 645 854 μία
658 829 701 852 τις
712 820 766 846 τῶν
782 820 906 855 συνήθων

121 864 194 898 αὑτῷ
211 864 288 899 ἀνδρὶ
315 864 361 891 διὰ
378 864 468 899 γάμον
496 865 670 900 ἡρμοσμένη,
688 865 824 900 ἐξυϐρίζει
857 865 906 900 μὲν

120 911 171 943 τὴν
195 909 362 945 ἀνύϐριστον
375 911 481 945 κοίτην,
499 911 608 943 ἔκδοτος
620 911 648 938 δὲ
664 911 770 946 γίνεται
784 912 903 947 μοιχείᾳ.

120 956 173 982 Τὸν
191 956 221 983 δὲ
245 957 431 992 διαρῤήξαντα
460 957 516 993 (90)
541 958 605 990 τοὺς
629 958 789 993 ἀλλοτρίους
799 958 906 993 γάμους

119 1003 167 1030 ἕνα
185 1004 236 1038 μὲν
253 1002 322 1031 εἷναι
350 1003 405 1030 τῶν
424 1004 553 1039 μαθητῶν
578 1013 645 1038 φασι
664 1004 711 1031 τοῦ
727 1005 846 1032 πλάνου·
875 1004 905 1036 ἐξ

123 1049 260 1084 Ἐϐραίων
271 1049 300 1076 δὲ
314 1050 384 1084 πρὸς
400 1050 450 1086 τὴν
473 1050 551 1077 ἄθεον
566 1050 714 1086 θρησκείαν
731 1049 905 1085 μεταϐληθῆ-

117 1103 174 1121 ναι.
193 1094 267 1128 Πλὴν
281 1095 313 1121 ἐκ
326 1095 456 1130 τοιαύτης
471 1095 568 1122 ἀδίκου
584 1104 614 1122 τε
635 1096 683 1122 καὶ
703 1095 905 1131 ὲϐδελυγμένης

120 1140 222 1174 μίξεως
245 1139 367 1168 τίκτεται
394 1142 427 1176 τῇ
455 1141 591 1176 μοιχαλίδι
608 1141 640 1167 τὺ
668 1141 712 1168 ἐπ’
742 1141 904 1176 αἱσχρότητι

116 1185 166 1211 καὶ
181 1185 309 1222 βδελυρίᾳ
327 1186 489 1221 περιϐόητον
503 1186 587 1220 (ἄγος,
604 1187 618 1213 ὸ
637 1187 760 1222 ῥυπαρὸς
775 1187 822 1213 καὶ
834 1186 903 1213 ἀκά-

117 1231 218 1266 Bap-.0;
235 1232 352 1267 Βαάνης.
373 1229 457 1263 Οὗτος
475 1231 521 1259 οὖν
539 1233 587 1267 τὴν
603 1233 727 1269 κορυφὴν
742 1233 796 1259 τῶν
811 1233 905 1259 κακῶν

116 1277 133 1303 ὸ
158 1277 297 1312 χείριστος
325 1277 477 1313 διαδέχεται
497 1279 551 1313 (91)
574 1279 620 1305 τὸν
639 1279 786 1314 εἰρημένον
820 1279 905 1306 Ἐπα-

116 1323 243 1358 φρόδιτον
263 1325 277 1350 ὁ
292 1324 400 1358 Βαάνης
411 1332 418 1340 ·
436 1324 466 1355 ὃς
480 1324 570 1350 πάντα
587 1325 636 1360 μὲν
654 1325 689 1351 τὰ
709 1324 764 1351 τῶν
786 1324 840 1360 πρὸ
852 1325 904 1352 αὑ-

116 1367 175 1399 τοῦ,
189 1365 231 1398 οἷς
248 1368 437 1401 συνεκροτεῖτο
457 1369 474 1403 ή
490 1368 615 1402 ἀσέϐεια,
630 1369 765 1403 στέργων,
779 1367 905 1403 ἀκαθαρ-

117 1412 165 1447 σίᾳ
179 1412 210 1439 δὲ
224 1412 284 1447 βίου
299 1413 347 1439 καὶ
362 1412 497 1447 σωμάτων
521 1412 628 1448 μίξεσιν
638 1413 770 1448 ἀρρήτοις
781 1413 829 1439 καὶ
843 1413 905 1443 ταῖς

115 1458 212 1489 ἄλλαις
234 1458 458 1494 ἀθεμιτουργίαις
480 1459 544 1490 τοὺς
561 1458 718 1495 ἔμπροσθεν
741 1458 905 1492 φιλονεικῶν

118 1504 346 1539 ἀποκρύψασθαι,
368 1506 481 1532 διετέλει
500 1506 634 1533 διδάσκων
648 1506 711 1538 τοὺς
726 1506 906 1541 πειθομένους

115 1552 168 1586 τὴν
185 1551 314 1586 ὀλέθριον·
323 1552 451 1587 μάθησιν.
476 1552 544 1579 ’Υπὸ
558 1553 587 1579 δὲ
600 1553 664 1584 τοὺς
679 1552 778 1584 αὐτοὺς
792 1552 906 1587 χρόνους

117 1596 318 1630 συναπῳὺεται
339 1597 378 1632 τῷ
405 1597 573 1633 πολυμόρῳῳ
602 1597 692 1632 τούτῳ
718 1598 766 1624 καὶ
783 1596 906 1632 βδελυρῷ

116 1642 208 1677 θηρίῳ
230 1642 324 1678 ἕτερόν
348 1651 375 1669 τι
394 1643 587 1678 παραπλήσιον
617 1642 792 1679 δρακοντείου
820 1643 906 1678 γέμον

118 1688 171 1714 toi.
186 1688 276 1724 Κώμη
293 1689 321 1716 δὲ
335 1687 369 1725 ἦν
386 1690 460 1725 αὐτῷ
476 1691 577 1725 πατρὶς
588 1691 604 1724 ἠ
627 1690 703 1716 ’Δνία
715 1689 783 1723 (92),
800 1690 832 1724 τῇ
851 1690 906 1715 Τα-

117 1734 166 1770 ϐίᾳ
185 1735 374 1770 πλησιάζουσα
387 1735 474 1766 πόλει,
491 1737 540 1762 καὶ
556 1737 668 1772 Δρυῖνος
692 1734 727 1771 ἦν
742 1736 780 1771 τῷ
793 1735 905 1770 δειλαίῳ

116 1782 149 1807 τὸ
164 1781 260 1817 ὁνομα,
278 1784 327 1818 τῆς
348 1783 474 1817 κλήσεως
498 1783 722 1818 θριαμϐευούσης
740 1784 787 1809 τὸν
805 1782 907 1809 ἰοϐόλον

117 1829 168 1856 καὶ
189 1829 354 1864 φθοροποιὸν
379 1830 442 1863 ὅφιν
456 1830 511 1864 (95)
535 1829 723 1864 κρυπτόμενον
750 1829 779 1855 ὲν
801 1828 908 1862 ἀνθρω-

117 1875 191 1910 πίνῳ
206 1874 262 1910 (94)
291 1875 461 1911 σκηνώματι.
493 1876 587 1910 τούτῳ
610 1875 649 1910 τῷ
675 1875 762 1911 Θηρίῳ
784 1876 907 1902 τίκτεται

117 1921 195 1953 παῖς,
211 1921 241 1952 ἐξ
252 1921 352 1953 αὐτῶν,
364 1919 453 1956 οῐμαι,
464 1922 517 1948 τῶν
530 1922 640 1948 ἰοϐόλων
658 1921 759 1956 μᾶλλον
778 1921 906 1957 σπερμά-

115 1975 174 1993 των
187 1967 234 1993 τοῦ
249 1968 404 2002 ἀρχεκάκου
418 1968 474 2003 (95)
498 1968 596 2002 όφεως,
623 1967 639 2003 ἧ
656 1968 688 1994 ὲκ
700 1968 747 1994 τοῦ
764 1967 906 2004 προσεχῶς

116 2012 221 2045 φύντος
244 2012 331 2039 ἕλκων
347 2013 396 2044 τὰς
415 2013 543 2048 ἀπαρχὰς
558 2014 609 2048 τῆς
632 2013 777 2047 γενέσεως.
794 2013 907 2039 Τίθεται

114 2057 139 2084 δ’
153 2055 204 2084 οὖν
220 2058 235 2084 ὁ
248 2059 339 2094 πατὴρ
365 2058 404 2094 τῷ
430 2059 589 2094 γεννηθέντι
606 2058 703 2094 κλῆσιν
716 2058 764 2094 τὴν
782 2058 906 2094 Σέργιον,

987 772 1060 800 XXI.
1073 772 1140 800 Cum
1161 777 1251 800 autem
1268 776 1408 807 superstes
1419 773 1508 811 adhuc
1527 777 1617 806 esset,
1640 777 1668 801 et
1695 774 1745 801 im-

922 812 942 840 Β
957 820 1058 856 pietate
1068 820 1185 852 ﬂoreret,
1199 820 1296 847 mulier
1309 820 1433 855 quaedam
1446 820 1497 855 ipsi
1515 821 1663 852 familiaris,
1682 829 1743 856 qua:

957 866 1015 894 viro
1029 871 1112 901 nupta
1128 871 1196 898 erat,
1217 866 1404 894 inviolabilem
1421 867 1550 894 connubii
1580 871 1669 894 torum
1697 868 1744 895 de—

957 912 1058 947 spexit,
1073 916 1100 939 ct
1113 912 1287 939 fornicationi
1303 921 1332 940 se
1352 913 1464 940 dedidit.
1475 913 1558 940 Aiunt
1573 921 1654 948 porro
1669 922 1742 947 eum,

957 957 1003 992 qui
1015 957 1118 984 alienas
1130 957 1240 992 nuptias
1253 957 1382 990 violavit,
1408 958 1561 986 seductoris
1578 959 1742 995 discipulum

956 1000 1051 1033 fuisse.
1066 1001 1112 1036 qui
1129 1009 1161 1028 ex
1182 1001 1302 1029 Hebmis
1320 1002 1352 1029 ad
1375 1002 1484 1037 impiam
1497 1003 1569 1030 illam
1586 1004 1742 1039 religionem

956 1046 1206 1082 transmigraveral.
1222 1047 1263 1075 Ex
1288 1047 1399 1083 indigna
1412 1056 1493 1082 porro
1507 1053 1535 1075 et
1561 1049 1742 1077 abominanda

957 1092 1113 1127 hujusmodi
1127 1093 1318 1121 commistione
1341 1094 1462 1121 adultera
1475 1095 1575 1122 mulier
1605 1095 1741 1123 famosum

956 1138 1022 1165 illud
1033 1138 1274 1173 turpissimumque
1294 1140 1383 1167 scelus
1395 1142 1517 1174 peperit,
1540 1142 1742 1169 exsecrandum

955 1191 1055 1217 nempe
1071 1183 1200 1210 Baanem.
1216 1183 1266 1210 Hic
1278 1184 1359 1219 igitur
1372 1185 1554 1219 nequissimus
1567 1186 1672 1213 Baanes
1684 1195 1743 1214 me—

955 1233 1092 1256 moratum
1116 1229 1329 1265 Epaphroditum
1348 1231 1466 1265 excipit,
1492 1231 1538 1266 qui
1552 1233 1643 1259 omnia
1667 1233 1743 1267 prius

955 1275 1082 1302 stabilita).
1103 1274 1250 1310 impietatis
1275 1275 1399 1310 dogmata
1415 1276 1537 1303 retinens
1553 1297 1560 1309 ,
1584 1277 1743 1312 impuritatc

955 1327 1047 1350 autem
1065 1323 1126 1350 vita:
1141 1328 1169 1350 et
1181 1323 1307 1351 nefandis
1317 1331 1462 1358 corporum
1478 1324 1653 1352 mistionibus
1666 1325 1743 1352 aliis—

955 1377 1009 1404 que
1022 1369 1171 1397 sceleribus
1185 1369 1400 1404 pnedecessores
1413 1377 1477 1397 suos
1484 1370 1622 1397 occultare
1630 1371 1744 1398 studens

955 1414 1138 1449 perniciosam
1153 1414 1323 1449 disciplinam
1340 1415 1504 1450 sequacibus
1529 1416 1635 1442 tradere
1650 1424 1744 1451 perse-

956 1459 1071 1487 veravit.
1087 1459 1190 1487 Eodem
1205 1467 1286 1494 porro
1302 1464 1425 1495 tempore
1440 1460 1505 1487 huic
1528 1460 1689 1488 multiformi
1717 1466 1745 1488 et

958 1506 1103 1534 horrenda:
1114 1506 1179 1533 fera:
1194 1506 1246 1533 alia
1258 1507 1354 1534 similis
1370 1507 1539 1539 adnascitur,
1555 1507 1682 1534 draconis
1697 1515 1745 1535 ve-

955 1559 1028 1578 neno
1048 1551 1138 1586 plena.
1158 1551 1228 1579 Huic
1247 1552 1333 1586 patria
1366 1556 1425 1578 erat
1449 1552 1531 1584 Ania,
1547 1552 1624 1580 vicus
1654 1552 1745 1579 Tobiae

955 1596 1015 1623 urbi
1031 1596 1190 1631 proximus:
1217 1597 1386 1632 scelestoque
1406 1605 1506 1624 nomen
1531 1602 1590 1625 erat
1615 1598 1743 1634 Dryinus,

954 1642 1027 1677 quod
1047 1642 1209 1670 vocabulum
1223 1643 1376 1670 latitantem
1391 1643 1419 1670 in
1434 1643 1554 1671 humano
1570 1651 1686 1679 corpore
1700 1652 1744 1672 ve-

957 1695 1091 1716 nenosum
1125 1689 1365 1724 perniciosumque
1405 1693 1560 1724 serpentem
1595 1690 1743 1718 indicabat.

959 1735 1035 1762 Ferte
1047 1735 1204 1770 huiusmodi
1217 1735 1338 1762 nascitur
1365 1735 1444 1767 ﬁlius,
1461 1743 1494 1763 ex
1512 1735 1589 1770 ipsis,
1607 1741 1636 1764 ut
1667 1741 1744 1772 puto,

958 1781 1059 1808 veteris
1075 1781 1211 1816 serpentis
1225 1782 1369 1809 venenosis
1381 1782 1533 1809 seminibus
1546 1782 1637 1817 potius
1653 1787 1744 1810 ortum

958 1827 1070 1860 ducens,
1091 1835 1174 1862 quam
1186 1835 1220 1855 ex
1234 1832 1347 1862 parente
1361 1836 1421 1855 suo.
1438 1828 1510 1855 Proli
1526 1836 1582 1856 sua:
1599 1834 1676 1863 pater
1693 1837 1744 1856 no-

959 1881 1021 1900 men
1043 1873 1158 1907 imponit
1171 1872 1288 1908 Sergius,
1305 1873 1377 1908 quod
1391 1881 1438 1901 vas
1455 1881 1515 1901 esse
1532 1875 1615 1901 totius
1628 1875 1745 1902 diaboli-

960 1927 1000 1947 cae
1020 1919 1148 1954 nequitiae
1171 1927 1256 1954 capax
1283 1920 1425 1954 sequentia
1455 1921 1688 1948 demonstrarunt.
1718 1921 1744 1949 Is

961 1969 1020 1992 erat
1038 1965 1073 1992 ad
1089 1965 1289 2000 pervadendam
1308 1970 1337 1992 et
1356 1966 1556 2000 praedicandam
1576 1966 1744 2002 impietatem

960 2016 1051 2042 natus,
1060 2015 1185 2039 versatus
1199 2011 1225 2038 in
1236 2011 1406 2044 occultanda,
1421 2017 1542 2048 tempore
1552 2013 1588 2040 ita
1600 2014 1744 2046 suadente,

960 2058 1095 2086 sententia
1111 2065 1170 2091 sua,
1204 2058 1239 2086 ad
1254 2057 1433 2085 simulandam
1452 2059 1580 2087 virtutem
1607 2060 1744 2096 composi-

654 2124 769 2152 VAlilAE
793 2123 984 2152 LECTlONES
1010 2124 1054 2151 ΕΤ
1075 2123 1190 2152 NOTAE.

154 2204 214 2238 (87)
224 2203 340 2231 Ἕλαθε.
353 2203 415 2232 Haec
427 2201 516 2231 Nostri
528 2202 608 2229 lectio
622 2207 673 2232 est.
686 2202 770 2236 proba
785 2201 906 2234 omnino,
925 2203 947 2230 D
960 2203 1032 2238 quod
1054 2210 1113 2238 non
1130 2202 1276 2238 rillibenter
1297 2201 1375 2229 alteri
1398 2202 1442 2230 isti
1464 2203 1663 2231 substituerim.
1683 2204 1740 2232 Vox

115 2245 146 2267 et
169 2247 233 2266 cum
253 2239 336 2265 altera
360 2238 519 2267 Coisliniani

117 2275 214 2301 tanda.
248 2274 294 2300 Sic
328 2273 550 2302 Demosthenes:

114 2311 233 2343 δράντες
243 2315 250 2322 ·
264 2308 333 2335 clam
347 2311 419 2345 nobis
434 2311 566 2345 fugerunt.

156 2344 214 2379 (88)
228 2344 379 2377 Κραταιῶς
389 2342 506 2376 ἐλαθεὶς
521 2342 591 2370 ὅθεν
602 2342 842 2379 εἴρητᾳιηΝοειει·
859 2351 907 2377 pro

115 2377 239 2409 ἐλαθεὶς.
257 2380 317 2414 (vel
345 2380 470 2411 ἐλασθεὶς
482 2387 516 2406 ex
547 2377 651 2404 ἐλαύνω
665 2380 673 2412 )
689 2377 755 2414 legi!
768 2379 905 2414 ἐρασθείς,

117 2414 190 2441 forte
205 2422 260 2441 non
278 2423 372 2449 parum
396 2415 504 2444 melius.
518 2421 551 2440 eo
572 2421 666 2444 sensu,
677 2413 757 2449 quod
769 2413 907 2449 rJosephus

117 2450 177 2480 ille,
207 2450 253 2484 qui
276 2448 304 2477 et
328 2449 528 2485 Epaphroditus
544 2449 632 2485 dictus
660 2448 706 2485 sit.
734 2448 814 2485 valde
826 2448 907 2485 fuerit

115 2483 229 2511 amatus
241 2493 256 2511 a
285 2483 358 2517 suis;
371 2483 493 2519 adeoque
515 2492 585 2519 aegre
601 2483 740 2519 dimissus.
766 2488 794 2510 et
809 2483 873 2519 hinc
890 2492 905 2512 a

114 2519 309 2547 Pisidensibus
328 2520 415 2547 amice
441 2518 582 2553 exceptus.
602 2518 694 2546 Lectio
711 2518 760 2545 ista
779 2522 806 2545 et
820 2518 906 2546 inter-

115 2554 240 2589 pretatio
252 2555 429 2582 confirmatur
445 2554 624 2589 sequentibus
643 2553 733 2589 verbis
752 2553 813 2580 ὅθεν
828 2554 905 2589 εἴρη-

115 2597 177 2621 ται,
196 2590 214 2615 i.
229 2598 255 2617 e.
269 2591 337 2617 unde
350 2590 497 2624 appellatus
508 2594 556 2619 est.
573 2589 676 2616 scilicet
693 2588 904 2623 Epaphroditus,

113 2625 193 2658 quod
213 2633 313 2652 nomen
339 2625 476 2652 hominem
500 2629 645 2651 venustum
659 2629 740 2658 atque
762 2625 904 2653 amabilem

114 2660 216 2686 infert.
230 2661 266 2687 Ita
285 2660 375 2688 omnia
391 2660 493 2694 optime
520 2660 570 2686 silui
587 2664 723 2690 constant,
742 2666 793 2686 nec
807 2660 850 2687 hic
874 2660 904 2687 τὸ

112 2694 183 2720 ὅθεν
198 2696 305 2731 εἴρηται
319 2696 387 2723 verti
401 2696 491 2728 debet,
506 2695 578 2730 quod
597 2695 637 2722 vis
656 2702 753 2722 vocum
765 2702 820 2722 non
834 2696 905 2730 pati-

113 2733 174 2760 tur,
194 2737 245 2764 per
260 2736 287 2757 ut
298 2731 397 2758 dictum
405 2735 450 2760 est.

154 2765 214 2799 (89)
230 2767 442 2802 Χορτοκοπίον.
459 2766 554 2794 Petrus
565 2765 684 2802 Siculus,
697 2773 725 2800 p.
742 2765 787 2792 52.
801 2766 904 2802 Χορτο-

109 2802 242 2834 κοπείον,
258 2801 330 2836 quod
346 2801 383 2828 illi
399 2806 464 2836 puto
475 2801 686 2836 praeferendum.

152 2836 213 2869 (90)
246 2835 592 2872 ΔιαρῤἠξανταᾘΝοδιει-
628 2835 691 2871 legit
731 2836 902 2872 διορύξαντα,

545 2238 629 2272 ἤλασε
654 2238 766 2265 omnino
798 2245 908 2271 permu-

584 2272 700 2298 ’Έλαθον
733 2273 807 2308 ἡμᾶς
837 2273 907 2298 ἁπο-

959 2240 1032 2267 ellllll
1052 2237 1111 2265 haec
1120 2237 1154 2264 de
1170 2237 1252 2264 rebus
1268 2237 1380 2264 minime
1394 2237 1539 2270 violandis,
1566 2239 1611 2265 ubi
1635 2239 1740 2267 violatae

957 2278 1032 2303 sunt.
1042 2281 1059 2300 ν
1084 2280 1108 2300 c.
1122 2272 1247 2306 sepulcris
1259 2272 1382 2308 usurpari
1394 2273 1472 2304 solet,
1486 2279 1514 2300 ut
1530 2274 1642 2308 proinde
1653 2275 1739 2308 aptis-

957 2310 1025 2337 sime
1037 2308 1070 2334 ad
1090 2307 1343 2343 violatzlsrconjugii
1363 2307 1548 2343 sanctissiriias
1561 2308 1633 2343 leges
1650 2307 1740 2336 trans-

956 2344 1019 2371 ferri
1032 2347 1123 2377 queat.
1147 2341 1235 2369 Facile
1254 2341 1345 2368 antem
1366 2342 1423 2369 ﬁeri
1447 2344 1543 2376 potuit,
1563 2341 1599 2370 ut‘
1614 2344 1739 2375 librarius

956 2377 1140 2420 διαρρήξαντα
1151 2385 1212 2404 cum
1225 2377 1386 2412 διορύξαντα
1408 2377 1470 2413 τῷη
1479 2385 1528 2412 per
1545 2387 1553 2404 ι
1565 2380 1739 2412 pronuntiato

955 2415 1097 2442 scriberet.

992 2450 1047 2484 (9|)
1066 2447 1244 2482 Διαδέχεται.
1260 2447 1319 2474 Non
1334 2449 1417 2476 habet
1436 2446 1544 2480 Noster,
1560 2448 1620 2475 sine
1634 2456 1687 2483 quo
1702 2453 1740 2476 ta-

955 2492 1016 2512 men
1028 2491 1124 2510 sensus
1136 2491 1190 2510 non
1204 2484 1320 2511 elicitur.

991 2520 1046 2556 (92)
1060 2518 1168 2556 Harp);
1181 2519 1214 2556 ἠγ
1225 2519 1319 2556 fArjla.
1342 2518 1447 2556 Noster,
1473 2517 1569 2556 qrdine
1588 2524 1702 2556 mutato,
1719 2521 1735 2556 ἡ

961 2552 1042 2582 ’Λνία
1067 2554 1176 2588 πατρίς.
1209 2554 1314 2581 Ἀννίαν
1340 2553 1458 2588 appellat
1478 2552 1577 2581 Petrus
1616 2552 1734 2588 Siculus,

955 2598 1046 2660 “(3%)
1067 2625 1162 2659 Ὄφιν.
1183 2623 1296 2659 Δρυῖνδς
1321 2624 1394 2651 enim
1415 2633 1470 2652 non
1497 2624 1585 2651 solum
1608 2633 1736 2659 quernum

955 2660 1077 2691 denotat,
1092 2660 1138 2687 sed
1152 2663 1179 2686 et
1187 2663 1350 2694 venenatum
1361 2668 1446 2693 genus
1456 2664 1613 2694 serpentum
1625 2668 1638 2685 a
1652 2667 1734 2693 quer—

954 2696 1041 2722 cubus
1054 2695 1216 2730 appellatum
1244 2693 1337 2727 infert,
1359 2699 1428 2723 teste
1449 2693 1611 2727 DioScorid.,
1624 2695 1671 2721 lib.
1687 2701 1733 2727 vn,

954 2738 980 2757 c.
999 2731 1041 2757 12.

990 2765 1047 2801 (94)
1066 2765 1263 2801 ’Δγθρωθζινιικ
1279 2764 1378 2801 Noster
1390 2765 1565 2801 ἀνθρωπείῳ.

989 2798 1044 2834 (95')
1073 2798 1262 2836 Ἀρκελιάκοψ
1280 2798 1318 2827 ita
1333 2807 1396 2828 cum
1417 2798 1515 2829 Nostro
1536 2798 1586 2836 pro
1601 2799 1735 2835 ἁρχαῖκάς

954 2845 1001 2864 κου
1016 2835 1183 2864 Coisliuiaui.
