1931 3082
204 160 238 192 6⁸1
765 157 898 188 ΡΗΟΤΙΙ
915 155 995 187 ΡΑΤ]

1052 155 1171 186 .RCH/E
1191 155 1245 187 (ΖΡ,
1792 157 1829 189 68

203 216 370 244 zizaniorum
383 214 576 250 agriculturam
589 213 639 241 sibi
653 214 811 251 concilians.
825 214 928 249 reliqua
939 214 990 240 im-

1052 212 1134 240 Γαῦτα
1145 213 1193 239 καὶ
1201 212 1315 240 τοιαῦτα
1324 212 1406 249 ἔτερα
1416 213 1447 241 τδ
1457 214 1678 250 γυναικόμορφον
1685 214 1772 242 ἐκεῖνο
1778 215 1829 250 τῆς

203 262 313 298 pietatis
329 261 451 297 germina
467 260 545 288 facile
561 261 587 287 in
605 268 638 288 eo
656 260 789 295 pullulare
810 260 886 293 fecit,
915 260 989 295 ejus—

202 315 256 342 que
270 308 387 334 animam
404 310 433 333 ut
446 313 540 341 agrum
556 306 631 333 exitii
651 310 679 334 et
696 306 879 341 corruptionis
893 306 989 334 fructi-

201 353 253 381 bus
268 352 418 387 omnigenis
433 353 543 387 plenum
558 352 695 385 exhibuit;
714 352 751 379 ita
769 357 795 379 ul
812 359 918 384 omnes,
943 352 990 387 qui

202 404 266 427 ante
279 399 387 426 fuerant
414 399 552 433 impietate
577 399 726 434 conspicui,
752 398 780 426 in
802 399 853 427 hac
873 399 990 426 maxime

202 445 310 478 haeresi,
341 446 414 472 velut
430 447 506 480 pueri
519 450 680 480 putarentur
693 453 752 473 esse
768 446 914 481 comparati
928 453 990 472 cum

201 492 276 520 illius
285 491 393 519 vafritie
405 495 432 518 et
445 491 576 526 captiosis
588 491 718 523 moribus,
733 491 846 526 aliisque
860 491 894 518 ad
911 491 990 518 falla-

201 537 270 565 ciam
286 535 444 571 compositis
464 536 688 563 machinamentis
713 541 794 571 atque
817 537 989 564 commentis.

201 583 270 610 Nam
299 583 359 617 ejus
384 582 608 617 praedecessores,
638 582 743 609 etiamsi
759 583 786 609 in
816 590 895 610 cceno
912 583 992 610 lasci-

201 629 264 659 viae,
289 628 401 655 nefariis
418 627 558 662 operibus,
580 628 788 662 ingentibusque
802 633 898 655 contra
906 628 990 656 Deum

200 673 379 709 blasphemiis
394 674 481 708 prima
496 674 652 706 tenuerint;
678 678 705 701 et
721 673 758 700 illi
778 674 951 702 abominandi
965 679 992 702 et

202 720 358 748 exsecrandi
378 720 449 755 apud
463 727 558 747 omnes
572 720 629 747 fere
652 719 824 747 habebantur
840 728 847 747 :
866 728 929 747 nam
946 721 993 747 de-

203 766 391 794 testandorum
409 765 565 793 facinorum
593 765 779 800 conspicuitas
793 766 915 792 omnium
927 765 993 800 ipsis

203 811 297 839 odium
310 811 484 843 conciliabat,
503 818 658 846 paucosque
671 811 786 839 vidisses
799 811 905 838 illorum
916 811 993 838 falla-

1040 258 1149 293 ἀπάτης
1163 259 1279 294 δργανον
1294 258 1333 294 τῷ
1347 259 1495 294 τρισαθλίῳ
1506 260 1686 295 προτείνουσα
1698 260 1746 287 καὶ
1757 260 1828 287 κατά

1041 303 1140 339 μικρὸν
1158 303 1392 339 ὑπογοητεύουοα,
1409 304 1527 340 ἐπείπερ
1542 305 1603 331 ὅλον
1617 306 1685 340 αὐτῇ
1699 305 1827 340 προσκλι-

1039 350 1121 378 θέντα
1135 348 1192 385 εἶχε
1208 351 1256 377 καὶ
1271 350 1398 386 καθάπερ
1414 351 1567 387 διδασκάλῳ
1583 351 1638 387 (12)
1658 352 1828 388 προσέχοντα

1040 396 1112 428 ἴδεν,
1139 395 1312 423 ὑπολαϐοῦσα
1337 396 1369 431 δὴ
1384 397 1451 431 (15),
1469 397 1524 432 Τῆς
1542 397 1691 433 βασιλείας,
1714 398 1827 433 ἔφησεν,

1040 443 1094 470 υἱοὶ
1108 443 1134 469 οἱ
1148 442 1252 478 ταύτης
1269 443 1318 478 μὲν
1340 443 1533 478 ἐκϐαλλόμενοι
1545 463 1553 476 ,
1576 443 1614 479 τῷ
1636 443 1728 470 σκότει
1740 443 1768 470 δὲ
1789 444 1828 479 τῷ

1041 489 1166 524 ἐξωτέρω
1180 489 1435 524 καταδικαζόμενοι,
1449 486 1522 516 οὗτοι
1537 490 1615 522 εἰσιν,
1631 489 1678 522 οὒς
1695 489 1727 516 σύ
1741 498 1771 516 τε
1781 489 1828 516 καὶ

1040 535 1066 561 οἱ
1086 535 1158 561 κατά
1179 535 1210 561 σὲ
1239 535 1333 569 ἁγίους
1360 534 1472 562 καλοῦσι
1492 535 1539 562 καὶ
1562 535 1714 570 νομίζουσι,
1738 535 1763 562 οἶ
1781 536 1828 562 καὶ

1041 580 1173 616 δαίμονας
1191 581 1246 616 (14)
1263 580 1461 615 φυγαδεύουσιν
1477 581 1524 607 καὶ
1541 580 1615 615 πάθη
1632 580 1826 616 θεραπεύουσι,

1042 624 1082 658 οἷς
1095 627 1142 653 καὶ
1154 626 1301 662 προσάγειν
1310 626 1475 660 διεγνώκατε
1487 626 1580 660 σέϐας,
1593 626 1638 653 τὸν
1647 626 1728 661 μόνον
1739 626 1827 659 ζῶντα

1043 673 1091 699 καὶ
1121 672 1255 700 ἀθάνατον
1280 673 1478 704 καταλιπόντες
1499 672 1555 708 (15)
1577 672 1660 699 Θεόν·
1686 669 1759 700 οὗτοι
1773 673 1827 707 γὰρ

1042 715 1116 746 οὗτοι
1129 720 1176 746 καὶ
1192 719 1267 755 παρά
1277 719 1323 746 τοῦ
1335 719 1440 746 δικαίου
1453 718 1558 745 ἐκεῖθεν
1582 718 1711 745 ἀκούουσι
1721 718 1827 754 κριτοῦ,

1050 765 1237 800 Ἀποχωρεῖτε
1246 765 1296 792 ἀπ’
1312 765 1396 800 ἐμοῦ,
1409 764 1454 792 ὅτι
1473 764 1619 792 οὐδέποτε
1629 764 1726 799 ἕτνων
1737 763 1826 799 ὑμᾶς.

1050 812 1097 838 Ἐκ
1111 811 1214 846 ταύτης
1226 810 1273 838 οὖν
1287 811 1343 846 (16)
1369 811 1418 846 τῆς
1434 811 1557 846 πονηρᾶς
1571 812 1617 837 καὶ
1626 810 1748 847 ὀλεθρίου
1763 819 1829 837 σπο-

203 857 253 885 ciis
275 857 487 888 circumventos,
512 856 575 892 quia
590 861 683 892 aperte
695 861 723 883 et
733 856 792 884 sine
811 857 864 884 ullo
878 857 993 885 artificio

1052 858 1095 890 οᾶς
1106 857 1152 884 τὸν
1169 857 1278 892 ἕτοιμον
1295 857 1335 889 είς
1349 857 1488 892 γεωργίαν
1507 857 1558 892 τῆς
1574 856 1703 888 ζιζανίων
1726 857 1829 891 ἑαυτῆς

201 912 246 932 res
267 903 383 931 infames
399 903 642 939 ignominiosaque
664 903 896 938 proponebantur,
917 903 991 937 ipsa-

1052 891 1234 938 τοιησαμένη,
1247 903 1296 938 τὴν
1323 903 1418 938 λοιπὴν
1442 902 1497 929 τῶν
1513 891 1695 937 ἀσεϐημάτων
1709 901 1829 937 βλάστην

201 958 254 986 que
266 950 426 978 defectionis
452 950 620 985 impudentia
639 950 674 977 ad
693 950 827 977 cautelam
840 950 907 977 satis
922 954 990 983 erat,

1052 949 1164 985 ῑύχερῶς
1191 946 1264 985 εἶχεν
1287 949 1440 984 αὐτόματον
1459 949 1660 984 ἀναφυομένην,
1682 948 1731 976 καὶ
1758 948 1830 975 οὕτω

200 1004 236 1023 ne
253 996 314 1030 quis
327 996 405 1024 facile
429 997 463 1023 ad
480 1003 540 1024 eam
557 996 717 1028 declinaret,
746 1003 817 1023 neve
834 995 958 1023 homines
976 1003 991 1023 a

1052 996 1133 1032 πάσης
1142 995 1232 1031 λύμης
1247 996 1293 1023 καὶ
1304 995 1452 1031 διαφθορᾶς
1463 996 1512 1030 τὴν
1523 996 1629 1022 ἐκείνου
1647 995 1737 1030 ψυχὴν
1761 1003 1830 1029 καρ-

201 1042 320 1078 maligno
331 1046 506 1077 caperentur.

1052 1042 1161 1078 τοφόρον
1182 1041 1283 1078 χωρίον
1297 1042 1354 1077 (17)
1368 1041 1514 1074 ἀνέδειξεν,
1528 1041 1565 1074 ὡς
1577 1042 1624 1069 καὶ
1646 1041 1709 1072 τοὺς
1724 1041 1830 1077 ἔμπρο-

201 1088 265 1115 σθεν
280 1089 386 1121 πάντας
408 1089 452 1115 ἐπ’
471 1088 583 1124 ἀσεϐείᾳ
617 1087 810 1123 βεϐοημένους,
829 1087 877 1115 καὶ
892 1088 1011 1122 μάλιστα
1030 1089 1116 1125 ταύτῃ
1147 1089 1246 1121 παῖδας
1272 1089 1433 1125 νομισθῆναι
1457 1092 1490 1125 τῇ
1514 1090 1619 1116 ἑκείνου
1636 1097 1830 1124 παραμετρου·

203 1135 303 1170 μένους
322 1134 484 1170 ῥᾳδιουργίᾳ
507 1143 537 1160 τε
566 1133 614 1160 καὶ
638 1135 694 1165 τοῖς
717 1133 876 1165 ὲπικλόποις
896 1134 1035 1169 ἧθεσι,καὶ
1049 1137 1082 1171 τῇ
1098 1135 1167 1171 ἄλλῃ
1191 1137 1241 1172 τῆς
1272 1136 1380 1170 ἀπάτης
1408 1136 1597 1171 μηχανουργίᾳ
1629 1143 1659 1161 τε
1687 1135 1734 1161 καὶ
1756 1143 1831 1170 περι-

200 1180 272 1214 νοίᾳ.
291 1180 323 1206 0i.
344 1180 392 1215 μὲν
406 1179 462 1215 γὰρ
476 1180 529 1215 πρὸ
544 1179 625 1206 αὑτοῦ
637 1180 661 1205 ει
675 1179 723 1206 καὶ
739 1179 778 1214 τῷ
794 1179 916 1215 βορϐόρῳ
935 1181 986 1215 τῆς
1004 1181 1151 1214 ἀκολασίας
1165 1183 1213 1209 καὶ
1241 1184 1275 1218 τῇ
1298 1183 1365 1218 ἄλλῃ
1385 1182 1439 1209 τῶν
1459 1183 1547 1217 ἔργων
1577 1181 1765 1218 άῤῥητουργίᾳ
1784 1181 1831 1208 καὶ

200 1229 261 1258 ταῖς
278 1229 318 1259 εἰς
338 1227 405 1254 Θεδν
429 1226 646 1263 ἀνυπερϐλήτοις
665 1224 854 1261 βλασφημίαις
869 1225 900 1251 τὸ
921 1227 1054 1260 πρωτεῖον
1081 1226 1166 1263 εἶχον,
1183 1227 1241 1254 ἀλλ’
1269 1226 1317 1255 οὖν
1353 1227 1492 1263 βδελυκτοί
1525 1236 1554 1254 τε
1576 1229 1625 1256 καὶ
1653 1228 1831 1263 ἀποτρόπαιοι

202 1274 302 1310 μικροῦ
321 1275 405 1301 πᾶσιν
423 1273 579 1309 ἐνομίζοντο
604 1273 661 1303 τοῖς
673 1271 827 1306 ἀνθρώποις
849 1271 888 1306 τῷ
928 1273 1054 1309 προδήλῳ
1085 1274 1131 1301 τοῦ
1164 1274 1276 1309 μύσους,
1300 1271 1338 1302 ὧν
1355 1275 1478 1310 ἐτόλμων
1505 1275 1612 1306 πάντας
1643 1275 1750 1309 ἔχοντες
1786 1284 1832 1310 μι-

202 1319 326 1352 σοῦντας.
340 1320 395 1346 Καὶ
419 1319 526 1353 ὀλίγους
549 1318 607 1354 (18)
639 1315 674 1353 ἦν
706 1317 783 1352 όρᾷν,
809 1316 876 1352 πρὸς
894 1317 945 1353 τὴν
983 1319 1096 1345 ἐκείνων
1119 1320 1231 1354 ἀπάτην
1261 1319 1499 1355 μεταχωροῦντας,
1520 1319 1751 1353 ἀπερικαλύπτων
1774 1320 1831 1354 (19)

202 1368 250 1395 καὶ
264 1368 349 1403 χωρὶς
362 1367 557 1403 τεχνασμάτων
579 1366 634 1393 τῶν
658 1365 785 1400 ἀσέμνων
822 1364 912 1399 ἔργων
934 1367 1136 1402 προκειμένων,
1172 1369 1221 1395 καὶ
1253 1369 1304 1404 τῆς
1335 1368 1448 1404 ἀναίδην
1469 1368 1639 1399 ἀποστασίας
1663 1368 1704 1400 είς
1724 1375 1831 1403 προφυ,

202 1412 288 1447 λακὴν
303 1411 441 1448 ἀρκούσης
454 1410 502 1438 τοῦ
518 1411 556 1446 μὴ
573 1410 670 1438 θᾶττον
697 1410 766 1445 πρὸς
795 1409 881 1446 αὐτὴν
909 1410 1110 1440 ὑπολισθαίνειν
1121 1413 1170 1441 καὶ
1182 1414 1282 1449 ἀθρόον
1298 1414 1410 1450 θήραμα
1440 1413 1485 1441 τοῦ
1520 1414 1642 1450 Πονηροῦ
1677 1415 1701 1441 τ’
1725 1414 1832 1449 ἀνθρὼ-

203 1466 268 1485 πινα
287 1457 421 1492 γίνεσθαι.

238 1503 322 1531 χχιι.
339 1503 389 1530 llic
402 1510 476 1534 vero,
491 1509 551 1536 qum
565 1501 687 1536 turpiora
699 1505 788 1533 erant,
802 1508 940 1533 resecans,
953 1508 992 1528 re-
1010 1504 1031 1532 ι]

203 1551 276 1586 liqua
289 1550 430 1584 obtegens,
447 1549 470 1575 si
483 1555 535 1583 qua
551 1547 586 1574 ob
605 1547 771 1582 impietatem
789 1547 881 1574 auditu
895 1546 993 1573 intole-

209 1597 305 1625 rabilia
320 1599 423 1628 essent,
440 1599 487 1622 aut
499 1594 684 1629 comprimens
692 1598 739 1620 aut
749 1600 810 1620 cum
829 1592 994 1620 tolerabilioo

205 1644 281 1671 ribus
296 1641 488 1673 commiscens,
504 1645 540 1673 et,
559 1643 595 1674 ﬁut
620 1640 777 1667 summatim
796 1639 896 1672 dicam,
925 1639 994 1674 pelle

205 1688 265 1716 ovis
279 1688 374 1722 lupum
394 1686 576 1719 abscondens,
597 1685 691 1713 multis
717 1685 813 1713 doctor
837 1685 946 1720 pietatis
967 1688 995 1712 et

206 1735 261 1762 dux
271 1733 366 1760 salutis
374 1739 435 1759 esse
443 1732 600 1764 videbatur;
611 1731 711 1759 multos
719 1739 750 1759 ex
761 1731 907 1766 improviso
918 1731 995 1758 ador-

206 1785 253 1808 tus
271 1780 298 1807 in
309 1783 440 1806 extrema:
449 1777 578 1813 perniciei
587 1777 745 1805 barathrum
754 1777 941 1813 praecipitavit.
949 1776 996 1804 Et-

205 1835 279 1863 enim
292 1834 365 1869 quod
377 1833 591 1869 praedecessores
602 1832 705 1860 suinon
715 1831 899 1867 neglexerant,
912 1830 939 1858 id
951 1830 996 1857 ille

205 1880 309 1916 majore
324 1887 386 1907 cum
402 1878 543 1914 diligentia
563 1877 736 1910 observavit;
763 1885 862 1912 nempe
887 1881 918 1903 ut
939 1883 995 1903 non

205 1927 241 1954 ab
257 1927 315 1961 ipso
333 1925 423 1953 statim
435 1923 571 1959 principio
582 1923 627 1956 iis.
641 1923 687 1958 qui
702 1923 735 1950 ad
752 1922 933 1949 initiationem
946 1929 993 1949 ac-

206 1972 347 2002 cederent.
368 1971 544 1998 sublimiores
559 1969 712 2005 impietates
727 1968 913 2000 concrederet,
944 1974 994 1994 ne-

206 2025 260 2053 que
275 2017 449 2045 horribiliora
461 2019 626 2052 proponeret
637 2015 781 2051 mysteria;
805 2021 921 2049 quorum
947 2020 994 2040 ca-

207 2068 257 2100 put
271 2068 313 2092 est
324 2063 468 2100 abnegatio
483 2061 531 2090 Dei
546 2061 712 2094 omnimoda,
739 2064 767 2088 et
789 2059 888 2088 diaboli
909 2058 993 2095 gloria

1083 1503 1148 1530 KA'.
1169 1499 1253 1535 Οὗτος
1264 1503 1294 1530 δὲ
1309 1503 1344 1530 τὰ
1353 1503 1408 1530 τῶν
1425 1503 1590 1539 μιασμάτων
1605 1503 1728 1539 πρόδηλα
1749 1512 1832 1539 περι-

1044 1549 1165 1582 κόπτων,
1181 1549 1229 1577 καὶ
1254 1550 1272 1577 ἃ
1294 1549 1426 1577 κατέλιπε
1449 1550 1500 1585 τῆς
1527 1549 1676 1581 ἀκολασίας
1701 1550 1833 1576 ἐπικαλύ-

1044 1603 1130 1628 πτων,
1144 1595 1179 1622 τά
1197 1604 1228 1622 τε
1253 1595 1316 1631 μηδ’
1341 1596 1410 1631 ἀκοῇ
1427 1595 1534 1631 φορητὰ
1554 1595 1609 1622 τῶν
1623 1595 1832 1632 ἀσεϐημάτωνῆ

1045 1641 1199 1669 συστέλλων
1213 1641 1230 1677 ἢ
1242 1641 1414 1676 καταμιγνὺς
1428 1643 1484 1673 τοῖς
1500 1641 1691 1676 ἀνεκτοτέροις
1702 1642 1770 1677 (20),
1786 1643 1833 1669 καὶ

1046 1688 1158 1722 σύμπαν
1184 1688 1273 1714 εἰπεῖν
1308 1687 1400 1722 κωδίῳ
1429 1687 1486 1722 (21)
1508 1687 1646 1722 προϐάτου
1674 1687 1721 1714 τὸν
1751 1687 1834 1714 λύκον

1045 1733 1262 1770 ὲναποκρύπτων
1281 1734 1348 1770 (22),
1367 1734 1475 1766 πολλοῖς
1496 1733 1546 1769 μὲν
1574 1734 1647 1766 ἔδοξε
1671 1733 1832 1766 διδάσκαλος

1044 1781 1185 1812 εὐσεϐείας
1197 1780 1244 1808 καὶ
1266 1780 1363 1815 όδηγὺς
1388 1780 1535 1816 σωτηρίας,
1552 1780 1667 1812 πολλοὺς
1699 1780 1723 1806 δ’
1743 1780 1832 1815 ἀπρο-

1046 1826 1138 1858 όπτως
1151 1826 1226 1861 αὐτῷ
1238 1825 1443 1858 καταποθέντας
1456 1826 1496 1862 τῷ
1508 1826 1638 1862 βαράθρῳ
1650 1826 1699 1861 τῆς
1715 1826 1834 1861 ἐσχάτης

1045 1871 1184 1903 ἀπωλείας
1197 1872 1413 1908 κατεκρήμνισε.
1433 1872 1489 1899 Καὶ
1510 1873 1565 1907 γὰρ
1579 1872 1640 1898 οὐδὲ
1653 1873 1709 1904 τοῖς
1736 1872 1834 1905 πρότε-

1048 1925 1094 1953 ρον
1113 1917 1300 1953 ἀμελούμενον
1312 1918 1387 1953 ὅμως
1404 1918 1452 1945 καὶ
1466 1917 1546 1944 τοῦτο
1561 1918 1636 1953 αὐτῷ
1655 1917 1832 1944 σπουδαιότε-

1047 1972 1094 2000 ρον
1109 1964 1312 2000 μεμηχάνηται,
1336 1964 1407 1990 ὥστε
1429 1963 1467 1999 μὴ
1489 1964 1548 1991 κατ’
1563 1964 1651 2000 ἀρχὰς
1674 1963 1755 1995 εὐθὺς
1778 1965 1834 1994 τοῖς

1046 2009 1122 2046 αὐτῷ
1138 2010 1265 2045 μυεῖσθαι
1288 2010 1521 2045 προσερχομένοις
1545 2009 1580 2036 τὰ
1615 2009 1767 2044 τελειότερα
1776 2008 1833 2043 (25)

1047 2054 1101 2082 τῶν
1123 2054 1305 2090 ἀσεϐημάτων
1321 2078 1326 2088 ,
1340 2054 1463 2090 θαρρεῖν,
1486 2053 1556 2090 μηδὲ
1591 2053 1647 2080 τῶν
1674 2054 1833 2090 μυστηρίων

787 2137 903 2167 ἾΑΒΙᾹ]
919 2134 1114 2165 LECTIONES
1129 2134 1174 2162 ET
1187 2133 1305 2162 ΝΟΤΛΕ.

244 2214 300 2251 (12)
324 2213 512 2247 Διδωκάλφ.
528 2214 567 2242 Ita
582 2218 656 2242 recte
672 2212 839 2241 Coisliniano
859 2220 908 2247 pro
920 2211 994 2238 διδα-

245 2251 322 2280 αλίω,
336 2258 393 2280 seu,
405 2250 614 2280 ut_scribendum
625 2254 693 2280 erat,
707 2247 884 2280 διδασκαλείῳ
893 2247 994 2274 Nostri.

1082 2209 1127 2244 (16
1156 2208 1227 2236 οὖν.
1247 2207 1306 2235 Non
1316 2205 1555 2243 agnoscitNoster.

1084 2211 1140 2280 (Η)
1164 2243 1286 2280 Χωρίρν.
1314 2242 1412 2280 Addidi
1429 2250 1474 2280 _ex
1489 2241 1552 2280 _Nos

208 2247 322 2285 σκαλίῴ,
336 2258 393 2282 seu,
405 2250 614 2285 utscribendum
625 2247 884 2285 ετοιηδιδασκαλείῳ
893 2247 994 2274 Nostri.

244 2283 303 2321 (15)
321 2285 366 2312 Δέ.
390 2285 427 2312 Ex
450 2283 561 2321 Nostro,
575 2285 648 2321 quod
673 2284 708 2311 ad
725 2283 918 2318 perficiendam
934 2289 996 2310 ora-

208 2320 294 2349 tionis
306 2321 405 2348 seriem
421 2320 521 2354 requiri
538 2320 654 2347 videtur.

244 2356 300 2392 (14)
318 2356 352 2383 οἳ
367 2355 415 2392 καί
436 2351 593 2392 dit/potae.
622 2355 661 2382 Ita
679 2354 783 2382 edenda
808 2353 868 2381 haec
890 2351 995 2392 putavi,

209 2387 271 2428 quae
286 2387 313 2418 in
330 2387 617 2428 Coislinianomisere
633 2394 762 2428 corrupta
790 2393 866 2428 sunt,
892 2387 939 2422 qui
957 2387 998 2428 sic

209 2423 313 2455 liabet:
340 2426 371 2453 Οἳ
398 2426 446 2453 καὶ
477 2425 558 2452 πάθει
575 2423 922 2460 δαίμοναςίθεραπεύουσι,
941 2423 998 2460 ⁵καὶ

209 2462 339 2497 δαίμονας
352 2462 433 2497 πάθει
448 2456 638 2497 φυγαδεύουσι.
656 2456 768 2497 liectius
786 2467 820 2497 ex
844 2462 921 2497 parte
941 2456 998 2483 No-

210 2493 277 2529 ster,
292 2496 317 2522 σί
331 2497 378 2523 καὶ
398 2493 528 2531 δαίμονας
544 2494 736 2531 θεραπεύουσι,
755 2494 802 2531 καὶ
817 2493 889 2531 πάθη
909 2500 998 2531 φυγατ

211 2526 330 2564 δεύουσι,
351 2531 397 2566 qui
413 2526 503 2558 tamen
524 2531 551 2558 in
566 2526 599 2558 eo
613 2534 687 2558 errat
700 2526 998 2566 librariilapsupquod

211 2567 274 2594 bina
286 2567 329 2593 illa
344 2563 425 2593 verba
441 2574 495 2593 non
514 2567 571 2593 suis
594 2566 660 2593 locis
679 2564 834 2595 collocavit,
859 2563 906 2590 sed
929 2569 998 2589 cou-

211 2602 290 2628 fudit.
310 2601 396 2628 Scribi
411 2602 483 2628 enim
508 2601 635 2634 debebat,
659 2605 689 2627 ut
706 2599 788 2627 edidi.
814 2599 854 2625 lta
877 2605 921 2625 res
940 2598 998 2634 ipsa

212 2637 334 2671 requirit,
357 2642 384 2662 et
408 2635 502 2671 Petrus
527 2632 634 2663 Siculus
655 2635 810 2666 confirmat,
830 2633 913 2671 cuius
941 2632 999 2671 haec

212 2667 276 2700 sunt
291 2667 371 2699 verba
390 2679 396 2696 :
417 2669 496 2698 Οὗτοί
510 2673 578 2698 εἰσιν
591 2673 615 2697 οἱ
633 2671 706 2705 ἆγιοί
726 2678 784 2701 σου,
812 2669 921 2705 οἰντοὺς
945 2667 1000 2705 δαί-

213 2715 298 2742 μονας
316 2706 523 2742 φυγαδεύοντες,
538 2707 632 2733 καὶτὰ
648 2703 720 2740 πάθη
734 2704 933 2742 θεραπεύοντες
945 2703 999 2729 τῶν

212 2739 501 2783 ἀνθρώπωνις-δεὶιίοοι
515 2742 631 2781 ludibrio
652 2739 751 2783 femina
767 2739 999 2783 habuit_consne:

213 2773 349 2809 tudinem.
363 2777 406 2804 illa
432 2781 511 2804 aetate
538 2776 592 2811 jam
618 2781 766 2811 receptam,
786 2783 838 2811 qua
867 2773 1000 2801 invocatis

213 2813 316 2840 sanctis
332 2812 471 2840 daemones
491 2812 706 2846 expellebantur.

250 2848 306 2883 (15)
332 2843 653 2883 Καταλιπόντες-,Πηνοο
683 2846 754 2874 malo
787 2852 843 2882 prae
874 2843 1001 2872 καταλεί-

213 2891 320 2916 ποντες,
333 2883 405 2918 quod
420 2883 501 2912 estin
512 2882 688 2911 Coisliniano.

1084 2241 1140 2280 (Π)
1164 2243 1286 2280 Χωρίον.
1314 2241 1412 2280 Addidi
1429 2250 1474 2280 _ex
1489 2241 1615 2280 _Nostro_,_
1630 2249 1711 2280 quam
1739 2248 1833 2267 vocem

1047 2276 1186 2315 requirere
1201 2276 1309 2306 videtur
1325 2278 1469 2313 allegorica
1489 2277 1616 2311 loquendi
1633 2276 1712 2309 ratio,
1728 2283 1788 2310 quae
1803 2283 1834 2302 se

1047 2315 1092 2342 hic
1102 2314 1209 2342 auctori
1219 2312 1354 2349 probavit,
1366 2313 1399 2339 de
1412 2312 1582 2348 germinibus
1597 2313 1718 2346 loquens,
1735 2311 1834 2345 quibus

1151 2331 1193 2342 τιυι
1200 2331 1209 2340 ι
1220 2331 1246 2345 νι
1253 2331 1303 2340 uua
1310 2331 1354 2345 un,
1366 2331 1399 2339 uu
1412 2331 1453 2345 ενι
1461 2331 1582 2339 nun-uua
1597 2331 1718 2345 ινιιυν--υ,

1047 2358 1111 2384 ager
1125 2349 1213 2377 ridere
1230 2349 1309 2376 solet.

1084 2385 1140 2421 (l8)
1155 2384 1307 2421 ξυλίνουςἶ
1320 2382 1418 2421 Noster
1428 2382 1541 2421 ὀλίγοι-ς,
1562 2381 1702 2421 mendose.

1084 2417 1139 2461 (lg)
1153 2417 1426 2461 _'A1€ptxa.:lleﬂfdtr:
1439 2417 1484 2461 ita
1509 2417 1614 2461 Noster
1629 2417 1736 2448 melius.
1753 2423 1834 2451 quam

1047 2452 1240 2487 Coislinianns,
1257 2453 1304 2488 qui
1321 2453 1405 2480 habet
1413 2452 1646 2488 ἀπερικάλυπτον.

1086 2490 1143 2526 (20)
1164 2486 1387 2526 Ἀνεκτὸτέροις.
1406 2486 1514 2526 Optime
1537 2486 1689 2514 Coislianus
1706 2494 1755 2522 pro
1777 2495 1835 2513 συν-

1048 2522 1218 2560 εκτοτέροις,
1225 2524 1301 2560 (ιιιορ
1312 2523 1409 2560 Noster
1419 2522 1508 2549 all'ert.

1085 2556 1269 2595 (21)”Κωδίὶρ.
1281 2559 1322 2595 Ex
1339 2557 1438 2595 Nostro
1451 2565 1501 2593 pro
1521 2556 1631 2589 κωδίου,
1651 2556 1724 2592 quod
1755 2563 1835 2591 pera-

1049 2594 1110 2623 rum
1125 2595 1192 2622 vitio
1207 2600 1270 2621 ante
1281 2594 1430 2629 legebatur.

1087 2630 1143 2667 (‘22)
1162 2626 1434 2667 _'Ij2ra:roa_tﬁzixt¢gr,
1453 2627 1508 2667 __Sic
1534 2626 1632 2667 iterum
1666 2626 1764 2653 Noster
1787 2634 1836 2660 pro

1051 2662 1372 2700 simpliciﬁmupiimwv
1382 2662 1560 2700 _Coisliniani.

1088 2695 1143 2735 (9'3)
1173 2695 1357 2732 Τελειᾶερα.
1382 2697 1422 2735 lla
1450 2698 1510 2733 lego
1531 2704 1579 2731 pro
1600 2695 1761 2735 τελειξξτερα,
1785 2703 1836 2735 pro

1050 2730 1105 2772 quo
1115 2730 1213 2764 Noster
1229 2730 1490 2772 Ιιοίξοῇταχεῴτεραζ
1510 2730 1603 2772 vocem
1621 2731 1709 2772 nihili.
1723 2730 1774 2772 Per
1791 2731 1835 2772 τέ-

1050 2765 1121 2802 λειος
1140 2775 1231 2798 autem
1247 2765 1495 2799 alludituriterum,
1511 2767 1584 2802 quod
1599 2766 1720 2793 solemne
1736 2765 1837 2802 Nostro

1051 2811 1103 2840 est,
1112 2800 1149 2834 ad
1162 2805 1303 2841 gentilium
1323 2812 1412 2841 sacra,
1429 2800 1533 2841 quibus
1542 2801 1586 2836 qui
1603 2809 1658 2829 non
1669 2806 1722 2830 tam
1735 2800 1837 2828 initiati

1052 2838 1133 2878 quam
1149 2838 1245 2869 imbuti
1254 2846 1341 2874 erant,
1354 2839 1452 2866 τέλειοι
1465 2838 1636 2866 dicebantur.
