1931 3082
96 139 129 170 60
601 139 752 170 CONTRA
770 138 1002 170 MANICHIEOS
1019 138 1137 169 LIBER
1162 139 1188 169 Ι.

1685 141 1723 175 ’10

96 191 248 226 προτιθέναι
263 191 298 218 τὰ
317 190 460 226 ἐξάγιστα,
474 189 513 220 ὦν
537 192 662 228 ἔπιθι)
676 193 707 220 τδ
729 193 875 228 κεφάλαιοι

933 201 965 221 ac
981 193 1136 229 imperium,
1162 193 1203 221 vis
1217 193 1338 228 creandi,
1362 193 1451 221 honor
1461 199 1488 222 et
1502 193 1659 224 famulatus.
1675 197 1724 224 Ni-

94 238 203 273 !tmct;
220 237 358 272 παντελὴς
373 237 454 270 Θεοῦ,
469 238 518 265 καὶ
535 238 583 265 τοῦ
595 239 721 265 διαϐόλου
744 239 810 271 δόξα
831 239 880 266 καὶ

94 284 198 318 κράτος,
226 283 274 310 καὶ
290 283 472 319 δημιουργίας
498 284 586 319 ἰσχὺς,
607 285 655 311 καὶ
677 284 746 320 τιμὴ
770 285 820 311 καὶ
838 285 879 311 οἱ-

95 329 206 360 κείωσις.
229 329 314 356 Οὐδὲν
336 327 385 356 οὖν
404 330 511 361 ἐκεῖνος
539 329 660 357 τοιοῦτον
683 331 880 358 κατεπίστευεν

93 375 145 407 τοῖς
157 375 219 410 ἄρτι
239 375 415 411 μυουμένοις.
437 376 520 403 Ἀλλὰ
533 375 630 412 πρῶτα
655 376 705 412 μὲν
720 377 776 408 τοῖς
796 377 879 410 εὐαγ-

93 421 204 454 γελικοίς
230 421 362 457 ἐπειρᾶτο
387 422 623 458 καταρῤυθμίζειν
647 423 767 458 ῥήμασιν
788 423 880 450 αὐτῶν

92 466 124 491 τὰ
139 465 202 500 ἤθη,
219 466 268 492 καὶ
289 466 307 493 ἃ
323 466 408 502 μηδὲν
428 467 556 494 ἐκέλευσε
577 468 642 504 περὶ
662 468 806 503 δόγματος.
824 468 880 495 Καὶ

91 511 191 542 τούτοις
217 512 288 544 τέως
318 512 486 548 κατακηλεῖν
514 522 545 540 τε
581 515 629 540 καὶ
661 514 879 550 καταγοητεύειν

92 556 236 592 ἐπεχείρει,
251 557 301 584 καὶ
313 557 471 593 χειροήθεις
491 552 699 593 ἀπεργάζεσθαι
708 560 771 591 τοὺς
795 568 880 595 μυστ-

91 603 308 638 αγωγουμένους.
331 603 459 631 Ἐπειδὰν
481 603 504 630 δ’
518 603 612 636 εὔνους
628 601 702 639 εῖχεν
717 605 765 631 καὶ
783 604 821 635 ὡς
835 605 878 631 δι-

90 649 212 685 δασκάλῳ
225 650 272 676 καὶ
292 650 432 686 σωτηρίας
447 649 521 686 ἑώρα
537 651 759 686 προσανέχοντας
777 651 877 687 ὁδηγῷ,

931 240 970 268 hil
984 240 1075 275 itaque
1090 239 1179 267 sitnile
1196 247 1293 267 recens
1310 240 1424 268 initiatis
1451 241 1648 275 concredebat;
1675 242 1723 270 sed

930 285 1020 322 primo
1037 294 1131 313 eorum
1160 293 1263 318 mores,
1289 293 1340 313 nec
1355 293 1409 313 non
1422 287 1486 320 alia,
1517 295 1578 322 qua;
1599 288 1668 315 nihil
1690 288 1724 316 ad

930 331 1080 359 doctrinam
1090 331 1260 366 spectabant,
1273 331 1437 367 evangelicis
1449 331 1540 359 verbis
1559 337 1653 367 aptare
1664 338 1725 360 stu-

930 377 1029 410 debat;
1043 377 1142 405 deinde
1156 377 1229 412 ipsos
1240 377 1381 412 pellicere,
1409 383 1438 405 et
1453 378 1599 413 praestigiis
1613 379 1672 408 suis
1687 379 1722 406 il-

929 423 1058 458 laqueare
1075 423 1251 458 iaitiatosque
1265 423 1298 450 ad
1323 430 1434 450 manum
1458 427 1485 450 et
1503 424 1724 459 obtemperantes

929 469 982 497 sibi
993 469 1108 497 reddere
1122 469 1285 496 conabatur.
1323 468 1471 503 Postquam
1495 473 1586 496 autem
1604 477 1651 497 eos
1669 469 1724 497 sibi

929 516 1090 549 benevolos,
1109 520 1137 543 et
1149 520 1277 550 tanquam
1290 515 1401 542 salutari
1412 515 1473 542 duci
1488 515 1640 551 morigeros
1662 523 1725 543 esse

929 562 1128 597 conspiciebat,
1154 567 1218 589 tunc
1230 565 1318 589 totum
1333 561 1476 597 apostasia
1493 562 1570 589 virus
1585 562 1724 590 hiantibus

930 606 996 642 ipsis
1008 607 1172 634 sorbendum
1182 607 1362 642 propinabat;
1377 612 1458 642 atque
1473 607 1589 634 initiatis
1599 608 1724 635 eamdem

929 660 1012 688 quam
1030 654 1088 688 ipse
1105 654 1226 685 tenebat,
1247 654 1414 688 impietatem
1427 654 1559 682 tradebat.
1576 654 1724 690 Tychicum

90 695 148 722 τότε
163 696 210 722 καὶ
223 696 270 722 τὸν
286 696 347 723 ὅλον
362 697 413 732 τῆς
431 696 601 729 ἀποστασιας
618 697 658 724 ζὺν
676 697 773 732 χανδὸν
787 697 875 730 αὐτοῖς

933 705 1020 727 autem
1038 707 1067 726 se
1080 699 1291 727 scelestissimus
1305 699 1388 727 homo
1405 700 1610 733 denominabat,
1633 708 1725 736 neque

90 743 219 778 παρεῖχεν
251 743 399 778 ὲκροφεῖν,
432 743 482 769 καὶ
527 743 741 779 τετελεσμένους
778 744 875 778 ὁμοιως

933 745 1019 772 solum
1035 744 1087 772 sibi
1102 752 1201 772 nomen
1213 752 1246 772 ex
1261 745 1460 780 discipulorum
1478 753 1594 773 numero
1620 746 1725 774 tribue—

89 789 182 823 ὲκεῐνῳ
195 788 362 824 ἀνηγόρευέν
374 797 404 815 τε
415 789 463 816 καὶ
471 789 660 825 ἀνεκήρυττεν
670 790 721 825 τὴν
735 790 875 817 ἀσέϐειαν.

933 788 987 821 bat,
996 788 1045 816 sed
1060 789 1144 823 ipsam
1161 789 1347 816 exsistentiam
1361 790 1520 825 usurpabat,
1532 791 1603 818 etad
1617 799 1645 819 se
1659 799 1724 827 per-

89 834 202 869 Τυχικὸν
217 833 239 860 δ’
258 834 341 861 αὑτὸν
361 835 409 861 καὶ
428 832 507 867 οὗτος
528 836 542 861 ὁ
561 835 764 871 τρισαλιτήριος
775 835 875 863 ὲπωνό·

933 834 1019 862 linere
1051 834 1319 863 comminiscebatur.
1350 835 1410 863 Non
1437 836 1510 863 enim
1534 844 1564 864 se
1590 837 1684 870 alium,
1707 846 1725 866 o

90 878 184 914 μαζεν,
209 880 240 906 οὑ
255 881 306 914 τὴν
325 879 424 915 κλῆσιν
449 880 609 908 ἐκκλέπτων
625 881 704 917 μόνον
725 881 774 909 τοῦ
789 891 875 917 μακα-

933 880 1042 907 stultam
1057 880 1189 916 linguam,
1201 881 1396 916 stultioresque
1407 882 1561 910 auditores!
1590 891 1652 911 esse
1660 869 1724 918 por-

89 925 146 961 ρίου
161 925 269 952 Παύλου
282 925 423 961 μαθητῶν,
435 926 505 953 ἀλλὰ
525 927 573 954 καὶ
588 927 675 962 αὐτὴν
685 927 737 963 τὴν
758 926 875 963 ὕπαρξιν

933 930 1034 953 tentose
1049 926 1167 960 dicebat,
1189 935 1269 962 qnam
1293 927 1382 962 ipsttm
1399 927 1476 955 illum
1489 928 1649 964 Tychicum,
1677 929 1724 963 qui

88 974 133 999 καὶ
150 972 301 999 ὑπόστασιν
317 973 359 1004 είς
383 973 481 1000 ἑαυτὸν
498 973 699 1008 μεταπλάσσων
718 974 766 1001 καὶ
785 982 875 1010 παρα-

933 971 958 998 in
974 971 1098 1007 epistolis
1114 972 1187 1000 Pauli
1204 978 1382 1006 memoratur,
1399 973 1557 1002 honorabili
1572 974 1634 1009 ejus
1646 982 1726 1002 men-

88 1018 242 1054 χαράσπων,
257 1018 305 1045 καὶ
320 1019 555 1054 ὐποϐαλλόμενος·
580 1020 611 1046 οὺ
629 1020 684 1055 γὰρ
710 1019 790 1047 ἄλλον
804 1020 875 1053 τινὰ,

933 1017 1007 1046 tione
1036 1026 1108 1054 saepe
1134 1018 1215 1046 facta.
1247 1018 1306 1047 lloc
1329 1024 1515 1048 commentum
1541 1021 1724 1053 teterrimum,

88 1064 121 1098 (ὦ
129 1065 223 1100 μωρᾶς
235 1064 372 1100 γλώσσης,
394 1065 552 1101 μωροτέρας
561 1065 584 1092 δ’
594 1066 679 1100 ἀκοῆς
693 1065 748 1093 τῶν
759 1066 875 1102 παραδε-

933 1064 1083 1100 impudens,
1103 1065 1242 1099 insanum,
1260 1066 1387 1101 impium,
1410 1066 1455 1094 cui
1470 1066 1558 1094 simile
1579 1074 1722 1102 nunquam

86 1110 238 1145 χομένωνῑ)
265 1110 324 1137 ἀλλ’
349 1111 455 1138 ἐκεῖνον
474 1108 545 1138 εἶναι
566 1111 613 1138 τὸν
638 1112 756 1148 Τυχικίιν
778 1112 875 1139 ἑαυτὸν

933 1111 1000 1145 apud
1012 1111 1141 1143 haereses,
1155 1119 1216 1147 qua:
1231 1115 1295 1139 ante
1314 1111 1436 1147 fuerunt,
1459 1112 1574 1144 exstitit,
1591 1112 1653 1145 hoc,
1679 1113 1723 1139 in-

86 1156 290 1192 ἐτερατολύγει,
313 1157 343 1184 ἑν
365 1158 426 1190 ταῖς
450 1158 620 1190 Ἐπιστολαῖς
640 1158 688 1185 τοῦ
714 1158 875 1186 ’Δποστόλου

933 1163 1022 1191 quam,
1046 1165 1096 1185 ceu
1118 1156 1326 1185 fundamentum
1355 1165 1461 1193 ponens
1492 1159 1519 1185 in
1546 1158 1723 1193 deceptorum

85 1203 237 1238 φερόμενόν
255 1212 286 1230 τε
303 1203 351 1230 καὶ
367 1203 502 1239 πολλαχοῦ
515 1204 571 1240 (25)
588 1205 699 1240 μνήμης
712 1205 878 1240 ἐπαινουμέ-

85 1257 135 1284 νης
157 1248 333 1284 ἀξιούμενον.
363 1249 450 1277 Τοῦτο
472 1250 501 1277 δὲ
524 1250 555 1277 τὸ
577 1249 769 1278 κακόπλαστόν
784 1259 815 1277 τε
829 1251 878 1278 καὶ

85 1294 192 1326 ἀναιδὲς
208 1296 255 1321 καὶ
274 1295 379 1330 ἠλίθιον
394 1295 443 1322 καὶ
464 1295 556 1329 ἄθεον,
579 1296 627 1323 καὶ
647 1292 678 1322 οὗ
696 1297 733 1332 μή
743 1296 800 1332 (26)
819 1297 878 1324 ὲστι

86 1341 153 1376 παρ’
173 1340 289 1377 οὐδεμιᾷ
306 1342 362 1368 τῶν
390 1342 502 1369 πώποτε
527 1343 721 1378 γεγενημένων
745 1343 877 1379 αἱρέσεων

83 1388 286 1423 παραπλήσιον,
300 1387 379 1415 τοῦτο
399 1388 432 1424 δὴ
456 1387 621 1415 καταϐαλὼν
638 1389 694 1424 (27)
713 1389 760 1416 καὶ
779 1389 878 1425 προθεη

85 1434 223 1469 μελιὼσας
237 1435 300 1465 ταῖς
320 1434 376 1461 τῶν
391 1435 579 1470 ἠπατημένων
598 1434 697 1470 ψυχαῖς
712 1435 818 1462 ἐκεῖθεν
830 1436 878 1462 ἑπ-

83 1479 221 1515 ῳκοδόμει
235 1478 270 1505 τὰ
282 1478 351 1506 ἄλλα
363 1487 370 1494 θ
386 1479 497 1515 κήρυκά
513 1488 543 1506 τε
558 1480 612 1516 γὰρ
627 1480 797 1508 ἀπεστάλθαι
809 1480 877 1515 πρὸς

928 1203 1036 1236 animis,
1065 1208 1164 1231 caetera
1194 1204 1323 1238 deinceps
1349 1204 1501 1231 aadilicabat
1520 1213 1527 1231 :
1545 1212 1609 1232 nam
1635 1212 1665 1232 se
1689 1205 1724 1232 ab

928 1248 1062 1284 Apostolo
1077 1249 1111 1276 ad
1126 1249 1201 1284 ipsos
1225 1257 1379 1285 praeconem
1395 1250 1510 1276 missum
1529 1258 1590 1277 esse
1615 1250 1724 1278 dictita-

927 1294 983 1326 bat,
1002 1299 1030 1322 et
1042 1302 1083 1327 ea,
1099 1303 1160 1330 (pne
1167 1295 1343 1322 annuntiaret
1356 1303 1388 1322 ac
1403 1295 1517 1327 diceret,
1542 1303 1596 1322 non
1609 1302 1666 1322 suae
1681 1303 1726 1322 su-

927 1341 1048 1377 pientizc,
1062 1341 1110 1369 sed
1120 1341 1194 1369 Pauli
1203 1341 1327 1369 docentis
1337 1345 1364 1369 et
1375 1341 1509 1369 mittentis
1519 1349 1580 1368 esse
1588 1346 1723 1377 praecepta

927 1387 1121 1415 mentiebatur.
1146 1388 1186 1415 Ac
1199 1387 1244 1422 qui
1258 1395 1331 1421 saepe
1345 1386 1517 1422 perfectioris
1533 1387 1561 1413 in
1582 1387 1723 1422 impietate

927 1432 1088 1465 initiationis
1114 1433 1256 1468 discipulis
1287 1441 1318 1461 se
1336 1432 1468 1468 Spiritum
1497 1437 1524 1460 et
1552 1432 1723 1460 Paracletuni

927 1485 988 1506 esse
1009 1478 1170 1514 iactitabat;
1191 1478 1294 1506 rudiori
1321 1478 1491 1506 multitudini
1507 1485 1537 1506 se
1553 1479 1624 1506 inter
1638 1478 1723 1505 divini

83 1526 185 1557 αὐτοὺς
202 1525 269 1561 παρ’
284 1525 379 1558 αὐτοῦ,
399 1526 446 1552 καὶ
461 1526 480 1554 ἃ
497 1526 663 1561 διαγγέλλει,
679 1526 726 1553 καὶ
739 1526 822 1561 λέγει,
839 1526 875 1561 μὴ

933 1524 1005 1552 Pauli
1034 1524 1185 1560 discipulos
1210 1525 1437 1558 connumerabat,
1463 1525 1510 1560 qui
1544 1525 1725 1560 septingentis

82 1574 133 1608 τῆς
147 1572 234 1600 αὑτοῦ
250 1571 347 1606 σοφίας
366 1569 447 1604 εἶναι,
464 1572 512 1599 τοῦ
537 1573 567 1600 δὲ
581 1573 737 1606 διδάξαντος
751 1573 798 1600 καὶ
822 1573 877 1599 ἀπ-

87 1619 257 1650 εσταλκότος
272 1618 379 1645 Παύλου
402 1619 634 1655 παραγγέλματα.
648 1619 704 1647 Καὶ
720 1620 735 1646 ὁ
747 1619 879 1651 πολλάκις

82 1666 141 1696 τοῖς
161 1665 204 1691 ἔτι
228 1664 286 1700 (28)
306 1664 408 1700 μᾶλλον
439 1664 655 1700 μυστικωτέροις
680 1665 730 1701 τὴν
750 1665 878 1692 ἀσέϐειαν

83 1709 200 1745 Πνεῦμα
217 1710 265 1736 καὶ
281 1709 460 1745 Παράκλητον
470 1710 563 1745 ὑμνῶν
576 1711 729 1742 ἐαυτὸν,εῑς
740 1711 786 1738 τὸν
798 1711 878 1747 χορὸν

81 1757 139 1783 τῶν
159 1755 291 1791 μαθητῶν
309 1755 358 1782 τοῦ
374 1755 522 1783 θεσπεσίου
539 1756 649 1784 Παύλου
667 1757 736 1792 πρὸς
755 1757 786 1784 τὸ
813 1757 877 1784 ἄλλο

82 1802 191 1837 πλῆθος
211 1802 361 1836 κατέλεγεν
377 1802 485 1834 ἑαυτὸν,
511 1802 682 1830 ἑπτακοσίων
707 1803 776 1830 ἐτῶν
792 1804 878 1838 ἐγγὺς

84 1847 327 1883 μεταγενέστερος
349 1848 398 1875 καὶ
412 1847 521 1875 Παύλου
546 1849 594 1876 καὶ
612 1849 732 1884 Τυχικοῦ
747 1848 875 1883 γεγονώς.

81 1893 143 1920 Καὶ
160 1893 217 1928 γὰρ
229 1894 243 1919 ὁ
255 1894 410 1929 κατάρατος
438 1890 518 1926 οὗτος
549 1894 597 1921 καὶ
613 1895 744 1930 τερατίας
766 1895 795 1921 ἐν
820 1896 878 1926 τοῖς

80 1940 148 1967 καθ’
163 1940 239 1974 ἡμᾶς
256 1940 422 1975 ὲγνωρίζετο
437 1942 555 1976 χρόνοις,
572 1940 660 1976 κήρυξ
675 1941 725 1976 τῆς
747 1940 878 1972 ἀσεϐείας

78 1988 119 2019 ὼς
139 1987 202 2022 (29)
228 1986 306 2014 οὔπω
324 1996 367 2019 τις
391 1987 523 2023 διάπυρος
538 1988 641 2023 ἕτερος.
661 1988 767 2020 Πολλὰς
791 1988 846 2024 γὰρ
863 1987 877 2014 ὁ

78 2033 187 2065 πλάνος
201 2033 295 2065 πόλεις
310 2034 456 2070 περιῆλθεν
469 2036 517 2063 καὶ
541 2035 645 2071 χώρας,
678 2035 781 2070 θηρῶν,
804 2035 877 2062 ἁπα-

77 2080 149 2113 τῶν,
162 2079 213 2106 καὶ
223 2080 280 2114 (50)
294 2080 450 2114 παγιδεύωυ
459 2081 508 2114 τὰς
516 2082 571 2108 τῶν
581 2082 784 2117 ἁπλουστέρων.
792 2081 876 2116 οἴμοι,

77 2126 185 2161 ψυχὰς,
200 2125 237 2157 ὡς
248 2127 296 2153 καὶ
310 2126 393 2158 αὐτὸς
414 2128 428 2154 ὁ
444 2127 493 2155 τοῦ
507 2127 624 2163 ψεύδους
638 2128 676 2160 ὡς
692 2127 801 2162 ἀληθῶς
819 2127 878 2160 υἱὸς

78 2174 108 2199 ὲν
127 2173 184 2208 μιᾷ
194 2173 250 2200 τῶν
264 2172 349 2199 αὑτοῦ
367 2182 454 2209 φησιν
473 2174 625 2202 ἐπιστολῶν
637 2183 644 2190 ·
664 2184 673 2201 ι
695 2174 769 2201 {Arrii
781 2175 876 2201 ἀνατο-

935 1578 1006 1606 pene
1020 1571 1101 1598 annis
1115 1576 1176 1606 post
1189 1571 1303 1599 Paulum
1321 1577 1349 1599 et
1362 1571 1510 1607 Tycbieum
1529 1571 1609 1599 vixit.
1619 1571 1726 1598 Etenim

931 1617 1094 1645 maledictus
1111 1617 1156 1644 ille
1176 1622 1205 1645 et
1226 1623 1404 1653 portentosus
1424 1617 1508 1645 homo
1529 1617 1632 1644 nostris
1656 1625 1727 1653 pene

932 1663 1101 1698 temporibus
1121 1664 1246 1699 cognitus
1262 1668 1314 1696 est,
1329 1664 1478 1699 impietatis
1489 1671 1589 1699 praeco,
1601 1671 1655 1698 quo
1663 1664 1727 1690 nul-

930 1709 975 1737 lus
989 1710 1057 1737 alter
1068 1709 1209 1737 ardentior
1237 1709 1300 1737 fuit.
1325 1709 1424 1738 Multas
1441 1710 1514 1738 enini
1529 1710 1657 1738 seductor
1680 1710 1726 1737 ille

930 1756 1014 1783 urbes
1026 1760 1053 1783 et
1067 1756 1192 1791 regiones
1221 1756 1385 1791 peragravit,
1400 1756 1501 1783 multos
1511 1761 1633 1791 captans,
1650 1756 1727 1783 drci-

931 1802 1018 1838 piens,
1035 1802 1195 1837 illaqueans,
1206 1803 1360 1829 odamnum
1370 1803 1377 1829 l
1388 1802 1586 1836 simpliciorum
1601 1801 1725 1835 animas;

931 1853 959 1876 et
974 1847 1032 1883 ipse
1056 1847 1191 1875 mendacii
1214 1855 1279 1874 vere
1300 1847 1371 1874 ﬁlius
1392 1847 1419 1874 in
1439 1848 1529 1882 aliqua
1549 1847 1725 1882 epistularum

931 1901 1042 1922 suarum
1055 1895 1093 1922 ait
1109 1904 1116 1922 :
1137 1904 1146 1920 ι
1158 1895 1199 1922 Ab
1209 1895 1321 1922 Uriente
1329 1900 1356 1922 et
1366 1894 1525 1927 Occidente,
1542 1895 1576 1922 ab
1590 1895 1726 1929 Aquilone

931 1946 959 1969 et
971 1941 1085 1969 Meridie
1100 1941 1268 1968 annuntians
1277 1941 1453 1977 Evangelium
1475 1940 1588 1973 Christi.
1605 1949 1725 1976 genuum

931 1994 1056 2014 meorum
1076 1986 1169 2014 labore
1183 1987 1303 2014 cucurri.
1319 1996 1329 2013 ι
1348 1986 1461 2014 Etiamsi
1476 1986 1550 2014 enim
1565 1986 1610 2013 hic
1621 1982 1651 2014 ut
1661 1986 1726 2014 alibi

930 2040 1041 2068 semper
1062 2032 1212 2067 iactatione
1231 2036 1339 2066 ulalur;
1360 2040 1456 2060 verum
1484 2037 1574 2060 tamen
1593 2036 1635 2060 est
1662 2040 1725 2060 eum

930 2086 986 2106 non
1004 2078 1142 2106 tnodicum
1160 2086 1271 2105 cursum
1286 2078 1314 2105 in
1327 2085 1403 2106 suam
1428 2079 1642 2114 scquaciumque
1659 2086 1726 2106 suo-

930 2132 991 2152 rum
1009 2125 1159 2160 perniciem
1175 2125 1338 2153 confecisse.
1359 2124 1481 2161 Triginta
1502 2130 1593 2152 autem
1611 2130 1639 2153 ct
1656 2134 1725 2161 qua-

931 2175 994 2198 tuor
1014 2169 1095 2197 annis
1110 2170 1242 2206 impietati
1258 2170 1376 2205 praefuit,
1403 2174 1431 2197 et
1458 2170 1560 2198 erroris
1585 2174 1724 2197 certamen

78 2218 135 2245 λῶν
152 2220 203 2246 καὶ
215 2218 336 2254 δυσμῶν,
359 2219 407 2246 καὶ
430 2220 517 2256 βορρᾶ
533 2221 580 2248 καὶ
596 2221 675 2248 νότου
693 2220 812 2257 ἔδραμον
828 2229 875 2256 κη-

933 2217 1144 2245 consummavit.
1161 2216 1240 2244 lrene
1253 2224 1345 2251 porro,
1371 2216 1495 2251 religiosa
1511 2215 1553 2242 illa
1570 2220 1598 2242 et
1610 2215 1664 2242 Deo
1677 2224 1724 2242 ac-

80 2265 194 2299 ρύσσων
205 2265 237 2291 τὸ
254 2265 422 2301 Εὐαγγέλιον
438 2266 559 2301 Χριστοῦ
568 2268 624 2299 τοῖς
640 2267 718 2302 ἐμοῖς
731 2266 852 2301 γόνασιν.
865 2276 874 2292 ι

79 2310 112 2336 Et
125 2310 185 2346 γὰρ
209 2309 248 2342 ὡς
264 2311 295 2337 ὲν
321 2313 406 2339 πᾶσιν
435 2312 507 2339 οὕτω
525 2312 667 2339 κάνταῦθα
687 2312 879 2347 ὴλαζονεύετο,

78 2356 142 2383 ἀλλ’
171 2356 221 2384 οὖν
233 2357 285 2384 οὐκ
303 2357 396 2392 ὀλίγον
418 2357 519 2393 δρόμον
549 2358 621 2394 ὑπὲρ
642 2359 693 2394 τῆς
714 2356 813 2384 ἑαυτοῦ
833 2357 880 2384 καὶ

78 2402 137 2429 τῶν
161 2402 335 2439 πειθομένων
349 2405 489 2437 ἀπωλείας
505 2404 675 2432 κατεϐάλετο
689 2404 757 2439 (51).
780 2403 879 2437 Ἐγγὺς

78 2447 109 2473 δὲ
120 2448 173 2475 καὶ
186 2445 264 2480 οὗτος
279 2449 430 2485 τριάκοντα
443 2449 491 2485 ἐτη
512 2450 560 2476 ἐπὶ
578 2451 636 2482 τοίς
666 2449 800 2484 τέσσαρσι
827 2447 879 2482 τῆς

78 2493 220 2526 ἀσεϐείας
239 2496 374 2530 προέστη,
388 2496 437 2523 καὶ
462 2496 508 2522 τδν
523 2497 618 2530 ἀγῶνα
639 2496 689 2531 τῆς
716 2495 822 2530 πλάνης
839 2494 879 2520 δι-

78 2540 198 2575 ήνυσεν.
213 2541 319 2578 Εἰρήνη
331 2542 360 2569 δὲ
385 2541 538 2578 τηνικαῦτα
548 2542 578 2569 τὸ
593 2542 717 2577 φιλόθεον
729 2542 818 2568 ἐκεῖνο
831 2539 879 2567 καὶ

929 2268 1008 2299 cepta
1022 2263 1130 2296 mulier,
1145 2263 1292 2298 imperium
1309 2263 1514 2295 moderabatur,
1530 2270 1584 2296 quo
1602 2267 1724 2296 tempore

929 2309 977 2337 Dei
990 2309 1079 2337 hostis
1089 2314 1117 2337 et
1128 2310 1228 2344 impius
1238 2309 1284 2337 ille
1300 2309 1444 2344 apostasia).
1460 2308 1583 2336 doctrina
1599 2307 1723 2340 florebat,

930 2364 962 2384 ex
975 2364 1029 2391 quo
1043 2364 1131 2391 usque
1147 2356 1181 2383 ad
1197 2363 1319 2391 praesens
1330 2361 1449 2391 tempus,
1474 2362 1535 2390 qua:
1547 2362 1621 2381 nunc
1635 2354 1663 2381 in
1675 2361 1724 2380 no-

930 2402 995 2430 stris
1007 2402 1165 2438 regionibus
1173 2406 1321 2438 grassatur,
1334 2402 1470 2437 impietas,
1485 2401 1519 2427 ab
1527 2400 1588 2434 ejus
1599 2400 1724 2427 doctrina

931 2448 1072 2484 proﬂuxit.
1095 2448 1175 2476 Fama
1189 2452 1281 2476 atttem
1292 2448 1400 2476 caeteris
1410 2447 1495 2483 ipsius
1508 2446 1615 2474 :cmulis
1628 2447 1726 2482 impie-

933 2494 1035 2521 tatibus
1060 2498 1182 2529 praestat,
1208 2494 1274 2521 licet
1288 2498 1315 2521 et
1330 2494 1388 2521 haec
1403 2499 1431 2520 et
1447 2493 1501 2520 illae
1514 2493 1566 2529 ipsi
1580 2498 1726 2521 succentu-

933 2540 1010 2568 riatae
1022 2540 1049 2567 in
1065 2541 1188 2568 eamdem
1203 2540 1354 2576 perniciem
1373 2540 1522 2568 deducant.
1547 2540 1666 2568 Tantum
1681 2548 1728 2568 au.

648 2609 766 2637 VARIIE
779 2606 972 2636 LLCTIONES
1001 2605 1046 2634 ET
1063 2606 1180 2635 NOTAE.

116 2670 180 2705 (ει)
198 2670 292 2698 Ἐστι.
309 2669 500 2698 Lectionostri
530 2670 632 2698 codicis
658 2669 744 2705 proba
774 2673 802 2696 et
828 2676 876 2705 ge—

75 2706 235 2745 nuinapLo
248 2706 325 2745 έστη,
343 2706 417 2745 quod
426 2711 468 2745 est
478 2706 506 2745 in
519 2705 697 2745 Coisiinjailo.

115 2742 180 2776 (-25)
199 2740 374 2775 Πολλαχοῦ.
387 2740 455 2769 Vide
470 2743 531 2769 Aet.
548 2749 600 2776 xx,
613 2740 640 2773 4,
654 2740 755 2775 Ephcs.
771 2748 811 2772 vt,
825 2740 854 2767 21
867 2749 875 2773 ;

73 2775 193 2804 Coloss.
209 2784 248 2810 ty,
263 2776 298 2809 7;
311 2776 364 2803 Tit.
380 2777 478 2810 1",”.
490 2782 518 2804 et
533 2776 565 2809 ll,
583 2775 654 2804 Tim.
670 2784 706 2806 tv,
727 2777 770 2802 12.

113 2809 234 2846 (26)οὗ
252 2811 305 2846 μή.
330 2811 376 2839 Sic
404 2809 502 2839 Noster
527 2811 691 2843 rectissime,
716 2819 765 2846 pro
783 2811 816 2846 ού
842 2811 879 2846 μὴ

74 2845 249 2875 Coisliniani
267 2855 275 2874 :
289 2847 367 2881 prius
390 2847 504 2882 requirit
523 2847 609 2874 series
618 2845 760 2882 orationis,
773 2872 779 2881 ,
789 2845 819 2873 οὗ
839 2845 876 2882 μή

75 2883 141 2910 ἐστι
154 2882 362 2918 παραπλήσιον,
374 2881 446 2918 quod
456 2888 484 2911 et
498 2882 589 2911 versio
603 2888 677 2911 recte
692 2881 805 2910 indicat.

977 2666 1232 2699 ‘27)Kata6a1dw.
1256 2665 1371 2698 Noster.
1393 2667 1582 2700 καταϐάλλων,
1613 2667 1724 2694 rectius.

980 2702 1027 2738 28)
1045 2704 1120 2730 Ἔτι.
1149 2702 1247 2738 Noster
1261 2703 1308 2728 ἐπὶ
1335 2702 1407 2730 forte
1437 2708 1521 2730 recte.
1553 2703 1638 2730 Nmis
1653 2703 1726 2729 cnim

932 2736 1092 2779 πλέρνᾶςειν
1109 2738 1217 2779 videtur
1234 2737 1275 2764 ἔτι
1292 2738 1393 2773 μᾶλλον
1410 2737 1644 2779 μυστικωτέρους.

965 2772 1022 2806 (29)
1043 2774 1099 2806 Ὡς.
1116 2774 1212 2800 Noster
1232 2772 1439 2809 non'agnoscit,
1455 2774 1528 2808 quod
1545 2778 1635 2800 tamen
1651 2777 1726 2800 recte

929 2814 1060 2837 contextu
1069 2809 1235 2837 vindicatur.

972 2846 1029 2880 (50)
1042 2845 1107 2872 Καί.
1120 2844 1157 2880 Et:
1173 2844 1272 2880 Nostro
1287 2844 1385 2879 adjeci.

967 2878 1025 2916 (3i)
1039 2879 1235 2909 Κατεὸάιλετο.
1249 2878 1347 2908 Noster
1361 2878 1552 2908 κατεϐάλλετο.
