  <div class='ocr_page' id='page_1' title='image "/cluster/home/n/w/nwhite01/storage/ocr_20150623/102/njp.32101010943874/041.png"; bbox 0 0 1931 3082; ppageno 0'>
   <div class='ocr_carea' id='block_1_1' title="bbox 214 133 996 169">
    <p class='ocr_par' dir='ltr' id='par_1_1' title="bbox 214 134 996 169">
     <span class='ocr_line' id='line_1_1' title="bbox 214 134 996 169; baseline -0.006 0"><span class='ocrx_word' id='word_1_1' title='bbox 214 137 248 169; x_wconf 79' lang='lat'><strong>71</strong></span> <span class='ocrx_word' id='word_1_2' title='bbox 612 155 615 159; x_wconf 65' lang='grc' dir='ltr'><strong>ι</strong></span> <span class='ocrx_word' id='word_1_3' title='bbox 796 134 928 166; x_wconf 86' lang='grc' dir='ltr'><strong>ΡΗΟΤΙΙ</strong></span> <span class='ocrx_word' id='word_1_4' title='bbox 948 135 996 165; x_wconf 84' lang='lat' dir='ltr'><strong>PA‘</strong></span> 
     </span>
    </p>
   </div>
   <div class='ocr_carea' id='block_1_2' title="bbox 1052 133 1831 169">
    <p class='ocr_par' dir='ltr' id='par_1_2' title="bbox 1052 133 1831 166">
     <span class='ocr_line' id='line_1_2' title="bbox 1052 133 1831 166; baseline 0.001 -1"><span class='ocrx_word' id='word_1_5' title='bbox 1052 134 1201 165; x_wconf 68' lang='lat' dir='ltr'><strong>[ARCHE</strong></span> <span class='ocrx_word' id='word_1_6' title='bbox 1219 133 1271 165; x_wconf 70' lang='grc' dir='ltr'><strong>(ΖΡ.</strong></span> <span class='ocrx_word' id='word_1_7' title='bbox 1801 135 1831 166; x_wconf 73' lang='lat'><strong>&#39;72</strong></span> 
     </span>
    </p>
   </div>
   <div class='ocr_carea' id='block_1_3' title="bbox 213 190 996 230">
    <p class='ocr_par' dir='ltr' id='par_1_3' title="bbox 213 193 993 230">
     <span class='ocr_line' id='line_1_3' title="bbox 213 193 993 230; baseline -0.005 -8"><span class='ocrx_word' id='word_1_8' title='bbox 213 199 267 222; x_wconf 82' lang='lat' dir='ltr'><strong>tein</strong></span> <span class='ocrx_word' id='word_1_9' title='bbox 284 195 336 230; x_wconf 87' lang='lat' dir='ltr'><strong>ipsi</strong></span> <span class='ocrx_word' id='word_1_10' title='bbox 352 194 465 222; x_wconf 84' lang='lat' dir='ltr'><strong>honoris</strong></span> <span class='ocrx_word' id='word_1_11' title='bbox 481 194 613 221; x_wconf 73' lang='lat' dir='ltr'><strong>exhibent</strong></span> <span class='ocrx_word' id='word_1_12' title='bbox 636 194 697 229; x_wconf 73' lang='lat' dir='ltr'><strong>eius</strong></span> <span class='ocrx_word' id='word_1_13' title='bbox 713 193 805 221; x_wconf 85' lang='lat' dir='ltr'><strong>miseri</strong></span> <span class='ocrx_word' id='word_1_14' title='bbox 820 193 958 228; x_wconf 86' lang='lat' dir='ltr'><strong>discipuli,</strong></span> <span class='ocrx_word' id='word_1_15' title='bbox 976 201 993 219; x_wconf 94' lang='lat' dir='ltr'><strong>u</strong></span> 
     </span>
    </p>
   </div>
   <div class='ocr_carea' id='block_1_4' title="bbox 1052 190 1829 230">
    <p class='ocr_par' dir='ltr' id='par_1_4' title="bbox 1056 190 1829 226">
     <span class='ocr_line' id='line_1_4' title="bbox 1056 190 1829 226; baseline 0.001 -8"><span class='ocrx_word' id='word_1_16' title='bbox 1056 192 1240 226; x_wconf 80' lang='grc' dir='ltr'>θεομακάριον</span> <span class='ocrx_word' id='word_1_17' title='bbox 1252 190 1364 225; x_wconf 85' lang='grc' dir='ltr'>γύναιον</span> <span class='ocrx_word' id='word_1_18' title='bbox 1374 190 1424 226; x_wconf 82' lang='grc' dir='ltr'>τῆς</span> <span class='ocrx_word' id='word_1_19' title='bbox 1440 190 1577 226; x_wconf 79' lang='grc' dir='ltr'>βασιλείου</span> <span class='ocrx_word' id='word_1_20' title='bbox 1587 190 1674 226; x_wconf 83' lang='grc' dir='ltr'>ἀρχῆς</span> <span class='ocrx_word' id='word_1_21' title='bbox 1685 191 1829 226; x_wconf 76' lang='grc' dir='ltr'>ἐπεστάτει,</span> 
     </span>
    </p>
   </div>
   <div class='ocr_carea' id='block_1_5' title="bbox 211 236 1002 273">
    <p class='ocr_par' dir='ltr' id='par_1_5' title="bbox 211 236 1002 273">
     <span class='ocr_line' id='line_1_5' title="bbox 211 236 1002 273; baseline -0.004 -7"><span class='ocrx_word' id='word_1_22' title='bbox 211 245 268 267; x_wconf 89' lang='lat' dir='ltr'><strong>tum</strong></span> <span class='ocrx_word' id='word_1_23' title='bbox 288 239 339 266; x_wconf 87' lang='lat' dir='ltr'><strong>alia</strong></span> <span class='ocrx_word' id='word_1_24' title='bbox 357 239 484 270; x_wconf 87' lang='lat' dir='ltr'><strong>absurda,</strong></span> <span class='ocrx_word' id='word_1_25' title='bbox 511 246 572 273; x_wconf 67' lang='lat' dir='ltr'><strong>qua:</strong></span> <span class='ocrx_word' id='word_1_26' title='bbox 587 246 621 265; x_wconf 89' lang='lat' dir='ltr'><strong>ne</strong></span> <span class='ocrx_word' id='word_1_27' title='bbox 634 238 728 266; x_wconf 87' lang='lat' dir='ltr'><strong>auditu</strong></span> <span class='ocrx_word' id='word_1_28' title='bbox 755 237 866 272; x_wconf 84' lang='lat' dir='ltr'><strong>quidem</strong></span> <span class='ocrx_word' id='word_1_29' title='bbox 893 236 1002 264; x_wconf 86' lang='lat' dir='ltr'><strong>tolerari</strong></span> 
     </span>
    </p>
   </div>
   <div class='ocr_carea' id='block_1_6' title="bbox 210 283 1003 320">
    <p class='ocr_par' dir='ltr' id='par_1_6' title="bbox 210 283 1003 320">
     <span class='ocr_line' id='line_1_6' title="bbox 210 283 1003 320; baseline -0.003 -8"><span class='ocrx_word' id='word_1_30' title='bbox 210 289 335 320; x_wconf 87' lang='lat' dir='ltr'><strong>possunt,</strong></span> <span class='ocrx_word' id='word_1_31' title='bbox 350 284 384 312; x_wconf 90' lang='lat' dir='ltr'><strong>de</strong></span> <span class='ocrx_word' id='word_1_32' title='bbox 395 285 454 319; x_wconf 90' lang='lat' dir='ltr'><strong>ipso</strong></span> <span class='ocrx_word' id='word_1_33' title='bbox 471 289 596 316; x_wconf 88' lang='lat' dir='ltr'><strong>narrent,</strong></span> <span class='ocrx_word' id='word_1_34' title='bbox 613 289 671 312; x_wconf 89' lang='lat' dir='ltr'><strong>tum</strong></span> <span class='ocrx_word' id='word_1_35' title='bbox 684 284 765 311; x_wconf 88' lang='lat' dir='ltr'><strong>etiam</strong></span> <span class='ocrx_word' id='word_1_36' title='bbox 779 284 806 310; x_wconf 87' lang='lat' dir='ltr'><strong>in</strong></span> <span class='ocrx_word' id='word_1_37' title='bbox 817 283 929 310; x_wconf 84' lang='lat' dir='ltr'><strong>nomine</strong></span> <span class='ocrx_word' id='word_1_38' title='bbox 944 283 1003 317; x_wconf 83' lang='lat' dir='ltr'><strong>ejus</strong></span> 
     </span>
    </p>
   </div>
   <div class='ocr_carea' id='block_1_7' title="bbox 210 328 1001 364">
    <p class='ocr_par' dir='ltr' id='par_1_7' title="bbox 210 328 1001 364">
     <span class='ocr_line' id='line_1_7' title="bbox 210 328 1001 364; baseline -0.004 -8"><span class='ocrx_word' id='word_1_39' title='bbox 210 330 359 361; x_wconf 89' lang='lat' dir='ltr'><strong>orationes,</strong></span> <span class='ocrx_word' id='word_1_40' title='bbox 399 336 446 356; x_wconf 87' lang='lat' dir='ltr'><strong>seu</strong></span> <span class='ocrx_word' id='word_1_41' title='bbox 485 330 577 364; x_wconf 91' lang='lat' dir='ltr'><strong>potius</strong></span> <span class='ocrx_word' id='word_1_42' title='bbox 615 330 728 356; x_wconf 89' lang='lat' dir='ltr'><strong>latratus</strong></span> <span class='ocrx_word' id='word_1_43' title='bbox 756 336 820 355; x_wconf 88' lang='lat' dir='ltr'><strong>suos</strong></span> <span class='ocrx_word' id='word_1_44' title='bbox 845 328 1001 362; x_wconf 70' lang='lat' dir='ltr'><strong>obsignent.</strong></span> 
     </span>
    </p>
   </div>
   <div class='ocr_carea' id='block_1_8' title="bbox 212 372 1002 408">
    <p class='ocr_par' dir='ltr' id='par_1_8' title="bbox 212 372 1002 408">
     <span class='ocr_line' id='line_1_8' title="bbox 212 372 1002 408; baseline -0.001 -8"><span class='ocrx_word' id='word_1_45' title='bbox 212 385 221 400; x_wconf 74' lang='grc' dir='ltr'><strong>ι</strong></span> <span class='ocrx_word' id='word_1_46' title='bbox 241 374 352 406; x_wconf 87' lang='lat' dir='ltr'><strong>Oratio,</strong></span> <span class='ocrx_word' id='word_1_47' title='bbox 374 373 516 408; x_wconf 76' lang='lat' dir='ltr'><strong>inquiunt,</strong></span> <span class='ocrx_word' id='word_1_48' title='bbox 558 374 676 408; x_wconf 86' lang='lat' dir='ltr'><strong>Spiritus</strong></span> <span class='ocrx_word' id='word_1_49' title='bbox 709 374 794 400; x_wconf 90' lang='lat' dir='ltr'><strong>sancti</strong></span> <span class='ocrx_word' id='word_1_50' title='bbox 827 372 1002 400; x_wconf 73' lang='lat' dir='ltr'><strong>miserebitur</strong></span> 
     </span>
    </p>
   </div>
   <div class='ocr_carea' id='block_1_9' title="bbox 208 418 1002 453">
    <p class='ocr_par' dir='ltr' id='par_1_9' title="bbox 208 418 1002 453">
     <span class='ocr_line' id='line_1_9' title="bbox 208 418 1002 453; baseline -0.003 -7"><span class='ocrx_word' id='word_1_51' title='bbox 208 419 334 446; x_wconf 77' lang='lat' dir='ltr'><strong>nostri.i</strong></span> <span class='ocrx_word' id='word_1_52' title='bbox 363 418 448 446; x_wconf 88' lang='lat' dir='ltr'><strong>Porro</strong></span> <span class='ocrx_word' id='word_1_53' title='bbox 478 418 524 446; x_wconf 86' lang='lat' dir='ltr'><strong>ille</strong></span> <span class='ocrx_word' id='word_1_54' title='bbox 550 423 690 446; x_wconf 88' lang='lat' dir='ltr'><strong>tortuosus</strong></span> <span class='ocrx_word' id='word_1_55' title='bbox 714 425 828 453; x_wconf 84' lang='lat' dir='ltr'><strong>serpens</strong></span> <span class='ocrx_word' id='word_1_56' title='bbox 856 426 885 445; x_wconf 90' lang='lat' dir='ltr'><strong>se</strong></span> <span class='ocrx_word' id='word_1_57' title='bbox 913 418 1002 453; x_wconf 87' lang='lat' dir='ltr'><strong>ipsum</strong></span> 
     </span>
    </p>
   </div>
   <div class='ocr_carea' id='block_1_10' title="bbox 207 463 1002 500">
    <p class='ocr_par' dir='ltr' id='par_1_10' title="bbox 207 463 1002 500">
     <span class='ocr_line' id='line_1_10' title="bbox 207 463 1002 500; baseline -0.003 -8"><span class='ocrx_word' id='word_1_58' title='bbox 207 465 360 495; x_wconf 79' lang='lat' dir='ltr'><strong>ostiarium.</strong></span> <span class='ocrx_word' id='word_1_59' title='bbox 371 469 509 500; x_wconf 85' lang='lat' dir='ltr'><strong>pastorem</strong></span> <span class='ocrx_word' id='word_1_60' title='bbox 521 470 547 492; x_wconf 87' lang='lat' dir='ltr'><strong>et</strong></span> <span class='ocrx_word' id='word_1_61' title='bbox 563 466 662 492; x_wconf 89' lang='lat' dir='ltr'><strong>ducem</strong></span> <span class='ocrx_word' id='word_1_62' title='bbox 679 465 803 492; x_wconf 86' lang='lat' dir='ltr'><strong>vocabat.</strong></span> <span class='ocrx_word' id='word_1_63' title='bbox 817 464 918 496; x_wconf 79' lang='lat' dir='ltr'><strong>Scribit</strong></span> <span class='ocrx_word' id='word_1_64' title='bbox 928 463 1002 491; x_wconf 87' lang='lat' dir='ltr'><strong>enim</strong></span> 
     </span>
    </p>
   </div>
   <div class='ocr_carea' id='block_1_11' title="bbox 207 510 1002 545">
    <p class='ocr_par' dir='ltr' id='par_1_11' title="bbox 207 510 1002 545">
     <span class='ocr_line' id='line_1_11' title="bbox 207 510 1002 545; baseline 0 -8"><span class='ocrx_word' id='word_1_65' title='bbox 207 510 416 538; x_wconf 84' lang='lat' dir='ltr'><strong>Coloniensibus</strong></span> <span class='ocrx_word' id='word_1_66' title='bbox 437 519 444 537; x_wconf 89' lang='lat'>:</span> <span class='ocrx_word' id='word_1_67' title='bbox 469 520 478 536; x_wconf 76' lang='grc' dir='ltr'><strong>ι</strong></span> <span class='ocrx_word' id='word_1_68' title='bbox 508 510 699 537; x_wconf 85' lang='lat' dir='ltr'><strong>Probationem</strong></span> <span class='ocrx_word' id='word_1_69' title='bbox 723 510 785 538; x_wconf 87' lang='lat' dir='ltr'><strong>ﬁdei</strong></span> <span class='ocrx_word' id='word_1_70' title='bbox 807 515 904 537; x_wconf 66' lang='lat' dir='ltr'><strong>vestrae</strong></span> <span class='ocrx_word' id='word_1_71' title='bbox 932 517 1002 545; x_wconf 71' lang='lat' dir='ltr'><strong>prte-</strong></span> 
     </span>
    </p>
   </div>
   <div class='ocr_carea' id='block_1_12' title="bbox 207 555 1001 591">
    <p class='ocr_par' dir='ltr' id='par_1_12' title="bbox 207 555 1001 591">
     <span class='ocr_line' id='line_1_12' title="bbox 207 555 1001 591; baseline 0 -8"><span class='ocrx_word' id='word_1_72' title='bbox 207 557 336 589; x_wconf 84' lang='lat' dir='ltr'><strong>scientes,</strong></span> <span class='ocrx_word' id='word_1_73' title='bbox 369 565 418 584; x_wconf 90' lang='lat' dir='ltr'><strong>vos</strong></span> <span class='ocrx_word' id='word_1_74' title='bbox 435 557 697 584; x_wconf 76' lang='lat' dir='ltr'><strong>commonefacimus</strong></span> <span class='ocrx_word' id='word_1_75' title='bbox 722 557 804 591; x_wconf 87' lang='lat' dir='ltr'><strong>quod,</strong></span> <span class='ocrx_word' id='word_1_76' title='bbox 823 556 894 583; x_wconf 85' lang='lat' dir='ltr'><strong>sicut</strong></span> <span class='ocrx_word' id='word_1_77' title='bbox 906 555 1001 583; x_wconf 83' lang='lat' dir='ltr'><strong>Eccle-</strong></span> 
     </span>
    </p>
   </div>
   <div class='ocr_carea' id='block_1_13' title="bbox 207 603 1001 638">
    <p class='ocr_par' dir='ltr' id='par_1_13' title="bbox 207 603 1001 638">
     <span class='ocr_line' id='line_1_13' title="bbox 207 603 1001 638; baseline -0.001 -8"><span class='ocrx_word' id='word_1_78' title='bbox 207 603 266 635; x_wconf 62' lang='lat' dir='ltr'><strong>size,</strong></span> <span class='ocrx_word' id='word_1_79' title='bbox 279 611 339 638; x_wconf 80' lang='lat' dir='ltr'><strong>quae</strong></span> <span class='ocrx_word' id='word_1_80' title='bbox 358 608 426 630; x_wconf 90' lang='lat' dir='ltr'><strong>ante</strong></span> <span class='ocrx_word' id='word_1_81' title='bbox 444 603 567 635; x_wconf 82' lang='lat' dir='ltr'><strong>fuerunt,</strong></span> <span class='ocrx_word' id='word_1_82' title='bbox 595 607 719 638; x_wconf 81' lang='lat' dir='ltr'><strong>pastores</strong></span> <span class='ocrx_word' id='word_1_83' title='bbox 745 607 772 630; x_wconf 79' lang='lat' dir='ltr'><strong>et</strong></span> <span class='ocrx_word' id='word_1_84' title='bbox 787 603 913 630; x_wconf 86' lang='lat' dir='ltr'><strong>doctores</strong></span> <span class='ocrx_word' id='word_1_85' title='bbox 939 609 1001 630; x_wconf 83' lang='lat' dir='ltr'><strong>sus-</strong></span> 
     </span>
    </p>
   </div>
   <div class='ocr_carea' id='block_1_14' title="bbox 208 648 1000 684">
    <p class='ocr_par' dir='ltr' id='par_1_14' title="bbox 208 648 1000 684">
     <span class='ocr_line' id='line_1_14' title="bbox 208 648 1000 684; baseline -0.003 -7"><span class='ocrx_word' id='word_1_86' title='bbox 208 655 353 684; x_wconf 88' lang='lat' dir='ltr'><strong>ceperunt,</strong></span> <span class='ocrx_word' id='word_1_87' title='bbox 375 659 384 675; x_wconf 81' lang='lat' dir='ltr'><strong>I</strong></span> <span class='ocrx_word' id='word_1_88' title='bbox 406 649 473 677; x_wconf 85' lang='lat' dir='ltr'><strong>dicit</strong></span> <span class='ocrx_word' id='word_1_89' title='bbox 492 654 584 676; x_wconf 75' lang='lat' dir='ltr'><strong>autem</strong></span> <span class='ocrx_word' id='word_1_90' title='bbox 599 649 807 676; x_wconf 88' lang='lat' dir='ltr'><strong>Constantinum</strong></span> <span class='ocrx_word' id='word_1_91' title='bbox 822 653 849 675; x_wconf 87' lang='lat' dir='ltr'><strong>et</strong></span> <span class='ocrx_word' id='word_1_92' title='bbox 861 648 937 681; x_wconf 85' lang='lat' dir='ltr'><strong>alios,</strong></span> <span class='ocrx_word' id='word_1_93' title='bbox 953 648 1000 683; x_wconf 89' lang='lat' dir='ltr'><strong>qui</strong></span> 
     </span>
    </p>
   </div>
   <div class='ocr_carea' id='block_1_15' title="bbox 211 694 1000 731">
    <p class='ocr_par' dir='ltr' id='par_1_15' title="bbox 211 694 1000 731">
     <span class='ocr_line' id='line_1_15' title="bbox 211 694 1000 731; baseline -0.001 -9"><span class='ocrx_word' id='word_1_94' title='bbox 211 703 293 731; x_wconf 84' lang='lat' dir='ltr'><strong>supra</strong></span> <span class='ocrx_word' id='word_1_95' title='bbox 308 695 444 722; x_wconf 85' lang='lat' dir='ltr'><strong>numerati</strong></span> <span class='ocrx_word' id='word_1_96' title='bbox 458 699 521 722; x_wconf 89' lang='lat' dir='ltr'><strong>sunt</strong></span> <span class='ocrx_word' id='word_1_97' title='bbox 537 704 543 722; x_wconf 84' lang='lat'>:</span> <span class='ocrx_word' id='word_1_98' title='bbox 564 705 573 720; x_wconf 78' lang='grc' dir='ltr'><strong>ι</strong></span> <span class='ocrx_word' id='word_1_99' title='bbox 591 695 636 722; x_wconf 88' lang='lat' dir='ltr'><strong>Sic</strong></span> <span class='ocrx_word' id='word_1_100' title='bbox 655 699 683 722; x_wconf 92' lang='lat' dir='ltr'><strong>et</strong></span> <span class='ocrx_word' id='word_1_101' title='bbox 709 702 758 722; x_wconf 87' lang='lat' dir='ltr'><strong>vos</strong></span> <span class='ocrx_word' id='word_1_102' title='bbox 786 694 938 729; x_wconf 77' lang='lat' dir='ltr'><strong>lampadem</strong></span> <span class='ocrx_word' id='word_1_103' title='bbox 957 694 1000 721; x_wconf 90' lang='lat' dir='ltr'><strong>lu-</strong></span> 
     </span>
    </p>
   </div>
   <div class='ocr_carea' id='block_1_16' title="bbox 208 740 1000 777">
    <p class='ocr_par' dir='ltr' id='par_1_16' title="bbox 208 740 1000 777">
     <span class='ocr_line' id='line_1_16' title="bbox 208 740 1000 777; baseline 0.001 -9"><span class='ocrx_word' id='word_1_104' title='bbox 208 741 296 768; x_wconf 87' lang='lat' dir='ltr'><strong>cidam</strong></span> <span class='ocrx_word' id='word_1_105' title='bbox 313 747 341 768; x_wconf 89' lang='lat' dir='ltr'><strong>et</strong></span> <span class='ocrx_word' id='word_1_106' title='bbox 364 741 503 768; x_wconf 83' lang='lat' dir='ltr'><strong>lucernam</strong></span> <span class='ocrx_word' id='word_1_107' title='bbox 536 740 727 776; x_wconf 85' lang='lat' dir='ltr'><strong>splendentem</strong></span> <span class='ocrx_word' id='word_1_108' title='bbox 753 742 911 777; x_wconf 77' lang='lat' dir='ltr'><strong>suscepistis</strong></span> <span class='ocrx_word' id='word_1_109' title='bbox 928 750 934 768; x_wconf 91' lang='lat'>:</span> <span class='ocrx_word' id='word_1_110' title='bbox 955 749 1000 769; x_wconf 86' lang='lat' dir='ltr'><strong>se-</strong></span> 
     </span>
    </p>
   </div>
   <div class='ocr_carea' id='block_1_17' title="bbox 206 786 999 822">
    <p class='ocr_par' dir='ltr' id='par_1_17' title="bbox 206 786 999 822">
     <span class='ocr_line' id='line_1_17' title="bbox 206 786 999 822; baseline 0 -8"><span class='ocrx_word' id='word_1_111' title='bbox 206 786 326 815; x_wconf 91' lang='lat' dir='ltr'><strong>cundum</strong></span> <span class='ocrx_word' id='word_1_112' title='bbox 338 787 374 818; x_wconf 92' lang='lat' dir='ltr'><strong>id,</strong></span> <span class='ocrx_word' id='word_1_113' title='bbox 389 787 459 820; x_wconf 89' lang='lat' dir='ltr'><strong>quod</strong></span> <span class='ocrx_word' id='word_1_114' title='bbox 480 786 612 821; x_wconf 88' lang='lat' dir='ltr'><strong>scriptum</strong></span> <span class='ocrx_word' id='word_1_115' title='bbox 626 791 668 814; x_wconf 90' lang='lat' dir='ltr'><strong>est</strong></span> <span class='ocrx_word' id='word_1_116' title='bbox 682 796 689 814; x_wconf 83' lang='lat'><strong>:</strong></span> <span class='ocrx_word' id='word_1_117' title='bbox 702 787 731 815; x_wconf 84' lang='lat' dir='ltr'><strong>Si</strong></span> <span class='ocrx_word' id='word_1_118' title='bbox 742 787 833 814; x_wconf 79' lang='lat' dir='ltr'><strong>oculus</strong></span> <span class='ocrx_word' id='word_1_119' title='bbox 849 791 909 814; x_wconf 78' lang='lat' dir='ltr'><strong>tuus</strong></span> <span class='ocrx_word' id='word_1_120' title='bbox 921 787 999 822; x_wconf 78' lang='lat' dir='ltr'><strong>fuerit</strong></span> 
     </span>
    </p>
   </div>
   <div class='ocr_carea' id='block_1_18' title="bbox 205 833 999 868">
    <p class='ocr_par' dir='ltr' id='par_1_18' title="bbox 205 833 999 868">
     <span class='ocr_line' id='line_1_18' title="bbox 205 833 999 868; baseline 0.001 -9"><span class='ocrx_word' id='word_1_121' title='bbox 205 833 326 867; x_wconf 62' lang='lat' dir='ltr'><strong>simplex,</strong></span> <span class='ocrx_word' id='word_1_122' title='bbox 357 838 440 859; x_wconf 87' lang='lat' dir='ltr'><strong>totum</strong></span> <span class='ocrx_word' id='word_1_123' title='bbox 464 841 558 867; x_wconf 77' lang='lat' dir='ltr'><strong>corpus</strong></span> <span class='ocrx_word' id='word_1_124' title='bbox 583 833 701 860; x_wconf 79' lang='lat' dir='ltr'><strong>lucidum</strong></span> <span class='ocrx_word' id='word_1_125' title='bbox 726 833 776 860; x_wconf 79' lang='lat' dir='ltr'><strong>erit</strong></span> <span class='ocrx_word' id='word_1_126' title='bbox 790 834 811 860; x_wconf 85' lang='grc'><strong>⁷.</strong></span> <span class='ocrx_word' id='word_1_127' title='bbox 830 842 839 859; x_wconf 82' lang='grc' dir='ltr'><strong>ι</strong></span> <span class='ocrx_word' id='word_1_128' title='bbox 858 833 892 860; x_wconf 79' lang='lat' dir='ltr'><strong>Et</strong></span> <span class='ocrx_word' id='word_1_129' title='bbox 905 833 999 868; x_wconf 80' lang='lat' dir='ltr'><strong>paucis</strong></span> 
     </span>
    </p>
   </div>
   <div class='ocr_carea' id='block_1_19' title="bbox 1055 236 1831 273">
    <p class='ocr_par' dir='ltr' id='par_1_19' title="bbox 1055 236 1831 273">
     <span class='ocr_line' id='line_1_19' title="bbox 1055 236 1831 273; baseline 0.003 -11"><span class='ocrx_word' id='word_1_130' title='bbox 1055 238 1137 272; x_wconf 83' lang='grc' dir='ltr'>ήνίκα</span> <span class='ocrx_word' id='word_1_131' title='bbox 1169 237 1208 271; x_wconf 85' lang='grc' dir='ltr'>τῷ</span> <span class='ocrx_word' id='word_1_132' title='bbox 1232 237 1387 272; x_wconf 74' lang='grc' dir='ltr'><strong>φρονήματι</strong></span> <span class='ocrx_word' id='word_1_133' title='bbox 1406 236 1456 271; x_wconf 85' lang='grc' dir='ltr'>τῆς</span> <span class='ocrx_word' id='word_1_134' title='bbox 1476 236 1648 268; x_wconf 86' lang='grc' dir='ltr'>ἀποστασίας</span> <span class='ocrx_word' id='word_1_135' title='bbox 1669 238 1684 263; x_wconf 79' lang='grc' dir='ltr'><strong>ὁ</strong></span> <span class='ocrx_word' id='word_1_136' title='bbox 1708 237 1831 273; x_wconf 82' lang='grc' dir='ltr'>θεομάχος</span> 
     </span>
    </p>
   </div>
   <div class='ocr_carea' id='block_1_20' title="bbox 1053 279 1832 320">
    <p class='ocr_par' dir='ltr' id='par_1_20' title="bbox 1053 279 1832 320">
     <span class='ocr_line' id='line_1_20' title="bbox 1053 279 1832 320; baseline 0.003 -11"><span class='ocrx_word' id='word_1_137' title='bbox 1053 279 1131 314; x_wconf 78' lang='grc' dir='ltr'>οὗτος</span> <span class='ocrx_word' id='word_1_138' title='bbox 1143 282 1192 309; x_wconf 74' lang='grc' dir='ltr'><strong>καὶ</strong></span> <span class='ocrx_word' id='word_1_139' title='bbox 1208 282 1357 316; x_wconf 78' lang='grc' dir='ltr'>θεοῦλαὸὴς</span> <span class='ocrx_word' id='word_1_140' title='bbox 1377 281 1511 317; x_wconf 74' lang='grc' dir='ltr'>ἢκμαζεν,</span> <span class='ocrx_word' id='word_1_141' title='bbox 1537 281 1567 314; x_wconf 80' lang='grc' dir='ltr'>ἐξ</span> <span class='ocrx_word' id='word_1_142' title='bbox 1582 279 1613 309; x_wconf 80' lang='grc' dir='ltr'>οὗ</span> <span class='ocrx_word' id='word_1_143' title='bbox 1630 283 1728 318; x_wconf 80' lang='grc' dir='ltr'>χρόνον</span> <span class='ocrx_word' id='word_1_144' title='bbox 1760 285 1832 320; x_wconf 72' lang='grc' dir='ltr'>μέχρι</span> 
     </span>
    </p>
   </div>
   <div class='ocr_carea' id='block_1_21' title="bbox 1052 326 1832 363">
    <p class='ocr_par' dir='ltr' id='par_1_21' title="bbox 1052 326 1832 363">
     <span class='ocr_line' id='line_1_21' title="bbox 1052 326 1832 363; baseline 0.001 -10"><span class='ocrx_word' id='word_1_145' title='bbox 1052 326 1100 354; x_wconf 87' lang='grc' dir='ltr'><strong>τοῦ</strong></span> <span class='ocrx_word' id='word_1_146' title='bbox 1112 327 1246 363; x_wconf 82' lang='grc' dir='ltr'><strong>παρόντος</strong></span> <span class='ocrx_word' id='word_1_147' title='bbox 1261 328 1277 362; x_wconf 82' lang='grc' dir='ltr'><strong>ἡ</strong></span> <span class='ocrx_word' id='word_1_148' title='bbox 1295 326 1343 353; x_wconf 80' lang='grc' dir='ltr'><strong>νῦν</strong></span> <span class='ocrx_word' id='word_1_149' title='bbox 1359 326 1414 360; x_wconf 71' lang='grc'>(52)</span> <span class='ocrx_word' id='word_1_150' title='bbox 1431 327 1653 362; x_wconf 76' lang='grc' dir='ltr'>ὲπιχωριάζουσα</span> <span class='ocrx_word' id='word_1_151' title='bbox 1668 327 1779 354; x_wconf 80' lang='grc' dir='ltr'>ἀσέὸεια</span> <span class='ocrx_word' id='word_1_152' title='bbox 1788 328 1832 363; x_wconf 84' lang='grc' dir='ltr'><strong>τῆς</strong></span> 
     </span>
    </p>
   </div>
   <div class='ocr_carea' id='block_1_22' title="bbox 1052 372 1830 409">
    <p class='ocr_par' dir='ltr' id='par_1_22' title="bbox 1052 372 1830 409">
     <span class='ocr_line' id='line_1_22' title="bbox 1052 372 1830 409; baseline 0.004 -10"><span class='ocrx_word' id='word_1_153' title='bbox 1052 373 1158 399; x_wconf 72' lang='grc' dir='ltr'>ἐκείνου</span> <span class='ocrx_word' id='word_1_154' title='bbox 1173 373 1223 408; x_wconf 78' lang='grc' dir='ltr'>μὲν</span> <span class='ocrx_word' id='word_1_155' title='bbox 1233 373 1350 409; x_wconf 72' lang='grc' dir='ltr'>ἤρτηται</span> <span class='ocrx_word' id='word_1_156' title='bbox 1363 372 1549 404; x_wconf 79' lang='grc' dir='ltr'><strong>διδασκαλίας.</strong></span> <span class='ocrx_word' id='word_1_157' title='bbox 1565 373 1767 408; x_wconf 85' lang='grc' dir='ltr'>Παρευδοκιμεῖ</span> <span class='ocrx_word' id='word_1_158' title='bbox 1782 374 1830 409; x_wconf 79' lang='grc'>(55)</span> 
     </span>
    </p>
   </div>
   <div class='ocr_carea' id='block_1_23' title="bbox 1051 418 1832 455">
    <p class='ocr_par' dir='ltr' id='par_1_23' title="bbox 1051 418 1832 455">
     <span class='ocr_line' id='line_1_23' title="bbox 1051 418 1832 455; baseline 0.001 -10"><span class='ocrx_word' id='word_1_159' title='bbox 1051 418 1081 445; x_wconf 86' lang='grc' dir='ltr'>δὲ</span> <span class='ocrx_word' id='word_1_160' title='bbox 1095 419 1144 450; x_wconf 86' lang='grc' dir='ltr'>τὰς</span> <span class='ocrx_word' id='word_1_161' title='bbox 1158 419 1330 454; x_wconf 82' lang='grc' dir='ltr'><strong>ἀντιτέχνους</strong></span> <span class='ocrx_word' id='word_1_162' title='bbox 1343 418 1411 454; x_wconf 77' lang='grc'>(54),</span> <span class='ocrx_word' id='word_1_163' title='bbox 1429 418 1482 445; x_wconf 82' lang='grc' dir='ltr'>κᾶν</span> <span class='ocrx_word' id='word_1_164' title='bbox 1495 419 1564 454; x_wconf 73' lang='grc' dir='ltr'>πρὸς</span> <span class='ocrx_word' id='word_1_165' title='bbox 1575 419 1622 445; x_wconf 83' lang='grc' dir='ltr'><strong>τὸν</strong></span> <span class='ocrx_word' id='word_1_166' title='bbox 1636 419 1717 446; x_wconf 81' lang='grc' dir='ltr'>αὑτὸν</span> <span class='ocrx_word' id='word_1_167' title='bbox 1730 420 1793 455; x_wconf 81' lang='grc' dir='ltr'>αὐτή</span> <span class='ocrx_word' id='word_1_168' title='bbox 1805 429 1832 447; x_wconf 88' lang='grc' dir='ltr'>τε</span> 
     </span>
    </p>
   </div>
   <div class='ocr_carea' id='block_1_24' title="bbox 1052 463 1831 501">
    <p class='ocr_par' dir='ltr' id='par_1_24' title="bbox 1052 463 1831 501">
     <span class='ocr_line' id='line_1_24' title="bbox 1052 463 1831 501; baseline 0.001 -10"><span class='ocrx_word' id='word_1_169' title='bbox 1052 464 1100 491; x_wconf 73' lang='grc' dir='ltr'>καὶ</span> <span class='ocrx_word' id='word_1_170' title='bbox 1111 465 1138 490; x_wconf 80' lang='lat' dir='ltr'><strong>ai</strong></span> <span class='ocrx_word' id='word_1_171' title='bbox 1154 463 1377 499; x_wconf 74' lang='grc' dir='ltr'>παρασπίζουσαι</span> <span class='ocrx_word' id='word_1_172' title='bbox 1390 464 1475 500; x_wconf 83' lang='grc' dir='ltr'>ταύτῃ</span> <span class='ocrx_word' id='word_1_173' title='bbox 1491 464 1612 499; x_wconf 78' lang='grc' dir='ltr'><strong>φέρωσιν</strong></span> <span class='ocrx_word' id='word_1_174' title='bbox 1627 464 1683 500; x_wconf 83' lang='grc'>(55)</span> <span class='ocrx_word' id='word_1_175' title='bbox 1717 465 1831 501; x_wconf 79' lang='grc' dir='ltr'>ὄλεθρον.</span> 
     </span>
    </p>
   </div>
   <div class='ocr_carea' id='block_1_25' title="bbox 1058 510 1833 546">
    <p class='ocr_par' dir='ltr' id='par_1_25' title="bbox 1058 510 1833 546">
     <span class='ocr_line' id='line_1_25' title="bbox 1058 510 1833 546; baseline 0 -9"><span class='ocrx_word' id='word_1_176' title='bbox 1058 511 1121 537; x_wconf 78' lang='grc' dir='ltr'>Ἐπὶ</span> <span class='ocrx_word' id='word_1_177' title='bbox 1134 511 1262 537; x_wconf 85' lang='grc' dir='ltr'>τοσοῦτον</span> <span class='ocrx_word' id='word_1_178' title='bbox 1273 510 1294 537; x_wconf 82' lang='grc' dir='ltr'>δ’</span> <span class='ocrx_word' id='word_1_179' title='bbox 1308 510 1390 538; x_wconf 73' lang='grc' dir='ltr'>αὑτὸν</span> <span class='ocrx_word' id='word_1_180' title='bbox 1402 511 1427 537; x_wconf 77' lang='grc' dir='ltr'>οἱ</span> <span class='ocrx_word' id='word_1_181' title='bbox 1444 510 1562 542; x_wconf 82' lang='grc' dir='ltr'>τάλανες</span> <span class='ocrx_word' id='word_1_182' title='bbox 1575 510 1630 537; x_wconf 84' lang='grc' dir='ltr'><strong>τῶν</strong></span> <span class='ocrx_word' id='word_1_183' title='bbox 1655 510 1833 546; x_wconf 79' lang='grc' dir='ltr'>μαθητευθέν-</span> 
     </span>
    </p>
   </div>
   <div class='ocr_carea' id='block_1_26' title="bbox 1051 555 1831 592">
    <p class='ocr_par' dir='ltr' id='par_1_26' title="bbox 1051 555 1831 592">
     <span class='ocr_line' id='line_1_26' title="bbox 1051 555 1831 592; baseline 0 -9"><span class='ocrx_word' id='word_1_184' title='bbox 1051 565 1106 584; x_wconf 82' lang='grc' dir='ltr'><strong>των</strong></span> <span class='ocrx_word' id='word_1_185' title='bbox 1131 556 1296 589; x_wconf 79' lang='grc' dir='ltr'>θειάζουσιν,</span> <span class='ocrx_word' id='word_1_186' title='bbox 1324 555 1395 583; x_wconf 81' lang='grc' dir='ltr'>ὥστε</span> <span class='ocrx_word' id='word_1_187' title='bbox 1422 556 1491 584; x_wconf 79' lang='grc' dir='ltr'>ἄλλα</span> <span class='ocrx_word' id='word_1_188' title='bbox 1503 565 1533 583; x_wconf 88' lang='grc' dir='ltr'><strong>τε</strong></span> <span class='ocrx_word' id='word_1_189' title='bbox 1555 557 1644 584; x_wconf 75' lang='grc' dir='ltr'>ἄτοπα</span> <span class='ocrx_word' id='word_1_190' title='bbox 1667 557 1732 592; x_wconf 77' lang='grc' dir='ltr'>περὶ</span> <span class='ocrx_word' id='word_1_191' title='bbox 1757 556 1831 583; x_wconf 82' lang='grc' dir='ltr'><strong>αὐτοῦ</strong></span> 
     </span>
    </p>
   </div>
   <div class='ocr_carea' id='block_1_27' title="bbox 1052 603 1832 640">
    <p class='ocr_par' dir='ltr' id='par_1_27' title="bbox 1052 603 1832 640">
     <span class='ocr_line' id='line_1_27' title="bbox 1052 603 1832 640; baseline 0.001 -10"><span class='ocrx_word' id='word_1_192' title='bbox 1052 604 1100 631; x_wconf 76' lang='grc' dir='ltr'><strong>καὶ</strong></span> <span class='ocrx_word' id='word_1_193' title='bbox 1117 604 1187 640; x_wconf 82' lang='grc' dir='ltr'>ἀκοῇ</span> <span class='ocrx_word' id='word_1_194' title='bbox 1201 604 1353 631; x_wconf 86' lang='grc' dir='ltr'>ἀνύποιστα</span> <span class='ocrx_word' id='word_1_195' title='bbox 1375 603 1553 638; x_wconf 79' lang='grc' dir='ltr'>φθέγγονται,</span> <span class='ocrx_word' id='word_1_196' title='bbox 1574 605 1622 631; x_wconf 77' lang='grc' dir='ltr'>καὶ</span> <span class='ocrx_word' id='word_1_197' title='bbox 1639 604 1671 640; x_wconf 84' lang='grc' dir='ltr'><strong>δὴ</strong></span> <span class='ocrx_word' id='word_1_198' title='bbox 1692 605 1739 631; x_wconf 80' lang='grc' dir='ltr'>καὶ</span> <span class='ocrx_word' id='word_1_199' title='bbox 1757 605 1784 631; x_wconf 83' lang='grc' dir='ltr'>ὲν</span> <span class='ocrx_word' id='word_1_200' title='bbox 1796 605 1832 640; x_wconf 84' lang='grc' dir='ltr'>τῷ</span> 
     </span>
    </p>
   </div>
   <div class='ocr_carea' id='block_1_28' title="bbox 1050 649 1832 686">
    <p class='ocr_par' dir='ltr' id='par_1_28' title="bbox 1050 649 1832 686">
     <span class='ocr_line' id='line_1_28' title="bbox 1050 649 1832 686; baseline 0.003 -11"><span class='ocrx_word' id='word_1_201' title='bbox 1050 649 1163 684; x_wconf 80' lang='grc' dir='ltr'>ὀνόματι</span> <span class='ocrx_word' id='word_1_202' title='bbox 1178 649 1261 677; x_wconf 84' lang='grc' dir='ltr'>αὑτοῦ</span> <span class='ocrx_word' id='word_1_203' title='bbox 1284 650 1333 682; x_wconf 82' lang='grc' dir='ltr'><strong>τὰς</strong></span> <span class='ocrx_word' id='word_1_204' title='bbox 1345 650 1414 682; x_wconf 76' lang='grc' dir='ltr'>ἰδίας</span> <span class='ocrx_word' id='word_1_205' title='bbox 1428 651 1594 686; x_wconf 79' lang='grc' dir='ltr'>προσευχὰς,</span> <span class='ocrx_word' id='word_1_206' title='bbox 1613 650 1714 685; x_wconf 80' lang='grc' dir='ltr'>μᾶλλον</span> <span class='ocrx_word' id='word_1_207' title='bbox 1727 651 1755 678; x_wconf 85' lang='grc' dir='ltr'>δὲ</span> <span class='ocrx_word' id='word_1_208' title='bbox 1772 651 1832 677; x_wconf 84' lang='grc' dir='ltr'>ὑλα-</span> 
     </span>
    </p>
   </div>
   <div class='ocr_carea' id='block_1_29' title="bbox 1051 695 1832 733">
    <p class='ocr_par' dir='ltr' id='par_1_29' title="bbox 1051 695 1832 733">
     <span class='ocr_line' id='line_1_29' title="bbox 1051 695 1832 733; baseline 0.003 -11"><span class='ocrx_word' id='word_1_209' title='bbox 1051 695 1113 727; x_wconf 80' lang='grc' dir='ltr'><strong>κάς,</strong></span> <span class='ocrx_word' id='word_1_210' title='bbox 1126 696 1382 731; x_wconf 77' lang='grc' dir='ltr'>ὲπισφραγίζουσιν,</span> <span class='ocrx_word' id='word_1_211' title='bbox 1398 707 1407 723; x_wconf 75' lang='grc' dir='ltr'><strong>ι</strong></span> <span class='ocrx_word' id='word_1_212' title='bbox 1419 697 1451 724; x_wconf 86' lang='grc' dir='ltr'><strong>Ἦ</strong></span> <span class='ocrx_word' id='word_1_213' title='bbox 1463 697 1542 733; x_wconf 79' lang='grc' dir='ltr'>εὐχὴ,</span> <span class='ocrx_word' id='word_1_214' title='bbox 1553 697 1689 732; x_wconf 84' lang='grc' dir='ltr'>λέγοντες,</span> <span class='ocrx_word' id='word_1_215' title='bbox 1699 697 1747 724; x_wconf 87' lang='grc' dir='ltr'><strong>τοῦ</strong></span> <span class='ocrx_word' id='word_1_216' title='bbox 1760 697 1832 732; x_wconf 80' lang='grc' dir='ltr'>ἁγίου</span> 
     </span>
    </p>
   </div>
   <div class='ocr_carea' id='block_1_30' title="bbox 1051 740 1832 779">
    <p class='ocr_par' dir='ltr' id='par_1_30' title="bbox 1051 740 1832 779">
     <span class='ocr_line' id='line_1_30' title="bbox 1051 740 1832 779; baseline 0.003 -11"><span class='ocrx_word' id='word_1_217' title='bbox 1051 741 1211 777; x_wconf 84' lang='grc' dir='ltr'>Πνεύματος</span> <span class='ocrx_word' id='word_1_218' title='bbox 1222 742 1278 779; x_wconf 87' lang='grc'>(56)</span> <span class='ocrx_word' id='word_1_219' title='bbox 1289 742 1396 778; x_wconf 84' lang='grc' dir='ltr'>ὲλεήσει</span> <span class='ocrx_word' id='word_1_220' title='bbox 1403 743 1487 778; x_wconf 77' lang='grc' dir='ltr'>ἡμᾶς.</span> <span class='ocrx_word' id='word_1_221' title='bbox 1498 753 1508 769; x_wconf 83' lang='grc'><strong>›</strong></span> <span class='ocrx_word' id='word_1_222' title='bbox 1519 743 1656 771; x_wconf 84' lang='grc' dir='ltr'>Ἐκάλειδ’</span> <span class='ocrx_word' id='word_1_223' title='bbox 1666 740 1743 775; x_wconf 73' lang='grc' dir='ltr'>οὗτος</span> <span class='ocrx_word' id='word_1_224' title='bbox 1750 745 1764 770; x_wconf 84' lang='grc' dir='ltr'><strong>ὸ</strong></span> <span class='ocrx_word' id='word_1_225' title='bbox 1773 751 1832 770; x_wconf 85' lang='grc' dir='ltr'>σκο-</span> 
     </span>
    </p>
   </div>
   <div class='ocr_carea' id='block_1_31' title="bbox 1050 787 1833 825">
    <p class='ocr_par' dir='ltr' id='par_1_31' title="bbox 1050 787 1833 825">
     <span class='ocr_line' id='line_1_31' title="bbox 1050 787 1833 825; baseline 0.003 -12"><span class='ocrx_word' id='word_1_226' title='bbox 1050 787 1105 819; x_wconf 82' lang='grc' dir='ltr'>λιδς</span> <span class='ocrx_word' id='word_1_227' title='bbox 1116 788 1178 822; x_wconf 76' lang='grc' dir='ltr'>ὁφις</span> <span class='ocrx_word' id='word_1_228' title='bbox 1192 788 1287 814; x_wconf 78' lang='grc' dir='ltr'>ἑαυτὸν</span> <span class='ocrx_word' id='word_1_229' title='bbox 1306 789 1353 815; x_wconf 71' lang='grc' dir='ltr'>καὶ</span> <span class='ocrx_word' id='word_1_230' title='bbox 1370 788 1494 825; x_wconf 73' lang='grc' dir='ltr'>θυρωρὸν</span> <span class='ocrx_word' id='word_1_231' title='bbox 1516 789 1563 816; x_wconf 77' lang='grc' dir='ltr'>καὶ</span> <span class='ocrx_word' id='word_1_232' title='bbox 1590 789 1709 824; x_wconf 82' lang='grc' dir='ltr'>ποιμένα</span> <span class='ocrx_word' id='word_1_233' title='bbox 1732 789 1780 816; x_wconf 82' lang='grc' dir='ltr'>καὶ</span> <span class='ocrx_word' id='word_1_234' title='bbox 1793 789 1833 816; x_wconf 76' lang='grc' dir='ltr'><strong>ὀδ-</strong></span> 
     </span>
    </p>
   </div>
   <div class='ocr_carea' id='block_1_32' title="bbox 1049 833 1833 871">
    <p class='ocr_par' dir='ltr' id='par_1_32' title="bbox 1049 833 1833 871">
     <span class='ocr_line' id='line_1_32' title="bbox 1049 833 1833 871; baseline 0.004 -12"><span class='ocrx_word' id='word_1_235' title='bbox 1049 833 1127 868; x_wconf 85' lang='grc' dir='ltr'>ηγόν.</span> <span class='ocrx_word' id='word_1_236' title='bbox 1153 833 1256 868; x_wconf 83' lang='grc' dir='ltr'><strong>Γράφει</strong></span> <span class='ocrx_word' id='word_1_237' title='bbox 1278 834 1333 870; x_wconf 86' lang='grc' dir='ltr'><strong>γὰρ</strong></span> <span class='ocrx_word' id='word_1_238' title='bbox 1350 836 1406 866; x_wconf 87' lang='grc' dir='ltr'>τοῖς</span> <span class='ocrx_word' id='word_1_239' title='bbox 1426 836 1455 860; x_wconf 80' lang='grc' dir='ltr'><strong>ἐν</strong></span> <span class='ocrx_word' id='word_1_240' title='bbox 1470 835 1595 871; x_wconf 79' lang='grc' dir='ltr'>Κολωνία</span> <span class='ocrx_word' id='word_1_241' title='bbox 1610 843 1617 850; x_wconf 88' lang='grc'>·</span> <span class='ocrx_word' id='word_1_242' title='bbox 1636 845 1646 861; x_wconf 77' lang='grc' dir='ltr'><strong>ι</strong></span> <span class='ocrx_word' id='word_1_243' title='bbox 1664 835 1702 862; x_wconf 81' lang='grc' dir='ltr'>Τὸ</span> <span class='ocrx_word' id='word_1_244' title='bbox 1726 835 1833 870; x_wconf 78' lang='grc' dir='ltr'><strong>δόκιμον</strong></span> 
     </span>
    </p>
   </div>
   <div class='ocr_carea' id='block_1_33' title="bbox 206 872 996 916">
    <p class='ocr_par' dir='ltr' id='par_1_33' title="bbox 206 877 995 914">
     <span class='ocr_line' id='line_1_33' title="bbox 206 877 995 914; baseline 0.001 -9"><span class='ocrx_word' id='word_1_245' title='bbox 206 879 375 914; x_wconf 88' lang='lat' dir='ltr'><strong>interpositis</strong></span> <span class='ocrx_word' id='word_1_246' title='bbox 392 887 398 905; x_wconf 94' lang='lat'>:</span> <span class='ocrx_word' id='word_1_247' title='bbox 418 889 427 904; x_wconf 75' lang='grc' dir='ltr'><strong>ι</strong></span> <span class='ocrx_word' id='word_1_248' title='bbox 445 877 531 905; x_wconf 85' lang='lat' dir='ltr'><strong>Nemo</strong></span> <span class='ocrx_word' id='word_1_249' title='bbox 556 887 604 906; x_wconf 80' lang='lat' dir='ltr'><strong>vos</strong></span> <span class='ocrx_word' id='word_1_250' title='bbox 624 878 741 914; x_wconf 78' lang='lat' dir='ltr'><strong>decipiat</strong></span> <span class='ocrx_word' id='word_1_251' title='bbox 757 878 812 906; x_wconf 90' lang='lat' dir='ltr'><strong>ullo</strong></span> <span class='ocrx_word' id='word_1_252' title='bbox 832 879 923 906; x_wconf 91' lang='lat' dir='ltr'><strong>modo.</strong></span> <span class='ocrx_word' id='word_1_253' title='bbox 941 878 995 906; x_wconf 86' lang='lat' dir='ltr'><strong>Has</strong></span> 
     </span>
    </p>
   </div>
   <div class='ocr_carea' id='block_1_34' title="bbox 1052 872 1831 916">
    <p class='ocr_par' dir='ltr' id='par_1_34' title="bbox 1052 879 1831 916">
     <span class='ocr_line' id='line_1_34' title="bbox 1052 879 1831 916; baseline 0.004 -11"><span class='ocrx_word' id='word_1_254' title='bbox 1052 879 1126 914; x_wconf 82' lang='grc' dir='ltr'>ὑμῶν</span> <span class='ocrx_word' id='word_1_255' title='bbox 1142 879 1193 914; x_wconf 82' lang='grc' dir='ltr'><strong>τῆς</strong></span> <span class='ocrx_word' id='word_1_256' title='bbox 1209 880 1328 912; x_wconf 83' lang='grc' dir='ltr'>πίστεως</span> <span class='ocrx_word' id='word_1_257' title='bbox 1351 881 1563 916; x_wconf 78' lang='grc' dir='ltr'><strong>προεγνωκότας</strong></span> <span class='ocrx_word' id='word_1_258' title='bbox 1589 881 1744 916; x_wconf 75' lang='grc' dir='ltr'><strong>ὑπόμνησιν</strong></span> <span class='ocrx_word' id='word_1_259' title='bbox 1768 882 1831 916; x_wconf 79' lang='grc' dir='ltr'>πρὸς</span> 
     </span>
    </p>
   </div>
   <div class='ocr_carea' id='block_1_35' title="bbox 204 923 993 959">
    <p class='ocr_par' dir='ltr' id='par_1_35' title="bbox 204 923 993 959">
     <span class='ocr_line' id='line_1_35' title="bbox 204 923 993 959; baseline 0 -8"><span class='ocrx_word' id='word_1_260' title='bbox 204 928 296 951; x_wconf 87' lang='lat' dir='ltr'><strong>autem</strong></span> <span class='ocrx_word' id='word_1_261' title='bbox 312 924 509 959; x_wconf 89' lang='lat' dir='ltr'><strong>promissiones</strong></span> <span class='ocrx_word' id='word_1_262' title='bbox 524 924 657 952; x_wconf 76' lang='lat' dir='ltr'><strong>habentes</strong></span> <span class='ocrx_word' id='word_1_263' title='bbox 669 933 685 951; x_wconf 82' lang='lat' dir='ltr'><strong>a</strong></span> <span class='ocrx_word' id='word_1_264' title='bbox 701 924 766 957; x_wconf 77' lang='lat' dir='ltr'><strong>Deo,</strong></span> <span class='ocrx_word' id='word_1_265' title='bbox 787 923 924 952; x_wconf 81' lang='lat' dir='ltr'><strong>conﬁdite.</strong></span> <span class='ocrx_word' id='word_1_266' title='bbox 938 924 993 952; x_wconf 88' lang='lat' dir='ltr'><strong>Nos</strong></span> 
     </span>
    </p>
   </div>
   <div class='ocr_carea' id='block_1_36' title="bbox 203 962 992 1006">
    <p class='ocr_par' dir='ltr' id='par_1_36' title="bbox 203 962 992 1006">
     <span class='ocr_line' id='line_1_36' title="bbox 203 962 992 1006; baseline 0 -8"><span class='ocrx_word' id='word_1_267' title='bbox 203 971 278 998; x_wconf 89' lang='lat' dir='ltr'><strong>enim</strong></span> <span class='ocrx_word' id='word_1_268' title='bbox 298 971 422 1005; x_wconf 82' lang='lat' dir='ltr'><strong>persuasi</strong></span> <span class='ocrx_word' id='word_1_269' title='bbox 436 972 462 998; x_wconf 85' lang='lat' dir='ltr'><strong>in</strong></span> <span class='ocrx_word' id='word_1_270' title='bbox 476 971 606 998; x_wconf 83' lang='lat' dir='ltr'><strong>cordibus</strong></span> <span class='ocrx_word' id='word_1_271' title='bbox 615 971 717 999; x_wconf 83' lang='lat' dir='ltr'><strong>nostris</strong></span> <span class='ocrx_word' id='word_1_272' title='bbox 727 962 992 1006; x_wconf 34' lang='lat' dir='ltr'><strong>scripsiinus&#39;vobis,</strong></span> 
     </span>
    </p>
   </div>
   <div class='ocr_carea' id='block_1_37' title="bbox 204 1017 994 1052">
    <p class='ocr_par' dir='ltr' id='par_1_37' title="bbox 204 1017 994 1052">
     <span class='ocr_line' id='line_1_37' title="bbox 204 1017 994 1052; baseline 0 -8"><span class='ocrx_word' id='word_1_273' title='bbox 204 1017 278 1051; x_wconf 91' lang='lat' dir='ltr'><strong>quod</strong></span> <span class='ocrx_word' id='word_1_274' title='bbox 297 1017 425 1044; x_wconf 82' lang='lat' dir='ltr'><strong>ostiarius</strong></span> <span class='ocrx_word' id='word_1_275' title='bbox 440 1022 468 1044; x_wconf 90' lang='lat' dir='ltr'><strong>et</strong></span> <span class='ocrx_word' id='word_1_276' title='bbox 485 1021 579 1052; x_wconf 84' lang='lat' dir='ltr'><strong>pastor</strong></span> <span class='ocrx_word' id='word_1_277' title='bbox 607 1017 704 1049; x_wconf 89' lang='lat' dir='ltr'><strong>bonus,</strong></span> <span class='ocrx_word' id='word_1_278' title='bbox 738 1025 765 1045; x_wconf 83' lang='lat' dir='ltr'><strong>et</strong></span> <span class='ocrx_word' id='word_1_279' title='bbox 787 1017 842 1045; x_wconf 78' lang='lat' dir='ltr'><strong>dux</strong></span> <span class='ocrx_word' id='word_1_280' title='bbox 872 1017 994 1052; x_wconf 85' lang='lat' dir='ltr'><strong>corporis</strong></span> 
     </span>
    </p>
   </div>
   <div class='ocr_carea' id='block_1_38' title="bbox 204 1062 993 1099">
    <p class='ocr_par' dir='ltr' id='par_1_38' title="bbox 204 1062 993 1099">
     <span class='ocr_line' id='line_1_38' title="bbox 204 1062 993 1099; baseline -0.001 -8"><span class='ocrx_word' id='word_1_281' title='bbox 204 1063 307 1091; x_wconf 83' lang='lat' dir='ltr'><strong>Christi</strong></span> <span class='ocrx_word' id='word_1_282' title='bbox 322 1068 350 1090; x_wconf 91' lang='lat' dir='ltr'><strong>et</strong></span> <span class='ocrx_word' id='word_1_283' title='bbox 364 1064 474 1091; x_wconf 87' lang='lat' dir='ltr'><strong>lucerna</strong></span> <span class='ocrx_word' id='word_1_284' title='bbox 488 1064 585 1090; x_wconf 79' lang='lat' dir='ltr'><strong>dOlllllS</strong></span> <span class='ocrx_word' id='word_1_285' title='bbox 600 1062 647 1090; x_wconf 83' lang='lat' dir='ltr'><strong>Dei</strong></span> <span class='ocrx_word' id='word_1_286' title='bbox 671 1071 721 1099; x_wconf 73' lang='lat' dir='ltr'><strong>ego</strong></span> <span class='ocrx_word' id='word_1_287' title='bbox 736 1063 797 1096; x_wconf 88' lang='lat' dir='ltr'><strong>sim,</strong></span> <span class='ocrx_word' id='word_1_288' title='bbox 813 1068 841 1091; x_wconf 91' lang='lat' dir='ltr'><strong>et</strong></span> <span class='ocrx_word' id='word_1_289' title='bbox 853 1063 993 1091; x_wconf 85' lang='lat' dir='ltr'><strong>vobiscum</strong></span> 
     </span>
    </p>
   </div>
   <div class='ocr_carea' id='block_1_39' title="bbox 205 1109 993 1144">
    <p class='ocr_par' dir='ltr' id='par_1_39' title="bbox 205 1109 993 1144">
     <span class='ocr_line' id='line_1_39' title="bbox 205 1109 993 1144; baseline 0.001 -8"><span class='ocrx_word' id='word_1_290' title='bbox 205 1110 257 1136; x_wconf 89' lang='lat' dir='ltr'><strong>sim</strong></span> <span class='ocrx_word' id='word_1_291' title='bbox 281 1110 408 1137; x_wconf 91' lang='lat' dir='ltr'><strong>omnibus</strong></span> <span class='ocrx_word' id='word_1_292' title='bbox 438 1109 536 1137; x_wconf 86' lang='lat' dir='ltr'><strong>diebus</strong></span> <span class='ocrx_word' id='word_1_293' title='bbox 558 1117 645 1144; x_wconf 88' lang='lat' dir='ltr'><strong>usque</strong></span> <span class='ocrx_word' id='word_1_294' title='bbox 670 1109 704 1136; x_wconf 88' lang='lat' dir='ltr'><strong>ad</strong></span> <span class='ocrx_word' id='word_1_295' title='bbox 731 1110 993 1137; x_wconf 86' lang='lat' dir='ltr'><strong>consummationem</strong></span> 
     </span>
    </p>
   </div>
   <div class='ocr_carea' id='block_1_40' title="bbox 205 1155 992 1192">
    <p class='ocr_par' dir='ltr' id='par_1_40' title="bbox 205 1155 992 1192">
     <span class='ocr_line' id='line_1_40' title="bbox 205 1155 992 1192; baseline 0.001 -10"><span class='ocrx_word' id='word_1_296' title='bbox 205 1155 310 1183; x_wconf 68' lang='lat' dir='ltr'><strong>saeculi.</strong></span> <span class='ocrx_word' id='word_1_297' title='bbox 327 1164 336 1181; x_wconf 75' lang='grc' dir='ltr'><strong>ι</strong></span> <span class='ocrx_word' id='word_1_298' title='bbox 359 1155 408 1183; x_wconf 87' lang='lat' dir='ltr'><strong>Hic</strong></span> <span class='ocrx_word' id='word_1_299' title='bbox 421 1156 513 1192; x_wconf 74' lang='lat' dir='ltr'><strong>igitur,</strong></span> <span class='ocrx_word' id='word_1_300' title='bbox 543 1165 559 1183; x_wconf 94' lang='grc' dir='ltr'><strong>ο</strong></span> <span class='ocrx_word' id='word_1_301' title='bbox 586 1157 650 1191; x_wconf 89' lang='lat' dir='ltr'><strong>quid</strong></span> <span class='ocrx_word' id='word_1_302' title='bbox 672 1157 719 1184; x_wconf 93' lang='lat' dir='ltr'><strong>illo</strong></span> <span class='ocrx_word' id='word_1_303' title='bbox 747 1155 858 1192; x_wconf 78' lang='lat' dir='ltr'><strong>dignum</strong></span> <span class='ocrx_word' id='word_1_304' title='bbox 874 1156 992 1183; x_wconf 73' lang='lat' dir='ltr'><strong>dixeris!</strong></span> 
     </span>
    </p>
   </div>
   <div class='ocr_carea' id='block_1_41' title="bbox 204 1202 993 1238">
    <p class='ocr_par' dir='ltr' id='par_1_41' title="bbox 204 1202 993 1238">
     <span class='ocr_line' id='line_1_41' title="bbox 204 1202 993 1238; baseline -0.001 -8"><span class='ocrx_word' id='word_1_305' title='bbox 204 1207 324 1230; x_wconf 84' lang='lat' dir='ltr'><strong>attamen</strong></span> <span class='ocrx_word' id='word_1_306' title='bbox 336 1203 493 1230; x_wconf 85' lang='lat' dir='ltr'><strong>mortalium</strong></span> <span class='ocrx_word' id='word_1_307' title='bbox 513 1203 727 1238; x_wconf 87' lang='lat' dir='ltr'><strong>nequissimusct</strong></span> <span class='ocrx_word' id='word_1_308' title='bbox 741 1202 928 1238; x_wconf 89' lang='lat' dir='ltr'><strong>impiissimus,</strong></span> <span class='ocrx_word' id='word_1_309' title='bbox 947 1202 993 1237; x_wconf 91' lang='lat' dir='ltr'><strong>qui</strong></span> 
     </span>
    </p>
   </div>
   <div class='ocr_carea' id='block_1_42' title="bbox 205 1249 994 1284">
    <p class='ocr_par' dir='ltr' id='par_1_42' title="bbox 205 1249 994 1284">
     <span class='ocr_line' id='line_1_42' title="bbox 205 1249 994 1284; baseline 0 -9"><span class='ocrx_word' id='word_1_310' title='bbox 205 1255 266 1275; x_wconf 90' lang='lat' dir='ltr'><strong>sese</strong></span> <span class='ocrx_word' id='word_1_311' title='bbox 282 1256 364 1283; x_wconf 90' lang='lat' dir='ltr'><strong>supra</strong></span> <span class='ocrx_word' id='word_1_312' title='bbox 379 1249 490 1276; x_wconf 89' lang='lat' dir='ltr'><strong>modum</strong></span> <span class='ocrx_word' id='word_1_313' title='bbox 501 1249 621 1284; x_wconf 85' lang='lat' dir='ltr'><strong>jactabat</strong></span> <span class='ocrx_word' id='word_1_314' title='bbox 634 1253 660 1276; x_wconf 84' lang='lat' dir='ltr'><strong>et</strong></span> <span class='ocrx_word' id='word_1_315' title='bbox 674 1249 829 1280; x_wconf 78' lang='lat' dir='ltr'><strong>extollebat,</strong></span> <span class='ocrx_word' id='word_1_316' title='bbox 845 1249 873 1276; x_wconf 94' lang='lat' dir='ltr'><strong>in</strong></span> <span class='ocrx_word' id='word_1_317' title='bbox 887 1256 994 1284; x_wconf 87' lang='lat' dir='ltr'><strong>prome-</strong></span> 
     </span>
    </p>
   </div>
   <div class='ocr_carea' id='block_1_43' title="bbox 206 1294 993 1330">
    <p class='ocr_par' dir='ltr' id='par_1_43' title="bbox 206 1294 993 1330">
     <span class='ocr_line' id='line_1_43' title="bbox 206 1294 993 1330; baseline 0.001 -9"><span class='ocrx_word' id='word_1_318' title='bbox 206 1294 297 1327; x_wconf 89' lang='lat' dir='ltr'><strong>ritam,</strong></span> <span class='ocrx_word' id='word_1_319' title='bbox 328 1298 358 1321; x_wconf 93' lang='lat' dir='ltr'><strong>ut</strong></span> <span class='ocrx_word' id='word_1_320' title='bbox 382 1295 548 1327; x_wconf 80' lang='lat' dir='ltr'><strong>narrabitur,</strong></span> <span class='ocrx_word' id='word_1_321' title='bbox 581 1295 688 1322; x_wconf 88' lang='lat' dir='ltr'><strong>ruinam</strong></span> <span class='ocrx_word' id='word_1_322' title='bbox 716 1294 838 1330; x_wconf 81' lang='lat' dir='ltr'><strong>deiectus</strong></span> <span class='ocrx_word' id='word_1_323' title='bbox 852 1299 903 1323; x_wconf 87' lang='lat' dir='ltr'><strong>est.</strong></span> <span class='ocrx_word' id='word_1_324' title='bbox 933 1295 993 1328; x_wconf 81' lang='lat' dir='ltr'><strong>Hic,</strong></span> 
     </span>
    </p>
   </div>
   <div class='ocr_carea' id='block_1_44' title="bbox 206 1340 993 1376">
    <p class='ocr_par' dir='ltr' id='par_1_44' title="bbox 206 1340 993 1376">
     <span class='ocr_line' id='line_1_44' title="bbox 206 1340 993 1376; baseline 0.003 -9"><span class='ocrx_word' id='word_1_325' title='bbox 206 1341 329 1376; x_wconf 87' lang='lat' dir='ltr'><strong>inquam,</strong></span> <span class='ocrx_word' id='word_1_326' title='bbox 345 1341 378 1368; x_wconf 91' lang='lat' dir='ltr'><strong>ad</strong></span> <span class='ocrx_word' id='word_1_327' title='bbox 392 1341 511 1368; x_wconf 87' lang='lat' dir='ltr'><strong>Leonem</strong></span> <span class='ocrx_word' id='word_1_328' title='bbox 525 1341 670 1376; x_wconf 89' lang='lat' dir='ltr'><strong>quemdam</strong></span> <span class='ocrx_word' id='word_1_329' title='bbox 683 1340 838 1369; x_wconf 81' lang='lat' dir='ltr'><strong>Montanum</strong></span> <span class='ocrx_word' id='word_1_330' title='bbox 851 1342 972 1369; x_wconf 88' lang='lat' dir='ltr'><strong>scribens</strong></span> <span class='ocrx_word' id='word_1_331' title='bbox 985 1350 993 1369; x_wconf 90' lang='lat'>:</span> 
     </span>
    </p>
   </div>
   <div class='ocr_carea' id='block_1_45' title="bbox 209 1386 995 1419">
    <p class='ocr_par' dir='ltr' id='par_1_45' title="bbox 209 1386 995 1419">
     <span class='ocr_line' id='line_1_45' title="bbox 209 1386 995 1419; baseline 0.003 -7"><span class='ocrx_word' id='word_1_332' title='bbox 209 1396 217 1412; x_wconf 81' lang='grc' dir='ltr'><strong>ι</strong></span> <span class='ocrx_word' id='word_1_333' title='bbox 235 1386 275 1413; x_wconf 84' lang='lat' dir='ltr'><strong>Tu</strong></span> <span class='ocrx_word' id='word_1_334' title='bbox 294 1390 398 1419; x_wconf 84' lang='lat' dir='ltr'><strong>autem,</strong></span> <span class='ocrx_word' id='word_1_335' title='bbox 413 1386 460 1418; x_wconf 87' lang='lat' dir='ltr'><strong>ait,</strong></span> <span class='ocrx_word' id='word_1_336' title='bbox 477 1394 543 1413; x_wconf 88' lang='lat' dir='ltr'><strong>cave</strong></span> <span class='ocrx_word' id='word_1_337' title='bbox 558 1386 616 1418; x_wconf 85' lang='lat' dir='ltr'><strong>tibi,</strong></span> <span class='ocrx_word' id='word_1_338' title='bbox 641 1394 676 1413; x_wconf 93' lang='lat' dir='ltr'><strong>ne</strong></span> <span class='ocrx_word' id='word_1_339' title='bbox 695 1386 775 1414; x_wconf 79' lang='lat' dir='ltr'><strong>[idem</strong></span> <span class='ocrx_word' id='word_1_340' title='bbox 799 1387 903 1415; x_wconf 82' lang='lat' dir='ltr'><strong>dividas</strong></span> <span class='ocrx_word' id='word_1_341' title='bbox 916 1387 995 1414; x_wconf 85' lang='lat' dir='ltr'><strong>inde-</strong></span> 
     </span>
    </p>
   </div>
   <div class='ocr_carea' id='block_1_46' title="bbox 205 1432 995 1467">
    <p class='ocr_par' dir='ltr' id='par_1_46' title="bbox 205 1432 995 1467">
     <span class='ocr_line' id='line_1_46' title="bbox 205 1432 995 1467; baseline 0.003 -8"><span class='ocrx_word' id='word_1_342' title='bbox 205 1432 362 1460; x_wconf 85' lang='lat' dir='ltr'><strong>clinahilem</strong></span> <span class='ocrx_word' id='word_1_343' title='bbox 380 1441 386 1458; x_wconf 87' lang='lat'><strong>:</strong></span> <span class='ocrx_word' id='word_1_344' title='bbox 406 1440 487 1467; x_wconf 91' lang='lat' dir='ltr'><strong>quam</strong></span> <span class='ocrx_word' id='word_1_345' title='bbox 507 1433 581 1459; x_wconf 89' lang='lat' dir='ltr'><strong>enim</strong></span> <span class='ocrx_word' id='word_1_346' title='bbox 611 1433 814 1460; x_wconf 83' lang='lat' dir='ltr'><strong>aecusationem</strong></span> <span class='ocrx_word' id='word_1_347' title='bbox 834 1433 919 1461; x_wconf 87' lang='lat' dir='ltr'><strong>habes</strong></span> <span class='ocrx_word' id='word_1_348' title='bbox 947 1433 995 1461; x_wconf 86' lang='lat' dir='ltr'><strong>ad-</strong></span> 
     </span>
    </p>
   </div>
   <div class='ocr_carea' id='block_1_47' title="bbox 205 1476 994 1513">
    <p class='ocr_par' dir='ltr' id='par_1_47' title="bbox 205 1476 994 1513">
     <span class='ocr_line' id='line_1_47' title="bbox 205 1476 994 1513; baseline 0 -8"><span class='ocrx_word' id='word_1_349' title='bbox 205 1487 314 1506; x_wconf 81' lang='lat' dir='ltr'><strong>versum</strong></span> <span class='ocrx_word' id='word_1_350' title='bbox 330 1478 400 1506; x_wconf 85' lang='lat' dir='ltr'><strong>nos?</strong></span> <span class='ocrx_word' id='word_1_351' title='bbox 417 1476 486 1505; x_wconf 83' lang='lat' dir='ltr'><strong>Num</strong></span> <span class='ocrx_word' id='word_1_352' title='bbox 500 1478 617 1513; x_wconf 85' lang='lat' dir='ltr'><strong>aliquem</strong></span> <span class='ocrx_word' id='word_1_353' title='bbox 632 1478 810 1510; x_wconf 79' lang='lat' dir='ltr'><strong>circumveni,</strong></span> <span class='ocrx_word' id='word_1_354' title='bbox 825 1479 994 1513; x_wconf 88' lang='lat' dir='ltr'><strong>autsuperbe</strong></span> 
     </span>
    </p>
   </div>
   <div class='ocr_carea' id='block_1_48' title="bbox 205 1523 994 1559">
    <p class='ocr_par' dir='ltr' id='par_1_48' title="bbox 205 1523 994 1559">
     <span class='ocr_line' id='line_1_48' title="bbox 205 1523 994 1559; baseline 0 -9"><span class='ocrx_word' id='word_1_355' title='bbox 205 1524 270 1558; x_wconf 65' lang='lat' dir='ltr'><strong>egi?</strong></span> <span class='ocrx_word' id='word_1_356' title='bbox 297 1524 355 1551; x_wconf 86' lang='lat' dir='ltr'><strong>Non</strong></span> <span class='ocrx_word' id='word_1_357' title='bbox 381 1527 458 1559; x_wconf 80' lang='lat' dir='ltr'><strong>potes</strong></span> <span class='ocrx_word' id='word_1_358' title='bbox 479 1523 591 1550; x_wconf 89' lang='lat' dir='ltr'><strong>dicere:</strong></span> <span class='ocrx_word' id='word_1_359' title='bbox 607 1528 634 1550; x_wconf 88' lang='lat' dir='ltr'><strong>et</strong></span> <span class='ocrx_word' id='word_1_360' title='bbox 658 1523 680 1550; x_wconf 89' lang='lat' dir='ltr'><strong>si</strong></span> <span class='ocrx_word' id='word_1_361' title='bbox 701 1523 786 1555; x_wconf 78' lang='lat' dir='ltr'><strong>dicas,</strong></span> <span class='ocrx_word' id='word_1_362' title='bbox 809 1524 994 1551; x_wconf 79' lang='lat' dir='ltr'><strong>testimonium</strong></span> 
     </span>
    </p>
   </div>
   <div class='ocr_carea' id='block_1_49' title="bbox 206 1569 998 1597">
    <p class='ocr_par' dir='ltr' id='par_1_49' title="bbox 206 1569 998 1597">
     <span class='ocr_line' id='line_1_49' title="bbox 206 1569 998 1597; baseline -0.001 0"><span class='ocrx_word' id='word_1_363' title='bbox 206 1574 282 1597; x_wconf 83' lang='lat' dir='ltr'><strong>tuum</strong></span> <span class='ocrx_word' id='word_1_364' title='bbox 304 1575 399 1597; x_wconf 85' lang='lat' dir='ltr'><strong>verum</strong></span> <span class='ocrx_word' id='word_1_365' title='bbox 427 1577 482 1596; x_wconf 91' lang='lat' dir='ltr'><strong>non</strong></span> <span class='ocrx_word' id='word_1_366' title='bbox 505 1573 556 1596; x_wconf 86' lang='lat' dir='ltr'><strong>est.</strong></span> <span class='ocrx_word' id='word_1_367' title='bbox 583 1569 648 1596; x_wconf 89' lang='lat' dir='ltr'><strong>Mihi</strong></span> <span class='ocrx_word' id='word_1_368' title='bbox 668 1577 733 1596; x_wconf 88' lang='lat' dir='ltr'><strong>vero</strong></span> <span class='ocrx_word' id='word_1_369' title='bbox 756 1569 827 1596; x_wconf 91' lang='lat' dir='ltr'><strong>absit</strong></span> <span class='ocrx_word' id='word_1_370' title='bbox 842 1574 871 1596; x_wconf 92' lang='lat' dir='ltr'><strong>ut</strong></span> <span class='ocrx_word' id='word_1_371' title='bbox 891 1573 916 1596; x_wconf 90' lang='lat' dir='ltr'><strong>te</strong></span> <span class='ocrx_word' id='word_1_372' title='bbox 936 1569 998 1596; x_wconf 90' lang='lat' dir='ltr'><strong>odio</strong></span> 
     </span>
    </p>
   </div>
   <div class='ocr_carea' id='block_1_50' title="bbox 205 1615 999 1650">
    <p class='ocr_par' dir='ltr' id='par_1_50' title="bbox 205 1615 999 1650">
     <span class='ocr_line' id='line_1_50' title="bbox 205 1615 999 1650; baseline -0.001 -6"><span class='ocrx_word' id='word_1_373' title='bbox 205 1617 320 1644; x_wconf 87' lang='lat' dir='ltr'><strong>habeam</strong></span> <span class='ocrx_word' id='word_1_374' title='bbox 333 1617 340 1642; x_wconf 91' lang='lat' dir='ltr'><strong>l</strong></span> <span class='ocrx_word' id='word_1_375' title='bbox 352 1615 398 1642; x_wconf 81' lang='lat' dir='ltr'><strong>sed</strong></span> <span class='ocrx_word' id='word_1_376' title='bbox 411 1615 498 1642; x_wconf 87' lang='lat' dir='ltr'><strong>solum</strong></span> <span class='ocrx_word' id='word_1_377' title='bbox 511 1619 536 1642; x_wconf 76' lang='lat' dir='ltr'><strong>te</strong></span> <span class='ocrx_word' id='word_1_378' title='bbox 547 1623 605 1648; x_wconf 87' lang='lat' dir='ltr'><strong>oro,</strong></span> <span class='ocrx_word' id='word_1_379' title='bbox 619 1615 847 1650; x_wconf 82' lang='lat' dir='ltr'><strong>quemadmodum</strong></span> <span class='ocrx_word' id='word_1_380' title='bbox 862 1615 999 1650; x_wconf 86' lang='lat' dir='ltr'><strong>apostolos</strong></span> 
     </span>
    </p>
   </div>
   <div class='ocr_carea' id='block_1_51' title="bbox 201 1662 996 1698">
    <p class='ocr_par' dir='ltr' id='par_1_51' title="bbox 201 1662 996 1698">
     <span class='ocr_line' id='line_1_51' title="bbox 201 1662 996 1698; baseline -0.001 -9"><span class='ocrx_word' id='word_1_381' title='bbox 201 1668 234 1690; x_wconf 83' lang='lat' dir='ltr'><strong>et</strong></span> <span class='ocrx_word' id='word_1_382' title='bbox 249 1662 396 1698; x_wconf 87' lang='lat' dir='ltr'><strong>prophetas</strong></span> <span class='ocrx_word' id='word_1_383' title='bbox 408 1662 565 1696; x_wconf 78' lang='lat' dir='ltr'><strong>suscepisti,</strong></span> <span class='ocrx_word' id='word_1_384' title='bbox 592 1662 637 1696; x_wconf 91' lang='lat' dir='ltr'><strong>qui</strong></span> <span class='ocrx_word' id='word_1_385' title='bbox 653 1666 770 1696; x_wconf 78' lang='lat' dir='ltr'><strong>quatuor</strong></span> <span class='ocrx_word' id='word_1_386' title='bbox 785 1669 900 1689; x_wconf 90' lang='lat' dir='ltr'><strong>numero</strong></span> <span class='ocrx_word' id='word_1_387' title='bbox 921 1665 996 1693; x_wconf 88' lang='lat' dir='ltr'><strong>sunt,</strong></span> 
     </span>
    </p>
   </div>
   <div class='ocr_carea' id='block_1_52' title="bbox 205 1707 999 1743">
    <p class='ocr_par' dir='ltr' id='par_1_52' title="bbox 205 1707 999 1743">
     <span class='ocr_line' id='line_1_52' title="bbox 205 1707 999 1743; baseline -0.001 -8"><span class='ocrx_word' id='word_1_388' title='bbox 205 1708 242 1735; x_wconf 88' lang='lat' dir='ltr'><strong>ita</strong></span> <span class='ocrx_word' id='word_1_389' title='bbox 270 1712 393 1743; x_wconf 86' lang='lat' dir='ltr'><strong>pastores</strong></span> <span class='ocrx_word' id='word_1_390' title='bbox 419 1712 447 1734; x_wconf 90' lang='lat' dir='ltr'><strong>et</strong></span> <span class='ocrx_word' id='word_1_391' title='bbox 477 1707 620 1742; x_wconf 82' lang='lat' dir='ltr'><strong>magistros</strong></span> <span class='ocrx_word' id='word_1_392' title='bbox 643 1707 786 1742; x_wconf 85' lang='lat' dir='ltr'><strong>suscipias,</strong></span> <span class='ocrx_word' id='word_1_393' title='bbox 818 1715 853 1734; x_wconf 88' lang='lat' dir='ltr'><strong>ne</strong></span> <span class='ocrx_word' id='word_1_394' title='bbox 878 1707 999 1734; x_wconf 83' lang='lat' dir='ltr'><strong>ferarum</strong></span> 
     </span>
    </p>
   </div>
   <div class='ocr_carea' id='block_1_53' title="bbox 204 1753 999 1790">
    <p class='ocr_par' dir='ltr' id='par_1_53' title="bbox 204 1753 999 1790">
     <span class='ocr_line' id='line_1_53' title="bbox 204 1753 999 1790; baseline 0 -9"><span class='ocrx_word' id='word_1_395' title='bbox 204 1754 296 1790; x_wconf 66' lang='lat' dir='ltr'><strong>praeda</strong></span> <span class='ocrx_word' id='word_1_396' title='bbox 314 1754 372 1780; x_wconf 78' lang='lat' dir='ltr'><strong>tias.</strong></span> <span class='ocrx_word' id='word_1_397' title='bbox 397 1762 406 1778; x_wconf 76' lang='grc' dir='ltr'><strong>ι</strong></span> <span class='ocrx_word' id='word_1_398' title='bbox 434 1753 472 1780; x_wconf 86' lang='lat' dir='ltr'><strong>lta</strong></span> <span class='ocrx_word' id='word_1_399' title='bbox 488 1760 518 1780; x_wconf 90' lang='lat' dir='ltr'><strong>se</strong></span> <span class='ocrx_word' id='word_1_400' title='bbox 533 1753 561 1780; x_wconf 90' lang='lat' dir='ltr'><strong>in</strong></span> <span class='ocrx_word' id='word_1_401' title='bbox 575 1758 718 1780; x_wconf 86' lang='lat' dir='ltr'><strong>sexcentas</strong></span> <span class='ocrx_word' id='word_1_402' title='bbox 738 1753 839 1780; x_wconf 78' lang='lat' dir='ltr'><strong>formas</strong></span> <span class='ocrx_word' id='word_1_403' title='bbox 854 1759 999 1781; x_wconf 79' lang='lat' dir='ltr'><strong>converte-</strong></span> 
     </span>
    </p>
   </div>
   <div class='ocr_carea' id='block_1_54' title="bbox 204 1799 995 1834">
    <p class='ocr_par' dir='ltr' id='par_1_54' title="bbox 204 1799 995 1834">
     <span class='ocr_line' id='line_1_54' title="bbox 204 1799 995 1834; baseline -0.003 -6"><span class='ocrx_word' id='word_1_404' title='bbox 204 1801 260 1833; x_wconf 79' lang='lat' dir='ltr'><strong>bat,</strong></span> <span class='ocrx_word' id='word_1_405' title='bbox 277 1805 305 1827; x_wconf 90' lang='lat' dir='ltr'><strong>ut</strong></span> <span class='ocrx_word' id='word_1_406' title='bbox 321 1800 354 1827; x_wconf 83' lang='lat' dir='ltr'><strong>ad</strong></span> <span class='ocrx_word' id='word_1_407' title='bbox 370 1799 493 1827; x_wconf 86' lang='lat' dir='ltr'><strong>diversos</strong></span> <span class='ocrx_word' id='word_1_408' title='bbox 515 1807 620 1831; x_wconf 89' lang='lat' dir='ltr'><strong>eorum,</strong></span> <span class='ocrx_word' id='word_1_409' title='bbox 639 1799 685 1834; x_wconf 91' lang='lat' dir='ltr'><strong>qui</strong></span> <span class='ocrx_word' id='word_1_410' title='bbox 699 1799 916 1834; x_wconf 71' lang='lat' dir='ltr'><strong>decipiebantur,</strong></span> <span class='ocrx_word' id='word_1_411' title='bbox 935 1806 995 1826; x_wconf 85' lang='lat' dir='ltr'><strong>mo-</strong></span> 
     </span>
    </p>
   </div>
   <div class='ocr_carea' id='block_1_55' title="bbox 205 1845 994 1882">
    <p class='ocr_par' dir='ltr' id='par_1_55' title="bbox 205 1845 994 1882">
     <span class='ocr_line' id='line_1_55' title="bbox 205 1845 994 1882; baseline -0.004 -7"><span class='ocrx_word' id='word_1_412' title='bbox 205 1855 249 1875; x_wconf 90' lang='lat' dir='ltr'><strong>res</strong></span> <span class='ocrx_word' id='word_1_413' title='bbox 276 1855 305 1874; x_wconf 85' lang='lat' dir='ltr'><strong>se</strong></span> <span class='ocrx_word' id='word_1_414' title='bbox 330 1847 566 1878; x_wconf 80' lang='lat' dir='ltr'><strong>accommodaret,</strong></span> <span class='ocrx_word' id='word_1_415' title='bbox 588 1847 668 1874; x_wconf 89' lang='lat' dir='ltr'><strong>modo</strong></span> <span class='ocrx_word' id='word_1_416' title='bbox 695 1846 784 1882; x_wconf 75' lang='lat' dir='ltr'><strong>gigas,</strong></span> <span class='ocrx_word' id='word_1_417' title='bbox 801 1845 882 1873; x_wconf 90' lang='lat' dir='ltr'><strong>modo</strong></span> <span class='ocrx_word' id='word_1_418' title='bbox 905 1845 994 1878; x_wconf 84' lang='lat' dir='ltr'><strong>simia,</strong></span> 
     </span>
    </p>
   </div>
   <div class='ocr_carea' id='block_1_56' title="bbox 204 1891 994 1927">
    <p class='ocr_par' dir='ltr' id='par_1_56' title="bbox 204 1891 994 1927">
     <span class='ocr_line' id='line_1_56' title="bbox 204 1891 994 1927; baseline -0.003 -7"><span class='ocrx_word' id='word_1_419' title='bbox 204 1901 279 1921; x_wconf 86' lang='lat' dir='ltr'><strong>nunc</strong></span> <span class='ocrx_word' id='word_1_420' title='bbox 298 1893 357 1925; x_wconf 84' lang='lat' dir='ltr'><strong>leo,</strong></span> <span class='ocrx_word' id='word_1_421' title='bbox 373 1901 448 1920; x_wconf 91' lang='lat' dir='ltr'><strong>nunc</strong></span> <span class='ocrx_word' id='word_1_422' title='bbox 468 1893 580 1927; x_wconf 86' lang='lat' dir='ltr'><strong>vulpes,</strong></span> <span class='ocrx_word' id='word_1_423' title='bbox 599 1892 679 1920; x_wconf 91' lang='lat' dir='ltr'><strong>modo</strong></span> <span class='ocrx_word' id='word_1_424' title='bbox 701 1892 790 1924; x_wconf 85' lang='lat' dir='ltr'><strong>illum,</strong></span> <span class='ocrx_word' id='word_1_425' title='bbox 807 1891 888 1919; x_wconf 91' lang='lat' dir='ltr'><strong>modo</strong></span> <span class='ocrx_word' id='word_1_426' title='bbox 911 1892 994 1918; x_wconf 91' lang='lat' dir='ltr'><strong>alium</strong></span> 
     </span>
    </p>
   </div>
   <div class='ocr_carea' id='block_1_57' title="bbox 204 1937 992 1973">
    <p class='ocr_par' dir='ltr' id='par_1_57' title="bbox 204 1937 992 1973">
     <span class='ocr_line' id='line_1_57' title="bbox 204 1937 992 1973; baseline -0.003 -7"><span class='ocrx_word' id='word_1_427' title='bbox 204 1947 309 1969; x_wconf 86' lang='lat' dir='ltr'><strong>morem</strong></span> <span class='ocrx_word' id='word_1_428' title='bbox 327 1939 477 1970; x_wconf 83' lang='lat' dir='ltr'><strong>simulans,</strong></span> <span class='ocrx_word' id='word_1_429' title='bbox 492 1943 520 1965; x_wconf 91' lang='lat' dir='ltr'><strong>et</strong></span> <span class='ocrx_word' id='word_1_430' title='bbox 541 1937 700 1973; x_wconf 70' lang='lat' dir='ltr'><strong>prteierens.</strong></span> <span class='ocrx_word' id='word_1_431' title='bbox 717 1938 788 1965; x_wconf 82' lang='lat' dir='ltr'><strong>Alibi</strong></span> <span class='ocrx_word' id='word_1_432' title='bbox 803 1945 869 1964; x_wconf 89' lang='lat' dir='ltr'><strong>vero</strong></span> <span class='ocrx_word' id='word_1_433' title='bbox 891 1937 992 1964; x_wconf 85' lang='lat' dir='ltr'><strong>iterum</strong></span> 
     </span>
    </p>
   </div>
   <div class='ocr_carea' id='block_1_58' title="bbox 205 1983 995 2018">
    <p class='ocr_par' dir='ltr' id='par_1_58' title="bbox 205 1983 995 2018">
     <span class='ocr_line' id='line_1_58' title="bbox 205 1983 995 2018; baseline -0.003 -7"><span class='ocrx_word' id='word_1_434' title='bbox 205 1985 273 2012; x_wconf 75' lang='lat' dir='ltr'><strong>dicit</strong></span> <span class='ocrx_word' id='word_1_435' title='bbox 288 1992 296 2012; x_wconf 72' lang='grc' dir='ltr'><strong>ι</strong></span> <span class='ocrx_word' id='word_1_436' title='bbox 318 1994 327 2010; x_wconf 76' lang='grc' dir='ltr'><strong>ι</strong></span> <span class='ocrx_word' id='word_1_437' title='bbox 348 1984 439 2011; x_wconf 83' lang='lat' dir='ltr'><strong>Prima</strong></span> <span class='ocrx_word' id='word_1_438' title='bbox 456 1984 616 2017; x_wconf 82' lang='lat' dir='ltr'><strong>fornicatio,</strong></span> <span class='ocrx_word' id='word_1_439' title='bbox 640 1991 693 2018; x_wconf 88' lang='lat' dir='ltr'><strong>qua</strong></span> <span class='ocrx_word' id='word_1_440' title='bbox 710 1991 742 2011; x_wconf 83' lang='lat' dir='ltr'><strong>ex</strong></span> <span class='ocrx_word' id='word_1_441' title='bbox 756 1983 860 2010; x_wconf 84' lang='lat' dir='ltr'><strong>Adamo</strong></span> <span class='ocrx_word' id='word_1_442' title='bbox 876 1983 995 2010; x_wconf 86' lang='lat' dir='ltr'><strong>circum-</strong></span> 
     </span>
    </p>
   </div>
   <div class='ocr_carea' id='block_1_59' title="bbox 205 2028 997 2063">
    <p class='ocr_par' dir='ltr' id='par_1_59' title="bbox 205 2028 997 2063">
     <span class='ocr_line' id='line_1_59' title="bbox 205 2028 997 2063; baseline -0.003 -6"><span class='ocrx_word' id='word_1_443' title='bbox 205 2031 312 2062; x_wconf 82' lang='lat' dir='ltr'><strong>damur,</strong></span> <span class='ocrx_word' id='word_1_444' title='bbox 331 2030 498 2057; x_wconf 89' lang='lat' dir='ltr'><strong>benelicium</strong></span> <span class='ocrx_word' id='word_1_445' title='bbox 510 2033 568 2062; x_wconf 85' lang='lat' dir='ltr'><strong>est;</strong></span> <span class='ocrx_word' id='word_1_446' title='bbox 586 2029 705 2057; x_wconf 88' lang='lat' dir='ltr'><strong>secunda</strong></span> <span class='ocrx_word' id='word_1_447' title='bbox 726 2033 816 2056; x_wconf 87' lang='lat' dir='ltr'><strong>autem</strong></span> <span class='ocrx_word' id='word_1_448' title='bbox 843 2028 940 2063; x_wconf 87' lang='lat' dir='ltr'><strong>major,</strong></span> <span class='ocrx_word' id='word_1_449' title='bbox 962 2028 997 2056; x_wconf 87' lang='lat' dir='ltr'><strong>de</strong></span> 
     </span>
    </p>
   </div>
   <div class='ocr_carea' id='block_1_60' title="bbox 239 2085 481 2119">
    <p class='ocr_par' dir='ltr' id='par_1_60' title="bbox 239 2085 481 2119">
     <span class='ocr_line' id='line_1_60' title="bbox 239 2085 481 2119; baseline 0.004 -7"><span class='ocrx_word' id='word_1_450' title='bbox 239 2085 250 2102; x_wconf 83' lang='grc'><strong>⁷</strong></span> <span class='ocrx_word' id='word_1_451' title='bbox 270 2085 366 2114; x_wconf 82' lang='lat' dir='ltr'><strong>Matth.</strong></span> <span class='ocrx_word' id='word_1_452' title='bbox 385 2086 481 2119; x_wconf 77' lang='lat' dir='ltr'><strong>vr,‘2‘2.</strong></span> 
     </span>
    </p>
   </div>
   <div class='ocr_carea' id='block_1_61' title="bbox 1047 924 1828 962">
    <p class='ocr_par' dir='ltr' id='par_1_61' title="bbox 1047 924 1828 962">
     <span class='ocr_line' id='line_1_61' title="bbox 1047 924 1828 962; baseline 0.004 -11"><span class='ocrx_word' id='word_1_453' title='bbox 1047 924 1120 960; x_wconf 78' lang='grc' dir='ltr'>ὑμᾶς</span> <span class='ocrx_word' id='word_1_454' title='bbox 1133 925 1296 961; x_wconf 80' lang='grc' dir='ltr'>ποιούμεθα,</span> <span class='ocrx_word' id='word_1_455' title='bbox 1316 927 1356 953; x_wconf 83' lang='grc' dir='ltr'><strong>ὅτι</strong></span> <span class='ocrx_word' id='word_1_456' title='bbox 1367 926 1462 962; x_wconf 80' lang='grc' dir='ltr'>ὥσπερ</span> <span class='ocrx_word' id='word_1_457' title='bbox 1473 928 1500 954; x_wconf 81' lang='grc' dir='ltr'>αἱ</span> <span class='ocrx_word' id='word_1_458' title='bbox 1511 926 1697 962; x_wconf 79' lang='grc' dir='ltr'>παρελθοῦσαι</span> <span class='ocrx_word' id='word_1_459' title='bbox 1723 927 1828 962; x_wconf 76' lang='grc' dir='ltr'>Ἐκκλη-</span> 
     </span>
    </p>
   </div>
   <div class='ocr_carea' id='block_1_62' title="bbox 1047 970 1832 1007">
    <p class='ocr_par' dir='ltr' id='par_1_62' title="bbox 1047 970 1832 1007">
     <span class='ocr_line' id='line_1_62' title="bbox 1047 970 1832 1007; baseline 0.004 -10"><span class='ocrx_word' id='word_1_460' title='bbox 1047 970 1104 997; x_wconf 84' lang='grc' dir='ltr'>σίαι</span> <span class='ocrx_word' id='word_1_461' title='bbox 1119 971 1251 1006; x_wconf 79' lang='grc' dir='ltr'>ποιμένας</span> <span class='ocrx_word' id='word_1_462' title='bbox 1271 972 1318 998; x_wconf 75' lang='grc' dir='ltr'>καὶ</span> <span class='ocrx_word' id='word_1_463' title='bbox 1333 971 1509 1005; x_wconf 76' lang='grc' dir='ltr'><strong>διδασκάλους</strong></span> <span class='ocrx_word' id='word_1_464' title='bbox 1523 973 1657 1006; x_wconf 68' lang='grc' dir='ltr'>ἐδέξαντο.</span> <span class='ocrx_word' id='word_1_465' title='bbox 1673 981 1683 998; x_wconf 80' lang='grc' dir='ltr'>ι</span> <span class='ocrx_word' id='word_1_466' title='bbox 1710 973 1790 1007; x_wconf 80' lang='grc' dir='ltr'><strong>Λέγει</strong></span> <span class='ocrx_word' id='word_1_467' title='bbox 1805 973 1832 1000; x_wconf 77' lang='grc' dir='ltr'>δὲ</span> 
     </span>
    </p>
   </div>
   <div class='ocr_carea' id='block_1_63' title="bbox 1048 1017 1832 1054">
    <p class='ocr_par' dir='ltr' id='par_1_63' title="bbox 1048 1017 1832 1054">
     <span class='ocr_line' id='line_1_63' title="bbox 1048 1017 1832 1054; baseline 0.005 -12"><span class='ocrx_word' id='word_1_468' title='bbox 1048 1017 1266 1049; x_wconf 80' lang='grc' dir='ltr'>Κωνσταντῖνον,</span> <span class='ocrx_word' id='word_1_469' title='bbox 1277 1018 1324 1044; x_wconf 76' lang='grc' dir='ltr'>καὶ</span> <span class='ocrx_word' id='word_1_470' title='bbox 1336 1018 1398 1050; x_wconf 82' lang='grc' dir='ltr'>τοὺς</span> <span class='ocrx_word' id='word_1_471' title='bbox 1407 1018 1514 1051; x_wconf 81' lang='grc' dir='ltr'>ἄλλους,</span> <span class='ocrx_word' id='word_1_472' title='bbox 1530 1017 1577 1050; x_wconf 81' lang='grc' dir='ltr'>οὓς</span> <span class='ocrx_word' id='word_1_473' title='bbox 1589 1019 1603 1045; x_wconf 84' lang='grc'>6</span> <span class='ocrx_word' id='word_1_474' title='bbox 1619 1018 1697 1053; x_wconf 82' lang='grc' dir='ltr'>λόγος</span> <span class='ocrx_word' id='word_1_475' title='bbox 1708 1019 1832 1054; x_wconf 83' lang='grc' dir='ltr'>ἀνωτέρω</span> 
     </span>
    </p>
   </div>
   <div class='ocr_carea' id='block_1_64' title="bbox 1047 1063 1832 1104">
    <p class='ocr_par' dir='ltr' id='par_1_64' title="bbox 1047 1063 1832 1104">
     <span class='ocr_line' id='line_1_64' title="bbox 1047 1063 1832 1104; baseline 0.004 -15"><span class='ocrx_word' id='word_1_476' title='bbox 1047 1063 1232 1098; x_wconf 81' lang='grc' dir='ltr'>ὴριθμήσατο.</span> <span class='ocrx_word' id='word_1_477' title='bbox 1253 1073 1262 1089; x_wconf 79' lang='grc' dir='ltr'><strong>ι</strong></span> <span class='ocrx_word' id='word_1_478' title='bbox 1283 1063 1378 1096; x_wconf 71' lang='grc' dir='ltr'>Οὕτως</span> <span class='ocrx_word' id='word_1_479' title='bbox 1400 1065 1449 1092; x_wconf 79' lang='grc' dir='ltr'>καὶ</span> <span class='ocrx_word' id='word_1_480' title='bbox 1463 1065 1541 1100; x_wconf 78' lang='grc' dir='ltr'>ὑμεῖς</span> <span class='ocrx_word' id='word_1_481' title='bbox 1567 1065 1698 1104; x_wconf 71' lang='grc' dir='ltr'>λαμπάδα</span> <span class='ocrx_word' id='word_1_482' title='bbox 1721 1065 1832 1101; x_wconf 84' lang='grc' dir='ltr'>φαεινὴν</span> 
     </span>
    </p>
   </div>
   <div class='ocr_carea' id='block_1_65' title="bbox 1047 1109 1833 1147">
    <p class='ocr_par' dir='ltr' id='par_1_65' title="bbox 1047 1109 1833 1147">
     <span class='ocr_line' id='line_1_65' title="bbox 1047 1109 1833 1147; baseline 0.003 -12"><span class='ocrx_word' id='word_1_483' title='bbox 1047 1109 1096 1136; x_wconf 83' lang='grc' dir='ltr'>καὶ</span> <span class='ocrx_word' id='word_1_484' title='bbox 1108 1109 1204 1145; x_wconf 79' lang='grc' dir='ltr'><strong>λύχνον</strong></span> <span class='ocrx_word' id='word_1_485' title='bbox 1220 1110 1351 1145; x_wconf 83' lang='grc' dir='ltr'>φαίνοντα</span> <span class='ocrx_word' id='word_1_486' title='bbox 1364 1111 1412 1138; x_wconf 75' lang='grc' dir='ltr'>καὶ</span> <span class='ocrx_word' id='word_1_487' title='bbox 1422 1111 1520 1146; x_wconf 80' lang='grc' dir='ltr'><strong>ὁδηγὸν</strong></span> <span class='ocrx_word' id='word_1_488' title='bbox 1545 1111 1684 1147; x_wconf 75' lang='grc' dir='ltr'>σωτηρίας</span> <span class='ocrx_word' id='word_1_489' title='bbox 1709 1111 1833 1144; x_wconf 74' lang='grc' dir='ltr'>ἐδέξασθε</span> 
     </span>
    </p>
   </div>
   <div class='ocr_carea' id='block_1_66' title="bbox 1047 1155 1833 1193">
    <p class='ocr_par' dir='ltr' id='par_1_66' title="bbox 1047 1155 1833 1193">
     <span class='ocr_line' id='line_1_66' title="bbox 1047 1155 1833 1193; baseline 0.004 -11"><span class='ocrx_word' id='word_1_490' title='bbox 1047 1155 1119 1183; x_wconf 83' lang='grc' dir='ltr'>κατὰ</span> <span class='ocrx_word' id='word_1_491' title='bbox 1149 1157 1180 1183; x_wconf 83' lang='grc' dir='ltr'><strong>τὸ</strong></span> <span class='ocrx_word' id='word_1_492' title='bbox 1203 1158 1397 1193; x_wconf 79' lang='grc' dir='ltr'>γεγραμμένον</span> <span class='ocrx_word' id='word_1_493' title='bbox 1417 1165 1424 1173; x_wconf 92' lang='grc'>·</span> <span class='ocrx_word' id='word_1_494' title='bbox 1455 1157 1523 1185; x_wconf 82' lang='grc' dir='ltr'><strong>Ἐὰν</strong></span> <span class='ocrx_word' id='word_1_495' title='bbox 1550 1160 1566 1185; x_wconf 84' lang='grc' dir='ltr'><em>ό</em></span> <span class='ocrx_word' id='word_1_496' title='bbox 1595 1158 1748 1193; x_wconf 66' lang='grc' dir='ltr'><strong>ὀφθαλμός</strong></span> <span class='ocrx_word' id='word_1_497' title='bbox 1776 1165 1833 1185; x_wconf 84' lang='grc' dir='ltr'>σου</span> 
     </span>
    </p>
   </div>
   <div class='ocr_carea' id='block_1_67' title="bbox 1047 1199 1830 1238">
    <p class='ocr_par' dir='ltr' id='par_1_67' title="bbox 1047 1199 1830 1238">
     <span class='ocr_line' id='line_1_67' title="bbox 1047 1199 1830 1238; baseline 0.001 -10"><span class='ocrx_word' id='word_1_498' title='bbox 1047 1201 1165 1235; x_wconf 71' lang='grc' dir='ltr'>ἁπλοῦς</span> <span class='ocrx_word' id='word_1_499' title='bbox 1178 1199 1209 1238; x_wconf 81' lang='grc' dir='ltr'>ᾗ,</span> <span class='ocrx_word' id='word_1_500' title='bbox 1225 1203 1299 1230; x_wconf 75' lang='grc' dir='ltr'>ὅλον</span> <span class='ocrx_word' id='word_1_501' title='bbox 1313 1202 1346 1230; x_wconf 82' lang='grc' dir='ltr'><strong>τὸ</strong></span> <span class='ocrx_word' id='word_1_502' title='bbox 1363 1202 1450 1238; x_wconf 82' lang='grc' dir='ltr'>σῶμά</span> <span class='ocrx_word' id='word_1_503' title='bbox 1466 1210 1525 1230; x_wconf 83' lang='grc' dir='ltr'>σου</span> <span class='ocrx_word' id='word_1_504' title='bbox 1540 1203 1687 1238; x_wconf 79' lang='grc' dir='ltr'><strong>φωτεινόν</strong></span> <span class='ocrx_word' id='word_1_505' title='bbox 1709 1203 1804 1231; x_wconf 68' lang='grc' dir='ltr'>ἔσται,</span> <span class='ocrx_word' id='word_1_506' title='bbox 1821 1212 1830 1229; x_wconf 76' lang='grc' dir='ltr'><strong>ι</strong></span> 
     </span>
    </p>
   </div>
   <div class='ocr_carea' id='block_1_68' title="bbox 1047 1246 1833 1284">
    <p class='ocr_par' dir='ltr' id='par_1_68' title="bbox 1047 1246 1833 1284">
     <span class='ocr_line' id='line_1_68' title="bbox 1047 1246 1833 1284; baseline 0.005 -12"><span class='ocrx_word' id='word_1_507' title='bbox 1047 1246 1102 1273; x_wconf 80' lang='grc' dir='ltr'>Καὶ</span> <span class='ocrx_word' id='word_1_508' title='bbox 1127 1248 1187 1282; x_wconf 82' lang='grc' dir='ltr'>μετ’</span> <span class='ocrx_word' id='word_1_509' title='bbox 1205 1248 1301 1282; x_wconf 64' lang='grc' dir='ltr'>ὀλίγαι</span> <span class='ocrx_word' id='word_1_510' title='bbox 1327 1257 1337 1275; x_wconf 79' lang='grc' dir='ltr'><strong>ι</strong></span> <span class='ocrx_word' id='word_1_511' title='bbox 1351 1248 1455 1284; x_wconf 79' lang='grc' dir='ltr'>Μηδεὶς</span> <span class='ocrx_word' id='word_1_512' title='bbox 1484 1249 1557 1284; x_wconf 77' lang='grc' dir='ltr'>ὑμᾶς</span> <span class='ocrx_word' id='word_1_513' title='bbox 1585 1248 1745 1284; x_wconf 78' lang='grc' dir='ltr'><strong>ἐξαπατήσῃ</strong></span> <span class='ocrx_word' id='word_1_514' title='bbox 1765 1249 1833 1276; x_wconf 82' lang='grc' dir='ltr'>κατὰ</span> 
     </span>
    </p>
   </div>
   <div class='ocr_carea' id='block_1_69' title="bbox 1049 1293 1834 1330">
    <p class='ocr_par' dir='ltr' id='par_1_69' title="bbox 1049 1293 1834 1330">
     <span class='ocr_line' id='line_1_69' title="bbox 1049 1293 1834 1330; baseline 0.003 -11"><span class='ocrx_word' id='word_1_515' title='bbox 1049 1293 1151 1328; x_wconf 83' lang='grc' dir='ltr'>μηδένα</span> <span class='ocrx_word' id='word_1_516' title='bbox 1165 1294 1278 1330; x_wconf 79' lang='grc' dir='ltr'>τρόπον,</span> <span class='ocrx_word' id='word_1_517' title='bbox 1296 1294 1399 1326; x_wconf 87' lang='grc' dir='ltr'>ταύτας</span> <span class='ocrx_word' id='word_1_518' title='bbox 1413 1295 1442 1321; x_wconf 81' lang='grc' dir='ltr'>δὲ</span> <span class='ocrx_word' id='word_1_519' title='bbox 1454 1294 1505 1326; x_wconf 80' lang='grc' dir='ltr'><strong>τὰς</strong></span> <span class='ocrx_word' id='word_1_520' title='bbox 1530 1295 1699 1329; x_wconf 76' lang='grc' dir='ltr'>ἐπαγγελίας</span> <span class='ocrx_word' id='word_1_521' title='bbox 1728 1295 1834 1330; x_wconf 82' lang='grc' dir='ltr'>ἔχοντες</span> 
     </span>
    </p>
   </div>
   <div class='ocr_carea' id='block_1_70' title="bbox 1047 1339 1836 1376">
    <p class='ocr_par' dir='ltr' id='par_1_70' title="bbox 1047 1339 1836 1376">
     <span class='ocr_line' id='line_1_70' title="bbox 1047 1339 1836 1376; baseline 0.004 -11"><span class='ocrx_word' id='word_1_522' title='bbox 1047 1340 1124 1375; x_wconf 81' lang='grc' dir='ltr'><strong>παρά</strong></span> <span class='ocrx_word' id='word_1_523' title='bbox 1133 1339 1200 1367; x_wconf 84' lang='grc' dir='ltr'>Θεοῦ</span> <span class='ocrx_word' id='word_1_524' title='bbox 1208 1339 1346 1376; x_wconf 79' lang='grc' dir='ltr'>θαρσεῖτε.</span> <span class='ocrx_word' id='word_1_525' title='bbox 1361 1340 1459 1375; x_wconf 80' lang='grc' dir='ltr'>Ἡμεῖς</span> <span class='ocrx_word' id='word_1_526' title='bbox 1471 1341 1525 1376; x_wconf 86' lang='grc' dir='ltr'><strong>γὰρ</strong></span> <span class='ocrx_word' id='word_1_527' title='bbox 1532 1341 1711 1376; x_wconf 81' lang='grc' dir='ltr'>πεπεισμένοι</span> <span class='ocrx_word' id='word_1_528' title='bbox 1720 1341 1796 1373; x_wconf 78' lang='grc' dir='ltr'>ὄντες</span> <span class='ocrx_word' id='word_1_529' title='bbox 1806 1342 1836 1368; x_wconf 73' lang='grc' dir='ltr'>ἐν</span> 
     </span>
    </p>
   </div>
   <div class='ocr_carea' id='block_1_71' title="bbox 1047 1384 1834 1424">
    <p class='ocr_par' dir='ltr' id='par_1_71' title="bbox 1047 1384 1834 1424">
     <span class='ocr_line' id='line_1_71' title="bbox 1047 1384 1834 1424; baseline 0.003 -12"><span class='ocrx_word' id='word_1_530' title='bbox 1047 1387 1109 1418; x_wconf 84' lang='grc' dir='ltr'>ταῖς</span> <span class='ocrx_word' id='word_1_531' title='bbox 1123 1384 1247 1421; x_wconf 83' lang='grc' dir='ltr'>καρδίαις</span> <span class='ocrx_word' id='word_1_532' title='bbox 1261 1386 1340 1421; x_wconf 71' lang='grc' dir='ltr'><strong>¹ἡμῶν</strong></span> <span class='ocrx_word' id='word_1_533' title='bbox 1354 1386 1515 1422; x_wconf 79' lang='grc' dir='ltr'>ἐγράψαμεν</span> <span class='ocrx_word' id='word_1_534' title='bbox 1530 1386 1605 1422; x_wconf 78' lang='grc' dir='ltr'>ὑμῖν,</span> <span class='ocrx_word' id='word_1_535' title='bbox 1618 1387 1659 1413; x_wconf 78' lang='grc' dir='ltr'><strong>δτι</strong></span> <span class='ocrx_word' id='word_1_536' title='bbox 1675 1387 1690 1413; x_wconf 84' lang='grc' dir='ltr'><strong>ὸ</strong></span> <span class='ocrx_word' id='word_1_537' title='bbox 1709 1387 1834 1424; x_wconf 76' lang='grc' dir='ltr'>θυρωρὸς</span> 
     </span>
    </p>
   </div>
   <div class='ocr_carea' id='block_1_72' title="bbox 1049 1431 1836 1468">
    <p class='ocr_par' dir='ltr' id='par_1_72' title="bbox 1049 1431 1836 1468">
     <span class='ocr_line' id='line_1_72' title="bbox 1049 1431 1836 1468; baseline 0.004 -10"><span class='ocrx_word' id='word_1_538' title='bbox 1049 1431 1098 1458; x_wconf 77' lang='grc' dir='ltr'>καὶ</span> <span class='ocrx_word' id='word_1_539' title='bbox 1112 1432 1126 1458; x_wconf 83' lang='grc' dir='ltr'>ὁ</span> <span class='ocrx_word' id='word_1_540' title='bbox 1140 1431 1244 1467; x_wconf 78' lang='grc' dir='ltr'>ποιμὴν</span> <span class='ocrx_word' id='word_1_541' title='bbox 1264 1432 1279 1458; x_wconf 76' lang='grc' dir='ltr'>ὁ</span> <span class='ocrx_word' id='word_1_542' title='bbox 1304 1431 1385 1464; x_wconf 85' lang='grc' dir='ltr'>καλὸς</span> <span class='ocrx_word' id='word_1_543' title='bbox 1407 1432 1455 1458; x_wconf 78' lang='grc' dir='ltr'>καὶ</span> <span class='ocrx_word' id='word_1_544' title='bbox 1469 1432 1566 1467; x_wconf 82' lang='grc' dir='ltr'>ὁδηγὺς</span> <span class='ocrx_word' id='word_1_545' title='bbox 1577 1431 1625 1458; x_wconf 85' lang='grc' dir='ltr'><strong>τοῦ</strong></span> <span class='ocrx_word' id='word_1_546' title='bbox 1648 1432 1775 1468; x_wconf 84' lang='grc' dir='ltr'>σώματος</span> <span class='ocrx_word' id='word_1_547' title='bbox 1788 1434 1836 1461; x_wconf 83' lang='grc' dir='ltr'><strong>τοῦ</strong></span> 
     </span>
    </p>
   </div>
   <div class='ocr_carea' id='block_1_73' title="bbox 1048 1477 1837 1516">
    <p class='ocr_par' dir='ltr' id='par_1_73' title="bbox 1048 1477 1837 1516">
     <span class='ocr_line' id='line_1_73' title="bbox 1048 1477 1837 1516; baseline 0.003 -12"><span class='ocrx_word' id='word_1_548' title='bbox 1048 1477 1177 1513; x_wconf 79' lang='grc' dir='ltr'>Χριστοῦ,</span> <span class='ocrx_word' id='word_1_549' title='bbox 1195 1478 1265 1504; x_wconf 77' lang='grc' dir='ltr'>καὶὸ</span> <span class='ocrx_word' id='word_1_550' title='bbox 1275 1477 1371 1513; x_wconf 87' lang='grc' dir='ltr'>λύχνος</span> <span class='ocrx_word' id='word_1_551' title='bbox 1387 1478 1434 1505; x_wconf 86' lang='grc' dir='ltr'><strong>τοῦ</strong></span> <span class='ocrx_word' id='word_1_552' title='bbox 1448 1478 1524 1505; x_wconf 86' lang='grc' dir='ltr'>οῐκου</span> <span class='ocrx_word' id='word_1_553' title='bbox 1538 1478 1586 1505; x_wconf 87' lang='grc' dir='ltr'><strong>τοῦ</strong></span> <span class='ocrx_word' id='word_1_554' title='bbox 1601 1479 1680 1512; x_wconf 84' lang='grc' dir='ltr'>Θεοῦ,</span> <span class='ocrx_word' id='word_1_555' title='bbox 1702 1479 1758 1513; x_wconf 77' lang='grc' dir='ltr'><strong>ἐγώ</strong></span> <span class='ocrx_word' id='word_1_556' title='bbox 1779 1481 1837 1516; x_wconf 86' lang='grc' dir='ltr'>ειμι</span> 
     </span>
    </p>
   </div>
   <div class='ocr_carea' id='block_1_74' title="bbox 1049 1523 1838 1562">
    <p class='ocr_par' dir='ltr' id='par_1_74' title="bbox 1049 1523 1838 1562">
     <span class='ocr_line' id='line_1_74' title="bbox 1049 1523 1838 1562; baseline 0.004 -12"><span class='ocrx_word' id='word_1_557' title='bbox 1049 1525 1097 1550; x_wconf 76' lang='grc' dir='ltr'>καὶ</span> <span class='ocrx_word' id='word_1_558' title='bbox 1113 1523 1174 1558; x_wconf 81' lang='grc' dir='ltr'>μεθ’</span> <span class='ocrx_word' id='word_1_559' title='bbox 1190 1524 1267 1559; x_wconf 79' lang='grc' dir='ltr'><strong>ὑμῶν</strong></span> <span class='ocrx_word' id='word_1_560' title='bbox 1284 1525 1342 1560; x_wconf 82' lang='grc' dir='ltr'>ειμι</span> <span class='ocrx_word' id='word_1_561' title='bbox 1356 1525 1446 1557; x_wconf 80' lang='grc' dir='ltr'>πάσας</span> <span class='ocrx_word' id='word_1_562' title='bbox 1455 1524 1505 1556; x_wconf 76' lang='grc' dir='ltr'><strong>τὰς</strong></span> <span class='ocrx_word' id='word_1_563' title='bbox 1517 1525 1622 1561; x_wconf 80' lang='grc' dir='ltr'>ἡμέρας</span> <span class='ocrx_word' id='word_1_564' title='bbox 1634 1526 1686 1558; x_wconf 80' lang='grc' dir='ltr'>ἓως</span> <span class='ocrx_word' id='word_1_565' title='bbox 1707 1527 1757 1562; x_wconf 80' lang='grc' dir='ltr'><strong>τῆς</strong></span> <span class='ocrx_word' id='word_1_566' title='bbox 1774 1535 1838 1553; x_wconf 81' lang='grc' dir='ltr'>συν-</span> 
     </span>
    </p>
   </div>
   <div class='ocr_carea' id='block_1_75' title="bbox 1048 1569 1838 1604">
    <p class='ocr_par' dir='ltr' id='par_1_75' title="bbox 1048 1569 1838 1604">
     <span class='ocr_line' id='line_1_75' title="bbox 1048 1569 1838 1604; baseline 0.005 -9"><span class='ocrx_word' id='word_1_567' title='bbox 1048 1569 1155 1602; x_wconf 80' lang='grc' dir='ltr'>τελείας</span> <span class='ocrx_word' id='word_1_568' title='bbox 1167 1569 1214 1596; x_wconf 86' lang='grc' dir='ltr'><strong>τοῦ</strong></span> <span class='ocrx_word' id='word_1_569' title='bbox 1228 1570 1339 1601; x_wconf 77' lang='grc' dir='ltr'>αἰῶνος.</span> <span class='ocrx_word' id='word_1_570' title='bbox 1356 1579 1366 1596; x_wconf 72' lang='grc' dir='ltr'><strong>ι</strong></span> <span class='ocrx_word' id='word_1_571' title='bbox 1380 1572 1464 1602; x_wconf 82' lang='grc' dir='ltr'>Ουτος</span> <span class='ocrx_word' id='word_1_572' title='bbox 1481 1569 1537 1604; x_wconf 86' lang='grc' dir='ltr'>οὖν,</span> <span class='ocrx_word' id='word_1_573' title='bbox 1550 1571 1573 1597; x_wconf 86' lang='grc' dir='ltr'><strong>ὣ</strong></span> <span class='ocrx_word' id='word_1_574' title='bbox 1596 1571 1623 1598; x_wconf 86' lang='grc' dir='ltr'><strong>τι</strong></span> <span class='ocrx_word' id='word_1_575' title='bbox 1643 1572 1676 1599; x_wconf 79' lang='grc' dir='ltr'>ἄν</span> <span class='ocrx_word' id='word_1_576' title='bbox 1690 1580 1732 1604; x_wconf 89' lang='grc' dir='ltr'><strong>τις</strong></span> <span class='ocrx_word' id='word_1_577' title='bbox 1755 1572 1838 1599; x_wconf 76' lang='grc' dir='ltr'>αὐτὸν</span> 
     </span>
    </p>
   </div>
   <div class='ocr_carea' id='block_1_76' title="bbox 1048 1614 1840 1651">
    <p class='ocr_par' dir='ltr' id='par_1_76' title="bbox 1048 1614 1840 1651">
     <span class='ocr_line' id='line_1_76' title="bbox 1048 1614 1840 1651; baseline 0.005 -10"><span class='ocrx_word' id='word_1_578' title='bbox 1048 1614 1133 1642; x_wconf 76' lang='grc' dir='ltr'>εἰπὼν</span> <span class='ocrx_word' id='word_1_579' title='bbox 1145 1615 1229 1648; x_wconf 82' lang='grc' dir='ltr'>ἀξίως</span> <span class='ocrx_word' id='word_1_580' title='bbox 1240 1615 1312 1642; x_wconf 66' lang='lat' dir='ltr'><strong>sine:</strong></span> <span class='ocrx_word' id='word_1_581' title='bbox 1323 1623 1331 1649; x_wconf 89' lang='lat'><strong>;</strong></span> <span class='ocrx_word' id='word_1_582' title='bbox 1341 1616 1398 1643; x_wconf 81' lang='grc' dir='ltr'>ἀλλ’</span> <span class='ocrx_word' id='word_1_583' title='bbox 1407 1614 1454 1643; x_wconf 79' lang='grc' dir='ltr'><strong>οὖν</strong></span> <span class='ocrx_word' id='word_1_584' title='bbox 1462 1618 1476 1643; x_wconf 86' lang='grc' dir='ltr'>ὁ</span> <span class='ocrx_word' id='word_1_585' title='bbox 1484 1618 1615 1649; x_wconf 80' lang='grc' dir='ltr'>κάκιστος</span> <span class='ocrx_word' id='word_1_586' title='bbox 1624 1617 1670 1644; x_wconf 84' lang='grc' dir='ltr'><strong>καὶ</strong></span> <span class='ocrx_word' id='word_1_587' title='bbox 1685 1618 1840 1651; x_wconf 84' lang='grc' dir='ltr'>ἀθεώτατος</span> 
     </span>
    </p>
   </div>
   <div class='ocr_carea' id='block_1_77' title="bbox 1047 1660 1839 1698">
    <p class='ocr_par' dir='ltr' id='par_1_77' title="bbox 1047 1660 1839 1698">
     <span class='ocr_line' id='line_1_77' title="bbox 1047 1660 1839 1698; baseline 0.005 -11"><span class='ocrx_word' id='word_1_588' title='bbox 1047 1660 1203 1696; x_wconf 83' lang='grc' dir='ltr'>ἀνθρώπων</span> <span class='ocrx_word' id='word_1_589' title='bbox 1218 1661 1348 1695; x_wconf 72' lang='grc' dir='ltr'>ὑπεράνω</span> <span class='ocrx_word' id='word_1_590' title='bbox 1363 1662 1454 1698; x_wconf 87' lang='grc' dir='ltr'>φέρων</span> <span class='ocrx_word' id='word_1_591' title='bbox 1470 1663 1567 1689; x_wconf 79' lang='grc' dir='ltr'>ἑαυτὸν</span> <span class='ocrx_word' id='word_1_592' title='bbox 1578 1664 1625 1690; x_wconf 79' lang='grc' dir='ltr'>καὶ</span> <span class='ocrx_word' id='word_1_593' title='bbox 1643 1663 1730 1698; x_wconf 79' lang='grc' dir='ltr'>ὑψῶν,</span> <span class='ocrx_word' id='word_1_594' title='bbox 1759 1665 1839 1697; x_wconf 80' lang='grc' dir='ltr'>ἀξίαν</span> 
     </span>
    </p>
   </div>
   <div class='ocr_carea' id='block_1_78' title="bbox 1049 1707 1841 1744">
    <p class='ocr_par' dir='ltr' id='par_1_78' title="bbox 1049 1707 1841 1744">
     <span class='ocr_line' id='line_1_78' title="bbox 1049 1707 1841 1744; baseline 0.004 -10"><span class='ocrx_word' id='word_1_595' title='bbox 1049 1707 1099 1742; x_wconf 82' lang='grc' dir='ltr'>μὲν</span> <span class='ocrx_word' id='word_1_596' title='bbox 1115 1708 1183 1744; x_wconf 83' lang='grc'>(57),</span> <span class='ocrx_word' id='word_1_597' title='bbox 1201 1708 1240 1740; x_wconf 84' lang='grc' dir='ltr'>ὠς</span> <span class='ocrx_word' id='word_1_598' title='bbox 1269 1708 1384 1744; x_wconf 81' lang='grc' dir='ltr'>ὕστερον</span> <span class='ocrx_word' id='word_1_599' title='bbox 1407 1709 1605 1744; x_wconf 84' lang='grc' dir='ltr'>δηλωθήσεται,</span> <span class='ocrx_word' id='word_1_600' title='bbox 1629 1710 1734 1737; x_wconf 79' lang='grc' dir='ltr'>πτῶσιν</span> <span class='ocrx_word' id='word_1_601' title='bbox 1771 1719 1841 1738; x_wconf 80' lang='grc' dir='ltr'>κατ-</span> 
     </span>
    </p>
   </div>
   <div class='ocr_carea' id='block_1_79' title="bbox 1048 1751 1840 1790">
    <p class='ocr_par' dir='ltr' id='par_1_79' title="bbox 1048 1751 1840 1790">
     <span class='ocr_line' id='line_1_79' title="bbox 1048 1751 1840 1790; baseline 0.004 -10"><span class='ocrx_word' id='word_1_602' title='bbox 1048 1753 1148 1790; x_wconf 85' lang='grc' dir='ltr'>ηνέχθη</span> <span class='ocrx_word' id='word_1_603' title='bbox 1159 1761 1166 1770; x_wconf 78' lang='grc'><strong><em>⁸</em></strong></span> <span class='ocrx_word' id='word_1_604' title='bbox 1180 1754 1281 1788; x_wconf 86' lang='grc' dir='ltr'>γράφει</span> <span class='ocrx_word' id='word_1_605' title='bbox 1294 1755 1317 1781; x_wconf 82' lang='grc' dir='ltr'>δ’</span> <span class='ocrx_word' id='word_1_606' title='bbox 1329 1751 1376 1781; x_wconf 83' lang='grc' dir='ltr'><strong>οὖν</strong></span> <span class='ocrx_word' id='word_1_607' title='bbox 1389 1754 1438 1782; x_wconf 84' lang='grc' dir='ltr'>καὶ</span> <span class='ocrx_word' id='word_1_608' title='bbox 1452 1754 1521 1790; x_wconf 80' lang='grc' dir='ltr'>πρὸς</span> <span class='ocrx_word' id='word_1_609' title='bbox 1534 1754 1638 1781; x_wconf 79' lang='grc' dir='ltr'>Λέοντά</span> <span class='ocrx_word' id='word_1_610' title='bbox 1648 1763 1710 1782; x_wconf 78' lang='grc' dir='ltr'>τινα</span> <span class='ocrx_word' id='word_1_611' title='bbox 1727 1756 1840 1783; x_wconf 91' lang='grc' dir='ltr'>Μοντα-</span> 
     </span>
    </p>
   </div>
   <div class='ocr_carea' id='block_1_80' title="bbox 1047 1799 1841 1837">
    <p class='ocr_par' dir='ltr' id='par_1_80' title="bbox 1047 1799 1841 1837">
     <span class='ocr_line' id='line_1_80' title="bbox 1047 1799 1841 1837; baseline 0.004 -11"><span class='ocrx_word' id='word_1_612' title='bbox 1047 1799 1092 1826; x_wconf 83' lang='grc' dir='ltr'>νόν</span> <span class='ocrx_word' id='word_1_613' title='bbox 1101 1800 1157 1835; x_wconf 85' lang='grc'>(58)</span> <span class='ocrx_word' id='word_1_614' title='bbox 1167 1807 1173 1814; x_wconf 90' lang='grc'><strong>·</strong></span> <span class='ocrx_word' id='word_1_615' title='bbox 1193 1809 1202 1826; x_wconf 76' lang='grc' dir='ltr'><strong>ι</strong></span> <span class='ocrx_word' id='word_1_616' title='bbox 1212 1801 1248 1827; x_wconf 82' lang='grc' dir='ltr'><strong>Σὺ</strong></span> <span class='ocrx_word' id='word_1_617' title='bbox 1271 1800 1300 1827; x_wconf 80' lang='grc' dir='ltr'>δὲ</span> <span class='ocrx_word' id='word_1_618' title='bbox 1314 1800 1434 1836; x_wconf 77' lang='grc' dir='ltr'>τήρησον</span> <span class='ocrx_word' id='word_1_619' title='bbox 1450 1800 1565 1827; x_wconf 81' lang='grc' dir='ltr'>σεαυτὸν</span> <span class='ocrx_word' id='word_1_620' title='bbox 1574 1820 1582 1834; x_wconf 83' lang='grc'><strong>,</strong></span> <span class='ocrx_word' id='word_1_621' title='bbox 1601 1800 1675 1833; x_wconf 83' lang='grc' dir='ltr'>ἔνδος</span> <span class='ocrx_word' id='word_1_622' title='bbox 1686 1801 1716 1828; x_wconf 77' lang='grc' dir='ltr'>τὺ</span> <span class='ocrx_word' id='word_1_623' title='bbox 1729 1802 1841 1837; x_wconf 81' lang='grc' dir='ltr'>τέμνειν</span> 
     </span>
    </p>
   </div>
   <div class='ocr_carea' id='block_1_81' title="bbox 1048 1845 1842 1884">
    <p class='ocr_par' dir='ltr' id='par_1_81' title="bbox 1048 1845 1842 1884">
     <span class='ocr_line' id='line_1_81' title="bbox 1048 1845 1842 1884; baseline 0.004 -12"><span class='ocrx_word' id='word_1_624' title='bbox 1048 1845 1097 1881; x_wconf 82' lang='grc' dir='ltr'><strong>τὴν</strong></span> <span class='ocrx_word' id='word_1_625' title='bbox 1114 1845 1212 1881; x_wconf 81' lang='grc' dir='ltr'>ἀκλινῆ</span> <span class='ocrx_word' id='word_1_626' title='bbox 1228 1846 1320 1873; x_wconf 89' lang='grc' dir='ltr'>πίστιν</span> <span class='ocrx_word' id='word_1_627' title='bbox 1331 1854 1339 1862; x_wconf 84' lang='lat'>&#39;</span> <span class='ocrx_word' id='word_1_628' title='bbox 1353 1847 1416 1873; x_wconf 85' lang='grc' dir='ltr'>τίνα</span> <span class='ocrx_word' id='word_1_629' title='bbox 1428 1846 1484 1883; x_wconf 85' lang='grc'>(59)</span> <span class='ocrx_word' id='word_1_630' title='bbox 1505 1847 1561 1883; x_wconf 84' lang='grc' dir='ltr'><strong>γάρ</strong></span> <span class='ocrx_word' id='word_1_631' title='bbox 1576 1847 1745 1883; x_wconf 80' lang='grc' dir='ltr'>κατηγορίαν</span> <span class='ocrx_word' id='word_1_632' title='bbox 1767 1848 1842 1884; x_wconf 76' lang='grc' dir='ltr'>ἔχεις</span> 
     </span>
    </p>
   </div>
   <div class='ocr_carea' id='block_1_82' title="bbox 1048 1890 1840 1929">
    <p class='ocr_par' dir='ltr' id='par_1_82' title="bbox 1048 1890 1840 1929">
     <span class='ocr_line' id='line_1_82' title="bbox 1048 1890 1840 1929; baseline 0.004 -12"><span class='ocrx_word' id='word_1_633' title='bbox 1048 1890 1110 1918; x_wconf 80' lang='grc' dir='ltr'>καθ’</span> <span class='ocrx_word' id='word_1_634' title='bbox 1131 1890 1232 1926; x_wconf 75' lang='grc' dir='ltr'><strong>ήμῶνς</strong></span> <span class='ocrx_word' id='word_1_635' title='bbox 1257 1892 1293 1927; x_wconf 86' lang='grc' dir='ltr'>μή</span> <span class='ocrx_word' id='word_1_636' title='bbox 1319 1900 1380 1918; x_wconf 87' lang='grc' dir='ltr'>τινα</span> <span class='ocrx_word' id='word_1_637' title='bbox 1393 1892 1607 1928; x_wconf 75' lang='grc' dir='ltr'>ἐπλεονέκτησα,</span> <span class='ocrx_word' id='word_1_638' title='bbox 1637 1893 1653 1928; x_wconf 90' lang='grc' dir='ltr'><strong>ῆ</strong></span> <span class='ocrx_word' id='word_1_639' title='bbox 1683 1893 1840 1929; x_wconf 75' lang='grc' dir='ltr'>ὑψηλοφρο-</span> 
     </span>
    </p>
   </div>
   <div class='ocr_carea' id='block_1_83' title="bbox 1048 1936 1841 1975">
    <p class='ocr_par' dir='ltr' id='par_1_83' title="bbox 1048 1936 1841 1975">
     <span class='ocr_line' id='line_1_83' title="bbox 1048 1936 1841 1975; baseline 0.005 -12"><span class='ocrx_word' id='word_1_640' title='bbox 1048 1944 1134 1972; x_wconf 87' lang='grc' dir='ltr'>νησα;</span> <span class='ocrx_word' id='word_1_641' title='bbox 1157 1937 1187 1963; x_wconf 86' lang='grc' dir='ltr'>οὺ</span> <span class='ocrx_word' id='word_1_642' title='bbox 1212 1936 1326 1964; x_wconf 84' lang='grc' dir='ltr'>δύνασαι</span> <span class='ocrx_word' id='word_1_643' title='bbox 1353 1938 1410 1973; x_wconf 69' lang='grc'>(40)</span> <span class='ocrx_word' id='word_1_644' title='bbox 1435 1939 1534 1965; x_wconf 80' lang='grc' dir='ltr'>εἰπεῖν.</span> <span class='ocrx_word' id='word_1_645' title='bbox 1548 1938 1580 1965; x_wconf 83' lang='grc' dir='ltr'><strong>Εἰ</strong></span> <span class='ocrx_word' id='word_1_646' title='bbox 1602 1938 1631 1965; x_wconf 77' lang='grc' dir='ltr'>δὲ</span> <span class='ocrx_word' id='word_1_647' title='bbox 1649 1939 1696 1966; x_wconf 83' lang='grc' dir='ltr'>καὶ</span> <span class='ocrx_word' id='word_1_648' title='bbox 1714 1939 1807 1975; x_wconf 76' lang='grc' dir='ltr'>εἴπῃς,</span> <span class='ocrx_word' id='word_1_649' title='bbox 1823 1941 1841 1975; x_wconf 78' lang='grc' dir='ltr'>ἡ</span> 
     </span>
    </p>
   </div>
   <div class='ocr_carea' id='block_1_84' title="bbox 1051 1983 1843 2021">
    <p class='ocr_par' dir='ltr' id='par_1_84' title="bbox 1051 1983 1843 2021">
     <span class='ocr_line' id='line_1_84' title="bbox 1051 1983 1843 2021; baseline 0.003 -11"><span class='ocrx_word' id='word_1_650' title='bbox 1051 1983 1190 2018; x_wconf 87' lang='grc' dir='ltr'>μαρτυρία</span> <span class='ocrx_word' id='word_1_651' title='bbox 1201 1992 1247 2010; x_wconf 81' lang='grc' dir='ltr'><strong>σου</strong></span> <span class='ocrx_word' id='word_1_652' title='bbox 1261 1984 1314 2010; x_wconf 83' lang='grc' dir='ltr'>οὐκ</span> <span class='ocrx_word' id='word_1_653' title='bbox 1332 1984 1406 2011; x_wconf 76' lang='grc' dir='ltr'>ἐστιν</span> <span class='ocrx_word' id='word_1_654' title='bbox 1417 1985 1520 2021; x_wconf 80' lang='grc' dir='ltr'>ἀληθής</span> <span class='ocrx_word' id='word_1_655' title='bbox 1530 1993 1537 2000; x_wconf 88' lang='grc'>·</span> <span class='ocrx_word' id='word_1_656' title='bbox 1561 1985 1622 2020; x_wconf 72' lang='grc' dir='ltr'>ἐμοὶ</span> <span class='ocrx_word' id='word_1_657' title='bbox 1636 1985 1664 2012; x_wconf 73' lang='grc' dir='ltr'>δὲ</span> <span class='ocrx_word' id='word_1_658' title='bbox 1679 1985 1716 2021; x_wconf 84' lang='grc' dir='ltr'>μὴ</span> <span class='ocrx_word' id='word_1_659' title='bbox 1732 1987 1843 2021; x_wconf 81' lang='grc' dir='ltr'>γένοιτο</span> 
     </span>
    </p>
   </div>
   <div class='ocr_carea' id='block_1_85' title="bbox 1052 2028 1841 2066">
    <p class='ocr_par' dir='ltr' id='par_1_85' title="bbox 1052 2028 1841 2066">
     <span class='ocr_line' id='line_1_85' title="bbox 1052 2028 1841 2066; baseline 0.005 -12"><span class='ocrx_word' id='word_1_660' title='bbox 1052 2028 1168 2064; x_wconf 84' lang='grc' dir='ltr'>μισῆσαι</span> <span class='ocrx_word' id='word_1_661' title='bbox 1182 2036 1229 2055; x_wconf 83' lang='grc' dir='ltr'>σε’</span> <span class='ocrx_word' id='word_1_662' title='bbox 1246 2028 1315 2056; x_wconf 84' lang='grc' dir='ltr'><strong>ἀλλά</strong></span> <span class='ocrx_word' id='word_1_663' title='bbox 1332 2029 1524 2064; x_wconf 73' lang='grc' dir='ltr'>παρακαλέσαι</span> <span class='ocrx_word' id='word_1_664' title='bbox 1535 2029 1592 2066; x_wconf 75' lang='grc'>(41)</span> <span class='ocrx_word' id='word_1_665' title='bbox 1612 2030 1650 2062; x_wconf 85' lang='grc' dir='ltr'>ὡς</span> <span class='ocrx_word' id='word_1_666' title='bbox 1675 2031 1757 2065; x_wconf 72' lang='grc' dir='ltr'>ἐδέξω</span> <span class='ocrx_word' id='word_1_667' title='bbox 1769 2031 1841 2058; x_wconf 83' lang='grc' dir='ltr'>ἀπο-</span> 
     </span>
    </p>
   </div>
   <div class='ocr_carea' id='block_1_86' title="bbox 773 2131 1298 2160">
    <p class='ocr_par' dir='ltr' id='par_1_86' title="bbox 773 2131 1298 2160">
     <span class='ocr_line' id='line_1_86' title="bbox 773 2131 1298 2160; baseline 0.002 -1"><span class='ocrx_word' id='word_1_668' title='bbox 773 2131 889 2159; x_wconf 75' lang='lat' dir='ltr'><strong>VARUE</strong></span> <span class='ocrx_word' id='word_1_669' title='bbox 908 2131 1100 2160; x_wconf 84' lang='lat' dir='ltr'><strong>LECTIONES</strong></span> <span class='ocrx_word' id='word_1_670' title='bbox 1117 2132 1160 2160; x_wconf 85' lang='lat' dir='ltr'><strong>ET</strong></span> <span class='ocrx_word' id='word_1_671' title='bbox 1179 2131 1298 2160; x_wconf 65' lang='lat' dir='ltr'><strong>NOTAE.</strong></span> 
     </span>
    </p>
   </div>
   <div class='ocr_carea' id='block_1_87' title="bbox 245 2175 996 2229">
    <p class='ocr_par' dir='ltr' id='par_1_87' title="bbox 245 2188 996 2229">
     <span class='ocr_line' id='line_1_87' title="bbox 245 2188 996 2229; baseline -0.004 -11"><span class='ocrx_word' id='word_1_672' title='bbox 245 2190 302 2226; x_wconf 71' lang='lat'><strong>(52)</strong></span> <span class='ocrx_word' id='word_1_673' title='bbox 323 2189 359 2229; x_wconf 77' lang='grc' dir='ltr'><em>’ῌ</em></span> <span class='ocrx_word' id='word_1_674' title='bbox 369 2189 447 2229; x_wconf 44' lang='grc' dir='ltr'>νῦν..</span> <span class='ocrx_word' id='word_1_675' title='bbox 459 2189 558 2229; x_wconf 73' lang='lat' dir='ltr'><strong>Noster</strong></span> <span class='ocrx_word' id='word_1_676' title='bbox 570 2193 643 2216; x_wconf 90' lang='lat' dir='ltr'><strong>recte</strong></span> <span class='ocrx_word' id='word_1_677' title='bbox 658 2188 741 2216; x_wconf 85' lang='lat' dir='ltr'><strong>habet</strong></span> <span class='ocrx_word' id='word_1_678' title='bbox 761 2196 811 2223; x_wconf 87' lang='lat' dir='ltr'><strong>pro</strong></span> <span class='ocrx_word' id='word_1_679' title='bbox 838 2189 927 2224; x_wconf 77' lang='grc' dir='ltr'>ἡμῶν.</span> <span class='ocrx_word' id='word_1_680' title='bbox 941 2189 996 2229; x_wconf 38' lang='grc' dir='ltr'><strong>,Ιιι-</strong></span> 
     </span>
    </p>
   </div>
   <div class='ocr_carea' id='block_1_88' title="bbox 1052 2175 1840 2229">
    <p class='ocr_par' dir='ltr' id='par_1_88' title="bbox 1085 2175 1840 2229">
     <span class='ocr_line' id='line_1_88' title="bbox 1085 2175 1840 2229; baseline 0.007 -13"><span class='ocrx_word' id='word_1_681' title='bbox 1085 2188 1140 2229; x_wconf 76' lang='grc'>(56)</span> <span class='ocrx_word' id='word_1_682' title='bbox 1161 2175 1322 2229; x_wconf 45' lang='grc' dir='ltr'>Τοῦέἀπίρυ</span> <span class='ocrx_word' id='word_1_683' title='bbox 1354 2191 1538 2229; x_wconf 65' lang='grc' dir='ltr'>Πνεύματος.</span> <span class='ocrx_word' id='word_1_684' title='bbox 1566 2192 1634 2229; x_wconf 76' lang='lat' dir='ltr'><strong>Eum</strong></span> <span class='ocrx_word' id='word_1_685' title='bbox 1654 2193 1758 2221; x_wconf 85' lang='lat' dir='ltr'><strong>scilicet</strong></span> <span class='ocrx_word' id='word_1_686' title='bbox 1785 2202 1840 2229; x_wconf 64' lang='grc' dir='ltr'><strong>διι-</strong></span> 
     </span>
    </p>
   </div>
   <div class='ocr_carea' id='block_1_89' title="bbox 204 2224 995 2258">
    <p class='ocr_par' dir='ltr' id='par_1_89' title="bbox 204 2224 995 2258">
     <span class='ocr_line' id='line_1_89' title="bbox 204 2224 995 2258; baseline -0.004 -4"><span class='ocrx_word' id='word_1_687' title='bbox 204 2224 291 2254; x_wconf 76' lang='lat' dir='ltr'><strong>liuere</strong></span> <span class='ocrx_word' id='word_1_688' title='bbox 306 2226 377 2252; x_wconf 89' lang='lat' dir='ltr'><strong>enim</strong></span> <span class='ocrx_word' id='word_1_689' title='bbox 406 2225 463 2252; x_wconf 84' lang='lat' dir='ltr'><strong>vult</strong></span> <span class='ocrx_word' id='word_1_690' title='bbox 488 2224 594 2256; x_wconf 88' lang='lat' dir='ltr'><strong>Noster,</strong></span> <span class='ocrx_word' id='word_1_691' title='bbox 620 2232 690 2255; x_wconf 85' lang='lat' dir='ltr'><strong>eam,</strong></span> <span class='ocrx_word' id='word_1_692' title='bbox 708 2232 768 2258; x_wconf 83' lang='lat' dir='ltr'><strong>qua:</strong></span> <span class='ocrx_word' id='word_1_693' title='bbox 796 2232 858 2251; x_wconf 86' lang='lat' dir='ltr'><strong>cum</strong></span> <span class='ocrx_word' id='word_1_694' title='bbox 878 2225 995 2252; x_wconf 56' lang='lat' dir='ltr'><strong>maxime</strong></span> 
     </span>
    </p>
   </div>
   <div class='ocr_carea' id='block_1_90' title="bbox 202 2259 995 2295">
    <p class='ocr_par' dir='ltr' id='par_1_90' title="bbox 202 2259 995 2295">
     <span class='ocr_line' id='line_1_90' title="bbox 202 2259 995 2295; baseline -0.001 -7"><span class='ocrx_word' id='word_1_695' title='bbox 202 2263 338 2294; x_wconf 78' lang='lat' dir='ltr'><strong>obtineat,</strong></span> <span class='ocrx_word' id='word_1_696' title='bbox 351 2260 462 2295; x_wconf 87' lang='lat' dir='ltr'><strong>impiam</strong></span> <span class='ocrx_word' id='word_1_697' title='bbox 478 2260 631 2287; x_wconf 89' lang='lat' dir='ltr'><strong>doctrinam</strong></span> <span class='ocrx_word' id='word_1_698' title='bbox 645 2259 716 2286; x_wconf 87' lang='lat' dir='ltr'><strong>illius</strong></span> <span class='ocrx_word' id='word_1_699' title='bbox 731 2259 851 2286; x_wconf 84' lang='lat' dir='ltr'><strong>hominis</strong></span> <span class='ocrx_word' id='word_1_700' title='bbox 867 2267 928 2287; x_wconf 87' lang='lat' dir='ltr'><strong>esse</strong></span> <span class='ocrx_word' id='word_1_701' title='bbox 954 2259 995 2287; x_wconf 78' lang='lat' dir='ltr'><strong>fe-</strong></span> 
     </span>
    </p>
   </div>
   <div class='ocr_carea' id='block_1_91' title="bbox 202 2302 275 2324">
    <p class='ocr_par' dir='ltr' id='par_1_91' title="bbox 202 2302 275 2324">
     <span class='ocr_line' id='line_1_91' title="bbox 202 2302 275 2324; baseline -0.014 0"><span class='ocrx_word' id='word_1_702' title='bbox 202 2302 275 2324; x_wconf 61' lang='lat' dir='ltr'><strong>dum.</strong></span> 
     </span>
    </p>
   </div>
   <div class='ocr_carea' id='block_1_92' title="bbox 242 2328 995 2366">
    <p class='ocr_par' dir='ltr' id='par_1_92' title="bbox 242 2328 995 2366">
     <span class='ocr_line' id='line_1_92' title="bbox 242 2328 995 2366; baseline -0.003 -8"><span class='ocrx_word' id='word_1_703' title='bbox 242 2332 297 2366; x_wconf 82' lang='lat'><strong>(55)</strong></span> <span class='ocrx_word' id='word_1_704' title='bbox 311 2329 533 2365; x_wconf 77' lang='grc' dir='ltr'>Παρευδοκιμεῖ.</span> <span class='ocrx_word' id='word_1_705' title='bbox 547 2329 604 2357; x_wconf 82' lang='lat' dir='ltr'><strong>[Ioc</strong></span> <span class='ocrx_word' id='word_1_706' title='bbox 621 2329 692 2356; x_wconf 89' lang='lat' dir='ltr'><strong>malo</strong></span> <span class='ocrx_word' id='word_1_707' title='bbox 704 2337 765 2366; x_wconf 89' lang='lat' dir='ltr'><strong>cum</strong></span> <span class='ocrx_word' id='word_1_708' title='bbox 778 2328 878 2366; x_wconf 70' lang='lat' dir='ltr'><strong>Nostro</strong></span> <span class='ocrx_word' id='word_1_709' title='bbox 889 2333 916 2366; x_wconf 75' lang='lat' dir='ltr'><strong>et</strong></span> <span class='ocrx_word' id='word_1_710' title='bbox 932 2329 995 2366; x_wconf 75' lang='lat' dir='ltr'><strong>Col-</strong></span> 
     </span>
    </p>
   </div>
   <div class='ocr_carea' id='block_1_93' title="bbox 205 2364 995 2400">
    <p class='ocr_par' dir='ltr' id='par_1_93' title="bbox 205 2364 995 2400">
     <span class='ocr_line' id='line_1_93' title="bbox 205 2364 995 2400; baseline -0.005 -6"><span class='ocrx_word' id='word_1_711' title='bbox 205 2364 316 2395; x_wconf 77' lang='lat' dir='ltr'><strong>bertino</strong></span> <span class='ocrx_word' id='word_1_712' title='bbox 328 2374 378 2400; x_wconf 90' lang='lat' dir='ltr'><strong>pro</strong></span> <span class='ocrx_word' id='word_1_713' title='bbox 402 2365 654 2400; x_wconf 80' lang='grc' dir='ltr'>παρευδοκιμεῖται,</span> <span class='ocrx_word' id='word_1_714' title='bbox 669 2365 749 2400; x_wconf 20' lang='grc' dir='ltr'>Ῠηιιοιι</span> <span class='ocrx_word' id='word_1_715' title='bbox 762 2364 877 2400; x_wconf 76' lang='lat' dir='ltr'><strong>exhibet</strong></span> <span class='ocrx_word' id='word_1_716' title='bbox 899 2364 995 2391; x_wconf 72' lang='lat' dir='ltr'><strong>Coisli-</strong></span> 
     </span>
    </p>
   </div>
   <div class='ocr_carea' id='block_1_94' title="bbox 205 2399 993 2434">
    <p class='ocr_par' dir='ltr' id='par_1_94' title="bbox 205 2399 993 2434">
     <span class='ocr_line' id='line_1_94' title="bbox 205 2399 993 2434; baseline -0.004 -6"><span class='ocrx_word' id='word_1_717' title='bbox 205 2399 380 2428; x_wconf 41' lang='lat' dir='ltr'><strong>nianuSISic</strong></span> <span class='ocrx_word' id='word_1_718' title='bbox 397 2401 594 2434; x_wconf 85' lang='lat' dir='ltr'><strong>Aristophanes</strong></span> <span class='ocrx_word' id='word_1_719' title='bbox 618 2399 647 2426; x_wconf 89' lang='lat' dir='ltr'><strong>in</strong></span> <span class='ocrx_word' id='word_1_720' title='bbox 668 2399 833 2434; x_wconf 84' lang='lat' dir='ltr'><strong>Equitibus:</strong></span> <span class='ocrx_word' id='word_1_721' title='bbox 855 2399 993 2433; x_wconf 79' lang='grc' dir='ltr'>Παρευδο-</span> 
     </span>
    </p>
   </div>
   <div class='ocr_carea' id='block_1_95' title="bbox 206 2434 996 2472">
    <p class='ocr_par' dir='ltr' id='par_1_95' title="bbox 206 2434 996 2472">
     <span class='ocr_line' id='line_1_95' title="bbox 206 2434 996 2472; baseline -0.001 -10"><span class='ocrx_word' id='word_1_722' title='bbox 206 2438 285 2472; x_wconf 79' lang='grc' dir='ltr'>κιμεζ</span> <span class='ocrx_word' id='word_1_723' title='bbox 295 2437 346 2470; x_wconf 84' lang='grc' dir='ltr'>τὴν</span> <span class='ocrx_word' id='word_1_724' title='bbox 359 2435 503 2470; x_wconf 69' lang='grc' dir='ltr'>ἀκρίϐειαν</span> <span class='ocrx_word' id='word_1_725' title='bbox 512 2435 566 2461; x_wconf 82' lang='grc' dir='ltr'><strong>τῶν</strong></span> <span class='ocrx_word' id='word_1_726' title='bbox 575 2435 665 2470; x_wconf 70' lang='grc' dir='ltr'>ἔργων</span> <span class='ocrx_word' id='word_1_727' title='bbox 676 2435 692 2469; x_wconf 83' lang='grc' dir='ltr'><strong>ἠ</strong></span> <span class='ocrx_word' id='word_1_728' title='bbox 705 2434 755 2469; x_wconf 83' lang='grc' dir='ltr'>τῆς</span> <span class='ocrx_word' id='word_1_729' title='bbox 767 2434 922 2466; x_wconf 75' lang='grc' dir='ltr'>ὑποθέσεως</span> <span class='ocrx_word' id='word_1_730' title='bbox 936 2443 996 2461; x_wconf 77' lang='grc' dir='ltr'>και-</span> 
     </span>
    </p>
   </div>
   <div class='ocr_carea' id='block_1_96' title="bbox 204 2472 326 2498">
    <p class='ocr_par' dir='ltr' id='par_1_96' title="bbox 204 2472 326 2498">
     <span class='ocr_line' id='line_1_96' title="bbox 204 2472 326 2498; baseline -0.008 0"><span class='ocrx_word' id='word_1_731' title='bbox 204 2472 326 2498; x_wconf 73' lang='grc' dir='ltr'>νοτοιιία.</span> 
     </span>
    </p>
   </div>
   <div class='ocr_carea' id='block_1_97' title="bbox 243 2480 993 2540">
    <p class='ocr_par' dir='ltr' id='par_1_97' title="bbox 243 2480 993 2540">
     <span class='ocr_line' id='line_1_97' title="bbox 243 2480 993 2540; baseline 0 -8"><span class='ocrx_word' id='word_1_732' title='bbox 243 2480 537 2540; x_wconf 42' lang='grc' dir='ltr'>ἱὲϊῗίιλντιτέχνους.</span> <span class='ocrx_word' id='word_1_733' title='bbox 564 2503 682 2532; x_wconf 77' lang='grc' dir='ltr'><strong>ΑΞιηιιΙὶε</strong></span> <span class='ocrx_word' id='word_1_734' title='bbox 702 2504 770 2531; x_wconf 84' lang='lat' dir='ltr'><strong>verti</strong></span> <span class='ocrx_word' id='word_1_735' title='bbox 785 2512 834 2539; x_wconf 90' lang='lat' dir='ltr'><strong>pro</strong></span> <span class='ocrx_word' id='word_1_736' title='bbox 859 2505 993 2537; x_wconf 71' lang='lat' dir='ltr'><strong>oppositis.</strong></span> 
     </span>
    </p>
   </div>
   <div class='ocr_carea' id='block_1_98' title="bbox 212 2540 994 2575">
    <p class='ocr_par' dir='ltr' id='par_1_98' title="bbox 212 2540 994 2575">
     <span class='ocr_line' id='line_1_98' title="bbox 212 2540 994 2575; baseline 0 -8"><span class='ocrx_word' id='word_1_737' title='bbox 212 2542 380 2575; x_wconf 81' lang='grc' dir='ltr'>Ἀντίτεχνος</span> <span class='ocrx_word' id='word_1_738' title='bbox 400 2543 474 2567; x_wconf 84' lang='lat' dir='ltr'><strong>enim</strong></span> <span class='ocrx_word' id='word_1_739' title='bbox 490 2541 516 2567; x_wconf 85' lang='lat' dir='ltr'><strong>vi</strong></span> <span class='ocrx_word' id='word_1_740' title='bbox 542 2540 618 2567; x_wconf 78' lang='lat' dir='ltr'><strong>vocis</strong></span> <span class='ocrx_word' id='word_1_741' title='bbox 630 2544 659 2567; x_wconf 87' lang='lat' dir='ltr'><strong>et</strong></span> <span class='ocrx_word' id='word_1_742' title='bbox 672 2547 724 2567; x_wconf 89' lang='lat' dir='ltr'><strong>usu</strong></span> <span class='ocrx_word' id='word_1_743' title='bbox 749 2548 812 2566; x_wconf 89' lang='lat' dir='ltr'><strong>eum</strong></span> <span class='ocrx_word' id='word_1_744' title='bbox 835 2544 922 2570; x_wconf 79' lang='lat' dir='ltr'><strong>notat,</strong></span> <span class='ocrx_word' id='word_1_745' title='bbox 948 2540 994 2574; x_wconf 88' lang='lat' dir='ltr'><strong>qui</strong></span> 
     </span>
    </p>
   </div>
   <div class='ocr_carea' id='block_1_99' title="bbox 204 2575 990 2607">
    <p class='ocr_par' dir='ltr' id='par_1_99' title="bbox 204 2575 990 2607">
     <span class='ocr_line' id='line_1_99' title="bbox 204 2575 990 2607; baseline -0.001 -4"><span class='ocrx_word' id='word_1_746' title='bbox 204 2577 330 2603; x_wconf 78' lang='lat' dir='ltr'><strong>eamdem</strong></span> <span class='ocrx_word' id='word_1_747' title='bbox 345 2585 405 2603; x_wconf 90' lang='lat' dir='ltr'><strong>cum</strong></span> <span class='ocrx_word' id='word_1_748' title='bbox 423 2577 509 2603; x_wconf 87' lang='lat' dir='ltr'><strong>altero</strong></span> <span class='ocrx_word' id='word_1_749' title='bbox 522 2580 607 2602; x_wconf 87' lang='lat' dir='ltr'><strong>artem</strong></span> <span class='ocrx_word' id='word_1_750' title='bbox 621 2575 694 2607; x_wconf 81' lang='lat' dir='ltr'><strong>facit,</strong></span> <span class='ocrx_word' id='word_1_751' title='bbox 711 2575 758 2601; x_wconf 85' lang='lat' dir='ltr'><strong>sed</strong></span> <span class='ocrx_word' id='word_1_752' title='bbox 773 2576 820 2607; x_wconf 81' lang='lat' dir='ltr'><strong>ita,</strong></span> <span class='ocrx_word' id='word_1_753' title='bbox 833 2579 863 2601; x_wconf 87' lang='lat' dir='ltr'><strong>ut</strong></span> <span class='ocrx_word' id='word_1_754' title='bbox 876 2575 990 2602; x_wconf 76' lang='lat' dir='ltr'><strong>alterunt</strong></span> 
     </span>
    </p>
   </div>
   <div class='ocr_carea' id='block_1_100' title="bbox 206 2610 994 2645">
    <p class='ocr_par' dir='ltr' id='par_1_100' title="bbox 206 2610 994 2645">
     <span class='ocr_line' id='line_1_100' title="bbox 206 2610 994 2645; baseline -0.001 -7"><span class='ocrx_word' id='word_1_755' title='bbox 206 2612 234 2639; x_wconf 89' lang='lat' dir='ltr'><strong>in</strong></span> <span class='ocrx_word' id='word_1_756' title='bbox 247 2612 337 2638; x_wconf 88' lang='lat' dir='ltr'><strong>studio</strong></span> <span class='ocrx_word' id='word_1_757' title='bbox 357 2613 464 2638; x_wconf 85' lang='lat' dir='ltr'><strong>vincere</strong></span> <span class='ocrx_word' id='word_1_758' title='bbox 476 2615 602 2637; x_wconf 88' lang='lat' dir='ltr'><strong>conetur.</strong></span> <span class='ocrx_word' id='word_1_759' title='bbox 616 2610 670 2637; x_wconf 77' lang='lat' dir='ltr'><strong>Res</strong></span> <span class='ocrx_word' id='word_1_760' title='bbox 687 2610 813 2637; x_wconf 86' lang='lat' dir='ltr'><strong>tralatitia</strong></span> <span class='ocrx_word' id='word_1_761' title='bbox 830 2615 871 2637; x_wconf 89' lang='lat' dir='ltr'><strong>est</strong></span> <span class='ocrx_word' id='word_1_762' title='bbox 894 2615 921 2636; x_wconf 88' lang='lat' dir='ltr'><strong>et</strong></span> <span class='ocrx_word' id='word_1_763' title='bbox 932 2618 994 2645; x_wconf 82' lang='lat' dir='ltr'><strong>per-</strong></span> 
     </span>
    </p>
   </div>
   <div class='ocr_carea' id='block_1_101' title="bbox 205 2645 996 2682">
    <p class='ocr_par' dir='ltr' id='par_1_101' title="bbox 205 2645 996 2682">
     <span class='ocr_line' id='line_1_101' title="bbox 205 2645 996 2682; baseline -0.005 -8"><span class='ocrx_word' id='word_1_764' title='bbox 205 2647 323 2682; x_wconf 78' lang='lat' dir='ltr'><strong>vulgata.</strong></span> <span class='ocrx_word' id='word_1_765' title='bbox 339 2646 488 2674; x_wconf 80' lang='lat' dir='ltr'><strong>Conﬁrmat</strong></span> <span class='ocrx_word' id='word_1_766' title='bbox 511 2646 653 2682; x_wconf 85' lang='lat' dir='ltr'><strong>notionem</strong></span> <span class='ocrx_word' id='word_1_767' title='bbox 683 2645 753 2682; x_wconf 84' lang='lat' dir='ltr'><strong>hanc</strong></span> <span class='ocrx_word' id='word_1_768' title='bbox 777 2652 996 2682; x_wconf 65' lang='lat' dir='ltr'><strong>sequens__mp-</strong></span> 
     </span>
    </p>
   </div>
   <div class='ocr_carea' id='block_1_102' title="bbox 203 2679 996 2714">
    <p class='ocr_par' dir='ltr' id='par_1_102' title="bbox 203 2679 996 2714">
     <span class='ocr_line' id='line_1_102' title="bbox 203 2679 996 2714; baseline -0.001 -6"><span class='ocrx_word' id='word_1_769' title='bbox 203 2679 380 2714; x_wconf 69' lang='grc' dir='ltr'>αστῖίζουσαι,</span> <span class='ocrx_word' id='word_1_770' title='bbox 395 2682 421 2709; x_wconf 91' lang='lat' dir='ltr'><strong>id</strong></span> <span class='ocrx_word' id='word_1_771' title='bbox 437 2686 486 2713; x_wconf 81' lang='lat' dir='ltr'><strong>est,</strong></span> <span class='ocrx_word' id='word_1_772' title='bbox 503 2680 749 2707; x_wconf 69' lang='lat' dir='ltr'><strong>succenturiausz</strong></span> <span class='ocrx_word' id='word_1_773' title='bbox 763 2680 864 2706; x_wconf 82' lang='lat' dir='ltr'><strong>scilicet</strong></span> <span class='ocrx_word' id='word_1_774' title='bbox 872 2679 923 2706; x_wconf 85' lang='lat' dir='ltr'><strong>sibi</strong></span> <span class='ocrx_word' id='word_1_775' title='bbox 939 2681 996 2707; x_wconf 89' lang='lat' dir='ltr'><strong>vult</strong></span> 
     </span>
    </p>
   </div>
   <div class='ocr_carea' id='block_1_103' title="bbox 206 2715 994 2750">
    <p class='ocr_par' dir='ltr' id='par_1_103' title="bbox 206 2715 994 2750">
     <span class='ocr_line' id='line_1_103' title="bbox 206 2715 994 2750; baseline -0.004 -5"><span class='ocrx_word' id='word_1_776' title='bbox 206 2718 327 2750; x_wconf 81' lang='lat' dir='ltr'><strong>l&#39;hotius,</strong></span> <span class='ocrx_word' id='word_1_777' title='bbox 346 2718 412 2745; x_wconf 89' lang='lat' dir='ltr'><strong>alios</strong></span> <span class='ocrx_word' id='word_1_778' title='bbox 428 2725 462 2744; x_wconf 90' lang='lat' dir='ltr'><strong>eo</strong></span> <span class='ocrx_word' id='word_1_779' title='bbox 488 2721 610 2750; x_wconf 86' lang='lat' dir='ltr'><strong>tempore</strong></span> <span class='ocrx_word' id='word_1_780' title='bbox 637 2715 772 2742; x_wconf 80' lang='lat' dir='ltr'><strong>similibus</strong></span> <span class='ocrx_word' id='word_1_781' title='bbox 789 2715 933 2742; x_wconf 83' lang='lat' dir='ltr'><strong>sententiis</strong></span> <span class='ocrx_word' id='word_1_782' title='bbox 946 2716 994 2742; x_wconf 81' lang='lat' dir='ltr'><strong>ad-</strong></span> 
     </span>
    </p>
   </div>
   <div class='ocr_carea' id='block_1_104' title="bbox 204 2750 995 2788">
    <p class='ocr_par' dir='ltr' id='par_1_104' title="bbox 204 2750 995 2788">
     <span class='ocr_line' id='line_1_104' title="bbox 204 2750 995 2788; baseline -0.003 -8"><span class='ocrx_word' id='word_1_783' title='bbox 204 2753 304 2785; x_wconf 85' lang='lat' dir='ltr'><strong>dictos,</strong></span> <span class='ocrx_word' id='word_1_784' title='bbox 319 2756 347 2780; x_wconf 91' lang='lat' dir='ltr'><strong>et</strong></span> <span class='ocrx_word' id='word_1_785' title='bbox 367 2753 551 2788; x_wconf 86' lang='lat' dir='ltr'><strong>principatum</strong></span> <span class='ocrx_word' id='word_1_786' title='bbox 569 2751 727 2778; x_wconf 74' lang='lat' dir='ltr'><strong>aiiectantes</strong></span> <span class='ocrx_word' id='word_1_787' title='bbox 750 2751 777 2778; x_wconf 92' lang='lat' dir='ltr'><strong>in</strong></span> <span class='ocrx_word' id='word_1_788' title='bbox 793 2750 920 2778; x_wconf 87' lang='lat' dir='ltr'><strong>secundis</strong></span> <span class='ocrx_word' id='word_1_789' title='bbox 929 2751 995 2778; x_wconf 90' lang='lat' dir='ltr'><strong>sub-</strong></span> 
     </span>
    </p>
   </div>
   <div class='ocr_carea' id='block_1_105' title="bbox 205 2789 319 2815">
    <p class='ocr_par' dir='ltr' id='par_1_105' title="bbox 205 2789 319 2815">
     <span class='ocr_line' id='line_1_105' title="bbox 205 2789 319 2815; baseline 0 0"><span class='ocrx_word' id='word_1_790' title='bbox 205 2789 319 2815; x_wconf 84' lang='lat' dir='ltr'><strong>stitisse.</strong></span> 
     </span>
    </p>
   </div>
   <div class='ocr_carea' id='block_1_106' title="bbox 241 2820 995 2858">
    <p class='ocr_par' dir='ltr' id='par_1_106' title="bbox 241 2820 995 2858">
     <span class='ocr_line' id='line_1_106' title="bbox 241 2820 995 2858; baseline -0.001 -9"><span class='ocrx_word' id='word_1_791' title='bbox 241 2823 458 2858; x_wconf 60' lang='lat' dir='ltr'><strong>(55)}Pépw0‘tr.</strong></span> <span class='ocrx_word' id='word_1_792' title='bbox 481 2823 520 2850; x_wconf 88' lang='lat' dir='ltr'><strong>lta</strong></span> <span class='ocrx_word' id='word_1_793' title='bbox 534 2822 631 2858; x_wconf 82' lang='lat' dir='ltr'><strong>scripsi</strong></span> <span class='ocrx_word' id='word_1_794' title='bbox 655 2829 706 2857; x_wconf 90' lang='lat' dir='ltr'><strong>pro</strong></span> <span class='ocrx_word' id='word_1_795' title='bbox 733 2821 872 2857; x_wconf 81' lang='grc' dir='ltr'>φέρουσιν,</span> <span class='ocrx_word' id='word_1_796' title='bbox 890 2820 995 2856; x_wconf 63' lang='grc' dir='ltr'>σςιὶριιη</span> 
     </span>
    </p>
   </div>
   <div class='ocr_carea' id='block_1_107' title="bbox 206 2857 401 2885">
    <p class='ocr_par' dir='ltr' id='par_1_107' title="bbox 206 2857 401 2885">
     <span class='ocr_line' id='line_1_107' title="bbox 206 2857 401 2885; baseline 0.01 -2"><span class='ocrx_word' id='word_1_797' title='bbox 206 2857 279 2885; x_wconf 85' lang='lat' dir='ltr'><strong>lante</strong></span> <span class='ocrx_word' id='word_1_798' title='bbox 293 2857 401 2885; x_wconf 82' lang='lat' dir='ltr'><strong>Nostro.</strong></span> 
     </span>
    </p>
   </div>
   <div class='ocr_carea' id='block_1_108' title="bbox 1051 2224 1840 2264">
    <p class='ocr_par' dir='ltr' id='par_1_108' title="bbox 1051 2224 1840 2264">
     <span class='ocr_line' id='line_1_108' title="bbox 1051 2224 1840 2264; baseline 0.008 -14"><span class='ocrx_word' id='word_1_799' title='bbox 1051 2225 1195 2264; x_wconf 66' lang='lat' dir='ltr'><strong>pellantes1</strong></span> <span class='ocrx_word' id='word_1_800' title='bbox 1212 2224 1359 2264; x_wconf 81' lang='lat' dir='ltr'><strong>Tychicnm</strong></span> <span class='ocrx_word' id='word_1_801' title='bbox 1379 2224 1522 2264; x_wconf 68' lang='lat' dir='ltr'><strong>volebant,</strong></span> <span class='ocrx_word' id='word_1_802' title='bbox 1535 2228 1581 2262; x_wconf 89' lang='lat' dir='ltr'><strong>qni</strong></span> <span class='ocrx_word' id='word_1_803' title='bbox 1610 2229 1728 2262; x_wconf 79' lang='lat' dir='ltr'><strong>seipsuni</strong></span> <span class='ocrx_word' id='word_1_804' title='bbox 1748 2224 1840 2264; x_wconf 70' lang='lat' dir='ltr'><strong>Spiri-</strong></span> 
     </span>
    </p>
   </div>
   <div class='ocr_carea' id='block_1_109' title="bbox 1049 2259 1840 2299">
    <p class='ocr_par' dir='ltr' id='par_1_109' title="bbox 1049 2259 1840 2299">
     <span class='ocr_line' id='line_1_109' title="bbox 1049 2259 1840 2299; baseline 0.009 -14"><span class='ocrx_word' id='word_1_805' title='bbox 1049 2264 1109 2299; x_wconf 65' lang='lat' dir='ltr'><strong>tnm</strong></span> <span class='ocrx_word' id='word_1_806' title='bbox 1134 2264 1163 2287; x_wconf 89' lang='lat' dir='ltr'><strong>et</strong></span> <span class='ocrx_word' id='word_1_807' title='bbox 1178 2259 1348 2299; x_wconf 76' lang='lat' dir='ltr'><strong>Paracletum</strong></span> <span class='ocrx_word' id='word_1_808' title='bbox 1368 2262 1509 2299; x_wconf 83' lang='lat' dir='ltr'><strong>discipulis</strong></span> <span class='ocrx_word' id='word_1_809' title='bbox 1533 2259 1589 2291; x_wconf 74' lang='lat' dir='ltr'><strong>suis</strong></span> <span class='ocrx_word' id='word_1_810' title='bbox 1602 2259 1731 2298; x_wconf 76' lang='lat' dir='ltr'><strong>jactabat,</strong></span> <span class='ocrx_word' id='word_1_811' title='bbox 1761 2259 1840 2299; x_wconf 74' lang='lat' dir='ltr'><strong>quod</strong></span> 
     </span>
    </p>
   </div>
   <div class='ocr_carea' id='block_1_110' title="bbox 1048 2294 1432 2330">
    <p class='ocr_par' dir='ltr' id='par_1_110' title="bbox 1048 2294 1432 2330">
     <span class='ocr_line' id='line_1_110' title="bbox 1048 2294 1432 2330; baseline 0.008 -9"><span class='ocrx_word' id='word_1_812' title='bbox 1048 2294 1144 2321; x_wconf 81' lang='lat' dir='ltr'><strong>Noster</strong></span> <span class='ocrx_word' id='word_1_813' title='bbox 1158 2296 1238 2330; x_wconf 88' lang='lat' dir='ltr'><strong>paulo</strong></span> <span class='ocrx_word' id='word_1_814' title='bbox 1245 2300 1308 2323; x_wconf 86' lang='lat' dir='ltr'><strong>ante</strong></span> <span class='ocrx_word' id='word_1_815' title='bbox 1314 2298 1432 2325; x_wconf 89' lang='lat' dir='ltr'><strong>monuit.</strong></span> 
     </span>
    </p>
   </div>
   <div class='ocr_carea' id='block_1_111' title="bbox 1084 2329 1840 2365">
    <p class='ocr_par' dir='ltr' id='par_1_111' title="bbox 1084 2329 1840 2365">
     <span class='ocr_line' id='line_1_111' title="bbox 1084 2329 1840 2365; baseline 0.011 -10"><span class='ocrx_word' id='word_1_816' title='bbox 1084 2330 1139 2364; x_wconf 80' lang='lat'><strong>(57)</strong></span> <span class='ocrx_word' id='word_1_817' title='bbox 1162 2329 1263 2361; x_wconf 74' lang='grc' dir='ltr'>’Λείαν</span> <span class='ocrx_word' id='word_1_818' title='bbox 1272 2330 1340 2364; x_wconf 85' lang='grc' dir='ltr'>μέν.</span> <span class='ocrx_word' id='word_1_819' title='bbox 1362 2331 1402 2358; x_wconf 86' lang='lat' dir='ltr'><strong>lla</strong></span> <span class='ocrx_word' id='word_1_820' title='bbox 1426 2337 1499 2360; x_wconf 88' lang='lat' dir='ltr'><strong>recte</strong></span> <span class='ocrx_word' id='word_1_821' title='bbox 1525 2333 1717 2365; x_wconf 87' lang='lat' dir='ltr'><strong>Coislinianus.</strong></span> <span class='ocrx_word' id='word_1_822' title='bbox 1735 2334 1840 2364; x_wconf 66' lang='lat' dir='ltr'><strong>hoster</strong></span> 
     </span>
    </p>
   </div>
   <div class='ocr_carea' id='block_1_112' title="bbox 1048 2364 1839 2403">
    <p class='ocr_par' dir='ltr' id='par_1_112' title="bbox 1048 2364 1839 2403">
     <span class='ocr_line' id='line_1_112' title="bbox 1048 2364 1839 2403; baseline 0.01 -13"><span class='ocrx_word' id='word_1_823' title='bbox 1048 2364 1254 2403; x_wconf 55' lang='lat' dir='ltr'><strong>mendoseﬁeta</strong></span> <span class='ocrx_word' id='word_1_824' title='bbox 1268 2366 1344 2403; x_wconf 77' lang='grc' dir='ltr'>ὑμῖν,</span> <span class='ocrx_word' id='word_1_825' title='bbox 1361 2374 1443 2394; x_wconf 88' lang='lat' dir='ltr'><strong>sensu</strong></span> <span class='ocrx_word' id='word_1_826' title='bbox 1459 2368 1636 2403; x_wconf 87' lang='lat' dir='ltr'><strong>nullo:prior</strong></span> <span class='ocrx_word' id='word_1_827' title='bbox 1651 2369 1731 2396; x_wconf 86' lang='lat' dir='ltr'><strong>lectio</strong></span> <span class='ocrx_word' id='word_1_828' title='bbox 1757 2378 1839 2398; x_wconf 84' lang='lat' dir='ltr'><strong>com-</strong></span> 
     </span>
    </p>
   </div>
   <div class='ocr_carea' id='block_1_113' title="bbox 1049 2399 1713 2430">
    <p class='ocr_par' dir='ltr' id='par_1_113' title="bbox 1049 2399 1713 2430">
     <span class='ocr_line' id='line_1_113' title="bbox 1049 2399 1713 2430; baseline 0.005 -4"><span class='ocrx_word' id='word_1_829' title='bbox 1049 2399 1128 2426; x_wconf 82' lang='lat' dir='ltr'><strong>mode</strong></span> <span class='ocrx_word' id='word_1_830' title='bbox 1143 2399 1260 2427; x_wconf 84' lang='lat' dir='ltr'><strong>refertur</strong></span> <span class='ocrx_word' id='word_1_831' title='bbox 1274 2399 1307 2428; x_wconf 83' lang='lat' dir='ltr'><strong>ad</strong></span> <span class='ocrx_word' id='word_1_832' title='bbox 1322 2406 1483 2430; x_wconf 76' lang='lat' dir='ltr'><strong>sequentem</strong></span> <span class='ocrx_word' id='word_1_833' title='bbox 1493 2399 1586 2430; x_wconf 82' lang='lat' dir='ltr'><strong>vocein</strong></span> <span class='ocrx_word' id='word_1_834' title='bbox 1599 2403 1713 2430; x_wconf 83' lang='grc' dir='ltr'>πτῶσιν.</span> 
     </span>
    </p>
   </div>
   <div class='ocr_carea' id='block_1_114' title="bbox 1085 2435 1840 2474">
    <p class='ocr_par' dir='ltr' id='par_1_114' title="bbox 1085 2435 1840 2474">
     <span class='ocr_line' id='line_1_114' title="bbox 1085 2435 1840 2474; baseline 0.007 -12"><span class='ocrx_word' id='word_1_835' title='bbox 1085 2435 1140 2469; x_wconf 79' lang='grc'>(58)</span> <span class='ocrx_word' id='word_1_836' title='bbox 1157 2436 1341 2474; x_wconf 42' lang='grc' dir='ltr'>’Μοπανᾴπ</span> <span class='ocrx_word' id='word_1_837' title='bbox 1364 2435 1476 2464; x_wconf 85' lang='lat' dir='ltr'><strong>Vertere</strong></span> <span class='ocrx_word' id='word_1_838' title='bbox 1497 2439 1578 2474; x_wconf 73' lang='lat' dir='ltr'><strong>malui</strong></span> <span class='ocrx_word' id='word_1_839' title='bbox 1610 2438 1775 2474; x_wconf 70' lang='lat' dir='ltr'><strong>Martialium,</strong></span> <span class='ocrx_word' id='word_1_840' title='bbox 1807 2446 1840 2468; x_wconf 79' lang='lat' dir='ltr'><strong>ut</strong></span> 
     </span>
    </p>
   </div>
   <div class='ocr_carea' id='block_1_115' title="bbox 1048 2469 1839 2504">
    <p class='ocr_par' dir='ltr' id='par_1_115' title="bbox 1048 2469 1839 2504">
     <span class='ocr_line' id='line_1_115' title="bbox 1048 2469 1839 2504; baseline 0.011 -9"><span class='ocrx_word' id='word_1_841' title='bbox 1048 2477 1147 2496; x_wconf 89' lang='lat' dir='ltr'><strong>nomen</strong></span> <span class='ocrx_word' id='word_1_842' title='bbox 1157 2469 1276 2497; x_wconf 87' lang='lat' dir='ltr'><strong>hominis</strong></span> <span class='ocrx_word' id='word_1_843' title='bbox 1290 2471 1334 2501; x_wconf 87' lang='lat' dir='ltr'><strong>sit,</strong></span> <span class='ocrx_word' id='word_1_844' title='bbox 1355 2479 1408 2498; x_wconf 88' lang='lat' dir='ltr'><strong>non</strong></span> <span class='ocrx_word' id='word_1_845' title='bbox 1425 2478 1505 2500; x_wconf 68' lang='lat' dir='ltr'><strong>sectae</strong></span> <span class='ocrx_word' id='word_1_846' title='bbox 1521 2472 1745 2502; x_wconf 72' lang='lat' dir='ltr'><strong>Manlum‘sturum</strong></span> <span class='ocrx_word' id='word_1_847' title='bbox 1756 2469 1773 2502; x_wconf 72' lang='grc' dir='ltr'><strong>ε’</strong></span> <span class='ocrx_word' id='word_1_848' title='bbox 1793 2477 1839 2504; x_wconf 81' lang='lat' dir='ltr'><strong>sic</strong></span> 
     </span>
    </p>
   </div>
   <div class='ocr_carea' id='block_1_116' title="bbox 1048 2504 1638 2544">
    <p class='ocr_par' dir='ltr' id='par_1_116' title="bbox 1048 2504 1638 2544">
     <span class='ocr_line' id='line_1_116' title="bbox 1048 2504 1638 2544; baseline 0.007 -14"><span class='ocrx_word' id='word_1_849' title='bbox 1048 2504 1274 2544; x_wconf 32' lang='lat' dir='ltr'><strong>enimbvocandus</strong></span> <span class='ocrx_word' id='word_1_850' title='bbox 1287 2507 1431 2534; x_wconf 85' lang='lat' dir='ltr'><strong>videbatur</strong></span> <span class='ocrx_word' id='word_1_851' title='bbox 1440 2509 1638 2544; x_wconf 69' lang='grc' dir='ltr'>Μοντανιστής.</span> 
     </span>
    </p>
   </div>
   <div class='ocr_carea' id='block_1_117' title="bbox 1084 2539 1839 2580">
    <p class='ocr_par' dir='ltr' id='par_1_117' title="bbox 1084 2539 1839 2580">
     <span class='ocr_line' id='line_1_117' title="bbox 1084 2539 1839 2580; baseline 0.009 -14"><span class='ocrx_word' id='word_1_852' title='bbox 1084 2539 1141 2580; x_wconf 71' lang='grc'>(59)</span> <span class='ocrx_word' id='word_1_853' title='bbox 1157 2541 1235 2580; x_wconf 56' lang='lat' dir='ltr'><strong>Tiro.</strong></span> <span class='ocrx_word' id='word_1_854' title='bbox 1255 2541 1310 2580; x_wconf 76' lang='lat' dir='ltr'><strong>lloc</strong></span> <span class='ocrx_word' id='word_1_855' title='bbox 1320 2541 1591 2580; x_wconf 3' lang='lat' dir='ltr'><strong>reposuiexpiiostro,</strong></span> <span class='ocrx_word' id='word_1_856' title='bbox 1605 2539 1670 2579; x_wconf 32' lang='lat' dir='ltr'><strong>“pro</strong></span> <span class='ocrx_word' id='word_1_857' title='bbox 1688 2545 1738 2580; x_wconf 84' lang='grc' dir='ltr'><strong>τήν</strong></span> <span class='ocrx_word' id='word_1_858' title='bbox 1754 2545 1839 2573; x_wconf 82' lang='lat' dir='ltr'><strong>Cois-</strong></span> 
     </span>
    </p>
   </div>
   <div class='ocr_carea' id='block_1_118' title="bbox 1048 2574 1838 2614">
    <p class='ocr_par' dir='ltr' id='par_1_118' title="bbox 1048 2574 1838 2614">
     <span class='ocr_line' id='line_1_118' title="bbox 1048 2574 1838 2614; baseline 0.01 -14"><span class='ocrx_word' id='word_1_859' title='bbox 1048 2574 1152 2614; x_wconf 84' lang='lat' dir='ltr'><strong>li_n_ia_n_i.</strong></span> <span class='ocrx_word' id='word_1_860' title='bbox 1171 2576 1338 2614; x_wconf 80' lang='lat' dir='ltr'><strong>Astipulatur</strong></span> <span class='ocrx_word' id='word_1_861' title='bbox 1350 2574 1680 2614; x_wconf 24' lang='lat' dir='ltr'><strong>Petrus_b‘iculus,‘p.&#39;66,</strong></span> <span class='ocrx_word' id='word_1_862' title='bbox 1703 2574 1750 2614; x_wconf 75' lang='lat' dir='ltr'><strong>qui</strong></span> <span class='ocrx_word' id='word_1_863' title='bbox 1776 2581 1838 2614; x_wconf 85' lang='lat' dir='ltr'><strong>Ty-</strong></span> 
     </span>
    </p>
   </div>
   <div class='ocr_carea' id='block_1_119' title="bbox 1048 2609 1812 2646">
    <p class='ocr_par' dir='ltr' id='par_1_119' title="bbox 1048 2609 1812 2646">
     <span class='ocr_line' id='line_1_119' title="bbox 1048 2609 1812 2646; baseline 0.008 -10"><span class='ocrx_word' id='word_1_864' title='bbox 1048 2609 1117 2646; x_wconf 85' lang='lat' dir='ltr'><strong>cbiei</strong></span> <span class='ocrx_word' id='word_1_865' title='bbox 1134 2609 1205 2637; x_wconf 89' lang='lat' dir='ltr'><strong>hanc</strong></span> <span class='ocrx_word' id='word_1_866' title='bbox 1215 2609 1392 2646; x_wconf 78' lang='lat' dir='ltr'><strong>scriptionem</strong></span> <span class='ocrx_word' id='word_1_867' title='bbox 1404 2612 1501 2639; x_wconf 81' lang='lat' dir='ltr'><strong>iisdem</strong></span> <span class='ocrx_word' id='word_1_868' title='bbox 1513 2609 1602 2641; x_wconf 72' lang='lat' dir='ltr'><strong>verbis</strong></span> <span class='ocrx_word' id='word_1_869' title='bbox 1616 2609 1721 2641; x_wconf 57' lang='lat' dir='ltr'><strong>recitat:</strong></span> <span class='ocrx_word' id='word_1_870' title='bbox 1803 2609 1812 2616; x_wconf 28' lang='lat'><strong>&#39;-</strong></span> 
     </span>
    </p>
   </div>
   <div class='ocr_carea' id='block_1_120' title="bbox 1085 2645 1838 2679">
    <p class='ocr_par' dir='ltr' id='par_1_120' title="bbox 1085 2645 1838 2679">
     <span class='ocr_line' id='line_1_120' title="bbox 1085 2645 1838 2679; baseline 0.009 -8"><span class='ocrx_word' id='word_1_871' title='bbox 1085 2645 1140 2679; x_wconf 64' lang='grc'>(40)</span> <span class='ocrx_word' id='word_1_872' title='bbox 1160 2646 1303 2674; x_wconf 78' lang='grc' dir='ltr'>Δύνασαι.</span> <span class='ocrx_word' id='word_1_873' title='bbox 1316 2647 1400 2674; x_wconf 74' lang='lat' dir='ltr'><strong>Recte</strong></span> <span class='ocrx_word' id='word_1_874' title='bbox 1413 2647 1596 2676; x_wconf 85' lang='lat' dir='ltr'><strong>Coislinianus</strong></span> <span class='ocrx_word' id='word_1_875' title='bbox 1607 2658 1614 2675; x_wconf 72' lang='grc' dir='ltr'><strong>ι</strong></span> <span class='ocrx_word' id='word_1_876' title='bbox 1632 2650 1762 2677; x_wconf 87' lang='lat' dir='ltr'><strong>mendose</strong></span> <span class='ocrx_word' id='word_1_877' title='bbox 1775 2650 1838 2678; x_wconf 75' lang='lat' dir='ltr'><strong>No-</strong></span> 
     </span>
    </p>
   </div>
   <div class='ocr_carea' id='block_1_121' title="bbox 1049 2680 1840 2718">
    <p class='ocr_par' dir='ltr' id='par_1_121' title="bbox 1049 2680 1840 2718">
     <span class='ocr_line' id='line_1_121' title="bbox 1049 2680 1840 2718; baseline 0.009 -13"><span class='ocrx_word' id='word_1_878' title='bbox 1049 2685 1105 2718; x_wconf 75' lang='lat' dir='ltr'><strong>ster</strong></span> <span class='ocrx_word' id='word_1_879' title='bbox 1125 2681 1155 2706; x_wconf 82' lang='grc' dir='ltr'>οὐ</span> <span class='ocrx_word' id='word_1_880' title='bbox 1170 2680 1287 2718; x_wconf 77' lang='grc' dir='ltr'>δύναμαι</span> <span class='ocrx_word' id='word_1_881' title='bbox 1305 2690 1312 2697; x_wconf 94' lang='grc'><strong>·</strong></span> <span class='ocrx_word' id='word_1_882' title='bbox 1330 2690 1419 2718; x_wconf 87' lang='lat' dir='ltr'><strong>neque</strong></span> <span class='ocrx_word' id='word_1_883' title='bbox 1439 2684 1514 2711; x_wconf 87' lang='lat' dir='ltr'><strong>cnim</strong></span> <span class='ocrx_word' id='word_1_884' title='bbox 1539 2684 1572 2712; x_wconf 86' lang='lat' dir='ltr'><strong>de</strong></span> <span class='ocrx_word' id='word_1_885' title='bbox 1591 2692 1620 2711; x_wconf 86' lang='lat' dir='ltr'><strong>se</strong></span> <span class='ocrx_word' id='word_1_886' title='bbox 1637 2685 1755 2718; x_wconf 85' lang='lat' dir='ltr'><strong>loquitur</strong></span> <span class='ocrx_word' id='word_1_887' title='bbox 1778 2685 1840 2718; x_wconf 79' lang='lat' dir='ltr'><strong>Ty-</strong></span> 
     </span>
    </p>
   </div>
   <div class='ocr_carea' id='block_1_122' title="bbox 1049 2690 1839 2756">
    <p class='ocr_par' dir='ltr' id='par_1_122' title="bbox 1049 2690 1839 2756">
     <span class='ocr_line' id='line_1_122' title="bbox 1049 2690 1839 2718; baseline 0.009 -13"><span class='ocrx_word' id='word_1_888' title='bbox 1049 2690 1105 2706; x_wconf 81' lang='lat' dir='ltr'><strong>ster</strong></span> <span class='ocrx_word' id='word_1_889' title='bbox 1125 2690 1155 2706; x_wconf 87' lang='grc' dir='ltr'>ου</span> <span class='ocrx_word' id='word_1_890' title='bbox 1170 2690 1287 2715; x_wconf 85' lang='grc' dir='ltr'>ουναμαι</span> <span class='ocrx_word' id='word_1_891' title='bbox 1305 2690 1312 2697; x_wconf 93' lang='grc'><strong>·</strong></span> <span class='ocrx_word' id='word_1_892' title='bbox 1330 2690 1364 2708; x_wconf 82' lang='lat' dir='ltr'><strong>ne</strong></span> <span class='ocrx_word' id='word_1_893' title='bbox 1385 2691 1419 2710; x_wconf 84' lang='lat' dir='ltr'><strong>ue</strong></span> <span class='ocrx_word' id='word_1_894' title='bbox 1439 2691 1514 2711; x_wconf 78' lang='lat' dir='ltr'><strong>enim</strong></span> <span class='ocrx_word' id='word_1_895' title='bbox 1539 2690 1572 2712; x_wconf 85' lang='lat' dir='ltr'><strong>ne</strong></span> <span class='ocrx_word' id='word_1_896' title='bbox 1591 2692 1620 2711; x_wconf 83' lang='lat' dir='ltr'><strong>se</strong></span> <span class='ocrx_word' id='word_1_897' title='bbox 1637 2690 1755 2718; x_wconf 78' lang='lat' dir='ltr'><strong>loqmtur</strong></span> <span class='ocrx_word' id='word_1_898' title='bbox 1778 2690 1801 2712; x_wconf 74' lang='grc' dir='ltr'><strong><em>Ἰ</em></strong></span> <span class='ocrx_word' id='word_1_899' title='bbox 1825 2701 1839 2706; x_wconf 96' lang='grc'><strong><em>-</em></strong></span> 
     </span>
     <span class='ocr_line' id='line_1_123' title="bbox 1049 2690 1839 2756; baseline 0.008 -15"><span class='ocrx_word' id='word_1_900' title='bbox 1049 2715 1155 2756; x_wconf 69' lang='lat' dir='ltr'><strong>chicus,</strong></span> <span class='ocrx_word' id='word_1_901' title='bbox 1169 2717 1215 2743; x_wconf 86' lang='lat' dir='ltr'><strong>sed</strong></span> <span class='ocrx_word' id='word_1_902' title='bbox 1225 2716 1340 2756; x_wconf 73' lang='lat' dir='ltr'><strong>alter-nm</strong></span> <span class='ocrx_word' id='word_1_903' title='bbox 1352 2690 1508 2753; x_wconf 67' lang='lat' dir='ltr'><strong>aiioquitur,</strong></span> <span class='ocrx_word' id='word_1_904' title='bbox 1523 2719 1595 2754; x_wconf 90' lang='lat' dir='ltr'><strong>quod</strong></span> <span class='ocrx_word' id='word_1_905' title='bbox 1605 2727 1722 2754; x_wconf 85' lang='lat' dir='ltr'><strong>sequens</strong></span> <span class='ocrx_word' id='word_1_906' title='bbox 1735 2729 1741 2747; x_wconf 87' lang='lat'>:</span> <span class='ocrx_word' id='word_1_907' title='bbox 1757 2722 1784 2747; x_wconf 74' lang='grc' dir='ltr'><strong>ει</strong></span> <span class='ocrx_word' id='word_1_908' title='bbox 1805 2694 1839 2748; x_wconf 50' lang='grc' dir='ltr'>δὲ</span> 
     </span>
    </p>
   </div>
   <div class='ocr_carea' id='block_1_123' title="bbox 1048 2751 1325 2787">
    <p class='ocr_par' dir='ltr' id='par_1_123' title="bbox 1048 2751 1325 2787">
     <span class='ocr_line' id='line_1_124' title="bbox 1048 2751 1325 2787; baseline 0.014 -11"><span class='ocrx_word' id='word_1_909' title='bbox 1048 2751 1096 2777; x_wconf 78' lang='grc' dir='ltr'>καὶ</span> <span class='ocrx_word' id='word_1_910' title='bbox 1103 2751 1202 2787; x_wconf 44' lang='grc' dir='ltr'>-εῐπῃς,</span> <span class='ocrx_word' id='word_1_911' title='bbox 1212 2751 1325 2779; x_wconf 88' lang='lat' dir='ltr'><strong>evincit.</strong></span> 
     </span>
    </p>
   </div>
   <div class='ocr_carea' id='block_1_124' title="bbox 1086 2785 1839 2829">
    <p class='ocr_par' dir='ltr' id='par_1_124' title="bbox 1086 2785 1839 2829">
     <span class='ocr_line' id='line_1_125' title="bbox 1086 2785 1839 2829; baseline 0.009 -18"><span class='ocrx_word' id='word_1_912' title='bbox 1086 2785 1139 2829; x_wconf 55' lang='lat' dir='ltr'><strong>(At)</strong></span> <span class='ocrx_word' id='word_1_913' title='bbox 1156 2785 1382 2829; x_wconf 60' lang='grc' dir='ltr'><strong>Ῐζιλιριιῖιιαλὲονςιιἰ</strong></span> <span class='ocrx_word' id='word_1_914' title='bbox 1396 2788 1434 2816; x_wconf 90' lang='lat' dir='ltr'><strong>lta</strong></span> <span class='ocrx_word' id='word_1_915' title='bbox 1450 2793 1523 2819; x_wconf 83' lang='lat' dir='ltr'><strong>recte</strong></span> <span class='ocrx_word' id='word_1_916' title='bbox 1555 2789 1748 2824; x_wconf 83' lang='lat' dir='ltr'><strong>Coislinianus,</strong></span> <span class='ocrx_word' id='word_1_917' title='bbox 1781 2797 1839 2826; x_wconf 80' lang='lat' dir='ltr'><strong>pro</strong></span> 
     </span>
    </p>
   </div>
   <div class='ocr_carea' id='block_1_125' title="bbox 1048 2820 1440 2857">
    <p class='ocr_par' dir='ltr' id='par_1_125' title="bbox 1048 2820 1440 2857">
     <span class='ocr_line' id='line_1_126' title="bbox 1048 2820 1440 2857; baseline 0.008 -10"><span class='ocrx_word' id='word_1_918' title='bbox 1048 2829 1103 2855; x_wconf 90' lang='lat' dir='ltr'><strong>quo</strong></span> <span class='ocrx_word' id='word_1_919' title='bbox 1115 2820 1210 2848; x_wconf 80' lang='lat' dir='ltr'><strong>Noster</strong></span> <span class='ocrx_word' id='word_1_920' title='bbox 1225 2823 1440 2857; x_wconf 83' lang='grc' dir='ltr'>παρακαλεῦσαι.</span> 
     </span>
    </p>
   </div>
  </div>
