1931 3082
111 134 141 166 73

634 132 785 163 CONTRA
801 131 1032 163 MANICHREOS
1051 131 1168 162 LIBER
1188 131 1214 162 Ι.

1699 130 1738 162 τι

111 188 222 222 στόλους,
237 187 284 215 καὶ
298 188 453 223 προφήτας,
469 187 568 221 οἵτινές
579 188 632 215 εἰσι
653 188 796 224 τέσσαρες,
819 187 893 220 δέξαι

949 195 997 221 qua
1014 187 1081 215 dicit
1098 186 1268 223 Apostolus:
1289 186 1340 220 Qui
1366 186 1528 221 fornicatur,
1545 188 1572 215 in
1593 188 1735 222 proprium

111 235 152 262 καὶ
166 235 297 269 ποιμένας
309 234 551 267 καὶδιδασκάλους,
564 235 607 261 ἵνα
620 234 830 269 μὴθηριάλωτος
842 234 890 268 γέ-

111 290 150 318 νῃ.
163 290 172 307 ι
191 280 285 311 οὕτως
306 281 418 316 μυρίαις
443 281 540 308 ἑαυτὸν
565 281 751 316 μετέπλαττεν
772 281 890 316 μορφαῖς

111 326 173 362 πρὸς
197 325 231 352 τὰ
257 325 374 360 διάφορα
398 325 452 353 τῶν
481 326 672 361 άπατωμένων
704 326 893 362 ἁρμοζόμενος

110 373 167 408 ἢθη.
193 372 248 399 Καὶ
265 372 312 398 νῦν
334 372 384 407 μὲν
407 372 505 406 γίγας,
522 372 571 399 νῦν
593 372 622 399 δὲ
649 373 781 408 πίθηκος,
802 371 850 398 νῦν
864 372 894 398 δὲ

110 418 186 451 λέων,
199 418 247 445 νῦν
264 418 286 444 δ’
302 417 426 453 ἀλώπηξ,
443 418 490 445 νῦν
503 418 525 445 δ’
542 418 607 446 ἄλλο
623 427 650 445 τι
665 419 713 445 καὶ
728 418 793 446 ἄλλο
806 427 833 445 τι
846 418 893 445 καὶ

109 464 166 492 ἄλλο
188 463 358 499 τυπούμενός
382 473 412 490 τε
431 465 479 491 καὶ
500 464 742 500 διαπλαττόμενος.
765 463 892 499 ’Λλλαχοῦ

108 510 134 537 δὲ
150 510 226 536 πάλιν
242 510 334 544 λέγει·
359 519 369 536 ι
393 510 424 537 Ίί
452 510 548 546 πρώτη
565 510 622 546 (42)
650 511 781 547 πορνεία,
808 510 842 545 ἢν
857 511 891 537 ὲκ

109 556 152 584 τοῦ
171 557 257 592 Ἀδὰμ
277 557 477 592 περικείμεθα,
495 557 643 592 εὐεργεσία
655 558 740 589 ἐστὶν,
757 558 774 592 ἡ
789 557 818 584 δὲ
833 557 895 583 δευ-

108 603 170 638 τέρα
191 602 292 638 μείζων
309 602 384 635 ἐστὶ,
403 603 469 638 περὶ
480 600 514 637 ἦς
530 602 604 637 λέγει
623 603 670 630 καὶ
688 604 702 630 ό
717 603 894 635 Ἀπόστολος,

113 648 140 675 '0
158 648 297 683 πορνεύων
315 648 384 684 (45),
400 649 440 680 είς
458 648 489 674 τὸ
508 648 574 675 ἴδιον
599 648 680 684 σῶμα
698 648 861 683 ἁμαρτάνει.
881 657 890 673 ι

108 694 233 729 Πορνείαν
256 694 286 721 δὲ
308 693 396 730 ταύτῃ
416 693 505 728 λέγων
527 695 541 721 ὁ
557 693 701 728 ἐξάγιστος
719 693 770 728 τὴν
793 693 825 720 ὲκ
839 692 894 719 τῶν

107 740 182 766 αὐτοῦ
209 739 344 776 βδελυρῶν
371 740 515 776 δογμάτων
541 739 726 775 ἀναχώρησιν,
756 737 849 765 ἐκάλει
865 738 894 765 δὲ

109 786 183 821 σῶμα
197 786 317 822 Χριστοῦ
330 787 437 814 ἑαυτόν.
450 785 502 812 Διὰ
518 785 597 812 τοῦτο
610 786 674 817 τοὺς
685 784 893 820 ἀποφοιτῶντας

939 240 1039 268 corpus
1064 237 1170 268 peccat.
1196 242 1204 258 ι
1234 232 1457 261 Fornicationem
1482 237 1574 262 autem
1601 242 1664 262 cum
1689 235 1735 263 hic

941 284 1074 306 memorat
1084 279 1312 307 sceleratissimus
1323 280 1415 313 homo,
1431 288 1568 308 secessum
1584 282 1618 309 ab
1629 277 1741 309 abomi-'

942 326 1040 353 nandis
1052 326 1111 360 ejus
1122 326 1294 361 dogmatibus
1311 326 1347 353 ita
1362 331 1452 357 vocat,
1467 335 1621 362 corpusque
1633 327 1738 356 Christi

942 372 1062 406 seipsum
1100 372 1177 404 dicit,
1194 371 1388 405 Quamobrem'
1401 380 1449 400 cos
1461 372 1506 407 qui
1522 381 1537 400 a
1559 380 1589 400 se
1605 378 1633 400 et
1651 381 1666 400 a
1682 372 1739 401 Deo

943 418 1048 453 perosis
1062 419 1119 446 suis
1131 418 1277 453 praeceptis
1288 418 1482 452 abscedebant,
1501 423 1531 446 ut
1549 419 1739 447 fornicationis

944 465 1055 492 nomine
1080 472 1142 492 reos
1157 464 1352 492 insectabatur.
1374 464 1456 492 Multa
1472 472 1581 500 quoque
1606 464 1657 492 ali'a
1675 472 1740 500 per-

945 511 1009 538 inde
1029 511 1112 547 impia
1133 515 1162 539 et
1187 511 1306 539 monstri
1329 510 1430 539 similia
1448 511 1476 537 in
1498 510 1655 538 foedissimis
1680 510 1740 546 ejus

945 556 1058 592 scriptis
1074 557 1166 584 videre
1179 561 1231 589 est,
1247 564 1308 592 qua:
1324 557 1351 583 in
1364 556 1496 587 secundo.
1511 561 1539 583 et
1553 556 1586 583 ad
1601 556 1671 583 hanc
1681 563 1739 583 rem

949 611 959 628 ι
977 602 1113 630 destinato
1126 603 1196 630 libro
1209 613 1219 630 ι
1235 603 1364 639 persequi
1375 610 1465 637 opera:
1478 602 1596 638 pretium
1609 602 1676 635 erit,
1687 610 1740 630 nec

949 657 1004 677 non
1016 649 1039 676 si
1054 657 1107 684 qua
1122 649 1186 682 alia,
1201 650 1236 677 ab
1250 649 1294 677 his
1308 649 1457 685 pendeant.
1472 649 1515 678 vel
1531 657 1593 677 cum
1609 649 1652 676 his
1664 657 1740 677 com-

947 696 1094 731 plicentur.
1118 696 1186 724 Nam
1210 704 1272 731 qua).
1295 703 1377 731 supra
1392 696 1525 728 diximus,
1543 695 1577 723 ad
1599 695 1741 730 specimen

947 741 1037 769 solum
1058 741 1218 777 multiplicis
1234 741 1317 776 hujus
1331 745 1360 768 et
1381 741 1566 769 callidissima:
1591 740 1741 776 impietatis

948 787 1019 815 dicta
1035 792 1108 816 sunt.

108 835 184 861 αὐτοῦ
198 843 228 861 τε
243 835 291 861 καὶ
307 834 362 861 τῶν
379 833 533 867 θεοστυγῶν
555 833 638 860 αὑτοῦ
657 831 773 860 ἐντολῶν
787 832 828 867 τῷ
840 832 890 867 τῆς
915 834 1045 870 πορνείας
1063 835 1166 863 ἁλῶναι
1186 835 1372 872 διελοιδορείτο
1405 835 1497 863 πάθει.
1532 834 1622 862 Πολλὰ
1640 841 1670 862 οε
1690 835 1740 862 καὶ

107 880 171 908 ἄλλα
186 881 234 916 τῆς
247 881 334 916 αὐτῆς
355 880 474 916 ἐχόμενα
487 879 664 912 θεοϐλαϐείας
685 880 734 906 καὶ
747 879 942 915 τερατολογίας
968 883 999 908 ὲν
1014 882 1123 915 πολλοῖς
1134 883 1218 910 αὑτοῦ
1249 883 1304 911 τῶν
1319 883 1428 918 μιαρῶν
1461 883 1635 918 γραμμάτων
1665 881 1740 909 ἔστιν

106 929 197 955 ἐνιδεῖν
213 927 440 963 (44)ὃ.δευτέρου
462 927 498 954 ἂν
510 927 555 962 εἴη
567 927 649 962 λόγου
684 927 734 953 καὶ
766 926 915 959 ίδιάζοντος
940 929 1058 964 καθεξῆς
1089 930 1206 957 διελθεῖν
1231 930 1278 957 καὶ
1292 930 1482 965 στηλιτεῦσαι,
1505 930 1553 957 καὶ
1576 929 1604 957 εἴ
1619 938 1646 956 τι
1675 930 1742 958 ἄλλο

105 975 207 1007 τούτοις
227 974 394 1010 συνήρτηται
409 983 439 1001 τε
465 974 513 1001 καὶ
527 973 763 1001 συνδιαπλέκεται.
781 973 837 1000 Καὶ
856 972 911 1008 γὰρ
928 975 976 1001 καὶ
1001 976 1075 1013 ἅπερ
1097 977 1207 1012 εἴρηται
1231 977 1301 1013 πρὸς
1320 977 1434 1010 ἔνδειξιν
1455 978 1537 1013 μόνον
1560 977 1662 1013 ἐρρέθη
1690 977 1741 1013 τῆς

105 1023 273 1050 πολυπλόκου
290 1023 393 1058 ταύτης
410 1023 458 1049 καὶ
471 1022 665 1058 πολυμηχάνου
681 1021 842 1056 θεομαχίας.

141 1070 204 1097 KB‘.
222 1070 325 1105 Μηδεὶς
347 1069 376 1096 δὲ
402 1069 502 1096 οἰέσθω
527 1069 605 1105 ῥίζης
630 1068 727 1103 ἐτέρας
751 1067 894 1103 βλάστημα

983 1068 1067 1095 XXII.
1089 1068 1223 1097 Cazterum
1238 1077 1320 1097 nemo
1333 1074 1411 1104 putet
1430 1069 1503 1097 hunc
1523 1070 1742 1105 impurissimum

105 1115 189 1148 εἶναι,
217 1117 282 1152 παρ’
306 1116 339 1151 ἣν
365 1115 515 1151 ἐρρίζωσεν
530 1115 545 1141 ὁ
571 1114 829 1163 θεομάχοςςΜάνης
847 1113 898 1149 τὴν

105 1161 270 1198 παραφυάδα
292 1161 396 1196 ταύτην
421 1160 476 1187 τῶν
498 1160 637 1187 δυσσεόῶν
653 1159 769 1195 Σεργίου
791 1159 897 1194 δογμά-

104 1217 168 1235 των.
191 1208 248 1235 Μία
272 1207 323 1243 μὲν
339 1207 394 1242 γάρ
409 1207 468 1233 ἐστι
496 1206 544 1233 καὶ
556 1207 573 1241 ή
589 1205 659 1242 αὑτὴ
683 1207 732 1232 καὶ
746 1206 792 1232 τὸν
815 1205 898 1232 αὑτὸν

104 1253 270 1289 ψυχόλεθρον
293 1252 398 1288 καρπον
423 1253 511 1286 φέρει.
543 1251 642 1278 Ήνίκα
663 1251 692 1278 δὲ
719 1251 833 1287 Σέργιος
849 1250 897 1277 τοῦ

103 1299 295 1327 διδασκαλικοῦ
312 1299 362 1333 τῆς
387 1297 557 1328 ἁποστασίας
572 1297 658 1332 ἐπέϐη
682 1297 793 1332 θρόνου,
813 1297 898 1323 θέλων

103 1346 220 1378 πολλοὺς
235 1345 426 1380 ἀποπλανῆσαι
447 1344 502 1381 (45)
521 1345 570 1380 τῆς
592 1344 740 1379 καθολικῆς
763 1343 811 1370 τοῦ
831 1344 898 1379 Χρι-

103 1394 170 1421 στοῦ
194 1392 376 1428 Ἐκκλησίας,
406 1391 528 1427 σχίζεται
547 1391 596 1426 μὲν
620 1389 796 1426 περιφανῶς,
815 1389 898 1424 μέχρι

101 1440 165 1466 τότε
181 1439 280 1475 καιροῦ
295 1437 559 1472 συναγελαζομένων
581 1437 723 1472 ἀλλήλοις,
738 1436 787 1463 τοῦ
805 1437 898 1472 ῥυπα-

103 1485 154 1523 ροῦ
179 1485 311 1517 Βαάνους.
331 1484 505 1520 Ἀναδέχεται
522 1485 552 1511 δὲ
569 1484 629 1511 κατ’
643 1483 760 1510 ἐνώπιον
773 1483 828 1509 τῶν
847 1491 899 1517 μα-

102 1532 197 1568 θητῶν
219 1531 266 1558 καὶ
282 1531 332 1566 τὴν
355 1530 428 1558 κατὰ
451 1530 598 1565 πρόσωπον
617 1529 701 1556 αὐτοῦ
718 1528 898 1564 φιλονεικίαν,

101 1579 153 1606 καὶ
183 1579 284 1614 μάχην,
311 1578 359 1604 καὶ
386 1578 403 1612 ἡ
429 1577 525 1608 στάσις
542 1576 625 1604 αὑτοῦ
649 1575 898 1611 δραματουργεϊται

100 1625 228 1660 δημοσίῳ
250 1624 373 1658 θεάτρῳ,
397 1624 431 1650 δι’
456 1621 490 1659 ἧς
516 1621 662 1658 ἐτέχναζεν
676 1621 825 1653 δελεάζειν,
852 1620 899 1647 καὶ

101 1672 152 1706 τῆς
165 1671 273 1702 οἰκείας
297 1671 403 1706 πλάνης
427 1669 520 1696 ἕλκειν
548 1669 636 1696 ὀπίσω
654 1668 752 1699 ἄλλους
774 1676 803 1694 τε
819 1667 898 1698 ὅσους

101 1718 219 1745 ἐδύνατο
235 1717 281 1743 καὶ
294 1716 392 1747 οἵτινες
406 1715 580 1752 ήταιρίζοντο
596 1715 642 1742 τὸν
657 1714 776 1749 Βαάνην.
799 1711 854 1739 Ἦν
869 1712 898 1739 δὲ

100 1764 179 1798 αὐτῴ
197 1763 245 1789 καὶ
255 1762 342 1797 σκηνὴ
358 1761 463 1797 ἀρετῶν
477 1760 698 1796 προϐεϐλημένη,
714 1759 785 1795 μέγα
801 1759 899 1794 δέλεαρ

99 1810 157 1837 τῶν
173 1808 354 1845 προσιόντων,
371 1808 419 1834 καὶ
434 1807 563 1834 ταπεινὸν
582 1807 638 1842 (46)
653 1804 720 1842 ἦθος
742 1806 790 1832 καὶ
806 1804 899 1837 δεξιὼ-

101 1865 174 1888 σεως
201 1854 493 1891 κατεσχηματισμένος
516 1853 617 1889 τρόπος
640 1853 687 1879 καὶ
710 1852 849 1887 ἡμερότης
869 1851 899 1877 οὐ

98 1904 168 1935 τοὺς
190 1902 309 1934 οίκείους
337 1902 557 1929 ὑποσυναινουσα
582 1899 673 1936 μόνον,
690 1898 759 1925 ἀλλά
774 1897 901 1936 καὶτοὺς

98 1932 275 1983 τραχύτερον
293 1932 483 1981 διακειμένους
505 1932 704 1972 ὑπολεαίνουσά
719 1952 748 1970 τε
768 1932 815 1970 καίι
839 1942 901 1968 συλ-

97 1993 264 2028 αγωγοῦσα.
292 1993 372 2020 Ἀλλὰ
391 1993 446 2029 γὰρ
471 1992 502 2018 τὸ
516 1992 565 2027 μὲν
584 1991 707 2027 ῥυπαρὸν
721 1989 777 2016 τῶν
792 1989 901 2024 μιαρῶν

97 2040 234 2076 πράξεων
249 2040 296 2066 τοῦ
312 2038 527 2066 ἀντιστασιώτου
549 2037 671 2069 Βαάνους
687 2035 857 2072 στηλιτεύειν
870 2043 901 2061 τε

95 2088 149 2114 καὶ
164 2085 384 2121 ἀποπέμπεσθαι
394 2104 402 2117 ,
419 2085 538 2120 μάλιστά
556 2093 588 2119 γε
606 2083 662 2119 (47)
675 2083 748 2110 κατὰ.
768 2083 799 2109 τὸ
812 2084 901 2117 ἐμφα-

96 2135 145 2166 νὲς
169 2133 288 2168 μέλετην
304 2130 394 2167 εἶχεν·
419 2131 487 2167 πρὸς
503 2131 532 2158 δὲ
547 2131 582 2158 τὰ
597 2130 713 2165 δυσσεδῆ
729 2129 784 2156 τῶν
799 2129 902 2163 δογμά-

94 2189 156 2208 των
173 2180 237 2207 κατ’
261 2179 337 2206 οὐδὲν
353 2179 410 2214 (48)
432 2178 604 2206 ἀντιπίπτων
626 2177 687 2204 οὐδὲ
703 2176 902 2212 διαφερόμενος

94 2227 194 2262 ὤφθη.
212 2226 242 2253 '0
253 2226 303 2261 μὲν
315 2224 361 2252 οὖν
371 2225 479 2259 Βασάνης
487 2225 692 2260 ἀσυνηγόρητον
704 2223 774 2259 ἔχων
784 2223 834 2258 τὴν
846 2222 901 2249 τῶν

95 2273 251 2307 ἐκθέσμιμν
265 2272 356 2307 ἔργων
369 2270 499 2304 ἐπίδειξιν
517 2271 564 2298 ἐπὶ
578 2271 641 2302 τοὺς
657 2269 712 2305 πρὸ
726 2269 809 2297 αὐτοῦ
821 2269 902 2305 μόνον

94 2319 288 2353 κατέφευγεν,
305 2318 352 2345 καὶ
365 2318 410 2345 διὰ
425 2317 477 2352 τῆς
488 2317 543 2344 τῶν
558 2317 714 2354 προσώπων
739 2316 900 2351 ποιότητος,

93 2365 135 2396 ὡς
148 2365 265 2399 ἐνόμιζε
275 2385 283 2397 ,
296 2365 327 2390 τὺ
344 2363 472 2400 κίϐδηλον
488 2362 572 2391 αὑτοῦ
585 2363 634 2390 καὶ
659 2363 902 2397 κατεστυγημένον

949 1115 1088 1142 surculum
1104 1115 1138 1143 ab
1160 1116 1212 1143 alia
1225 1137 1232 1148 ,
1254 1124 1335 1151 quam
1352 1115 1466 1144 Manetis
1477 1137 1484 1149 ,
1499 1117 1591 1145 radice
1615 1117 1740 1152 prodire,

949 1169 1003 1189 una
1028 1161 1129 1196 quippe
1160 1161 1311 1196 eademque
1333 1162 1410 1188 radix
1432 1166 1491 1194 est,
1516 1170 1576 1197 qua:
1613 1163 1740 1190 eumdem

949 1208 1048 1235 animm
1059 1208 1243 1243 perniciosum
1259 1207 1376 1234 fructum
1390 1207 1502 1242 profert.
1518 1207 1634 1240 Quando
1648 1212 1739 1235 autem

951 1253 1062 1289 Sergius
1074 1254 1253 1281 doctrinalem
1267 1253 1407 1288 apostasia?
1422 1253 1550 1280 thronum
1568 1253 1739 1286 conscendit,

950 1308 1011 1329 cum
1039 1300 1139 1327 multos
1162 1300 1196 1327 ab
1215 1299 1335 1327 Ecclesia
1351 1299 1485 1326 catholica
1509 1298 1537 1325 in
1554 1306 1675 1326 errorem
1692 1299 1741 1326 ab-

949 1347 1049 1374 ducere
1064 1347 1161 1378 vellet,
1179 1351 1275 1381 aperte
1293 1336 1427 1373 scindiiur
1443 1345 1477 1372 ab
1501 1344 1607 1380 impuro
1632 1345 1739 1378 Baane,

949 1393 1013 1429 quia
1037 1393 1171 1420 hactenus
1195 1397 1348 1420 conventus
1368 1391 1526 1419 celebrabat
1549 1395 1601 1418 :et
1620 1391 1648 1418 in
1672 1398 1741 1418 con-

950 1445 1045 1475 spectu
1062 1439 1259 1474 discipulorum
1275 1438 1406 1465 adversus
1423 1437 1498 1464 illum
1515 1441 1652 1465 certamen
1674 1437 1739 1470 init,

950 1486 1144 1520 contentioque
1156 1485 1216 1519 ejus
1230 1485 1257 1511 in
1271 1484 1380 1519 publico
1394 1484 1504 1511 theatro
1515 1487 1739 1518 repraesentatur,

949 1541 1003 1568 qua
1024 1541 1052 1560 re
1077 1533 1104 1560 id
1119 1531 1292 1562 moliebatur,
1312 1535 1343 1557 ut
1360 1530 1459 1557 multos
1483 1529 1636 1562 inescaret,
1661 1533 1689 1556 et
1706 1530 1741 1556 ad

950 1587 1070 1607 errorem
1094 1586 1174 1605 suum
1191 1577 1371 1612 pertraheret,
1391 1580 1526 1611 quotquot
1548 1575 1676 1603 videlicet
1690 1583 1741 1610 po—

951 1625 1048 1653 luisset
1061 1633 1094 1652 ex
1108 1624 1152 1657 iis,
1166 1623 1212 1659 qui
1229 1623 1326 1650 Baauis
1350 1622 1457 1650 sodales
1472 1627 1560 1650 erant.
1574 1621 1627 1656 Ipsi
1646 1625 1741 1649 autem

950 1673 1080 1700 virtutum
1103 1671 1208 1706 species
1229 1674 1257 1697 et
1280 1677 1361 1696 scena
1385 1669 1525 1704 proposita
1551 1672 1626 1701 erat,
1643 1675 1742 1704 magna

950 1719 1074 1754 decipula
1090 1719 1134 1748 iis.
1150 1717 1196 1752 qui
1213 1717 1392 1749 accederent;
1411 1720 1468 1743 tum
1482 1715 1616 1742 modestia
1634 1715 1739 1747 inerat,

952 1770 1033 1800 atque
1049 1763 1177 1791 ementita
1199 1762 1376 1798 benignitatis
1392 1767 1420 1789 et
1440 1761 1657 1788 mansuetudinis
1675 1768 1740 1795 spc-

952 1812 1009 1839 cies
1020 1831 1027 1842 ,
1045 1818 1105 1845 quae
1119 1817 1172 1836 non
1189 1816 1255 1836 suos
1270 1808 1349 1835 modo
1365 1807 1531 1834 domesticos
1544 1810 1740 1838 commoveret,

952 1858 999 1885 sed
1013 1857 1094 1884 etiam
1109 1863 1167 1887 eos,
1180 1854 1226 1889 qui
1239 1853 1371 1888 asperiori
1387 1857 1479 1880 essent
1493 1851 1602 1882 aﬂ‘cetu,
1613 1851 1742 1878 deliniret

952 1909 979 1931 et
993 1908 1110 1938 raperet.
1131 1901 1232 1928 Contra
1247 1906 1313 1927 vero
1325 1898 1476 1926 fwditatcm
1492 1901 1630 1933 gestorum
1641 1896 1741 1924 adver-

952 1949 1015 1977 sarii
1026 1948 1110 1983 ipsius
1123 1946 1218 1974 Baanis
1227 1946 1315 1981 palam
1324 1945 1415 1972 facere
1423 1948 1451 1971 et
1462 1943 1615 1975 traducere,
1624 1942 1743 1970 maxime

953 2002 1017 2023 vero
1041 1993 1159 2030 publicis
1182 1992 1211 2020 in
1237 1991 1320 2021 locis,
1344 1994 1401 2018 toto
1423 1989 1513 2016 studio
1527 1989 1649 2016 curabat.
1664 1988 1743 2021 Quod

952 2042 986 2069 ad
1001 2041 1083 2075 impia
1097 2047 1162 2067 vero
1182 2038 1309 2074 dogmata
1327 2036 1478 2071 spectabat,
1493 2035 1562 2062 nihil
1582 2035 1617 2062 ab
1633 2042 1666 2062 eo
1688 2034 1743 2062 dif-

952 2089 1024 2116 ferre
1047 2086 1199 2114 videbatur.
1222 2084 1327 2111 Baanes
1342 2090 1424 2117 porro
1437 2089 1500 2110 eum
1518 2081 1670 2108 facinorum
1693 2080 1744 2108 dc-

952 2134 1130 2163 clarationem
1147 2131 1222 2159 nulla
1237 2134 1330 2166 posset
1344 2129 1450 2156 ratione
1462 2135 1605 2160 excusare,
1621 2127 1655 2155 ad
1671 2135 1744 2162 prac-

952 2180 1111 2207 dccessores
1128 2181 1233 2204 tantum
1249 2183 1314 2203 suos
1339 2174 1531 2210 confugiebat,
1554 2177 1582 2200 et
1595 2180 1627 2200 ex
1648 2172 1743 2200 condi-

954 2226 1026 2253 tione
1048 2230 1228 2259 personarum
1252 2221 1451 2256 turpitudinem
1472 2227 1559 2251 suam,
1573 2223 1601 2245 ut
1619 2218 1741 2254 putabat,

952 2280 1004 2299 nec
1019 2278 1088 2303 non,
1110 2269 1183 2305 quod
1203 2268 1230 2295 in
1247 2268 1381 2295 sententia
1398 2274 1446 2294 sua
1467 2266 1590 2293 odiosum
1610 2268 1678 2296 erat,
1693 2264 1744 2291 de-

953 2317 1082 2345 fendebat
1099 2320 1126 2343 et
1141 2313 1351 2342 eohouestabat.
1367 2311 1402 2339 Se
1417 2319 1478 2339 esse
1491 2310 1656 2344 discipulum
1672 2309 1743 2344 Epa-

953 2362 1073 2400 phroditi
1100 2361 1278 2398 gloriabatur,
1299 2363 1393 2394 utpote
1417 2358 1463 2393 qui
1485 2357 1545 2392 ejus
1569 2355 1744 2384 traditionem

94 2411 147 2438 τοῦ
177 2412 355 2446 φρονήματος
382 2411 540 2446 συνεκρότει
572 2418 601 2436 τε
629 2409 677 2437 καὶ
707 2408 894 2443 ἀπεσέμνυνετ

954 2413 1141 2440 veneraretur,
1155 2407 1226 2433 circa
1242 2406 1288 2432 illa
1301 2403 1482 2432 abominanda
1494 2406 1567 2438 gesta
1581 2401 1646 2428 nihil
1661 2401 1744 2428 dubi-

95 2457 233 2493 μαθητὴν
252 2456 349 2483 ἑαυτὸν
370 2456 417 2483 τοῦ
439 2455 638 2491 Ἐπαφροδίτου
663 2451 735 2481 εἶναι
762 2452 894 2488 μεγαλαυ-

953 2454 1063 2484 talionis
1081 2454 1123 2481 vel
1147 2452 1258 2488 pudoris
1283 2450 1384 2478 habere
1403 2449 1525 2480 dicebat,
1541 2455 1572 2476 ac
1593 2447 1616 2475 si
1632 2455 1688 2474 non
1703 2446 1745 2474 fa-

93 2505 169 2540 χὼν,
196 2504 245 2532 καὶ
259 2504 308 2540 τὴν
330 2503 436 2531 ἐκείνου
451 2503 574 2539 τιμῶντα
590 2501 753 2537 παράδοσιν,
769 2499 839 2536 πρὸς
853 2499 894 2531 τὰς

953 2501 1052 2531 cienda
1070 2504 1173 2528 essent.
1196 2497 1321 2533 Sergium
1341 2503 1407 2523 vero
1431 2495 1508 2530 quasi
1525 2494 1658 2522 novitium
1676 2501 1744 2522 con-

674 2569 791 2598 VARIIE
811 2567 1002 2598 LECTIONES
1015 2569 1068 2604 ,ΕΤ
1085 2567 1201 2596 NOTAE.

948 2627 1063 2658 νᾶσθαι,
1092 2626 1189 2654 melius
1212 2624 1325 2659 quidem
1345 2630 1389 2659 eg,
1419 2621 1471 2659 sed
1488 2619 1626 2659 non__satis
1648 2623 1741 2659 recte;

91 2654 503 2704 ror‘CJ’ex‘LrIKiiﬁé'éédlEﬂti
518 2654 667 2704 ιῖτῖξῖᾁιιὶιῆ
676 2654 763 2704 esi...
780 2654 786 2661 ’
835 2654 842 2661 ’
890 2696 898 2704 1
949 2654 1039 2704 sermo
1053 2654 1125 2702 enim
1141 2654 1236 2704 noster
1257 2663 1299 2704 est
1311 2658 1345 2685 de
1362 2657 1473 2704 Ty'cliici
1494 2655 1585 2704 studio
1602 2654 1742 2704 avertendi

132 2692 556 2741 (ῖδῖῖιὲῥῖἕᾴὖζῆρῖἰἷεῖιὲέῑίιῇιέ
595 2701 657 2728 Cor.
674 2699 772 2741 vr,'18,
787 2701 816 2726 et
827 2696 894 2732 apud

949 2699 1042 2741 aliosna
1055 2693 1457 2741 \'_et‘itate.ISiculttslexpressit
1474 2692 1702 2741 per-giqanagftl.

986 2735 1044 2766 (Mi)
1066 2731 1221 2760 Ταπεινόν.
1249 2726 1505 2756 Νοειει·’ταπεινῶν
1530 2726 1614 2762 ἦθος,
1646 2726 1743 2763 eodem

951 2778 1046 2839 δεεἳὶἓῇ
1066 2800 1379 2839 Μάλιστιίγε.-Νοειοτ
1396 2799 1514 2839 μάλιστα
1525 2798 1610 2839 δέιγε.

991 2832 1047 2877 με)
1067 2838 1135 2867 Κατ’
1150 2832 1252 2864 οὐδέὶκ
1267 2835 1364 2864 Noster
1376 2832 1505 2863 nicmluse
1519 2833 1588 2868 πρὸς
1603 2832 1690 2862 οὐδέν,

1545 2914 1563 2943 3

135 2635 197 2670 (42)
225 2634 258 2661 ἰι
273 2633 385 2670 πρώτη.
398 2631 502 2670 Recte;
518 2633 610 2670 noster
626 2627 813 2663 corrupteﬂiv-
825 2625 898 2661 quod

93 2734 218 2769 Petru'm
235 2734 358 2766 Siculum
370 2747 376 2770 ;
390 2743 417 2765 at
429 2734 524 2765 nost'er
533 2738 615 2764 habet
626 2734 790 2771 πορνεύσας.

133 2777 198 2810 (Η)
227 2773 366 2801 Ἑνιδεῐν.
387 2771 660 2810 ῌοειετ-εἱιιιριὶςὶιει·
681 2771 755 2810 last}.

132 2805 198 2845 (45)
227 2808 462 2845 “matur-rigat.
479 2808 527 2845 _lta
546 2805 646 2845 scripsi
661 2814 701 2845 ett
723 2805 898 2845 Colbertino;

89 2840 149 2882 ιπίι
167 2854 228 2882 quo
238 2840 424 2882 Coislinianus
444 2843 525 2882 habet
540 2840 734 2882 ἀπολανεῑσθαι
745 2861 751 2873 ,
769 2841 900 2882 inconve-

90 2877 215 2913 hicnter
229 2880 337 2913 legibus
354 2878 548 2915 grammaticis.
564 2880 657 2904 noster
667 2880 758 2904 autem
774 2877 897 2904 ἀποπλα-

227 2929 364 2960 ΡΑτιιοιι.
386 2928 444 2957 Gn.
467 2925 531 2956 Cll.
