1931 3082
197 149 233 181 75
773 149 906 182 PHOTII
921 149 1002 180 PATl

1057 147 1175 178 tRCH/E
1191 147 1245 178 ΟΡ.
1789 144 1828 176 '76

197 205 276 232 viciis
292 205 486 239 insectabatur,
510 207 556 242 qui
582 207 687 234 nullum
704 214 737 234 ex
757 207 909 242 insignibus
925 213 984 234 ma-

1060 204 1242 240 ττοτροπαίους
1265 203 1318 230 τῶν
1345 202 1472 238 πράξεων
1503 203 1551 230 καὶ
1575 202 1708 239 βδελυρὰς
1733 202 1827 229 οὐδένα

198 248 292 284 gistris
310 250 351 276 vel
364 250 487 283 vidisset,
503 251 545 278 vel
561 251 681 278 audisset
695 260 701 278 :
715 251 832 286 ideoque
846 258 909 278 eum
919 249 988 277 nihil

199 294 263 322 inile
277 295 345 323 lucis
358 300 498 324 mutuatus
512 302 595 330 esset,
610 298 635 324 in
647 305 740 325 errore
755 301 783 324 et
797 297 900 324 fallacia
916 297 988 323 ince-

200 339 286 367 deret.
301 340 516 369 Scelestissimus
537 342 628 376 itaque
642 341 747 368 Baanes
761 341 805 368 his
822 340 948 368 :emulum
962 344 990 367 et

199 387 385 414 adversarium
398 394 477 414 suum
487 388 644 422 impetebat,
658 395 772 422 seseque
781 387 908 422 jactabat.
923 385 990 413 Ver-

200 432 304 467 sipellis
317 436 408 460 autem
432 433 475 460 illa
491 433 546 461 fera
565 434 694 469 Sergius,
716 434 762 468 qui
776 441 831 461 non
848 437 941 468 aperte
961 432 989 459 in

200 477 257 505 luto
271 478 405 506 scelerum
427 479 608 512 volutarctur,
633 487 722 514 neque
742 487 856 514 pravum
879 478 990 513 impuri-

199 524 265 551 tatis
278 523 388 551 odorem
403 526 554 560 prteferret,
569 531 598 552 ut
613 525 727 558 Baanes,
743 525 790 553 scd
806 525 880 552 illam
897 524 990 551 multis

200 573 229 596 et
242 569 386 596 verborum
403 575 429 597 et
448 571 588 598 fictionum
613 571 762 598 involucris
783 571 936 605 obtegeret.
952 569 990 596 ita

201 615 328 646 invaluit,
344 621 374 643 ut
395 617 560 651 apostasiam
584 617 610 644 in
626 617 693 644 duas
717 621 809 652 partes
835 615 989 646 scinderet,

202 667 230 689 et
245 667 376 696 quotquot
389 663 415 689 in
430 663 528 690 Baanis
542 663 661 690 factione
685 663 841 695 manebant,
858 668 991 695 respuens

203 707 329 736 Baanitas
349 710 508 747 appellaret.
531 710 578 737 llle
604 717 670 736 vero
692 713 721 736 ut
743 709 793 744 ipsi
819 707 991 735 contumeliae

203 755 290 782 vicem
315 755 456 788 redderet,
475 763 533 789 eos,
557 756 602 790 qui
617 763 649 782 ex
669 760 744 790 parte
757 754 844 789 Sergii
864 753 990 784 stabant,

205 804 354 832 aversatus,
370 799 507 835 Sergiotas
521 800 645 826 similiter
660 798 856 830 dcnomiuavit,
871 796 992 831 quotidie

206 853 270 875 vero
286 847 424 873 contentio
436 852 463 873 et
484 846 626 873 dissidium
645 845 715 872 inter
733 853 781 872 eos
803 844 953 879 augebatur
966 847 993 870 et

1038 251 1187 285 δισταγμὸν
1209 251 1226 286 ἢ
1244 250 1369 286 ἐρύθημα
1392 250 1496 285 φέρειν,
1524 249 1563 280 ὡς
1583 251 1614 276 οὐ
1638 250 1692 285 χρὴ
1710 249 1827 284 πράττε-

1040 297 1102 324 σθαι
1117 296 1184 332 (49).
1200 296 1328 331 Νεοφανῆ
1348 295 1377 322 δὲ
1393 296 1507 331 Σέργιον
1526 295 1696 331 ἐλοιδορεῖτο,
1709 295 1758 322 καὶ
1775 304 1827 330 μη-

1038 343 1102 370 δένα
1125 343 1181 369 τῶν
1203 342 1348 377 ἐπισήμων
1376 341 1546 369 διδασκάλων
1568 343 1635 376 μήτε
1664 341 1740 374 ἰδεῖν,
1760 342 1829 376 μήτε

1039 387 1179 423 ἀκροατὴν
1206 387 1262 423 (50)
1291 388 1471 423 χρηματίσαι,
1498 390 1547 414 καὶ
1570 387 1613 413 διὰ
1636 386 1716 413 τοῦτο
1746 386 1830 421 μηδὲν

1040 434 1144 460 ἐκεῖθεν
1175 434 1319 460 σπάσαντα
1349 434 1439 468 φωτδς
1471 434 1499 459 ἐν
1539 433 1627 467 πλάνῃ
1662 432 1710 458 καὶ
1737 432 1829 467 ἀπάτῃ

1039 479 1260 514 διαπορεύεσθαι.
1283 479 1313 505 ’0
1327 479 1375 514 μὲν
1389 477 1436 505 οὖν
1450 478 1594 512 ἐξάγιστος
1607 477 1716 512 Βαάνης
1725 477 1830 509 τούτοις

1039 533 1070 551 τε
1099 525 1145 550 τὸν
1165 524 1313 560 ὁμότεχνον
1341 525 1389 550 καὶ
1416 523 1634 558 ἀντιστασιώτην
1663 522 1758 548 ἔϐαλεν
1784 523 1832 549 καὶ

1041 569 1135 595 ἑαυτὶν
1146 569 1320 603 ἐμεγάλυνεν.
1336 569 1373 595 Τὸ
1401 568 1430 595 δὲ
1450 568 1572 594 ποικίλον
1586 567 1680 602 Θηρίον
1693 568 1707 594 ὁ
1721 567 1832 601 Σέργιος

1041 613 1072 639 τὸ
1085 614 1121 648 μὴ
1137 613 1296 648 βεὸυοίσθαι
1315 613 1475 648 περιφανῶς
1489 612 1577 644 οὕτως
1588 613 1642 638 τῶν
1656 613 1782 647 πράξεων
1793 611 1832 646 τῷ

1043 658 1175 694 βορῦὸρῳ,
1199 659 1260 694 μηδ’
1274 659 1361 691 οὕτως
1378 659 1491 692 ἀπᾶζειν
1515 658 1610 694 ὥσπερ
1626 660 1640 685 ὁ
1654 659 1761 693 Βαάνης
1782 659 1834 693 τὴν

1041 704 1223 740 ἀκαθαρσίαν,
1239 704 1307 731 ἀλλὰ
1324 701 1432 736 πολλοῖς
1444 704 1547 739 ταύτην
1564 704 1612 730 καὶ
1631 704 1763 738 ῥημάτων
1782 703 1832 730 καὶ

1043 751 1194 785 φασμάτων
1204 750 1444 785 παρακαλύμμασι
1453 750 1640 785 περιστέλλειν
1649 749 1746 776 ἐλαϐεν
1757 750 1834 784 ίσχὺν

1044 796 1084 826 εἰς
1100 795 1147 822 δύο
1170 795 1220 831 τὴν
1246 796 1416 823 ἀποστασίαν
1439 798 1531 831 σχῖσαι
1547 796 1613 831 (Si),
1639 797 1684 822 καὶ
1697 796 1759 827 τοὺς
1786 796 1835 830 μὲν

1044 841 1101 867 ὅσοι
1118 842 1167 876 τῆς
1192 842 1300 876 μερίδος
1327 842 1457 878 ὤφθησαν
1469 842 1517 869 τοῦ
1533 843 1665 873 Βαάνους,
1681 843 1762 873 αὐτὸς
1779 842 1836 868 δια-

207 888 400 920 invalescebat,
417 889 533 924 indeque
546 890 637 916 odium
653 889 726 916 inter
747 888 924 916 detestandas
937 887 995 914 illas

1057 887 1141 914 ττύων
1156 888 1288 920 Βαανὶτας
1304 889 1406 916 ἐκάλει.
1425 889 1544 920 Ἐκεῖνος
1558 889 1579 914 δ’
1592 888 1773 923 ἀμειϐόμενος
1787 887 1836 922 τήν

207 934 339 961 factiones
351 934 576 961 irreconciliabile
591 934 691 960 factum
707 936 759 960 est.

1049 931 1140 968 ὕϐριν,
1153 934 1356 970 ἀποτροπαίους
1371 943 1401 960 τε
1415 933 1461 966 οὓς
1484 935 1501 970 ἡ
1517 935 1600 969 μοῖρα
1623 932 1681 968 εἶχε
1706 933 1754 960 τοῦ
1768 934 1836 968 Σερ-

207 980 268 1014 γίου
281 980 408 1011 ἐποιεῖτο,
419 981 466 1006 καὶ
481 979 636 1014 Σεργιώτας
651 979 792 1014 ὠνόμαζεν
808 978 919 1014 ὁμοίως.
935 978 990 1004 Καὶ
1008 975 1043 1013 ἦν
1060 979 1109 1014 μὲν
1123 980 1214 1012 αὐτοῖς
1228 982 1244 1015 ἡ
1276 981 1337 1016 ἓρις
1357 983 1404 1008 καὶ
1427 981 1520 1012 στάσις
1538 980 1599 1008 καθ’
1617 980 1726 1016 ἡμέραν
1756 981 1837 1014 αὐξο-

210 1029 279 1063 μένη
303 1036 333 1054 τε
347 1027 395 1054 καὶ
410 1027 612 1062 κραταιουμένη
632 1027 678 1053 καὶ
694 1027 744 1058 τὰς
761 1027 862 1062 μιαρὰς
881 1025 995 1061 μερίδας
1014 1027 1054 1058 εἰς
1066 1027 1196 1054 ἄσπονδον
1213 1028 1313 1064 ἔχθραν
1329 1029 1501 1056 καθεστῶσα.

245 1073 342 1101 XXlll.
363 1074 520 1108 Insequenti
534 1081 599 1101 vero
615 1078 743 1108 tempore.
753 1074 808 1100 vita
827 1073 922 1108 functo
934 1073 999 1099 Ser—

209 1120 253 1156 gio
268 1121 295 1147 in
307 1125 409 1147 tantam
422 1120 546 1155 discipuli
560 1120 619 1154 ejus
633 1124 728 1147 contra
744 1119 870 1147 Baanitas
885 1124 1000 1147 conten—

210 1167 312 1194 tionem
337 1171 504 1201 eruperuut,
530 1171 560 1193 ut
579 1174 634 1194 non
655 1166 724 1193 ultra
744 1166 834 1194 verbis
856 1170 883 1193 et
905 1169 1003 1192 contu-

212 1212 311 1245 meliis,
338 1212 385 1239 sed
409 1212 534 1238 manibus
563 1216 591 1239 et
611 1212 715 1247 gladiis,
746 1211 947 1242 decerneretur,
977 1215 1005 1238 et

211 1266 309 1293 magna
323 1257 410 1284 caedes
423 1258 499 1284 ﬁeret
513 1257 710 1284 Baanistarum.
740 1256 906 1283 Prtevalebat
930 1256 1003 1283 enini

212 1304 299 1340 Sergii
332 1304 413 1330 factio
439 1309 495 1330 tum
515 1303 699 1336 multitudine,
715 1307 783 1334 tum,
804 1303 866 1337 quia
889 1302 1004 1329 militum

213 1351 261 1385 qui
287 1350 358 1384 apud
382 1349 443 1376 illos
459 1354 526 1381 erat.
547 1349 702 1383 prtefectus,
721 1348 815 1383 Sergio
828 1347 1003 1379 asscntiebat,

214 1404 247 1423 ac
262 1396 383 1423 Baanitae
396 1404 409 1422 a
422 1395 621 1422 contribulibus
634 1399 660 1421 et
672 1394 861 1421 consectaneis
887 1394 1007 1420 interne-

217 1444 296 1469 -~ione
307 1442 389 1469 deleti
404 1441 533 1474 fuissent,
554 1441 604 1468 nisi
617 1440 738 1475 quidam,
755 1440 865 1466 nomine
880 1439 1008 1466 Theodo-

220 1495 274 1521 tus,
289 1488 364 1515 cultu
382 1487 493 1523 impius.
511 1487 533 1514 si
550 1487 610 1522 quis
629 1486 699 1512 alius
723 1485 809 1521 Sergii
825 1484 1009 1520 comperegri-

219 1543 281 1568 nus,
298 1539 466 1570 grassantem
483 1534 582 1560 cmdem
597 1532 820 1567 compescuisset,
836 1536 864 1558 et
878 1531 1009 1564 scdasset,

219 1586 277 1608 tum
291 1580 430 1608 blanditiae
441 1580 529 1615 plenis
543 1579 635 1606 verbis
649 1586 726 1610 usus,
753 1583 808 1606 tum
831 1578 913 1604 etiam
933 1584 1008 1604 com-
1022 1594 1044 1620 (Σ

219 1627 294 1654 muni
319 1627 357 1653 rei
381 1626 506 1653 conferre
533 1625 672 1655 dictitans,
697 1630 778 1659 atque
805 1623 898 1650 multis
926 1623 1007 1658 gestis

221 1673 366 1707 verbisque
392 1672 521 1707 probatis,
546 1676 688 1705 utramque
717 1671 862 1699 factionem
886 1670 1008 1705 ejusdem

220 1727 282 1746 esse
308 1719 431 1754 originis,
463 1718 617 1752 iisdemque
646 1717 892 1746 consm-tudiuibus
915 1724 1010 1744 accre-

221 1766 304 1798 visse,
318 1772 490 1791 conmunem
505 1763 634 1791 habuisse
650 1763 762 1795 victum,
786 1763 931 1790 concordia
958 1764 1009 1790 sibi

223 1811 399 1838 securitatem
415 1817 537 1845 parasse,
553 1817 614 1836 cum
632 1809 659 1836 in
671 1809 760 1836 dubiis
772 1810 843 1836 circa
858 1809 1010 1837 doctrinam

225 1858 289 1885 nihil
306 1857 395 1892 magni
404 1857 534 1884 momenti
545 1861 634 1889 esset;
650 1856 783 1890 annisque
799 1856 892 1883 multis
903 1857 939 1882 ita
948 1864 1011 1891 per-

225 1913 364 1933 severasse
377 1911 462 1939 usque
473 1904 506 1931 ad
517 1903 603 1939 Sergii
619 1903 741 1939 magistri
757 1903 1010 1938 inaugurationem:

224 1959 279 1979 non
290 1955 416 1985 oportere
432 1955 472 1977 tot
486 1957 619 1976 annorum
631 1957 793 1976 consensum
814 1954 840 1975 et
855 1948 1011 1975 societatem

224 1998 252 2023 in
266 1996 425 2031 sanguinem
447 2001 474 2023 et
492 1995 581 2023 credes
601 1996 737 2026 desinere,
766 2003 853 2029 neque
879 2002 928 2029 par
952 2001 1012 2021 esse

225 2049 282 2072 eos.
299 2041 363 2076 quin
381 2042 408 2068 in
423 2041 504 2068 rebus
518 2041 662 2075 praecipuis
679 2040 760 2067 etiam
778 2047 852 2066 nunc
874 2038 1011 2073 conjuncti

225 2092 253 2114 et
267 2087 390 2122 ejusdem
409 2086 547 2121 opinionis
558 2091 660 2118 essent,
683 2085 718 2112 ob
744 2085 874 2120 quasdam
890 2090 1013 2111 recentes

225 2133 424 2161 controversias
447 2132 519 2158 ultro
537 2132 660 2166 citroque
692 2131 828 2162 subortas,
856 2130 932 2165 quasi
954 2138 1014 2157 om-

225 2179 292 2206 nino
312 2178 493 2205 heterodoxos
517 2181 544 2205 et
570 2178 667 2215 impios
690 2176 778 2212 gladio
794 2181 821 2202 et
836 2176 919 2203 exitio
933 2176 1013 2203 tradi.

226 2224 338 2252 Talibus
363 2223 408 2251 ille
433 2223 514 2251 dictis
531 2228 652 2250 mutuam
668 2223 770 2250 easdem
798 2228 1014 2257 eompescuerat,

1084 1075 1148 1102 Kl".
1169 1076 1263 1111 Χρόνῳ
1275 1076 1302 1103 δὲ
1315 1077 1428 1111 ὕστερον
1441 1077 1548 1112 θανάτῳ
1560 1077 1605 1103 τὸν
1619 1076 1674 1111 βίον
1690 1077 1839 1110 καταστρέ-

1049 1121 1150 1155 ψαντος
1168 1121 1295 1156 Σεργίου,
1311 1122 1357 1148 ἐπὶ
1373 1122 1492 1149 τοιοῦτον
1509 1124 1533 1149 οἱ
1550 1123 1647 1149 τούτου
1663 1123 1784 1157 μαθηταὶ
1799 1123 1839 1153 εἰς

1050 1167 1099 1202 τὴν
1115 1167 1182 1202 πρὸς
1193 1168 1257 1199 τοὺς
1269 1168 1404 1200 Βασνίτας
1415 1169 1607 1204 ἀνερράγησαν
1625 1169 1726 1204 μάχην,
1743 1168 1780 1200 ὡς
1789 1169 1840 1194 οὐκ

1052 1213 1091 1239 ἔτι
1108 1213 1198 1246 λόγοις
1216 1214 1263 1239 καὶ
1278 1214 1435 1250 λοιδορίαις,
1455 1215 1522 1241 ἀλλὰ
1534 1215 1582 1241 καὶ
1597 1216 1676 1250 χερσὶ
1689 1215 1736 1241 καὶ
1750 1214 1840 1248 ξίφεσι

1054 1259 1196 1294 κρίνεσθαι
1217 1259 1265 1294 τὴν
1282 1260 1352 1296 ἔριν,
1368 1261 1416 1287 καὶ
1431 1261 1516 1287 πολὺν
1536 1261 1616 1295 φόνον
1633 1261 1687 1287 τῶν
1705 1261 1841 1286 [iuviqu

1055 1305 1163 1341 ῥυῆναι.
1195 1306 1359 1342 Ἐπεκράτει
1385 1308 1441 1343 γὰρ
1465 1308 1482 1341 ἡ
1510 1308 1589 1342 μερὶς
1611 1307 1725 1342 Σεργίου
1748 1306 1787 1340 τῷ
1812 1314 1842 1331 τε

1056 1351 1162 1386 πλήθει,
1178 1351 1225 1377 καὶ
1239 1352 1279 1378 ὅτι
1295 1352 1344 1385 τῆς
1361 1352 1389 1377 ἐν
1409 1352 1502 1383 αὐτοῖς
1519 1352 1662 1386 ὁπλιτικῆς
1676 1351 1817 1386 δυνάμεως
1829 1352 1844 1377 ὁ

1055 1397 1147 1432 ἄρχων
1171 1399 1204 1432 τῇ
1230 1397 1293 1432 δόξῃ
1320 1398 1520 1431 προσαπέκλινε
1538 1398 1664 1433 Σεργίου·
1693 1399 1739 1424 καὶ
1755 1397 1788 1424 ἂν
1804 1398 1844 1428 εἰς

1056 1444 1144 1475 τέλος,
1159 1443 1253 1479 ὥσπερ
1266 1442 1301 1479 ἦν
1316 1444 1402 1478 ἄξιον,
1421 1445 1444 1470 οἱ
1461 1444 1592 1471 Βαανῐται
1609 1444 1661 1471 ὑπὸ
1677 1444 1731 1470 τῶν
1747 1444 1843 1478 ὁμοδό-

1059 1489 1111 1522 ξων
1127 1491 1172 1517 καὶ
1187 1490 1330 1524 ὁμοφύλων
1347 1491 1445 1526 χειρῶν
1466 1490 1688 1526 ὡλοορεύθησαν,
1704 1490 1728 1516 εἰ
1751 1490 1786 1524 μή
1802 1497 1846 1521 τις

1058 1535 1183 1566 Θεόδοτος
1196 1534 1297 1569 ὄνομα,
1311 1534 1444 1570 δυσσεὸὴς
1460 1536 1484 1561 εἰ
1499 1534 1546 1561 καί
1558 1543 1601 1565 τις
1621 1534 1700 1565 ἄλλος
1712 1534 1761 1568 τὴν
1776 1532 1843 1568 ορη-

1060 1581 1169 1613 σχείαν,
1190 1581 1357 1615 συνέκδημος
1385 1581 1502 1616 Σεργίου
1529 1580 1676 1615 λεγόμενος
1699 1579 1744 1605 τὸν
1767 1580 1846 1613 φόνον

1059 1627 1142 1659 ὀξέως
1157 1627 1253 1662 ῥέοντα
1268 1626 1366 1661 ἀνέσχε
1379 1635 1409 1652 τε
1424 1627 1471 1653 καὶ
1482 1626 1623 1660 ἀνέκοψεν,
1634 1625 1724 1656 ἄλλοις
1738 1633 1767 1650 τε
1782 1624 1847 1651 πολ-

1059 1672 1115 1704 λοῖς
1130 1671 1265 1707 αἱμυλίοις
1277 1671 1366 1706 λόγοις
1381 1672 1428 1698 καὶ
1441 1671 1478 1707 τὸν
1488 1673 1563 1706 κοινῇ
1586 1672 1709 1697 συνοῖσον
1721 1669 1847 1705 εἰσηγού-

1061 1706 1290 1753 μενοςςφάμενύς
1312 1726 1341 1744 τε
1363 1719 1410 1744 καὶ
1434 1706 1647 1751 διατεινόμενος,
1665 1717 1712 1743 καὶ
1739 1717 1848 1748 πολλοῖς

1060 1763 1274 1795 κατασκευάζων
1287 1763 1377 1798 ἔργοις
1388 1783 1395 1795 ,
1414 1764 1461 1790 καὶ
1473 1763 1563 1797 λόγοις
1579 1764 1610 1789 τὸ
1626 1763 1847 1798 προτεινόμενον.

1060 1809 1097 1841 ὠς
1108 1810 1227 1844 ἑκατέρα
1240 1811 1318 1845 μερὶς
1331 1810 1380 1844 τῆς
1391 1810 1475 1845 αὐτῆς
1489 1811 1541 1836 εἱσι
1554 1809 1731 1845 βλαστήματα
1745 1810 1849 1844 σπορᾶς

1060 1857 1108 1883 καὶ
1130 1857 1187 1888 τοῖς
1202 1856 1292 1888 αὐτοῖς
1307 1856 1380 1883 ἕοεσι
1397 1856 1606 1892 συνηυεήθησαν
1623 1857 1670 1883 καὶ
1684 1856 1774 1890 κοινὴν
1790 1855 1848 1889 (52)

1061 1903 1111 1938 τὴν
1126 1902 1232 1929 δίαιταν
1245 1900 1328 1936 εἶχον,
1341 1903 1388 1928 καὶ
1403 1903 1516 1938 ὁμονοίᾳ
1530 1902 1757 1938 περιετειχίζοντο
1772 1902 1848 1928 οὐδὲν

1063 1948 1134 1983 μέγα
1152 1949 1216 1984 περὶ
1237 1948 1292 1974 τῶν
1308 1948 1553 1983 ἀμφιῧαλλομένων
1579 1949 1783 1980 στασιάζοντες,
1803 1949 1850 1973 καὶ

1061 1995 1141 2022 τοῦτο
1150 1995 1262 2030 ἐκράτει
1273 1995 1378 2030 χρόνοις
1390 1995 1497 2026 πολλοῖς
1513 1995 1594 2030 μέχρι
1604 1995 1654 2030 τῆς
1668 1995 1714 2021 τοῦ
1728 1995 1852 2021 διδασκά-

1062 2041 1110 2068 λου
1127 2041 1240 2076 Σεργίου
1258 2040 1420 2072 ἀναδείξεως
1440 2041 1487 2067 καὶ
1508 2041 1545 2072 ὡς
1559 2041 1589 2067 οὺ
1610 2040 1663 2076 χρὴ
1684 2041 1714 2067 οὐ
1737 2041 1785 2074 μὲν
1805 2040 1851 2067 οὖν

1063 2087 1112 2122 τὴν
1128 2087 1157 2112 ὲν
1173 2085 1309 2117 τοσούτοις
1323 2086 1429 2121 χρόνοις
1438 2086 1591 2121 σύμπνοιάν
1599 2095 1629 2112 τε
1643 2087 1690 2113 καὶ
1703 2087 1851 2121 συνάφειαν

1064 2133 1104 2164 εἰς
1116 2132 1218 2167 αἵματα
1232 2132 1278 2158 καὶ
1293 2133 1400 2166 σφαγὰς
1414 2131 1548 2162 διαλῦσαι,
1567 2131 1627 2159 οὐδὲ
1646 2131 1709 2163 τοὺς
1724 2133 1764 2164 εἰς
1781 2132 1852 2158 αὐτὰ

1064 2179 1099 2205 τὰ
1118 2178 1213 2214 καίρια
1237 2178 1293 2215 (ὕῦ)
1315 2179 1363 2204 καὶ
1385 2178 1431 2204 νῦν
1459 2179 1648 2212 συνημμένους
1677 2178 1732 2213 (56)
1749 2187 1777 2204 τε
1805 2179 1853 2205 καὶ

1066 2223 1285 2259 ὁμοφρονοῦντας
1307 2225 1351 2251 διά
1371 2233 1446 2255 τινας
1470 2225 1635 2259 προσφάτως
1654 2224 1711 2259 (55)
1736 2225 1852 2260 ἁναρρι-

225 2270 299 2305 quod
317 2270 420 2298 utinam
433 2269 534 2296 factum
544 2277 597 2295 non
615 2269 710 2295 fuisset
729 2277 735 2294 :
752 2267 810 2294 lues
832 2267 903 2294 enim
921 2268 964 2295 illa
977 2273 1002 2295 to

1069 2270 1213 2301 πισθείσας
1232 2270 1364 2306 διαφορὰς
1378 2270 1415 2301 ὡς
1432 2270 1488 2303 (56)
1506 2271 1696 2305 ἐτεροπίστους
1715 2270 1853 2302 παντελῶς

225 2317 378 2344 animarum
396 2315 542 2352 perniciem
560 2323 613 2342 non
628 2319 759 2350 parasset.

1071 2317 1119 2343 καὶ
1146 2316 1243 2348 ἀθέους
1270 2316 1310 2347 είς
1330 2317 1375 2342 τὺν
1401 2317 1444 2343 διὰ
1467 2315 1560 2349 ξίφους
1580 2316 1689 2350 ὄλεθρον
1707 2315 1762 2350 (57)
1777 2316 1854 2349 ἀφει-

227 2363 280 2394 δῶς
293 2363 500 2398 παραπέμπειν.
520 2361 590 2390 Ἀλλ’
604 2362 618 2387 ὁ
632 2362 681 2396 μὲν
693 2362 824 2394 τοιούτοις
837 2361 894 2388 τισὶ
909 2362 1013 2397 ῥήμασι
1029 2363 1075 2389 τὸν
1088 2362 1149 2390 κατ’
1159 2363 1283 2398 ἀλλήλων
1300 2362 1347 2396 (ὡς
1362 2361 1417 2389 εἴθε
1431 2362 1468 2398 μὴ
1481 2361 1594 2397 ὤφελεν·
1607 2362 1638 2388 οὐ
1647 2362 1701 2397 γὰρ
1717 2361 1749 2387 ἂν
1758 2361 1772 2387 ὸ
1785 2361 1854 2395 ψυχ-

227 2409 337 2444 όλεθρος
351 2409 460 2439 πλείους
477 2407 631 2442 ἐπενεμήθη
645 2407 743 2442 ψυχὰς)
762 2407 858 2442 ἔστησε
871 2407 961 2441 φόνον.

778 2463 892 2491 VARl/E
911 2462 1101 2490 LECTIONES
1119 2462 1163 2490 ΕΤ
1186 2463 1304 2491 ΝΟΤᾹΞ.

267 2520 321 2557 (49)
341 2520 534 2557 Πράττεσθαι.
550 2519 644 2552 Recte,
662 2527 710 2554 pro
720 2527 753 2547 co
769 2520 842 2555 quod
861 2525 954 2548 noster
966 2521 1013 2548 ha-

229 2557 277 2585 bet
291 2556 500 2590 πραττεὺεσθαι.

267 2590 322 2626 (50)
341 2590 510 2624 Ἀκροατήν.
525 2590 649 2625 Optime;
665 2594 759 2626 noster
773 2590 903 2617 mendose
913 2590 1011 2625 ἀκροα-

230 2626 289 2658 τάς.
305 2626 343 2652 De
356 2633 411 2652 uno
428 2626 501 2652 enim
517 2626 611 2660 Sergio
630 2633 719 2652 sermo
743 2625 786 2652 hic
807 2630 863 2658 est,
887 2630 1016 2660 tanquam

228 2662 276 2696 qui
288 2660 435 2696 multosrex
450 2661 682 2696 prestantioribus
697 2660 853 2696 doctoribus
870 2661 1014 2687 audiverit.

231 2695 247 2759 ἰ
268 2696 323 2758 (fit)
343 2695 460 2729 Σχῖσαι.
477 2695 560 2722 ltecte
580 2703 629 2730 pro
645 2695 767 2730 σχίσῡαι,
782 2696 854 2730 quod
873 2695 900 2722 in
924 2700 1017 2722 nostro

242 2739 285 2759 ein
299 2739 340 2758 ur.

242 2732 340 2760 eaitur.

259 2739 464 2801 ἥὲἓῖικωνήν.
495 2765 530 2792 lta
550 2765 656 2793 restitui
675 2773 707 2792 ex
735 2770 845 2798 nostro,
863 2773 913 2800 pro
930 2766 1015 2800 κοινῇ,

231 2803 310 2838 quod
322 2802 439 2838 habebat
451 2801 640 2838 Cpislininnus.

266 2836 323 2872 (55)
335 2835 449 2871 Kulpta,
465 2836 493 2863 Id
507 2840 557 2867 est,
568 2836 716 2870 pra’cipuw.
730 2836 880 2871 palmaria.
895 2835 940 2862 Sic
955 2835 1017 2862 rhe-

233 2873 336 2902 toribus
355 2872 448 2907 καιξρια
475 2877 606 2899 vocantur
629 2879 660 2899 ea
678 2876 855 2906 argumenta,
879 2879 939 2906 qua:
959 2879 1015 2898 rem

1063 2520 1223 2548 conficiunt.
1240 2519 1308 2547 Vide
1323 2520 1476 2555 Longinum
1492 2520 1560 2555 Περὶ
1575 2519 1670 2554 ὕψους,
1683 2526 1750 2548 sect.
1768 2521 1812 2552 10,
1827 2522 1854 2548 Ι.

1062 2555 1163 2591 Confer
1174 2555 1268 2582 Claud.
1284 2555 1457 2591 Salmasium,
1474 2555 1513 2582 Ad
1526 2555 1702 2590 Simplicium,
1721 2564 1748 2591 p.
1762 2557 1788 2583 4.

1101 2590 1156 2625 (54)
1185 2590 1410 2625 Συνημμένους.
1442 2590 1550 2625 Optime
1580 2599 1629 2625 pro
1661 2590 1856 2626 συνήγμένους,

1065 2626 1138 2661 quod
1169 2630 1261 2653 noster
1290 2626 1405 2659 legebat.
1436 2626 1516 2653 Prius
1549 2626 1660 2661 proprie
1694 2627 1857 2661 conjun'ctus

1067 2661 1168 2692 animo,
1183 2661 1317 2695 posterius
1331 2661 1390 2687 loco
1401 2661 1511 2695 jttnctos
1525 2662 1646 2689 denotat.

1104 2696 1160 2730 (55)
1185 2695 1378 2730 Προσφάτως.
1405 2695 1490 2723 Recte
1515 2697 1698 2723 (loislinianus
1726 2705 1733 2722 :
1763 2702 1858 2723 noster

1066 2730 1251 2767 προσφάτους,
1267 2731 1364 2758 codctu
1385 2732 1495 2766 quidem
1519 2739 1612 2762 sensu,
1628 2732 1673 2758 sed
1694 2732 1786 2758 minus
1801 2732 1857 2758 ele-

1066 2770 1257 2806 gantefhcum
1279 2767 1438 2794 adverbium
1461 2767 1507 2794 hic
1524 2767 1611 2802 magis
1625 2767 1750 2801 quadret,
1774 2775 1856 2802 quam

1084 2806 1249 2828 artlcmtum.

1066 2809 1249 2836 paruetptum.

1103 2837 1158 2868 (56)
1179 2836 1236 2869 Ὦς.
1253 2836 1351 2865 Recte.
1368 2844 1418 2872 pro
1439 2845 1493 2872 quo
1506 2837 1639 2865 mendose
1668 2837 1696 2863 in
1711 2842 1806 2864 nostro
1820 2837 1855 2864 εἰ.

1104 2872 1159 2907 (57)
1174 2873 1328 2907 ”().1εθρον.
1340 2873 1440 2900 Noster
1450 2873 1565 2900 θάνατον
1580 2873 1645 2910 legit
1653 2872 1749 2900 eodem
1761 2880 1844 2900 sensu
