1931 3082
90 143 119 155 Il

93 143 119 174 77
618 140 771 171 CONTRA
791 139 1022 170 MANICH/‘EOS
1038 140 1154 170 LIBER
1174 139 1198 169 Ι.

1678 137 1713 168 78

121 198 174 224 KA'.
187 196 297 231 Μιχαὴλ
313 196 438 232 μέντοιγε
455 195 510 231 (58)
522 196 569 222 τοῦ
586 196 730 232 βασιλέως.
742 196 777 223 τὰ
798 195 866 223 Ῥω-

956 195 1051 224 XXIV.
1070 195 1186 223 Michael
1204 202 1281 227 vero,
1309 194 1354 229 qui
1385 193 1590 230 imperatoriam
1607 197 1714 221 vestem

91 244 166 280 μαϊκὰ
179 243 305 279 σκῆπτρα
323 243 473 275 διέποντος,
491 243 520 276 ὂς
532 243 564 269 ἐκ
579 243 629 276 τῆς
649 243 787 278 βασιλείου
804 251 865 269 στο-

90 289 131 324 λῆς
144 289 179 320 είς
196 288 227 315 τὸ
250 289 306 315 τῶν
324 289 452 324 μοναχῶν
473 288 596 324 ἠμείφθη
622 289 731 324 σχῆμα,
748 289 796 315 καὶ
818 287 866 314 τοῦ

92 336 142 370 μετ’
152 335 226 362 αὐτὴν
241 335 453 369 βασιλεύσαντος
464 336 578 367 Λέοντος
589 336 639 362 οὐκ
659 337 688 362 ὲν
700 336 739 372 τῷ
751 335 867 372 ῥᾳθὺμῳ

90 379 133 414 τὴν
145 379 304 414 ἀναζήτησιν
316 379 364 406 καὶ
379 378 495 415 ἔρευναν
507 380 558 414 τῆς
573 380 742 410 ἀποστασίας
755 380 867 414 τιθεμέ-

90 433 145 455 νων,
155 425 218 451 ἀλλὰ
229 426 277 452 καὶ
287 425 408 459 σπουδὴν
418 425 466 461 τὴν
480 425 639 460 πρέπουσαν
647 426 762 458 ἁναδεξα
766 427 865 460 μένων,

90 471 231 498 στέλλονταί
255 480 327 503 τινες
348 471 403 499 τῶν
427 472 477 499 οὐκ
497 473 614 508 ἀσήμων
632 472 684 499 ὁ.νά
708 474 798 500 πᾶσαν
818 473 868 508 τὴν

95 516 238 552 Ῥωμαϊκὴν
259 518 364 553 ἀρχὴν,
379 519 458 550 τοὺς,
476 519 502 545 εἴ
516 527 589 550 τινες
599 518 632 546 ἂν
649 518 803 554 φωραθεῖεν
818 519 868 553 τῆς

89 562 205 598 τοιαύτης
218 563 330 598 κάτοχοι
343 564 491 599 θεομαχίας
501 585 508 597 ,
532 564 648 600 ἐπείπερ
671 565 803 597 πολλάκις
816 565 867 591 αὺ-

89 610 176 641 τοὺςαὶ
185 609 238 636 τῶν
247 610 397 645 ἀρχιερέων
408 611 454 637 καὶ
462 610 557 646 ἱερέων
565 611 702 638 νουθεσίαι
711 611 757 638 καὶ
768 620 870 645 παραι-

89 655 168 685 νέσεις
177 654 250 680 οὐδὲν
261 653 323 680 οὔτε
334 653 452 689 ὤνησαν,
466 654 527 681 οὔτε
539 655 716 690 μεταϐάλλειν
728 656 783 692 (59)
795 655 869 682 ἐπει-

89 708 133 726 σαν
142 699 186 735 τὴν
198 699 338 732 ἀσέϐειαν,
349 694 461 732 τούτους
471 700 576 732 οὕτωςά
582 700 745 735 μεταθέτως
756 701 869 736 ἔχοντας

87 746 122 777 ὡς
137 746 223 780 κοινὴν
234 745 324 782 λύμην
339 746 386 773 καὶ
396 747 499 781 φθορὰν
515 746 562 773 τοῦ
574 746 668 780 γένους
678 747 747 782 πρὸς
761 747 807 774 τὸν
825 746 870 773 διὰ

87 791 173 824 ξίφους
182 791 296 818 θάνατον
311 792 438 827 ὑπάγειν.
455 790 544 819 Ἦκεν
558 791 604 819 οὖν
620 793 655 819 τὰ
669 793 870 828 προστάγματα

87 839 130 865 καί
145 839 181 870 είς
200 839 249 873 τὴν
273 838 444 873 καλουμένην
468 838 560 874 χώραν
581 839 636 866 τῶν
669 838 867 875 Ἀρμενιακῶν.

917 242 943 269 in
958 243 1147 270 monachalem
1160 241 1347 273 commutavit.
1371 241 1470 276 eteius
1484 248 1627 269 successor
1647 235 1715 273 Leo,

917 287 950 315 de
965 287 1119 322 liujnsmodi
1129 287 1263 323 apostasia
1280 287 1507 323 perquisitionem
1531 287 1588 314 ﬁeri
1602 295 1658 314 non
1673 286 1716 314 in-

919 333 1067 369 diligenter
1082 339 1223 366 curarunl,
1249 334 1297 361 sed
1312 341 1364 369 qua
1390 341 1438 369 par
1455 339 1514 363 erat
1534 334 1718 362 sollicitudine

916 387 966 414 per
979 387 1075 407 omnes
1102 379 1210 414 imperii
1236 379 1352 407 Romani
1386 379 1456 407 fines
1480 380 1554 407 viros
1584 380 1718 415 dignitate

916 429 1079 460 prrestnntes
1094 425 1241 458 miserunt,
1256 429 1297 456 ut,
1312 425 1533 459 quandoquidem
1542 426 1576 452 ab
1583 425 1718 461 episcopis

917 476 945 498 et
978 471 1169 498 sacerdotibus
1193 470 1353 506 frequenter
1377 471 1473 498 moniti
1500 471 1574 506 impii
1602 471 1640 499 illi
1666 479 1719 499 nec

917 518 1190 552 obtemperaverant,
1221 525 1274 545 nec
1295 518 1480 553 resipuerant,
1496 518 1519 545 si
1534 526 1602 553 quos
1619 518 1718 554 depre-

917 564 1071 591 henderent
1082 563 1128 590 tali
1144 563 1279 598 impietati
1297 563 1443 596 obnoxios,
1460 565 1508 598 qui
1524 563 1557 590 ad
1577 564 1719 591 meliorem

918 617 948 636 se
961 609 1067 645 frugem
1089 609 1213 644 recipere
1234 609 1357 642 nollent,
1379 610 1456 645 quasi
1477 617 1651 637 communem
1671 617 1720 645 pe-

921 661 990 683 stem
1004 661 1032 684 et
1045 657 1154 692 generis
1167 656 1280 683 humani
1296 655 1447 691 perniciem
1458 655 1546 691 gladio
1557 655 1720 690 plecterent.

920 702 985 730 Haec
1006 703 1099 737 itaque
1124 702 1201 737 jussa
1217 706 1355 730 venerunt
1376 702 1403 729 in
1421 701 1562 737 regionem
1578 701 1722 728 Armenia-

919 756 1014 776 corum
1029 749 1140 776 dictam.
1162 748 1283 776 Thomas
1303 755 1368 775 vero
1387 752 1451 775 tunc
1464 747 1647 774 Neoczesarcae
1661 748 1722 782 epi-

920 801 1019 829 scopus
1033 798 1102 827 erat,
1115 794 1209 821 aderat
1221 798 1248 821 et
1256 793 1326 820 alius
1337 793 1446 828 quidam
1463 792 1575 820 nomine
1584 791 1722 819 Paracon-

921 840 1012 874 daces,
1028 841 1073 875 qui
1106 844 1172 868 tunc
1199 840 1334 874 temporis
1355 839 1495 866 eminebat
1513 839 1584 866 inter
1598 846 1656 872 eos,
1674 838 1721 873 qui

87 884 180 918 Θωμᾶς
201 884 231 910 δέ
251 881 284 919 ἦν
308 884 459 919 τηνικαῦτα
480 885 699 920 Νεοκαισαρείας
721 885 871 916 ἐπίσκοπος

935 893 1071 916 tonestate
1088 895 1196 915 morum
1212 887 1330 922 praediti,
1353 886 1540 913 sublimiorem
1561 885 1625 912 vita:
1636 885 1722 912 ratio-

86 930 130 957 καί
140 939 177 962 τις
189 930 283 965 ἕτερος
292 931 507 966 Παρακονδάκης
520 931 665 967 ἐπώνυμος
674 931 797 967 ἐξάρχων
811 931 871 958 κατ’

87 977 169 1003 ἐκεῖνο
185 976 282 1012 καιροῦ
295 977 349 1003 τῶν
362 978 420 1003 ὅσοι
434 977 483 1012 τῆς
496 977 567 1004 κατὰ
576 977 622 1004 τὸν
636 977 692 1013 βίον
707 977 872 1013 σεμνότητος

86 1023 199 1057 εἴχοντο,
223 1023 272 1049 καὶ
298 1024 348 1058 τῆς
372 1022 543 1059 ὑψηλοτέρας
569 1024 707 1054 πολιτείας
732 1024 873 1050 ἐποιοῦντο

87 1068 246 1103 ἐπάγγελμα
259 1071 403 1104 συντηρεῖν
416 1069 450 1095 τὰ
464 1069 573 1103 δέσμια.
588 1070 698 1096 Τούτων
711 1070 801 1096 τοίνυν
818 1070 873 1096 τῶν

85 1116 185 1151 ἀνδρῶν
203 1116 330 1150 ἑκάτεροι
348 1116 406 1150 ἆμα
423 1116 608 1151 συνεδριὰζειν
623 1116 692 1150 μετὰ
708 1117 756 1142 καὶ
772 1117 874 1151 ἑτέρων

84 1161 163 1187 τινῶν
174 1160 271 1194 λογίων
289 1160 427 1194 βασιλικὸν
441 1160 583 1195 δεξάμενοι
597 1159 738 1195 θέσπισμα
748 1181 754 1192 ,
770 1159 818 1191 οὓς
838 1159 871 1186 ἂν

84 1207 139 1234 τῶν
166 1207 326 1233 ἀποστατῶν
351 1207 368 1241 ἡ
396 1207 521 1242 πολιτικὴ
547 1207 609 1242 χεὶρ
625 1205 754 1242 εὖρισκέν
777 1214 807 1232 τε
827 1206 875 1232 καὶ

85 1252 297 1286 συνελάμϐανεν,
308 1253 357 1278 καὶ
367 1252 435 1287 πρὶς
447 1253 545 1283 αὐτοὺς
556 1252 733 1287 διεπέμπετο,
745 1251 876 1287 ἐξήταζον

84 1307 115 1325 τε
130 1299 177 1325 καὶ
192 1298 367 1332 ἐλογοθέτουν
378 1298 630 1333 λεπτομερέστερον
641 1319 648 1330 ,
659 1299 707 1324 καὶ
720 1299 784 1330 τοὺς
795 1298 876 1324 ὑπαι-

84 1343 159 1375 τίους
167 1343 220 1369 τῶν
233 1343 362 1370 ἀναιτίων
374 1343 600 1378 φυλοκρινοῦντες
611 1344 674 1375 τοὺς
687 1343 736 1378 μὲν
747 1343 876 1375 ἀπέλυον,

85 1390 144 1416 ἐστι
166 1389 189 1415 δ’
215 1388 262 1420 οὓς
282 1389 329 1416 καὶ
352 1390 502 1425 ἐπιτιμίοις
518 1390 756 1424 ἐκκλησιαστικοῖς
772 1389 878 1416 καθυπ-

83 1436 197 1463 έὸαλλον
206 1456 214 1468 ,
227 1436 291 1468 τοὺς
304 1436 333 1462 δὲ
350 1436 492 1468 παντελῶς
509 1436 637 1468 ἀνιάτους
650 1437 674 1463 oi
686 1436 819 1462 πολιτικοὶ
835 1436 878 1462 νό-

83 1491 142 1517 μοι,
163 1483 279 1510 καὶτῶν
297 1483 326 1509 ὲν
343 1483 434 1515 αὐτοῖς
457 1484 597 1519 ἀρχόντων
611 1483 824 1519 παρελάμϐανεν
849 1483 879 1509 τὸ

81 1529 279 1564 δικαιωτήριον
293 1529 360 1565 (60).
376 1530 455 1556 Οὕτω
469 1530 501 1565 δὴ
512 1530 563 1565 τῆς
577 1531 692 1565 ἐρεύνης
708 1539 738 1557 τε
753 1530 801 1557 καὶ
816 1530 878 1565 κρί-

82 1585 154 1607 σεως
179 1576 227 1602 καὶ
253 1575 300 1602 τοῦ
329 1575 483 1610 λογοθεσίου
513 1577 580 1612 (til),
608 1578 656 1604 καὶ
681 1578 730 1611 τῆς
750 1576 877 1612 πράξεως

80 1621 236 1657 προϊούσης
259 1621 418 1657 μερίζονται
441 1623 496 1649 τῶν
520 1623 674 1658 εἰρημένων
701 1623 803 1658 κριτῶν
828 1623 878 1657 τὴν

81 1668 195 1702 σφαγὴν
208 1667 235 1694 οἶ
244 1676 275 1694 τε
297 1668 438 1703 λεγόμενοι
460 1669 649 1705 Κυνοχωρῐται
672 1668 740 1704 (62),
764 1670 810 1695 καὶ¹
830 1668 878 1701 οὓς

80 1714 265 1748 ἐπωνόμαζον
294 1714 450 1746 ’Δστάτους.
481 1711 572 1741 Ἦσαν
598 1714 626 1741 δὲ
655 1711 728 1742 οὗτοι
752 1716 805 1741 τῶν
829 1715 877 1742 τοῦ

79 1760 202 1795 Σεργίου
227 1759 356 1795 μαθητῶν
377 1760 402 1787 οι
417 1760 539 1794 λογάδες.
563 1761 595 1787 οι
616 1761 664 1796 μὲν
685 1759 731 1788 οὖν
750 1762 879 1788 Ἀστατοι

81 1806 204 1842 μηδενὸς
219 1806 315 1841 ἐτέρου
336 1807 480 1842 δεηθέντες
503 1807 581 1833 αὐτοὶ
601 1807 663 1834 καθ’
678 1808 793 1839 ἑαυτοὺς
810 1807 879 1842 δόλῳ

79 1853 130 1878 καὶ
148 1851 283 1887 προδοσίᾳ
297 1852 521 1886 κατασφάξουσιν
535 1852 581 1879 τὸν
593 1853 738 1888 εἰρημένον
752 1853 877 1888 ἔξαρχον.

79 1898 148 1929 Τοῖς
158 1898 190 1924 δὲ
206 1898 413 1934 Κυνοχωρίταις
427 1898 544 1934 ἐπείπερ
560 1899 646 1925 ἐνέδει
664 1899 817 1934 στρατηγὸς
832 1898 879 1924 τοῦ

79 1945 256 1980 μιάσματος,
275 1942 314 1976 εἷς
331 1945 385 1971 τῶν
399 1946 553 1980 εἰρημένων
571 1945 710 1972 Ἀστάτων
723 1945 880 1980 ἐφίσταται,

77 1991 130 2018 καὶ
149 1991 360 2026 κατασφάζουσι
379 1991 426 2018 καὶ
445 1991 523 2018 αὐτοὶ
541 1991 586 2018 τὸν
604 1992 735 2028 ἀρχιερέα
751 1992 798 2018 τοῦ
814 1991 880 2018 Θεοῦ

76 2037 201 2072 Θωμᾶν.
224 2037 348 2071 Ἀναίδην
363 2037 391 2064 δὲ
406 2037 508 2064 τούτων
523 2038 595 2065 οὕτω
609 2037 861 2074 παρανομηθέντων
873 2058 880 2070 ,

75 2084 117 2116 ὡς
136 2083 230 2119 ἔφην,
248 2084 382 2119 ἑκατέρας
400 2085 560 2119 μιαιφονίας
584 2085 794 2121 ἀρχιτέκτονες,
817 2086 883 2120 φεύ-
907 2119 910 2122 ξ

76 2139 166 2164 γουσι
185 2130 237 2165 μὲν
248 2130 298 2156 σὺν
307 2132 364 2162 τοῖς
377 2131 521 2166 ἑπομένοις
542 2131 644 2167 σπουδῇ
657 2131 712 2167 (65)
725 2131 779 2158 ἀπὸ
792 2132 883 2166 πάσης

76 2177 146 2212 γῆς,
167 2176 204 2211 ἥν
219 2176 233 2202 ὁ
244 2177 417 2211 Χριστιανῶν
427 2177 540 2211 ἐκόσμει
553 2177 652 2213 θεσμὸς
664 2198 671 2209 ,
684 2178 883 2213 παραγίνονται

923 942 986 961 nent
1003 933 1211 969 proﬁtebantur.
1242 932 1330 959 Ambo
1355 931 1440 968 igitur
1468 930 1645 966 imperatorio
1673 930 1723 958 de-

923 984 1004 1008 creto
1023 987 1086 1007 cum
1104 979 1164 1006 aliis
1177 978 1341 1013 quibusdam
1362 977 1478 1005 eruditis
1488 977 1554 1004 viris
1567 977 1723 1004 consultare

921 1026 1006 1061 jussi.
1032 1029 1169 1060 apostatas
1185 1032 1199 1051 a
1218 1024 1327 1059 politica
1356 1030 1439 1050 manu
1462 1022 1497 1050 ad
1517 1022 1570 1049 ltoc
1593 1021 1722 1057 deputata

924 1072 1111 1107 deprehensos
1130 1076 1157 1098 et
1171 1071 1277 1098 oblatos
1292 1070 1496 1101 examinabant.
1526 1073 1555 1096 et
1566 1067 1723 1096 minutatim

925 1118 1141 1153 interrogabant,
1157 1122 1307 1151 sontesque
1321 1117 1355 1143 ab
1366 1115 1521 1143 insontibus
1547 1119 1724 1150 sequestran-

925 1168 976 1196 tes,
989 1163 1171 1198 aliosquidem
1187 1163 1378 1193 absolvcbant,
1390 1161 1537 1189 nonnullos
1557 1160 1724 1188 ecclesiasti-

927 1210 966 1237 cis
975 1209 1065 1244 poznis
1081 1209 1283 1244 subiiciebant;
1298 1208 1408 1243 penitus
1425 1206 1590 1234 insanabiles
1605 1206 1724 1242 politicis

927 1257 1033 1291 legibus
1046 1261 1072 1283 et
1092 1256 1300 1291 magistratuum
1325 1253 1453 1282 tribunali
1482 1253 1635 1280 tradebant.
1653 1252 1724 1280 Dum

930 1309 1058 1334 examen,
1070 1301 1216 1337 judicium,
1234 1300 1414 1335 interrogatio
1433 1304 1461 1327 et
1494 1304 1554 1327 acta
1568 1299 1608 1326 sic
1625 1306 1724 1335 proce-

929 1348 1027 1376 derent
1043 1368 1050 1378 .
1071 1346 1277 1383 Cynochoritat,
1293 1351 1323 1373 ut
1337 1346 1484 1377 vocabant,
1500 1350 1527 1373 et
1551 1345 1568 1372 ii
1591 1345 1637 1380 qui
1651 1344 1725 1372 dice-

928 1394 1031 1421 bantur
1052 1392 1138 1419 Astati
1149 1400 1157 1424 ;
1169 1395 1248 1419 erant
1270 1395 1362 1418 autem
1378 1391 1480 1418 selecta
1495 1397 1561 1425 pars
1573 1389 1725 1425 discipulo-

930 1449 991 1468 rum
1010 1440 1114 1475 Sergii;
1131 1439 1322 1475 praedictorum
1343 1438 1468 1473 iudicum
1491 1437 1594 1464 exedem
1613 1442 1727 1472 patran-

930 1487 993 1514 dam
1018 1487 1092 1514 inter
1108 1494 1138 1513 se
1163 1486 1299 1514 dividunt.
1320 1484 1408 1512 Astati
1423 1484 1514 1520 igitur,
1545 1483 1621 1511 nulla
1639 1483 1727 1518 petite

932 1542 995 1570 ope.
1014 1537 1197 1561 memoratum
1213 1531 1373 1567 praefectum
1388 1531 1450 1558 dolo
1459 1534 1487 1557 et
1499 1529 1653 1566 proditione
1662 1536 1728 1556 cet.-

931 1581 1050 1614 fodiunt,
1074 1579 1265 1616 Cynocltoritm
1286 1586 1353 1607 vero
1368 1586 1430 1606 cum
1445 1577 1516 1604 duce
1532 1576 1566 1604 ad
1579 1583 1729 1604 exsecran-

931 1628 996 1655 dum
1011 1627 1117 1655 facinus
1131 1630 1254 1662 egerent,
1270 1629 1411 1660 assumpto
1427 1632 1459 1651 ex
1474 1623 1653 1655 Astatis‘nno,
1671 1622 1730 1657 epi-

932 1681 1044 1708 scopum
1054 1672 1187 1699 Thomam
1203 1679 1219 1698 a
1234 1672 1288 1698 Deo
1297 1669 1664 1704 constitutumlobtruncant.
1681 1667 1731 1695 His

932 1718 1061 1746 audacter
1076 1717 1170 1753 gestis.
1188 1715 1286 1748 Astati,
1302 1716 1359 1751 qui,
1378 1719 1409 1743 ut
1432 1722 1514 1750 supra
1534 1714 1601 1745 dixi.
1626 1713 1730 1741 utrius-

933 1771 986 1798 que
1001 1762 1140 1798 parricidii
1154 1766 1280 1789 auctores
1287 1765 1376 1793 eranl,
1393 1768 1456 1788 cum
1465 1760 1623 1795 sequacium
1639 1764 1730 1786 tnrma

934 1810 1095 1837 festinantes
1109 1809 1219 1844 fugiunt
1245 1809 1279 1836 ab
1308 1808 1443 1835 universis
1468 1806 1635 1843 regionibus,
1670 1814 1731 1841 qua:

935 1855 1092 1883 Christiana
1108 1855 1168 1890 lege
1190 1855 1349 1885 utebantur,
1380 1858 1408 1881 et
1433 1853 1580 1881 Melitinam
1603 1851 1731 1880 secundae

935 1901 1071 1928 Armenia:
1085 1900 1192 1931 urbem,
1219 1906 1248 1927 se
1261 1899 1418 1931 conferunt,
1450 1905 1531 1933 quam
1547 1902 1614 1924 tunc
1628 1897 1729 1924 Christi

935 1955 1029 1974 osores
1043 1946 1173 1974 Saraceni
1185 1945 1351 1977 incolebant,
1367 1945 1468 1979 quibus
1481 1944 1605 1975 Ameras,
1618 1943 1731 1970 nomine

937 1993 1147 2020 Monocherares
1171 1991 1333 2026 imperabat,
1359 1990 1417 2025 qui,
1449 1989 1551 2018 Christi
1589 1988 1728 2022 inimicus,

937 2040 1040 2068 Christi
1054 2039 1174 2067 inimicis
1191 2037 1313 2073 profugis
1330 2037 1447 2073 benigne
1460 2037 1592 2072 exceptis,
1613 2040 1642 2063 et
1654 2036 1729 2063 omni

936 2090 1011 2114 metu
1027 2086 1159 2117 liberatis,
1176 2085 1295 2120 Argaum
1313 2084 1353 2112 sic
1375 2084 1478 2111 dictum
1497 2083 1658 2118 oppidulum
1683 2083 1731 2109 dat

937 2132 1123 2160 incolendum.
1145 2131 1307 2159 Conﬂuente
1337 2135 1429 2158 autem
1460 2130 1556 2158 eodem
1583 2129 1730 2164 impiorum

937 2178 1123 2210 multitudine,
1143 2177 1180 2205 ita
1198 2181 1228 2204 ut
1243 2177 1297 2210 iam
1313 2176 1486 2211 praedatoriis
1509 2175 1667 2202 incursibus
1682 2182 1730 2209 pa-

75 2223 106 2250 δὲ
119 2225 154 2250 ὲν
166 2223 300 2259 ιίελιτινῇ
319 2224 395 2250 πόλει
411 2224 461 2259 τῆς
476 2224 605 2259 δευτέρας
629 2223 787 2260 Ἀρμενίας,
805 2223 874 2251 πολι·

938 2232 983 2252 res
994 2227 1097 2257 essent,
1113 2222 1194 2250 vicini
1206 2222 1355 2249 Christiani
1374 2222 1450 2249 multi
1465 2221 1499 2248 ab
1519 2221 1552 2247 iis
1569 2220 1732 2255 frequenter

77 2270 163 2297 τείαν
176 2267 262 2296 οὖσαν
281 2270 342 2296 τότε
363 2270 418 2296 τῶν
439 2270 624 2306 μισοχρίστων
642 2269 828 2306 Σαρακηνῶν,
850 2267 885 2305 ἦς

77 2317 130 2344 καὶ
155 2318 285 2352 Ἀμηρᾱς
307 2317 362 2352 (64)
378 2315 483 2353 ἦρχεν,
501 2317 531 2344 ὃν
555 2318 707 2345 ἐπεκάλουν
726 2317 885 2352 Μονοχερά-

79 2372 135 2399 ρην
150 2363 214 2399 (65)
224 2371 231 2377 '
244 2363 292 2390 καὶ
308 2360 386 2395 οὗτος
398 2365 413 2390 ὀ
424 2363 600 2399 μισόχριστος
613 2365 677 2395 τοὺς
692 2364 886 2398 μισοχρίστους

941 2271 969 2298 in
985 2270 1172 2306 captivitatem
1188 2268 1299 2296 abducti
1320 2272 1384 2294 sunt
1399 2276 1405 2294 :
1420 2272 1447 2294 et
1460 2267 1531 2294 malo
1543 2266 1569 2293 in
1583 2266 1643 2293 dies
1655 2265 1731 2292 inva—

937 2318 1058 2346 lescente
1073 2324 1126 2344 non
1144 2316 1226 2343 modo
1236 2320 1342 2342 veteres
1353 2314 1501 2350 impietatis
1514 2313 1634 2340 cultores
1646 2313 1732 2339 libere

940 2367 1089 2400 potuerunt
1105 2363 1134 2390 in
1152 2370 1185 2390 ea
1201 2369 1388 2397 perseverare.
1425 2360 1473 2387 sed
1501 2359 1581 2387 etiam
1598 2359 1730 2394 quosdam

643 2455 761 2482 VARIAE
783 2455 976 2484 [.ECTIONES
999 2455 1043 2482 ΕΤ
1058 2454 1176 2483 ΝΟΤᾸΕ.

118 2524 187 2561 (58)
210 2524 354 2561 Μιχαὴλ,
376 2525 556 2560 Curopalates
574 2525 699 2561 scilicet.
723 2524 888 2561 cognomine

76 2559 253 2592 Rh‘ancabe,
268 2561 302 2587 de
314 2568 368 2595 quo
382 2559 497 2595 ejusque
509 2568 668 2588 successore
681 2559 770 2587 Leone
785 2559 890 2593 legatur

75 2597 248 2626 Calrenus.
261 2603 289 2629 p.
303 2595 355 2623 396
366 2603 426 2630 seq.

118 2631 187 2666 (59)
202 2631 421 2658 Μεταϐάλλειν.
438 2630 538 2658 Noster
551 2630 724 2666 μεταϐαλεῖν.

117 2668 188 2702 (ϐυ)
202 2666 421 2700 Διχαιωτήριον.
439 2665 571 2702 Optime:
587 2671 681 2694 noster
700 2665 869 2700 δικαιότερον
880 2685 887 2697 ,

75 2711 140 2730 non
161 2703 227 2728 sine
245 2702 356 2730 mendo.

118 2737 188 2773 (61)
202 2737 397 2771 Λογοθεσίου.
411 2737 490 2765 Medii
505 2737 560 2773 aevi
571 2745 634 2768 vox,
648 2737 719 2773 sicut
728 2736 890 2773 etproxinte

75 2771 264 2800 antecedens
288 2772 436 2807 λογοθετέω
462 2773 523 2801 vide
546 2772 675 2800 Dufresn.
704 2772 733 2799 in
757 2771 892 2800 Glossario

74 2808 178 2835 (ἓν-(ιτ.
198 2816 225 2842 p.
248 2807 312 2835 821.

117 2843 188 2878 (62)
203 2843 417 2878 Κυνοχωρῗται.
431 2844 469 2870 De
477 2843 520 2870 liis
534 2843 597 2870 vide
608 2842 776 2871 Cedrenum.
787 2850 814 2877 p.
828 2842 892 2878 455.

116 2877 188 2915 (63)
211 2878 346 2914 Σπουδῇ.
362 2879 399 2906 Ita
415 2884 509 2907 noster
523 2879 635 2910 diserte,
659 2883 685 2905 et
700 2880 794 2913 procul
810 2877 893 2905 dubio

939 2529 1012 2552 recte
1028 2533 1034 2551 :
1048 2531 1147 2551 sensus
1161 2524 1233 2551 enini
1250 2524 1354 2558 optime
1369 2521 1585 2558 respondeam.
1596 2521 1734 2548 Montfat.-

938 2561 1036 2587 conius
1045 2568 1077 2586 ex
1089 2559 1257 2587 Coisliniano
1266 2557 1346 2586 habet
1357 2557 1475 2591 σπουδῆς
1485 2557 1578 2584 addito
1588 2558 1732 2587 asterisco.

938 2596 1014 2630 quasi
1029 2595 1132 2631 aliquid
1152 2594 1161 2631 (
1173 2595 1200 2621 ni
1215 2594 1373 2631 conjectura
1386 2592 1529 2631 ηις-1⁸³1ιὶ1.)
1543 2593 1663 2619 deesset.
1677 2591 1733 2618 Sed

939 2628 1030 2657 omnia
1046 2628 1098 2657 sibi
1115 2628 1254 2661 constant,
1271 2633 1299 2656 et
1312 2628 1439 2664 gignendi
1457 2636 1537 2655 casus
1549 2633 1630 2655 natus
1645 2633 1687 2654 est
1697 2634 1733 2654 ex

940 2666 1118 2701 sequentibus
1132 2665 1246 2701 vocibus
1262 2665 1354 2701 πάσης
1369 2665 1429 2701 γῆςἶ

976 2695 1032 2735 (64)
1055 2699 1190 2735 Ἀμηρᾶς.
1205 2700 1263 2727 Non
1281 2695 1413 2735 ignotuni
1427 2698 1566 2726 historicis
1585 2697 1667 2735 hujus
1681 2695 1733 2724 aevi

939 2732 1040 2763 nomen
1056 2745 1063 2762 :
1080 2732 1142 2762 vide
1158 2732 1312 2762 Cedrenutit
1323 2754 1330 2766 ,
1346 2742 1374 2770 p.
1388 2734 1451 2762 550.
1475 2734 1550 2761 Idem
1565 2739 1630 2760 vero
1652 2732 1687 2759 de
1701 2739 1734 2758 re

940 2778 1034 2798 nostra
1048 2770 1169 2806 exponit,
1180 2778 1213 2806 p.
1224 2770 1269 2798 44.

977 2807 1034 2839 (65)
1058 2804 1285 2840 Μονοχερἀην,
1315 2804 1354 2832 Ita
1379 2804 1741 2840 Colbcrtinnsietmoster,‘

942 2850 1004 2869 cum
1026 2842 1128 2877 quibus
1143 2838 1250 2869 'P'ctrns
1274 2841 1400 2871 Siculus,
1414 2848 1452 2877 Δι).
1481 2839 1535 2877 70..
1551 2838 1737 2866 Coislinianus

941 2875 1242 2914 ἓιιιυιιίέΜονοχεράνης
1262 2877 1396 2909 scribens,
1413 2875 1440 2902 in
1456 2875 1556 2903 mentio
1571 2876 1663 2902 cubat.
