1930 3079
131 122 168 155 85

443 181 553 208 ΛΟΓΟΣ
573 181 611 208 B’.

236 225 369 259 Ἀπορίαι
381 227 430 253 καὶ
444 227 551 259 λύσεις
567 227 628 254 τῶν
643 229 824 263 Μανιχαίων.

167 271 207 297 A’.
229 271 261 297 Et
275 271 290 296 ὁ
310 271 424 306 Ἀγαθὺς
441 272 490 307 μὲν
508 273 557 307 τὴν
568 273 657 309 ψυχὴν
675 274 853 310 δημιουργεῖ,
867 276 881 302 ὁ
894 275 923 302 δὲ

133 316 252 352 πονηρὸς
265 317 296 343 τὸ
316 317 395 352 σῶμα
405 338 413 348 ,
430 318 489 350 πῶς
504 318 636 354 ἠνέσχετο
655 320 670 346 ὁ
692 320 806 354 ’Λγαοὸς
819 322 923 357 ἑνωθῆ-

132 371 176 388 ναι
187 362 217 388 τὸ
230 363 343 397 πλάσμα
357 363 440 390 αὑτοῦ
452 363 490 398 τῷ
502 364 641 399 πλάσματι
655 366 710 400 (89)
720 365 767 393 τοῦ
781 367 921 402 ΙΙονηροῦς

133 407 192 439 πῶς
209 408 237 434 δὲ
254 409 300 434 καὶ
318 409 448 444 ὑπέμεινε
459 410 508 446 τὴν
521 410 618 437 ἕνωσιν
629 412 643 437 ὁ
660 412 796 448 Πονηρ5ς;
820 413 852 439 Ἠ
868 413 922 449 γὰρ

132 452 229 484 ἓνωσις
250 454 266 489 ἢ
291 455 488 490 ἀγαθοποιήσει
510 455 541 482 τὸ
561 456 660 491 σῶμα,
678 457 746 492 ὅπερ
767 457 796 484 οὐ
810 458 864 494 χρὴ
877 459 923 485 τὸν

139 499 253 534 Ἀγαθὸν
266 501 312 527 τοῦ
323 501 416 528 Κακοῦ
427 503 458 528 τὸ
466 502 740 537 ἐργονξάγαθοποιεῖν·
750 504 766 538 ἢ
775 506 924 540 κακοποιὴ-

134 553 176 571 σει
188 545 237 580 τὴν
249 546 348 582 ψυχὴν,
361 548 430 582 ὅπερ
450 548 518 575 πολὺ
541 549 723 585 ἀτοπώτερον,
741 551 873 586 ἡττᾶσθαι
893 551 923 578 τὸ

132 591 326 627 δημιούργημα
340 594 388 620 τοῦ
405 594 474 620 Θεοῦ
491 595 544 621 ὑπὸ
558 594 606 621 τοῦ
623 595 786 631 πλάσματος
805 597 853 624 τοῦ
871 598 923 624 Πο-

132 638 228 673 νηροῡ.
238 640 313 665 Διατι
328 640 357 666 δὲ
374 640 422 666 καὶ
439 641 570 676 ἠνέσχετο
579 642 593 668 ό
605 642 708 676 ἀγαθὸς
721 642 787 674 Θεὸς
798 644 829 670 τὸ
843 643 923 679 ἔργον

132 684 216 710 αὑτοῦ
234 685 368 720 ἑνωθῆναι
383 686 420 721 τῷ
439 686 513 722 ἔργῳ
534 687 581 714 τοῦ
600 687 739 723 Πονηροῦ,
761 689 808 716 καὶ
831 698 923 716 κακω-

133 730 214 764 θῆναι
228 730 273 756 ὑπ*
288 732 391 764 αὐτοῦς
405 733 419 758 ὁ
448 733 569 768 Πονηρὸς
591 734 620 760 δὲ
640 734 721 761 πάλιν
737 735 797 766 πῶς
817 736 922 771 ὑπέστη

133 775 317 809 ἀγαθύνεσθαι
338 777 368 803 τὸ
388 777 469 812 ἔργον
486 779 568 805 αὐτοῦ
583 778 651 815 (9θ);
670 780 754 815 χωρὶς
772 780 801 806 δὲ
815 781 870 808 τῶν
883 781 922 807 εί-

135 822 261 856 ρημένων
283 822 324 854 τίς
340 824 484 858 ἁπήρξατο
497 824 548 859 τῆς
563 824 686 857 ἐνώσεως
700 834 707 858 ;
730 826 760 853 Εί
778 826 828 860 μὲν
842 827 896 862 γὰρ
908 827 922 852 ὁ

140 868 265 902 Ἀγαθδς,
279 869 338 902 πῶς
357 870 406 896 οὐκ
425 870 554 906 ἐκακώθη
575 871 648 897 κατὰ
667 871 746 898 τοῦτο
760 871 791 898 τὸ
804 873 922 909 πονηρὸν

134 913 214 949 ἔργον
237 914 478 950 προσλαϐόμενος;
500 916 525 942 ει
548 915 576 942 δὲ
602 917 616 942 ό
639 916 771 952 Πονηρὸς,
788 917 868 952 δῆλον
884 917 922 949 ὡς

134 960 181 986 καὶ
196 960 276 991 αὐτὸς
289 960 429 997 ὴγαθύνθη
443 962 513 988 κατὰ
525 962 613 994 τοῦτο,
632 962 721 997 ἔρωτα
733 962 822 990 λαϐὼν
842 963 923 998 Ἀγα-

135 1005 181 1032 θοῦ
195 1006 448 1042 δημιουργήματος,
456 1008 486 1034 τό
494 1016 524 1034 τε
541 1008 655 1042 Ἀγαθὸν
667 1009 779 1042 γέγονεν
795 1009 854 1045 ἅμα
868 1010 922 1036 Πο-

133 1051 216 1086 νηρόν
230 1060 260 1078 τε
274 1053 320 1078 καὶ
339 1052 463 1086 Ἀγαθόν.
484 1053 516 1079 Ἡ
531 1054 587 1088 γὰρ
607 1053 704 1086 ἒνωσις
717 1055 767 1090 τὴν
790 1055 922 1091 ἑκατέρου

134 1098 215 1132 φύσιν
226 1099 258 1133 τῇ
272 1099 400 1134 κοινωνίᾳ
412 1100 609 1135 συγχέουσα,τό
617 1109 647 1127 τε
659 1101 757 1128 οἰκεῖον
768 1101 923 1138 ἐλωϐήσατο

133 1145 182 1170 καὶ
194 1145 225 1171 τὸ
237 1145 377 1180 ἀλλότριον
393 1146 552 1181 ᾠκειώσατο
563 1155 570 1162 ”
586 1147 658 1174 ὥστε
671 1149 718 1174 καὶ
731 1149 745 1175 ὁ
758 1148 860 1182 ἀγαθὸς
875 1158 925 1175 πο-

134 1192 217 1226 νηρόν
227 1200 256 1217 τε
268 1191 325 1227 ἅμα
339 1192 388 1218 καὶ
402 1193 503 1226 ἀγαθὸν
519 1194 605 1220 ἐποίει
626 1194 656 1221 τὸ
669 1194 749 1229 ἔργον
765 1195 859 1228 αὐτοῦ,
875 1196 925 1222 καὶ

134 1239 149 1263 ὁ
163 1238 283 1272 Πονηρὸς
299 1239 418 1274 πονηρόν
430 1247 460 1265 τε
471 1240 529 1274 ἅμα
545 1240 591 1266 καὶ
607 1240 719 1274 ἀγαθόν.
735 1237 774 1268 Οὖ
789 1241 815 1267 τί
831 1241 864 1268 ἂν
880 1242 924 1277 εἴη

134 1283 344 1320 ἀνοητότερονῆ
364 1284 554 1320 ὰτοπώτερονς
570 1284 648 1312 Οὖτῶ
670 1286 719 1321 μὲν
731 1284 787 1318 οὖν,
807 1288 831 1313 εἰ
853 1295 923 1322 συμ-

134 1329 255 1364 προῆλθε
269 1332 303 1365 τῇ
322 1330 376 1357 τῶν
396 1332 485 1365 ἔργων
498 1332 664 1368 δημιουργίᾳ
685 1333 733 1359 καὶ
749 1333 883 1368 ἠὲνωσις·
900 1334 924 1360 εἰ

135 1375 158 1402 δ’
171 1373 205 1411 ἦν
222 1376 344 1411 ἀλλήλων
360 1377 425 1403 ποτὲ
437 1378 628 1413 κεχωρισμένα
642 1378 729 1405 ταῦτα
742 1379 789 1405 καὶ
804 1378 848 1413 ὑφ’
860 1379 925 1405 ἐκα-

135 1421 215 1456 τέρου
231 1422 352 1449 πλάστου
366 1423 492 1459 προνοίας
506 1432 535 1450 τε
547 1425 595 1450 καὶ
608 1424 767 1460 ἐπιμελείας
783 1425 813 1451 τὸ
825 1425 924 1452 οἰκεῖον

135 1467 248 1503 πλάσμα
260 1469 380 1503 ¹ἰπξιοῦτο,
401 1470 499 1504 ἀμιγὲς
513 1470 729 1505 συντηρούμενον
742 1470 788 1497 τοῦ
805 1471 925 1498 ἀντικει-

690 128 838 159 CONTRA
853 128 1086 158 MANICHJEOS
1106 128 1223 158 LIBER
1240 129 1264 158 Ι.

936 185 960 212 Α

939 855 961 883 Β

137 1516 229 1551 μένου,
245 1516 287 1548 τίς
299 1515 333 1552 ἦν
347 1517 426 1549 αὐτὸς
439 1518 453 1543 ὁ
466 1517 526 1543 τότε
537 1518 586 1552 τῆς
597 1518 761 1553 διακρίσεως
776 1518 922 1554 λογισμός;
937 1530 958 1558 c

136 1562 183 1589 καὶ
206 1562 288 1589 πόθεν
304 1562 416 1598 ὕστερον
436 1564 475 1595 εἰς
495 1564 544 1599 τὴν
565 1564 614 1599 τῆς
636 1565 760 1596 ὲηιώσεως
775 1564 925 1601 ἠλλοιώθη-

137 1616 204 1640 σαν;
220 1609 255 1635 Ἣ
267 1609 322 1644 γὰρ
334 1609 466 1646 πρότερον
478 1611 546 1645 πρὸς
559 1610 589 1636 τὸ
603 1611 703 1637 οἰκεῖον
722 1611 861 1646 συμφέρον
876 1611 924 1638 καὶ

136 1655 235 1681 ἑαυτοῦ
252 1657 298 1682 καὶ
312 1656 359 1682 τοῦ
379 1656 540 1691 πλάσματος
565 1658 708 1692 συνετήρει
724 1658 856 1693 ἑκάτερος
875 1659 925 1684 ἀν-

137 1703 298 1736 επίμικτον,
317 1703 333 1738 ἢ
359 1703 519 1739 ἀσύμφορον
533 1704 672 1739 εὑρόντες,
689 1704 793 1731 ἐκεῖθεν
804 1706 926 1740 ὲσωιρρο-

136 1747 266 1783 νίσοησαν
287 1750 354 1784 πρὸς
371 1750 418 1784 τὴν
435 1750 543 1776 ἕνωσιν.
564 1751 619 1776 Καὶ
633 1752 718 1782 πόσας
731 1751 812 1780 ἄλλοις
828 1751 925 1777 δυσσε-

136 1794 213 1825 ὄείας
236 1803 265 1820 τε
297 1795 345 1821 καὶ
369 1796 462 1826 ἀνοίας
486 1795 563 1831 βρύει
584 1797 601 1831 ὴ
626 1797 720 1831 πρώτη
750 1796 799 1831 τῆς
821 1797 925 1833 πλάνης

137 1840 265 1871 ὑπόθεσις
276 1840 348 1867 οὕτω
357 1840 490 1876 θεομάχον
499 1850 528 1868 τε
544 1842 591 1868 καὶ
606 1843 726 1876 ἐμμανὲς
740 1843 786 1868 καὶ
800 1843 925 1877 ἀνόητον,

136 1887 168 1914 τὸ
192 1887 272 1914 ἄλλον
299 1888 348 1923 μὲν
369 1889 418 1923 τῆς
444 1889 544 1924 ψυχῆς,
566 1888 660 1924 ἕτερον
679 1889 707 1915 δὲ
729 1889 776 1916 τοῦ
800 1888 926 1925 σώματος

133 1934 305 1970 δημιουργὸν
318 1935 511 1971 τερατεύεσθαι
526 1936 533 1963 ι

173 2068 210 2094 B'.
233 2067 270 2094 Τὸ
284 2067 313 2094 δὲ
327 2067 444 2102 φάσκειν
467 2069 531 2100 τοὺς
549 2069 578 2094 ὲν
599 2068 632 2103 τῇ
660 2067 750 2104 πλάνῃ
771 2067 927 2103 κατεχομέ-

136 2122 199 2145 νους
211 2114 250 2144 ὡς
271 2114 374 2149 ἐνοχλεῖ
390 2114 463 2149 ἡμᾶς
480 2114 548 2150 πρὸς
571 2114 670 2141 κακίαν
689 2116 703 2141 ό
720 2114 858 2150 Πονηρὸς,
876 2115 927 2150 τῆς

137 2161 267 2196 ἀληθείας
281 2161 366 2192 ἐστὶν,
393 2160 450 2187 ἀλλ’
470 2161 500 2187 οὐ
522 2162 571 2196 τῆς
592 2160 696 2196 πλάνης
715 2161 783 2193 ὁδός.
800 2161 856 2188 Καὶ
871 2162 925 2197 γὰρ

1290 182 1404 211 SERMO
1423 183 1455 210 ll.

1114 229 1200 256 Dubia
1217 235 1242 256 et
1256 229 1398 256 squtiones
1407 229 1621 257 Manicha'orum.

1011 275 1030 302 Ι.
1043 275 1071 302 Si
1090 275 1180 302 Bonus
1195 274 1288 310 (Deus)
1301 276 1417 302 animam
1438 275 1547 310 quidem
1567 275 1678 308 format,
1706 276 1762 304 Ma-

974 322 1016 348 lus
1025 329 1088 348 vero
1098 329 1207 356 corpus,
1219 321 1355 356 quomodo
1367 321 1457 348 Bonus
1470 321 1513 348 ille
1524 326 1675 349 creaturam
1686 330 1763 350 suam

974 375 1035 394 cum
1050 372 1175 395 creatura
1201 367 1262 393 Mali
1283 367 1361 393 istius
1378 367 1505 403 conjungi
1523 375 1618 402 passus
1631 368 1692 395 est?
1709 369 1764 395 inm

974 412 1021 446 qui
1048 411 1270 446 conjunctioncm
1297 410 1420 437 eamdem
1453 410 1539 438 Malus
1564 412 1689 439 admisit?
1716 417 1764 439 aut

974 458 1047 484 enim
1067 457 1230 492 compositio
1246 456 1291 483 illa
1309 457 1408 482 bonum
1433 455 1532 483 eﬂiciet
1558 464 1667 491 corpus,
1691 457 1764 491 quod

974 509 1048 531 certe
1060 512 1113 530 non
1122 503 1258 534 convenit,
1268 503 1330 537 quia
1345 502 1384 529 sic
1396 501 1501 528 Bonum
1514 501 1576 528 Mali
1590 503 1666 536 operi
1681 503 1765 536 prod-

974 555 1046 576 esset
1063 559 1069 576 :
1085 553 1133 576 aut
1161 549 1257 576 malum
1270 548 1367 575 elliciet
1385 548 1514 581 animam,
1543 548 1570 576 id
1599 549 1670 583 quod
1685 549 1766 584 longe

974 595 1045 622 foret
1058 595 1214 625 absurdius,
1236 594 1299 629 quia
1319 594 1370 621 hoc
1397 594 1479 621 modo
1494 593 1633 629 opificium
1658 595 1705 622 Dei
1730 595 1765 622 ab

974 649 1058 675 opere
1073 640 1135 667 ntali
1154 645 1339 675 superaretur.
1357 639 1423 672 Qum
1439 647 1504 667 vero
1528 647 1611 667 causa
1640 639 1701 670 fuit,
1716 648 1765 667 cur

975 686 1046 714 Deus
1061 687 1150 714 bonus
1163 694 1232 721 opus
1254 694 1332 713 suum
1357 686 1432 721 juugi
1448 690 1587 721 pateretur
1602 686 1677 721 operi
1692 686 1765 717 Mali.

975 741 989 760 a
999 739 1053 767 quo
1070 732 1140 759 malo
1155 732 1324 765 indiceretur,
1338 736 1366 759 et
1382 732 1426 766 qui
1437 732 1556 759 vicissim
1567 732 1702 760 sustinuit
1714 732 1767 759 Ma-

974 779 1026 811 lus,
1058 784 1088 805 ut
1104 787 1173 813 opus
1201 787 1279 805 suum
1305 779 1464 806 redderetur
1486 778 1607 805 bonum?
1631 778 1765 806 Praeterea

975 833 1040 853 vero
1054 825 1115 859 quis
1128 824 1236 851 uniouis
1256 824 1326 851 illius
1348 829 1443 851 auctor
1453 825 1512 852 est?
1527 824 1556 852 Si
1576 824 1676 858 Bonus,
1697 832 1766 860 quo—

975 871 1056 898 modo
1075 871 1097 899 is
1112 878 1167 897 non
1182 871 1268 899 malus
1276 871 1390 898 cﬂ‘ectus
1405 875 1456 902 est,
1472 870 1542 898 malo
1558 871 1669 900 {scilicet
1683 879 1766 906 opere

975 922 1084 952 recepto
1099 926 1107 950 ;
1121 918 1163 945 sin
1178 918 1274 948 Malus,
1288 917 1462 944 manifestum
1479 922 1521 944 est
1534 925 1596 944 eum
1616 917 1644 944 in
1659 922 1765 945 tantum

974 964 1079 992 Bonum
1101 965 1230 996 evasisse,
1248 972 1309 991 cum
1324 971 1416 991 amore
1435 964 1462 990 in
1479 964 1581 991 bonum
1602 972 1670 1000 opus
1681 965 1766 992 ferre-

976 1016 1029 1042 tur,
1045 1011 1115 1038 sicut
1128 1010 1247 1038 vicissim
1267 1010 1371 1037 Bonum
1389 1009 1470 1036 simul
1493 1014 1520 1037 et
1541 1010 1643 1037 bonum
1663 1015 1692 1037 et
1711 1018 1767 1037 ma-

975 1058 1031 1084 lum
1047 1057 1147 1085 factum
1160 1057 1289 1091 oportuit.
1305 1056 1468 1091 Conjunctio
1481 1056 1552 1083 enim
1569 1056 1613 1083 illa
1625 1052 1767 1091 utriusque

975 1108 1100 1131 naturam
1112 1104 1231 1131 miscens
1244 1102 1446 1130 etconfundens
1461 1102 1498 1134 id,
1518 1103 1590 1137 quod
1616 1103 1700 1129 altera
1716 1102 1767 1129 ha-

975 1150 1057 1177 bebat
1072 1150 1223 1185 proprium,
1247 1149 1345 1183 injuria
1371 1148 1470 1180 aﬂecit,
1501 1149 1621 1176 alienum
1636 1157 1702 1176 vero
1715 1149 1766 1176 sibi

975 1197 1133 1227 vindicavit.
1163 1196 1231 1223 adeo
1260 1201 1289 1223 ut
1320 1195 1448 1223 etBonus
1473 1203 1542 1230 opus
1567 1203 1648 1228 suum
1670 1195 1767 1223 eadem

976 1250 1058 1278 opera
1072 1243 1173 1270 bonum
1187 1251 1218 1270 ac
1240 1243 1354 1275 malum,
1369 1242 1455 1270 Malus
1471 1249 1537 1268 vero
1554 1242 1654 1269 malum
1666 1246 1694 1269 et
1716 1242 1768 1269 bo-

975 1297 1040 1316 num
1054 1289 1182 1322 elliceret,
1200 1297 1255 1324 quo
1280 1289 1347 1316 nihil
1370 1293 1460 1324 potest
1482 1295 1542 1315 esse
1560 1287 1604 1314 vel
1621 1288 1767 1315 absurdius

975 1334 1018 1360 vel
1034 1334 1207 1361 insolentius.
1222 1334 1310 1369 Atque
1327 1334 1363 1361 ita
1378 1342 1422 1361 res
1439 1342 1468 1361 se
1486 1333 1598 1360 omnino
1616 1333 1720 1366 habuit,
1728 1333 1765 1360 si-

975 1380 1169 1415 quidemjuxta
1181 1387 1242 1406 cum
1252 1380 1413 1407 formatione
1425 1387 1536 1414 operum
1553 1379 1661 1406 illorum
1674 1384 1701 1406 et
1709 1379 1766 1414 ipsa

975 1425 1132 1460 conjunctio
1147 1425 1236 1452 locum
1268 1425 1361 1454 habuit
1378 1435 1383 1452 :
1400 1425 1472 1459 quod
1489 1425 1511 1452 si
1530 1433 1593 1452 vero
1621 1424 1767 1460 aliquando

975 1478 990 1497 a
1008 1478 1037 1498 se
1052 1470 1168 1498 invicem
1181 1472 1303 1505 sejuueta
1320 1471 1364 1498 illa
1374 1471 1460 1503 fuere,
1476 1472 1636 1498 alterutrum
1655 1471 1767 1498 alterius

975 1515 1124 1543 conditoris
1137 1524 1229 1542 curam
1244 1524 1275 1543 ac
1287 1516 1485 1551 providentiam
1499 1516 1550 1543 sibi
1565 1512 1710 1550 propriam‘
1719 1516 1767 1543 ha-

975 1560 1044 1593 buit,
1058 1565 1085 1588 et
1100 1561 1133 1588 ab
1150 1562 1268 1596 oppositi
1292 1562 1351 1588 labe
1375 1562 1497 1589 immune
1522 1561 1683 1596 permansit,
1699 1569 1768 1596 quo-

974 1607 1055 1634 modo
1073 1607 1100 1634 in
1117 1607 1309 1642 cogitationem
1321 1607 1486 1636 discriminis
1498 1613 1641 1640 venerunt,
1659 1613 1686 1635 et
1698 1615 1768 1643 quo-

974 1654 1055 1680 modo
1067 1658 1160 1687 postea
1173 1654 1253 1680 aliam
1270 1654 1304 1681 de
1317 1654 1509 1688 conjunctione
1534 1653 1658 1681 facienda
1673 1661 1769 1681 susce-

975 1700 1093 1736 perunt?
1107 1701 1160 1727 Aut
1173 1701 1247 1727 enim
1265 1700 1340 1735 prius
1357 1704 1472 1735 uterque
1495 1692 1623 1735 seipsum‘
1638 1704 1667 1727 et
1697 1708 1767 1735 opus

976 1754 1054 1773 suum
1069 1746 1095 1772 in
1109 1745 1248 1781 proprium
1265 1747 1437 1773 commodum
1454 1746 1643 1773 intaminatum
1656 1754 1768 1774 conser-

975 1791 1058 1823 vavit,
1074 1795 1131 1823 aut,
1148 1798 1210 1818 cum
1230 1791 1256 1818 id
1286 1790 1337 1818 sibi
1358 1790 1468 1817 noxium
1491 1798 1552 1818 esse
1576 1791 1767 1826 intelligerent,

976 1837 1039 1863 facti
1055 1837 1245 1872 prudentiores
1268 1837 1295 1863 in
1310 1836 1529 1870 corrjunctiouem
1557 1841 1766 1864 consenserunt.

976 1882 1065 1910 Taceo
1080 1883 1161 1918 impia
1180 1887 1207 1910 et
1217 1882 1334 1910 absurda
1352 1881 1415 1914 alia,
1426 1882 1526 1917 quibus
1535 1883 1653 1918 primum
1667 1883 1769 1910 erroris

977 1930 1060 1964 hujus
1070 1929 1278 1957 fundamentum
1289 1930 1420 1957 abundat.
1445 1929 1522 1957 Adeo
1536 1930 1593 1957 Deo
1614 1930 1768 1965 oppositum

977 1976 1123 2010 furoreque
1142 1984 1174 2003 ac
1202 1976 1305 2003 insania
1332 1976 1442 2011 plenum
1471 1980 1522 2008 est,
1550 1975 1634 2003 alium
1658 1976 1768 2011 quidem

978 2022 1087 2054 animm,
1108 2022 1192 2048 alium
1206 2029 1271 2049 vero
1284 2022 1405 2056 corporis
1425 2021 1527 2056 ﬁngere
1551 2021 1731 2049 conditorem.

1012 2068 1046 2096 II.
1063 2067 1140 2101 Quod
1153 2075 1218 2095 vero
1237 2067 1286 2100 illi,
1301 2068 1347 2102 qui
1369 2068 1405 2095 ita
1420 2071 1524 2099 errant,
1537 2067 1650 2101 dicunt,
1666 2068 1767 2095 malum

976 2121 1027 2141 nos
1041 2114 1075 2141 ad
1084 2114 1212 2141 malitiam
1230 2114 1405 2148 compellere,
1418 2114 1443 2140 id
1455 2114 1567 2142 omnino
1579 2114 1695 2148 veritati,
1712 2122 1768 2141 non

978 2164 1069 2186 autem
1087 2159 1184 2191 errori,
1207 2160 1402 2194 patrocinatur.
1419 2160 1498 2192 Quod
1513 2159 1586 2187 enim
1611 2160 1766 2192 incitamur,

111 2231 114 2233 _
138 2208 186 2234 καὶ
196 2207 263 2233 αὐτὸ
279 2207 357 2233 τοῦτο
371 2207 402 2233 τὸ
419 2209 632 2242 παρατραπῆναι
649 2207 772 2242 μερίζειν
784 2208 860 2243 ἡμᾶς
879 2208 924 2234 τὸν

981 2210 1010 2233 ut
1027 2205 1218 2243 indivisibilcm
1235 2210 1263 2232 et
1277 2205 1485 2240 inseparabilem
1499 2205 1547 2232 Dei
1559 2209 1720 2240 potestatem
1736 2213 1770 2233 ac

137 2253 258 2288 ἄτμητον
273 2253 321 2279 καὶ
333 2252 486 2287 ἀδιαίρετον
501 2252 547 2279 τοῦ
561 2252 629 2279 Θεοῦ
645 2253 732 2288 ἀρχὴν
745 2253 793 2280 καὶ
804 2253 930 2285 ἐξουσίαν

137 2301 179 2332 είς
194 2300 259 2331 δύο,
284 2301 333 2335 τῆς
353 2300 547 2335 πολυμηχάνου
572 2299 620 2326 καὶ
646 2300 764 2335 σφοδρᾶς
790 2300 929 2336 ὀχλήσεώς

138 2347 197 2373 ἐστι
217 2346 265 2373 τοῦ
281 2346 416 2382 Πονηροῦ⁸
438 2346 512 2381 Πλὴν
531 2347 634 2377 ἐκεῖνος
652 2346 702 2382 μὲν
720 2347 832 2378 δυνατός
854 2347 928 2373 ἐστιν

138 2393 237 2428 ὀχλείν.
254 2393 316 2419 οὐδὲ
343 2394 423 2428 ἡμεῖς
456 2393 485 2419 δὲ
507 2392 692 2428 ἀδυνατοῦμεν
715 2393 928 2428 διακρούσασθαι

138 2438 187 2473 τὴν
197 2438 307 2473 ὄχλησιν
327 2437 419 2465 αὑτοῦ,
436 2439 642 2474 Διακρουόμεθα
656 2439 684 2465 δὲ
698 2438 742 2466 διά
755 2447 785 2464 τε
802 2439 928 2474 σώματος

138 2484 187 2510 καὶ
210 2484 310 2520 ψυχῆς.
332 2485 412 2511 Ὥστε
435 2486 460 2511 εἰ
479 2485 510 2511 τὸ
532 2485 612 2520 σῶμα
632 2485 712 2520 ήμῶν
731 2485 843 2512 δύναται
871 2486 929 2514 δια-

139 2531 306 2566 κρούσασθαι
331 2531 379 2566 τὴν
404 2531 516 2566 ὄχλησιν
539 2531 586 2558 τοῦ
604 2531 728 2566 Πονηροῦ
749 2532 797 2558 καὶ
820 2532 850 2558 οὺ
871 2532 929 2559 δια-

139 2576 308 2613 κρούσασθαι
324 2577 414 2612 μόνον,
424 2577 493 2604 ἀλλὰ
504 2577 552 2604 καὶ
563 2577 728 2604 καταϐαλεῖν
738 2578 822 2605 αὑτοῦ
838 2579 929 2606 πᾶσαν

980 2252 1124 2287 imperium
1153 2251 1180 2279 in
1202 2252 1257 2280 duo
1281 2252 1446 2285 dividamus,
1467 2252 1494 2279 id
1510 2252 1619 2286 quidem
1643 2251 1769 2279 adoloso

978 2303 1006 2326 et
1019 2299 1182 2326 vehemente
1210 2299 1327 2334 impulsu
1349 2299 1410 2326 Mali
1437 2298 1630 2334 proﬁciscitur.
1657 2299 1693 2325 At
1722 2298 1787 2325 ille-

978 2344 1087 2379 quidem
1100 2349 1205 2371 tentare
1228 2351 1279 2371 nos
1293 2347 1320 2371 et
1336 2344 1467 2379 impetere
1485 2347 1585 2378 potest,
1609 2342 1688 2370 nobis
1702 2349 1769 2371 vero

979 2391 1148 2418 irritamenta
1162 2390 1221 2425 ejus
1234 2390 1387 2425 propellere
1399 2390 1512 2417 omnino
1529 2390 1601 2417 licet.
1625 2389 1770 2424 Propulsa-

977 2445 1039 2465 mus
1057 2445 1122 2464 vero
1139 2442 1196 2464 tum
1214 2444 1339 2471 corpore,
1353 2440 1410 2463 tum
1435 2436 1536 2463 anima.
1553 2435 1633 2469 Quod
1654 2436 1678 2463 si
1703 2443 1770 2464 vero

977 2494 1078 2520 corpus
1090 2490 1212 2512 nostrum
1227 2484 1360 2519 impulsus
1373 2484 1432 2518 ejus
1445 2483 1603 2519 propulsare
1615 2484 1686 2511 valet
1695 2504 1703 2516 ,
1714 2483 1769 2512 imo

978 2539 1032 2558 non
1050 2531 1208 2566 propulsare
1220 2531 1318 2562 solum,
1331 2530 1378 2557 sed
1389 2538 1486 2558 omnes
1499 2538 1608 2566 quoque
1624 2535 1697 2558 artes
1709 2530 1769 2566 ejus

979 2577 1103 2613 frangere
1117 2577 1254 2609 quomodo
1269 2577 1328 2612 ejus
1338 2577 1465 2604 conditor
1488 2577 1587 2604 fuerit?
1598 2576 1677 2610 Quod
1693 2578 1768 2605 enim

691 2640 806 2667 νΑιιιΑῑ
825 2640 1018 2672 LECTIONES
1037 2642 1080 2670 ΕΤ
1097 2641 1214 2670 ΝΟΤΑΞ.

175 2709 231 2744 (89)
251 2709 389 2751 Πλάσμα.
409 2710 477 2750 Cum
498 2710 643 2751 hae-voce
656 2711 814 2751 frequenter
836 2715 928 2740 utatur

1014 2712 1070 2747 (90)
1093 2711 1130 2739 Τὰ
1141 2710 1214 2747 ἔργα
1226 2710 1330 2747 αὑτοῦ.
1350 2710 1528 2747 Similiarhis,
1537 2715 1566 2738 et
1592 2710 1768 2747 fortioraalia

138 2745 247 2783 Noster,
257 2746 343 2783 semel
358 2745 497 2772 monuisse
509 2745 660 2783 suffecerit.
675 2754 734 2772 eam
750 2746 800 2783 ipsi
811 2754 929 2783 semper
977 2745 1136 2783 argumenta
1145 2745 1427 2783 Manichteisopponit
1437 2745 1514 2773 Titus
1521 2745 1767 2783 bostrensisdibil,

140 2781 179 2808 rei
193 2780 323 2818 contine
330 2788 379 2818 seu
385 2786 519 2818 creatura:
535 2782 645 2818 n_otioue
657 2781 794 2818 usurpari.
809 2782 847 2818 De
867 2780 928 2810 aliis
976 2780 1049 2817 apud
1065 2783 1106 2811 Cl.
1124 2782 1285 2818 Basnagiutn
1300 2782 1327 2809 in

1379 2782 1506 2809 ctionibua
1516 2780 1679 2815 Canisianis,
1694 2789 1721 2816 p.
1733 2781 1769 2809 92

138 2816 215 2853 vocis
233 2815 435 2853 significatiwa
463 2816 522 2853 lege
544 2815 642 2853 Ezech.
667 2815 926 2852 Spanhemium,ad
977 2815 1034 2853 seq.

137 2851 240 2880 Juliani
252 2851 407 2884 Orationes,
422 2859 450 2887 υ.
467 2852 498 2880 18
514 2856 540 2879 et
556 2852 598 2879 19.
