1930 3079
174 124 210 158 87
750 127 864 158 ΡΗΟΤΙ
869 127 882 157 Ι
900 126 953 156 PA'

1009 126 1155 156 [ARCHE
1176 127 1231 157 (ΞΡ.
1761 127 1796 160 88

174 189 299 212 creatura
322 183 368 211 Dei
385 186 550 218 praceptum
577 181 682 210 Domini
704 184 746 210 sui
769 184 915 220 negligere.
930 187 953 210 el

1012 183 1146 218 μηχανὴν,
1162 183 1221 214 πῶς
1234 184 1308 210 ἐστιν
1319 184 1421 215 ἐκεῖνος
1439 182 1561 217 πλάστης
1574 183 1677 215 αὐτοῦς
1693 183 1731 211 Τὸ
1746 186 1797 221 μὲν

174 230 209 257 ab
230 229 342 257 inimico
368 229 492 264 opposito
518 228 607 264 decipi
629 229 730 264 possit,
757 230 784 258 id
806 238 952 266 argumen-

173 280 233 302 tum
254 279 296 302 est
315 275 419 302 arbitrii
436 274 464 301 in
478 278 623 310 utramque
636 280 740 310 partem
758 276 835 303 liberi
847 296 854 308 ,
878 275 956 310 cujus

172 321 252 348 nobis
279 321 357 356 copia
377 320 405 347 in
420 320 559 348 creatione
570 320 638 348 facta
654 325 706 349 est.
720 321 818 348 Anima
838 321 911 349 enim
927 321 958 348 li-

171 366 237 393 bera
252 371 302 393 est.
324 365 358 392 Et
372 373 430 392 ecce
448 367 572 400 proposui
595 367 642 393 tibi
670 372 732 394 ante
744 367 831 394 oculos
848 373 954 394 mortem

171 416 196 438 et
223 412 302 438 vitam
312 410 333 437 '.
357 409 416 437 Jam
441 418 507 438 vero
528 411 600 445 quod
620 416 718 445 totum,
746 416 877 446 quantum
902 416 954 442 est.

172 457 270 483 malum
295 461 346 489 est,
359 457 495 491 quomodo
521 464 672 492 repugnare
690 457 823 492 principio
844 465 894 484 suo
909 465 956 492 po-

170 502 241 529 test?
255 501 397 534 Quomodo
415 502 500 534 enim,
524 503 626 537 judicio
646 503 818 535 destitutum.
845 512 860 531 a
885 504 956 530 malo

169 547 304 575 descivit?
319 549 362 575 vel
375 549 512 583 quomodo
526 549 553 575 in
570 549 673 576 bonum
686 549 805 582 deﬂexit,
819 555 846 577 et
861 550 954 584 pristi-

169 601 234 620 ntnn
252 593 397 628 imperium
410 593 492 621 vicit?
515 593 607 629 itaque
619 594 677 621 fieri
692 603 747 622 non
762 599 862 629 potest,
882 599 910 622 ut
923 595 955 622 ad

169 639 223 666 duo
247 640 370 674 opposita
387 640 518 676 principia
544 641 667 676 corporis
683 646 708 668 et
731 641 829 669 animae
855 641 956 670 creatio

168 685 315 712 referatur.

205 771 248 800 lll.
269 773 402 801 Pratterea
416 782 491 805 vero,
507 774 589 809 idque
605 779 688 807 recte,
702 779 829 807 monent;
849 775 954 801 hostem

168 819 196 845 in
216 819 334 846 animam
345 827 449 852 eorum,
478 821 524 855 qui
539 828 568 847 se
589 826 685 855 sponte
700 820 750 855 ipsi
765 820 905 852 dederent,
919 820 954 847 ita

1009 227 1064 262 γὰρ
1079 227 1184 262 ποίημα
1197 226 1244 254 τοῦ
1264 227 1333 254 Θεοῦ
1351 227 1460 262 ἐντολῆς
1483 227 1650 263 ὀλιγωρῆσαι
1665 229 1795 257 Δεσποτιο

1008 274 1070 308 κῆς,
1087 274 1133 301 καὶ
1148 275 1198 309 τῆς
1212 274 1320 310 ἀπάτης
1342 274 1468 308 γενέσθαι
1483 274 1531 300 τοῦ
1551 274 1648 311 ἐχθροῦ
1659 294 1667 308 ,
1683 274 1797 311 γνώμης

1009 321 1068 346 ἐστὶ
1083 320 1132 355 τῆς
1147 320 1191 346 ἐπ’
1210 320 1294 356 ἄμφω
1314 321 1418 355 ῥέπειν,
1438 321 1467 346 ὲν
1486 321 1519 356 τῇ
1536 320 1635 347 πλάσει
1651 320 1797 356 δεδομένης

1009 366 1084 400 ἡμῖν·
1100 365 1334 400 αὑτεξούσιονγὰρ
1346 366 1363 400 ή
1373 365 1445 400 ψυχή
1458 364 1525 401 (91)·
1539 365 1594 392 Καὶ
1604 365 1669 392 ὶδοὺ
1680 365 1797 392 τέθεικα

1009 411 1066 445 πρὸ
1083 412 1243 445 προσώπου
1256 419 1314 438 σου
1330 412 1384 438 τὸν
1401 411 1530 438 θάνατον
1555 410 1605 437 καὶ
1629 411 1689 445 τὴν
1707 410 1794 445 (mir

1008 457 1039 484 τὸ
1055 457 1082 484 δὲ
1096 457 1145 493 ἠδη
1160 458 1209 492 τὴν
1224 457 1384 493 ὁλοκληρίαν
1397 457 1459 492 ἔχον
1483 456 1531 483 τοῦ
1546 456 1646 488 κακοῦ,
1663 457 1722 488 πῶς
1740 454 1796 483 οἷόν

1008 503 1039 530 τέ
1054 504 1128 529 ἐστιν
1153 503 1413 539 καταστρατηγῆσαι
1435 503 1484 538 τῆς
1501 504 1606 538 ἀρχῆς;
1626 503 1712 529 Πόθεν
1739 504 1795 538 γὰρ

1009 549 1100 583 κρίσιν
1116 549 1166 576 οὐκ
1178 549 1240 583 ἕχον
1259 549 1354 585 ἐξέστη
1371 549 1418 576 τοῦ
1440 550 1580 585 χείρονος;
1598 549 1657 581 πῶς
1673 549 1701 576 δὲ
1724 550 1794 584 πρὸς

1008 593 1040 619 τὸ
1061 595 1183 629 κρεῖττον
1213 594 1320 625 ἔκλινε.
1349 594 1397 621 καὶ
1422 594 1473 630 τῆς
1500 594 1676 630 προαγούσης
1703 594 1794 630 ίσχύος

1011 639 1180 675 ὲκράτησεν;
1193 640 1274 666 Ὥστε
1287 640 1418 667 ἀδύνατον
1431 641 1471 672 εὶς
1485 640 1678 675 ἀντικειμένας
1691 640 1795 674 ἀναφέ-

1010 685 1103 720 ρεσθαι
1130 685 1218 721 ἀρχὰς
1242 685 1290 712 τοῦ
1317 685 1443 722 σώματος
1467 686 1517 722 τὴν
1542 685 1723 721 δημιουργίαν
1736 684 1792 721 (9‘2)

1008 732 1056 758 καὶ
1069 731 1117 766 τῆς
1132 732 1233 767 ψυχῆς.

1044 778 1063 804 Γ
1064 781 1080 805 ’.
1101 778 1182 805 Ἀλλὰ
1191 778 1245 814 γὰρ
1260 777 1300 805 ἔτι
1315 778 1381 813 φασὶ
1400 777 1490 810 καλῶς
1507 786 1538 812 γε
1553 778 1703 811 φάσκοντες
1715 785 1722 791 ·
1733 777 1793 803 οὐδὲ

1009 823 1136 858 γὰρ,οὑδ¹
1147 823 1218 850 οὕτω
1233 824 1436 859 κατεκράτησεν
1448 823 1510 850 οὐδὲ
1522 824 1577 850 τῶν
1591 823 1710 850 ἑκόντων
1725 831 1794 856 προ-

167 870 222 890 non
242 870 302 890 esse
317 863 494 897 dominatum,
525 869 554 891 ut
571 865 691 892 tenebris
717 865 826 892 obducti
852 865 953 892 nulltuu

1009 869 1160 899 δεδωκότων
1178 870 1291 901 ἑαυτοὺς
1303 870 1352 905 τῆς
1373 870 1462 905 ψυχῆς
1477 870 1491 896 6
1503 869 1608 904 ἐχθρὸς,
1625 869 1662 900 ὡς
1679 868 1792 903 μηδαμῆ

167 916 279 942 prorsus
294 909 415 937 veritatis
433 910 538 937 radium
547 910 602 937 ullo
611 910 690 937 modo
705 910 847 938 admittere
860 914 956 945 potuc-

167 954 232 981 rint.
256 954 339 981 Aiunt
360 954 451 990 itaque
475 955 560 982 Deutn
581 955 682 982 bonum
699 955 782 982 fuisse
797 956 831 983 ab
843 961 954 988 aeterno,

167 1005 272 1028 etesse
291 1005 318 1028 et
331 1001 398 1033 fore,
428 1001 608 1036 cumdemque
630 1009 682 1028 nec
708 1001 793 1028 videri
806 1009 857 1028 nec
879 1009 955 1028 cotu-

166 1045 300 1080 prehendi
315 1053 406 1081 posse.
420 1046 509 1080 Atque
524 1046 546 1074 is
563 1046 671 1081 quidem
692 1047 821 1081 splendor
835 1052 876 1074 est
889 1047 955 1074 radii

166 1091 309 1124 veritatis;
337 1092 458 1118 tenebrat
475 1099 540 1119 vero
555 1101 616 1119 cum
639 1097 761 1126 tempore
775 1100 886 1128 magnas
909 1100 955 1120 ac-

165 1135 304 1162 cessiones
330 1140 416 1163 nacta:
438 1136 613 1171 ipsorumque
629 1136 777 1164 intellectui
801 1136 894 1164 oll‘usa:
912 1145 956 1163 ra-

166 1182 269 1209 tionem
289 1181 326 1209 ita
347 1183 496 1215 obcaecant,
510 1187 539 1210 ut
557 1183 724 1210 insanientes
738 1183 831 1210 dicant
855 1183 955 1210 malum

164 1227 301 1260 prodiissc
314 1235 347 1255 ex
363 1228 481 1255 tenebris
502 1234 529 1255 et
545 1230 616 1264 igne,
642 1228 669 1255 id
699 1229 771 1263 quod
786 1229 871 1256 multo
898 1229 955 1256 risu

166 1273 209 1301 vel
223 1274 313 1308 potius
332 1274 456 1310 lacrymis
469 1283 521 1302 non
538 1275 666 1303 sistendis
678 1275 788 1311 dignum
803 1282 853 1308 est,
866 1282 892 1304 et
905 1285 955 1312 pro

165 1321 317 1348 incredibili
333 1321 430 1348 anima).
450 1327 571 1350 tuonstro
594 1323 758 1350 babendutn.
789 1322 817 1350 Si
837 1323 908 1350 enim
921 1324 955 1351 de

163 1365 285 1392 tenebris
306 1371 334 1393 et
348 1366 411 1401 igne
425 1366 548 1394 sensibili
572 1367 638 1402 ipsis
653 1374 743 1394 sermo
759 1372 810 1399 est,
832 1373 860 1395 et
878 1368 954 1401 illud,

163 1411 236 1445 quod
247 1411 310 1439 inde
321 1418 414 1439 natum
426 1417 478 1444 est,
496 1420 545 1447 pro
560 1413 683 1440 sensibili
694 1413 848 1440 habendum
863 1413 954 1441 fuerit.

164 1457 259 1492 itaque
274 1457 372 1484 Malum
382 1458 546 1493 principium
566 1459 694 1486 sensibile
704 1463 754 1486 est.
769 1458 846 1492 Quod
859 1459 880 1486 si
891 1467 956 1488 vero

164 1503 284 1530 tenebrae
299 1503 353 1530 illa:
368 1508 395 1530 et
409 1503 478 1538 ignis
493 1508 586 1531 mente
599 1508 703 1531 tantum
717 1505 818 1539 percipi
829 1511 953 1540 possunt.

1007 915 1076 950 πρὸς
1109 915 1243 950 μηδεμίαν
1267 915 1336 947 ὅλως
1362 917 1410 950 τῆς
1443 915 1571 951 ἀληθείας
1596 913 1695 950 αῐγλην
1730 915 1793 946 τοὺς

1006 961 1217 996 ὲσκοτισμένους
1248 961 1469 997 ἐπιστρέφεσθαι.
1506 962 1552 988 Διὸ
1582 969 1663 996 φασιν
1685 981 1691 993 ,
1715 961 1756 986 ὅτι
1779 961 1793 986 ό

1006 1007 1107 1041 ἀγαθὸς
1122 1007 1188 1037 Θεὸς
1205 1005 1239 1042 ἦν
1262 1007 1316 1039 ἀεὶ,
1333 1007 1382 1033 καὶ
1402 1006 1471 1039 ἐστι,
1497 1006 1544 1033 καὶ
1565 1006 1640 1032 ἔσται
1661 1005 1728 1040 (93),
1746 1006 1794 1031 καὶ

1005 1053 1047 1080 ὅτι
1061 1053 1176 1088 ἀόρατος
1192 1054 1239 1080 καὶ
1260 1053 1462 1087 ἀκατάληπτος.
1482 1052 1563 1080 Ἀλλὰ
1577 1052 1657 1079 τοῦτο
1687 1052 1735 1086 μὲν
1759 1052 1792 1087 δὴ

1005 1098 1054 1133 τῆς
1066 1098 1174 1129 ἀκτῖνος
1190 1099 1248 1124 ἐστι
1269 1099 1319 1133 τῆς
1339 1098 1489 1132 ἀληθείαςδ
1525 1097 1564 1132 τῷ
1590 1097 1678 1132 χρόνῳ
1703 1097 1732 1123 δὲ
1762 1097 1792 1122 τὸ

1007 1144 1104 1175 σκότος
1117 1143 1233 1179 δύναμιν
1249 1143 1350 1179 πολλὴν
1375 1143 1458 1171 λαϐὸν
1477 1144 1578 1170 αὐτίκα
1592 1143 1792 1178 καταχεόμενον

1005 1189 1096 1217 αὐτῶν
1123 1191 1173 1223 τῆς
1201 1190 1331 1222 διανοίας,
1363 1190 1458 1224 τυφλοῖ
1486 1189 1550 1220 τοὺς
1574 1189 1720 1223 λογισμοὺς
1745 1188 1793 1215 καὶ

1012 1236 1158 1270 παρανοεῖν
1169 1235 1216 1261 καὶ
1228 1235 1328 1269 λέγειν,
1342 1235 1379 1266 ὡς
1394 1236 1408 1261 ό
1422 1234 1542 1269 Πονηρὸς
1554 1233 1665 1268 γέγονεν
1695 1233 1728 1258 ὲκ
1744 1231 1792 1258 τοῦ

1007 1281 1118 1313 σκότους
1129 1289 1159 1307 τε
1175 1282 1221 1308 καὶ
1243 1282 1290 1308 τοῦ
1303 1288 1306 1293 ·
1318 1282 1414 1316 πυρὸς,
1439 1280 1453 1307 ὃ
1470 1279 1568 1307 πολλοῦ
1584 1279 1702 1314 γέλωτάς
1718 1279 1793 1305 ἐστιν

1006 1327 1089 1360 ἄξιον,
1101 1328 1200 1362 μᾶλλον
1208 1328 1236 1354 δὲ
1246 1327 1370 1363 δακρύων
1381 1328 1501 1354 ἀεννάων
1514 1326 1568 1362 (94)
1579 1326 1625 1352 καὶ
1635 1325 1792 1359 ἀδιανόητον

1005 1374 1127 1408 γέννημα
1141 1373 1240 1408 ψυχῆς.
1252 1374 1289 1399 Τὸ
1296 1373 1348 1408 γὰρ
1355 1372 1448 1403 σκότος
1457 1371 1504 1398 καὶ
1514 1371 1545 1397 τὸ
1559 1370 1615 1405 πῦρ
1628 1371 1651 1396 εί
1666 1369 1715 1405 μὲν
1732 1369 1793 1395 αίσ-

1005 1418 1085 1451 οητὺν
1101 1418 1237 1452 λέγουσιν,
1251 1418 1360 1448 πάντως
1380 1418 1428 1443 καὶ
1447 1417 1478 1443 τὸ
1503 1416 1532 1448 ἐξ
1549 1415 1639 1442 αὐτῶν
1661 1414 1792 1450 προελθὸν

1005 1464 1133 1497 αἰσθητόν
1147 1472 1154 1479 ·
1171 1464 1242 1490 ὥστε
1266 1464 1280 1490 ὁ
1305 1463 1424 1498 πονηρδς
1446 1462 1573 1498 αἰσθητός
1592 1463 1676 1488 ἐστιν.
1709 1462 1738 1488 El
1763 1461 1792 1487 δὲ

1006 1508 1100 1543 νοητόν
1114 1509 1172 1534 ἐστι
1191 1507 1221 1534 τὸ
1244 1507 1337 1539 σκότος
1355 1507 1401 1534 καὶ
1420 1507 1451 1533 τὸ
1477 1507 1532 1540 πῦρ
1559 1507 1647 1532 ἐκεῖνο
1660 1527 1668 1539 ,
1693 1505 1792 1540 μᾶλλόν

163 1548 250 1575 multo
263 1548 347 1584 magis
357 1549 491 1583 ejusmodi
510 1548 573 1584 quid
597 1549 680 1576 fuerit
700 1549 808 1582 Malum,
825 1556 951 1585 tanquam

1009 1557 1075 1581 iam;
1092 1556 1106 1581 ὁ
1123 1554 1244 1589 Πονηρὸς
1266 1553 1313 1580 καὶ
1340 1553 1370 1579 τὸ
1394 1553 1424 1586 ἐξ
1445 1553 1535 1579 αὐτῶν
1569 1551 1710 1586 προελθὸν.
1736 1550 1792 1577 Καὶ

163 1594 237 1628 quod
252 1593 317 1622 hinc
336 1595 488 1629 profectum
510 1599 560 1622 est.
589 1595 683 1630 Itaque
709 1596 825 1623 tenebrae
854 1596 906 1624 illa!
922 1605 954 1625 ac

163 1641 236 1676 ignis
251 1645 299 1668 aut
315 1646 416 1669 aeterna
435 1646 512 1668 erant
540 1649 617 1676 itaque
633 1650 664 1670 ac
686 1641 768 1675 Deus,
789 1647 837 1670 aut
860 1648 953 1678 postea

163 1686 274 1714 demum
299 1684 376 1714 ὅτιοῖ
392 1686 442 1715 Ubi
465 1695 530 1715 vero
544 1693 603 1716 erat
619 1692 685 1715 tunc
700 1688 810 1722 Malum,
828 1689 881 1716 illis
898 1689 955 1724 jam

163 1733 379 1761 essisteutibus‘!
401 1733 429 1761 Si
445 1742 510 1762 vero
532 1738 626 1769 postea
647 1735 758 1762 demum
783 1735 952 1770 prodierunt,

163 1779 226 1812 quis
239 1778 283 1806 illa
297 1778 325 1806 in
341 1780 429 1806 lucem
452 1779 601 1813 produxit?
626 1779 758 1809 Tenebra:
779 1781 864 1813 enim,
893 1789 954 1816 quas

163 1825 269 1852 ratione
279 1829 385 1853 tantum
399 1825 597 1861 intelliguntur,
606 1826 640 1853 ab
654 1826 731 1854 initio
746 1827 813 1854 tales
829 1827 952 1860 fuerunt,

162 1878 251 1905 neque
268 1871 442 1906 permittunt,
478 1876 508 1899 ut
538 1871 645 1900 illarum
675 1872 845 1900 conditorem
874 1874 953 1909 culpa

162 1926 260 1946 vacare
270 1919 425 1947 credamus.
440 1920 571 1947 Similiter
595 1927 646 1947 nec
669 1920 747 1956 ignis.
775 1921 822 1955 qui
850 1920 954 1948 scilicet

161 1965 253 1992 animo
281 1970 386 1993 tantum
412 1966 487 1993 cerni
515 1969 615 2001 potest,
641 1970 736 1993 auctor
762 1965 848 1994 fuisse
865 1966 953 2000 potuit

1004 1601 1083 1627 τοῦτο
1095 1601 1123 1627 δὲ
1135 1601 1165 1627 τὸ
1181 1600 1274 1631 σκότος
1286 1599 1334 1626 καὶ
1345 1599 1376 1625 τὸ
1394 1599 1449 1634 πῦρ
1463 1598 1517 1634 ἄρα
1542 1597 1667 1624 συνατόιά
1683 1598 1740 1623 ἐστι
1751 1595 1791 1630 τῷ

1004 1646 1063 1682 Θεῷ
1079 1647 1095 1681 ἦ
1113 1646 1226 1680 ὕστερον
1238 1646 1334 1679 γέγονε
1345 1645 1424 1677 {Kal
1437 1644 1488 1670 ποῦ
1506 1641 1540 1679 ἦν
1550 1643 1609 1670 τότε
1631 1643 1645 1669 ὁ
1672 1641 1792 1677 Πονηρὸς

1003 1693 1046 1719 ὅτε
1059 1692 1144 1719 ταῦτα
1158 1690 1210 1727 ἦν;
1236 1692 1259 1718 εί
1272 1691 1300 1718 δὲ
1315 1691 1427 1726 ὕστερον
1453 1690 1558 1724 γέγονε,
1569 1689 1611 1720 τίς
1627 1689 1641 1715 ό
1664 1696 1789 1723 προαγα-

1003 1738 1060 1772 γὼν
1076 1737 1159 1770 mica;
1178 1736 1214 1763 Τὸ
1235 1736 1289 1771 γὰρ
1305 1736 1398 1772 νοητὸν
1421 1735 1516 1766 σκότος
1530 1735 1577 1761 ἀπ’
1593 1734 1680 1769 ἀρχῆς
1701 1733 1790 1767 ὑπάρ-

1003 1792 1050 1818 χον
1061 1784 1165 1815 σκότος,
1183 1782 1244 1809 οὺδὲ
1255 1783 1301 1809 τὸν
1315 1781 1506 1817 προαγαγόντα
1517 1780 1598 1807 αὑτὸν
1611 1780 1698 1806 ἀθῶον
1709 1778 1791 1814 ἀφίη-

1005 1838 1047 1856 σιν
1063 1840 1069 1846 ·
1086 1830 1186 1865 ὁμοίως
1202 1828 1230 1856 δὲ
1253 1829 1314 1855 οὐδὲ
1339 1829 1371 1855 τὸ
1392 1828 1458 1862 πῦρ,
1474 1827 1553 1862 εἴπερ
1575 1826 1669 1862 νοητὸν
1692 1825 1721 1853 ὂν
1742 1824 1790 1851 τοῦ

1003 1876 1127 1912 ἀρχηγοῦ
1149 1877 1199 1912 τῆς
1227 1875 1326 1908 κακίας
1350 1875 1445 1909 γέγονε
1466 1873 1625 1910 προῦολεύς.
1652 1873 1708 1900 Καὶ
1731 1871 1791 1903 πῶς

1003 1923 1124 1957 ἀρχηγὸς
1137 1924 1151 1949 ὁ
1165 1923 1194 1956 ἐξ
1208 1923 1310 1957 ἐτέρων
1325 1921 1373 1956 τὴν
1393 1920 1509 1956 ὓπαρξιν
1531 1919 1621 1946 λαϐών
1635 1927 1643 1950 ;
1660 1918 1706 1945 καὶ
1718 1918 1790 1943 πόσα

1005 1967 1037 1994 ἄν
1048 1976 1089 1999 τις
1104 1968 1177 1994 εἴποι
1191 1968 1240 2002 τὴν
1251 1967 1347 2000 ἄλογον
1360 1965 1463 1999 ταύτην
1477 1964 1607 1998 συζυγίαν
1623 1961 1787 1997 ).ογοοετῶν;

161 2012 326 2046 principium
342 2012 416 2039 mali.
429 2011 463 2039 Et
474 2012 610 2046 quomodo
624 2011 788 2046 principium
796 2019 855 2039 esse
869 2016 969 2046 potest,
988 2014 1061 2046 quod
1072 2013 1131 2040 aliis
1143 2013 1275 2048 originem
1291 2019 1366 2040 suam
1379 2011 1480 2038 debet?
1496 2010 1603 2045 thuot
1627 2010 1679 2036 alia
1691 2009 1789 2038 aﬂerre

161 2060 249 2095 pussit
265 2060 298 2092 is,
312 2059 358 2094 qui
372 2059 480 2086 stultam
507 2059 577 2087 hanc
600 2059 821 2094 coniunctionem
836 2059 886 2086 sub
902 2059 1014 2087 rationis
1026 2068 1141 2087 examen
1156 2068 1252 2087 vocare
1272 2059 1405 2086 voluerit?

199 2106 244 2134 IV.
261 2106 316 2134 Cur
329 2113 428 2141 nempe
447 2106 567 2134 tenebrae
582 2106 646 2134 solae
656 2105 824 2134 sutIeeerunt
838 2107 875 2133 illi
889 2113 952 2141 pro-

162 2153 305 2181 ducendo?
322 2160 371 2180 cur
396 2160 447 2179 nec
469 2152 538 2188 ignis
553 2152 678 2180 suliecit?
689 2153 750 2187 quis
767 2157 880 2188 utraque
907 2153 951 2180 illa

1041 2109 1078 2135 A’.
1100 2107 1161 2139 Πῶς
1172 2107 1220 2133 οὐκ
1235 2107 1336 2142 ἤρκεσε
1349 2106 1379 2133 τὺ
1396 2107 1491 2138 σκότος
1504 2106 1584 2140 μόνον
1600 2107 1787 2142 προαγαγεῖν;

1006 2154 1063 2186 πῶς
1076 2153 1137 2188 οὐχὶ
1151 2154 1182 2180 τὸ
1197 2154 1252 2188 πῦρ
1263 2162 1270 2186 ;
1283 2154 1324 2184 τις
1344 2153 1359 2180 ό
1380 2152 1543 2186 συναγαγὼν
1559 2153 1646 2179 ταῦτα
1669 2153 1787 2188 pinati;

161 2200 195 2227 ad
204 2199 412 2235 productionem
424 2199 550 2234 principii
570 2199 633 2226 mali
645 2200 806 2235 conjunxit?
816 2200 952 2234 quomodo

1009 2200 1052 2226 καὶ
1066 2199 1091 2226 τί
1111 2199 1260 2233 γέγονεςτί
1280 2198 1308 2225 δὲ
1331 2199 1414 2230 ποιεῖ,
1440 2197 1486 2224 τοῦ
1515 2197 1545 2230 ἐξ
1571 2199 1652 2225 αὑτοῦ
1673 2198 1789 2234 προελη-

161 2253 216 2273 nOn
229 2245 322 2280 potius
347 2244 391 2272 illa
416 2252 465 2279 pro
487 2245 619 2279 principio
648 2246 850 2281 agnoscuntur?
880 2245 949 2278 Quid

161 2298 228 2317 vero
246 2290 280 2317 de
301 2290 354 2317 illis
368 2290 468 2316 factum
487 2290 546 2317 est?
563 2290 662 2324 etquid
677 2298 751 2317 nunc
765 2295 857 2325 agunt,
875 2296 950 2325 post-

197 2348 209 2364 ⁵
224 2348 303 2375 Deut.
320 2355 383 2379 xxx,
401 2347 443 2374 l9.

1003 2244 1114 2276 λυθότος
1136 2244 1307 2279 ἁρπάσαντος
1341 2243 1390 2278 τὴν
1410 2243 1508 2278 ἀρχήν;
1527 2242 1633 2276 Ἀλλως
1652 2252 1681 2270 τε
1704 2244 1742 2276 δὲ,
1763 2245 1788 2272 εί

1005 2289 1113 2324 ἐγένετο
1125 2290 1139 2315 ὁ
1155 2289 1277 2325 Πονηρὸς
1297 2289 1330 2315 ὲκ
1347 2288 1394 2315 τοῦ
1417 2288 1529 2319 σκότους
1545 2289 1593 2315 καὶ
1613 2288 1660 2315 τοῦ
1689 2289 1786 2324 πυρὸς,

707 2403 822 2432 VARME
841 2405 1034 2434 LECTIONES
1054 2405 1097 2433 ET
1117 2405 1230 2434 ΝΟΤιΕ.

198 2467 254 2499 (9i)
271 2466 484 2497 Αὐτεξούσιον.
506 2466 535 2492 lu
551 2465 621 2492 Lect.
637 2464 774 2492 Cattisian.
791 2465 862 2494 hanc
878 2467 950 2494 arbi-

161 2502 207 2530 trii
226 2499 379 2528 libertatem
402 2506 496 2528 contra
515 2500 679 2526 Maniclueos
695 2499 838 2535 diligenter
852 2503 952 2528 astruit

160 2537 241 2565 Titus
255 2536 419 2569 Bostrensis,
435 2536 483 2563 lib.
509 2544 540 2568 ιι,
559 2535 616 2562 fere
632 2539 700 2566 toto,
726 2535 797 2569 apud
821 2536 862 2563 Cl.
886 2536 952 2564 Bas-

160 2580 224 2607 nag.
239 2580 267 2607 p.
277 2571 312 2599 9A
323 2579 399 2606 seqq.
415 2571 531 2605 gentiles
539 2577 647 2605 quoque
662 2571 875 2607 eantagnoyisse
885 2576 913 2598 et
923 2572 950 2599 in

160 2605 286 2635 abusum
301 2605 501 2640 ejus'vitiorum
522 2613 633 2633 causam
655 2605 779 2632 retulisse
802 2606 950 2634 luculentis

161 2651 256 2670 eorum
271 2642 337 2669 locis
347 2645 464 2677 constat,
476 2648 592 2674 quorum
602 2640 724 2677 amplam
736 2641 820 2668 babes
831 2647 950 2677 segetem

161 2679 233 2708 apud
255 2677 388 2704 Thomam
413 2675 595 2706 Gataberum.
623 2675 650 2702 in
667 2675 742 2702 Notis
758 2676 792 2702 ad
808 2675 949 2708 Antoniri,

161 2686 175 2704 ιι
189 2686 233 2704 ιυιι
260 2686 388 2704 tuomam
413 2686 595 2706 uawuerum.
623 2686 650 2702 Ill
667 2686 742 2702 unus
758 2686 792 2702 au
808 2686 949 2708 Μιιοῐιιῐι,

160 2686 210 2740 lila.
226 2721 257 2744 ιι,
274 2712 325 2747 §9;
341 2717 368 2738 et
379 2710 451 2747 Petr.
470 2711 606 2747 Danielem
624 2710 752 2747 liuetium
771 2711 798 2737 in
813 2711 949 2747 Alnelanis

162 2745 355 2781 Qumslioitibus
366 2746 413 2773 lib.
430 2753 460 2776 tt,
483 2746 609 2782 capti“),
624 2745 727 2782 “#166
742 2753 817 2782 seqq.
835 2746 949 2782 Elegans

161 2779 230 2810 mihi
245 2791 355 2818 semper
371 2782 459 2818 visunt
480 2779 524 2818 est
537 2779 643 2818 Maximi
657 2779 729 2818 Tyrii
740 2779 787 2818 “in
800 2779 851 2818 bac
865 2779 947 2818 causa

159 2815 392 2853 judicium,'quod
407 2816 504 2853 legitur
519 2816 546 2853 in
560 2815 873 2853 Dissertationibusejus
889 2816 946 2853 dis-

162 2850 229 2882 iert.
239 2853 275 2881 ‘25
287 2863 294 2881 :
306 2850 372 2884 eis;
386 2851 503 2886 ἐπέθηκε
517 2851 564 2886 τὴν
579 2850 668 2886 ψυχὴν
679 2851 765 2886 γηΐνῳ
779 2851 895 2886 σώματι,
908 2851 953 2884 ὼέ

998 2467 1111 2503 ἡνίοχον
1118 2466 1222 2503 ἅρματι
1232 2485 1238 2496 ,
1255 2466 1302 2492 καὶ
1316 2464 1453 2503 παραδοὺς
1467 2462 1517 2503 τᾲς
1531 2463 1610 2503 flvis;
1630 2464 1669 2500 τῷ
1687 2465 1787 2503 ἡνιόχῳ

1000 2498 1089 2535 ἀφῆκε
1103 2498 1170 2533 θεῖν,
1187 2501 1301 2535 ἔχουσαν
1321 2498 1373 2559 res.
1388 2499 1451 2534 παρ’
1468 2498 1550 2524 αὐτοῦ
1571 2498 1667 2535 ῥώμην
1678 2498 1787 2536 τέχνης,

1000 2536 1112 2559 ἑνουσαν
1126 2536 1155 2559 δὲ
1174 2537 1221 2559 καὶ
1236 2536 1317 2559 ἀτενν
1331 2543 1363 2559 ας
1379 2533 1513 2559 ἐξουσίαν.

999 2533 1112 2571 ἐχούσαν
1126 2536 1155 2562 δὲ
1174 2533 1221 2562 καὶ
1236 2533 1363 2571 ἀτεχνίας
1379 2533 1513 2571 sessum.

1035 2571 1090 2604 (92)
1113 2571 1172 2604 Τὴν
1186 2567 1391 2605 δημιούργζαν.
1401 2569 1526 2603 Disputat
1538 2567 1609 2595 hanc
1625 2569 1653 2596 in
1670 2577 1727 2597 rem
1742 2569 1786 2597 fu-

999 2606 1055 2634 sius
1066 2605 1143 2632 '|‘itus
1160 2605 1205 2632 lih.
1224 2613 1254 2634 ιι.
1270 2613 1297 2639 p.
1312 2604 1355 2632 76.

1037 2640 1092 2675 (93)
1101 2640 1156 2667 Kal
1172 2641 1267 2666 ἔσται.
1277 2639 1344 2666 Tres
1355 2639 1413 2675 illas
1426 2639 1556 2673 temporis
1568 2639 1735 2667 dill'erentias
1751 2640 1786 2667 ad

1002 2673 1209 2704 deécribendum
1230 2675 1314 2701 Deutn
1330 2673 1444 2708 gentiles
1458 2681 1568 2708 quoque
1591 2675 1783 2702 adhibuerunt.

1000 2711 1072 2744 Lean.
1080 2710 1143 2737 Julii
1154 2710 1222 2737 Caes.
1232 2709 1373 2744 Bulengeri
1390 2708 1501 2742 Eclogas
1513 2710 1688 2741 Arnobiauas,
1701 2718 1727 2744 p.
1737 2709 1782 2739 28,

1001 2751 1029 2773 et
1042 2745 1144 2772 Tbeod.
1164 2744 1301 2772 Janssonii
1322 2743 1504 2771 ’Almclovenii
1520 2744 1665 2778 Opuacttla,
1680 2743 1708 2779 pi
1734 2744 1784 2772 107

1001 2788 1058 2815 seq.
1075 2780 1176 2807 Confer
1185 2780 1339 2815 l’liilologos
1346 2779 1379 2806 ad
1392 2778 1554 2814 Apocalyps.
1572 2787 1592 2811 ι,
1606 2779 1634 2815 ᾗ,

1036 2813 1258 2877 (94ἐἌεννάων.
1280 2813 1319 2842 lia
1335 2814 1405 2850 lego,
1420 2821 1469 2849 pro
1482 2813 1520 2842 eo
1542 2813 1614 2849 quod
1627 2813 1655 2842 in
1671 2822 1724 2842 ms.
1741 2819 1785 2843 est

1036 2859 1078 2877 ενν
1097 2859 1144 2877 ων.

999 2851 1144 2878 ἁνεννάων.
