1930 3079
109 117 140 149 89

635 122 785 153 CONTRA
805 122 1037 153 MANICHEOS
1055 122 1174 153 LIBER
1191 123 1217 153 Ι.

1704 125 1740 156 90

109 174 162 206 πῶς
183 173 265 200 πάλιν
282 173 329 201 τοῦ
349 174 461 207 σκότους
478 175 526 202 καὶ
543 175 589 202 τοῦ
609 178 692 211 πυρὺς
709 176 825 213 ποιητὴν
846 176 890 203 λέ-

945 184 1024 211 quam
1042 176 1109 204 illud
1134 177 1206 212 quod
1232 181 1446 214 progenuerunt,
1478 176 1660 212 principatum
1688 178 1737 205 Sibl

108 228 199 255 γουσιν
219 220 265 247 τὸν
295 220 435 256 Πονηρόν;
454 221 485 247 El
500 221 529 248 δὲ
544 222 594 248 οὐκ
620 222 678 248 ἔστι
694 223 742 250 τοῦ
768 222 854 257 πυρὸς
877 223 891 248 ὁ

108 266 226 301 Πονηρὸς
253 267 378 302 ποιητὴς,
409 267 466 293 ἔστι
493 267 521 294 δὲ
548 267 578 294 τὸ
593 268 649 304 πῦρ
676 268 815 303 αἰσθητὸν,
833 268 892 300 πῶς

107 311 228 345 λέγουσιν
239 332 248 345 ,
259 312 300 338 ὃτι
317 313 331 338 ὁ
345 312 448 347 ἀγαθὸς
463 313 530 345 Θεὸς
548 313 624 340 οὐδὲν
642 314 770 349 ἐποίησεν
791 313 891 349 αἰσθη-

108 358 165 389 τόνς
181 358 212 384 Εἰ
231 358 286 394 γὰρ
305 358 465 394 αἰσχυνθείη
483 359 513 385 τὸ
537 359 715 394 ἀναίσχυντον
733 360 823 386 αὐτῶν
840 359 891 393 τῆς

110 404 223 438 πλάνης,
238 403 329 431 δοῦναι
343 405 382 440 τῷ
400 405 514 441 Πονηρῷ
527 405 577 441 τὴν
596 405 704 438 γένεσιν
722 406 769 432 τοῦ
793 405 891 441 πυρξς,

109 451 148 477 [va
165 451 214 486 μὲν
226 451 274 478 νῦν
289 452 338 486 μὲν
353 452 488 487 πλάστην,
507 452 554 478 νῦν
575 452 604 479 δὲ
631 452 745 487 πλάσμα
766 451 797 478 τὸ
825 451 892 478 αὐτὸ

106 497 269 532 διελέγχοιτο
282 497 413 533 ληροῦσα,
429 499 470 529 εἰς
484 498 559 525 οὐδὲν
580 498 708 525 ἐλάττονα
731 497 890 532 γινωσκέτω

106 544 333 578 καταστρέφουσα
371 543 504 578 αῑσχύνην
522 552 529 558 ·
557 543 720 579 ὁμολογήσει
746 543 801 578 γὰρ
843 542 891 568 καὶ

106 590 206 616 ἄκουσα
221 589 270 616 καὶ
289 589 394 624 σιγῶσα
405 589 451 616 τοῦ
466 589 569 623 ἀγαθοῦ
587 588 656 616 εἷναι
668 589 736 616 Θεοῦ
757 587 891 624 δημιούρ-

105 643 182 670 γημα
196 632 209 651 ·’
222 635 292 671 ὅπερ
305 635 388 662 αὐτοῦ
410 636 485 672 πάσῃ
499 635 601 671 σπουδῇ
617 635 664 662 καὶ
678 635 814 670 μηχαναῖς
841 634 891 668 ἁφ-

105 683 195 717 ῃρείτο
218 682 330 713 πάσαις.
348 682 460 713 Πάντως
480 682 538 716 γὰρ
559 681 590 707 τὸ
606 681 734 716 αἰσθητὸν
746 680 811 715 πῦρ,
828 680 891 705 ὅσον

105 727 137 754 ἂν
150 727 359 762 ὲσκοτίσθησαν,
376 727 437 754 οὔτε
452 728 581 763 ἄναρχον,
597 726 660 753 οὒτε
669 726 755 753 ἀΐδιον
770 725 889 760 ἐροῦσιν.

944 221 1115 249 vindicavit?
1130 221 1277 253 Praeterea,
1294 222 1315 249 si
1333 222 1431 249 Malum
1453 229 1486 249 ex
1499 222 1621 249 tenebris
1636 226 1664 249 et
1678 222 1739 258 igne

945 267 1206 303 prodiit,quomodo
1242 267 1361 294 vicissim
1385 267 1484 294 Malum
1513 268 1687 295 tenebrarum
1712 273 1740 296 et

944 313 1015 349 ignis
1045 314 1157 341 tradunt
1182 313 1348 340 auctorem?
1373 314 1475 342 Sivero
1497 314 1597 342 Malum
1622 322 1678 342 non
1697 319 1741 343 est

944 358 1109 394 principium
1136 358 1218 393 ignis,
1239 358 1308 394 ignis
1337 367 1401 386 vero
1435 360 1561 387 sensibus
1600 360 1740 395 subjectus

944 410 995 437 est,
1016 404 1152 439 quomodo
1167 405 1272 437 dicunt,
1300 405 1381 432 deum
1396 405 1498 432 bonum
1522 406 1600 435 nihil.
1618 406 1690 441 quod
1705 414 1740 441 ap

945 459 1043 478 sensus
1064 451 1193 486 pertinet,
1213 451 1390 479 condidisse?
1416 452 1445 478 Si
1471 452 1544 479 enim
1559 453 1740 488 impudentis-

945 497 1029 524 simos
1043 497 1168 525 homines
1191 498 1295 533 pudere
1325 504 1418 533 posset
1443 498 1526 533 hujus
1549 499 1662 531 erroris,
1685 507 1740 534 quo

945 543 1015 579 ignis
1029 544 1161 578 originem
1173 544 1198 570 in
1216 544 1314 571 Malum
1328 544 1460 573 referunt.
1473 550 1654 580 caverentqne
1670 545 1740 572 adeo

945 587 1007 621 sibi,
1024 596 1057 614 ne
1067 596 1142 616 nnnc
1156 589 1266 624 quidem
1285 589 1465 622 conditorem,
1486 597 1561 616 nunc
1584 598 1649 616 vero
1671 598 1740 625 opus

944 633 1033 668 ipsum
1050 634 1145 661 iisdem
1161 635 1398 663 criminationibus
1422 635 1601 670 impeterent;
1632 635 1675 662 vel
1699 635 1741 663 sic

945 683 1034 706 tamen
1048 688 1103 707 rem
1115 688 1170 707 non
1188 681 1278 708 minus
1290 681 1442 716 pudendam
1459 681 1626 709 admissuros
1638 689 1668 709 se
1681 689 1741 709 esse

945 725 1043 752 sciant.
1059 726 1234 754 Profitebitnr
1244 727 1316 754 enim
1337 727 1418 755 factio
1434 728 1492 755 ha’c
1511 728 1592 755 etiam
1617 728 1702 755 invita
1713 733 1741 756 et

105 774 194 806 tacita,
211 774 274 801 boni
293 774 337 801 dei
359 782 419 802 esse
438 782 517 810 opus,
536 774 608 809 quod
624 778 705 801 antea
731 773 804 800 omni
821 771 910 799 studio
929 777 958 799 et
972 780 1056 807 opere
1071 774 1144 801 omni
1168 774 1217 809 ipsi
1234 775 1409 810 surripiebat.
1425 774 1543 803 Omnino
1563 775 1636 802 enim
1650 776 1741 811 ignem

104 821 228 849 sensibus
238 821 454 857 pereeptibilem,
477 827 721 858 quantumcunque
748 821 831 848 etiam
858 820 1030 848 obtenebrati
1047 821 1178 854 sint,nee
1206 822 1284 850 initio
1317 830 1420 855 carere,
1449 831 1500 851 nec
1528 828 1660 851 aeternum
1679 831 1742 853 esse

103 867 202 896 dicent.

138 915 173 942 E’.
197 913 264 942 Εἶτα
283 914 331 943 τοῦ
350 915 464 947 σκότους
494 916 623 949 πάλιν,εί
648 916 695 943 καὶ
723 915 761 952 μὴ
788 915 890 946 πάντες

980 915 1010 942 V.
1031 915 1100 943 Tum
1114 924 1189 949 vero,
1204 917 1227 944 si
1243 925 1296 944 non
1314 925 1420 951 omnes,
1445 917 1527 952 aliqui
1544 921 1619 944 certe
1631 925 1739 952 eorum,

103 961 201 995 αὐτῶν,
216 961 282 989 ἑνιοι
296 962 325 989 δὲ
342 963 416 997 ὅμως
427 962 573 994 ἀναδύντες
586 963 705 997 λέγουσι,
724 962 770 988 τὸν
789 960 891 995 ἀγαθὸν

105 1009 173 1036 Θεὸν
188 1009 262 1044 ἔχειν
273 1009 322 1044 μὲν
335 1010 369 1036 τὰ
383 1010 543 1045 ἐπουράνια,
562 1009 610 1036 καὶ
628 1007 796 1044 δημιουργὸν
821 1005 892 1033 εἷναι

102 1054 148 1081 τοῦ
162 1054 279 1090 οὐρανοῦ
299 1055 346 1082 καὶ
361 1055 480 1091 χορηγὸν
500 1053 571 1081 εἶναι
587 1055 644 1085 τοῖς
656 1054 811 1090 ἀνθρώποις
821 1054 893 1088 πρά-

103 1096 180 1134 ξεων,
199 1103 229 1128 οὑ
254 1101 335 1137 μέχρι
348 1096 446 1128 πολλοῦ
461 1102 488 1128 δὲ
501 1102 551 1137 τὴν
572 1102 655 1137 ἀχλὺν
668 1101 894 1134 ἀποσκευασάμε-

101 1157 143 1175 νοι
170 1149 250 1176 πάλιν
271 1148 469 1184 δυσιρημοῦσιν,
484 1148 546 1175 οὔτε
566 1148 616 1183 τῆς
631 1148 682 1182 γῆς
699 1147 892 1183 δημιουργίαν,

102 1193 166 1222 οὒτε
197 1195 252 1221 τῶν
276 1195 305 1222 ὲν
333 1195 408 1230 μέσῳ
431 1194 505 1229 αὐτῷ
537 1193 780 1229 συναρμόττοντες,
800 1193 894 1228 ἕτερον

101 1241 131 1267 δὲ
158 1240 324 1276 δημιουργὸν
346 1240 539 1274 ἐπεισάγοντες
553 1247 560 1254 ·
576 1240 648 1271 τινὲς
672 1239 701 1266 δὲ
717 1238 808 1266 αὐτῶν
831 1239 893 1274 (πο-

100 1287 231 1323 λυσχιδὴς
243 1287 298 1323 γὰρ
324 1288 340 1322 ὴ
358 1287 457 1322 πλάνη)
471 1287 519 1314 καὶ
537 1286 583 1313 τὸν
607 1286 724 1322 οὐρανὸν
747 1286 829 1313 αὑτὸν
848 1285 895 1312 καὶ

103 1335 138 1360 τὰ
163 1335 193 1360 ἐν
217 1333 292 1369 μέσῳ
322 1332 411 1360 πάντα
432 1333 617 1368 τετολμήκασι
641 1332 730 1366 λέγειν
754 1331 896 1366 ποιήματα

101 1379 150 1406 τοῦ
169 1379 294 1415 Ἕχθροῦ.
318 1378 388 1406 Ἀλλ’
405 1379 483 1413 εἴπερ
499 1379 573 1405 ἐστὶν
587 1379 601 1405 ὁ
621 1378 735 1413 οὐρανὸς
757 1377 828 1404 κατὰ
845 1377 895 1411 τὴν

102 1425 216 1452 ἐκείνων
236 1425 436 1461 ἐμϐροντησίαν
452 1426 532 1460 ἔργον
562 1424 609 1451 τοῦ
634 1423 771 1459 Πονηροῦ,
792 1423 851 1455 πῶς
881 1423 896 1449 ὁ

101 1472 276 1506 ἀγαθδςθεὸς
289 1473 317 1498 ὲν
330 1473 386 1502 τοῖς
394 1471 567 1507 ἐπουρανίοις
579 1471 768 1504 ἀναπαύεται;
783 1470 831 1496 καὶ
847 1471 870 1495 εἰ
881 1471 895 1496 ὀ

101 1518 217 1554 οὐρανὸς
231 1518 353 1554 περιέχει
364 1519 410 1545 τὸν
419 1518 487 1553 ἀέρα
507 1519 555 1545 καὶ
567 1517 616 1554 τὴν
633 1519 684 1552 γῆν
696 1518 743 1544 καὶ
769 1516 807 1550 τὸ]
823 1515 895 1552 ὕδωρ

103 1567 164 1600 (καὶ
191 1564 247 1600 γὰρ
267 1565 314 1591 καὶ
336 1564 370 1591 τὰ
395 1564 561 1600 καταχθόνιοι
580 1564 737 1599 περιέχεται
753 1564 781 1590 ἐν
796 1561 893 1598 αὐτῷ),

102 1610 164 1642 πῶς
183 1611 197 1637 ὸ
218 1609 334 1646 οὐρανὸς
354 1609 401 1636 τοῦ
429 1609 595 1644 ἐπουρανίου
616 1609 684 1636 Θεοῦ
705 1607 780 1640 οἶκος
798 1608 836 1635 ὢν
860 1608 896 1634 τὰ

102 1656 151 1683 τοῦ
167 1655 288 1692 Πονηροῦ
305 1655 383 1691 ἔργα,
406 1655 530 1682 τουτέστι
543 1654 595 1689 γῆν
617 1654 732 1690 καὶπῦρ
753 1655 800 1681 καὶ
827 1653 896 1688 ἀέρα

102 1702 237 1738 περιέχει,
258 1702 305 1728 καὶ
331 1702 361 1729 οὐ
384 1701 505 1737 περιέχει
528 1702 620 1736 μόνον,
635 1700 703 1727 ἀλλὰ
727 1701 774 1727 καὶ
797 1700 894 1727 διακυ-

102 1749 209 1784 6ερνᾷ;
226 1749 274 1776 Ἐκ
301 1748 357 1783 γὰρ
381 1749 432 1783 τῆς
443 1747 576 1782 ἀνατολῆς
599 1746 647 1773 τοῦ
678 1747 755 1782 ἡλίου
777 1746 826 1773 καὶ
847 1747 896 1781 τῆς

101 1795 218 1828 δύσεως,
235 1795 282 1821 καὶ
293 1794 347 1821 τῶν
361 1794 480 1829 ἄστρων,
492 1793 509 1821 ἆ
523 1794 576 1820 εἱσι
589 1793 638 1820 τοῦ
654 1793 781 1828 οὐρανοῦ,
794 1794 842 1819 καὶ
860 1793 896 1828 γῆ

101 1841 153 1868 καὶ
169 1839 253 1874 ὕδωρ,
270 1840 318 1866 καὶ
337 1839 402 1874 αὴρ,
420 1839 468 1865 καὶ
485 1838 552 1874 πῦρ,
568 1840 602 1874 τῇ
616 1838 664 1864 τοῦ
682 1837 750 1864 Θεοῦ
770 1837 894 1872 προνοίᾳ,

101 1887 153 1914 καὶ
175 1886 226 1920 τῆς
240 1885 388 1921 εὐκρασίας
404 1884 581 1915 ἀπολαύουσι,
596 1884 645 1911 καὶ
662 1884 712 1918 τὴν
730 1884 769 1915 εἰς
794 1883 897 1918 ἄλληλα

103 1931 259 1968 μεταϐολὴν
278 1931 324 1957 ἐπὶ
357 1929 439 1966 κοινῷ
464 1929 635 1966 καρποῦνται
661 1929 826 1965 συμφέροντι
850 1928 897 1955 καὶ

101 1979 145 2015 τῷ
169 1978 335 2013 ἀνθρωπίνῳ
353 1977 439 2012 γένει,
454 1977 501 2003 καὶ
525 1977 582 2008 τοῖς
604 1975 698 2007 ἄλλοις
723 1975 804 2008 ζώοις
827 1975 897 2011 πρὸς

100 2026 154 2061 τὴν
171 2024 312 2061 παροῦσαν
336 2024 431 2059 χρείαν
449 2023 628 2059 ἁρμόζονται,
648 2022 719 2049 Ἀλλ’
739 2023 764 2049 εί
783 2023 833 2057 τῆς
848 2031 898 2048 πο-

101 2072 192 2107 νηρᾶς
204 2071 290 2106 ἀρχῆς
303 2071 317 2097 ὁ
329 2070 455 2104 οὐρανὸς,
464 2070 522 2102 πῶς
534 2070 548 2096 ὁ
560 2069 656 2105 Σωτὴρ
672 2069 753 2104 ήμῶν
767 2068 896 2104 εὔχεσθαι

101 2118 154 2154 τὴν
168 2117 323 2152 θαυμασίαν
340 2116 448 2152 ἐκείνην
465 2116 511 2143 καὶ
526 2116 643 2151 φρικτὴν
658 2115 825 2142 ἐκδιδάσκων
849 2116 896 2141 καὶ

101 2160 281 2201 παραδιδούὲ’
289 2164 385 2198 Πάτερ
396 2163 490 2198 ἡμῶν,
501 2163 591 2198 φησιν,
602 2164 618 2190 ὁ
625 2163 659 2189 ἐν
667 2163 729 2195 τοῖς
739 2163 896 2197 οὐρανοῖς;

101 2212 162 2239 καί.
190 2210 370 2245 Ἁγιασθήτω
396 2209 429 2236 τὸ
448 2209 543 2244 ὄνομά
567 2217 636 2240 σου,
654 2209 695 2242 ὡς
721 2209 757 2236 ἐν
777 2208 896 2244 οίῬανῷ

101 2257 155 2285 καὶ
172 2257 221 2284 ἐπὶ
238 2256 294 2291 τῆς
306 2255 381 2291 Tim;
398 2255 460 2287 [Ιῶς
476 2253 522 2282 οὖν
535 2256 564 2281 ἐν
584 2255 717 2290 ἀλλοτρίῳ
732 2255 863 2290 κτίσματι
882 2256 895 2281 ὁ

101 2305 196 2339 πάσης
221 2302 387 2339 δημιουργὸς
401 2303 516 2334 κτίσεως
537 2303 637 2328 ἐνοικεῖ
649 2323 656 2335 ,
675 2302 721 2328 καὶ
737 2301 775 2337 τῷ
793 2310 824 2328 τε
840 2302 895 2327 Πο-

101 2350 241 2386 νηρῷ(95)
256 2350 303 2377 καὶ
318 2350 398 2384 ἔργον
412 2349 562 2384 ὑπάρχοντι
576 2348 709 2384 Πονηροῦ.
722 2347 855 2383 Ἀλλαχοῦ
866 2348 896 2374 δὲ

101 2395 261 2432 συμπαθεῖς
277 2393 347 2422 εἶναι
364 2396 433 2430 πρὸς
449 2395 582 2430 ἀλλήλους
593 2394 746 2430 νομοθετῶν
756 2396 770 2421 ὸ
786 2394 894 2430 Σωτὴρ,

107 2443 184 2470 Ἐὰν
195 2442 301 2477 ἀφῆτε,
319 2442 396 2478 φησὶ,
413 2441 475 2475 τοῖς
491 2441 659 2475 ἀνθρώποις
682 2442 718 2469 τὰ
738 2442 896 2475 παραπτώ-

97 2497 184 2524 ματα
197 2488 306 2520 αὐτῶν,
327 2488 440 2523 ἀφήσει
454 2488 503 2514 καί
515 2487 587 2522 ὑμῖν
613 2489 629 2515 d
658 2487 760 2522 Πατὴρ
776 2487 862 2522 ὑμῶν
878 2489 896 2515 ὁ

100 2534 257 2570 οὐράνιος.
275 2535 331 2561 Καὶ
355 2534 436 2561 πάλιν
451 2534 490 2569 τῷ
506 2534 639 2569 θελήματι
662 2533 708 2560 τοῦ
721 2533 789 2560 Θεοῦ
809 2542 894 2560 κατα-

99 2582 244 2609 κολουθεῖν
268 2581 420 2617 παραινῶν,
441 2581 503 2608 ἐπεὶ
517 2581 600 2613 αὐτὸς
620 2580 729 2616 πρῶτον
744 2580 894 2616 ὑπερφυῶς

99 2628 249 2655 ἐτελείωσε
263 2628 293 2655 τὺ
305 2628 411 2663 θέλημα
419 2627 513 2660 αὺτοῦ,
526 2626 632 2659 Ὅστις
647 2627 696 2658 ἂν,
709 2628 787 2662 φησὶ,
802 2628 892 2661 ποιή-

99 2682 146 2710 σῃ
162 2674 195 2701 τὸ
211 2674 327 2709 θέλημα
354 2674 408 2701 τοῦ
424 2673 540 2707 Πατρός
552 2681 612 2707 μου
626 2673 680 2700 τοῦ
695 2673 730 2700 ὲν
742 2674 892 2708 οὐρανοῖς,

941 970 976 989 ex
994 963 1113 990 tenebris
1138 964 1239 991 emersi
1261 964 1365 997 dicunt,
1399 964 1502 991 bonum
1531 964 1640 998 quidem
1657 963 1739 991 deum

942 1009 1062 1036 cmlestia
1083 1014 1187 1042 tenere,
1214 1015 1240 1037 et
1271 1010 1395 1045 opiﬁcem
1412 1018 1472 1037 esse
1492 1009 1563 1042 coeli,
1596 1017 1628 1037 ac
1651 1009 1740 1037 homi—

943 1055 1024 1082 nibus
1041 1055 1174 1082 bonarum
1201 1057 1340 1083 actionum
1362 1061 1502 1083 auctorem
1531 1056 1680 1088 exsistere;
1713 1060 1741 1083 at

945 1101 1026 1128 iidem
1046 1102 1188 1136 caliginem
1214 1110 1291 1129 suam
1308 1110 1363 1129 non
1382 1110 1478 1137 magna
1497 1109 1531 1129 ex
1544 1106 1621 1137 parte
1637 1101 1740 1129 amoliti

944 1147 1043 1173 iterum
1055 1152 1203 1182 nnganlur,
1238 1148 1348 1182 quando
1370 1156 1422 1174 llCC
1448 1153 1536 1178 terrae,
1568 1155 1619 1175 DCC
1645 1155 1740 1175 COTlllll

945 1200 1005 1227 quae
1021 1192 1048 1219 in
1062 1193 1119 1227 ipsa
1137 1198 1210 1226 sunt,
1237 1194 1402 1221 creationem
1419 1194 1570 1226 ascribunt,
1590 1193 1637 1221 sed
1657 1193 1741 1221 alium

945 1237 1036 1273 potius
1056 1238 1226 1265 conditorem
1239 1237 1427 1265 introducunt.
1458 1237 1574 1270 Quidam
1599 1245 1665 1264 vero
1691 1244 1740 1264 eo-

946 1292 1005 1310 rum
1030 1284 1067 1319 (in
1086 1284 1184 1311 multas
1198 1284 1269 1311 enim
1284 1289 1377 1319 partes
1391 1291 1469 1311 error
1487 1283 1565 1317 abit),
1587 1287 1615 1310 et
1641 1283 1740 1310 ecclum

945 1329 1046 1364 ipsum,
1061 1333 1089 1356 et
1102 1337 1163 1363 quae
1176 1329 1201 1356 in
1217 1336 1251 1356 eo
1262 1334 1327 1356 sunt
1337 1329 1439 1361 onmia,
1460 1328 1547 1356 hostis
1555 1328 1658 1355 audent
1669 1328 1742 1355 fetus

945 1375 1133 1411 pronuntiare.
1152 1375 1298 1403 Enimvero
1313 1375 1335 1403 si
1363 1383 1412 1410 pro
1427 1379 1539 1410 stupore
1558 1382 1664 1407 eorum,
1682 1381 1739 1402 cae-

947 1422 1002 1450 lum
1015 1422 1074 1449 Mali
1093 1430 1162 1457 opus
1173 1427 1225 1452 est.
1240 1422 1378 1457 quomodo
1393 1422 1482 1449 bonus
1496 1421 1565 1449 deus
1576 1421 1604 1448 in
1620 1421 1742 1448 cmlesti-

945 1469 997 1496 bus
1011 1468 1125 1500 habitat,
1148 1474 1176 1496 et
1190 1469 1212 1496 si
1226 1469 1324 1496 coelum
1347 1467 1557 1503 comprehendit
1570 1474 1633 1494 aera
1646 1470 1674 1493 et
1687 1471 1743 1493 ter-

947 1523 1015 1548 ram,
1025 1519 1053 1542 et
1069 1523 1167 1550 aquam
1182 1516 1255 1550 (nam
1268 1520 1296 1542 et
1311 1514 1488 1541 subterranea
1501 1521 1534 1541 eo
1543 1512 1740 1546 continentur),

946 1561 1082 1596 quomodo
1092 1561 1202 1594 coelum,
1216 1561 1261 1588 Dei
1278 1560 1395 1588 caelestis
1406 1559 1742 1591 habitaculumexsistens,

946 1607 1007 1635 Mali
1018 1615 1111 1642 opera,
1128 1607 1180 1634 hoc
1193 1612 1245 1640 est,
1263 1612 1373 1639 terram,
1389 1607 1480 1642 ignem
1495 1610 1523 1633 et
1541 1613 1632 1633 acrem
1657 1604 1743 1632 conti-

946 1661 1003 1687 net,
1017 1662 1069 1682 nec
1080 1655 1311 1688 eontinetsolnm,
1336 1654 1382 1682 sed
1400 1659 1428 1681 et
1443 1653 1594 1689 gubernat?
1617 1651 1656 1678 Ex
1679 1657 1743 1679 ortu

946 1702 1019 1729 enim
1034 1706 1061 1728 et
1079 1708 1176 1728 occasu
1205 1700 1280 1733 solis,
1296 1705 1496 1734 astrorumque,
1521 1707 1581 1734 qua:
1594 1698 1655 1726 cmli
1667 1700 1741 1731 sntit,

947 1753 974 1775 et
986 1754 1067 1781 terra,
1085 1753 1112 1775 et
1128 1755 1208 1782 aqua,
1224 1752 1251 1774 et
1262 1754 1319 1778 aer,
1336 1751 1364 1774 et
1387 1746 1465 1782 ignis,
1483 1745 1585 1773 divinis
1598 1745 1740 1779 auspiciis,

948 1799 1004 1822 tum
1031 1794 1102 1822 bona
1131 1802 1180 1821 sua
1198 1797 1381 1828 temperatura
1406 1793 1535 1828 gaudent,
1563 1797 1619 1819 tum
1646 1795 1742 1818 mutua

947 1841 1018 1868 inter
1037 1848 1066 1868 se
1081 1840 1284 1875 permutatione
1305 1840 1332 1866 in
1349 1846 1494 1867 commune
1517 1839 1618 1866 bonum
1635 1837 1742 1872 perfru-

947 1890 1041 1918 untur.
1057 1883 1341 1921 humanoqnc’gcncri
1368 1886 1484 1920 aliisque
1499 1884 1686 1912 animantibus
1707 1884 1741 1911 ad

947 1937 1097 1968 praesentes
1120 1933 1299 1960 necessitates
1327 1932 1508 1967 opitulantur.
1541 1930 1619 1964 Quod
1641 1931 1663 1958 si
1676 1937 1744 1958 vero

947 1979 1072 2014 principii
1086 1979 1150 2006 ntali
1171 1986 1240 2014 opus
1259 1979 1358 2006 malum
1377 1984 1428 2010 est,
1457 1979 1594 2014 quomodo
1613 1978 1743 2006 Servatur

947 2030 1041 2053 noster
1050 2025 1233 2052 venerandam
1248 2025 1320 2052 illam
1331 2025 1518 2052 ctmirandam
1539 2024 1667 2061 precandi
1684 2024 1743 2052 for-

947 2072 1048 2099 mulam
1065 2072 1167 2099 docens
1176 2076 1204 2099 et
1220 2072 1400 2107 praescribens
1417 2071 1500 2099 Pater
1515 2077 1611 2104 uoster,
1643 2071 1742 2106 inquit,

947 2119 995 2160 qui
1008 2118 1035 2144 in
1049 2117 1119 2145 caelis
1133 2127 1160 2145 es
1174 2119 1195 2145 ’.
1227 2114 1383 2153 lte'rumque
1401 2128 1407 2145 :
1438 2119 1618 2154 sancti/icetur
1647 2126 1742 2145 nomen

948 2170 1032 2197 tuum,
1042 2164 1107 2191 sicnl
1120 2164 1147 2191 in
1158 2166 1221 2191 cazlo
1233 2165 1291 2191 eliu
1307 2170 1378 2191 terra
1397 2165 1429 2190 ¹⁰.
1450 2164 1593 2197 Quomodo
1612 2164 1703 2198 itaque
1714 2163 1741 2190 in

947 2210 1033 2237 aliena
1047 2216 1170 2238 creatura
1182 2210 1272 2237 onmis
1282 2215 1416 2238 creatura:
1427 2210 1520 2246 opifex
1537 2209 1650 2243 habitat,
1667 2216 1742 2244 qua!-

914 2271 934 2298 D
949 2264 1001 2292 quc
1016 2262 1044 2284 et
1059 2257 1128 2284 mala
1138 2257 1174 2284 sit
1188 2262 1215 2284 et
1230 2257 1291 2284 mali
1311 2257 1439 2292 principii
1455 2264 1534 2292 opus.
1547 2256 1618 2283 Alibi
1633 2263 1742 2291 quoque

950 2303 1080 2330 Servator
1098 2303 1223 2330 homines
1243 2303 1270 2330 in
1292 2311 1322 2330 se
1348 2303 1464 2330 invicem
1492 2302 1663 2337 indulgentes
1680 2309 1742 2328 esse

948 2350 1085 2384 cupiens:
1107 2348 1137 2376 Si
1158 2350 1324 2381 remiserilis,
1351 2349 1450 2384 inquit,
1473 2349 1623 2375 hominibus
1652 2347 1742 2382 lapsus

948 2404 1049 2429 eorum,
1074 2401 1098 2423 et
1113 2396 1182 2423 vobis
1203 2396 1285 2423 Pater
1304 2401 1386 2423 uester
1405 2395 1515 2422 caelestis
1531 2401 1628 2422 vestros
1650 2394 1742 2421 remil-

947 2444 1028 2471 tet“.
1060 2443 1130 2471 Alibi
1158 2443 1230 2471 idem
1257 2443 1391 2471 voluntati
1417 2443 1464 2470 Dei
1496 2441 1742 2470 obsceundandum

947 2489 1120 2525 praecipiens,
1139 2490 1210 2517 sicut
1231 2493 1258 2516 et
1279 2489 1336 2524 ipse
1353 2489 1471 2524 primum
1489 2488 1658 2516 voluntatem
1683 2488 1743 2523 ejus

951 2537 1106 2564 cminenter
1121 2535 1244 2571 implevit
1263 2544 1270 2564 ς
1286 2534 1446 2569 Quicunque,
1466 2533 1566 2569 inquit,
1581 2534 1744 2561 voluntatem

947 2583 1038 2610 Patris
1055 2583 1116 2614 mei,
1146 2583 1190 2618 qui
1205 2583 1232 2609 in
1260 2581 1329 2608 caelis
1346 2585 1394 2613 est,
1409 2581 1560 2615 perfecerit,
1581 2580 1604 2607 is
1618 2585 1642 2607 et
1659 2581 1745 2615 frater

947 2637 1029 2659 meus,
1052 2633 1076 2655 et
1089 2637 1163 2655 soror
1176 2633 1202 2655 et
1214 2632 1300 2655 mater
1326 2627 1427 2654 exsistit
1442 2627 1475 2654 ¹¹.
1499 2627 1538 2655 Ex
1555 2626 1747 2654 misericordia

947 2675 1054 2702 scilicet
1065 2674 1208 2701 hominum
1219 2672 1407 2701 amantissima
1419 2673 1446 2701 id
1454 2673 1559 2701 donans
1571 2672 1642 2705 aliis,
1667 2670 1747 2707 (ιιιθά

89 2773 94 2777 ι
136 2734 151 2752 ⁹
171 2733 267 2762 Matth.
279 2734 354 2766 vt,9.
395 2733 417 2749 ¹⁰
433 2732 624 2765 ί1›ίι1.ν,9,10.
661 2732 682 2748 “
701 2731 819 2760 ibid“.
858 2734 880 2750 ”
897 2734 991 2763 Matth.
1006 2743 1056 2768 xu,
1073 2733 1117 2762 50.

669 2798 786 2826 VARIAE
811 2800 1004 2830 LECTIONES
1020 2801 1064 2830 ET
1079 2800 1194 2831 ΝΟΤΑΞ.

140 2861 201 2898 (95)
217 2861 260 2895 Τῷ
285 2869 327 2890 τε.
351 2860 390 2889 Ita
406 2859 504 2896 scripsi
529 2867 580 2895 pro
592 2858 670 2893 adu,
690 2857 763 2894 quod
786 2858 814 2886 in
840 2867 892 2888 ms.

947 2864 1010 2888 stat.
