1930 3079
187 117 222 150 91
755 116 867 146 ΡΗΟΊῚ
876 116 885 145 l
906 115 1160 146 PATRIARCHE
1185 117 1241 146 (ΣΡ.
1773 114 1810 146 92

188 174 247 208 ipse
257 176 352 199 natura
368 172 521 206 possidebat
535 180 542 198 :
560 172 619 206 ipse
634 172 708 198 enim
719 171 803 198 Filius
818 171 903 198 Patris
913 177 966 196 non

1025 170 1108 202 κὺτός
1124 179 1184 204 μου
1197 169 1329 204 ἁδελφὸς
1344 170 1393 197 καὶ
1405 170 1523 204 ἀδελφὴ
1541 170 1592 196 καὶ
1603 170 1702 205 μήτηρ
1713 170 1781 198 ἐστι
1793 179 1803 188 ο

188 217 339 245 secundum
372 217 495 251 gratiam,
523 217 571 244 sed
596 217 744 244 secundum
771 222 895 243 naturam
919 221 970 243 est.

188 263 257 291 Cum
268 271 332 290 vero
343 263 462 289 uthomo
477 262 641 290 voluntatem
657 263 716 297 ejus
731 262 899 297 perfecisset,
913 269 971 293 eos,

188 309 392 344 quiimitatione
419 307 490 335 idem
514 308 683 342 exprimunt,
716 308 744 334 in
771 308 839 334 lilios
864 308 971 342 recipit,

187 355 355 388 fratrumque
385 354 496 381 nomine
522 354 692 381 cohonestat.
709 353 742 380 Et
771 354 971 388 quid.qua:s0,

187 398 330 432 quisquam
352 397 500 424 obverterit
523 398 574 428 eis,
590 406 637 432 per
647 407 707 432 quae
721 398 849 425 Scrvator
863 398 972 425 Patrem

187 451 266 470 suum
281 443 420 470 caelestem
437 448 464 470 et
488 443 515 470 in
536 444 611 470 coalis
635 444 810 471 cxsistentem
826 444 973 479 prwdicat?

187 489 220 516 Et
239 489 302 523 quid
314 494 409 516 ca:tcra
424 490 654 516 commemorem?
667 491 802 524 quomodo
815 490 973 517 sacerrimu-

187 542 246 561 rum
268 535 409 562 hominum
435 534 602 569 impudentia
630 543 684 562 non
708 536 851 571 frangitur,
881 537 973 564 audita

186 578 293 605 Domini
319 587 385 606 voce
400 587 406 605 :
422 579 551 613 Conﬁteor
567 580 624 611 tibi,
643 580 734 612 Pater,
750 581 860 608 Domine
880 582 936 609 εωίὶ
949 587 973 609 et

188 629 264 651 terra:
280 625 310 652 ¹³.
324 625 375 653 Ubi
390 634 451 653 eum
466 634 520 653 non
535 628 622 655 solum
636 627 707 660 cceli,
724 628 772 654 sed
779 632 805 654 et
822 632 901 655 terrae
921 628 973 654 lto-

189 670 293 697 minum
308 676 400 705 aperte
416 674 592 707 pronuntiat?
624 678 652 701 et
666 674 731 708 quid
749 673 800 701 hoc
817 674 973 701 testiumnio

186 715 287 742 clarius
298 721 348 747 est,
360 718 479 753 quidque
496 721 581 754 magis
596 720 686 747 valere
703 725 793 755 potest
804 721 836 747 ad
854 720 974 747 ellicieu-

187 761 262 793 dum.
278 767 306 789 ut
321 763 426 790 Patrem
442 765 546 792 Domini
560 767 644 793 nostri
652 765 717 793 Jesu
729 766 830 794 Christi
847 767 971 801 opiﬁcem

186 811 216 834 et
239 808 382 836 Dominum
404 811 488 837 totius
514 812 634 838 universi
657 812 863 845 constituamus,
893 816 920 839 et
939 812 972 839 de

187 851 348 880 defectionis
361 854 420 889 ejus
433 855 574 890 impietate
593 856 792 891 triumphemus
801 857 814 884 ?

222 941 266 969 νι.
280 942 402 977 Cumque
413 944 476 971 alibi
489 944 594 978 Petrus,
604 946 788 981 apostolorum
799 947 970 982 coryphwus,

187 995 362 1015 communem
378 995 502 1018 nostrum
517 991 673 1027 Magistrum
691 997 718 1020 et
729 993 813 1019 Deum
832 993 972 1028 professus

187 1039 271 1066 esset,
295 1034 318 1062 is
341 1035 423 1070 hujus
450 1037 630 1072 professionis
647 1039 789 1072 praemium
815 1039 865 1074 ipsi
893 1039 970 1074 quasi

188 1079 324 1107 relaturus
338 1080 447 1108 beatum
470 1083 580 1117 quidem
593 1091 658 1119 eum
667 1084 807 1118 prtedicat,
826 1085 972 1111 revelatio-

188 1132 250 1151 nem
266 1133 330 1152 vero
341 1127 411 1154 hanc
421 1128 527 1155 Patrem
544 1129 571 1155 in
586 1129 663 1156 caelis
678 1129 730 1164 ipsi
747 1130 905 1157 exhibuisse
921 1131 971 1158 do—

187 1179 271 1198 cens:
287 1171 386 1199 Beatus
396 1181 430 1204 es,
449 1173 546 1208 inquit,
561 1174 600 1208 ﬁli
615 1174 698 1207 Jonaz,
715 1176 777 1211 quia
793 1184 854 1203 coro
872 1182 895 1203 et
907 1185 971 1203 sun-

186 1218 245 1251 guis
259 1225 310 1244 non
326 1219 449 1246 reuelauit
464 1220 519 1252 tibi,
534 1221 579 1246 sed
594 1221 674 1247 Pater
685 1230 757 1249 meus
771 1223 798 1249 in
815 1224 895 1250 malis.
916 1224 970 1258 Ego

187 1269 247 1288 vero
260 1262 317 1288 dico
334 1263 381 1289 tibi
396 1263 451 1290 :‘I'u
462 1273 488 1291 es
503 1264 608 1296 Petrus,
624 1272 648 1292 ct
659 1266 687 1292 in
700 1267 749 1293 hac
761 1273 839 1300 petra
856 1269 972 1303 cedi/ica-

187 1308 218 1335 bo
234 1308 378 1336 Ecclesium
392 1319 489 1343 meam,
507 1316 530 1338 et
543 1317 625 1345 porta:
637 1313 782 1348 inferorum
799 1315 822 1340 ei
837 1323 888 1342 non
901 1324 970 1350 pm:-

187 1354 318 1384 valebuat.
341 1355 373 1382 Et
401 1357 468 1383 dabo
500 1357 554 1383 Tibi
569 1357 654 1385 clavas
680 1360 753 1394 regni
775 1361 918 1394 calorum;
947 1367 972 1389 et

188 1401 315 1436 quidquid
329 1401 451 1437 ligaveris
464 1403 491 1429 in
504 1410 574 1430 terra
588 1425 596 1437 ,
617 1405 726 1440 ligatum
740 1407 789 1433 erit
803 1407 831 1434 in
844 1408 926 1441 cwlis,
947 1413 971 1435 et

189 1447 315 1481 quidquid
329 1447 435 1475 solveris
454 1449 480 1475 in
509 1455 590 1483 terra,
611 1451 724 1478 solutum
739 1454 788 1480 erit
808 1454 836 1480 in
848 1455 918 1482 caulis
938 1455 970 1482 ¹⁸.

1024 215 1226 250 φιλανθρώποις
1243 216 1416 251 δωρούμενος
1444 215 1618 250 σπλάγχνοις,
1643 217 1711 251 ὅπερ
1727 216 1808 248 αὐτος

1023 258 1080 295 εἶχε
1095 261 1165 287 κατὰ
1178 260 1269 296 φύσιν.
1286 261 1373 293 Αὐτὸς
1387 261 1436 296 μὲν
1447 262 1501 296 γὰρ
1519 261 1584 292 Υἱὸς
1595 260 1644 287 τοῦ
1657 261 1764 293 Ila-too;
1777 262 1807 288 οὐ

1023 308 1093 334 κατὰ
1116 308 1205 343 χάριν,
1222 308 1290 335 ἀλλὰ
1304 309 1375 335 κατὰ
1396 308 1492 343 φύσιν·
1509 308 1621 344 πληρῶν
1643 309 1672 335 δὲ
1688 308 1759 335 κατὰ
1779 310 1809 336 τὸ

1023 353 1193 388 ἀνθρώπινον
1214 354 1245 380 τὸ
1271 355 1377 389 θέλημα
1398 354 1490 381 αὐτῶν
1513 355 1577 385 τοὺς
1601 354 1672 380 κατὰ
1693 354 1808 389 μίμησιν

1024 397 1171 432 πληρωτὰς
1192 399 1232 429 εἰς
1247 398 1384 425 υἱοθεσίαν
1407 399 1478 433 ἄγει,
1498 399 1589 425 καὶτὸ
1606 399 1660 425 τῶν
1684 398 1808 433 ἀδελφῶν

1024 443 1163 477 χαρίζεται
1178 442 1272 478 ὄνομα.
1286 444 1340 469 Καὶ
1352 444 1378 469 τί
1396 443 1428 469 ἄν
1442 452 1483 475 τις
1494 443 1632 477 ὰναλέγοι,
1652 444 1686 470 δι’
1702 440 1740 470 ὧν
1764 444 1810 470 οὐ-

1030 488 1119 522 ράνιον
1129 488 1177 514 καὶ
1187 489 1215 513 ἐν
1227 488 1351 523 οὐρανοῖς
1364 490 1377 514 ὁ
1391 489 1486 524 Σωτὴρ
1494 489 1539 514 τὸν
1553 488 1664 523 Πατέρα
1678 489 1804 523 ἀνυμνεῖ;

1024 534 1056 560 Τί
1072 534 1101 560 δὲ
1125 534 1208 561 tam
1223 535 1312 569 λέγω;
1331 534 1390 566 πῶς
1403 534 1458 561 τῶν
1474 534 1653 569 παλαμναίων
1675 534 1706 561 οὐ
1723 542 1809 561 κατα-

1023 579 1114 606 δύεται
1128 580 1159 606 τδ
1173 581 1349 616 ἀναίσχυντον
1373 581 1422 615 τῆς
1441 581 1610 614 Δεσποτικῆς
1624 580 1739 615 ἐχούσης
1752 580 1808 612 (96)

1024 626 1126 660 φωνῆς·
1143 636 1151 651 ι
1163 626 1396 661 Ἐξομολογοῦμαί
1407 635 1448 658 σε,
1457 626 1559 662 Πάτερ,
1571 626 1656 661 Κύριε
1671 626 1810 662 τοῦίοιὺρα-

1024 670 1070 696 νοῦ
1085 671 1134 696 καὶ
1148 671 1198 705 τῆς
1210 671 1276 705 γῆ;;
1289 680 1297 696 ι
1309 671 1339 696 οὺ
1351 670 1405 705 γὰρ
1416 671 1495 705 μόνον
1506 669 1622 697 ἐνταῦθα.
1634 670 1681 697 τοῦ
1692 670 1807 706 οὐρανοῦ

1024 715 1136 750 Κύριον,
1154 716 1221 742 ἀλλὰ
1235 716 1281 742 καὶ
1294 717 1343 750 τῆς
1354 717 1405 751 γῆς
1414 716 1571 751 τρανολογεί
1580 724 1587 731 ’
1604 716 1652 742 καὶ
1665 716 1690 743 τί
1706 716 1808 751 ταύτης

1023 761 1072 796 τῆς
1087 761 1238 796 μαρτυρίας
1260 764 1447 797 σαφέστερον;
1464 762 1490 788 τί
1516 762 1545 788 δὲ
1559 761 1743 797 δυνατώτερον
1761 762 1810 788 καὶ

1023 807 1068 833 τὸν
1086 807 1194 841 Πατέρα
1204 807 1251 833 τοῦ
1267 807 1369 843 Κυρίου
1396 807 1475 842 ἡμῶν
1495 807 1583 842 Ἰησοῦ
1607 806 1739 842 Χριστοῦ,
1758 807 1806 842 δη-

1024 854 1155 890 μιουργὸν
1170 854 1217 881 καὶ
1235 854 1337 889 Κύριον
1358 854 1534 889 παραστῆσαι
1557 853 1604 880 τοῦ
1629 853 1740 887 παντὸς,
1757 853 1806 880 καὶ

1022 901 1052 926 τὸ
1063 901 1196 936 θεομάκον
1212 901 1262 936 τῆς
1284 901 1453 931 ἀποστασίας
1468 899 1667 934 θριαμϐεῦσαι;

1058 943 1102 979 q'.
1118 945 1317 980 Θεολογήσαντι
1331 945 1387 981 (97)
1400 945 1428 971 δὲ
1441 945 1523 972 πάλιν
1532 945 1571 980 τῷ
1588 943 1732 978 κορυφαίῳ
1750 943 1805 970 τῶν

1022 991 1178 1018 ἀποστόλων
1200 991 1297 1026 Πέτρῳ
1309 991 1355 1017 τὸν
1375 990 1465 1017 κοινὸν
1479 990 1557 1025 ήμῶν
1578 989 1746 1017 Διδάσκαλον
1759 988 1808 1015 καὶ

1024 1038 1100 1069 Θεδν,
1118 1037 1212 1073 ὥσπερ
1231 1038 1280 1073 τῆς
1296 1037 1438 1071 θεολογίας
1454 1037 1535 1068 αὐτὸς
1552 1035 1746 1067 ἀνταποδιδοὺς
1764 1044 1809 1070 μι-

1023 1084 1095 1116 σθὸν,
1119 1083 1266 1120 μακαρίζει
1285 1084 1335 1118 μὲν
1357 1083 1403 1110 τὸν
1419 1083 1543 1117 θεολόγον
1556 1082 1733 1118 θεοπρεπῶς·
1757 1081 1808 1117 τὴν

1022 1130 1194 1164 ἀποκάλυψιν
1206 1130 1234 1156 δὲ
1245 1130 1346 1165 ταύτην
1362 1130 1408 1156 τὸν
1425 1130 1453 1155 ὲν
1466 1129 1589 1164 οὐρανοῖς
1606 1128 1717 1162 Πατέρα
1732 1128 1807 1154 ἐκδι-

1021 1177 1115 1203 δάσκει
1134 1177 1285 1211 παρασχεῖν
1309 1176 1383 1210 αὐτῷ
1396 1184 1403 1191 ·
1427 1174 1580 1209 Μακάριος
1590 1172 1628 1205 εἷ,
1644 1174 1723 1209 φησὶ.
1745 1174 1808 1208 ,βὰρ

1028 1223 1122 1254 Ἰωνᾶ,
1144 1222 1188 1249 ὅτι
1205 1222 1283 1256 σὰρξ
1300 1222 1350 1249 καὶ
1375 1219 1446 1257 αἷμα
1464 1223 1520 1248 οὐκ
1546 1220 1725 1255 ἀπεκάλυψέ
1746 1227 1807 1251 σοι,

1022 1268 1090 1295 ἀλλ’
1101 1270 1117 1296 ό
1135 1268 1236 1302 Πατήρ
1250 1277 1309 1302 μου
1324 1270 1340 1295 ό
1354 1268 1389 1294 ἐν
1413 1267 1474 1300 τοῖς
1494 1267 1645 1301 οὐρανοῖς,
1670 1266 1757 1301 Κάγὼ
1775 1265 1809 1292 δέ

1021 1322 1071 1341 σοι
1085 1315 1179 1349 λέγω·
1196 1314 1238 1340 Σὺ
1249 1312 1278 1340 εἷ
1290 1314 1410 1347 Πέτρος.
1426 1313 1476 1340 καὶ
1488 1313 1538 1339 ἐπὶ
1559 1313 1650 1346 ταύτῃ
1663 1311 1701 1346 τῇ
1716 1313 1809 1345 πέτρα

1022 1358 1211 1393 οἰκοδομήσω
1220 1367 1279 1394 μου
1290 1358 1347 1392 τὴν
1356 1359 1549 1391 Ἐκκλησίαν,
1563 1357 1611 1384 καὶ
1625 1357 1719 1384 πύλαι
1733 1356 1808 1390 ᾅδου

1022 1405 1057 1431 οὺ
1084 1405 1328 1438 κατισχύσουσιν
1349 1402 1445 1437 αὐτῆς
1467 1411 1474 1418 ’
1499 1402 1549 1428 καὶ
1571 1401 1657 1428 δώσω
1680 1410 1730 1428 σοι
1755 1401 1808 1433 τὰς

1023 1450 1105 1483 κλεῖς
1118 1450 1173 1484 τῆς
1184 1449 1344 1482 βασιλείας
1355 1448 1416 1476 τῶν
1428 1448 1565 1482 οὐρανῶν
1574 1457 1580 1463 ·
1593 1447 1644 1474 καὶ
1658 1447 1673 1474 ὃ
1686 1447 1740 1474 ἐὰν
1755 1446 1808 1480 δή-

188 1492 270 1519 Millia
286 1493 418 1527 ejusmodi
438 1495 463 1521 iu
479 1495 695 1524 conlutationem
711 1498 800 1533 impite
813 1500 894 1534 hujus
909 1509 971 1528 sen-

1025 1503 1082 1530 σῃς
1096 1495 1145 1522 ἐπὶ
1160 1494 1214 1529 τῆς
1231 1493 1296 1529 τῆς,
1313 1495 1398 1521 ἔσται
1412 1493 1572 1527 δεδεμένον
1583 1493 1618 1519 ἐν
1636 1493 1699 1525 τοῖς
1722 1492 1809 1524 οὺραι

190 1539 280 1565 tentia:
289 1547 321 1565 ex
334 1540 417 1566 sacris
429 1539 515 1567 Libris
527 1541 623 1569 afferre
639 1543 742 1570 liceret.
753 1544 894 1580 Perpende
909 1555 973 1575 vero

188 1588 216 1610 ct
230 1585 290 1611 hoc:
304 1584 378 1611 Iesus
386 1585 534 1620 baptizatus
542 1588 678 1622 confestim
688 1597 721 1615 ea:
733 1598 802 1624 aqua
813 1593 931 1619 ascendit
940 1593 972 1620 “.

189 1630 229 1656 En
247 1630 365 1666 linguam
381 1631 464 1666 impia
476 1633 691 1661 declamantem!
707 1635 773 1662 Boni
791 1637 877 1665 Patris
890 1638 974 1667 Filius

189 1677 309 1710 optimus
333 1677 361 1704 in
385 1682 508 1705 creatura
528 1678 573 1705 Dei
589 1679 741 1714 baptizatus
758 1684 913 1717 exsccndit;
927 1690 972 1712 et:

190 1721 258 1748 Ecce
272 1723 328 1749 coeli
345 1731 422 1757 super
436 1724 521 1758 ipsum
546 1726 704 1759 aperiuntur
718 1727 758 1754 ¹⁶1
775 1728 814 1755 Eu
832 1729 879 1756 tibi
893 1730 974 1758 aliam

190 1770 269 1797 mala:
283 1778 379 1797 manus
394 1773 563 1799 creaturam!
579 1780 627 1800 cur
643 1781 708 1800 vero
732 1775 819 1810 aper-ti
845 1782 910 1804 sunt
924 1798 931 1809 ,
947 1782 975 1805 et

190 1816 268 1850 cujus
285 1817 388 1844 causa?
404 1817 482 1848 Vidit,
499 1817 597 1852 inquit,
612 1817 740 1852 Spiritum
755 1821 803 1848 Dei
818 1822 975 1850 descenden-

190 1866 243 1888 tem
262 1862 347 1888 instar
364 1862 490 1890 columba:
504 1864 535 1891 ³⁷.
552 1863 673 1892 Tertium
697 1867 755 1894 haec
779 1876 864 1902 pauca
893 1871 973 1898 verba

189 1906 222 1933 de
234 1906 373 1940 impietate
390 1907 576 1942 triumphandi
585 1914 778 1943 argumentum
787 1913 972 1946 suppeditant.

189 1948 330 1981 Quomodo
344 1951 417 1977 enim
432 1959 481 1986 per
492 1959 548 1978 rem
559 1971 565 1983 ,
583 1960 598 1979 a
613 1954 685 1981 malo
698 1955 848 1989 profectam
872 1958 974 1992 princi-

189 1994 246 2029 pio,
260 1996 378 2030 Spiritus
390 1996 437 2024 Dei
453 1998 647 2028 adumbratur?
662 2001 756 2028 Prodit
772 2002 815 2029 illa
835 2011 869 2030 cx
883 2004 974 2038 operi-

189 2041 241 2067 bus
257 2041 353 2073 hostis,
368 2048 449 2078 atque
460 2044 523 2072 inde
537 2054 679 2082 progressa
691 2048 834 2075 descendit
848 2049 876 2075 in
891 2048 974 2076 Chri-

190 2090 273 2112 stum.
299 2086 411 2114 Accedit
439 2093 564 2123 quartum
594 2090 741 2125 impietatis
770 2096 973 2126 argumentum.

189 2130 246 2157 Vox
255 2131 328 2158 enim
343 2140 358 2159 e
373 2134 443 2160 coelo
454 2140 546 2162 sonat:
562 2136 610 2162 Hic
626 2141 662 2163 est
673 2136 757 2164 Filius
769 2146 841 2165 meus
851 2138 971 2171 dilectus,

1022 1541 1097 1574 νοῖς·
1114 1541 1162 1568 καὶ
1176 1540 1192 1567 ὅ
1212 1541 1266 1567 ἐὰν
1279 1540 1379 1574 λύσῃς
1401 1539 1449 1566 ἐπὶ
1466 1538 1521 1573 τῆς
1534 1538 1600 1574 γῆς,
1616 1538 1703 1565 ἔσται
1718 1539 1809 1564 delu—

1020 1587 1115 1622 μένον
1139 1587 1174 1613 ἐν
1197 1587 1258 1620 τοῖς
1281 1586 1419 1620 οὐρανοῖς
1433 1593 1440 1599 ·
1470 1585 1517 1611 καὶ
1545 1585 1629 1619 μυρία.
1653 1584 1685 1610 ἄν
1709 1592 1750 1615 τις
1769 1584 1809 1614 εἰς

1024 1634 1135 1669 ἔλεγχον
1149 1634 1198 1668 τῆς
1217 1632 1334 1664 ἀσεϐοῦς
1366 1632 1485 1664 διανοίας
1505 1632 1537 1658 ἐκ
1555 1631 1610 1657 τῶν
1641 1630 1721 1666 ἱερῶν
1747 1638 1810 1656 συν-

1024 1680 1122 1714 αγάγοι
1137 1680 1251 1713 Λογίων.
1273 1679 1343 1714 Ὅρα
1357 1678 1385 1704 δὲ
1401 1679 1448 1704 καὶ
1477 1677 1571 1704 τοῦτο·
1586 1675 1771 1708 Βαπτισθεὶς
1792 1676 1809 1701 ὁ

1029 1726 1144 1758 Ἰησοῦς
1157 1725 1273 1751 ἄνεισιν
1285 1723 1375 1756 εὐθὺς
1388 1723 1446 1750 ἀπὸ
1460 1722 1513 1749 τοῦ
1529 1723 1648 1755 ὕδατος.
1677 1722 1708 1748 Ὤ
1719 1720 1809 1755 γλώσ-

1025 1780 1074 1806 σης
1094 1770 1251 1806 μελετώσης
1267 1769 1445 1796 δυσσέϐειανί
1469 1769 1514 1796 Ἐν
1537 1769 1577 1804 τῷ
1601 1769 1740 1803 πλάσματι
1760 1767 1808 1793 τοῦ

1025 1818 1149 1852 Πονηροῦ
1168 1818 1181 1842 ό
1195 1816 1241 1843 τοῦ
1258 1815 1362 1850 ἀγαθοῦ
1381 1815 1486 1850 Πατρὸς
1505 1814 1607 1848 ἀγαθὸς
1633 1814 1695 1845 Υἱὸς
1711 1814 1810 1848 βαπτι-

1025 1863 1099 1895 σθεὶς
1116 1863 1219 1889 ἐκεῖθεν
1240 1862 1337 1895 ἄνεισι,
1350 1862 1397 1888 καὶ
1421 1861 1494 1888 Ἰδοὺ
1519 1860 1716 1894 ἀνεῴχθησαν
1729 1857 1810 1890 αὐτῷ

1024 1911 1051 1936 οἱ
1068 1908 1208 1943 οὐρανοί]
1225 1907 1306 1934 Ἀλλο
1319 1907 1431 1942 πλάσμα
1451 1907 1532 1934 πάλιν
1552 1907 1674 1940 πονηρᾶς
1696 1905 1805 1940 χειρός-

1024 1955 1094 1982 atati
1118 1955 1147 1981 δὲ
1169 1953 1358 1988 ἀνεῴχθησαν,
1389 1953 1437 1980 καὶ
1461 1953 1534 1984 τίνος
1554 1953 1652 1988 χάριν;
1676 1950 1747 1978 Εῑδε
1775 1950 1810 1977 τὸ

1024 2001 1145 2036 Πνεῦμα
1164 1999 1218 2026 τοῦ
1236 1999 1321 2030 Θεοῦ,
1339 1999 1416 2034 φησὶ,
1440 1998 1618 2025 καταϐαῖνον
1635 1997 1707 2024 ὡσεὶ
1727 2005 1810 2031 περι-

1024 2046 1135 2081 στεράν
1144 2066 1151 2073 .
1166 2045 1263 2080 Τρίτος
1278 2041 1354 2076 οὗτος
1364 2045 1413 2079 τῆς
1426 2045 1554 2076 ἀσεϐείας
1565 2045 1593 2071 ὲν
1606 2044 1706 2078 ὀλίγοις
1715 2044 1808 2079 ῥήμα-

1025 2102 1065 2120 σιν
1079 2091 1223 2128 θρίαμϐος.
1244 2091 1306 2121 Πῶς
1315 2090 1370 2125 γὰρ
1384 2091 1412 2116 ἐν
1431 2090 1469 2126 τῷ
1486 2091 1604 2125 σχήματι
1619 2089 1665 2116 τοῦ
1679 2089 1808 2124 πλάσμα-

1024 2146 1069 2169 τος
1084 2136 1132 2163 τοῦ
1148 2134 1271 2170 Πονηροῦ
1287 2135 1318 2161 τὸ
1330 2134 1378 2161 τοῦ
1391 2134 1458 2161 Θεοῦ
1476 2134 1587 2169 Πνεῦμα
1599 2133 1742 2166 τυποῦται,
1760 2135 1810 2160 καὶ

189 2176 217 2202 in
228 2184 278 2209 quo
290 2177 433 2205 delectatus
445 2187 503 2205 sum
519 2179 550 2207 ¹⁸.
569 2179 728 2214 Considera,
751 2189 842 2216 qumso
857 2203 864 2215 ,
884 2183 972 2219 singu-

1027 2184 1148 2212 κάτεισιν
1162 2181 1255 2207 ἐκτῶν
1269 2180 1357 2215 ἔργων
1370 2180 1417 2206 τοῦ
1427 2179 1554 2214 Ἐχθροῦ,
1565 2179 1692 2206 κάκεῖθεν
1708 2178 1811 2205 κατιὼν

190 2221 230 2248 las
245 2230 336 2255 voces,
352 2228 381 2250 ut
395 2231 456 2250 cum
470 2225 510 2252 eis
532 2225 633 2253 invicta
655 2226 803 2261 impietatis
822 2228 974 2257 confutatio

191 2324 234 2352 17.

1027 2230 1137 2265 ἔρχεται
1149 2227 1196 2254 ἐπὶ
1209 2227 1254 2253 τὸν
1270 2226 1387 2262 ¹1ησοῦν;
1399 2226 1454 2252 Καὶ
1470 2225 1588 2261 τετάρτη
1601 2226 1684 2260 στήλη
1694 2225 1749 2260 (98)
1762 2225 1812 2259 τῆς

227 2289 248 2306 ¹³
266 2290 361 2318 Matth.
381 2299 421 2326 XI,
438 2293 484 2321 25.
523 2294 546 2310 ¹³
562 2294 628 2323 ibid.
665 2294 687 2310 “
697 2295 792 2323 Matth.
821 2304 865 2324 xvt
882 2317 890 2330 ,
907 2298 951 2332 Π,
966 2299 972 2326 l

1049 2298 1071 2314 "
1086 2295 1183 2324 Matth.
1197 2301 1237 2327 lu,
1253 2293 1296 2320 16.
1335 2293 1357 2308 ¹⁶
1372 2292 1438 2320 ibid.
1457 2292 1500 2319 16.
1539 2293 1560 2308 ³⁷
1584 2291 1650 2319 ibid.
1690 2291 1712 2307 ¹³
1741 2291 1809 2318 ibid.

737 2391 854 2418 νΛΒΙΑΞ
869 2392 1062 2421 LECTIONES
1076 2393 1120 2420 ET
1138 2391 1254 2419 NOTAE.

225 2447 281 2490 (οδ)
314 2448 470 2482 Ἐχούσης.
490 2446 620 2484 Legerem
645 2447 763 2476 libenter
787 2449 918 2484 ἡκούσης,
940 2458 974 2478 ex

227 2491 276 2510 ειν.

189 2483 535 2554 ὴχῗθῖλϐεολογνήσαντι.
563 2518 704 2552 Θεολογεϊν
737 2518 806 2554 idem
835 2519 879 2546 hic
903 2528 974 2553 esse,

189 2553 261 2589 quod
290 2553 372 2580 Deum
396 2554 510 2589 aliquem
535 2553 661 2589 proﬁteri,
685 2561 734 2588 pro
752 2553 805 2580 Deo
820 2554 923 2587 habere,
941 2564 975 2582 ex

192 2589 310 2617 Matth-sci
334 2589 394 2615 loco
412 2589 536 2624 allegato,
563 2593 590 2615 et
612 2589 720 2615 Petrina
746 2589 917 2617 confessione
937 2590 974 2617 ibi

192 2629 352 2655 memorata,
367 2632 417 2658 per
433 2632 462 2651 se
478 2628 561 2659 patet.
576 2625 663 2658 Atque
681 2624 730 2659 ista
744 2624 818 2651 vocis
833 2626 908 2652 notio
922 2633 973 2651 an-

192 2659 265 2694 tiqua
276 2660 420 2687 admodum
443 2658 482 2694 et;
493 2659 653 2694 Doctoribus
669 2658 831 2694 Christianis
847 2660 974 2693 perfami-

190 2693 265 2722 liaris
294 2699 345 2722 est.
376 2694 441 2721 Vide
469 2693 512 2721 Jo.
539 2693 651 2728 Gaspar.
680 2693 782 2720 Sviceri
813 2694 973 2721 Tltcsuurunt

190 2730 345 2761 ecclesiast.,
361 2737 389 2764 p.
403 2729 488 2762 1355;
501 2728 655 2764 Dionysium
665 2728 817 2760 Petavium,
826 2730 852 2755 in
865 2729 972 2764 praefat.

192 2765 225 2792 ad
242 2769 345 2792 tomum
372 2764 551 2798 [Dogmatum
569 2764 713 2797 theologia,
737 2768 766 2799 et
793 2772 850 2794 cos.
876 2764 921 2799 qui
937 2765 971 2791 ad

192 2807 343 2835 cognomen
358 2799 470 2835 Joannis
484 2798 665 2835 evangelistae,
677 2798 721 2831 qui
732 2798 877 2835 VTlteologus
885 2798 972 2826 νοου-

193 2833 247 2869 tur,
262 2834 438 2863 commcntati
469 2840 540 2862 sunt.
557 2833 693 2861 ’Similem
716 2833 896 2869 signiﬁcatum
913 2835 972 2862 \‘oci

1029 2449 1164 2483 θεολογία,
1180 2449 1226 2483 qui
1244 2452 1272 2475 et
1290 2448 1334 2475 hic
1348 2447 1428 2482 paulo
1449 2451 1518 2483 post
1537 2446 1666 2483 occurrit,
1685 2451 1811 2483 respectu:

1029 2481 1125 2512 Christi
1140 2485 1166 2510 in
1179 2481 1274 2518 primis
1290 2481 1437 2518 vindicavit
1450 2481 1593 2518 luculentis
1605 2486 1728 2518 veterum
1743 2482 1812 2510 locis

1029 2520 1071 2547 Jo.
1097 2515 1216 2546 l’ezu'son
1240 2518 1267 2544 in
1283 2517 1360 2545 Notis
1385 2519 1417 2545 ad
1441 2516 1535 2551 lgnatii
1561 2515 1705 2550 Epistolas,
1728 2524 1755 2551 ι),
1783 2518 1811 2545 7.

1029 2555 1102 2581 Alias
1120 2554 1254 2587 θεολογεῖν
1277 2558 1304 2580 et
1328 2553 1453 2586 θεολογία
1473 2552 1507 2578 de
1531 2551 1687 2578 laudatione
1699 2557 1726 2578 et
1741 2551 1814 2578 cele-

1028 2590 1150 2616 bratione
1175 2586 1221 2615 Dei
1248 2587 1370 2615 adhiberi
1386 2587 1506 2614 ostendit
1531 2586 1616 2613 Henr.
1634 2586 1757 2614 Valesius
1776 2587 1812 2614 ad

1025 2624 1134 2651 Eusebii
1150 2623 1249 2650 Histor.
1265 2623 1353 2649 ccclcs.
1369 2631 1395 2654 Χ,
1411 2623 1436 2652 5.
1452 2630 1511 2657 pag.
1525 2622 1585 2649 190.

1062 2660 1118 2695 (93)
1133 2658 1244 2695 Στήλῃ.
1259 2658 1372 2695 Proprie
1390 2658 1554 2695 columnam,
1572 2662 1631 2695 tum
1656 2664 1721 2695 vero
1746 2657 1813 2683 titu-

1025 2691 1081 2721 lum
1099 2691 1131 2721 ac
1142 2691 1359 2727 inscriptionem,
1375 2693 1508 2719 columnis
1524 2692 1633 2720 inscribi
1653 2691 1770 2727 solitam.
1785 2697 1814 2719 et

1024 2730 1104 2756 aliam
1121 2726 1323 2762 quamcunque,
1338 2735 1370 2755 ac
1385 2729 1448 2755 hinc
1473 2732 1565 2754 notam
1593 2734 1655 2754 eum
1679 2726 1814 2762 dedecore

1022 2761 1196 2798 conjunctam
1211 2761 1343 2790 delictare
1356 2763 1434 2793 solet,
1446 2763 1492 2797 qui
1507 2767 1661 2798 postremus
1673 2761 1814 2798 signiﬁca-

1025 2796 1128 2826 tus‘hic
1140 2806 1248 2833 quoque
1263 2798 1352 2825 locum
1369 2796 1626 2833 obtinére_videtur,
1647 2804 1728 2833 quem
1744 2796 1814 2823 alias

1025 2835 1052 2862 in
1078 2830 1189 2862 vocibus
1204 2830 1279 2861 'hinc
1303 2833 1432 2861 derivatis
1451 2831 1598 2868 στηλιτεύω
1615 2839 1642 2860 et
1655 2830 1814 2865 ’στηλιτευ-
