1930 3079
155 173 190 205 93
681 175 829 206 CONTRA
850 173 1080 205 MANICHEOS
1097 174 1213 205 LIBER
1226 175 1250 205 ῐ.
1745 176 1780 208 94

156 226 300 260 ἁσεὸείας’
322 228 399 264 φωνὴ
427 228 528 255 δίδοται
545 229 578 255 ἐκ
601 228 655 256 τῶν
677 229 801 265 οὐρανῶν
814 237 821 245 ·
848 226 943 262 οὗτός

999 228 1141 256 oﬂ'eratur:
1160 228 1212 255 llic
1223 232 1272 260 est,
1290 229 1393 264 inquit,
1409 229 1494 256 Filius
1510 237 1582 256 meus
1594 229 1704 257 dilectus
1721 250 1728 262 ,
1751 231 1780 258 in

156 275 242 300 ἐστιν
262 275 278 301 ὀ
299 275 363 307 Υἱὸς
385 283 446 310 μου
466 275 658 310 όάγαπητὺς,
682 276 717 302 ὲν
731 272 756 309 ᾧ
776 275 941 309 εὐδόκησα.

163 319 321 345 Ἑπισκόπει
336 328 392 354 μοι,
417 321 553 355 ἀγαπητὲ,
572 320 746 355 καθεκάστην
768 321 852 353 λέξιν,
868 321 943 352 ὅπως

158 365 251 396 αὑταῖς
278 366 457 400 συμπρόεισιν
480 367 494 392 ὁ
515 367 586 394 κατὰ
602 368 652 402 τῆς
672 367 800 399 ἁσεόείας
825 367 944 402 ἄφυκτος

158 410 267 445 ἔλεγχος
281 418 289 426 ’
311 409 405 444 Οὗτός
421 412 498 444 ἐστι,
524 414 617 448 φησὶν,
639 414 656 440 ό
683 414 747 446 Υἱός
765 422 826 448 μου
841 415 857 440 ό
873 414 943 449 ἀγα-

158 457 252 489 πητὸς
266 457 301 483 ἑν
315 454 339 490 ᾧ
350 457 512 492 εὐδόκησα.
537 459 585 491 Τίς
598 457 675 491 οὗτος
686 461 699 486 ὁ
715 460 744 486 ὲν
759 459 834 486 ὕδατι
847 460 944 494 βαπτι-

158 501 280 536 ζόμενος,
294 499 316 536 ᾧ
331 503 506 538 ἀνείρχθησαν
516 504 540 530 οῑ
552 504 726 539 οὐρανοὶ,ὲφ’
742 504 772 531 ὃν
788 504 819 530 τὸ
833 504 944 540 Πνεῦμα

157 549 187 574 τὸ
211 547 277 583 ἐμὸν
301 549 330 575 ἐν
350 551 440 585 μορφῇ
458 551 624 585 περιστερᾶς
641 549 809 577 καταϐαῖνον
836 551 868 576 ὲκ
889 550 944 577 τῶν

157 594 281 629 οὐρανῶν
315 596 584 631 συνεπιμαρτύρεται
604 597 651 623 τοῦ
672 597 872 631 βαπτιζομένου
896 597 945 632 τὴν

158 638 267 673 υἱότητα
278 648 285 669 ς
299 639 391 666 Πάντα
405 641 459 675 ἐμὰ
469 640 513 667 διὰ
530 641 584 667 τῶν
593 641 667 676 ἐμῶν
675 641 843 676 κτισμάτων,
854 641 868 667 ὁ
880 642 945 675 ἐμὸς

157 685 233 717 Υιὺς.
250 685 280 712 τὸ
294 685 398 720 θέλημα
414 687 527 722 πληρῶν
541 687 571 713 τὸ
582 687 658 722 ἐμὸν,
678 687 727 722 τὴν
743 687 882 722 σωτηρίαν
897 696 946 713 κα-

157 732 306 766 ταπράττει
318 732 365 758 τοῦ
376 733 478 767 κόσμου
489 740 495 746 ·
506 733 589 767 μόνης
600 733 628 759 δὲ
643 732 689 759 τοῦ
704 733 774 759 Πνεύ
779 741 863 768 ματος
872 732 947 764 ἐξου-

159 779 229 811 σίας,
240 779 279 814 τῷ
294 780 409 814 ὁμοφυεί
425 781 624 816 συμπαρούσης
640 782 688 807 καὶ
700 780 946 816 ἀνακηρυττούσης

158 825 197 860 τῷ
211 825 355 860 πράγματι
375 826 405 852 τὸ
427 826 538 861 γνήσιον
557 827 607 861 τῆς
632 827 767 862 υιότητος.
792 825 944 861 Ἐτέρωθεν

158 870 185 897 δὲ
200 871 281 898 πάλιν
297 873 353 903 τοῖς
381 872 470 898 πάντα
489 872 650 907 πράττουσι,
673 872 744 907 πρὸς
767 871 797 898 τὸ
816 873 946 906 ἀρέσκειν

158 917 322 953 ἀνθρώποις,
354 918 499 954 ἐπιτιμῶν,
514 919 641 951 Μισθὸν,
664 919 759 953 φησὶν,
781 919 837 945 οὐκ
863 919 946 953 ἔχετε

159 964 238 997 παρὰ
253 963 293 996 τῷ
309 964 400 998 Harp!
422 964 506 999 ὑμῶν
523 964 563 997 τῷ
578 964 612 990 ἐν
632 964 695 997 τοῖς
716 964 856 998 οὐρανοῖς
869 971 876 978 ·
891 964 947 991 Kal

159 1009 244 1042 πόσῳ
258 1009 377 1043 μᾶλλον
390 1011 406 1037 ὁ
427 1009 528 1043 Πατὴρ
540 1008 624 1044 ’ὑμῶν
637 1010 653 1036 ό
673 1009 708 1036 ἐν
726 1009 790 1043 τοῖς
808 1009 947 1044 οὐραγοῖς

158 1055 247 1082 δώσει
258 1056 353 1090 ἀγαθὰ
363 1055 425 1089 τοῖς
437 1055 575 1082 αἰτοῦσιν
589 1055 699 1087 αὺτόν;
712 1056 766 1082 Καί
775 1063 782 1070 ”
795 1053 846 1088 Εἷς
861 1055 949 1082 ἐστιν

158 1102 176 1128 ὸ
192 1100 294 1135 Πατὴρ
306 1100 390 1136 ὑμῶν
404 1103 420 1128 ὀ
438 1102 473 1128 ὲν
502 1101 565 1133 τοῖς
585 1101 736 1135 οὐρανοῖς.
752 1101 784 1127 Τί
801 1101 830 1127 δὲ
847 1101 893 1128 καὶ
904 1102 949 1128 ἀν-

159 1146 274 1173 έϐλεπεν
290 1148 304 1173 ὁ
316 1147 417 1180 ἀγαθὸς
430 1147 493 1178 Υἱὸς
509 1148 557 1174 τοῦ
572 1147 675 1182 ἀγαθοῦ
692 1148 797 1184 Πατρὸς
810 1147 949 1181 ἀλλότριον

159 1193 265 1228 ποίημα
280 1193 325 1219 τὸν
336 1193 462 1228 οὐρανὸν,
477 1194 525 1220 καὶ
539 1194 602 1225 τοὺς
618 1193 767 1225 δακτύλους
783 1194 823 1225 εἰς
844 1193 880 1220 τὰ
891 1190 950 1219 ὦτα

158 1237 286 1272 ἐμϐαλὼν
308 1238 355 1264 τοῦ
374 1238 467 1273 κωφοῦ
489 1239 592 1274 ἥπτετο
613 1239 662 1274 τῆς
683 1238 820 1274 γλώσσης,
838 1238 949 1270 πτύσας

159 1284 206 1310 καὶ
218 1284 267 1318 τῆς
281 1283 436 1318 κωφώσεως
451 1284 553 1310 ἀπέλυε
570 1285 616 1311 τὸν
639 1285 748 1319 κωφόν;
767 1284 848 1312 Ἀλλο
867 1284 949 1311 πάλιν

158 1328 271 1363 πλάσμα
285 1329 412 1364 πονηρὸν,
429 1329 466 1360 ὠς
483 1330 508 1356 0!
527 1330 726 1365 θεομαχοῦντές
741 1339 834 1364 φασιν.
857 1330 889 1356 Τί
907 1330 946 1363 δὲ,

157 1375 283 1408 λέγοντος
302 1375 384 1402 αὑτοῦ
396 1382 404 1390 ·
431 1375 538 1409 Πάτερ,
563 1376 699 1408 δόξασόν
724 1383 783 1402 σου
800 1376 854 1402 τὸν
869 1376 947 1408 Υιὸν,

158 1421 190 1447 ἐκ
200 1421 246 1447 τοῦ
261 1421 377 1455 ούρανοῦ
390 1418 457 1456 ἧκεν
470 1423 486 1457 ἡ
502 1422 578 1457 φωνὴ
586 1422 713 1456 λέγουσα,
731 1421 785 1448 Καὶ
803 1421 946 1454 ἐδόξασα,

158 1467 206 1494 καὶ
225 1466 317 1493 πάλιν
335 1466 468 1499 δοξάσω
492 1467 568 1502 ᾚδει
594 1467 643 1503 μὲν
661 1468 716 1502 γὰρ
739 1467 820 1498 αὐτὸς
843 1467 884 1493 ὅτι
902 1468 948 1494 καὶ

158 1512 268 1545 ὲδῧξασε
281 1513 328 1539 καὶ
350 1512 466 1544 δοξάσει.
480 1513 535 1539 Καὶ
551 1513 581 1539 οὐ
596 1513 640 1539 διὰ
657 1513 736 1539 τοῦτο
748 1512 806 1548 ᾔτει
825 1513 871 1539 τὸν
885 1513 946 1539 Πα-

157 1558 224 1593 τέρα
234 1567 240 1573 ·
255 1558 337 1590 αὐτὸς
348 1559 402 1593 γὰρ
418 1558 488 1593 ἔχων
505 1559 592 1585 πάντα
609 1559 657 1585 τοῦ
673 1559 790 1594 Πατρὸς,
803 1559 850 1585 καὶ
865 1559 946 1592 μόνος

158 1603 236 1635 εἰδὼς
245 1604 291 1630 τὸν
302 1604 423 1639 Πατέρα,
439 1604 499 1630 οὐδὲ
511 1603 589 1630 τοῦτο
600 1604 692 1639 ὴγνόει
701 1613 708 1620 ·
728 1604 785 1631 ἀλλ’
802 1605 844 1630 ἵνα
859 1606 906 1631 καὶ
920 1605 949 1631 τὸ

159 1650 246 1684 παρὺν
261 1649 313 1676 τῶν
327 1651 511 1686 ἀκροωμένων
527 1651 630 1685 πλῆθος
653 1650 746 1684 σαφῶς
762 1650 877 1686 ἐπιγνῷ,
899 1651 948 1678 καὶ

161 1697 244 1733 μάθῃ,
261 1698 302 1723 ὅτι
315 1698 363 1723 καὶ
377 1699 553 1732 παραιτεῖται
574 1697 605 1724 τὺ
630 1697 715 1729 πάθος
732 1697 769 1728 ὡς
794 1697 947 1732 ἅνθρωπος,

158 1744 207 1770 καὶ
228 1743 355 1779 ἐπιζητεῖ
367 1744 458 1776 τοῦτο,
482 1744 585 1776 πάντας
600 1744 734 1770 διδάσκων
749 1744 785 1775 ὠς
803 1744 874 1770 ἑκὼν
884 1744 951 1770 αὐτὸ

159 1790 322 1825 ὑπέρχεται.
349 1790 395 1817 Διὸ
416 1790 462 1816 καὶ
487 1790 596 1823 ἔλεγεν·
616 1791 656 1817 Οὐ
676 1790 713 1816 δι’
726 1790 778 1824 ἐμὲ
793 1789 915 1824 γέγονεν
928 1791 947 1824 1’;

160 1837 256 1870 φωνὴ,
270 1837 351 1863 ἀλλὰ
361 1836 398 1863 δι’
414 1836 503 1870 ὑμᾶς.
526 1836 597 1870 Ἐγὼ
615 1836 664 1870 μὲν
682 1836 736 1870 γὰρ
759 1836 833 1871 ᾔδειν
848 1836 882 1862 τὰ
899 1835 945 1862 τοῦ

161 1881 268 1916 ΙΙ-ατρὺς
280 1882 379 1914 πάντα,
395 1882 442 1907 καὶ
461 1882 535 1908 οὐδὲν
554 1882 668 1917 ἠγνόουν
678 1890 685 1896 ·
703 1882 762 1908 οὐδὲ
787 1881 819 1907 δι’
835 1882 885 1914 ἐμὲ
899 1881 948 1916 τὴν

161 1927 252 1963 φωνὴν
267 1927 334 1963 πρὸς
346 1928 427 1954 αὑτὸν
439 1928 543 1962 ἀφῆκα,
562 1927 623 1953 οὐδὲ
640 1927 672 1954 δι’
686 1928 735 1962 ἐμὲ
750 1927 854 1960 ταύτην
867 1927 948 1958 αὐτὸς

160 1975 335 2008 ὲόεϐαῖωσεν,
353 1976 422 2003 ἀλλὰ
432 1977 465 2002 δι’
482 1977 570 2011 ὑμᾶς’
589 1977 634 2003 ἵνα
646 1976 734 2010 γνῶτε
747 1977 786 2002 ὃτι
807 1976 948 2011 συντρέχει

160 2022 192 2049 τὸ
205 2022 309 2057 θέλημα
331 2022 361 2048 τὺ
374 2022 439 2057 ἐμὸν
449 2022 488 2057 τῷ
503 2022 566 2057 οελή
573 2030 636 2056 ματι
650 2022 698 2048 τοῦ
717 2022 833 2057 Πατρὺς,
849 2022 896 2048 καὶ
910 2022 941 2048 τὸ

993 283 1044 310 quo
1058 275 1202 302 delectatus
1215 284 1284 302 sum.
1300 275 1367 308 Quis
1382 281 1441 308 est,
1464 276 1511 311 qui
1528 277 1556 303 in
1572 285 1642 312 aqua
1656 277 1779 312 baptiza—

994 325 1047 352 tur,
1065 327 1147 354 super
1158 328 1213 355 quo
1228 320 1313 355 aperti
1331 326 1395 347 sunt
1423 322 1496 354 eteli,
1512 323 1538 349 in
1554 330 1634 356 quem
1661 322 1781 358 Spiritus

994 374 1081 397 meus,
1097 366 1188 393 habitu
1207 367 1340 394 columba:
1354 367 1525 395 descendens
1538 376 1571 395 ex
1583 369 1669 400 cmlis,
1699 373 1781 396 testa-

996 418 1037 440 tur
1049 413 1216 447 baptizatum
1231 414 1306 440 hunc
1316 421 1376 440 esse
1392 413 1511 441 Filium?
1526 414 1623 443 Omnia
1637 423 1696 442 mea
1706 419 1781 448 sunt,

995 459 1057 493 quia
1074 459 1164 486 omnia
1179 459 1287 486 condidi
1302 467 1309 484 τ
1325 458 1407 486 Filius
1424 468 1532 494 quoque
1549 468 1627 488 meus
1639 465 1699 493 est,
1721 461 1780 496 qui,

996 505 1160 532 voluntatem
1178 513 1265 532 meam
1276 505 1430 540 perliciens.
1445 506 1547 533 mundo
1560 507 1676 534 salutem
1692 506 1782 534 conci-

996 552 1053 584 liat,
1073 552 1136 579 dum
1154 552 1261 579 interim
1288 553 1375 579 virtus
1392 553 1509 588 Spiritus
1525 553 1576 580 mei
1594 574 1601 586 ,
1632 562 1693 588 qua:
1717 554 1780 588 ipsi,

996 598 1078 625 unius
1097 603 1124 625 et
1140 599 1259 632 ejusdem
1276 604 1379 626 naturae
1391 607 1497 626 mecum
1511 599 1648 634 participi,
1659 608 1781 635 prtesens

996 649 1047 676 est,
1062 652 1143 678 opere
1158 645 1215 678 ipso
1231 645 1318 679 palam
1332 645 1404 677 facit,
1421 653 1483 672 eum
1500 653 1592 672 verum
1605 653 1664 673 esse
1672 646 1780 673 Filium.

996 690 1068 717 Alibi
1084 691 1183 717 iterum
1202 699 1258 724 cos,
1272 692 1317 726 qui
1336 692 1427 718 omnia
1441 691 1502 718 ideo
1515 691 1650 718 faciebant
1670 697 1700 719 ut
1722 693 1782 726 pla-

996 741 1090 764 cerent
1104 737 1278 769 hominibus,
1309 737 1467 769 Mercedem,
1484 738 1572 772 inquit
1585 759 1592 769 ,
1612 746 1663 764 non
1681 738 1783 765 habetis

997 783 1066 816 apud
1089 781 1196 808 Patrem
1225 787 1340 809 vestrum
1368 783 1394 809 in
1412 783 1483 809 cretis
1498 783 1529 809 η.
1560 782 1626 809 Item
1648 791 1655 809 :
1678 783 1784 814 Quanto

997 829 1082 862 magis
1098 828 1180 855 Pater
1195 835 1277 856 tester
1292 829 1318 855 in
1334 829 1404 856 cazlis
1427 829 1500 855 dabit
1515 828 1610 856 bonum
1635 829 1782 863 petentibus

997 875 1030 901 ab
1045 875 1100 908 ipso
1117 875 1150 901 ’°.
1169 875 1252 902 Item:
1272 876 1341 903 Unus
1362 881 1399 902 ext
1416 875 1496 902 Pater
1523 881 1606 902 vester
1619 876 1645 902 in
1661 875 1731 903 cadis
1746 875 1782 901 ἰ.

963 909 983 937 Β
999 920 1032 947 Et
1043 921 1108 955 quid
1121 921 1215 955 optimi
1230 921 1320 948 Patris
1335 921 1453 956 optimus
1471 921 1554 948 Filius
1569 921 1668 949 caelum
1684 942 1692 954 ,
1716 921 1783 948 alie-

997 975 1061 994 nam
1089 972 1254 999 creaturam,
1275 968 1404 1002 respexit.
1421 968 1566 1003 digitisque
1582 968 1609 995 in
1634 975 1714 995 aures
1730 968 1784 995 im-

997 1013 1098 1046 missis,
1114 1013 1181 1040 muti
1197 1014 1285 1048 tetigit
1298 1013 1428 1048 linguam,
1454 1019 1588 1048 sputaque
1604 1014 1706 1041 emisso
1722 1022 1783 1041 mu-

998 1066 1054 1088 tum
1068 1060 1137 1087 malo
1153 1067 1203 1087 suo
1214 1060 1356 1087 liberavit?
1368 1060 1442 1087 Nova
1458 1059 1502 1086 hic
1514 1065 1556 1087 est
1566 1065 1690 1087 creatura
1701 1060 1782 1091 mala.

998 1111 1028 1134 ut
1045 1106 1100 1133 Deo
1116 1106 1292 1133 adversantes
1304 1106 1462 1140 loquuntur.
1475 1106 1527 1138 Qui
1542 1114 1607 1133 vero
1622 1106 1680 1141 ipso
1690 1106 1784 1134 dicen-

997 1151 1036 1178 ti:
1052 1151 1143 1184 Pater,
1159 1151 1277 1186 glori/ica
1292 1151 1389 1178 Filium
1402 1157 1487 1182 tuum,
1499 1159 1531 1178 ex
1551 1152 1619 1178 coelo
1631 1151 1706 1178 venit
1731 1159 1784 1179 vox

998 1198 1092 1225 dicens
1106 1206 1112 1224 :
1129 1196 1161 1223 Et
1171 1197 1326 1231 gloriﬁcavi,
1341 1201 1365 1223 et
1379 1198 1474 1224 iterum
1485 1197 1636 1232 gloriﬁcabo
1648 1197 1680 1224 ¹¹.
1693 1195 1784 1224 Nove-

999 1247 1039 1269 rat
1058 1242 1131 1269 enim
1147 1247 1174 1268 et
1194 1241 1262 1276 ipse.
1279 1242 1351 1276 quod
1363 1246 1391 1268 et
1405 1242 1614 1276 glorilicaverit.
1642 1247 1669 1269 et
1685 1242 1785 1278 gloriﬁ-

999 1292 1110 1314 caturus
1121 1287 1166 1314 sit.
1179 1286 1270 1321 Neque
1287 1292 1428 1322 propterea
1446 1287 1577 1314 exorabat
1590 1287 1710 1314 Patrem.
1723 1287 1785 1323 Ipse

999 1333 1072 1360 enim
1085 1333 1186 1364 omnia,
1209 1340 1269 1367 quae
1287 1332 1372 1359 Patris
1399 1337 1479 1364 sntit,
1509 1332 1612 1359 habens
1626 1353 1633 1365 ,
1660 1337 1688 1360 et
1711 1333 1785 1360 solus

999 1379 1089 1407 sciens
1108 1379 1226 1411 Patrem,
1246 1386 1334 1413 neque
1350 1379 1401 1406 hoc
1417 1378 1568 1413 ignorabat.
1582 1377 1617 1405 Ut
1627 1386 1693 1406 vero
1714 1386 1792 1417 praef

999 1433 1063 1452 sens
1077 1425 1244 1452 audientium
1257 1425 1334 1452 turba
1355 1429 1528 1459 perspectum
1547 1425 1675 1455 haberet,
1692 1424 1792 1452 disce-'

998 1476 1093 1506 retque
1117 1479 1145 1499 sc
1167 1477 1194 1498 et
1214 1470 1369 1506 passionem
1386 1470 1473 1498 instar
1497 1471 1615 1497 hominis
1637 1469 1784 1503 declinare,

999 1522 1026 1545 et
1045 1523 1134 1545 tamen
1159 1522 1307 1552 expetere.
1334 1524 1429 1544 omnes
1455 1516 1534 1543 docet
1561 1524 1590 1543 se
1612 1521 1709 1551 sponte
1737 1523 1785 1543 sua

1000 1564 1073 1590 illam
1089 1563 1190 1590 subire.
1218 1562 1285 1589 Hinc
1311 1566 1338 1589 et
1365 1562 1420 1588 ait:
1449 1561 1508 1588 Non
1527 1565 1633 1595 propter
1654 1568 1715 1591 me,
1741 1560 1788 1586 sed

999 1615 1105 1645 propter
1124 1618 1167 1636 vos
1179 1617 1227 1635 no.2:
1246 1609 1298 1634 ista
1329 1609 1401 1643 facta
1414 1613 1450 1634 est
1464 1608 1497 1634 ".
1513 1607 1568 1642 Ego
1596 1607 1668 1634 enim
1697 1605 1786 1633 Patris

999 1655 1110 1682 consilia
1127 1654 1216 1680 omnia
1244 1660 1385 1683 noveram,
1403 1660 1492 1687 neque
1516 1652 1663 1687 quidquam
1689 1659 1785 1678 eorum

999 1701 1169 1736 ignorabam.
1197 1699 1291 1734 Neque
1309 1704 1420 1734 propter
1447 1706 1491 1725 me
1516 1706 1610 1725 vocem
1631 1698 1664 1725 ad
1697 1698 1786 1732 ipsum

999 1747 1087 1779 emisi,
1103 1754 1190 1780 neque
1207 1751 1317 1780 propter
1332 1753 1376 1771 me
1391 1745 1434 1771 ille
1462 1752 1520 1771 eam
1537 1744 1690 1779 obsignavit
1706 1764 1714 1776 ,
1739 1744 1787 1771 sed

999 1797 1110 1828 propter
1127 1800 1187 1821 vos.
1205 1796 1235 1818 ut
1249 1791 1344 1818 sciatis
1363 1790 1530 1817 voluntatem
1547 1798 1635 1817 meam
1650 1797 1711 1817 cum
1737 1798 1789 1817 vo-

1001 1839 1106 1866 luntate
1123 1837 1210 1864 Patris
1220 1836 1387 1871 conspirare,
1404 1843 1502 1870 meque
1515 1835 1719 1870 perpessionem
1732 1835 1790 1871 glo-

1002 1885 1068 1911 riam
1082 1883 1228 1918 appellare.
1242 1882 1294 1908 Pro
1314 1882 1389 1908 vobis
1404 1881 1477 1907 enim
1493 1881 1621 1908 omnibus
1639 1881 1691 1908 hoc
1706 1881 1735 1908 in
1744 1889 1787 1908 me

1002 1930 1113 1963 recipio.
1127 1929 1184 1955 Hoc
1202 1928 1255 1954 ﬁne
1273 1933 1300 1955 et
1315 1927 1435 1962 precatio
1451 1927 1520 1960 hzec,
1535 1931 1562 1954 et
1575 1927 1663 1954 Patris
1674 1935 1705 1954 ex
1718 1927 1789 1954 coalo

1001 1985 1054 2003 vox
1070 1976 1152 2010 petita
1175 1974 1357 2002 conﬁrmavit.
1377 1973 1466 2008 Atque
1486 1974 1545 2000 htcc
1559 1972 1669 2008 quidem
1692 1972 1726 2000 de
1747 1972 1790 2000 his

999 2020 1144 2047 subiciant.

161 2069 247 2100 πάθος
261 2069 339 2102 δόξαν
361 2069 497 2104 ὀνομάζω.
522 2069 608 2104 ’Υπὲρ
636 2070 689 2105 γὰρ
715 2069 792 2104 ὑμῶν
818 2069 947 2096 ἁπάντων
984 2067 1224 2102 ἀνακαταδέχομαι
1253 2064 1352 2092 τοῦτο·
1381 2064 1426 2091 διὰ
1456 2063 1536 2090 τοῦτο
1573 2064 1618 2091 καὶ
1639 2065 1655 2099 ἡ
1678 2063 1788 2099 αἴτησις

162 2115 314 2151 προσήχθη,
327 2115 375 2142 καὶ
386 2116 402 2151 ἡ
412 2117 440 2148 ἐξ
449 2115 570 2150 οὐρανῶν
583 2117 703 2151 πατρική
711 2115 786 2151 φωνὴ
797 2115 946 2142 ἐϐεϐαίωσε
965 2115 999 2142 τὰ
1015 2113 1172 2148 αἰτηθέντα.
1198 2112 1280 2138 Ἀλλὰ
1287 2111 1356 2142 τέως
1370 2111 1419 2145 μὲν
1429 2109 1548 2136 τοσαῦτα
1562 2110 1627 2145 περὶ
1639 2109 1752 2136 τούτων.

197 2162 233 2188 Ζ¹.
252 2162 282 2188 Εἰ
295 2161 324 2187 δέ
338 2170 369 2195 γε
382 2161 412 2187 τὸ
431 2161 484 2197 πῦρ
506 2161 612 2196 ποίημα
635 2161 683 2188 τοῦ
706 2161 842 2196 Πονηροῦ,
861 2161 918 2193 πῶς
934 2162 947 2188 ὁ

1036 2160 1093 2188 VII.
1108 2159 1185 2192 Quod
1209 2158 1230 2185 si
1246 2165 1311 2185 vero
1328 2157 1399 2192 ignis
1423 2156 1484 2183 Mali
1498 2164 1569 2191 opus
1584 2161 1635 2189 est,
1651 2155 1792 2190 quomodo

163 2207 263 2241 ἀγαθὸς
277 2207 352 2239 Θεὸς,
368 2208 381 2233 ό
397 2206 444 2233 τοῦ
460 2207 563 2241 ἀγαθοῦ
578 2207 653 2239 Υἱὺς,
669 2208 732 2239 τοὺς
746 2216 947 2242 μυσταγωγου-

165 2253 263 2288 μένους
279 2253 354 2288 αὑτῷ
368 2253 396 2279 ἐν
413 2252 551 2288 Πνεύματι
565 2254 634 2289 ἁγίῳ
648 2253 774 2288 βαπτίζει
795 2255 842 2281 καὶ
868 2255 948 2290 πυρὶ,

163 2298 194 2324 τὸ
209 2298 322 2334 πλάσμα
337 2299 480 2325 συνάπτων
490 2299 537 2325 τοῦ
554 2299 668 2334 Ἐχοροῦ
679 2300 718 2335 τῷ
729 2300 799 2335 ἁγίῳ
811 2301 951 2334 Πνεύματι

165 2345 212 2372 καὶ
233 2345 267 2372 δι’
286 2346 481 2381 ἀντικειμένων
510 2346 632 2380 ἁγιάζων
659 2347 710 2373 τὸν
735 2347 951 2383 βαπτιζόμενονς

164 2392 244 2422 Ποίος
272 2392 326 2427 γὰρ
342 2392 375 2419 ἄν
389 2400 431 2423 τις
452 2392 531 2418 τοῦτο
555 2392 740 2427 παραδέξηται
764 2393 845 2425 vain;
875 2394 952 2424 ποῖος

165 2436 231 2463 οἴσει
250 2437 280 2462 τὸ
293 2436 434 2471 δύσφημον
452 2437 599 2471 λογισμός;
628 2437 669 2468 τίς
692 2437 720 2463 δὲ
747 2438 777 2464 οὐ
801 2438 950 2473 καταγνοίη

165 2482 213 2516 τῆς
225 2483 383 2514 δυσσεδείας
400 2483 430 2509 τὸ
444 2482 579 2518 μέγεθος;
595 2483 657 2514 Πῶς
675 2484 702 2510 δὲ
718 2484 799 2511 πάλιν
815 2485 829 2511 ὁ
849 2484 952 2518 ἀγαθὸς

166 2528 232 2560 Θεὸς
249 2530 322 2555 ποιεῖ
336 2529 400 2561 τοὺς
416 2528 550 2563 ἀγγέλους
570 2529 653 2556 αὐτοῦ
669 2530 812 2564 πνεύματα
824 2529 872 2555 καὶ
888 2529 952 2561 τοὺς

165 2573 340 2610 λειτουργοὺς
362 2574 445 2601 αὑτοῦ
471 2573 558 2609 πυρὸς
581 2575 685 2609 φλόγα,
718 2576 774 2606 τοῖς
799 2574 953 2610 ἀλλοτρίοις

166 2619 256 2655 ἔργοις
268 2620 384 2656 ποιητὴν
409 2620 570 2655 ἐπιγράφων
599 2620 710 2648 ἑαυτόν·
732 2621 787 2656 Τὴν
803 2619 857 2656 γὰρ
885 2629 953 2657 προ-

202 2699 224 2714 ¹⁹
238 2697 333 2725 Matth.
343 2705 381 2730 vx,
395 2697 438 2725 I9.

169 2734 193 2751 ³⁸
208 2733 292 2761 Hebr.
303 2741 322 2765 ι,
339 2732 365 2760 7.

487 2697 511 2713 ¹⁰
521 2697 616 2725 Matth.
628 2706 677 2730 vn,
697 2698 739 2725 II.

1003 2208 1093 2235 bonus
1109 2207 1190 2237 Deus,
1203 2205 1266 2232 boni
1282 2204 1377 2236 Filius,
1391 2211 1449 2236 eos,
1466 2203 1511 2238 qui
1527 2203 1562 2230 ad
1587 2202 1677 2237 ipsum
1705 2202 1792 2230 addu-

1005 2258 1105 2281 cuntur
1114 2252 1234 2286 baptizat
1246 2251 1273 2277 in
1289 2249 1391 2285 Spiritu
1405 2254 1500 2277 sancto
1516 2253 1544 2275 et
1555 2249 1616 2284 igne
1630 2248 1664 2281 ἰ,
1682 2253 1792 2275 creatu-

1003 2306 1060 2326 ram
1076 2297 1137 2324 Mali
1152 2295 1266 2331 Spiritui
1281 2299 1376 2322 sancto
1389 2294 1518 2328 iungens.
1543 2297 1624 2327 atque
1648 2292 1716 2319 adeo
1742 2300 1793 2327 per

1003 2343 1139 2372 contraria
1153 2341 1317 2375 baptizatum
1337 2338 1530 2367 sanctificans?
1547 2338 1612 2371 Quae
1625 2338 1697 2365 enim
1714 2345 1792 2365 mens

1004 2391 1062 2417 haec
1079 2389 1190 2423 capiat?
1203 2395 1263 2422 qua:
1278 2386 1348 2413 ratio
1362 2386 1454 2420 inepta
1471 2385 1530 2411 haec
1542 2383 1632 2410 ierat?
1652 2383 1713 2418 quis
1727 2391 1794 2411 vero

1004 2434 1151 2470 impietatis
1162 2432 1375 2468 magnitudinem
1385 2438 1439 2457 non
1448 2430 1621 2457 abominetur
1632 2430 1794 2465 ?quomodo

1003 2482 1094 2515 itaque
1114 2480 1185 2507 Deus
1201 2480 1287 2506 bonus
1301 2477 1418 2513 Angelos
1428 2484 1492 2503 suos
1507 2475 1572 2503 facit
1600 2476 1723 2511 spiritus,
1738 2476 1792 2503 mi-

1004 2528 1106 2555 nistros
1123 2535 1187 2554 suos
1200 2526 1270 2561 ignis
1287 2525 1422 2551 ﬂammam
1437 2523 1462 2538 “
1474 2543 1481 2554 ,
1510 2522 1661 2549 alienorum
1678 2530 1793 2557 operum

1006 2581 1035 2601 se
1048 2574 1136 2608 ipsum
1153 2572 1298 2599 venditans
1313 2570 1495 2597 conditorem.
1515 2568 1707 2604 Prophetieam
1719 2569 1794 2596 enim

1007 2620 1080 2647 illam
1096 2627 1189 2647 vocem
1217 2623 1345 2652 tanquam
1369 2616 1489 2644 divinam
1506 2620 1534 2643 et
1547 2616 1670 2643 veritatis
1693 2623 1797 2651 praeco-

794 2699 816 2713 "
831 2697 927 2724 Matth.
942 2705 947 2724 1

1000 2705 1018 2729 ι,
1031 2698 1058 2724 9.
1100 2698 1122 2713 ³³
1134 2696 1213 2724 Joan.
1230 2703 1280 2729 Sll,
1291 2695 1336 2722 28.
1373 2696 1395 2712 ³³
1411 2695 1476 2724 ibid.
1491 2696 1537 2725 30.
1575 2698 1598 2713 "
1613 2696 1679 2724 Luc.
1695 2704 1737 2729 ut.
1750 2695 1794 2723 16.

718 2778 834 2806 VARI/IS
851 2778 1046 2807 LECTIONES
1071 2779 1115 2806 ET
1130 2778 1246 2806 NOTAE}.

169 2870 244 2902 τικὸς
263 2871 419 2905 frequenter
429 2867 716 2905 observes._§ompara
729 2866 874 2905 Claudium
893 2866 953 2905 Sal:

999 2866 1158 2897 Eusebium.
1174 2875 1201 2902 p.
1217 2866 1269 2899 5‘2;
1284 2871 1312 2895 et
1337 2867 1439 2896 Anton.
1455 2866 1644 2901 Muratorium,
1660 2865 1694 2894 ad
1713 2864 1795 2894 Anac-

169 2906 296 2940 masium,
312 2901 351 2933 De
377 2912 461 2938 cntcc,
490 2912 518 2939 p.
546 2903 609 2930 268.
630 2901 737 2930 IIenrie.
755 2901 900 2936 Valesium,
921 2901 954 2929 ad
1001 2904 1063 2929 data
1079 2901 1221 2939 Gratca,p.
1235 2903 1304 2939 Met
1321 2903 1364 2931 15.
