1930 3079
121 143 158 175 95

683 141 815 171 ΡΙΙΟΤΙΙ
832 138 1085 170 PATRIARCIL'E
1113 138 1166 168 ΟΡ.

1702 136 1744 169 96'

121 198 209 230 nium,
222 196 324 224 Paulus
336 197 470 232 obsignat.
484 195 624 229 Quomodo
635 203 700 222 vero
714 195 829 230 paleam,
844 202 904 228 quae

967 194 1072 228 ›ητικὴν
1090 192 1193 228 ταύτην
1220 192 1313 227 φωνὴν
1343 192 1381 224 ὠς
1405 193 1437 219 ἐκ
1464 192 1531 219 Θεοῦ
1566 193 1612 219 καὶ
1639 193 1741 220 θείανὸ

120 249 297 280 peccatorum
323 243 461 271 levitatem
487 243 618 278 designat,
643 247 773 269 creaturae
802 241 862 268 Mali
881 241 907 267 in

121 290 285 325 supplicium
302 289 392 319 tradit,
418 288 636 323 quandoquidem
664 295 723 314 eam
746 287 807 322 igne
832 287 908 313 inex-

122 334 272 370 stiuguibili
293 332 503 360 comburendam
524 339 583 358 esse
604 331 712 357 nuntiat
727 330 767 356 "‘3
788 330 819 355 Et
840 336 909 363 quo-

123 379 204 406 modo
223 378 338 405 domitor
366 377 451 404 hostis
471 376 555 407 venit,
584 381 613 402 ut
636 375 724 410 ignem
752 375 855 409 jaceret
881 374 908 400 in

124 430 223 451 terram
235 424 267 456 ",
284 423 368 450 hostis
399 430 467 456 opus
494 423 532 449 sic
551 421 718 456 ampliﬁcans
733 425 760 446 et
783 419 909 454 augens?

124 469 261 505 quomodo
296 468 360 494 item
389 467 498 495 diabolo
525 471 636 502 paratus
675 470 717 492 est
750 465 818 500 ignis
832 465 867 496 “,
886 464 908 490 si

125 515 183 549 ipse
210 519 252 541 est
279 514 339 548 ejus
368 512 508 541 conditor?
524 520 612 547 neque
626 511 698 538 enim
715 510 773 545 ipse
795 510 843 538 sibi
860 518 908 544 pa-

126 561 197 587 rabit
208 560 381 595 supplicium.
403 559 526 585 Vicissim
539 566 615 589 vero,
631 558 653 584 si
666 557 751 584 hostis
764 557 864 591 ignem,
881 561 909 583 ut

125 607 244 639 videtur,
262 614 315 633 non
332 605 447 640 paravit,
463 613 518 632 non
539 603 735 639 paravitetiaut
750 602 909 636 quidquam,

126 660 176 687 per
187 652 259 685 quod
270 652 394 679 homines
414 651 472 677 sine
486 648 675 676 emendatione
696 651 840 682 peccantes
857 654 912 681 pu-

127 696 188 724 nire
204 697 298 731 possit,
314 704 401 731 neque
419 697 506 730 ipsum
523 695 609 725 illum,
622 694 668 728 qui
685 693 787 719 zizania
801 692 910 726 sparsit.

129 749 179 777 per
194 749 274 776 quem
290 742 390 776 justam
406 745 496 768 sumat
513 740 656 767 ultionem.
675 738 708 765 Et
733 739 795 774 quis
819 738 911 765 omnia

129 787 262 822 ejusmodi
276 786 465 814 enumerarit?

165 889 234 916 \‘lll.
253 889 386 922 Quoniam
410 896 476 916 vero
502 887 635 915 maledica
658 892 686 915 et
713 886 797 921 impia
821 886 912 920 lingua

132 936 273 964 terrestria
288 935 321 962 ad
334 935 434 962 malum
452 934 616 969 principium
628 933 709 960 audet
720 934 833 965 referre,
848 938 915 966 quo-

133 982 212 1009 modo
233 989 264 1009 ea
281 989 329 1008 sua
346 981 412 1008 dicit
441 979 596 1007 communis
612 984 705 1005 noster
732 978 863 1005 Dominus
888 981 915 1004 et

134 1027 281 1055 Servalor?
291 1027 322 1054 In
335 1029 441 1061 propria
455 1027 524 1053 enim
542 1026 622 1058 venit,
640 1025 739 1059 inquit,
755 1025 799 1050 sed
812 1024 852 1050 sui
864 1031 916 1050 non

131 1078 281 1108 receperunt
293 1082 352 1100 eum
363 1073 396 1099 ’⁸.
415 1072 493 1105 Quod
510 1072 532 1099 si
543 1072 662 1099 dixerint
676 1075 819 1106 apostatae,
849 1078 914 1106 pro-

132 1119 191 1154 prie
210 1118 255 1146 hic
271 1118 323 1146 dici
341 1125 482 1145 sermones
499 1117 673 1152 propheticus
687 1137 694 1150 ,
720 1117 748 1143 in
773 1117 824 1144 hos
849 1124 915 1144 vero

132 1165 241 1192 venisse
257 1164 407 1195 Christum,
427 1164 500 1199 ipsos
524 1171 590 1191 vero
612 1171 674 1190 eum
689 1171 744 1190 non
766 1163 914 1198 recepisse,

131 1209 204 1242 vide,
218 1216 321 1244 quaeso.
336 1208 467 1243 insignem
480 1215 574 1236 eorum
584 1208 717 1235 insaniam
732 1213 758 1234 et
770 1207 915 1243 impuden-

132 1254 207 1280 tiam.
226 1253 344 1280 Primum
358 1253 442 1286 enim,
463 1253 601 1288 quomodo
618 1253 792 1288 propheticos
808 1261 915 1281 sermo-

132 1307 180 1327 ues
192 1301 315 1335 proprios
322 1300 421 1327 Christi
432 1307 493 1327 esse
503 1299 593 1330 aiunt.
607 1307 669 1327 cum
682 1300 755 1334 ipsos
768 1300 915 1334 prophetas

131 1349 159 1372 et
178 1344 384 1379 inspiratiouelu
400 1352 495 1371 eorum
515 1344 548 1371 ad
565 1343 667 1370 malum
683 1344 916 1371 rel‘erant?Dein-

132 1392 176 1419 de.
190 1391 326 1425 quomodo
350 1391 376 1417 in
392 1390 567 1425 propheticus
581 1397 722 1417 sermones
736 1390 813 1417 venit
837 1390 916 1417 Chri-

132 1437 211 1464 stus?
227 1437 316 1464 l‘rimn
331 1437 403 1464 enim
417 1457 425 1468 ,
441 1437 512 1471 quod
527 1441 555 1465 et
576 1437 628 1471 ipsi
651 1437 740 1467 aiunt,
761 1436 795 1463 ad
811 1436 916 1464 alienos

139 1482 225 1513 venit.
241 1482 392 1517 prophetici
407 1482 479 1509 enim
499 1489 639 1509 sermones
661 1481 742 1508 alieni
758 1482 824 1516 quid
840 1487 914 1513 sunt,

134 1533 261 1562 tanquam
274 1527 308 1554 ab
320 1527 409 1554 alieno
423 1527 548 1562 inspirati
559 1548 567 1559 ,
583 1536 634 1555 nec
649 1528 681 1554 ad
700 1528 800 1555 bonum
829 1529 913 1555 Deum
926 1539 948 1570 ρ

84 1587 87 1589 >
133 1574 281 1609 pertinent.
307 1573 419 1606 Deinde,
434 1574 570 1608 quomodo
596 1573 709 1600 omnino
735 1574 837 1608 proprii
853 1582 916 1601 esse

133 1624 250 1654 possunt
263 1620 362 1647 Christi
377 1627 517 1647 sermones
530 1620 693 1655 prophetici,
705 1620 750 1654 qui
766 1628 820 1647 non
837 1628 915 1647 rece-

133 1669 234 1700 perunt
257 1665 340 1692 eum?
367 1665 469 1693 Dicitur
484 1666 575 1693 enim:
601 1666 632 1694 In
654 1674 702 1693 sua
720 1666 799 1698 venit,
815 1667 860 1693 sed
876 1666 917 1692 sui

133 1719 192 1738 eum
209 1719 260 1737 non
274 1708 434 1745 receperu‘nl.
448 1711 543 1743 Porro,
563 1711 662 1746 quibus
678 1715 839 1746 potestatem
852 1711 918 1739 fecit

133 1757 270 1790 Christus,
285 1762 315 1784 ut
329 1757 375 1784 ﬁlii
392 1758 438 1785 Dei
453 1757 549 1785 tierent
561 1758 572 1784 ?
584 1765 649 1784 num
664 1757 840 1784 sermonibus
852 1765 918 1792 pro-

133 1802 271 1837 pheticis?
286 1802 405 1830 Hoecine
416 1811 471 1829 non
487 1806 530 1830 est
550 1802 665 1837 nugari?
684 1802 830 1829 Sermones
845 1802 918 1828 enim

134 1848 156 1875 si
173 1856 207 1876 ex
221 1849 276 1876 Deo
297 1854 371 1881 sunt,
390 1856 422 1876 eo
443 1849 502 1884 ipso
517 1849 620 1884 proprii
643 1854 707 1876 sunt
723 1854 751 1877 et
777 1848 918 1876 domestici

134 1893 197 1927 Dei;
219 1894 242 1921 si
259 1902 324 1922 vero
346 1894 419 1926 mali,
435 1895 572 1929 quomodo
609 1894 655 1921 ﬁlii
681 1894 728 1921 Dei
746 1893 920 1921 etiicientur?

135 1939 216 1973 Tum,
228 1941 316 1975 qualis
331 1949 421 1968 sermo
443 1941 619 1976 propheticus
634 1949 667 1968 ex
694 1940 873 1976 sauguinibus
892 1943 921 1967 et

133 1986 273 2013 voluntate
288 1987 338 2013 viri
351 1991 379 2014 et
392 1994 425 2014 ex
444 1988 585 2014 voluntate
600 1987 690 2014 carnis
710 1991 842 2022 pronatus
857 1987 921 2013 est?

134 2031 217 2060 Addit
231 2033 304 2059 enim
319 2042 326 2060 :
345 2032 396 2065 Qui
416 2041 467 2059 non
483 2042 514 2060 ea:
527 2033 709 2068 sunguim’bus,
727 2041 773 2059 nec
788 2042 819 2060 ea;
830 2033 922 2059 volun-

137 2082 193 2104 tate
207 2078 268 2110 viri,
283 2085 329 2104 nec
341 2085 373 2103 ea:
390 2078 522 2104 voluntate
545 2078 642 2111 carnis,
659 2077 703 2104 sed
734 2085 765 2104 ex
789 2077 844 2103 Dea
865 2077 921 2103 nali

134 2129 195 2150 sunt
210 2124 243 2150 ".
259 2123 309 2156 Qui
326 2124 407 2159 igitur
425 2129 490 2151 sunt
502 2124 539 2151 illi
554 2131 696 2151 sermones
708 2144 715 2153 .
731 2131 764 2149 ex
779 2122 921 2158 sanguini—

136 2170 187 2197 bus
204 2170 339 2205 prognati,
358 2174 385 2197 et
397 2171 442 2205 qui
456 2178 509 2196 non
521 2171 532 2197 ?
550 2169 646 2197 Nullus
658 2170 731 2196 enim
745 2176 846 2201 sermo,
863 2168 922 2196 sive

136 2215 235 2249 bonus,
248 2216 306 2243 sive
319 2216 417 2249 malus,
431 2216 488 2243 sive
504 2223 597 2248 verus,
614 2215 672 2242 sive
682 2215 765 2242 falsus
775 2215 820 2248 sit,
835 2214 893 2242 sive
908 2222 922 2241 a

136 2262 219 2291 bono.
239 2262 295 2289 sive
309 2271 324 2289 a
340 2262 411 2290 malo
424 2262 478 2290 Deo
494 2262 695 2297 proficiscatur,
720 2267 794 2288 certe
810 2269 843 2288 ex
858 2268 923 2288 sau-

135 2308 273 2342 guinibus,
284 2308 408 2342 quamvis
421 2309 606 2342 maximopere
631 2307 772 2334 insaniant
784 2307 919 2341 ejusmodi

135 2362 179 2381 res
192 2354 373 2389 proferentes,
384 2359 465 2381 natus
477 2354 593 2382 dicetur.
609 2353 704 2388 Itaque
716 2353 742 2379 iu
761 2353 803 2380 his
814 2352 920 2380 Domini

134 2401 226 2427 verbis
235 2401 387 2435 prophetici
398 2408 539 2428 sermones
552 2400 657 2427 nullum
664 2400 753 2426 locum
766 2399 920 2426 inveniunt.

137 2445 190 2473 Sed
203 2447 312 2480 propria
326 2446 362 2473 ibi
378 2447 495 2481 appellat
510 2446 642 2473 mundum
653 2465 661 2477 ,
676 2445 748 2473 sicut
762 2449 790 2472 et
809 2444 872 2472 alibi
888 2445 922 2472 ad

136 2490 283 2525 discipulos
300 2499 364 2519 suos
375 2492 431 2519 ait:
448 2491 514 2519 Ecce
530 2492 599 2518 venit
614 2492 689 2524 liora,
705 2495 729 2517 et
736 2491 796 2525 jam
807 2491 875 2517 venit
886 2494 914 2516 ut

137 2537 320 2571 disperguntur
334 2537 431 2572 singuli
443 2538 472 2564 in
493 2546 542 2564 ma
563 2537 599 2565 ’°.
614 2537 680 2570 Quae
706 2536 789 2571 igitur
815 2535 852 2563 ibi
875 2543 923 2563 sua

137 2600 288 2663 xw“5l‘;uc.
323 2608 373 2633 ut,
390 2601 432 2628 l7.
487 2601 586 2629 I'Luc.
613 2609 660 2633 xu,
688 2601 732 2628 49.
789 2601 811 2617 ³⁷
828 2600 923 2628 Matth.

926 859 950 889 B

960 239 1063 271 Παῦλος
1077 239 1124 265 καὶ
1138 239 1186 273 τῆς
1205 239 1334 273 ἀληθείας
1355 239 1582 273 ἑπισφραγίζεται
1599 240 1741 274 κήρυγμα.

959 285 1014 311 Καὶ
1033 285 1064 311 τὸ
1085 285 1185 320 ἄχυρον
1212 284 1240 310 δὲ
1265 284 1279 310 ὂ
1304 284 1357 310 τῶν
1390 284 1562 320 ἁμαρτωλῶν
1588 284 1686 320 μηνύει
1712 285 1743 310 τὺ

959 330 1105 365 ἄχρηστον,
1134 330 1192 361 πῶς
1223 330 1304 357 πάλιν
1332 329 1372 365 τῷ
1395 331 1535 365 πλάσματι
1558 331 1742 366 παραδίδωσιν

959 377 998 408 εἰς
1021 376 1132 402 κόλασιν
1157 376 1203 402 τοῦ
1216 375 1329 411 Ἐχθροῦ
1343 385 1350 409 ;
1365 377 1432 411 πυρὶ
1447 377 1501 412 γὰρ
1524 376 1648 411 ἀσϐέστῳ
1675 377 1743 411 φησὶ

961 421 1165 449 κατακαίεσθαι.
1185 422 1239 448 Καὶ
1267 421 1324 453 πῶς
1347 420 1414 457 ἦλθε
1434 422 1489 456 πῦρ
1515 422 1605 457 βαλεῖν
1628 422 1675 448 ἐπὶ
1693 422 1743 457 τὴν

961 467 1011 502 γῆν
1027 468 1040 493 ό
1054 467 1220 501 καθαιρέτης
1240 466 1287 492 τοῦ
1308 466 1434 502 Ἐχθροῦ,
1451 467 1482 494 τὸ
1499 467 1577 502 ἔργον
1603 467 1745 494 πλατύνων

962 513 1010 538 καὶ
1019 511 1107 545 αὔξων
1124 511 1171 538 τοῦ
1184 512 1297 547 Ἐχθροῦ
1311 521 1318 544 ;
1339 513 1396 543 πῶς
1412 513 1441 539 δὲ
1457 513 1504 539 καὶ
1528 512 1691 548 ἡτοίμασται
1707 513 1745 548 τῷ

961 557 1075 592 διαϐόλῳ
1089 558 1119 584 τὺ
1138 557 1204 593 πῦρ,
1220 558 1243 583 εἰ
1260 559 1363 590 ἐκεῖνός
1382 560 1456 585 ἐστιν
1472 559 1487 585 ὁ
1499 558 1595 585 τούτου
1612 559 1744 594 δημιουρ-

961 603 1029 637 γός;
1047 604 1084 630 Oti
1110 603 1163 638 γὰρ
1176 602 1257 635 αὐτὸς
1271 603 1361 638 ἐαυτῷ
1382 603 1431 638 τὴν
1456 604 1578 640 τιμωρὸν
1602 605 1746 638 ὑφίστησιν

961 649 1039 683 δίκην
1057 649 1124 684 (99).
1144 649 1249 680 Ἄλλως
1274 649 1313 680 δὲ,
1342 650 1366 675 εί
1387 649 1424 684 μὴ
1451 650 1480 676 τὸ
1494 650 1561 685 πῦρ,
1586 650 1623 682 ὡς
1648 650 1746 683 ἔοικεν,

963 695 1113 729 ὑπέστησεν
1125 695 1139 720 ὁ
1152 694 1274 730 Ἐχθρὸς,
1291 695 1354 722 οὔτε
1369 696 1403 722 δι’
1417 694 1447 723 οὗ
1461 697 1525 729 τοὺς
1541 698 1746 732 ἀνεπιστρόφως

964 741 1169 776 ἁμαρτάνοντας
1189 741 1310 774 κολάσει,
1328 740 1390 768 οὔτε
1417 742 1498 769 αὐτὸν
1515 743 1618 778 σπορέα
1633 743 1688 770 τῶν
1705 743 1746 775 ζι-

963 786 1073 818 ζανίων,
1093 787 1126 813 δι’
1141 783 1171 813 οὗ
1185 787 1234 822 τὴν
1261 787 1367 814 δικαίαν
1388 788 1565 822 εἰσπράξεται
1583 789 1671 824 δίκην.
1691 789 1748 815 Καὶ

964 832 1036 859 πόσα
1047 832 1079 859 ἄν
1091 841 1132 864 τις
1143 833 1367 868 ἀπαριθμήσαιτο
1387 835 1500 861 τοιαῦτα
1510 844 1517 867 ;

1002 886 1043 914 H'.
1068 887 1138 914 Ἀλλ’
1154 888 1232 923 εἴπερ
1253 887 1323 923 ὠςὴ
1350 889 1509 924 βλάσφημος
1537 889 1584 916 καὶ
1614 890 1747 926 δυσσεϐὴς

966 932 1128 968 θρασύνεται
1151 933 1270 967 γλῶσσα.
1287 935 1322 960 τὰ
1339 935 1447 967 ἐπίγεια
1476 936 1524 961 τοῦ
1542 935 1676 970 Πονηροῦ,
1691 936 1748 967 πῶς

965 979 1040 1012 λέγει
1056 978 1125 1005 αὐτὰ
1139 979 1191 1006 ἴδια
1204 980 1217 1005 ὁ
1229 979 1318 1011 κοινὸς
1331 979 1408 1015 ἡμῶν
1417 981 1556 1015 Δεσπότης
1571 981 1618 1007 καὶ
1632 982 1746 1018 Σωτήρ;

965 1028 1017 1059 Εἰς
1033 1026 1070 1052 τὰ
1090 1026 1151 1053 Ζδια
1163 1027 1218 1061 γὰρ
1232 1025 1316 1062 ἦλθε,
1330 1028 1406 1062 φησι,
1422 1028 1470 1054 καὶ
1486 1029 1512 1055 οι
1524 1028 1592 1055 ἴδιοι
1604 1029 1698 1056 αὐτὸν
1712 1030 1748 1056 οῠ

966 1071 1149 1106 παρέλαϐον.
1176 1073 1205 1099 El
1218 1072 1246 1098 δὲ
1255 1072 1358 1106 λέγοιεν
1370 1074 1395 1099 οἱ
1407 1074 1567 1105 ἀποστάται,
1578 1073 1631 1101 ἴδια
1648 1075 1697 1110 μὲν
1708 1073 1748 1101 εἶ-

965 1126 1009 1144 ναι
1022 1119 1084 1148 τοὺς
1099 1119 1283 1153 προφητικοὺς
1294 1119 1386 1152 λόγους
1398 1120 1446 1154 (1),
1461 1120 1547 1146 ἐλθεῖν
1560 1120 1587 1146 δὲ
1597 1122 1635 1152 εἰς
1651 1122 1748 1152 αὐτοὺς

965 1162 1010 1188 τὸν
1024 1163 1150 1197 Χριστὺν,
1166 1164 1286 1195 ἐκείνους
1309 1164 1336 1190 δὲ
1355 1164 1449 1191 τοῦτον
1467 1165 1504 1200 μὴ
1525 1166 1728 1200 παραδέξασθαι
1740 1175 1747 1182 ·

966 1209 1016 1243 ὃρα
1038 1209 1086 1244 τὴν
1103 1209 1325 1244 ὑπερϐάλλουσαν
1351 1210 1444 1236 αὐτῶν
1472 1211 1565 1238 ἄνοιαν
1597 1212 1645 1238 καὶ
1671 1213 1750 1238 ἀναι-

967 1254 1104 1289 σχυντίαν.
1119 1254 1230 1290 Πρῶτον
1247 1255 1296 1289 μὲν
1313 1255 1371 1286 πῶς
1390 1255 1499 1288 λέγουσι
1520 1256 1584 1287 τοὺς
1617 1265 1750 1291 προφητι..

965 1298 1031 1329 κοὺς
1042 1298 1136 1331 λόγους
1162 1298 1244 1330 ἰδίους
1262 1296 1332 1324 εἶναι
1354 1298 1401 1324 τοῦ
1419 1299 1550 1333 Χριστοῦ,
1570 1299 1669 1330 αὐτοὺς
1687 1299 1749 1330 τοὺς

966 1343 1109 1378 προφήτας
1122 1343 1247 1377 λέγοντες
1272 1343 1385 1378 πλάσμα
1399 1352 1428 1369 τε
1449 1342 1517 1370 εἶναι
1535 1343 1582 1370 καὶ
1606 1345 1750 1370 ἐπίπνοιαν

966 1388 1090 1423 δέχεσθαι
1105 1388 1151 1415 τοῦ
1167 1389 1308 1425 Πονηρθῦ;
1339 1389 1470 1425 Δεύτερον
1485 1390 1524 1422 δὲ,
1548 1390 1605 1421 πῶς
1630 1392 1668 1422 εἰς
1688 1392 1751 1423 τοὺς

968 1436 1153 1470 προφητικοὺς
1168 1435 1264 1469 λόγους
1281 1433 1363 1471 ἦλθεν
1383 1437 1396 1462 ὀ
1418 1437 1554 1472 Χριστός;
1571 1437 1681 1472 Πρῶτον
1702 1438 1751 1472 μὲν

967 1481 1022 1514 γὰρ
1040 1480 1080 1511 είς
1095 1480 1253 1516 ἀλλοτρίους
1275 1478 1352 1516 ἦλθε,
1371 1481 1442 1507 κατὰ
1463 1481 1508 1507 τὸν
1531 1482 1642 1508 ἐκείνοιν
1656 1482 1750 1516 λόγον·

967 1526 1107 1562 ἀλλότριον
1144 1526 1198 1561 γὰρ
1218 1527 1243 1552 οἰ
1266 1527 1431 1562 προφητικοὶ
1454 1527 1538 1561 λόγοι,
1555 1527 1592 1558 ὡς
1616 1528 1646 1559 ἐξ
1672 1528 1751 1554 ἀλλος

966 1572 1042 1607 τρίου
1057 1573 1252 1607 ἐμπνεόμενοι,
1278 1573 1325 1600 καὶ
1341 1573 1390 1600 οὐκ
1418 1574 1450 1599 ὲκ
1470 1574 1517 1600 τοῦ
1534 1573 1639 1605 ἀγαθοῦ
1673 1574 1750 1600 Θεοῦ.

949 1639 952 1642 .
968 1619 1082 1645 Ἔπειτα
1096 1619 1123 1644 δὲ
1141 1619 1199 1650 πῶς
1214 1618 1339 1646 δύνανται
1354 1620 1423 1651 ὅλως
1439 1620 1499 1646 ἴδιοι
1511 1617 1581 1646 εἶναι
1601 1621 1625 1646 οἱ
1644 1629 1754 1655 προφη-

965 1665 1037 1691 τικοὶ
1044 1664 1117 1698 λόγοι
1134 1664 1180 1691 τοῦ
1192 1664 1320 1699 Χριστοῦ,
1337 1665 1434 1697 οἵτινες
1443 1666 1492 1692 οὐκ
1506 1665 1630 1698 ἐδέξαντο
1644 1666 1726 1692 αὐτόν
1740 1675 1747 1698 ;

966 1711 1048 1744 Λέγει
1060 1711 1124 1745 γὰρ,
1147 1711 1200 1743 Εἰς
1212 1710 1248 1737 τὰ
1262 1710 1323 1739 ἴδια
1347 1709 1432 1746 ἦλθε,
1455 1711 1505 1738 καὶ
1523 1713 1549 1738 οὶ
1569 1711 1637 1738 ἴδιοι
1661 1712 1754 1738 αὐτὸν

967 1757 1003 1783 οὺ
1017 1756 1196 1791 παρέλαϐον.
1228 1757 1288 1783 Ἔτι
1317 1757 1344 1783 δὲ
1370 1758 1445 1789 τινας
1473 1757 1573 1784 ἔδωκεν
1597 1758 1611 1783 ὁ
1635 1757 1753 1793 Χριστὸς

967 1803 1092 1835 ἐξουσίαν
1106 1803 1190 1829 τέκνα
1204 1803 1272 1830 Θεοῦ
1289 1803 1433 1838 γενέσθαι;
1460 1802 1514 1840 ἆρα
1539 1805 1602 1836 τοὺς
1616 1812 1751 1838 προφητι-

969 1849 1033 1880 xei);
1044 1849 1225 1882 λόγους;Καὶ
1245 1849 1303 1881 πῶς
1327 1851 1357 1876 οὐ
1377 1850 1481 1885 μακρὸς
1505 1850 1587 1884 λῆρος
1602 1850 1700 1882 τοῦτο;
1721 1851 1752 1876 Ui.

968 1895 1042 1929 λόγοι
1057 1896 1122 1930 γὰρ,
1142 1897 1167 1922 εἰ
1190 1896 1239 1930 μὲν
1260 1896 1292 1922 ὲκ
1307 1896 1374 1922 Θεοῦ
1388 1897 1468 1927 εἰσιν,
1483 1897 1595 1923 αὐτόθεν
1618 1896 1708 1931 ἔχουσι
1725 1897 1755 1922 τὸ

971 1941 1040 1968 εἶναι
1059 1942 1155 1968 οἰκεῖοι
1176 1941 1261 1968 Θεοῦ·
1276 1942 1299 1968 ει
1325 1942 1353 1967 δὲ
1375 1942 1498 1977 πονηροὶ..
1522 1942 1580 1973 πῶς
1604 1941 1636 1968 ἂν
1653 1950 1754 1968 τεκνω-

971 1987 1043 2014 θεῖεν
1059 1987 1137 2022 (Qui);
1155 1988 1214 2013 Ἔτι
1237 1987 1276 2019 δὲ,
1301 1989 1377 2018 ποῖος
1402 1987 1451 2021 μὲν
1477 1987 1555 2021 λόγος
1583 1987 1754 2024 προφητικδς

971 2033 1001 2065 ἐξ
1020 2033 1143 2068 αἱμάτων
1161 2033 1209 2060 καὶ
1221 2033 1252 2059 ὲκ
1263 2033 1416 2068 θελήματος
1432 2034 1537 2069 ἀνδρὸς,
1556 2035 1603 2060 καὶ
1625 2035 1656 2060 ἐκ
1676 2033 1755 2068 θελή-

974 2088 1057 2114 ματος
1075 2079 1175 2114 σαρκδς
1190 2079 1340 2115 ὲγεννήθη;
1363 2080 1476 2114 Ἐπάγει
1493 2081 1546 2115 γάρ
1559 2089 1566 2095 ⁸
1586 2080 1618 2106 Οἳ
1635 2082 1691 2107 οὐκ
1721 2079 1755 2112 ἐξ

972 2124 1112 2158 αἱμάτων,
1128 2125 1199 2151 οὐδὲ
1217 2125 1252 2151 ἐκ
1275 2125 1441 2159 θελήματος
1470 2126 1590 2160 ἀνδρὸς,
1627 2126 1699 2153 οὐδὲ
1722 2126 1755 2152 ἐκ

973 2169 1139 2205 θελήματος
1148 2169 1272 2204 σαρκὸς.
1285 2170 1354 2198 ἀλλ’
1382 2171 1415 2197 ἐκ
1442 2171 1516 2198 Θεοῦ
1534 2172 1755 2205 ἐγεννήθησαν.

941 2214 962 2240 D
976 2216 1053 2247 Τίνες
1067 2213 1113 2242 οὖν
1126 2216 1151 2242 οἱ
1169 2216 1197 2248 ἐξ
1225 2217 1350 2251 αἱμάτων
1377 2218 1570 2252 γεγεννημένοι
1597 2217 1690 2250 λόγοις
1711 2217 1755 2243 καὶ

971 2261 1042 2292 τίνες
1065 2261 1089 2287 οἱ
1114 2262 1150 2296 μή
1164 2270 1171 2294 ;
1187 2262 1280 2293 Οὐδεὶς
1296 2263 1350 2297 γὰρ
1366 2262 1454 2296 λόγος,
1473 2261 1534 2288 οὒτε
1554 2263 1667 2296 ἀγαθὸς,
1695 2262 1756 2288 οὒτε

972 2306 1100 2341 πονηρὸς,
1116 2306 1172 2332 ἀλλ’
1184 2305 1245 2332 οὔτε
1258 2306 1372 2341 ἀληθὴς,
1391 2306 1452 2333 οὔτε
1474 2306 1583 2341 ψευδὴς,
1600 2306 1650 2333 κᾶν
1663 2307 1696 2332 ἐκ
1710 2306 1757 2332 τοῦ

971 2352 1074 2385 ἀγαθοῦ
1090 2352 1156 2379 Θεοῦ
1173 2353 1307 2389 πρόεισιν,
1321 2352 1371 2379 κᾶν
1395 2354 1426 2379 ἐκ
1444 2352 1491 2378 τοῦ
1505 2352 1634 2388 πονηροῦ,
1661 2354 1691 2378 οὐ
1710 2361 1756 2386 με-

971 2397 1033 2424 νοῦν
1048 2398 1077 2431 ἐξ
1091 2399 1226 2432 αἱμάτων,
1258 2400 1282 2425 εἰ
1309 2399 1355 2425 καὶ
1381 2399 1462 2426 πλέον
1492 2399 1610 2432 μανῶσιν
1628 2399 1652 2425 οἱ
1671 2400 1756 2425 ταῦτα

971 2444 1108 2479 λέγοντες,
1123 2446 1163 2476 {ob
1187 2446 1361 2480 γεγέννηται.
1386 2446 1468 2472 Ὥστε
1484 2446 1575 2481 χώραν
1605 2447 1633 2472 ἐν
1654 2446 1757 2477 τούτοις

971 2492 1029 2522 τοῖς
1045 2492 1220 2523 Δεσποτικοῐς
1243 2492 1363 2526 ῥήμασιν
1389 2491 1515 2526 οὐδεμίαν
1542 2493 1566 2518 οῑ
1588 2492 1756 2527 προφητικοὶ

971 2537 1045 2571 λόγοι
1059 2537 1255 2572 λαμϐάνουσιν.
1285 2537 1355 2564 Ἀλλ’
1381 2537 1434 2564 ἴδια
1456 2538 1506 2573 μὲν
1530 2538 1607 2565 καλεῖ
1633 2538 1678 2564 τὸν
1707 2537 1753 2564 κό-

953 2610 1015 2635 xxv,
1042 2602 1087 2629 Η.
1143 2602 1165 2618 ’⁸
1190 2601 1268 2629 Joan.
1294 2603 1376 2636 ι,1Ι.
1434 2603 1457 2619 ’ν
1472 2602 1536 2630 ibid.
1558 2604 1602 2631 50.
1641 2603 1662 2618 "‘
1678 2602 1755 2629 Joau.

673 2693 789 2722 VARUE
815 2692 1006 2720 LECTIONES
1025 2692 1068 2720 ΕΤ
1084 2693 1201 2722 ΝΟΤᾸΕ.

174 2759 229 2796 (99)
243 2761 343 2793 Δίκην.
352 2760 392 2788 Ita
403 2768 512 2796 quoque
523 2766 727 2796 argumentatur
739 2761 827 2790 Titus,
844 2760 891 2788 lib.
902 2767 922 2791 1,

139 2795 210 2831 apud
229 2796 264 2822 cl.
294 2795 418 2831 Basnag.'
435 2795 520 2830 p.785
535 2804 541 2822 :
559 2795 641 2822 ⁷Ἰδοὺ
661 2797 691 2822 τὸ
714 2797 769 2830 πῦρ
797 2796 877 2822 ἑαυτὸ
892 2795 922 2822 οὺ

140 2830 224 2857 καίει·
242 2830 334 2865 ἕτερον
347 2832 402 2866 γὰρ
415 2831 462 2857 καὶ
479 2832 528 2865 οὐχ
547 2831 780 2866 ἑαυτξινὰναλὼσει.

179 2865 436 2900 (ηιιροφητικοὺς
465 2866 586 2901 λόγους.
616 2865 685 2893 Iliuc
712 2872 785 2894 recte
814 2866 924 2902 colligas

972 2759 1098 2789 homines
1109 2762 1258 2789 infrunitos
1271 2762 1305 2788 τὰ
1321 2762 1376 2789 ῐδια
1397 2763 1425 2789 in
1436 2767 1490 2789 tam
1511 2762 1629 2789 alienum
1646 2769 1756 2788 sensum

971 2795 1139 2858 gctrirquere
1155 2798 1262 2830 solitos,
1276 2805 1357 2832 quem
1372 2798 1417 2825 vix
1429 2797 1588 2825 somniando
1603 2796 1664 2831 quis
1691 2804 1756 2830 pro-

991 2836 1053 2858 artt.

991 2836 1053 2858 πη.
