1930 3079
169 148 201 178 sn
696 143 847 174 CONTRA
866 139 1095 171 MANICHiEOS
1112 139 1229 169 LIBER
1246 138 1272 169 ι.
1752 144 1791 176 93

170 207 240 234 σμον
250 198 299 234 (2),
316 198 353 229 ὥς
366 205 416 223 που
434 196 481 223 καὶ
497 195 614 231 ἀλλαχοῦ
631 204 697 231 φησι
710 195 778 232 πρὸς
792 196 854 227 τοὺς
868 196 951 231 μαοη-

1006 193 1105 221 vocat?
1130 201 1193 220 num
1212 200 1352 221 sermones
1370 193 1565 229 propheticos?
1581 202 1616 222 an
1639 198 1791 231 possessio—

167 246 231 277 τάς·
257 245 331 273 Ἰδοὺ
344 244 461 278 ἔρχεται
477 242 547 277 ὥρα,
577 243 626 269 καὶ
647 242 705 269 νῦν
730 242 892 275 ἐλήλυθεν,
905 242 955 268 ἵνα

167 288 382 323 σκορπισθῆτε,
396 289 525 321 ἕκαστος
538 290 581 321 εἰς
594 287 631 314 τὰ
649 288 718 314 ἴδια.
735 288 802 314 Ποῖα
827 285 874 314 οὖν
901 287 955 314 ἴδια

168 335 241 369 λέγει
257 334 390 367 ἐνταῦθςι;
416 333 471 370 ἆρα
496 334 559 366 τοὺς
588 335 775 369 προφητικοὺς
795 333 953 376 λόγουςλῆ

167 379 291 415 δηλονότι
317 379 348 405 τὸ
376 379 467 414 κτῆμα.
485 379 533 404 ’καὶ
556 379 606 413 τὴν
642 378 784 404 κατοικίαν
822 377 951 409 ὲκάστου;

169 427 276 460 ’Ὠσπερ
290 423 337 451 οὖν
353 425 470 452 ἐνταῦθα
491 425 545 452 ἴδια
573 425 632 459 οὐχὶ
660 425 731 451 κατὰ
746 424 792 451 τὸν
813 423 954 459 μεμηνότα

167 471 249 506 λῆρον
271 473 334 502 τοὺς
369 471 556 507 προφητικοὺς
582 470 677 504 λόγους
707 469 793 504 λέγει,
825 468 893 496 ἀλλὰ
923 468 954 495 τὸ

168 517 283 543 ἑκάστου
315 517 408 552 κτῆμα.
437 518 483 543 καὶ
510 517 560 552 τὴν
589 517 658 544 ἰδίαν
680 517 769 543 οὶκίαν
798 516 880 542 οὕτω·
905 515 953 542 καὶ

168 565 279 590 ἐπειδὰν
290 564 367 599 λέγῃ”
385 566 436 597 Εἰς
447 564 483 590 τὰ
501 564 562 590 tota
572 562 655 599 ἦλθε,
672 563 720 590 καὶ
737 565 764 590 οἱ
774 563 844 589 ἴδιοι
859 562 953 590 αὐτὸν

161 611 202 636 οὐ
220 610 402 643 παρέλαϐον,
417 611 471 637 ἴδια
484 611 535 645 μὲν
546 610 591 637 τὸν
603 610 731 645 αἰσθητὸν
752 612 854 645 κόσμον
866 610 951 644 λέγει’

167 656 258 690 κτῆμα
275 657 330 691 γὰρ
349 656 432 682 αὐτοῦ
458 656 504 682 καὶ
521 657 627 691 ποίημα
655 653 749 687 οὗτος*
767 655 899 687 ὡσαύτως
924 655 952 681 δὲ

166 701 214 727 καὶ
228 702 294 727 οίὲν
309 701 393 735 αὐτῷ,
419 698 456 728 ὧν
481 702 505 728 οἱ
521 702 585 736 ξμὲν
609 702 764 737 παρέλαϐον
793 701 877 728 αὑτοῦ
903 701 952 737 τὴν

165 738 373 781 μύσταγωγίαν,
397 749 421 774 οῑ
438 748 466 774 δὲ
483 748 523 776 οὗ.
539 749 593 775 Καὶ
617 748 735 784 ἀλλαχοῦ
763 748 845 775 πάλιν
871 748 953 779 αὐτὸς

165 794 179 819 ὀ
207 793 310 828 Ἰησοῦς
335 795 349 820 ό
379 795 475 830 Σωτὴρ
503 795 581 831 ὴμῶν
610 795 660 830 τὴν
691 795 760 822 ἰδίαν
782 795 951 830 περιτρέχων

165 838 294 873 πατρίδα,
311 839 357 864 καὶ
385 839 434 874 τὴν
457 839 548 866 αἰτίαν
559 839 610 874 τῆς
626 840 794 876 περιδρομῆς
809 839 952 871 ἀποδιδους

163 884 338 920 ἐμαρτύρησε
353 884 451 919 λέγων,
480 885 521 912 ὅτι
548 886 707 919 Προφήτης
721 885 755 912 ἐν
769 885 807 920 τῇ
823 885 882 918 ὶδὶᾳ
897 891 952 911 πα-

164 929 241 963 τρὶδι
273 930 362 964 τιμὴν
388 932 443 957 οὐκ
467 931 541 965 ἔχει.
574 932 696 967 Φανερᾶς
723 931 813 958 τοίνυν
835 939 952 966 γεγενη-

166 975 249 1010 μένης
287 976 336 1011 τῆς
379 977 471 1012 φωνῆς
507 977 537 1009 ἐξ
570 977 659 1004 αὐτῶν
686 976 740 1004 τῶν
769 977 952 1012 εὐαγγελικῶν

165 1021 297 1055 ῥημάτων
313 1022 366 1056 τῆς
376 1023 563 1057 σημαινούσης
579 1023 615 1049 τὰ
627 1023 698 1056 ἴδια,
720 1024 761 1050 ὅτι
781 1023 826 1049 τὸν
850 1024 951 1058 κόσμον

165 1069 212 1094 καὶ
225 1068 274 1103 τὴν
289 1069 319 1094 ὲν
347 1068 385 1103 τῷ
405 1069 500 1105 κόσμῳ
526 1070 642 1105 πατρίδα
661 1071 677 1105 ἢ
705 1070 736 1098 τὸ
751 1070 843 1105 κτῆμα
859 1070 950 1105 δηλοῖο

164 1115 224 1147 πῶς
243 1116 275 1142 οὑ
293 1119 431 1151 μεμήνασι
449 1118 639 1154 φανερώτερον
651 1119 675 1144 οἱ
687 1118 756 1153 πρὸς
782 1118 883 1153 μύθους
903 1118 952 1144 καὶ

164 1160 265 1196 λήρους
290 1164 323 1188 τὰ
346 1162 416 1189 οὕτω
435 1165 572 1198 περιφανῆ
602 1164 856 1198 καταστρέφοντες;
891 1163 952 1189 Τῶν

165 1207 230 1240 γοῦν
245 1208 417 1234 Δεσποτικῶν
444 1208 541 1242 λογίων
563 1209 616 1235 ῐδια
643 1209 692 1244 μὲν
717 1209 764 1235 τοῦ
789 1208 891 1244 Κυρίου
907 1209 952 1235 τὸν

166 1253 267 1287 κόσμον
282 1253 426 1287 λεγόντων,
450 1254 532 1285 ialm);
561 1254 590 1280 δὲ
615 1255 680 1286 τοὺς
708 1255 737 1280 ὲν
752 1253 836 1288 αὐτῷ,
857 1253 907 1280 κᾶν
922 1262 952 1280 τε

164 1297 263 1324 ἔλαϐον
282 1299 374 1331 αὑτὸν.
390 1299 441 1326 κᾶν
454 1307 483 1325 τε
501 1300 538 1335 μὴ
551 1299 585 1335 (οἱ
606 1300 654 1335 μὲν
669 1300 722 1335 γὰρ
733 1299 860 1331 λαϐόντες
884 1299 953 1334 μετὰ

163 1346 212 1372 τοῦ
231 1345 301 1374 εἶναι
331 1347 392 1374 ἴδιοι
417 1348 455 1378 ὡς
488 1348 630 1383 ποιήματα
645 1347 738 1380 αὑτοῦ,
765 1349 812 1374 καὶ
834 1347 951 1375 ἐτεκνὼ-

164 1392 252 1428 οησαν
282 1393 366 1428 αὐτῷ,
393 1393 536 1428 δεξάμενοι
561 1394 606 1420 τὸν
632 1394 680 1420 ἐπὶ
704 1395 737 1429 τῇ
766 1392 840 1428 σφῶν
861 1393 951 1419 αὐτῶν

165 1438 288 1474 σωτηρίᾳ
314 1439 538 1474 παρα-γεγονότα·
566 1439 590 1466 οἱ
619 1439 648 1466 δὲ
677 1439 715 1474 μὴ
745 1438 951 1474 παραλαϐόντες

164 1483 255 1515 αὑτὸν,
274 1484 324 1510 κᾶν
341 1484 401 1510 ἴδιοι
414 1481 492 1517 ὦσιν,
521 1485 558 1516 ὡς
580 1484 694 1519 πλάσμα
718 1484 811 1516 αὑτοῦ,
827 1484 884 1511 ἀλλ’
904 1482 951 1510 οὖν

1005 247 1067 266 nem
1083 243 1110 266 et
1124 240 1235 266 domum
1255 239 1404 275 cujusque?
1423 240 1500 268 Sicut
1519 241 1602 276 igitur
1621 242 1656 269 ibi
1672 252 1720 270 sua
1746 244 1791 279 (τὰ

1006 284 1067 320 ἴδια)
1082 290 1163 320 prout
1174 286 1210 312 illi
1223 285 1332 320 quidem
1347 291 1484 321 nugautur
1494 307 1502 320 ,
1525 296 1580 314 non
1595 289 1714 323 appellat
1731 297 1789 316 ser-

1000 334 1099 358 ‘munes
1112 332 1297 366 propheticos,
1312 332 1360 359 sed
1373 333 1511 367 propriam
1525 335 1659 369 cujusque
1678 336 1789 363 domum

1004 381 1031 404 et
1042 377 1197 409 facultates,
1212 378 1248 405 ita
1264 383 1290 405 et
1302 399 1309 411 ,
1326 379 1435 413 quando
1447 379 1533 408 dixit:
1558 380 1592 407 In
1606 389 1655 407 sua
1671 383 1751 415 venit,
1765 387 1791 409 et

1003 425 1044 451 sui
1057 432 1109 451 non
1121 428 1271 458 receperunt
1286 433 1345 451 eum
1356 445 1364 458 ,
1389 433 1438 452 sua
1452 426 1561 460 quidem
1574 427 1707 454 mundum
1724 436 1790 455 sen-

1004 469 1110 496 sibilem
1127 473 1223 502 vocat;
1244 470 1380 504 possessio
1395 470 1467 497 enim
1487 471 1546 506 ejus
1561 477 1588 499 et
1602 478 1725 501 creatura
1745 474 1789 502 ille

1003 515 1147 542 estzsicut
1160 519 1186 541 et
1199 514 1260 546 isti,
1285 515 1330 549 qui
1355 515 1381 541 in
1398 522 1431 542 eo
1449 520 1523 549 sunt,
1552 521 1580 544 et
1606 526 1720 552 quorum
1744 519 1788 546 alii

1003 561 1153 588 doctrinam
1164 561 1224 595 ejus
1238 565 1410 596 receperunt,
1427 562 1472 588 alii
1487 562 1588 590 minus.
1600 564 1668 591 Alibi
1680 573 1789 600 quoque

1003 607 1061 642 ipse
1076 606 1155 634 Jesus
1179 607 1307 634 Servator
1335 612 1428 634 noster
1447 616 1522 635 suam
1548 609 1712 638 circumiens
1739 619 1789 646 pa-

1004 653 1094 685 triam,
1109 658 1189 688 atque
1204 654 1286 688 hujus
1309 653 1350 680 sui
1366 654 1483 680 instituti
1509 655 1641 682 rationem
1665 657 1789 684 redditu-

1003 707 1059 732 rus,
1077 704 1190 727 testatus
1207 704 1250 727 est
1279 699 1392 727 dicens:
1426 699 1564 734 Propheta
1576 702 1602 727 in
1626 695 1715 736 patria
1740 711 1789 730 sua

1002 745 1128 772 honorem
1145 754 1197 772 non
1211 745 1287 772 habet
1310 746 1343 773 ³⁸.
1366 747 1434 773 Cum
1459 747 1550 782 itaque
1574 747 1657 775 dictio
1684 749 1742 776 haec
1756 757 1789 776 ex

1003 791 1071 826 ipsis
1083 791 1220 827 Evangelii
1234 792 1326 819 verbis
1341 792 1377 819 ita
1395 793 1528 820 illustrata
1549 794 1594 825 sit,
1609 798 1639 820 ut
1655 802 1704 829 per
1727 803 1789 829 pro-

1003 836 1063 871 pria
1077 837 1210 863 mundum
1221 857 1228 868 ,
1245 841 1272 864 et
1290 845 1350 871 qua:
1370 837 1398 864 in
1415 845 1448 865 eo
1462 842 1522 871 est,
1540 839 1654 873 patriam
1673 840 1789 868 indicari

1002 886 1149 917 appareat;
1162 890 1253 910 nonne
1270 883 1413 910 manifeste
1425 884 1574 917 insaniunt,
1591 885 1635 919 qui
1651 890 1703 912 tam
1716 886 1788 913 clara

1002 929 1111 956 oracula
1127 929 1161 956 ad
1177 929 1293 964 ineptias
1307 935 1334 957 et
1348 937 1433 965 nugas
1450 930 1640 958 transferunt?
1653 931 1788 965 Quoniam

1002 974 1086 1010 igitur
1099 975 1204 1002 Domini
1218 975 1300 1002 verba
1326 976 1436 1010 propria
1451 976 1558 1003 Domini
1587 979 1718 1005 mundum
1739 987 1788 1006 vo-

1001 1026 1076 1055 cant,
1090 1023 1215 1057 proprios
1226 1030 1291 1049 vero
1303 1023 1374 1057 ejus,
1390 1023 1435 1057 qui
1456 1023 1483 1050 in
1501 1032 1534 1051 eo
1549 1029 1622 1058 sunt,
1637 1025 1694 1052 sive
1710 1033 1786 1052 rece-

1002 1067 1176 1102 perinteum,
1193 1068 1250 1094 sive
1264 1068 1356 1095 minus
1369 1070 1442 1103 (nam
1458 1070 1504 1103 qui
1520 1074 1691 1105 receperunt,
1711 1076 1787 1105 post-

1002 1121 1093 1148 quam,
1107 1117 1136 1140 ut
1146 1117 1288 1145 creaturae,
1303 1114 1427 1148 ejnsjam
1441 1114 1559 1147 fuerant,
1572 1115 1653 1142 etiam
1666 1115 1711 1142 lilii
1727 1116 1787 1150 ejus

1002 1160 1090 1187 elIecti
1106 1164 1180 1192 sunt,
1193 1168 1274 1195 quam
1290 1161 1408 1195 primum
1425 1168 1506 1191 eum,
1528 1161 1574 1195 qtti
1601 1161 1696 1189 salutis
1712 1162 1787 1196 ipso-

1002 1214 1061 1233 rum
1074 1214 1155 1233 causa
1168 1211 1289 1238 venerat,
1308 1206 1427 1241 amplexi
1439 1211 1520 1234 sunt:
1537 1207 1584 1241 qui
1597 1215 1661 1235 vero
1672 1216 1727 1235 non
1745 1216 1788 1236 re-

1002 1255 1144 1285 ceperunt,
1159 1251 1283 1286 quamvis
1302 1252 1405 1286 proprii
1424 1252 1490 1283 sint,
1507 1255 1637 1286 tanquam
1661 1256 1786 1280 creatura

1001 1297 1072 1331 ejus,
1090 1297 1139 1329 illi,
1156 1305 1210 1323 non
1241 1297 1414 1332 recipientes,
1445 1297 1550 1332 seipsos
1563 1297 1694 1333 dignitate
1719 1298 1789 1325 tilio-

1002 1351 1062 1370 rum
1089 1342 1270 1377 spiritualium
1292 1343 1456 1377 privarunt),
1474 1343 1602 1377 quoniam
1620 1364 1627 1376 ,
1658 1345 1767 1378 inquam
1779 1365 1788 1378 ,

1002 1389 1157 1423 evangelica
1180 1389 1262 1415 verba
1283 1390 1391 1422 propria
1408 1393 1433 1415 et
1454 1389 1574 1423 proprios
1597 1389 1633 1416 ita
1655 1389 1789 1425 interpre-

1002 1437 1103 1466 tantur,
1119 1435 1255 1468 quomodo
1270 1442 1323 1461 non
1334 1434 1533 1462 abominandns
1541 1439 1582 1462 est
1591 1443 1686 1462 eorum
1699 1444 1786 1470 error,

1002 1480 1047 1514 qui
1064 1480 1144 1507 aliam
1160 1481 1299 1507 notionem
1315 1481 1405 1508 verbis
1428 1481 1599 1516 subjiciunt?
1615 1482 1693 1514 Quod
1723 1491 1788 1510 vero

163 1530 193 1555 οὗ
209 1530 427 1565 παραδεξάμενοι
440 1530 532 1562 αὐτὸν,
548 1531 596 1566 τῆς
612 1530 742 1565 δευτέρας
766 1531 812 1557 καὶ
829 1538 951 1566 πνευμα-

1003 1529 1108 1562 propria
1125 1528 1256 1555 mundum
1277 1533 1364 1562 vocet,
1384 1529 1446 1557 inde
1462 1530 1544 1557 etiam
1559 1530 1709 1558 clarissime
1727 1540 1790 1567 per-

164 1576 243 1610 τικῆς
264 1575 399 1606 υἱοθεσίας
427 1576 601 1608 ἀπεξὲνωσαν
629 1576 769 1612 ὲαυτούς)·
789 1576 860 1603 οὕτω
885 1576 951 1610 γοῦν

163 1620 217 1646 τῶν
234 1621 334 1655 λογίων
346 1621 379 1647 τὰ
395 1621 455 1648 ἴδια
472 1621 519 1648 καὶ
533 1622 596 1653 τοὺς
613 1621 709 1655 ἰδίους
732 1622 949 1658 ἐρμηνευόντων,

165 1665 224 1697 πῶς
243 1666 272 1692 οὐ
286 1666 429 1701 βδελυκτὺν
442 1667 491 1701 τῆς
507 1668 614 1702 πλάνης
630 1668 722 1702 ἕτερόν
739 1676 764 1693 τι
781 1669 837 1699 τοῖς
858 1668 950 1703 ῥήμα-

166 1720 206 1738 σιν
219 1712 451 1747 ὑποδαλλόμενοι;
470 1713 531 1739 Ὅτι
553 1713 581 1739 δὲ
597 1713 657 1740 ἴδια
680 1713 726 1740 τὸν
753 1713 855 1748 κόσμον
871 1713 949 1748 φησὶ,

164 1758 212 1784 sui.
229 1759 260 1784 ἐκ
290 1759 395 1785 τούτων
424 1759 482 1785 ἔστι
511 1759 605 1792 σαφῶς
639 1761 763 1794 συνορᾷν.
793 1758 853 1787 Ἦν
883 1759 949 1794 γὰρ.

166 1804 243 1837 φησὶ,
258 1803 291 1830 τὸ
307 1804 370 1838 φῶς
384 1804 418 1831 τὸ
435 1805 592 1838 ἀληθινὸν,
616 1805 632 1831 ὂ
651 1804 767 1839 φωτίζει
784 1804 882 1831 πάντα
897 1804 951 1831 ἅν-

163 1851 283 1882 θρωπον
296 1850 460 1884 ἐρχόμενον
474 1852 515 1882 εις
530 1851 584 1876 τὸν
596 1851 721 1883 κόσμον.
739 1851 818 1876 Ποῖον
830 1851 949 1885 κόσμον;

164 1894 288 1929 δηλονότι
319 1895 364 1921 τὸν
392 1895 531 1929 αἰσθητόν.
560 1895 614 1921 Καὶ
643 1896 708 1921 πότε
736 1895 883 1929 ἐφώτισεν;
907 1896 951 1921 ὅτε

165 1941 355 1975 παραγέγονεν
381 1942 410 1967 ἐν
441 1940 525 1976 αὐτῷ.
555 1941 623 1967 Πότε
655 1941 683 1967 δὲ
706 1941 897 1976 παραγέγονε;
915 1942 951 1967 Τὸ

165 1985 332 2020 Εὐαγγὲλιον
452 1988 503 2013 Ἐν
528 1986 568 2019 τῷ
593 1988 695 2021 κόσμῳ
715 1987 769 2022 γὰρ
788 1986 836 2023 ἦν,
862 1989 949 2022 φησί’

164 2033 274 2064 πάντως
288 2033 343 2068 γὰρ
355 2035 384 2059 ὲν
394 2032 432 2068 τῷ
447 2033 569 2068 αἰσθητῷ
579 2034 674 2069 κόσμῳ
691 2033 728 2060 ὢν
744 2035 790 2060 τὸν
803 2034 951 2070 ἐρχόμενον

163 2080 203 2109 εἰς
218 2079 263 2105 τὸν
279 2079 408 2114 αἰσθητὸν
421 2079 522 2113 κόσμον
546 2080 689 2114 ἐφώτιζεν.
706 2078 773 2107 Εἶτα
794 2081 867 2111 τίνος
889 2078 923 2116 ἦν
937 2082 951 2107 ό

164 2124 266 2159 κόσμος
283 2125 397 2160 ποίημα,
420 2126 448 2151 ἐν
493 2134 523 2151 τε
539 2126 620 2157 αὐτὸς
632 2124 676 2161 ἦν,
692 2127 739 2153 καὶ
750 2127 795 2153 τὸν
805 2127 950 2162 ἐρχόμενον

164 2171 203 2201 εἰς
216 2171 295 2196 αὑτὸν
322 2171 360 2205 (5)
385 2171 527 2205 ἐφώτιζεν,
561 2172 611 2197 οὐκ
639 2171 750 2198 ἄλλοθεν
772 2171 828 2198 ἐστι
855 2172 950 2206 μαθεῖν

1003 1573 1068 1608 spici
1093 1579 1193 1608 potest.
1222 1574 1289 1601 Erat
1315 1576 1403 1607 enim,
1432 1576 1544 1610 inquit,
1573 1577 1618 1604 lux
1641 1585 1713 1611 vera,
1731 1587 1789 1614 quae

1002 1619 1135 1646 illuminat
1159 1621 1289 1648 hominem
1316 1630 1419 1648 attinent
1460 1623 1488 1648 in
1522 1624 1650 1650 mundum
1683 1625 1789 1652 venien—

1002 1669 1052 1692 tem
1081 1666 1115 1693 “.
1146 1666 1232 1699 Quem
1269 1667 1359 1694 innuit
1390 1669 1546 1695 mundum?
1583 1670 1696 1697 omnino
1720 1678 1784 1698 scn-

1001 1711 1119 1738 sihilem.
1149 1711 1264 1744 Quando
1294 1720 1357 1740 vero
1382 1713 1565 1741 illuminavit?
1587 1723 1649 1742 eum
1672 1716 1699 1743 in
1725 1724 1788 1744 eum

1002 1757 1086 1783 venit.
1125 1757 1239 1789 Quando
1279 1765 1344 1784 vero
1376 1759 1479 1786 venit?
1516 1760 1692 1795 Evangelium
1732 1761 1787 1788 cla-

1000 1808 1076 1829 mat:
1108 1803 1140 1829 In
1176 1804 1272 1830 mundo
1299 1805 1368 1830 enim
1401 1809 1469 1837 erat,
1507 1805 1650 1841 inquiens;
1676 1808 1788 1835 omnino

1001 1848 1108 1875 enirnin
1121 1849 1240 1876 sensibili
1253 1850 1354 1877 mundo
1363 1851 1502 1878 exsistens
1516 1852 1653 1878 hominem
1669 1852 1695 1879 in
1709 1861 1789 1880 mun-

1002 1893 1065 1920 dum
1081 1894 1236 1921 sensibilem
1257 1895 1410 1922 venientem
1427 1896 1598 1924 illuminavit.
1616 1897 1699 1924 Porro
1710 1899 1787 1933 cujus

1002 1939 1084 1967 fuerit
1113 1947 1237 1968 creatura
1263 1942 1391 1974 mundus,
1418 1941 1445 1969 in
1470 1951 1524 1977 quo
1552 1948 1580 1971 et
1600 1944 1657 1978 ipse
1676 1950 1744 1976 erat,
1760 1950 1788 1973 et

1001 1987 1155 2014 venientem
1171 1988 1197 2014 in
1214 1988 1288 2015 illum
1306 1988 1484 2021 illuminabat,
1500 1997 1553 2016 non
1567 1990 1675 2017 aliunde
1687 1992 1787 2019 rectius

1001 2033 1126 2064 discitur,
1144 2041 1225 2068 quam
1241 2042 1273 2061 ex
1289 2034 1354 2069 ipsis
1370 2035 1459 2062 verbis
1475 2036 1657 2070 ovangelicis:
1673 2039 1787 2065 Mundus

1001 2079 1082 2109 enim,
1096 2080 1193 2114 inquit,
1208 2088 1253 2114 per
1266 2080 1350 2114 ipsum
1368 2082 1452 2114 factus
1468 2085 1505 2108 eu
1525 2086 1549 2108 et
1565 2083 1676 2109 mundus
1700 2083 1787 2117 ipsum

1002 2133 1052 2151 non
1069 2126 1186 2160 cognovit
1197 2125 1262 2152 ".ld
1271 2126 1343 2159 quod
1351 2126 1439 2152 simile
1456 2130 1498 2153 est
1517 2126 1594 2153 alteri
1613 2127 1666 2154 illi:
1692 2127 1723 2154 In
1738 2136 1787 2155 sua

1001 2170 1080 2203 venit,
1098 2175 1123 2196 et
1140 2170 1182 2197 sui
1202 2178 1253 2196 non
1276 2175 1429 2204 receperunt
1455 2179 1524 2197 eum.
1543 2171 1632 2203 Vides,
1653 2173 1788 2206 quomodo

164 2217 248 2252 ἀλλ’ἢ
262 2217 291 2249 ἐξ
307 2217 396 2244 αὐτῶν
407 2218 462 2244 τῶν
473 2217 661 2251 εὑαγγελικῶν
691 2219 834 2253 ῥημάτων.
855 2219 882 2244 '0
898 2220 947 2245 κό-

1004 2215 1103 2241 veritas
1124 2215 1296 2250 undiquaque
1317 2216 1368 2243 sibi
1395 2216 1579 2243 testimonium
1595 2218 1679 2248 ferat.
1697 2223 1724 2245 et
1742 2219 1788 2246 lux

163 2270 241 2296 σμος
257 2264 323 2297 γὰρ,
340 2265 416 2298 φησί,
435 2263 472 2290 δι’
489 2264 582 2290 αὐτοῦ
599 2264 727 2297 ἐγένετο,
743 2265 791 2291 καὶ
803 2266 819 2290 ὁ
835 2266 949 2297 κόσμος

163 2308 257 2334 ιιὺτὺν
285 2309 340 2335 οὐκ
365 2309 450 2343 ἔγνω.
472 2310 504 2336 ’Ὁ
530 2309 586 2336 ἶσον
603 2311 662 2336 ἐστὶ
690 2310 744 2345 τῷ,
767 2311 818 2342 Εἰς
843 2309 877 2336 τὰ
890 2310 951 2337 ἴδια

163 2352 248 2388 ἦλθε,
261 2355 309 2380 καὶ
321 2355 348 2381 οὶ
361 2354 431 2380 ἴδιοι
444 2354 538 2381 αὐτὸν
550 2356 586 2381 οὐ
599 2356 779 2388 παρέλαϐον.
801 2355 881 2390 Ὁρᾷς
893 2355 951 2388 πῶς

164 2400 333 2435 πανταχόθεν
356 2400 425 2435 αὑτὴ
448 2401 530 2434 ἑαυτῇ
556 2402 690 2436 μαρτυρεῖ
712 2401 728 2435 ὴ
757 2400 884 2435 ἁλήθειεις
906 2402 952 2427 καὶ

201 2467 222 2482 ³⁸
236 2467 332 2496 Matth.
360 2476 421 2499 xui,
436 2468 480 2494 57.
539 2468 562 2483 "
574 2467 652 2495 Joan.
665 2475 683 2500 ι,
700 2467 727 2495 9.

1002 2262 1061 2295 ejus
1077 2261 1161 2296 magis
1176 2263 1260 2297 magis
1273 2270 1324 2296 que
1338 2262 1462 2296 atl‘ulgeat
1478 2262 1563 2297 ipsam
1586 2264 1788 2298 quaerentibus?

1004 2305 1228 2341 Quandoquidem
1239 2308 1320 2343 igitur
1329 2309 1499 2336 sanctissima
1508 2310 1615 2336 oracula
1624 2314 1651 2336 et
1658 2311 1787 2338 mundum

1006 2355 1078 2381 hunc
1101 2353 1232 2381 visibilem
1263 2355 1371 2389 propria
1401 2354 1556 2381 ServatOris
1583 2359 1671 2387 vocat;
1690 2360 1718 2382 et
1741 2363 1789 2390 per

1005 2408 1066 2429 eum
1082 2399 1181 2426 factum
1195 2407 1255 2427 esse
1264 2400 1431 2434 pronuntiat,
1448 2404 1476 2426 et
1490 2407 1547 2431 eos,
1562 2399 1607 2434 qui
1619 2399 1646 2426 in
1658 2401 1790 2429 mundum

784 2467 807 2483 ³³
825 2467 903 2496 Joan.
921 2476 940 2502 ι,
960 2468 1003 2496 l9.

712 2543 831 2571 ἾΑΒΙΑΞ.
847 2544 1040 2572 LECTIONES
1055 2544 1097 2572 ET
1117 2545 1233 2573 NOT/E.

201 2612 238 2647 (2)
254 2612 384 2644 Κόσμον.
398 2612 436 2640 Ex
457 2612 658 2640 recentioribus
673 2615 735 2646 post
751 2611 874 2639 Grotium
891 2612 950 2646 plc-

166 2647 243 2682 riqne
257 2648 290 2673 τὰ
304 2647 357 2673 ἴδια
379 2647 413 2674 de
434 2648 525 2679 domo,
555 2655 637 2681 quam
656 2647 829 2682 nonnullide
851 2648 951 2682 templo

166 2682 337 2716 interpretati
354 2687 428 2714 sunt,
443 2683 603 2717 accipienda
619 2687 760 2717 putarunt.
774 2681 842 2709 Vide
852 2682 952 2709 Fulleri

166 2716 337 2744 Miu‘ellanea
353 2725 440 2751 sacra,
459 2716 511 2749 ιν(
526 2718 576 2748 l7;
603 2722 630 2744 et
658 2717 700 2744 Jo.
719 2716 820 2744 Vorstii
851 2718 953 2744 Disser-

166 2757 227 2778 tatt.
247 2752 274 2778 S.
291 2753 336 2778 lib.
351 2760 392 2782 ιιι,
410 2760 435 2779 c.
451 2753 501 2780 l2:
517 2752 678 2779 Lambertus
692 2752 753 2785 Bos,
773 2753 810 2779 lle
830 2753 953 2788 mysterio

165 2787 284 2821 ellipseos
301 2787 396 2815 ιιι-(πω
408 2787 514 2822 linguae.
525 2788 553 2814 in
569 2788 692 2814 eamdem
702 2787 867 2815 sententiam
882 2788 949 2815 snh-

167 2822 294 2858 intelligit
326 2823 476 2858 οὶκήματα.
505 2822 572 2850 Cum
603 2828 696 2849 nostro
725 2823 787 2850 facit
806 2823 948 2858 Theophy-

166 2857 254 2885 iactus
269 2857 301 2884 ad
315 2858 403 2884 locum
418 2857 542 2891 Joannis,
558 2857 599 2886 vel
616 2857 747 2885 mundqu
763 2858 805 2886 vel
828 2857 949 2886 ludit-ain

1001 2613 1143 2650 speciatim
1162 2614 1207 2642 hic
1221 2615 1370 2650 signiﬁcari
1390 2615 1524 2643 scribens.
1554 2616 1622 2642 Ἰδια
1639 2615 1732 2647 αὐτοῦ.
1749 2617 1791 2644 ἰη-

1001 2648 1106 2687 quitmis,
1153 2650 1198 2687 τὸν
1215 2648 1275 2676 ὅλον
1287 2651 1389 2685 κόσμον
1404 2651 1555 2687 νοήσειςέλῆ
1569 2651 1629 2687 τὴν
1649 2650 1788 2679 Ἰουδαίαν.

1038 2684 1076 2720 (5)
1095 2685 1323 2720 Τάνὲρχόμενον
1332 2687 1376 2718 εὶς
1392 2684 1496 2713 αὐτόν.
1514 2684 1610 2713 Veran
1624 2686 1713 2720 itaque
1733 2688 1790 2713 haec

1003 2718 1037 2745 ad
1060 2718 1204 2753 ἄνθρωπον
1235 2720 1320 2748 refert
1354 2721 1478 2751 Photius.
1513 2718 1717 2749 consentientes
1737 2721 1790 2749 sibi

1004 2753 1111 2791 habens
1129 2754 1273 2791 plerosque
1288 2764 1394 2791 omnes.
1411 2756 1521 2783 Interim
1537 2761 1612 2787 sunt,
1625 2756 1671 2790 qui
1693 2760 1791 2791 putant

1005 2789 1064 2826 haec
1079 2788 1112 2826 ad
1130 2788 1256 2826 albesivc
1282 2790 1422 2826 Christum
1444 2791 1535 2826 ipsum
1559 2788 1705 2826 respicere.
1721 2792 1790 2825 Lege

1004 2822 1034 2884 ἐξ.
1051 2822 1122 2892 lgogb
1140 2824 1255 2860 Fechtii,
1279 2822 1463 2854 Pliilocalt'am'
1480 2835 1549 2854 sur.
1582 2822 1695 2853 lli'etilms
1712 2822 1788 2854 bibli-

1019 2867 1051 2891 ιε,
1125 2878 1131 2885 .

1005 2866 1051 2891 m,
1063 2866 1076 2891 ε
1088 2866 1131 2886 zu.
