1930 3079
158 135 194 168 99

729 133 862 165 PHOTII
880 131 1135 163 PATRIARCH/E
1155 133 1208 163 ΟΡ.

1743 127 1794 161 100

161 193 287 226 veniunt.
305 201 361 221 non
378 193 472 226 alium,
492 200 574 227 quam
593 192 682 228 ipsum
699 191 861 223 illuminare,
880 198 947 218 con-

1009 189 1030 215 :b
1047 189 1104 224 φῶς
1129 190 1214 224 αὐτῆς
1238 188 1339 225 μᾶλλον
1357 188 1512 222 ἀναλάμπει
1538 188 1595 219 τοῖς
1618 185 1794 221 ἐπιζητοῦσιν

159 240 260 273 ﬁrmat,
275 240 412 275 quomodo
434 247 488 266 non
507 239 721 266 contremiscunt
740 238 876 270 homines,
899 237 948 264 de-

161 287 289 315 fectionis
314 294 378 314 vera
408 285 561 321 progenies,
591 289 618 312 et
646 284 708 312 mali
735 284 861 318 principii
891 283 949 316 filii,

159 334 270 368 quando
285 334 366 360 alium
392 332 502 367 quidem
523 331 618 359 mundi
643 331 757 358 visibilis
783 330 951 358 conditorem

159 380 263 412 ferunt,
281 379 362 406 alium
378 387 444 406 vero
455 386 529 408 eum,
545 378 591 412 qui
608 377 762 404 venientem
778 376 805 402 in
821 375 953 402 mundum

159 426 301 457 illuminet,
318 433 456 461 quemque
471 424 632 452 substantia:
645 422 824 458 intelligibilis
842 427 948 449 tantum

157 472 281 507 opificem
301 471 464 507 profitentur
475 471 487 497 ?

999 235 1096 268 αὑτόν;
1109 236 1170 262 Τῶν
1183 233 1230 263 οὖν
1245 235 1327 271 ἱερῶν
1344 235 1474 272 ῥημάτων
1491 234 1538 261 καὶ
1553 233 1614 261 ἵδιιι
1631 232 1678 259 τοῦ
1700 233 1794 267 Σωτῆ-

1002 290 1048 317 ρος
1069 283 1175 309 τουτονὶ
1201 282 1246 308 τὸν
1275 282 1415 318 ὁρώμενον
1437 281 1540 316 κόσμον
1560 279 1727 313 καλούντων,
1747 279 1795 306 καὶ

1001 329 1034 355 δι’
1061 329 1144 355 αὐτοῦ
1170 329 1359 364 κηρυττόντων
1385 327 1468 354 αὐτὸν
1493 326 1638 362 γενέσθαι,
1663 326 1710 352 καὶ
1732 324 1795 356 τοὺς

1002 375 1167 411 ἐρχομένους
1192 375 1233 407 εἰς
1253 374 1299 401 τὸν
1322 375 1424 410 κόσμον
1448 373 1499 400 οὐκ
1523 373 1613 405 ἄλλον,
1639 372 1696 399 ἀλλ’
1713 372 1796 399 αὐτὸν

1003 419 1072 448 εἶναι
1088 422 1134 448 τὸν
1147 420 1311 456 φωτίζοντα·
1328 421 1388 452 πῶς
1402 420 1432 447 οὒ
1450 419 1600 455 πεφρίκασι
1613 419 1648 445 τὰ
1660 419 1710 453 τῆς
1726 419 1796 446 ἁπο-

1007 469 1119 500 στασίας
1140 469 1178 500 ὡς
1208 467 1316 502 ἀληθῶς
1342 467 1505 502 πλάσματα,
1535 466 1582 493 καὶ
1604 465 1651 492 τοῦ
1671 464 1795 500 Πονηροῦ

157 518 257 550 τέκνα,
274 519 354 546 ἄλλον
370 521 419 555 μὲν
435 521 589 554 εἰσάγοντες
600 519 765 556 δημιουργὸν
789 519 836 546 τοῦ
855 517 995 554 ὁρωμένου
1011 518 1126 553 κόσμου,
1146 518 1240 553 ἓτερον
1257 517 1285 544 δὲ
1317 517 1363 543 τον
1397 516 1551 551 φωτίζοντα
1580 515 1627 541 τδν
1648 514 1797 550 ἐρχόμενον

158 566 198 597 εἰς
212 565 259 592 τὸν
275 565 387 601 κόσμον.
415 567 528 602 κόσμον,
550 567 579 593 ὃν
604 568 653 602 τῆς
680 567 778 601 νοητῆς
805 566 884 601 μόνον
914 565 1080 600 δημιουργὸν
1094 565 1306 592 καταλείπουσιν
1321 563 1518 594 ὑποστάσεωςς

194 611 240 639 IX.
251 612 484 640 Elabsnrditatem
495 614 533 641 rei
542 614 766 649 aliundeqnoque
777 613 950 640 manifestam

160 656 250 684 facere
263 657 338 684 licet.
353 658 381 685 Si
396 659 468 685 enim
485 660 622 686 terrestria
642 659 703 686 lllali
724 664 797 691 sunt,
815 659 952 694 quomodo

159 704 298 735 sustinuit,
316 705 440 740 frugibus
463 706 513 738 uti,
530 714 597 740 quas
611 710 735 733 creatura
747 706 808 733 Mali
827 705 949 740 protulit,

160 749 198 777 ita
213 755 243 777 ut
256 758 330 778 nunc
355 759 389 778 ex
409 752 530 786 quinque
555 752 681 787 patribus,
694 760 768 780 nunc
791 760 823 780 ex
834 757 950 787 septem,

160 795 261 823 multas
271 796 405 832 myriadas
412 802 548 825 saturaret
555 798 565 824 ἰν
572 798 654 825 Multo
660 799 732 826 enim
745 799 829 826 satius
843 798 951 833 Deoque

160 843 370 870 convenientius
392 848 450 870 erat
465 844 616 879 disciplinae
638 852 694 872 suae
710 844 836 871 alumnos
846 852 900 871 non
917 852 950 871 ex

160 888 293 916 fructibus
304 889 411 922 alienis,
423 890 470 917 sed
486 890 519 917 de
530 890 587 918 suis
596 891 678 918 rebus
687 898 809 926 pascere.
820 890 951 925 lmoquo-

161 934 242 962 modo
255 935 281 962 in
299 936 455 963 uliiversum
465 936 526 963 cibo
538 941 586 963 aut
601 942 665 970 potu
681 936 738 971 ipse
755 944 820 963 usus
827 940 878 968 est,
891 940 952 963 tan-

160 989 241 1016 quam
262 981 397 1009 fructibus
416 990 528 1016 operum
555 982 679 1017 principii
701 982 790 1009 mali?
810 983 951 1015 Quomodo

160 1027 260 1055 iterum
278 1035 351 1055 ezeco
364 1029 457 1056 oculos
474 1028 611 1056 fabricatis
630 1037 684 1056 non
705 1038 737 1057 ex
754 1030 804 1056 alia
825 1018 950 1061 materia,

160 1081 241 1108 quam
257 1081 289 1100 ex
308 1079 378 1101 terra
395 1079 422 1101 et
440 1082 519 1109 aqua,
534 1083 594 1109 quae
610 1075 768 1107 erantlllali.
795 1075 881 1102 visum
906 1082 950 1101 re-

161 1119 262 1153 stituit,
278 1128 374 1155 operas
382 1129 442 1147 cum
453 1121 530 1148 hoste
548 1122 672 1156 partitus,
686 1128 767 1157 atque
787 1122 824 1148 illi
841 1122 950 1157 quidem

161 1166 268 1201 potiora
282 1167 454 1201 permittens,
468 1167 525 1202 ipse.
538 1175 602 1195 vero
614 1173 717 1203 partem
731 1177 807 1195 suam
824 1177 855 1196 ex
863 1168 952 1196 aliena

161 1211 286 1243 materia,
297 1216 423 1246 tanquam
432 1212 476 1246 qui
493 1212 600 1247 propria
613 1213 648 1239 sit
659 1213 816 1243 destitutus,
825 1217 853 1239 et
865 1211 950 1238 aliena

161 1258 319 1285 accessione
329 1257 451 1292 explens.
460 1258 546 1292 Hujus
557 1262 641 1288 certe.
653 1258 674 1284 si
690 1258 792 1284 nullius
805 1262 948 1292 prwterea,

161 1305 265 1340 pudere
274 1304 524 1332 debebathomincs
536 1305 743 1339 perditissimus,
759 1311 788 1331 ut
797 1303 954 1331 considera-

163 1354 225 1377 rent
235 1349 373 1384 quod,qui
388 1350 481 1377 oculos
494 1349 621 1376 formavit
636 1358 668 1377 ex
688 1349 755 1382 luto,
772 1349 899 1383 ipsevere
911 1352 954 1375 est

163 1396 199 1427 is.
221 1396 267 1431 qui
284 1396 318 1423 ab
338 1397 417 1423 initio
442 1396 580 1423 hominem
596 1404 629 1423 ex
651 1396 708 1423 luto
722 1395 855 1423 condidit.
869 1395 954 1430 Cujus

163 1442 237 1469 enim
253 1442 374 1469 materia
392 1449 457 1476 pars
469 1446 520 1472 est.
537 1442 659 1476 ejusdem
674 1449 782 1476 quoque
798 1445 951 1468 esttotum:

163 1491 192 1514 et
206 1494 287 1521 quem
302 1487 471 1514 conditorem
485 1487 581 1514 habuit
591 1488 760 1519 universum,
773 1495 836 1514 eum
846 1489 875 1513 et
891 1492 954 1520 pars

164 1533 268 1560 habuit.
285 1533 359 1560 Adde
380 1533 439 1561 his;
454 1534 477 1561 si
492 1542 592 1569 corpus
605 1542 620 1560 a
639 1533 708 1561 Malo
723 1533 877 1568 profectum
900 1536 954 1562 est.

165 1579 302 1615 quomodo
321 1579 396 1607 flevit
420 1580 488 1615 ipse,
509 1588 571 1607 cum
601 1581 626 1607 id
642 1580 669 1607 in
682 1580 785 1607 Lazaro
800 1579 913 1614 periret,
929 1583 957 1605 et

164 1626 302 1661 quomodo
333 1633 402 1659 opus
426 1625 486 1652 Mali
517 1625 651 1653 abolitum
675 1625 733 1660 ipse
758 1625 903 1652 restituere
929 1628 956 1651 et

1038 612 1076 640 εγ.
1087 612 1142 638 Καὶ
1152 611 1300 647 ἀλλαχόθεν
1308 611 1340 638 ἄν
1349 620 1392 642 τις
1406 611 1436 636 τὺ
1448 611 1548 637 ἄτοπον
1558 608 1685 642 ἐπιδείξαι
1695 608 1798 635 ἀνακα⁵

1001 659 1180 693 λνπτόμενον.
1193 658 1225 685 Εἰ
1235 658 1289 692 γὰρ
1306 657 1340 684 τὰ
1351 657 1462 692 ὲπίγειά
1470 657 1527 682 ἐστι
1535 655 1583 682 τοῦ
1591 653 1725 691 Πονηροῦ,
1738 652 1798 685 πῶς

1002 704 1134 738 ἠνέσχετο
1147 703 1192 730 διὰ
1206 703 1260 730 τῶν
1275 702 1400 738 καρπῶν,
1415 702 1462 732 οὒς
1484 702 1568 737 ἔφυσε
1584 701 1614 728 τὸ
1631 701 1736 736 ποίημα
1749 699 1796 726 τοῦ

1003 749 1141 785 [low-.906,
1156 749 1237 776 τοῦτο
1250 749 1298 784 μὲν
1314 750 1362 776 καὶ
1376 750 1409 776 ὲκ
1421 749 1502 775 πέντε
1519 749 1618 782 ἄρτων,
1632 747 1711 774 τοῦτο
1721 746 1750 773 δὲ
1767 745 1798 778 ὲξ

1004 796 1092 829 ἑπτὰ,
1121 795 1221 827 πολλὰς
1245 796 1380 831 μυριάδας
1405 796 1560 830 χορτάσαι;
1578 795 1655 829 Πόσῳ
1685 793 1740 828 γὰρ
1763 790 1798 827 ἦν

1004 843 1115 877 ἄμεινον
1135 843 1182 869 καὶ
1198 842 1431 877 θεοπρεπέστερον
1454 841 1491 877 μὴ
1509 842 1539 874 ἐξ
1555 839 1704 876 ἀλλοτρίων
1727 848 1798 874 καρ-

1004 887 1073 919 πῶν,
1090 888 1148 914 ἀλλ’
1169 887 1198 920 ἐξ
1212 889 1319 914 οξκείων
1337 887 1589 923 δημιουργημάτων
1612 887 1721 922 τρέφειν
1733 886 1798 917 τοὺς

1006 936 1287 971 μυσταγωγουμένους
1302 935 1376 970 αὑτῷ
1393 936 1400 962 l
1419 935 1528 962 Μᾶλλον
1540 935 1568 961 δὲ
1583 934 1641 966 πῶς
1652 934 1719 966 ὅλως
1734 941 1797 968 τρο-

1005 983 1086 1019 φὴνῆ
1105 984 1185 1010 ποτὸν
1199 982 1280 1014 αὐτὸς
1296 982 1516 1017 προσηνέγκατο,
1533 981 1551 1007 ἃ
1575 981 1681 1016 καρπὸς
1697 977 1730 1015 ἦν
1746 979 1798 1006 τῶν

1005 1030 1094 1065 ἔργων
1113 1029 1160 1055 τοῦ
1178 1028 1319 1064 Πονηροῦς
1348 1029 1410 1060 Πῶς
1425 1029 1453 1054 δὲ
1478 1029 1558 1055 πάλιν
1574 1027 1730 1062 ὀφθαλμοὺς
1750 1026 1799 1060 δη-

1007 1075 1145 1111 μιουργῶν
1162 1075 1202 1110 τῷ
1228 1074 1321 1110 τυφλῷ
1332 1075 1382 1101 οὐκ
1399 1075 1428 1108 ἐξ
1443 1074 1525 1109 ἄλλης
1542 1073 1608 1108 ὕλης
1621 1071 1679 1099 ἀλλ’
1698 1073 1730 1099 ὲκ
1745 1071 1800 1106 γῆς

1005 1121 1054 1148 καὶ
1071 1121 1182 1153 ὕδατος,
1198 1121 1271 1156 ειπερ
1282 1119 1316 1155 ἦν
1329 1120 1375 1147 τοῦ
1395 1119 1530 1156 Πονηροῦ,
1552 1121 1602 1154 τὴν
1615 1119 1676 1153 ὄψιν
1691 1118 1798 1144 ἐκαινο-

1007 1167 1089 1199 ποίει,
1105 1167 1248 1202 μονονουχὶ
1266 1167 1502 1202 συμμεριζόμενος
1517 1167 1555 1202 τῷ
1566 1165 1683 1201 Ἐχθρῷ,
1699 1165 1746 1191 καὶ
1760 1163 1798 1199 τῷ

1008 1213 1058 1249 μὲν
1076 1213 1154 1247 ἀφεὶς
1169 1213 1199 1240 τὸ
1216 1213 1297 1240 πλέον
1309 1214 1395 1240 ποιεῖν
1406 1221 1413 1227 ·
1430 1213 1510 1244 αὐτὸς
1526 1213 1554 1239 δὲ
1567 1213 1598 1238 τὺ
1614 1213 1696 1246 μέρος
1712 1210 1740 1242 ἐξ
1753 1210 1800 1237 άλ-

1007 1259 1116 1294 λοτρίας
1136 1259 1202 1294 ὕλης
1226 1258 1320 1295 ὥσπερ
1343 1260 1456 1294 ἀπορῶν
1484 1259 1568 1290 ἰδίας.
1595 1257 1642 1284 τοῦ
1657 1257 1799 1292 ἀλλοτρίου

1008 1305 1166 1340 πλάσματος
1180 1306 1347 1342 ἀναπληρῶν
1360 1314 1367 1337 ;
1399 1305 1495 1332 Καίτοι
1512 1306 1536 1331 εἰ
1553 1304 1629 1339 μήτι
1646 1303 1726 1334 ἄλλο,
1742 1302 1800 1329 ἀλλ’

1008 1352 1075 1378 αὑτό
1091 1360 1122 1385 γε
1137 1351 1217 1378 τοῦτο
1239 1352 1302 1384 τοὺς
1325 1351 1434 1382 ἀθλίους
1461 1351 1514 1377 ἔδει
1541 1349 1735 1384 δυσωπηθῆναι
1753 1350 1801 1376 καὶ

1009 1399 1187 1434 κατανοῆσαι,
1216 1399 1258 1425 ὅτι
1278 1398 1362 1429 ὅντως
1383 1399 1397 1424 ὁ
1412 1397 1518 1427 πλάσας
1536 1397 1582 1424 τον
1604 1397 1744 1431 ὀφθαλμὸν
1766 1396 1801 1423 ἐκ

1009 1444 1111 1480 πηλοῦ,
1136 1445 1217 1477 αὐτός
1231 1445 1333 1472 ἐστινό
1350 1444 1398 1470 καὶ
1421 1444 1481 1470 κατ’
1508 1443 1595 1479 ἀρχὰς
1622 1443 1727 1475 πλάσας
1755 1442 1802 1469 tt;

969 1499 991 1529 (ς
1008 1491 1152 1526 ἄνθρωπον
1165 1491 1198 1517 ἐκ
1219 1490 1317 1525 πηλοῦ.
1337 1490 1404 1521 Οῖας
1418 1491 1471 1525 γὰρ
1496 1489 1561 1525 ὕλης
1576 1489 1635 1515 ἐστὶ
1656 1490 1686 1515 τι
1703 1490 1800 1524 μέρος,

165 1672 193 1699 in
220 1672 304 1698 vitam
321 1671 472 1703 vindicare,
488 1679 520 1698 ac
540 1671 672 1699 Lazarum
688 1672 853 1699 resuscitare
871 1673 970 1700 susti-‘

165 1718 247 1745 nuit?
265 1718 354 1752 ipsum
369 1725 479 1752 quoque
490 1718 600 1744 Patrem
612 1725 645 1744 eo
655 1722 777 1752 tempore
793 1718 955 1753 implorans,

165 1769 197 1792 ut
212 1769 364 1791 creaturam
379 1763 440 1791 Mali
454 1763 556 1799 optime
577 1764 710 1799 perditam
727 1764 785 1798 ipse
799 1764 897 1791 itermn
915 1772 954 1790 re-

169 1810 264 1838 ﬁceret
279 1815 307 1838 et
326 1811 352 1837 in
376 1811 458 1837 vitam
483 1811 642 1838 revocaret?
658 1811 714 1837 Ιιιιο
740 1811 762 1838 si
778 1819 879 1845 corpus
893 1810 956 1837 mali

165 1860 210 1885 est
224 1856 363 1892 principii,
384 1856 521 1891 quomodo
546 1856 630 1883 filium
646 1856 735 1884 vidua:
754 1861 892 1883 mortuum
913 1863 957 1882 re-

166 1903 331 1931 suscitavit?
345 1902 481 1937 quomodo
502 1907 542 1929 tot
555 1901 628 1929 mille
642 1902 694 1929 alia
705 1901 845 1932 miracula,
858 1901 958 1936 quibus

167 1949 311 1976 hominum
331 1949 434 1983 profuit
457 1949 628 1983 corporibus,
657 1948 849 1983 perpetravit?
867 1955 958 1974 nonne

167 1994 286 2029 denique
310 1995 480 2021 centurionis
504 2002 583 2028 puer,
596 1993 670 2020 l’ctri
688 2001 794 2025 socrus,
812 1994 910 2020 mulier
925 2001 958 2020 ex

167 2039 264 2067 morbo
273 2039 402 2074 depressa
412 2039 434 2055 ³⁸
448 2039 549 2066 femina
561 2039 702 2073 sanguinis
714 2040 786 2066 fluxu
801 2048 849 2074 per
859 2039 959 2066 multos

167 2094 256 2113 annos
273 2085 426 2117 debilitata,
441 2085 571 2120 omnique
596 2085 692 2112 salutis
716 2093 764 2120 spe
785 2085 900 2120 privata,
920 2085 960 2112 lc—

168 2132 253 2168 prosi,
280 2132 429 2167 paralytici,
455 2131 555 2164 claudi,
581 2131 668 2163 surdi,
700 2136 781 2166 atque
809 2131 880 2158 mille
908 2131 959 2158 alia

1007 1535 1057 1569 τῆς
1071 1536 1156 1571 αὐτῆς
1172 1536 1220 1562 καὶ
1234 1536 1264 1562 τὸ
1280 1536 1339 1562 ὅλον
1350 1544 1356 1551 ·
1372 1537 1418 1562 καὶ
1431 1535 1461 1561 ὃν
1476 1536 1537 1570 ἔσχε
1553 1535 1584 1561 τὸ
1598 1536 1658 1562 ὅλον
1672 1535 1803 1570 δημιουρ-

1007 1582 1066 1616 γον,
1084 1583 1130 1608 τὸν
1153 1582 1236 1609 αὑτὸν
1255 1582 1302 1609 καὶ
1324 1583 1355 1609 τὸ
1374 1582 1466 1617 μέρος.
1487 1581 1592 1613 Ἄλλως
1616 1590 1646 1607 τε
1668 1582 1714 1616 δὲ,
1734 1582 1757 1614 εἰ
1775 1581 1803 1606 το

1009 1629 1091 1664 σῶμά
1111 1630 1185 1655 ἐστιν
1204 1630 1236 1656 ἐκ
1250 1629 1298 1655 τοῦ
1314 1628 1448 1665 ιΙονηροῦ,
1472 1629 1530 1660 πῶς
1543 1628 1658 1655 ἔκλαυσε
1679 1628 1802 1662 διαιξθειο

1009 1675 1126 1710 ρομένου
1139 1675 1223 1702 αὑτοῦ
1243 1675 1290 1702 ἐπὶ
1303 1675 1351 1702 τοῦ
1365 1675 1512 1711 Λαζάρου;
1531 1675 1577 1701 καὶ
1597 1674 1656 1706 πῶς
1673 1674 1802 1709 ὑπέμεινε

1007 1722 1185 1755 διαλυόμενον
1204 1721 1235 1747 τὸ
1251 1721 1333 1756 ἔργον
1347 1720 1394 1747 τοῦ
1415 1719 1538 1755 Πονηροῦ
1559 1720 1638 1751 αὐτὸς
1656 1719 1737 1746 πάλιν
1755 1728 1803 1745 συ-

1009 1767 1122 1802 σφὶγξαι
1137 1767 1185 1794 καὶ
1207 1768 1390 1802 ζωοποιῆσαι,
1409 1767 1456 1793 καὶ
1472 1767 1519 1793 τον
1539 1765 1666 1801 Λάζαρον
1684 1766 1802 1800 ἀναστῆ-

1011 1821 1074 1844 σαι,
1101 1813 1149 1839 καὶ
1163 1813 1223 1839 τότε
1243 1814 1289 1840 τον
1308 1813 1372 1839 ἴδιον
1393 1812 1606 1848 ἐπικαλούμενος
1622 1812 1744 1846 Πατέρα,
1758 1813 1804 1838 ἴνα

1009 1861 1040 1886 τὺ
1050 1859 1164 1894 πλάσμα
1177 1859 1224 1886 τοῦ
1241 1859 1364 1894 Πονηροῦ
1379 1859 1468 1891 καλῶς
1482 1859 1708 1893 διαφθειρόμενον
1722 1858 1804 1889 αὐτος

1010 1906 1092 1933 πάλιν
1107 1905 1235 1942 ἀνασώσῃ
1248 1906 1295 1932 καὶ
1310 1905 1425 1940 ζωώσῃς
1441 1906 1496 1932 Καὶ
1508 1905 1532 1931 εἰ
1546 1905 1576 1931 τὸ
1589 1904 1670 1939 σῶμά
1683 1905 1741 1930 ἐστι
1756 1904 1803 1930 τοῦ

1011 1953 1145 1988 ΙῘονηροῦ,
1157 1952 1216 1983 πῶς
1227 1953 1274 1978 τὸν
1287 1952 1336 1986 τῆς
1346 1952 1431 1987 χήρας
1443 1951 1500 1977 υιὸν
1510 1950 1645 1977 τεθνεῶτα
1656 1950 1804 1984 ἀνέστησες

1011 1998 1070 2030 πῶς
1090 1998 1139 2030 τὰς
1164 1998 1247 2029 ἄλλας
1273 1997 1373 2032 μυρίας
1406 1996 1585 2031 θεοσημείας,
1600 1996 1677 2026 ὅσαις
1697 1995 1731 2021 τὰ
1749 1994 1804 2021 τῶν

1011 2045 1162 2079 ἀνθρώπων
1177 2043 1340 2078 εὐεργέτησε
1367 2042 1499 2076 σώματα,
1524 2042 1704 2076 διεπράξατος
1727 2041 1758 2068 '0
1775 2041 1804 2068 δὲ

1010 2091 1056 2117 τοῦ
1076 2090 1277 2125 ἑκατοντάρχου
1304 2090 1386 2120 παῖς,
1403 2089 1420 2123 ἡ
1437 2088 1464 2114 δὲ
1482 2088 1529 2114 τοῦ
1547 2088 1651 2124 Πέτρου
1667 2088 1785 2124 πενθερὰ
1796 2108 1803 2120 ,

1012 2137 1028 2171 ἡ
1049 2136 1245 2170 συγκύπτουσα
1265 2135 1303 2170 τῷ
1324 2135 1406 2162 πάθει
1424 2136 1504 2169 γυνὴ,
1530 2136 1546 2171 ἡ
1570 2135 1610 2171 τῷ
1635 2135 1805 2170 πολυχρονίῳ

168 2178 352 2207 calamitatum
369 2183 398 2205 et
418 2178 576 2205 morborum
593 2179 729 2213 exempla,
749 2187 763 2205 ιι
783 2179 883 2212 quibus
897 2186 955 2205 cor-

1013 2182 1130 2218 ῥεύματι
1144 2182 1356 2216 κατασυρομένη
1371 2181 1419 2208 τοῦ
1432 2182 1549 2216 αἵματος
1566 2182 1613 2207 καὶ
1643 2182 1735 2208 πᾶσαν
1751 2182 1805 2215 ἀτ-

170 2234 236 2261 pora
252 2225 382 2252 immunia
397 2225 532 2252 reddidit:
549 2233 652 2257 nonne,
670 2225 791 2260 inquam.
803 2226 854 2251 ista
866 2225 957 2251 munia

170 2272 269 2300 idonea
299 2277 363 2298 sunt
394 2271 427 2298 ad
450 2271 656 2306 perfundendos
682 2272 781 2298 rubore
811 2271 881 2302 illos,
912 2271 959 2306 qui

169 2328 284 2352 corpora
310 2320 451 2346 hominum
482 2318 543 2345 Mali
571 2324 724 2346 creaturam
753 2319 867 2346 dicunt?
885 2319 959 2351 Quo-

171 2368 252 2394 modo
267 2366 339 2393 enim
353 2373 424 2400 opus
436 2366 523 2392 hostis
535 2366 672 2400 perditum
688 2366 776 2392 bonus
789 2364 859 2391 Dens
877 2372 959 2391 reno-

172 2419 257 2446 vavtt,
281 2420 370 2447 neque
394 2412 481 2439 solum
506 2420 611 2444 eorum,
627 2412 673 2447 qui
689 2411 721 2438 ad
735 2412 823 2446 ipsum
839 2418 869 2438 se
891 2411 961 2438 reci-

172 2460 294 2496 piebant.
318 2459 390 2486 mala
416 2459 618 2490 averruncavit,
641 2458 689 2485 sed
720 2462 748 2485 ct
774 2457 832 2492 ipse
859 2457 892 2485 ad
913 2466 962 2485 eos

174 2505 299 2533 accessit.
324 2504 398 2532 Iesus
418 2505 486 2532 enim
500 2505 576 2531 urbes
591 2511 680 2530 omnes
695 2509 718 2530 et
744 2504 811 2530 vicos
829 2503 901 2534 obiit,
917 2505 964 2529 do-

176 2560 235 2579 cens
253 2551 281 2577 in
293 2551 432 2586 synagogis
450 2551 578 2585 ipsorum,
600 2554 623 2576 et
649 2549 750 2576 morbos
771 2549 854 2576 omnis
863 2549 964 2584 generis

177 2607 209 2625 ac
227 2598 397 2631 inﬁrmitates
427 2597 569 2624 sanans".
607 2595 700 2631 Neque
715 2596 803 2623 solum
831 2596 963 2623 medelam

177 2645 231 2672 illis
258 2644 358 2676 attulit,
384 2645 537 2679 factamque
560 2644 643 2670 tacuit
664 2643 838 2674 medicinam,
860 2643 908 2670 sed
926 2648 964 2675 et,

179 2696 209 2718 ut
225 2695 372 2718 narrarent
391 2690 464 2722 aliis,
484 2689 626 2724 praecepit:
649 2688 747 2715 Euutes
763 2689 844 2719 enim,
863 2688 964 2722 inquit,

177 2738 326 2764 reniuuiate
352 2736 468 2764 Joanni:
485 2735 553 2762 (Στειὶ
578 2734 677 2766 uident,
700 2734 789 2761 claudi
814 2733 964 2766 ambulant,

180 2783 267 2818 (prosi
288 2788 449 2819 purgantur,
475 2782 542 2809 muti
559 2781 682 2812 audiunt,
705 2785 729 2808 et
756 2781 853 2808 mortui
876 2788 966 2807 resur-

210 2875 234 2892 “
247 2875 313 2904 Luc.
334 2883 392 2909 xm,
409 2874 452 2902 Η.
491 2873 514 2890 ³⁸
524 2871 620 2900 Matth.
637 2878 674 2904 ιει,
692 2869 736 2898 55.

944 2907 980 2916 ν».

1011 2229 1139 2264 ῃρημένη
1154 2229 1292 2263 σωτηρίας
1309 2229 1415 2260 ἐλπίδα,
1429 2230 1453 2254 ol
1465 2227 1561 2264 λεπροὶ
1573 2250 1580 2261 ,
1595 2228 1620 2254 οἱ
1637 2228 1787 2263 παράλυτοι
1797 2247 1806 2260 ,

1013 2275 1038 2301 οἱ
1053 2275 1150 2309 κωφοὶ,
1167 2276 1200 2301 τὰ
1218 2276 1304 2309 μυρία
1318 2274 1372 2301 τῶν
1395 2274 1490 2301 παθῶν
1511 2274 1558 2300 καὶ
1579 2274 1633 2300 τῶν
1646 2274 1807 2309 νοσημάτων

1013 2322 1090 2356 γένη,
1107 2319 1144 2347 ὧν
1157 2321 1284 2348 ἁπάντων
1303 2321 1423 2356 καθαρὸν
1437 2321 1537 2347 ἀπέλυε
1559 2321 1590 2347 τὸ
1605 2321 1693 2355 σῶμα.
1716 2320 1807 2347 Ταῦτα

1015 2368 1105 2394 πάντα
1119 2368 1169 2402 οὐχ
1184 2368 1265 2394 ἱκανὰ
1283 2367 1463 2402 καταισχῦναι
1477 2367 1539 2395 τοὺς
1560 2367 1688 2400 λέγοντας
1706 2367 1740 2393 τά
1753 2366 1808 2393 τῶν

1014 2413 1167 2448 ἀνθρώπων
1197 2413 1313 2448 σώματα
1333 2412 1481 2447 πλάσματα
1505 2412 1552 2438 τοῦ
1575 2411 1718 2446 Ποπιηροῦς
1746 2412 1808 2444 Πῶς

1012 2460 1068 2495 γὰρ
1085 2460 1115 2486 τὸ
1126 2459 1240 2494 πλάσμα
1251 2459 1297 2486 τοῦ
1309 2459 1423 2494 Ἐχοροῦ
1437 2460 1451 2485 ὁ
1462 2459 1563 2493 ἀγαθὸς
1575 2458 1641 2490 Θεὸς
1655 2458 1809 2494 διαφθειρό-

1018 2513 1098 2540 μενον
1115 2505 1270 2536 ἀνεκαίνιζε
1284 2526 1291 2536 ,
1311 2505 1356 2531 καὶ
1369 2505 1399 2530 οὺ
1415 2504 1580 2539 προσιόντων
1597 2504 1677 2538 μόνον
1691 2506 1725 2530 τὰ
1735 2505 1809 2539 παθη

1017 2550 1183 2586 ἀπήλαυνεν,
1207 2550 1275 2577 ἀλλὰ
1295 2552 1344 2577 καὶ
1367 2550 1448 2581 αὐτὸς
1465 2550 1579 2581 ἐκείνοις
1595 2551 1743 2585 ἐπιφοιτῶν
1761 2551 1810 2577 καὶ

1016 2596 1251 2631 παραγινόμενος
1268 2595 1391 2630 Περιῆγε
1405 2596 1458 2630 γὰρ
1471 2598 1486 2623 ό
1505 2597 1624 2630 Ἰησοῦς
1639 2598 1692 2630 τὰς
1706 2599 1810 2631 πόλεις

1015 2642 1116 2675 πάσας
1128 2643 1175 2669 καὶ
1193 2643 1242 2674 τὰς
1263 2644 1372 2676 κώμας,
1380 2642 1534 2670 διδάσκων
1547 2644 1581 2670 ἐν
1594 2645 1658 2677 ταῖς
1672 2653 1810 2679 συνάγω-

1015 2689 1081 2724 ταῖς
1091 2688 1200 2721 αὐτῶν,
1217 2689 1266 2715 καὶ
1282 2690 1453 2724 θεραπεύων
1465 2690 1569 2718 πᾶσαν
1584 2691 1679 2718 νόσον
1691 2691 1739 2718 καὶ
1755 2691 1812 2719 πᾶ-

1017 2743 1078 2762 σαν
1091 2735 1256 2769 μαλακίαν.
1284 2735 1339 2761 Καὶ
1359 2736 1410 2763 οὐκ
1427 2737 1592 2771 ἐθεράπευσε
1612 2738 1660 2772 μὲν
1679 2738 1807 2770 τούτους,

1021 2780 1100 2814 ἐσίγα
1112 2779 1140 2806 δὲ
1161 2779 1211 2815 τὴν
1227 2780 1387 2816 θεραπείαν,
1409 2782 1480 2810 ἀλλὰ
1494 2783 1539 2809 καὶ
1555 2783 1721 2818 προσέτασσε
1735 2783 1812 2818 διαγ-
