1930 3079
183 128 235 162 103

759 129 894 161 PHOTII
913 127 1171 161 PATRIARCH/E
1191 131 1246 162 ΟΡ.

1768 132 1819 165 104

181 195 253 223 gres,
269 192 294 215 et
308 191 377 214 totus
391 187 506 222 Spiritus
522 191 616 219 vester,
640 190 666 215 et
679 186 770 214 animo
783 191 808 213 et
824 194 919 221 corpus
932 187 975 213 iu-

1027 194 1081 214 των
1098 185 1179 219 Θεοῦ,
1195 187 1256 219 πῶς
1270 187 1301 214 τὺ
1312 187 1393 224 σῶμα
1410 188 1458 215 καὶ
1471 188 1501 215 τὸ
1516 188 1626 224 πνεῦμα
1637 190 1686 217 καὶ
1701 189 1751 226 τὴν
1765 194 1819 226 ψυ-

182 234 293 268 culpata
321 238 505 260 conserventur
534 233 562 260 in
589 231 733 260 adventum
757 232 866 259 Domini
892 232 975 259 nostri

180 277 244 305 .iesu
257 278 353 306 Christi
364 277 398 304 ‘°.
415 276 518 304 Pratter
531 285 596 304 vero
611 277 673 309 ista,
704 276 726 304 si
751 277 843 304 anima
862 277 975 304 alterius

182 324 312 359 principii
338 331 407 358 opus
433 323 596 354 exsisteret,
625 323 738 350 alterius
761 330 827 350 vero
855 329 974 358 corpus,

181 371 316 406 quomodo
340 377 420 396 verus
444 370 529 397 nostri
555 369 681 397 conditor
705 373 732 396 et
771 370 853 403 Deus,
881 377 975 399 servos

181 425 245 444 suos
258 416 331 443 curis
350 424 405 443 non
420 416 566 443 distractos
580 423 641 443 esse
653 415 780 450 cupiens.
805 416 839 443 de
855 419 972 451 utroque

181 461 306 497 praecipit
324 461 420 488 dicens
435 471 441 488 :
467 460 507 488 Ne
527 466 619 488 curate
633 461 665 487 de
683 461 774 487 anima
788 465 885 493 vestra,
912 461 976 496 quid

181 508 264 534 edulis
281 512 327 534 aut
345 507 451 540 bibatis,
465 516 547 540 neque
563 507 668 542 corpori
687 512 783 540 vestro,
800 507 864 542 quid
878 508 977 534 indua-

180 553 259 580 tis“.
276 552 373 580 Postea
402 553 491 580 adhuc
522 552 608 588 magis
636 553 763 587 exemplo
797 553 914 587 quodam
943 553 976 580 ad

180 597 370 632 percipiendas
384 597 585 625 admonitiones
600 598 783 633 perducturus
806 606 814 624 :
838 597 975 632 Inspicite,

181 644 279 678 inquit,
296 645 324 671 in
348 644 466 671 volucres
491 644 570 677 cali,
594 645 720 679 quianon
733 649 834 676 serunt,
861 652 906 670 nec
921 652 976 671 me~

181 697 251 725 tunt,
270 700 351 726 neque
373 693 401 718 in
419 692 549 727 granaria
574 696 718 727 congerunt
727 692 748 707 δ’
763 700 770 724 ;
791 695 820 718 et
836 691 909 718 unde
923 690 976 718 illis

182 738 269 765 victus
285 738 425 773 suppetit?
448 737 531 765 Pater
545 742 631 764 vester
648 737 760 764 ccclesiis
783 737 865 764 nutrit
883 745 927 764 eas
941 737 974 764 ".

182 785 210 811 Si
225 785 315 819 itaque
335 784 442 812 Patrem
468 788 593 811 nostrum
607 784 747 811 caelestem
765 791 838 816 eum,
866 783 914 818 qui
928 791 975 810 vo-

180 831 269 858 lucres
286 831 348 858 coeli
361 831 458 863 nutrit,
474 835 501 858 et
522 831 657 866 agnoscit,
676 834 704 858 et
722 830 840 865 appellat
854 830 976 857 veritatis

1026 232 1077 268 χὴν
1087 232 1234 268 ὀλόκληρον
1242 233 1389 269 ἐπεύχεται
1398 235 1476 270 διατη
1481 235 1595 271 ρηθῆναι
1609 236 1656 262 καὶ
1679 236 1737 263 τότε
1748 236 1777 264 ἒν
1784 238 1818 273 τῇ

1026 279 1074 305 τοῦ
1088 278 1192 314 Κυρίου
1207 279 1356 316 παρουσίᾳ;
1369 280 1451 314 Λέγει
1465 280 1519 316 γάρ
1529 289 1536 296 ·
1559 281 1656 315 Αὐτὸς
1668 281 1703 308 δὲ
1716 284 1732 309 ὁ
1746 283 1820 315 Θεὸς

1027 323 1082 358 τῆς
1093 323 1218 358 εἰρήνης
1227 324 1349 359 ἁγιάσαι
1359 325 1439 360 ὑμᾶς
1447 327 1610 360 ὁλοτελεῖς,
1621 328 1670 354 καὶ
1687 328 1819 362 ὀλόκλη-

1022 378 1080 403 ρον
1091 369 1172 404 ὑμῶν
1180 371 1213 396 τὸ
1222 371 1339 405 πνεῦμα
1347 372 1395 398 καὶ
1403 372 1421 406 ἡ
1430 372 1516 406 ψυχὴ
1524 372 1573 399 καὶ
1586 373 1619 399 τὸ
1632 373 1718 407 σῶμα
1727 374 1819 409 ἀμέμ-

1027 423 1108 449 πτως
1123 416 1157 443 ἐν
1177 416 1215 451 τῇ
1235 418 1388 451 παρουσίᾳ
1410 419 1463 445 τοῦ
1481 419 1592 452 Κυρίου
1613 419 1698 454 ἡμῶν
1716 421 1818 454 Ἰησοῦ

1027 461 1157 496 Χριστοῦ
1167 463 1369 498 διατηρηθείη.
1378 464 1470 498 Χωρὶς
1480 464 1508 491 δὲ
1519 464 1622 491 τούτων
1632 466 1657 492 εἰ
1668 465 1751 500 ἄλλης
1767 466 1818 500 μὲν

1026 506 1061 543 ἦν
1076 509 1164 544 ἀρχῆς
1184 509 1268 543 ἔργον
1285 511 1301 545 ὴ
1316 509 1400 545 ψυχὴ,
1417 510 1515 546 ἐτέρας
1533 511 1605 538 δὲτὸ
1620 511 1710 546 σῶμα,
1729 512 1786 543 πῶς
1803 513 1817 538 6

1027 553 1130 589 ἀληθὴς
1156 555 1235 588 ἡμῶν
1272 556 1394 591 πλάστης
1419 556 1468 583 καὶ
1497 556 1564 588 Θεὸς
1591 556 1817 592 ἀπερισπάστους

1027 597 1097 627 εἶναι
1123 600 1298 636 βουλόμενος,
1324 602 1388 633 τοὺς
1415 602 1497 629 αὐτοῦ
1515 602 1647 629 νουθετῶν
1665 602 1816 637 λατρευτάς

1027 648 1157 682 παραινεῖ
1175 649 1239 682 περὶ
1255 648 1388 683 ἑκατέρου
1407 648 1510 682 λέγων·
1535 648 1583 682 Mi]
1603 647 1764 683 μεριμνᾶτε
1779 648 1817 684 τῇ

1026 693 1113 728 ψυχῇ
1126 693 1219 728 ὑμῶν,
1234 695 1263 721 τί
1282 694 1407 729 φάγητε,
1420 694 1439 729 ἢ
1455 695 1484 722 τί
1496 695 1593 729 πίητε,
1605 695 1684 730 μηδὲ
1697 695 1737 728 τῷ
1755 695 1816 722 σώ-

1024 747 1096 773 ματι
1108 738 1201 773 ὑμῶν,
1216 740 1244 766 τί
1255 740 1444 774 evadendas;
1457 739 1523 768 Εἶτα
1536 742 1583 768 καὶ
1598 741 1678 768 πλέον
1692 742 1764 777 ἡμᾶς
1778 740 1817 776 τῷ

1027 785 1232 820 παραδείγματι
1251 786 1320 820 πρὸς
1343 786 1394 821 τὴν
1413 787 1553 813 νουθεσίαν
1569 786 1670 818 ἕλκων,
1700 787 1817 821 Ἐμϐλὲ-

1026 831 1116 864 grate,
1131 831 1224 865 φησὶν,
1239 832 1282 864 εις
1298 830 1333 857 τὰ
1356 832 1477 859 πετεινὰ
1491 832 1544 860 τοῦ
1563 832 1704 867 οἰιρανοῦ,
1720 832 1764 859 ὅτι
1779 833 1815 860 οὐ

180 877 252 910 fons,
278 877 332 905 imo
348 885 413 905 vero
433 885 546 913 gramen
570 877 638 912 agri,
668 877 695 904 in
712 876 852 904 fornacem
874 875 974 910 conjici

1027 877 1218 910 σπείρουσιν,
1239 877 1312 903 οὐδὲ
1335 877 1511 912 θερίζουσιν,
1528 878 1599 905 οὐδὲ
1625 878 1816 914 συνάγουσιν

180 923 302 954 solitum.
326 924 361 951 ab
385 924 481 951 eodem
506 924 572 956 Deo,
598 931 629 951 ea
648 923 737 950 forma
761 923 838 950 indui
853 923 902 954 ait,
921 930 974 957 qua

181 978 233 997 nec
251 970 379 998 Salomon
393 971 428 1003 .in
444 970 519 997 onmi
535 978 582 997 sua
597 969 682 1006 gloria
698 969 864 1004 conspicuus
879 968 972 1002 fuerit,

180 1017 316 1051 quomodo
339 1015 469 1044 effrenata
497 1015 647 1050 impietatis
675 1023 722 1042 ora
745 1015 829 1042 alium
854 1014 968 1049 quidem

180 1064 321 1099 yaminis,
335 1068 362 1091 et
372 1064 462 1091 avium
478 1067 505 1090 et
515 1063 638 1098 corporis
655 1066 683 1089 et
699 1070 789 1089 rerum
802 1061 973 1089 sensibilium

180 1109 302 1136 omnium
329 1109 499 1137 conditorem
516 1109 684 1142 renuntiant,
715 1107 793 1135 alteri
809 1115 875 1134 vero
889 1106 971 1134 dimi-

180 1155 255 1182 dium
271 1156 446 1191 principitum
462 1163 495 1183 ex
512 1160 595 1191 gratia
613 1155 690 1190 quasi
708 1153 880 1190 largiuntur?

1026 923 1071 954 εις
1087 922 1255 956 ἀποθήκας·
1270 924 1317 950 καὶ
1335 923 1417 950 πὸοεν
1430 924 1522 956 αὐτοῖς
1536 925 1552 959 η
1570 924 1645 959 imi);
1669 924 1696 951 Ὁ
1712 925 1814 958 Πατὴρ

1027 967 1112 1003 ὑμῶν
1141 969 1157 995 ὀ
1180 970 1323 1003 οὐράνιος
1341 970 1441 1005 τρέφει
1471 971 1557 998 αὑτά.
1577 972 1610 997 Εἰ
1633 969 1680 998 οὖν
1703 971 1814 1006 Πατέρα

1028 1013 1106 1048 ἡμῶν
1119 1015 1246 1050 οὐράνιον
1263 1016 1309 1042 τὸν
1323 1017 1459 1051 τρέφοντα
1481 1016 1516 1043 τὰ
1532 1017 1644 1044 πετεινὰ
1662 1017 1709 1043 τοῦ
1731 1017 1814 1052 οὐρα-

1027 1058 1084 1091 νοῦ,
1106 1060 1153 1086 καὶ
1168 1058 1221 1086 οἶδε
1237 1060 1286 1086 καὶ
1301 1060 1377 1094 λέγει
1393 1061 1444 1095 τῆς
1463 1060 1591 1096 ἀληθείας
1607 1061 1624 1097 ή
1642 1061 1727 1096 πηγὴ,
1740 1061 1814 1095 λέγει

1026 1104 1055 1131 δὲ
1075 1106 1123 1132 καὶ
1148 1106 1194 1132 τὸν
1213 1106 1309 1142 χόρτον
1325 1106 1373 1133 τοῦ
1396 1107 1482 1143 ἀγροῦ
1508 1108 1554 1134 τὸν
1572 1109 1612 1140 εἰς
1625 1107 1670 1134 τὸν
1687 1107 1814 1134 κλίῦανον

1028 1151 1192 1187 βαλλόμενον
1208 1153 1259 1179 ὑπὸ
1273 1153 1320 1179 τοῦ
1337 1153 1420 1179 αὑτοῦ
1437 1153 1518 1186 Θεοῦ,
1545 1153 1642 1185 κάλλος
1666 1154 1814 1188 ἀμφιέννυ-

183 1201 257 1235 σθαι,
274 1202 330 1229 οἷον
347 1203 408 1229 οὐδὲ
436 1201 562 1236 Σολομὼν
587 1202 618 1228 ἐν
630 1202 679 1238 ὅλῃ
694 1200 776 1228 αὐτοῦ
797 1199 974 1236 περιεϐάλετο
993 1199 1026 1234 τῇ
1051 1198 1127 1234 δόξῃ³
1145 1199 1205 1231 πῶς
1239 1199 1274 1226 τὰ
1297 1200 1428 1227 ἁπύλωτα
1458 1200 1508 1235 τῆς
1529 1200 1656 1232 ἀσεϐείας
1679 1199 1813 1235 στόματα,

180 1249 259 1276 ἄλλον
272 1250 321 1285 μὲν
335 1249 380 1276 τοῦ
395 1249 492 1285 χόρτου
518 1250 635 1276 καὶτῶν
651 1249 783 1276 πετεινῶν
822 1249 870 1276 καὶ
901 1246 949 1274 τοῦ
981 1246 1118 1282 σώματος,
1148 1248 1195 1274 καὶ
1217 1248 1272 1275 τῶν
1298 1248 1440 1284 αἰσθητῶν
1466 1248 1595 1276 ἁπάντων
1629 1248 1813 1284 χειροτονοῦσι

179 1297 356 1332 δημιουργὸν,
367 1297 453 1333 ἑτέρῳ
467 1297 496 1324 δὲ
505 1299 556 1332 τὴν
564 1297 698 1332 ἡμίτομον
709 1296 867 1331 χαρίζονται
875 1297 963 1332 ἀρχήν
974 1306 981 1331 ;

215 1342 249 1370 Χ.
264 1343 342 1375 Quod
362 1350 428 1370 vero
444 1343 515 1370 idem
534 1344 580 1375 sit,
597 1343 644 1378 qui
666 1347 694 1370 et
714 1342 857 1370 saecularia
873 1343 932 1370 hac
946 1347 975 1370 et

1060 1342 1090 1370 l'.
1108 1343 1171 1369 Ὀτι
1185 1342 1214 1369 δὲ
1227 1343 1240 1369 6
1249 1342 1330 1373 αὐτός
1345 1342 1419 1368 ἐστιν
1429 1342 1443 1368 6
1453 1340 1598 1368 καὶταῦτα
1611 1340 1645 1367 τὰ
1655 1341 1812 1377 πρόσκαιρα

180 1390 313 1418 caelorum
328 1397 442 1424 regnum
459 1390 582 1425 largitur,
600 1389 693 1424 paucis
705 1393 971 1416 common‘straturus

1027 1389 1124 1421 διδοὺς,
1139 1388 1187 1414 καὶ
1201 1387 1250 1422 τὴν
1269 1387 1411 1422 βασιλείαν
1437 1387 1490 1413 τῶν
1503 1387 1625 1423 οὐρανῶν
1645 1387 1813 1423 λεπτομερέ-

181 1437 310 1463 Servatur
327 1444 333 1462 :
350 1435 428 1462 Novit
441 1435 521 1466 enim,
535 1435 633 1470 inquit,
650 1434 734 1462 Pater
757 1439 839 1462 vester
853 1435 973 1467 cwlestis,

1027 1442 1122 1469 στερον
1138 1432 1255 1469 βεὸαιῶν
1270 1432 1301 1459 τὸ
1315 1432 1404 1468 δόγμα
1416 1439 1424 1447 “
1440 1429 1509 1459 Οἵδε
1525 1432 1590 1466 γὰρ,
1609 1431 1701 1466 φησὶν,
1723 1433 1740 1459 ό
1756 1434 1814 1459 Πα-

180 1482 249 1517 quod
270 1482 309 1508 his
336 1481 455 1508 omnibus
477 1481 610 1516 indigetis.
638 1480 755 1513 Quwrite
778 1489 838 1508 vero
857 1482 973 1516 primum

1027 1481 1080 1515 τὴρ
1102 1479 1185 1514 ὑμῶν
1203 1481 1218 1506 ό
1233 1479 1383 1513 οὐράνιος,
1399 1478 1444 1505 ὅτι
1456 1477 1577 1512 χρῄζετε
1590 1478 1703 1505 τούτων
1717 1478 1814 1506 ἀπάν-

181 1536 291 1564 regnum
308 1527 366 1558 Dei,
393 1531 417 1554 et
434 1527 570 1561 justitiam
591 1527 666 1562 ejus,
692 1531 716 1554 et
733 1528 784 1554 ista
798 1528 887 1554 omnia
900 1527 973 1562 adji-

1027 1536 1096 1555 των.
1110 1526 1229 1561 Ζητεῖτε
1240 1525 1274 1552 δὲ
1289 1525 1407 1560 πρῶτον
1418 1525 1475 1560 τὴν
1484 1525 1650 1557 ,βασιλείαν
1663 1525 1716 1552 τοῦ
1727 1525 1812 1557 Θεοῦ,

182 1575 284 1601 cientur
298 1574 368 1600 vobis
384 1573 417 1599 “.
434 1573 518 1608 Cujus
535 1577 588 1605 est,
614 1574 697 1600 homo
712 1573 905 1608 perditissimo,
928 1582 975 1602 re—

182 1627 266 1655 gnum
293 1619 437 1651 ctelorum,
462 1623 489 1646 et
504 1619 582 1653 cujus
595 1624 636 1646 est
648 1619 754 1653 iustitia
767 1619 848 1654 ejus?
872 1623 900 1647 et
915 1621 976 1655 quis

171 1665 338 1700 .suppeditat
369 1665 581 1691 necessitatibus
619 1664 745 1699 corporis
780 1665 976 1692 consultura?

183 1719 274 1738 nonne
288 1711 358 1738 idem
376 1710 458 1742 Deus,
485 1710 531 1745 qui
559 1718 630 1738 unus
658 1715 699 1738 est
726 1715 754 1738 et
769 1712 868 1739 solus?
884 1719 975 1739 nonne

183 1757 338 1785 communis
353 1756 506 1784 formator?
528 1765 618 1784 nonne
634 1757 756 1784 omnium
779 1758 931 1785 Dominus?
947 1759 975 1785 Si

184 1810 249 1829 vero
269 1802 314 1837 qui
331 1803 415 1830 solem
440 1810 519 1830 suum
541 1802 607 1829 oriri
631 1801 696 1829 facit
725 1810 808 1838 super
838 1803 924 1831 malos
948 1808 976 1830 et

182 1849 280 1880 bonos,
297 1853 325 1875 et
343 1848 462 1883 pluviam
477 1848 658 1883 superjustos
673 1853 700 1876 et
713 1849 828 1883 injustos
844 1849 974 1882 demittit,

182 1895 255 1922 idem
271 1899 323 1927 est,
355 1894 401 1929 qui
424 1895 457 1921 ad
471 1894 652 1929 perficiendas
665 1895 782 1922 virtutes
799 1903 849 1922 nos
865 1896 892 1922 in
907 1896 976 1923 ﬁlios

182 1939 342 1974 adoptavit;
367 1939 413 1967 hic
426 1947 492 1967 vero
509 1944 550 1967 est
567 1939 647 1968 Pater
666 1945 769 1973 noster,
793 1941 838 1976 qui
857 1941 884 1968 in
899 1942 976 1969 caelis

182 1991 234 2014 est.
251 1986 347 2014 Nonne
371 1987 547 2014 vehementer
570 1987 752 2015 abominanda
776 1993 818 2016 est
837 1993 976 2023 apostata-

184 2040 244 2059 rum
265 2031 414 2064 impietas?
437 2033 492 2068 Ego
507 2033 588 2064 enim,
620 2034 710 2068 inquit
736 2033 883 2066 Servator,
904 2034 976 2060 vobis

183 2078 242 2105 dico
257 2085 266 2104 :
279 2077 386 2113 Ditigits
402 2079 522 2105 inimicos
545 2083 653 2110 vestros,
672 2080 817 2114 benefacite
842 2080 901 2106 odio
915 2088 977 2113 pro.

183 2122 346 2156 sequentibus
358 2130 400 2148 vos
415 2122 447 2148 ⁵³.
467 2121 569 2157 Pergit,
596 2122 619 2149 si
635 2127 774 2157 quatratur
795 2131 919 2158 quamam
941 2124 976 2150 sit

183 2167 347 2194 obedientize
364 2168 491 2195 merces?
513 2168 545 2196 Ut
562 2169 634 2201 ﬁatis
656 2168 705 2202 ﬁlii
730 2168 820 2196 Patris
835 2170 912 2196 vestri
925 2177 975 2195 cte-

184 2214 265 2241 iestis.
291 2213 358 2247 Quis
383 2222 446 2241 vero
472 2219 515 2241 est
536 2214 617 2242 Pater
642 2215 785 2243 coalestis‘t
815 2215 866 2248 Qui
891 2217 974 2242 solem
990 2212 1015 2242 ιι

184 2269 262 2288 suum
282 2260 348 2287 oriri
364 2261 428 2295 facit
449 2269 526 2295 super
544 2261 629 2288 malos
650 2266 673 2288 et
698 2262 793 2294 bonos,
822 2262 974 2295 etpluvium

184 2305 265 2332 mittit
283 2313 361 2339 super
378 2305 465 2339 justas
483 2310 507 2332 et
532 2306 654 2339 injustas.
678 2306 742 2333 Sitis
763 2307 846 2342 igitur
869 2306 975 2341 perfecti

185 2360 237 2383 vos,
254 2352 321 2378 sicut
336 2351 416 2378 Pater
429 2356 513 2378 uester
525 2352 634 2380 caelestis
649 2353 778 2387 perfectus
790 2357 827 2379 est
838 2353 870 2378 “.
885 2352 976 2379 Perfe-

186 2403 247 2424 ctus
262 2397 342 2432 igitur
367 2397 455 2430 Pater,
469 2405 549 2432 quem
576 2399 676 2425 imitari
702 2406 752 2425 nos
763 2399 852 2432 jubet,
868 2398 914 2433 qui
930 2405 979 2424 na-

189 2447 251 2470 tura
269 2441 402 2476 etFilius,
429 2443 501 2471 idem
519 2444 564 2471 ille
582 2448 634 2476 est,
652 2453 706 2471 non
733 2444 802 2471 alius
825 2444 872 2478 qui
895 2444 981 2471 solem

188 2490 321 2518 visibilem
332 2490 398 2517 oriri
411 2490 486 2522 facit,
499 2491 601 2525 quique
612 2491 700 2518 lucem
715 2490 875 2518 sensibilem
889 2490 981 2522 nobis,

188 2537 233 2571 qui
257 2537 382 2563 sensibus
402 2537 519 2572 subjecti
545 2545 649 2567 sumus.
674 2537 839 2571 suppeditat,
870 2541 897 2563 et
914 2537 983 2572 pluit

189 2590 272 2618 super
282 2582 368 2617 justos
388 2588 416 2610 et
431 2584 559 2620 iujustos,
587 2588 617 2610 ut
643 2583 750 2610 fructus
773 2583 844 2611 ferre
871 2589 898 2611 et
923 2585 975 2611 coli

190 2633 261 2656 terra
277 2629 372 2664 possit,
391 2635 483 2664 utque,
515 2630 538 2657 si
562 2629 627 2665 quid
656 2630 691 2657 ob
710 2630 866 2657 ariditatem
890 2630 922 2657 ad
937 2630 981 2657 in-

189 2675 348 2709 temperiem
365 2681 467 2711 vergat,
494 2683 552 2708 aer,
582 2683 636 2711 quo
651 2676 683 2703 ad
700 2677 906 2712 respirationem
927 2677 982 2704 uti-

191 2728 262 2752 mur,
278 2728 326 2755 per
342 2722 485 2748 humorem
506 2721 604 2756 pluviae
619 2726 798 2758 temperetur.
829 2723 880 2751 llbi
901 2724 983 2760 igitur

191 2771 256 2793 sunt
271 2767 381 2795 nefandi
398 2767 436 2795 illi
454 2767 562 2802 imperii
580 2767 627 2796 Dei
643 2769 800 2803 portitores.
823 2771 869 2805 qui
890 2774 980 2802 teme,

226 2823 270 2850 “l
293 2823 390 2851 Thess.
415 2832 441 2857 ν,
465 2823 511 2852 25.
569 2825 590 2841 ⁸⁸
613 2825 708 2854 Matth.
729 2825 807 2859 νηὶ.

194 2858 216 2874 ⁸⁸
234 2859 298 2887 ibid.
324 2859 368 2894 45,
386 2859 432 2888 48.

864 2826 887 2843 δ’
907 2826 972 2854 ibid.
994 2825 1040 2854 26.

1027 1575 1076 1601 καὶ
1105 1573 1163 1608 τὴν
1185 1572 1384 1606 δικαιοσύνην
1403 1570 1506 1603 αὐτοῦ.
1529 1571 1578 1598 και
1599 1571 1693 1598 ταῦτα
1716 1570 1814 1598 πάντα

1027 1619 1266 1655 προστεθήσεται
1281 1618 1363 1653 ὑμῖν.
1384 1618 1463 1650 Τίνος
1479 1618 1566 1650 ἐστὶν,
1584 1617 1676 1650 ἄθλιε,
1697 1618 1713 1654 ἠ
1738 1617 1814 1653 βασι-

1026 1667 1087 1693 λεία
1105 1666 1152 1693 τοῦ
1171 1665 1250 1697 Θεοῦ,
1273 1665 1320 1691 καὶ
1336 1664 1408 1696 τίνος
1431 1663 1621 1699 ήδικαιοσύνη
1647 1664 1747 1697 αὐτοῦ;
1765 1663 1813 1691 καὶ

1026 1715 1068 1745 τίς
1087 1714 1100 1740 6
1116 1711 1274 1747 προστιθεὶς
1288 1711 1336 1737 καὶ
1347 1711 1383 1737 τὰ
1397 1711 1436 1742 εἰς
1450 1710 1500 1746 τὴν
1513 1711 1608 1745 χρείαν
1625 1709 1673 1736 τοῦ
1689 1710 1814 1746 σώματος

1026 1759 1142 1795 διαρκῆ;
1156 1759 1205 1794 οὺχ
1229 1759 1243 1784 6
1260 1757 1340 1788 αὐτὸς
1358 1756 1424 1788 Θεὸς
1446 1757 1460 1783 6
1482 1754 1521 1788 εἷς
1549 1758 1595 1783 καὶ
1616 1757 1712 1791 μόνοςς
1732 1757 1781 1791 οὐχ
1799 1756 1814 1782 6

1027 1805 1115 1837 κοινὸς
1132 1805 1273 1839 πλάστης;
1290 1804 1347 1838 Οὐχ
1359 1805 1374 1830 6
1390 1803 1498 1830 πάντων
1512 1803 1678 1838 δημιουργός
1691 1811 1698 1834 ;
1715 1803 1746 1829 Ei
1759 1803 1787 1829 δὲ
1801 1803 1815 1829 6

1027 1850 1073 1877 τὸν
1090 1851 1167 1886 ἥλιον
1182 1848 1264 1876 αὑτοῦ
1279 1848 1433 1876 ἀνατέλλων
1452 1849 1499 1874 ἐπὶ
1524 1848 1659 1883 πονηροὺς
1674 1848 1720 1874 καὶ
1744 1848 1814 1882 ἁγα-

1028 1897 1102 1929 θοὺς,
1118 1896 1166 1923 καλ¹
1185 1896 1290 1931 βρέχων
1306 1896 1351 1921 ἐπὶ
1364 1895 1485 1926 δικαίους
1505 1894 1552 1921 καὶ
1567 1894 1686 1926 ἀδίκους,
1700 1895 1714 1920 6
1733 1894 1815 1925 αὐτός

1027 1946 1101 1972 ἐστιν
1117 1944 1130 1970 ὁ
1144 1944 1192 1970 καὶ
1207 1943 1250 1970 διὰ
1262 1942 1311 1977 τὴν
1328 1942 1469 1968 τελείωσιν
1487 1941 1540 1967 τῶν
1561 1941 1668 1976 ἀρετῶν
1682 1940 1815 1967 υἱοθετοὺ-

1028 1999 1109 2026 μενος
1127 1992 1210 2025 ἡμᾶς,
1232 1987 1310 2019 οὗτος
1324 1988 1353 2014 δέ
1369 1989 1442 2014 ἐστιν
1454 1989 1468 2014 6
1480 1987 1575 2022 Πατὴρ
1591 1987 1669 2022 ὴμῶν
1686 1988 1700 2014 6
1714 1988 1742 2013 ἐν
1757 1989 1813 2019 τοῖς

1027 2034 1162 2069 οὐρανοῖς·
1184 2031 1243 2063 πῶς
1267 2031 1328 2066 οὐχὶ
1354 2031 1456 2066 σφόδρα
1489 2030 1635 2066 βδελυκτὸν
1659 2032 1675 2066 ἡ
1702 2031 1815 2058 ἀσέϐεια

1026 2079 1084 2105 τῶν
1098 2076 1378 2111 ἁποστατῶνλἝγὼ
1403 2076 1472 2110 τὰρ,
1493 2077 1576 2112 φησιν
1591 2077 1605 2102 6
1620 2076 1724 2113 Σωτὴρ,
1744 2077 1816 2112 ὑμῖν

1003 2153 1010 2160 _
1026 2125 1115 2160 λέγω·
1125 2122 1266 2158 Ὰτσπᾶτε
1273 2123 1345 2156 τοὺς
1353 2123 1480 2157 ἐχθροὺς
1491 2122 1584 2157 ὑμῶν,
1598 2122 1696 2157 καλῶς
1705 2124 1816 2151 ποιεῖτε

1028 2171 1091 2204 τοῖς
1103 2170 1251 2206 μισοῦσιν
1266 2168 1354 2204 ὑμᾶς.
1384 2166 1450 2195 Εἶτα
1476 2169 1524 2195 καὶ
1540 2169 1581 2201 τίς
1595 2169 1609 2195 6
1621 2171 1678 2201 τοῖς
1688 2170 1816 2204 πειθομέ-

1029 2225 1086 2249 νοις
1112 2216 1225 2252 μισθό;;
1256 2216 1357 2248 ’Ὅπως
1383 2215 1513 2250 γένησθε
1541 2215 1601 2242 viai
1620 2215 1674 2242 τοῦ
1699 2216 1816 2249 Πατρὸς

1029 2262 1112 2298 ὑμῶν
1127 2262 1181 2289 τοῦ
1198 2262 1233 2288 ἐν
1247 2261 1309 2294 τοῖς
1328 2261 1477 2294 οὐρανοῖς.
1506 2261 1587 2287 Ἀλλὰ
1603 2261 1644 2292 τίς
1660 2262 1673 2288 6
1689 2261 1718 2286 ὲν
1733 2261 1815 2296 οὐρα-

1029 2310 1085 2341 νοῖς
1101 2309 1214 2343 Πατήρς
1236 2307 1269 2334 '0
1288 2307 1342 2334 τὸν
1367 2307 1456 2341 ἣλιον
1469 2307 1563 2335 αὑτοῦ
1579 2307 1752 2335 ἀνατέλλων
1766 2307 1816 2333 ἐπὶ

1030 2355 1178 2389 πονηροὺς
1197 2355 1245 2382 καὶ
1258 2353 1398 2388 ἀγαθοὺς,
1420 2354 1468 2380 καὶ
1483 2353 1605 2388 βρέχων
1618 2353 1668 2379 ἐπὶ
1682 2354 1817 2386 δικαίους

1030 2401 1079 2428 καὶ
1105 2401 1240 2434 ἀδίκους.
1265 2401 1397 2427 Ἕσεσθε
1411 2397 1468 2426 οὖν
1491 2399 1576 2434 ὑμεῖς
1598 2399 1716 2431 τέλειοι,
1739 2399 1779 2432 ὡς
1800 2401 1817 2426 ό

1031 2447 1132 2481 Πατὴρ
1155 2446 1240 2481 ὑμῶν
1262 2448 1278 2473 ὀ
1296 2446 1331 2473 ἐν
1362 2445 1501 2479 οὐρανοῖς
1523 2445 1637 2478 τέλειός
1663 2445 1757 2472 ἐστιν.
1787 2445 1817 2471 ’0

1031 2493 1096 2527 γοῦν
1112 2492 1216 2524 τέλειος
1241 2491 1346 2527 Πατὴρ,
1371 2490 1401 2517 ὃν
1424 2490 1498 2525 ἡμᾶς
1523 2490 1667 2524 μιμεῖσθαι
1699 2490 1712 2516 6
1737 2489 1817 2524 φύσει

1032 2539 1163 2574 παραινεῖ
1177 2538 1252 2570 Υἱὸς,
1268 2537 1350 2567 αὐτὸς
1365 2532 1440 2567 οὗτός
1457 2537 1543 2566 ἐστιν,
1564 2535 1614 2562 οὑκ
1629 2535 1717 2567 ἄλλος,
1737 2536 1752 2562 6
1770 2536 1816 2561 τὸν

1029 2585 1169 2620 ὁρώμενον
1191 2582 1345 2610 ἀνατέλλων
1362 2582 1452 2617 ἥλιον
1479 2582 1526 2608 καὶ
1543 2580 1572 2608 τδ
1591 2581 1648 2615 φῶς
1674 2583 1739 2616 ἡμῖν
1761 2581 1818 2612 τοῖς

1031 2631 1170 2665 αἰσθητοῖς
1186 2629 1217 2655 τὸ
1244 2628 1373 2663 αἰσθητὸν
1402 2627 1540 2662 χορηγῶν,
1568 2629 1615 2655 καὶ
1639 2627 1743 2663 βρέχων
1770 2627 1817 2652 ἐπὶ

1029 2677 1152 2707 δικαίους
1168 2676 1215 2702 καὶ
1236 2674 1363 2704 ἀδίκους,
1380 2673 1425 2699 ὲπί
1442 2674 1617 2709 καρποφορίᾳ
1637 2673 1682 2699 καὶ
1695 2671 1818 2708 γεωργίᾳ

1030 2724 1079 2758 τῆς
1097 2722 1167 2757 γῆς·
1185 2722 1232 2748 καὶ
1246 2720 1283 2752 ὡς
1303 2719 1347 2751 ἂν,
1363 2720 1388 2746 εἴ
1407 2728 1433 2745 τι
1453 2720 1521 2755 πρὸς
1538 2719 1673 2754 ἀκρασίαν
1690 2718 1816 2744 ἐπέκλινε

1032 2769 1077 2796 διὰ
1103 2767 1250 2803 ξηρότητα,
1264 2762 1286 2799 ᾧ
1310 2764 1441 2800 χρώμεθα
1466 2765 1534 2800 πρὸς
1549 2764 1696 2799 ἀναπνοὴν,
1717 2764 1731 2790 6
1751 2763 1815 2798 ἀὴρ,

1098 2825 1120 2840 ³³
1147 2824 1214 2852 ibid.
1253 2824 1276 2840 “
1295 2823 1391 2851 Matth.
1410 2831 1447 2855 Vt,
1474 2822 1518 2850 3‘2.
1559 2821 1580 2838 ⁸⁸
1596 2821 1691 2849 Matth.
1714 2829 1740 2853 γ,
1773 2821 1817 2848 44.
