1930 3079
168 117 217 149 107

730 113 862 151 ΡᾘΟΤῘΙ
880 112 1134 144 ΡΑΤΒῘΑΒΕΗᾹΞ
1153 112 1209 141 CP.

1743 111 1789 143 108

165 175 252 209 ipsum
282 180 370 199 omnes
390 171 481 206 Ληρειί
508 169 557 197 Dei
580 169 614 197 ”.
630 168 664 196 Et
683 177 689 195 :
718 169 834 196 Tliramu
858 173 956 201 tuum:

1014 167 1065 202 ἑγὼ
1075 166 1209 202 σήμερον
1221 165 1386 202 γεγέννηκά
1397 174 1445 194 σε.
1460 168 1516 195 Καὶ
1530 167 1621 195 πάλιν·
1638 167 1711 204 Ἐγὼ
1724 168 1790 195 ἔσο-

165 219 245 250 Deus,
260 223 297 245 est
321 218 348 244 in
366 216 492 244 uecutum
509 215 618 242 swculi:
633 219 763 249 sceptrum
775 214 849 249 regni
864 214 903 241 tui
918 214 953 237 ἰ.

164 265 250 291 Porro
278 262 430 298 (attendite,
461 261 545 293 surdi,
570 265 598 288 et
628 261 727 292 videte,
747 260 861 293 caacil),
879 259 956 287 addit

164 309 237 336 enim
256 316 262 333 :
280 307 315 334 Tu
325 314 383 334 vero
399 314 414 332 ιι
426 305 566 340 principio,
583 305 705 336 Domine,
719 309 817 331 terram
826 304 954 339 fundasti,

163 361 187 381 et
203 362 281 388 opera
293 360 420 379 manuum
440 356 547 378 tuarum
561 356 620 378 sunt
638 351 707 378 cali.
726 349 770 377 Ιίίί
782 350 913 384 peribunt,
927 355 956 376 tu

164 408 223 428 vero
236 398 412 434 permanebit.
425 397 458 424 Et
468 405 557 424 onmes
581 397 667 424 instar
675 396 804 423 invotucri
823 395 956 423 convolve:

164 453 217 477 eos,
250 449 273 471 et
302 444 524 470 immutabuntur.
554 442 591 469 Tu
614 450 674 469 cera
689 442 759 468 idem
784 449 820 473 es.
853 446 877 468 et
892 443 957 468 aunt
979 449 981 451 ·

164 492 203 518 tui
223 498 275 517 ιιοιι
289 490 410 524 deﬁcient
424 490 458 516 ".
473 488 549 521 Quod
562 488 584 515 si
593 488 643 515 ista
661 488 689 515 in
702 487 806 523 Spiritu
821 487 957 522 praedixit,

164 537 212 573 qui
229 537 275 564 Dei
288 537 367 564 Pater
383 541 434 569 cst,
451 535 546 568 David,
561 535 717 570 obsignavit
734 539 828 562 autem
848 533 958 562 arcanis

165 584 249 612 sacris
264 583 386 610 initiatus
401 589 429 610 et
448 582 558 609 initians
572 581 640 609 alios
654 581 764 613 Paulus,
782 581 854 616 quod
882 580 956 608 scili-

165 634 208 657 cet
224 628 330 656 Veteris
351 627 517 655 Testamenti
541 627 612 654 Deus
643 626 714 653 idem
734 630 776 653 est
801 630 829 653 et
853 625 958 652 Domini

165 675 252 703 nostri
266 675 330 702 Jesu
339 674 440 701 Christi
466 673 546 704 ﬁlius,
562 672 689 707 idemque
703 671 831 698 thronum
852 671 892 698 sui
910 678 960 698 na-

167 723 227 746 tura
241 718 287 745 ﬁlii
301 718 329 745 in
344 718 473 745 saeculum
491 717 582 744 saeculi
592 717 719 750 lirmavit,
735 720 763 743 et
777 716 899 743 omnium
908 724 959 743 an—

167 764 289 800 gelorum
301 763 412 791 ordines
425 763 565 798 progeniei
577 770 633 790 suae
644 762 803 790 adoratores
816 767 844 789 et
869 761 959 789 famu-

166 810 207 838 los
224 809 378 842 constituit,
402 808 456 836 imo
470 810 516 843 qui
536 808 619 840 idem,
635 812 663 835 et
688 816 743 835 non
761 808 840 839 alius,
861 812 959 835 terram

1006 222 1060 247 μαι
1079 212 1159 246 αὐτῷ
1177 213 1220 245 είς
1234 212 1365 246 Πατέρα,
1386 213 1436 240 οιαὶ
1456 213 1548 246 αὐτὸς
1569 214 1656 241 ἔσται
1675 223 1726 248 μοι
1751 215 1791 247 εἰς

1014 259 1036 284 Υ
1036 258 1091 285 ίόν.
1118 258 1172 284 Καὶ
1196 257 1286 284 πάλιν·
1312 257 1366 284 Καὶ
1389 259 1692 293 προσκυνησάτωσαν
1717 259 1793 291 αὺτῴ

1009 303 1120 337 πάντες
1145 303 1266 338 ἄγγελοι
1290 303 1374 331 Θεοῦ.
1404 303 1459 330 Καί
1473 312 1479 320 ·
1500 304 1531 331 '0
1557 306 1663 338 θρόνος
1683 313 1755 339 σου,
1779 306 1794 333 ό

1011 350 1093 382 Θεὸς,
1107 350 1152 381 εὶς
1169 349 1222 376 τὸν
1238 348 1331 376 αιῶνιι
1346 348 1400 376 τοῦ
1415 349 1538 384 αίώνοςο
1549 350 1660 384 ῥάϐδος
1672 350 1728 385 τῆς
1739 351 1794 383 βα-

1010 396 1128 427 σιλείας
1137 403 1205 422 σου.
1214 392 1279 422 Εἶτα
1287 395 1435 428 ἀκούσατε,
1448 396 1473 422 oi.
1487 398 1585 430 κωφοὶ,
1598 397 1645 423 καὶ
1651 397 1676 423 οἱ
1690 397 1794 431 τυφλοὶ,

1010 442 1197 476 ἀναϐλέψατεί
1218 442 1315 475 ἐπάγει
1325 442 1380 477 γάρ
1392 449 1398 456 ·
1415 442 1470 469 Καὶ
1486 443 1526 469 σὺ
1542 442 1606 469 κατ’
1621 443 1725 477 ἀρχὰς,
1741 443 1796 469 Κύ-

1007 497 1063 523 ριε,
1079 487 1136 521 τὴν
1150 486 1208 522 γῆν
1223 488 1437 522 ἐθεμελίωσας,
1453 488 1503 516 καί
1520 489 1592 523 ἔργα
1615 488 1675 515 τῶν
1694 488 1797 523 χειρῶν

1011 534 1068 561 σού
1084 535 1163 561 εἰσιν
1184 535 1212 560 οὶ
1229 533 1362 567 οὐρανοί.
1379 533 1469 561 Αὐτοὶ
1484 534 1687 567 ἀπολοῦνται,
1705 534 1746 561 σὺ
1766 534 1797 560 δὲ

1011 578 1171 614 διαμένεις.
1188 577 1242 605 Καὶ
1257 577 1369 611 πάντες
1381 578 1422 612 ὡς
1437 578 1552 613 Ιμάτιον
1569 578 1797 612 παλαιωθήσον-

1011 634 1078 658 ται,
1096 625 1147 651 καὶ
1162 625 1233 651 ὡσεί
1259 625 1450 658 περιϐόλαιον
1471 624 1582 657 ἑλίξεις
1604 624 1726 658 αὐτοὺς,
1751 624 1798 651 καὶ

1012 671 1250 705 ἀλλαγήσονται.
1271 670 1313 697 Σὺ
1328 669 1362 696 δὲ
1378 671 1394 697 ό
1405 670 1497 703 αὐτὸς
1508 668 1545 701 εἷ,
1561 671 1608 697 καί
1622 671 1658 698 τὰ
1671 671 1724 704 ἐτη
1743 678 1798 697 σου

1013 719 1069 745 οὐκ
1084 717 1296 751 ἐκλείψουσιν.
1313 717 1342 743 Εἰ
1366 716 1454 743 ταῦτα
1473 718 1588 752 προεῖπε
1607 716 1656 752 μὲν
1669 717 1699 743 ὲν
1719 715 1799 743 πνεύ-

1015 773 1081 799 ματι
1104 765 1118 790 6
1146 763 1289 799 θεοπὰτωρ
1316 763 1416 794 Δαΰὶδ,
1443 763 1631 798 ὲπεσφράγισε
1653 762 1682 789 δὲ
1709 763 1722 789 ὁ
1747 762 1799 790 τῶν

1013 812 1140 847 ὰρῥητων
1157 810 1262 845 μύστης
1275 810 1322 836 καὶ.
1338 809 1527 845 μυσταγωγὸς.
1542 809 1579 840 ὼς
1592 810 1607 836 6
1621 810 1670 844 τῆς
1685 809 1799 840 παλαιᾶς

166 855 342 887 fundavit,et
350 855 429 889 cujus
445 862 575 882 manuum
591 862 675 889 opera
689 854 750 882 caeli
775 859 858 887 sunt;
870 862 961 881 nonne

1014 854 1177 889 νομοθεσίας
1191 853 1258 884 Θεὸς
1273 853 1353 883 αὐτὸς
1367 853 1417 888 μὲν
1431 854 1505 879 ἐστιν
1521 853 1535 879 ὁ
1545 852 1592 879 τοῦ
1609 853 1712 888 Κυρίου
1724 853 1800 888 ὴμῶν

167 909 277 929 omnem
290 901 457 936 impietatem
472 900 498 927 in
518 901 579 927 sinu
599 900 768 928 reconditam
786 900 898 933 habent,
913 901 959 935 qui

166 947 249 974 alium
266 947 377 982 quidem
397 946 506 974 Patrem
531 946 637 973 Domini
653 947 740 973 nostri
757 945 822 974 Jesu
848 946 961 980 Christi,

167 993 251 1021 alium
260 1000 326 1021 vero
341 993 402 1020 coeli
417 997 532 1020 etterra:
542 992 711 1020 conditorem
728 993 843 1027 tingunt,
861 992 962 1019 condi—

167 1038 220 1066 tori
236 1042 375 1066 creaturas
389 1045 454 1064 suas
467 1036 635 1069 auferentes,
657 1037 823 1071 easdemque
848 1037 964 1064 zizanio-

168 1092 228 1111 rum
244 1084 326 1112 satori
348 1083 538 1111 vindicantes?
560 1082 613 1111 Pro
639 1090 694 1118 quo
720 1088 794 1110 certe
820 1083 962 1110 interitum

168 1131 236 1167 ipsis
251 1131 396 1162 retribuet,
412 1134 441 1157 ut
463 1130 490 1157 in
510 1137 631 1165 poenam,
647 1137 708 1164 qua:
732 1129 770 1157 illi
792 1134 886 1165 parata
909 1134 962 1162 est.

167 1185 231 1204 cum
247 1177 306 1211 ipso
320 1176 465 1203 ducantur.
479 1174 583 1202 Similia
598 1174 679 1202 dictis
693 1174 721 1201 in
743 1175 820 1202 Actis
846 1174 963 1202 all‘erens

169 1223 282 1250 divinus
298 1221 397 1253 Lucas,
414 1220 550 1256 (quamvis
576 1220 694 1247 maxima
712 1220 810 1247 horum
828 1225 964 1255 apostata-

168 1276 228 1296 rum
242 1275 305 1303 pars
320 1267 392 1295 dicta
407 1267 467 1301 ejus
481 1274 535 1293 non
551 1265 689 1301 recipiat),
705 1266 780 1294 Isaia:
793 1266 898 1294 scilicet
920 1265 964 1294 vel

168 1314 260 1350 potius
278 1313 410 1348 Stephani
438 1313 531 1348 lingua
558 1319 634 1345 usus,
665 1313 772 1348 egregie
791 1320 841 1348 per
855 1312 964 1340 Judteos

169 1368 216 1388 ora
229 1359 283 1387 illis
293 1360 411 1386 obturat.
427 1358 453 1385 ls
463 1358 549 1391 enim,
565 1365 627 1384 cum
650 1358 754 1392 primus
768 1365 895 1385 coronam
922 1357 964 1385 vi-

169 1406 281 1433 ctricem
295 1408 473 1440 reportasset,
488 1404 516 1431 in
531 1412 580 1431 sua
596 1403 752 1431 Judaeorum
765 1403 963 1437 confutatione,

171 1453 243 1479 inter
254 1455 351 1479 caetera
363 1454 535 1486 argumenta,
545 1450 645 1485 quibus
656 1450 853 1484 impudentiam
870 1457 964 1477 eorum

170 1497 324 1531 confundit,
335 1497 441 1524 Patrem
460 1497 565 1524 Domini
580 1497 665 1524 nostri
680 1497 745 1524 Jesu
763 1496 866 1524 Christi
879 1497 965 1523 intro-

1019 899 1106 936 Ἰησοῦ
1132 900 1254 936 Χριστοῦ
1279 899 1395 934 Πατήρ·
1410 899 1492 930 αὐτὸς
1512 898 1542 925 δέ
1565 899 1639 925 ἐστιν
1654 900 1668 926 6
1691 899 1738 925 καὶ
1757 899 1800 926 τὸν

1013 946 1108 982 θρόνον
1121 945 1169 972 τοῦ
1187 945 1267 980 φύσει
1283 945 1378 976 παιδὸς
1392 945 1431 979 ('7)
1449 946 1487 977 είς
1503 945 1548 972 τὸν
1564 945 1651 973 αίῶνα
1663 946 1710 972 τοῦ
1729 945 1801 972 αἰῶ-

1013 1001 1077 1026 νος,
1105 992 1309 1028 ὲδρασάμενος·
1338 992 1386 1019 καὶ
1409 991 1464 1018 τῶν
1489 991 1612 1031 ἀγγέλων
1636 992 1744 1019 πάντων
1768 992 1801 1019 τὰ

1012 1039 1142 1074 τάγματα
1171 1038 1349 1074 προσκυνητὰ
1378 1039 1426 1065 κα)⁵
1453 1038 1535 1065 δοῦλα
1569 1038 1727 1074 πεποιηκὼς
1755 1039 1800 1066 τοῦ

1013 1085 1201 1120 γεννήματος·
1218 1085 1233 1111 6
1260 1085 1342 1117 αὐτὸς
1358 1085 1387 1112 δὲ
1405 1085 1452 1111 καὶ
1474 1085 1524 1112 οὐκ
1538 1085 1618 1117 ἄλλος
1639 1086 1689 1121 τήν
1703 1093 1734 1112 τε
1751 1086 1801 1120 γῆν
1840 1088 1857 1098 ³

1013 1131 1197 1166 ὲθεμελίωσε,
1223 1132 1272 1158 καὶ
1296 1131 1366 1167 ἔργα
1388 1131 1443 1157 τῶν
1469 1131 1568 1167 χειρῶν
1591 1131 1674 1158 αὐτοῦ
1695 1132 1763 1158 εἰσιν
1778 1133 1801 1159 οἰ

1014 1177 1143 1212 οὐρανοί·
1160 1177 1220 1209 πῶς
1243 1177 1273 1204 οὺ
1294 1178 1385 1204 πᾶσαν
1406 1176 1535 1204 ἀσέϐειαν
1561 1177 1801 1212 ἀποκρύπτουσιν,

1013 1225 1039 1251 οἰ
1055 1224 1134 1251 ἄλλον
1148 1224 1199 1259 μὲν
1215 1223 1261 1251 τὸν
1277 1224 1388 1260 Πατέρα
1406 1224 1531 1258 λέγοντες
1548 1223 1593 1251 τοῦ
1610 1224 1712 1260 Κυρίου
1727 1224 1803 1259 ήμῶν

1021 1270 1110 1307 Ἰησοῦ
1130 1270 1261 1307 Χριστοῦ,
1288 1270 1367 1297 ἄλλον
1389 1270 1417 1297 δὲ
1432 1271 1478 1297 τὸν
1501 1271 1742 1306 δημιουργήσαντα
1758 1269 1804 1296 τὸν

1013 1316 1128 1352 οὐρανὸν
1145 1317 1192 1343 καὶ
1206 1316 1256 1351 τὴν
1271 1317 1334 1351 γῆν,
1354 1315 1535 1351 ἀφαιροῦντες
1552 1316 1601 1351 μὲν
1616 1316 1662 1342 τοῦ
1687 1315 1802 1343 κτίστου

1014 1361 1049 1389 τὰ
1071 1362 1211 1397 κτίσματα
1224 1380 1232 1393 ,
1254 1361 1383 1396 νέμοντες
1405 1360 1433 1387 δὲ
1456 1359 1543 1387 ταῦτα
1572 1360 1610 1395 τῷ
1634 1362 1730 1395 σπορεῖ
1749 1360 1804 1387 τῶν

1015 1407 1155 1440 ζιζανίων,
1172 1405 1216 1442 ἐφ’
1229 1403 1251 1441 ᾦ
1267 1406 1317 1442 τὴν
1333 1406 1471 1433 ἀπώλειαν
1486 1406 1578 1438 αὐτοῖς
1594 1406 1802 1441 ἁνταμείψεται,

1015 1454 1064 1481 καὶ
1079 1453 1128 1489 τὴν
1142 1454 1348 1489 ἡτοιμασμένην
1370 1452 1443 1488 αὐτῷ
1462 1452 1597 1488 τιμωρίαν
1614 1452 1803 1487 συμμετάγον-

1015 1508 1071 1526 ται.
1091 1499 1132 1526 Τὰ
1160 1498 1205 1525 ι’σι
1220 1499 1248 1525 δὲ
1264 1499 1321 1529 τοῖς
1340 1498 1498 1534 εἰρημένοις
1519 1499 1571 1525 κάν
1586 1499 1648 1530 ταῖς
1669 1498 1804 1534 Πράξεσιν

170 1544 419 1572 ducitclamantem
431 1548 459 1570 et
472 1543 611 1570 dicentem
628 1551 635 1570 :
649 1542 756 1575 Catum,
770 1543 833 1569 milii
855 1543 961 1569 thronus

1014 1547 1028 1572 6
1043 1546 1115 1577 θεῖος
1131 1545 1249 1576 Λουκᾶς,
1269 1545 1293 1570 εί.
1305 1544 1352 1571 καὶ
1368 1543 1399 1570 τὺ
1416 1543 1542 1569 πλεῖστον
1561 1543 1611 1577 τῆς
1634 1543 1804 1575 ἀποστασίας

171 1596 219 1623 eu,
230 1597 253 1617 et
269 1595 341 1617 terra
350 1589 492 1617 scabeltum
505 1590 600 1623 pedum
615 1597 742 1616 meorum.
758 1587 845 1621 Quam
856 1589 961 1616 domum

1014 1590 1104 1618 αὐτῶν
1124 1591 1173 1621 τὰς
1194 1591 1300 1617 ἐκείνου
1313 1590 1404 1624 φωνὰς
1415 1590 1445 1616 οὐ
1461 1589 1602 1624 προσίεται
1614 1598 1620 1604 ·
1637 1590 1711 1624 ὅμως
1733 1589 1806 1616 ἐκεῖ·

171 1635 337 1670 tediﬁcabitis
354 1635 474 1668 mihi,ait
492 1634 621 1661 Dominus
637 1634 670 1662 ⁸³.
691 1633 724 1662 Εῑ
740 1642 800 1670 qua:
819 1634 846 1661 in
870 1634 961 1662 Evan-

1014 1646 1058 1669 νος
1083 1638 1116 1672 τῇ
1139 1636 1253 1663 Ἦσαϊου
1274 1637 1365 1671 φωνῇ,
1383 1635 1482 1671 μᾶλλον
1498 1634 1527 1661 δὲ
1545 1636 1578 1671 τῇ
1594 1635 1641 1661 τοῦ
1667 1635 1803 1670 Στεφάνου

171 1672 256 1718 κοιίῙέ
265 1680 394 1708 Servator
406 1680 475 1708 dixit
489 1680 522 1708 de
532 1681 621 1712 Patre,
635 1680 764 1708 thronum
779 1680 889 1716 quidem
902 1681 961 1716 ejus

1015 1683 1184 1718 κεχρημένος
1203 1681 1324 1719 γλώσσῃ,
1337 1681 1474 1717 λαμπρῶς
1488 1681 1579 1708 αὐτῶν
1593 1681 1637 1708 διὰ
1651 1681 1734 1717 μέσου
1749 1681 1805 1708 τῶν

172 1728 281 1759 οωίιιιιι,
299 1727 449 1755 scabellum
467 1735 532 1755 vero
548 1733 660 1760 terram,
678 1732 706 1755 et
718 1727 814 1755 urbem
824 1727 883 1763 ejus
898 1727 961 1755 Hie-

1021 1728 1157 1755 Ίουδαίων
1173 1728 1325 1764 ἐμφράττει
1349 1727 1384 1754 τὰ
1401 1727 1523 1762 στόματα
1536 1736 1542 1742 ·
1565 1724 1641 1756 οὗτος
1656 1726 1711 1762 γὰρ
1730 1727 1745 1753 6
1758 1726 1805 1754 τὸν

173 1773 306 1807 rosolyma
331 1772 557 1803 vocans.eadem
588 1776 704 1801 testatus
731 1773 836 1808 primus
861 1778 961 1809 martyr

1015 1773 1193 1809 ὰθλοφορικδν
1215 1773 1323 1809 πρῶτος
1339 1772 1544 1808 ἀναδησάμενος
1563 1771 1704 1807 στέφανον,
1723 1773 1752 1799 ὲν
1766 1771 1806 1807 τῷ

172 1818 249 1846 Ιειίιιξ
264 1818 354 1845 verbis
378 1817 488 1845 Patrem
515 1818 664 1846 introducit
689 1819 785 1846 eadem
815 1818 961 1846 dicentem.

172 1864 242 1892 Alibi
258 1871 367 1899 quoque
378 1864 477 1891 iterum
501 1865 641 1897 Servator,
657 1864 889 1899 vaniloquentiam
916 1865 961 1899 jn-

173 1910 292 1937 rantium
309 1910 462 1944 reprimens
481 1914 509 1936 et
521 1910 652 1938 cohibens
668 1909 792 1937 eamdem
811 1909 963 1937 doctrinam

173 1955 280 1982 astruit.
293 1954 375 1982 Stutti
390 1955 471 1987 enim,
483 1955 530 1987 ait,
546 1960 570 1982 et
586 1956 657 1988 cwci,
671 1956 729 1990 quis
745 1955 832 1990 major
846 1959 882 1982 est
893 1955 905 1981 ?
915 1962 963 1981 au-

174 2009 277 2034 rumue,
294 2009 330 2028 an
344 2001 712 2037 tentplum,quodsanctiﬁcat
729 2009 825 2028 aurum
844 2001 868 2017 ⁵³
883 2001 894 2028 ?
907 2000 961 2027 lta-

174 2055 228 2081 que
239 2047 369 2080 tcmplum
392 2047 492 2074 veteris
515 2047 688 2075 instrumenti
706 2055 762 2074 non
786 2047 874 2074 solum
900 2054 964 2073 san-

174 2097 248 2119 ctum
259 2097 327 2124 erat,
342 2092 390 2119 sed
400 2097 428 2119 et
441 2092 631 2120 sanctiﬁcandi
646 2093 672 2120 vi
689 2092 816 2127 pollebat.
840 2091 941 2119 lterum
955 2101 962 2119 :

177 2139 268 2166 Utrum
281 2138 367 2172 majus
393 2139 450 2166 est?
464 2139 608 2172 danumne,
621 2147 658 2166 an
679 2140 774 2172 altare,
794 2141 965 2176 sanctificatio

174 2185 294 2211 donum?
312 2184 365 2212 Ubi
389 2184 491 2212 diserte
513 2185 642 2217 ostendit,
672 2190 701 2212 et
729 2186 814 2213 altare
839 2190 965 2215 sanctum

174 2229 270 2261 fuisse.
288 2235 315 2257 et
328 2238 389 2265 qua:
401 2231 429 2257 in
449 2238 481 2258 eo
497 2229 694 2264 oﬂereliantur,
719 2236 811 2259 sancta
832 2232 965 2261 eﬂecisse.

1015 1821 1084 1857 πρὸς
1108 1821 1171 1852 τοὺς
1193 1819 1337 1852 Ἰουδαίους
1357 1819 1472 1854 ἐλέγχῳ,
1495 1819 1586 1850 ἄλλοις
1612 1827 1641 1845 τε
1662 1818 1808 1854 ἐπιχειρή-

1018 1875 1084 1903 μασι
1101 1866 1132 1893 τὸ
1156 1865 1336 1900 ἀναίσχυντον
1366 1864 1457 1892 αὐτῶν
1484 1864 1673 1900 καταισχύνων
1700 1864 1807 1898 εἰσάγει

1016 1914 1064 1940 καὶ
1082 1912 1128 1939 τὸν
1143 1912 1256 1947 Πατέρα
1274 1911 1322 1937 τοῦ
1346 1911 1449 1946 Κυρίου
1474 1910 1553 1946 ἡμῶν
1573 1910 1662 1945 Ἰησοῦ
1684 1909 1807 1945 Χριστοῦ

1015 1958 1216 1993 διακεκραγότα
1230 1958 1276 1983 καὶ
1291 1957 1414 1992 λέγονταθ
1436 1957 1469 1983 '0
1482 1957 1609 1990 οὐρανός
1620 1965 1671 1990 μοι
1685 1957 1806 1990 θρόνος,

1016 2006 1035 2039 ’ὴ
1046 2004 1081 2031 δὲ
1092 2004 1130 2039 τῆ
1146 2003 1313 2031 ὑποπόδιον
1325 2002 1385 2029 τῶν
1400 2001 1501 2029 ποδῶν
1517 2011 1576 2037 μου
1588 2009 1595 2016 °
1616 2001 1704 2029 ποῖον
1722 2000 1809 2029 οἷκον

1016 2049 1231 2085 οἰκοδομήσετέ
1242 2057 1304 2083 μοι,
1319 2048 1402 2083 λέγει
1416 2049 1524 2082 Κύριος
1535 2056 1545 2080 ;
1558 2049 1614 2075 Καὶ
1626 2048 1697 2083 ἆπερ
1713 2048 1809 2080 ἐντοῖς

1017 2096 1195 2131 Εὑαγγελίοις
1209 2097 1224 2122 6
1241 2095 1336 2130 Σωτὴρ
1356 2094 1409 2129 ἔφη
1425 2094 1490 2129 περὶ
1506 2093 1553 2121 τοῦ
1572 2094 1678 2130 Πατρδς
1689 2115 1696 2127 ,
1711 2094 1809 2130 θρόνον

1019 2142 1069 2178 μὲν
1093 2141 1185 2168 καλῶν
1208 2140 1254 2167 τὸν
1268 2139 1394 2175 οὐρανὸν,
1410 2139 1553 2166 ὑποπόδιον
1568 2139 1597 2166 δὲ
1611 2140 1661 2175 τὴν
1673 2139 1735 2175 γῆν,
1760 2140 1811 2166 καὶ

1019 2187 1096 2214 πόλιν
1122 2186 1205 2213 αὑτοῦ
1225 2185 1259 2213 τὰ
1286 2186 1475 2221 Ἰεροσόλυμα·
1493 2185 1578 2212 ταῦτα
1602 2185 1810 2221 συμμαρτυρῶν

1018 2233 1033 2260 6
1044 2233 1245 2269 πρωτομάρτυς
1261 2230 1299 2267 τῷ
1316 2231 1439 2267 Δεσπότῃ
1451 2231 1496 2258 διὰ
1510 2233 1560 2267 τῆς
1586 2231 1697 2258 Ἡσαΐου
1716 2231 1811 2266 φωνῆς

176 2277 208 2303 Et
222 2281 284 2311 post
311 2284 398 2311 pauca
421 2276 480 2303 :Et
504 2277 548 2311 qui
572 2276 666 2311 jurat,
690 2277 789 2312 inquit,
809 2286 855 2313 per
877 2279 961 2306 οωίιιιι

1018 2279 1064 2305 τὸν
1080 2279 1189 2314 Πατέρα
1205 2278 1325 2313 παράγει
1340 2277 1457 2311 λέγοντα
1473 2278 1507 2303 τὰ
1521 2277 1600 2304 αὑτά.
1621 2277 1665 2304 Ἐν
1678 2277 1768 2308 ἄλλοις
1780 2277 1812 2304 δὲ

175 2322 272 2357 (aperi,
293 2322 387 2355 homo,
398 2329 493 2349 aurem
507 2330 588 2357 quam
602 2323 637 2350 ad
658 2323 823 2351 audiendum
844 2324 957 2352 formavi

1019 2325 1101 2352 πάλιν
1122 2325 1136 2350 6
1156 2324 1253 2359 Σωτὴρ
1267 2324 1317 2358 τὴν
1336 2323 1391 2349 τῶν
1410 2323 1566 2357 ὀμνυόντων
1577 2322 1743 2358 στηλιτεύων
1760 2323 1813 2349 καὶ

175 2369 258 2401 Deus,
269 2367 471 2396 transformavit
489 2373 581 2396 autem
593 2368 618 2395 is
634 2369 755 2404 quivere
769 2370 857 2397 malus
869 2375 922 2403 est,
941 2379 958 2398 u

1019 2370 1204 2405 ἐπιστομίζων
1232 2370 1440 2406 ματαιολογίαν,
1454 2369 1503 2405 τὴν
1524 2370 1609 2405 αὐτὴν
1626 2369 1756 2405 κρατύνει
1770 2368 1814 2395 δι-

175 2415 276 2441 surdus
288 2422 379 2447 esses;
389 2415 464 2448 audi,
480 2414 600 2450 inquam)
614 2424 620 2441 :
632 2414 682 2447 Qui
689 2415 777 2450 jurat,
796 2416 900 2451 inquit,
921 2425 961 2451 ρει

1018 2417 1177 2444 δασκαλίαν.
1194 2416 1291 2451 Μωροὶ
1306 2415 1372 2452 γὰρ,
1386 2415 1464 2450 φησὶ,
1484 2415 1534 2442 καὶ
1550 2415 1658 2450 τυφλοὶ
1668 2434 1675 2446 ,
1687 2416 1733 2448 τίς
1742 2415 1814 2449 μεί-

177 2458 280 2490 raetum,
295 2458 371 2493 jurat
383 2467 428 2494 per
437 2460 560 2487 thronum
575 2459 624 2487 Dei
635 2467 658 2488 et
675 2469 722 2495 per
741 2469 800 2488 eum
833 2462 878 2497 qui
894 2462 961 2490 sedet

1019 2463 1075 2495 ζων
1092 2463 1200 2496 ἑστίν;
1218 2464 1234 2490 ὀ
1258 2461 1372 2498 χρυσός
1389 2462 1409 2496 ἢ
1428 2463 1443 2488 ό
1473 2462 1561 2495 ναὸς,
1578 2462 1595 2488 ὁ
1609 2460 1733 2495 ἁγιάζων
1756 2460 1814 2487 τὸν

213 2537 236 2552 ⁸⁰
246 2536 329 2564 Hebr.
347 2545 367 2571 ι,
381 2538 407 2565 7.
444 2538 467 2555 ⁵¹
485 2539 551 2567 ibid.
569 2539 596 2567 8.
634 2539 658 2555 "
670 2538 740 2569 Psal.
761 2547 797 2572 Ct,
809 2540 855 2573 26,
870 2539 923 2574 27;
941 2539 961 2567 H

1016 2560 1023 2567 .
1042 2549 1061 2574 ι,
1080 2541 1130 2573 l0,
1151 2540 1194 2567 ιι.
1233 2539 1256 2556 ⁵³
1269 2540 1330 2567 Act.
1350 2548 1398 2572 vlt,
1413 2540 1458 2567 49.
1497 2539 1521 2555 ’⁸
1543 2538 1641 2567 Matth.
1669 2547 1747 2571 χχιιι,
1761 2537 1813 2568 27.

724 2627 841 2656 γΑιιιιΕ
858 2628 1054 2657 LECTIONES
1074 2628 1117 2656 ΕΤ
1138 2627 1255 2656 ίΝΟΤΕ.

212 2698 253 2741 (7)
269 2698 325 2725 Τοῦ
338 2698 431 2741 privet
437 2698 557 2741 3109.369
570 2699 598 2727 ld
610 2699 732 2741 esu-veri
742 2700 802 2734 ﬁlii.
812 2708 866 2727 non
885 2700 970 2741 adop—

178 2734 238 2766 tivi,
263 2741 316 2761 non
335 2734 465 2769 putatitii.
488 2734 551 2763 llasc
575 2735 648 2762 enim
661 2735 736 2762 inter
754 2741 867 2763 caeteras
891 2736 967 2762 notio

179 2771 262 2805 hujus
275 2769 349 2797 vocis
366 2774 408 2797 est
422 2770 493 2805 apud
512 2769 658 2804 scriptores
672 2770 884 2798 ecclesiasticos.
900 2770 967 2798 Vide

179 2805 303 2840 inprimis
316 2805 424 2840 Dionys.
437 2805 542 2841 Petavii
553 2806 691 2841 Dogmata
706 2806 839 2841 theologi.,
852 2811 918 2833 tom.
932 2807 964 2837 ll.

181 2841 226 2868 lib.
242 2847 278 2873 IV,
295 2848 320 2868 c.
333 2841 360 2875 ‘2,
377 2848 439 2876 pag.
452 2840 517 2874 190;
535 2840 628 2868 Mosen
641 2840 826 2876 Amyralduin,
844 2841 911 2869 Diss.
929 2849 967 2875 γι,

1021 2700 1154 2736 Tlteolog.,
1174 2700 1207 2727 de
1220 2704 1332 2736 peccato
1347 2699 1540 2736 Originali_._p.
1556 2698 1618 2736 $18!,
1639 2705 1714 2736 seqq.
1734 2701 1762 2736 et
1778 2704 1817 2736 ex

1019 2732 1190 2762 nostraiibus
1216 2732 1375 2770 Christuph.
1395 2732 1706 2770 Franchii,iE1ercita»tt.
1732 2732 1817 2770 Argi-

1019 2770 1166 2798 Limborch.
1194 2779 1221 2806 ι),
1236 2770 1288 2797 266
1313 2766 1369 2806 seq.
1386 2773 1413 2806 et
1427 2770 1513 2797 celeb.
1529 2768 1733 2806 JoanfjAlbert.
1760 2766 1818 2806 lfa—

1019 2805 1145 2838 hricium,
1160 2803 1314 2833 ad'Seactum
1324 2803 1500 2840 Einpiricum,
1511 2812 1538 2839 p.
1550 2804 1577 2831 9.
1593 2803 1638 2832 Sic
1653 2807 1756 2836 noster,
1768 2803 1818 2829 in-

1022 2840 1072 2873 fra,
1088 2841 1197 2877 γνήσιον
1213 2841 1271 2867 υἱὸν
1285 2840 1413 2876 appellat.
