1930 3079
139 125 184 157 109

656 125 804 156 CONTRA
823 124 1052 155 MANICH/EOS
1072 124 1187 154 LIBER
1209 125 1247 154 II.

1699 125 1750 157 110

138 180 269 216 χρυσόν;
282 179 386 206 Οὐκοῦν
401 179 415 206 ὸ
428 178 478 214 τῆς
491 178 610 211 παλαιᾶς
622 179 686 211 ναὸς
699 179 730 206 οὐ
745 181 825 215 μόνον
842 179 917 213 ἅγιος

982 187 1045 213 uper
1054 179 1182 213 ipsum".
1194 179 1287 213 itaque
1300 182 1421 206 sanetum
1430 178 1540 214 quidem
1553 183 1596 206 est
1608 180 1748 214 templum,

137 225 175 262 ἦν,
196 226 264 253 ἀλλὰ
290 227 336 266 ttat
365 224 488 259 ἁγιάζειν
503 223 577 260 εἶχεν
599 225 685 260 ἰσχύν.
702 226 757 252 Καὶ
769 225 849 252 πάλιν
862 232 869 239 ·
884 225 915 251 Τί

135 272 247 307 agitor;
271 271 305 298 τὸ
317 270 412 304 δῶρον
425 271 444 304 ἢ
460 271 492 296 τὸ
511 270 728 304 θυσιαστήριον
741 270 775 297 τὸ
796 269 914 304 ἁγιάζον

138 319 166 344 τὸ
185 317 298 351 ὃῶρον;
321 316 414 351 σαφῶς
430 315 570 343 κάνταῦθα
583 315 700 347 δεικνὺς,
720 316 761 342 ὅτι
776 315 806 342 τὸ
820 316 915 342 θυσιαο

139 365 242 398 στήριον
259 362 336 396 ἅγιόν
359 370 388 389 τε
405 359 449 397 ἦν,
467 362 514 388 καὶ
526 362 559 388 τὰ
586 363 614 388 ὲν
633 361 708 397 αὑτῷ
734 361 916 395 ἀντιτιθέμενα

139 410 200 444 am
211 410 309 436 ἐποίει.
322 409 376 435 Καὶ
387 408 456 443 μετὰ
469 407 581 443 βραχέα·
595 408 649 434 Καί
660 409 676 434 ό
686 408 809 442 ὀμόσας,
824 406 915 440 φησὶν,

139 456 170 482 ἐν
189 454 229 487 τῷ
248 454 363 488 οὐρανῷ
390 453 548 489 (διὰνοιξον,
569 453 708 489 ἄνθρωπε,
725 453 755 480 τὸ
771 453 833 485 οὓς,
849 453 916 487 ὅπερ

139 500 236 526 ἔπλασε
253 499 302 531 μὲν
315 500 329 525 ὁ
343 499 407 531 Θεὸς
419 499 538 531 ἀκούειν,
554 499 707 535 μετέπλασε
721 498 749 525 δὲ
761 499 798 530 ὡς
811 498 918 532 ἀληθῶς

139 546 151 571 ὀ
170 544 288 579 Πονηρὸς
304 545 344 575 εἰς
361 543 461 577 κωφόν.
490 544 564 579 Πλὴν
579 542 723 578 ἄκουσον)·
743 544 769 569 ’0
792 543 917 577 ὀμόσας,

140 593 236 626 φησιν,
253 591 288 618 ἐν
314 591 353 623 τῷ
372 590 498 625 adparuit,
519 591 621 625 ὀμνύει
640 590 674 617 ἐν
688 589 727 623 τῷ
748 590 843 623 θρόνῳ
864 589 918 616 τοῦ

140 637 222 669 Θεοῦ,
245 637 292 669 καί
314 636 349 663 ἐν
366 636 407 668 τῷ
423 637 580 670 καθημένῳ
601 635 701 662 ἐπάνω
716 634 819 661 αὐτοῦ.
838 634 920 663 ’Ὠστε

140 684 214 717 ἅγιος
241 683 290 718 μὲν
315 683 329 709 ὁ
358 681 430 714 ναὸς,
447 681 524 716 ἅγιον
552 681 579 708 δὲ
592 683 622 708 τδ
640 681 847 716 θυσιαστήριον,
872 680 920 706 καὶ

141 729 216 764 χάριν
243 727 304 762 ἕχον
323 727 398 753 θείαν
428 726 588 760 ἀγιοποιεῖν,
618 726 664 752 καὶ
691 725 784 760 θρόνος
812 725 886 751 ἐστὶν
907 725 921 750 ό

141 773 252 809 οὐρανὸς
272 772 320 799 τοῦ
334 772 461 806 ἀληθινοῦ
477 771 544 798 Θεοῦ
569 771 615 798 καὶ
633 771 739 806 Πατρὺς
753 769 801 797 τοῦ
819 769 919 804 Κυρίου

141 818 217 853 ἡμῶν
246 817 339 852 Ἰησοῦ
359 816 478 852 Χριστοῦ
494 823 500 830 ·
525 811 555 842 οὗ
581 816 628 842 καὶ
645 816 661 849 ἠ
683 814 773 845 κτίσις
790 814 922 848 σύμπασα

141 864 244 898 ποὲημα
260 864 308 889 καὶ
334 862 423 898 ἔργον,
454 862 484 888 Εἰ
501 861 530 888 δὲ
553 861 592 896 τῷ
621 860 680 895 Θεῷ
699 861 746 887 καὶ
762 860 849 895 Πατρὶ
873 858 919 885 τοῦ
936 854 956 882 Β

142 909 242 943 Κυρίου
260 908 337 942 ἡμῶν
369 907 458 942 Ἰησοῦ
484 906 603 941 Χριστοῦ
623 905 818 941 διακεγραγότι
840 903 926 931 ταῦτα

143 953 378 988 ἁντιςρθέγγονται,
399 951 510 988 Χριστῷ
524 952 552 978 δὲ
566 951 606 987 τῷ
633 950 752 987 ἀληθινῷ
772 950 832 986 Θεῷ
849 950 926 985 ἡμῶν

143 999 371 1034 συνφθεγγομένῳ
385 997 424 1033 τῷ
438 997 615 1032 γεγεννηκότι
631 997 661 1024 οὐ
686 997 834 1023 πείθονται.
851 995 926 1023 Παῦ-

965 229 1088 252 sanctum
1105 232 1169 252 vero
1194 228 1222 251 et
1239 224 1334 257 altare,
1356 224 1480 259 idemque
1495 224 1587 252 divino
1619 225 1750 253 beneﬁcio

965 272 1138 298 sanctilicans
1160 280 1166 297 :
1189 270 1286 298 coelum
1310 278 1373 297 vero
1396 275 1438 298 est
1455 271 1568 298 thronus
1583 272 1637 298 veri
1663 272 1707 299 Dei
1724 277 1751 300 et

965 313 1053 342 Patris
1066 314 1172 341 Domini
1185 314 1269 341 nostri
1281 314 1344 341 Jesu
1360 314 1469 341 Christi.
1488 315 1571 350 Cujus
1587 320 1613 343 et
1627 321 1750 343 creatura

966 361 1093 387 universa
1119 367 1187 394 opus
1208 365 1235 386 et
1261 359 1372 387 ell'ectus
1393 365 1444 388 est.
1457 361 1533 393 Quod
1544 361 1567 388 si
1579 370 1642 388 vero
1660 363 1715 389 Deo
1726 366 1753 389 et

967 405 1039 433 Patri
1054 405 1161 432 Domini
1187 406 1270 432 nostri
1293 405 1358 432 .Iesu
1372 406 1483 439 Christi,
1502 407 1552 434 ista
1569 407 1677 441 quidem
1690 415 1753 443 pro-

967 452 1105 484 clamanti,
1118 452 1311 487 ohloquuntur,
1327 453 1349 479 si
1365 451 1486 482 Christo.
1505 453 1559 480 Deo
1573 458 1665 481 nostro
1677 462 1752 486 vero,

968 497 1061 524 eadem
1075 505 1135 524 cum
1148 497 1227 524 Patre
1237 497 1348 530 dicenti,
1364 506 1419 525 non
1436 499 1570 532 credunt;
1593 500 1615 526 si
1630 500 1752 532 Paulum,

968 550 983 569 a
998 550 1051 577 quo
1067 542 1134 569 falso
1142 543 1376 578 cognominantur,
1392 544 1485 571 eadem
1498 548 1689 576 testantem,et
1703 545 1755 572 Da-

968 587 1058 614 videm
1076 588 1282 623 prophetantem
1312 589 1408 623 supine
1428 589 1583 624 negligunt;
1607 590 1629 617 si
1644 591 1676 617 ad
1703 590 1757 617 Lu-

970 641 1043 666 cam,
1071 633 1234 668 discipulum
1260 638 1288 660 et
1304 642 1455 668 prmeonem
1480 635 1607 662 salutaris
1624 635 1756 663 doctrinae

971 687 1026 707 non
1037 679 1195 711 attendunt;
1222 679 1245 707 si
1262 679 1429 714 Stephanum
1455 681 1583 716 denique,
1608 686 1757 716 martyrum

970 725 1087 760 primum
1097 729 1124 751 et
1135 725 1306 760 prophetam,
1323 726 1469 753 adductum
1485 727 1592 753 adunco
1613 734 1679 753 naso
1695 734 1757 753 sus-

971 770 1112 804 pendunt;
1141 770 1317 805 consequitur
1338 779 1395 802 eos,
1419 772 1491 806 quod
1507 776 1534 799 et
1549 772 1653 800 faciunt
1664 792 1671 804 ,
1688 772 1758 800 malo

971 815 1058 842 solum
1074 815 1209 850 principio
1222 816 1343 847 obedire,
1356 817 1400 843 cui
1424 821 1450 843 et
1465 817 1569 845 animas
1583 825 1646 844 suas
1658 822 1686 844 et
1698 825 1758 845 cor-

974 868 1038 896 pora
1050 861 1229 892 tradiderunt,
1247 861 1305 889 illas
1313 862 1421 896 quidem
1437 862 1528 897 impiis
1539 863 1758 898 cogitationibus,

980 906 1038 933 haec
1057 913 1123 932 vero
1136 906 1251 933 sordidis
1273 907 1426 934 actionibus
1445 907 1625 944 indulgentes.
1648 908 1761 944 Egregie

976 958 1040 978 vero
1053 951 1080 978 in
1093 950 1154 979 illos
1167 951 1281 986 quadrat
1301 953 1487 986 reprehensio,
1503 961 1518 980 a
1538 953 1652 981 Domino
1667 954 1694 980 in
1716 954 1760 981 in-

975 1001 1067 1032 gratos
1090 997 1198 1025 Judaeos
1217 998 1349 1032 conjecta,
1373 1006 1406 1026 eo
1433 999 1504 1033 quod
1524 999 1760 1032 Patreml'amilias,

142 1046 186 1072 λον
199 1045 228 1072 δὲ
248 1044 450 1081 μαρτυροῦντα,
465 1041 495 1070 οὖ
509 1043 715 1078 ψευδεπώνυμοι
727 1041 923 1077 παραγράφον-

142 1100 197 1123 ται,
218 1091 265 1117 καὶ
289 1091 334 1117 τὸν
358 1089 440 1116 Δα6“ιδ
458 1090 507 1123 μὲν
527 1087 684 1123 ὑπερορῶσι
708 1086 926 1122 προφητεύοντα,

975 1042 1110 1069 Beelzebul
1125 1048 1295 1071 vocaverant.
1314 1044 1451 1078 Apostataa
1469 1045 1543 1072 enim
1558 1045 1594 1072 illi
1612 1045 1762 1073 Patreml‘a-

976 1086 1065 1113 mitias
1078 1087 1161 1114 totius
1183 1088 1303 1115 universi
1320 1087 1461 1116 Beelzean
1478 1094 1584 1122 vocant,
1600 1091 1643 1118 vel
1672 1092 1763 1126 potius

144 1137 236 1172 Λουκᾷ
250 1136 278 1162 δὲ
292 1136 331 1171 τῷ
344 1135 451 1171 μαθητῇ
474 1134 521 1161 καὶ
536 1133 716 1168 εὐαγγελιστῇ
731 1132 776 1159 τοῦ
794 1132 928 1167 σωτηρίου

981 1131 1104 1167 injuriam
1118 1133 1197 1160 aliam
1206 1141 1289 1168 super
1311 1134 1390 1161 aliam
1403 1136 1590 1169 accumulant;
1609 1137 1676 1164 adeo
1702 1145 1764 1164 onl-

143 1180 222 1216 λόγου
237 1182 268 1207 οὐ
292 1181 470 1216 προσέχουσι.
501 1179 636 1212 Στέφανον
658 1178 685 1204 δὲ
700 1178 744 1204 τὸν
761 1179 789 1204 ἐν
811 1178 928 1212 μάρτυσι

981 1185 1042 1205 nem
1058 1178 1226 1213 impietatem
1241 1187 1406 1213 omnemque
1422 1181 1593 1209 insolentiam
1608 1182 1690 1210 factio
1705 1183 1764 1210 haec

145 1227 252 1262 πρῶτον
276 1227 324 1253 καὶ
335 1226 381 1253 τδν
395 1226 539 1262 προφήτην
556 1224 774 1259 συνεπαγόμενον
796 1222 929 1258 μυκτηρί-

981 1223 1063 1250 Deum
1082 1231 1240 1260 oppugnaris
1255 1224 1383 1252 levi0rem
1397 1234 1446 1253 sua
1459 1226 1552 1254 efﬁcit.

145 1275 247 1306 ζηυσιν,
262 1273 406 1300 ἀκόλουθόν
418 1274 492 1299 ἐστιν
504 1272 605 1303 αὐτοῖς,
619 1271 633 1297 ὃ
650 1272 696 1297 καὶ
712 1271 873 1306 πράττουσι,
885 1270 924 1305 τῷ
943 1270 1056 1307 Πονηρῷ
1079 1272 1152 1308 μόνῳ
1167 1272 1337 1309 πειθαρχεῖν,
1355 1272 1376 1308 ᾧ
1397 1275 1444 1301 καὶ
1460 1275 1510 1306 τὰς
1538 1275 1628 1311 ψυχὰς
1661 1277 1765 1312 ἐνεχει-

145 1330 236 1358 ρισαν,
263 1322 311 1347 καὶ
333 1321 369 1348 τὰ
391 1321 514 1356 σώματα,
533 1320 583 1351 τὰς
613 1319 662 1354 μὲν
682 1321 715 1355 τῇ
741 1319 853 1355 ἀσεϐείᾳ
878 1319 925 1346 τοῦ
946 1321 1131 1356 φρονήματος,
1144 1321 1178 1348 τὰ
1203 1322 1231 1349 δὲ
1249 1322 1294 1349 διὰ
1314 1322 1361 1349 τοῦ
1384 1323 1516 1359 βορϐόρου
1537 1324 1591 1350 τῶν
1627 1326 1763 1360 πράξεων-

151 1367 295 1403 ’Λρμόσειε
320 1366 342 1393 δ’
367 1366 400 1394 ἂν
415 1366 506 1397 αὐτοῖς
532 1363 562 1392 εὖ
578 1365 650 1401 μάλα
686 1364 734 1391 καὶ
759 1364 773 1389 ό
797 1364 870 1390 κατὰ
905 1364 959 1390 τῶν
979 1365 1134 1400 ἀχαρίστων
1173 1366 1306 1394 Ἰουδαίων
1335 1368 1499 1400 Δεσποτικὺς
1527 1368 1696 1405 ὀνειδισμὸς,
1725 1371 1766 1399 ὅτι

145 1415 190 1441 τὸν
211 1413 404 1449 οἰκοδεσπότην
428 1412 798 1445 Βεελζεᾶοὺλ,,ἀπεκά).εσαν.
827 1412 930 1443 Ὄντως
950 1412 1003 1448 γὰρ
1034 1413 1050 1449 ή
1083 1414 1236 1440 ἀποστασία
1249 1415 1293 1441 τὸν
1307 1414 1355 1441 τοῦ
1372 1416 1472 1447 παντὸς
1483 1417 1675 1454 οἰκοδεσπότην
1689 1419 1769 1446 Βεελ-

147 1459 244 1492 ζεΰοὺλ
277 1459 458 1494 ὀνομάζουσι·
483 1458 583 1494 μᾶλλον
607 1458 635 1484 δὲ
662 1457 794 1493 ἑκατέραν
817 1457 896 1492 ὕϐριν
916 1457 950 1484 δι’
987 1458 1122 1494 ἑκατέρας
1148 1460 1319 1494 εἰσάγουσιν·
1352 1460 1424 1487 οὕτω
1450 1462 1541 1489 πᾶσαν
1569 1462 1697 1491 ἀσέϐειαν
1720 1465 1766 1493 καὶ

148 1508 238 1534 πᾶσαν
250 1506 353 1541 τόλμαν
373 1506 391 1541 ἡ
416 1505 586 1540 προκειμένη
606 1505 739 1540 θεομαχία
763 1504 931 1540 κουφοτέραν
943 1505 1138 1540 ἀπεργάζεται.

183 1554 233 1581 ἰΒ’.
258 1551 384 1583 Ἐντολὰς
396 1552 424 1578 δὲ
441 1551 522 1578 πάλιν
541 1552 555 1578 ό
567 1551 664 1586 Σωτὴρ
679 1551 713 1577 τὰ
729 1550 864 1578 Μωσαῖχὰ
876 1550 933 1576 δια-
945 1562 967 1593 C

147 1600 275 1633 τάγματα
285 1598 387 1630 καλῶν,
398 1597 443 1623 καὶ
455 1596 593 1631 πανταχοῦ
607 1597 695 1631 τιμῶν
710 1596 760 1630 τὴν
774 1595 933 1630 νομοθεσίαν

148 1647 198 1680 τὴν
215 1644 363 1680 πατρικὴν,
387 1643 418 1669 '0
437 1642 519 1675 Θεὸς,
537 1642 629 1677 φησὶν,
648 1641 828 1669 ἐνετείλατο’
861 1641 934 1675 Τίμα

148 1692 202 1718 τὸν
216 1690 327 1724 πατέρα
338 1697 395 1717 σου
410 1689 459 1716 καὶ
472 1689 530 1723 τὴν
539 1689 652 1723 μητέρα
664 1697 732 1715 σου.
751 1688 815 1715 Καιο
836 1689 867 1714 '0
883 1695 935 1714 και

150 1737 285 1771 κολογῶν
301 1736 413 1770 πατέρα
435 1735 454 1770 ἢ
472 1736 596 1770 μητέρα,
618 1734 735 1766 θανάτῳ
758 1733 933 1761 τελευτάτω.

157 1781 256 1817 Ὑμεῖς
270 1781 444 1816 ἠκυρὼσατε
453 1781 510 1815 τὴν
517 1780 648 1813 ἐντολὴν
663 1779 714 1806 τοῦ
730 1779 803 1806 Θεοῦ
818 1779 866 1805 διὰ
878 1778 935 1812 τὴν

149 1828 320 1862 ,παράδοσιν
344 1827 437 1861 ὑμῶν.
463 1827 516 1853 Καὶ
532 1824 619 1852 ταῦτα
633 1824 728 1852 εἰπὼν
750 1825 876 1860 μάρτυρα
889 1824 935 1850 τὸν

156 1873 271 1900 Ἡσαΐαν
295 1872 441 1906 ἐπάγεται,
464 1870 570 1903 Καλῶς
582 1890 589 1901 ,
602 1870 707 1905 λέγων,
731 1869 936 1904 προεφήτευσε

150 1918 217 1951 περί
234 1917 316 1952 ὑμῶν
340 1916 468 1949 Ἡσαΐας,
487 1914 604 1950 Ἐγγίζει
615 1923 667 1948 μοι
679 1916 696 1941 ὁ
708 1913 783 1946 ,λαὸς
796 1912 884 1946 οὗτος
896 1913 936 1945 τῷ

148 1963 277 1997 στόματι
292 1961 400 1994 αὐτῶν,
420 1961 469 1989 καί
491 1960 553 1993 τοῖς
573 1960 691 1994 χείλεσι
701 1968 740 1994 με
753 1958 838 1994 τιμᾷ·
861 1960 880 1994 ἠ
902 1959 936 1986 δὲ

152 2008 259 2043 καρδία
274 2007 373 2034 αὐτῶν
385 2007 482 2041 πόρῤω
497 2005 603 2040 ἀπέχει
613 2006 664 2033 ἀπ’
678 2005 764 2039 ἐμοῦ.
780 2005 835 2032 Καὶ
852 2005 936 2040 πρόσ-

152 2063 198 2089 εχε
222 2053 332 2080 λοιπόνο
350 2053 455 2086 Μάτην
474 2052 508 2079 δὲ
522 2051 663 2079 σέϐονταί
680 2060 728 2086 με.
749 2051 840 2082 Aiaci;
858 2051 936 2077 Διότι

152 2099 332 2127 διδάσκουσι
347 2098 553 2130 διδασκαλίας,
567 2096 736 2132 ἐντάλματα
754 2095 916 2130 ἀνθρώπων
927 2103 934 2110 ·

150 2145 225 2172 ὥστε
236 2145 308 2180 ἅπερ
322 2144 371 2180 μὲν
382 2142 416 2179 ἦν
429 2143 584 2178 ἐντάλματα
595 2142 643 2170 ἀνθ
648 2141 756 2177 ρώπων,
774 2142 824 2168 οὐκ
834 2142 936 2177 ἤρεσκε

153 2191 241 2218 ταῦτα
262 2191 300 2226 τῷ
322 2190 454 2225 νομοθέτῃ
478 2189 554 2225 Θεῷ·
571 2188 640 2216 ἀλλὰ
656 2189 702 2215 καὶ
723 2188 800 2224 δίκης
827 2188 937 2223 ἐνόχους

1018 1551 1076 1579 ΧΠ.
1092 1552 1162 1580 Alibi
1192 1553 1319 1596 Servalor
1345 1554 1461 1583 Mosaica
1490 1556 1614 1586 instituta
1634 1566 1769 1596 prmcepta

987 1597 1136 1632 appellans,
1149 1602 1175 1625 et
1192 1599 1276 1634 legem
1297 1594 1311 1626 ἁ
1333 1599 1412 1627 Patre
1424 1601 1504 1633 latam
1520 1594 1640 1639 undique
1662 1606 1690 1633 in
1707 1594 1770 1641 pre-

989 1644 1026 1670 tio
1040 1644 1144 1671 habens
1159 1653 1165 1670 :
1178 1644 1257 1677 Deus,
1267 1645 1365 1680 inquit,
1382 1648 1500 1682 praecipit
1520 1656 1528 1675 :
1545 1649 1649 1677 Honora
1664 1657 1770 1686 patrem

988 1694 1072 1722 tuum,
1098 1695 1122 1717 et
1151 1695 1262 1718 matrem
1281 1697 1363 1719 tuam.
1388 1693 1421 1719 Et
1438 1694 1616 1722 :Maledicens
1638 1699 1708 1731 patri
1723 1703 1770 1725 au‘

987 1735 1078 1766 matri,
1097 1741 1179 1762 morte
1191 1737 1329 1763 moriatur.
1343 1737 1391 1764 Vos
1403 1741 1556 1766 mandatum
1567 1741 1615 1768 Dei
1625 1743 1770 1777 abrogarlia

987 1789 1034 1815 per
1046 1781 1213 1808 traditionem
1222 1788 1335 1809 uestram
1345 1784 1379 1809 ".
1394 1784 1481 1818 Atque
1493 1785 1551 1812 hac
1564 1787 1657 1814 dicens
1674 1788 1770 1816 Isaiam

990 1830 1084 1852 testem
1116 1826 1204 1857 ali‘ert.
1229 1826 1309 1857 Bene,
1336 1827 1473 1862 inquiens,
1499 1830 1620 1864 praedixit
1647 1832 1678 1858 de
1701 1833 1771 1859 vobi;

988 1870 1074 1897 Isaias
1087 1879 1096 1898 :
1107 1871 1305 1906 Appropinquat
1328 1873 1364 1899 ad
1382 1881 1422 1900 me
1438 1874 1548 1908 populus
1563 1875 1604 1902 hic
1622 1885 1666 1903 ore
1679 1885 1736 1910 suo,
1747 1882 1772 1905 et

990 1916 1067 1943 labiis
1077 1917 1131 1943 suis
1142 1916 1252 1943 honorat
1263 1925 1320 1949 me;
1330 1926 1374 1945 cor
1389 1927 1448 1945 vero
1456 1928 1544 1947 eorum
1554 1921 1628 1956 longe
1638 1931 1653 1948 a
1666 1931 1707 1949 me
1729 1932 1772 1950 re-

989 1966 1136 1988 molumeat
1148 1962 1182 1988 ".
1204 1963 1320 1990 Attende
1334 1971 1442 1999 quoque
1468 1965 1502 1992 ad
1517 1968 1656 2001 sequentia
1675 1977 1682 1995 :
1701 1968 1771 1996 Fru-

988 2012 1044 2034 stra
1060 2016 1120 2034 vero
1147 2007 1235 2034 colunt
1251 2017 1301 2036 me.
1323 2009 1397 2036 Cur?
1416 2009 1484 2042 Quia
1509 2012 1600 2039 docent
1627 2014 1770 2049 doctrinas,

988 2057 1117 2087 prcecepta
1129 2053 1263 2080 hominum
1281 2054 1314 2084 ⁸⁸,
1336 2055 1415 2088 adeo,
1442 2063 1501 2090 qua:
1526 2063 1604 2085 erant
1630 2060 1772 2088 hominum

991 2103 1137 2132 praecepta,
1157 2106 1188 2125 ea
1200 2098 1346 2133 legislatori
1364 2100 1419 2127 Deo
1441 2108 1494 2128 non
1512 2102 1664 2136 placebant.
1680 2104 1735 2132 lmo
1746 2110 1774 2132 et

990 2143 1116 2170 doctores
1128 2150 1222 2170 eorum
1238 2151 1325 2179 poena!
1337 2145 1468 2173 obnoxios
1478 2146 1603 2175 faciebat.
1620 2148 1774 2177 Tradebant

990 2197 1055 2216 vero
1071 2189 1129 2216 hare
1144 2189 1272 2217 Seniores
1289 2189 1444 2218 Scribarum
1459 2196 1486 2218 et
1503 2191 1710 2226 Pharisaeorum,
1734 2196 1773 2222 la-

152 2237 218 2269 τοὺς
240 2236 388 2271 εἰσηγητὰς
407 2235 498 2262 αὐτῶν
513 2235 610 2261 ἐποίει.
638 2234 754 2268 Εἰσῆγον
767 2233 795 2260 δὲ
810 2233 894 2260 ταῦτα
912 2241 926 2259 ο

990 2234 1041 2262 hiis
1056 2234 1166 2268 quidem
1179 2243 1208 2263 se
1219 2235 1302 2262 Deum
1315 2236 1405 2263 colere
1421 2245 1514 2264 verum
1535 2238 1666 2271 dicentes,
1690 2240 1773 2268 corde

157 2282 339 2317 πρεσϐύτεροι
349 2280 404 2307 τῶν
416 2280 606 2316 Γραμματέων
617 2280 665 2306 καὶ
671 2279 837 2314 Φαρισαίων,
849 2278 938 2305 σέϐειν

156 2328 207 2362 μὲν
215 2329 269 2359 τοῖς
276 2327 377 2362 χείλεσι
385 2326 510 2360 λέγοντες
522 2326 567 2352 τὸν
574 2325 700 2360 ἀληθινὸν
709 2324 785 2357 Θεὸν,
793 2325 826 2359 τῇ
834 2324 861 2350 δὲ
872 2332 940 2359 καρ-

152 2373 200 2400 δία
216 2373 309 2409 πόρρω
324 2372 493 2407 διεστηκότες
506 2371 600 2398 αὐτοῦ.
624 2371 654 2398 '0
666 2368 713 2397 οὖν
727 2370 852 2405 ἀληθινὸς
871 2370 940 2402 Παῖς

154 2419 204 2445 καὶ
212 2419 275 2449 Υἱὸς
282 2418 409 2454 ἀληθινοῦ
417 2418 484 2445 Θεοῦ
494 2418 542 2445 καὶ
554 2417 669 2452 Πατρδς,
679 2413 709 2443 οὗ
721 2417 770 2452 τῆς
780 2415 940 2451 νομοθεσίας

156 2465 207 2497 τὰς
213 2466 314 2496 οἰκείας
321 2464 359 2501 (8)
369 2465 528 2500 προέκρινον
540 2463 712 2493 διδασκαλίας
718 2463 741 2489 οἰ
747 2462 902 2497 ἀγνώμονες
908 2462 938 2487 ἐν

163 2511 283 2547 Ἰσραὴλ,
298 2509 374 2543 οὗτος
389 2512 403 2538 ὁ
423 2510 516 2545 Σωτὴρ
528 2509 606 2545 ἡμῶν
619 2510 667 2544 τήν
682 2517 710 2535 τε
731 2509 849 2542 ματαίαν
868 2506 939 2534 κατὰ

155 2557 212 2583 τῶν
228 2557 355 2591 μαθητῶν
370 2556 471 2592 μέμψιν
487 2555 541 2583 τῶν
556 2554 709 2591 ἀχαρίστων
732 2553 864 2581 Ἰουδαίων
877 2554 938 2579 ἐπι-

157 2602 304 2638 στομίζων,
316 2602 363 2629 καὶ
374 2603 407 2628 τὰ
418 2601 560 2638 βρώματα,
569 2602 606 2632 ὡς
613 2600 660 2627 τοῦ
673 2599 778 2635 Πατρὺς
787 2599 938 2633 ποιήματα,

156 2650 249 2684 πάσης
261 2650 383 2684 πονηρᾶς
395 2648 555 2683 ὑπολήψεως
569 2646 734 2682 καθαρίζων,
747 2644 817 2672 καθὰ
831 2644 863 2680 δὴ
879 2652 940 2670 συν-

193 2709 215 2726 ³⁸
229 2708 324 2736 Matth.
339 2716 406 2741 un,
429 2707 474 2734 2|.

988 2288 1053 2308 vero
1065 2280 1099 2307 ab
1118 2289 1150 2308 eo
1163 2281 1258 2316 procul
1274 2281 1380 2308 remoti.
1397 2281 1483 2309 Verus
1498 2282 1580 2318 igitur
1597 2284 1666 2311 [ilius
1685 2290 1713 2312 et
1724 2293 1774 2312 na-

990 2331 1035 2353 tus
1063 2326 1109 2354 Dei
1128 2334 1160 2354 ac
1184 2327 1281 2359 Patris,
1306 2327 1384 2362 cujus
1407 2327 1459 2363 legi
1485 2336 1547 2356 suas
1576 2330 1773 2365 praeceptiones

991 2371 1109 2406 imperiti
1151 2371 1279 2399 lsraelitae
1312 2372 1510 2406 praeferebant,
1548 2373 1610 2407 ille,
1642 2374 1772 2410 inquam,

990 2416 1118 2443 Servatur
1146 2421 1240 2444 noster
1268 2420 1295 2443 et
1322 2424 1418 2444 vanam
1456 2418 1698 2453 ingratissimorum
1724 2421 1774 2449 Jn-

988 2462 1108 2489 dmorum
1129 2462 1158 2490 in
1169 2463 1315 2498 discipulos
1342 2469 1407 2490 suos
1430 2464 1691 2494 animadversionem
1727 2467 1775 2495 ob-

989 2507 1095 2538 tundit,
1125 2511 1152 2534 et
1174 2507 1268 2540 cibos,
1290 2512 1416 2541 tanquam
1442 2507 1528 2536 Patris
1551 2515 1714 2543 creaturam,
1740 2511 1775 2538 ab

988 2551 1063 2579 omni
1094 2558 1177 2586 prava
1206 2552 1361 2587 suspicione
1382 2553 1487 2586 liberat,
1508 2553 1579 2581 sicut
1604 2559 1633 2581 et
1659 2559 1774 2582 testatur

989 2597 1185 2629 Evangelista;
1202 2596 1262 2624 Non
1280 2598 1348 2633 quod
1364 2599 1519 2632 ingreditur,
1535 2599 1670 2634 inquiens,
1683 2599 1712 2626 in
1734 2608 1773 2632 os,

989 2643 1109 2677 inquinat
1132 2643 1272 2677 hominem,
1299 2644 1344 2670 sed
1356 2645 1425 2679 quod
1449 2645 1580 2680 egreditur
1593 2654 1625 2672 ex
1641 2653 1694 2678 ore,
1706 2645 1773 2672 illud

519 2707 542 2723 "
565 2706 660 2734 Matth.
678 2713 723 2738 xv,
739 2705 782 2732 46.
823 2705 845 2721 ⁵⁷
864 2705 956 2732 Matth.
973 2712 1038 2736 xm,
1054 2705 1079 2731 7.
1117 2703 1141 2720 ⁵⁸
1155 2702 1221 2731 ibid.
1236 2703 1263 2730 8.
1300 2704 1322 2720 "
1338 2704 1432 2732 Matth.
1447 2712 1491 2738 xv,
1506 2704 1549 2733 Η.

696 2771 812 2800 VARUS
832 2771 1024 2801 LECTIONES
1040 2771 1085 2799 ET
1101 2770 1217 2799 NOTAE.

197 2831 235 2866 (8)
260 2831 384 2863 Οικιιίας.
405 2829 446 2858 Ita
472 2830 532 2866 lego
549 2837 598 2865 pro
624 2829 722 2863 οἰκίας,
740 2829 811 2864 quod
832 2829 859 2858 in
877 2837 928 2857 ms.
949 2831 1046 2857 exstat.
