1930 3079
169 127 216 160 111

726 128 840 158 PIIOTI
845 128 857 157 Ι
878 127 1129 159 PATRIARCI‘L‘E
1148 130 1201 161 CP.
1747 132 1756 164 ί
1765 131 1792 163 12

165 185 286 221 inquinat
298 185 428 212 hominem
438 184 471 211 ".
494 183 564 210 Alibi
581 191 645 211 vero
663 183 762 211 iterum
778 184 876 219 paucis
895 190 954 210 ver-

1007 184 1224 220 επιμαρτύρεται
1239 185 1288 211 καὶ
1303 186 1317 212 6
1328 186 1526 222 εὐαγγελιστής
1537 195 1543 202 ’
1555 188 1597 214 Oi")
1611 187 1644 214 τὸ
1663 188 1794 223 εἰσερχό-

165 231 207 258 his
220 231 390 258 concordiam
406 234 434 256 et
447 230 582 264 justitiam
597 230 668 256 inter
692 229 816 256 homines
847 229 953 256 stabili-

165 280 252 308 turus,
263 276 313 303 ista
327 275 447 310 praecipit
461 285 467 302 :
480 274 645 310 Quatcunque
655 274 790 302 volueritis
809 279 836 300 ut
852 274 953 310 faciant

164 321 234 348 vobis
254 321 378 353 homines,
404 321 496 347 eadem
516 326 541 347 et
563 329 606 347 vos
629 321 709 356 facile
727 320 779 346 illis
803 320 837 347 ⁸ο.
877 319 954 347 llanc

165 373 240 393 Suam
279 365 493 393 admonitionem
517 370 544 392 et
566 366 653 401 legem
684 371 712 392 ut
739 365 902 400 inculpatum
925 368 954 391 et

164 411 258 438 utilcttt
272 411 522 444 commendaturus,
537 411 629 438 addito
642 411 731 445 elogio
750 411 818 446 legis
839 415 867 438 et
889 419 953 446 pro-

164 456 317 490 phetarum,
327 456 451 490 obsignat
463 464 470 481 :
483 455 523 482 Ita
535 457 614 488 enim,
627 456 765 490 inquiens,
776 456 853 483 habet
874 456 916 483 lea:
928 461 952 483 et

164 504 296 536 prop/tcta:
316 501 349 528 ⁰¹.
366 501 410 529 Sic
433 507 460 528 et
488 501 616 536 parabola
638 502 692 532 illa.
715 502 742 528 in
772 509 824 536 qua
839 510 953 537 regnum

164 548 294 576 caelorum
311 547 438 575 Servator
455 551 547 574 noster
560 555 621 574 cum
656 547 766 575 homine
796 548 899 575 bonum
925 548 951 575 in

163 602 257 629 agrum
277 602 368 621 semen
392 599 534 629 spargente
548 598 698 629 comparat.
713 602 768 621 non
791 595 882 622 minus
900 594 952 621 im-

165 641 224 676 pios
240 641 364 667 homines
383 641 487 675 pudore
516 639 658 667 suﬁ‘undit.
673 639 770 667 Nonne
788 640 861 667 enint
883 647 952 675 prte-

164 695 228 714 sens
247 687 374 717 mundus,
387 691 414 713 et
433 687 478 721 qui
496 686 521 712 in
548 686 607 720 ipso
624 691 697 718 sunt,
709 686 742 713 ad
768 694 881 722 regnum
906 685 952 712 Dei

164 732 259 760 referri
279 732 389 761 debent.
401 732 509 766 quando
534 739 626 767 agrum
645 740 724 759 suum
742 731 837 759 iisdem
862 731 952 759 verbis

163 784 242 805 vocat
261 785 315 804 non
344 778 438 810 semel,
454 777 502 804 sed
531 777 593 804 bis:
619 785 713 813 agrum
731 785 796 805 vero
826 778 864 805 ait
891 785 952 805 esse

163 826 306 858 mundum,
321 825 453 852 mttndum
471 828 561 852 autem
575 829 605 851 ut
630 833 725 860 agrum
744 825 780 851 ita
797 829 824 852 et
837 831 951 860 regnum

164 878 253 898 suum.
272 869 430 897 Parabolam
451 869 524 896 enim
549 869 687 904 explicans
702 877 711 895 :
736 868 830 896 Surena
859 869 954 896 bonum

164 925 260 949 semen,
272 916 369 951 inquit,
381 920 417 943 est
429 914 514 942 Filius
535 915 656 947 hominis,
670 923 728 950 aget
747 923 807 943 vero
822 919 860 941 est
878 922 954 941 mun-

165 963 222 989 dus.
247 962 350 989 Bonum
369 969 429 989 vero
456 969 543 988 semen
568 966 630 988 sunt
659 961 709 996 ﬁlii
731 962 827 997 regni:
846 961 953 988 zizmtia

165 1014 254 1035 autem
265 1008 315 1042 ﬁlii
334 1007 416 1039 mali;
428 1007 507 1034 hostis
519 1007 638 1042 denique,
650 1007 698 1034 illa
709 1015 807 1039 serens,
833 1007 954 1034 diabolus

166 1059 204 1081 est
215 1053 248 1079 “.
265 1053 397 1085 Audisne,
418 1052 554 1088 quomodo
581 1052 715 1080 mundum
740 1052 850 1087 quidem
863 1060 953 1085 suum,

166 1106 194 1127 et
205 1108 262 1132 eos,
278 1099 324 1134 qui
342 1100 370 1126 in
394 1107 426 1127 eo
438 1103 512 1132 sunt,
524 1107 617 1126 semen
634 1107 713 1126 suum
742 1099 869 1134 appellet,
887 1106 956 1134 quos

167 1151 195 1174 cl
210 1146 279 1173 tilios
289 1145 365 1181 regni
381 1149 469 1178 vocat,
482 1144 566 1173 solam
579 1145 744 1172 zizaniorum
759 1145 955 1180 projectionem

166 1194 196 1220 in
221 1193 329 1220 hostem
356 1191 499 1219 referens?
521 1191 574 1219 Sed
591 1191 697 1226 inquire
730 1191 954 1226 argumentando,

168 1246 233 1266 num
246 1238 319 1274 quod
335 1246 464 1265 manuum
477 1237 631 1264 Conditoris
642 1237 786 1272 vestigium
800 1241 890 1264 tecum
903 1236 956 1264 cir-

166 1283 320 1311 cumferas?
334 1283 364 1310 1n
381 1283 559 1318 sequentibus
573 1282 646 1309 enim
657 1282 807 1309 clarissime
824 1281 956 1308 mundum

166 1337 279 1366 regnum
314 1337 392 1357 suum
418 1328 587 1363 pronuntiat.
606 1327 768 1360 Quomodo?
786 1327 815 1354 in
835 1335 956 1354 consum-

166 1375 295 1407 matione,
307 1374 435 1408 inquiens
459 1373 491 1405 “,
512 1373 603 1400 mundi
627 1373 716 1407 hujus,
730 1380 786 1400 non
809 1377 900 1400 autem
915 1373 957 1399 iu-

168 1422 232 1453 turi,
243 1422 332 1448 mittet
345 1420 553 1448 Filiushomittis
568 1420 677 1455 angelos
696 1426 769 1451 suos,
785 1424 812 1447 et
832 1419 957 1455 eolligent.

168 1479 203 1498 ex
218 1476 301 1505 regno
326 1469 397 1503 ejus,
410 1472 475 1502 puta
500 1467 629 1503 praesenti
655 1466 767 1499 mundo,
784 1465 955 1494 offendicula.

1002 238 1107 265 μενον,
1120 230 1214 266 φησὶν,
1231 233 1274 264 είς
1286 231 1320 258 τὸ
1335 233 1432 267 στόμα
1447 233 1547 260 κοινοῖ
1560 234 1613 260 τὸν
1628 233 1792 268 ἄνθρωπον,

1005 276 1085 303 ἀλλὰ
1101 276 1134 303 τὸ
1151 277 1391 312 ἐκπορευόμενον
1406 279 1440 305 ἐκ
1451 279 1505 306 τοῦ
1525 279 1685 313 στόματος,
1699 280 1794 307 ἐκεῖνο

1005 321 1102 347 κοινοῖ
1114 321 1167 348 τὸν
1179 322 1346 356 ἄνθρωπον.
1371 323 1414 349 Ἐν
1431 323 1523 356 ἄλλοις
1538 323 1567 351 δὲ
1584 324 1666 351 πάλιν
1681 324 1791 360 βραχέσι

1006 367 1111 402 ῥήμασι
1130 366 1179 402 τὴν
1195 368 1224 392 ὲν
1239 366 1393 402 ἀνθρώποις
1418 368 1532 403 είρήνην
1554 368 1601 395 καὶ
1622 369 1793 404 δικαιοσύνην

1004 413 1146 448 κρατύνων
1164 414 1210 440 καὶ
1226 413 1382 448 νομοθετῶν
1401 414 1435 441 δι’
1457 411 1494 441 ὧν
1509 414 1586 448 ἔλεγε
1597 424 1603 431 ·
1621 415 1723 442 Πάντα
1739 416 1794 442 ὅσα

1004 459 1043 486 ἂν
1067 459 1173 493 θέλητε
1195 459 1245 486 ἵνα
1270 458 1399 486 ποιῶσιν
1419 460 1491 495 ὑμῖν
1511 462 1538 487 οι
1562 459 1722 495 ἅνθρωποι.
1747 462 1792 488 καί

1003 506 1090 540 ὑμεῖς
1096 505 1206 533 ποιεῖτε
1217 506 1329 538 αὐτοῖς.
1340 505 1449 541 Ταύτης
1457 506 1540 533 αὑτοῦ
1548 507 1598 541 τῆς
1606 508 1792 543 παραινέσεως

1004 553 1051 580 καὶ
1066 553 1229 588 νομοθεσίας
1240 554 1271 579 τὸ
1283 553 1467 588 ἀνεπίληπτον
1480 555 1527 581 καὶ
1541 554 1700 581 λυσιτελοῦν
1723 564 1792 592 παρ-

1005 598 1102 632 ιστῶν,
1121 599 1159 635 τῷ
1179 598 1316 634 ἀξιώματι
1338 599 1385 625 τοῦ
1401 599 1482 634 νόμου
1500 600 1548 626 καὶ
1572 600 1626 627 τῶν
1648 601 1793 635 προφητῶν

1003 645 1218 681 ἐπισφραγίζει·
1239 645 1321 672 οὕτω
1332 644 1388 680 γάρ
1406 646 1484 678 ἐστι,
1501 645 1595 680 φησὶν,
1612 647 1628 673 ό
1641 647 1734 680 νόμος
1747 646 1792 673 καί

1003 692 1031 718 οἱ
1043 691 1202 726 προφῆται,
1218 691 1272 718 Νοι)⁵
1289 692 1320 726 δὴ
1336 692 1382 718 καὶ
1397 692 1413 727 ἠ
1439 691 1582 727 παραδηλὴ
1592 713 1599 725 ,
1620 692 1681 718 καθ’
1698 692 1731 728 ἣν
1745 692 1793 728 τὴν

1002 737 1057 764 τῶν
1071 737 1194 772 οὐρανῶν
1208 736 1347 772 βασιλείαν
1361 735 1507 768 ἀπεικάζει
1521 739 1535 763 6
1548 738 1643 773 Σωτὴρ
1658 737 1794 774 ἀνθρώπῳ

1004 783 1145 817 σπείροντι
1167 783 1248 810 καλὸν
1270 783 1382 819 σπέρμα
1404 784 1432 809 ὲν
1452 783 1490 818 τῷ
1516 783 1593 818 ἀγρῷ
1614 783 1698 809 αὑτοῦ
1712 803 1720 816 ,
1744 784 1793 810 οὐκ

1005 829 1115 857 ἔλαττον
1126 830 1302 865 καταισχύνει
1314 830 1364 865 τὴν
1374 830 1511 857 ἀσέϐειαν.
1522 830 1584 860 Πῶς
1593 830 1649 866 γὰρ
1660 831 1709 857 οὐκ
1721 830 1793 857 ἐστιν

1006 874 1020 900 ὀ
1038 874 1134 909 παρὼν
1150 875 1253 910 κόσμος
1268 876 1318 910 τῆς
1332 874 1472 910 βασιλείας
1489 874 1537 901 τοῦ
1557 875 1625 902 Θεοῦ
1636 895 1643 908 ,
1661 875 1708 902 καὶ
1725 876 1750 902 oi.
1766 877 1792 901 ὲν

1006 920 1091 957 αὐτῷ,
1106 921 1187 948 ὁπότε
1201 921 1284 948 αὐτοῦ
1301 921 1351 956 μὲν
1363 921 1409 948 τδν
1426 921 1510 956 ἀγρὸν
1528 922 1624 953 αὑταῖς
1639 921 1714 955 λέγει
1735 930 1788 956 φω-

1006 967 1076 1000 ναῖς,
1090 967 1139 1001 οὔχ
1155 967 1239 1000 ἅπαξ,
1253 966 1322 994 ἀλλὰ
1335 966 1382 993 καὶ
1397 966 1448 999 ὃίς,
1462 964 1532 993 εἶναι
1543 966 1571 993 δὲ
1584 967 1630 993 τὸν
1647 966 1732 1001 ἀγρὸν
1748 967 1792 993 τὸν

1006 1013 1120 1048 κόσμον,
1136 1013 1181 1039 τὸν
1193 1013 1222 1039 δὲ
1233 1012 1336 1047 κόσμον
1347 1011 1441 1046 ὥσπερ
1453 1013 1536 1047 ἀγρὸν
1549 1011 1644 1044 αὑτοῦ,
1658 1011 1730 1038 οὕτω
1743 1013 1789 1038 καὶ

1008 1059 1146 1094 βασιλείαν
1160 1058 1263 1092 αὑτοῦ;
1284 1059 1476 1086 Ἀναπτύσσων
1491 1058 1545 1094 γὰρ
1556 1058 1607 1093 τὴν
1624 1057 1791 1093 παραϐολὴν,

1011 1105 1044 1131 '0
1067 1105 1201 1139 σπείρων
1219 1105 1253 1132 τὸ
1276 1105 1372 1132 καλὸν
1391 1106 1520 1139 σπέρμα,
1541 1104 1643 1138 φησὶν,
1671 1104 1757 1131 ἐστὶν
1777 1105 1794 1130 ό

1011 1150 1078 1182 Υἱὸς
1091 1151 1145 1178 τοῦ
1164 1151 1333 1185 ἀνθρώπου,
1349 1153 1365 1178 ό
1384 1151 1419 1177 δὲ
1435 1150 1525 1186 ἀγρός
1537 1150 1623 1177 ἐστιν
1639 1151 1656 1176 ὁ
1668 1150 1793 1184 κόσμος.

1009 1197 1044 1224 Τὸ
1056 1197 1090 1224 δὲ
1105 1197 1202 1224 καλὸν
1217 1196 1347 1232 σπέρμα,
1362 1195 1446 1225 οὗτοι
1461 1198 1540 1223 είσιν
1557 1197 1584 1224 οί
1598 1195 1656 1223 υίοί
1673 1196 1728 1230 τῆς
1738 1196 1794 1227 ,βα-

1007 1244 1135 1277 σιλείας·
1151 1243 1188 1271 τὰ
1199 1244 1234 1271 δὲ
1248 1243 1357 1275 ᾇζάνιά
1366 1245 1446 1272 εἰσιν
1455 1245 1482 1271 οί
1496 1244 1554 1271 υἱοί
1570 1242 1623 1270 τοῦ
1635 1243 1774 1276 Πονηροῦ
1786 1250 1792 1256 ”

1007 1291 1023 1316 ὁ
1037 1289 1072 1315 δὲ
1089 1289 1198 1324 ἐχθρὸς
1213 1291 1230 1317 ὀ
1244 1290 1379 1323 σπείρων
1396 1289 1482 1321 αὐτὰ,
1501 1289 1588 1316 ἐστίν
1604 1290 1621 1316 d
1643 1288 1792 1321 διάϐολος.

1013 1334 1136 1367 Ἀκούεις
1155 1335 1212 1366 πῶς
1233 1335 1276 1362 τὸν
1301 1335 1402 1370 κόσμον
1427 1335 1477 1370 μὲν
1496 1335 1578 1362 αὐτοῦ
1594 1334 1685 1369 λέγει,
1703 1334 1793 1360 καὶτὸ

1008 1381 1120 1418 σπέρμα
1134 1381 1216 1408 αὐτοῦ
1230 1381 1294 1413 τοὺς
1305 1382 1334 1408 ὲν
1348 1380 1434 1416 αὐτῷ,
1444 1380 1491 1412 οὒς
1504 1381 1552 1408 καὶ
1568 1381 1643 1412 υἱοὺς
1658 1381 1706 1416 τῆς
1715 1380 1794 1415 βασι-

1007 1426 1082 1456 λείας
1093 1426 1180 1460 λέγει,
1196 1426 1281 1461 μόνην
1302 1426 1330 1453 δὲ
1353 1425 1402 1462 τὴν
1418 1426 1472 1454 τῶν
1496 1426 1623 1458 ζιζανίων
1640 1426 1794 1461 ὲπισπορὰδ

1007 1473 1047 1504 είς
1059 1472 1227 1508 τὺνἚχθρὺν
1241 1472 1412 1506 ἀποπέμπῃ
1433 1471 1504 1498 Ἀλλ’
1515 1472 1660 1505 ἐπίστησον
1676 1472 1732 1503 τοῖς
1748 1471 1793 1498 λο-

168 1516 262 1552 Ncque
276 1515 349 1543 enim
370 1516 396 1541 iu
409 1513 502 1542 futuro
517 1518 544 1541 et
555 1517 658 1540 aeterno
682 1520 766 1548 regno
783 1512 825 1540 vel
854 1512 957 1540 zizania

1007 1518 1118 1553 γισμοῖς
1140 1517 1209 1544 εἴτι
1226 1517 1351 1552 λείψανον
1363 1517 1413 1552 τῆς
1433 1517 1480 1544 τοῦ
1503 1517 1626 1544 Πλάστου
1650 1517 1741 1553 χειρὸς
1766 1519 1794 1543 ἐν

168 1564 308 1591 crescunt,
324 1559 366 1587 vel
381 1559 448 1586 serit
467 1565 498 1586 ea
518 1558 669 1596 Malus,_vel
683 1557 846 1585 otl‘endicula
867 1557 957 1584 locum

169 1607 279 1639 habent,
295 1609 325 1632 ut
346 1613 377 1632 ex
389 1612 421 1632 eo
432 1604 521 1638 angeli
536 1603 597 1630 Filii
616 1603 733 1631 hominis
760 1603 812 1630 ista
831 1602 957 1639 colligere

168 1654 298 1682 valeant:
313 1652 385 1679 sicut
409 1656 436 1678 et
457 1655 518 1686 post
542 1650 640 1677 factam
667 1650 746 1677 istam
767 1649 956 1677 collectionem

169 1699 313 1727 zizaniain
331 1698 469 1725 fornacem
498 1696 567 1732 ignis
583 1695 774 1730 conjicientur.
795 1694 871 1722 Tunc
892 1701 957 1720 vero

169 1745 273 1780 etjusti
284 1744 312 1771 in
330 1751 413 1779 regno
434 1743 522 1770 Patris
545 1742 588 1769 sui
611 1741 741 1769 lucebunt
766 1741 853 1768 instar
879 1739 955 1767 solis.

170 1792 241 1826 Quid
255 1792 296 1819 his
308 1790 416 1818 Domini
429 1790 540 1817 vocibus
554 1789 617 1816 hinc
631 1787 665 1816 ad
681 1787 887 1822 deprimendam
910 1786 958 1813 de-

170 1839 303 1866 iectorum
316 1837 494 1871 impietatem,
511 1835 575 1862 hinc
587 1834 621 1861 ad
633 1832 832 1868 provehendam
855 1836 883 1859 et
901 1838 958 1858 am-

170 1882 343 1918 pliﬁcandam
363 1881 490 1916 pietatem
511 1879 645 1906 illustrius
661 1883 708 1905 aut
736 1878 872 1906 etl‘tcacius
896 1885 958 1904 esse

170 1929 280 1965 potest?
296 1929 339 1955 Ea:
352 1928 424 1955 enitn
437 1926 580 1958 mundum,
596 1931 623 1953 ct
634 1933 694 1960 quae
708 1924 735 1952 in
750 1932 783 1952 eo
795 1924 957 1956 suut,Cltri-

172 1977 207 2004 sti
219 1980 247 2003 ct
265 1974 436 2006 Servatoris;
450 1973 538 2008 ipsum
552 1976 643 2000 autem
655 1971 799 1998 Dominum
813 1975 840 1998 et
856 1972 957 2006 Regem

172 2020 304 2054 universi,
320 2019 390 2047 utin
412 2019 504 2046 futuro
531 2018 568 2044 ita
578 2017 606 2044 in
630 2016 757 2052 prtesenti
784 2023 868 2051 regno
898 2023 958 2043 esse

169 2066 329 2103 prtedicant.
345 2064 415 2097 Quid
430 2071 496 2091 vero
509 2063 633 2090 homines
648 2061 734 2096 magis
759 2069 851 2094 sensu,
876 2069 957 2096 quant

169 2113 230 2149 ipsa
255 2111 413 2141 inanimato.
442 2109 564 2136 destituti
589 2115 648 2135 esse
685 2107 818 2142 cupiunt?
836 2107 958 2142 quando-

169 2159 279 2194 quidem
297 2157 336 2185 sol
356 2162 382 2184 et
397 2161 468 2184 terra
485 2159 512 2182 et
523 2159 618 2190 petrae,
633 2154 660 2181 in
674 2158 805 2188 quantum
826 2161 888 2180 cutn
905 2153 958 2180 Do-

1008 1563 1097 1598 ἑαυτῷ
1118 1563 1290 1598 περιφέρεις.
1318 1563 1362 1590 ‘Ev
1379 1563 1434 1599 γὰρ
1447 1563 1503 1595 τοῖς
1516 1563 1660 1599 ἑπομένοις
1675 1572 1794 1599 περιφα-

1007 1608 1060 1639 νῶς
1072 1607 1154 1634 αὑτοῦ
1170 1606 1309 1642 βασιλείαν
1324 1607 1508 1643 ἀνακηρύττει
1522 1607 1566 1634 τὸν
1581 1607 1691 1643 κόσμον.
1715 1608 1793 1639 Πῶς;

1014 1656 1066 1683 Ἐν
1077 1655 1116 1689 τῇ
1129 1655 1300 1688 συντελείᾳ,
1318 1655 1395 1690 φησὶ,
1411 1654 1465 1682 τοῦ
1481 1655 1589 1688 αίῶνος
1604 1655 1723 1686 τούτου,
1736 1654 1795 1681 ἀλλ’

1007 1701 1069 1737 οὐχὶ
1082 1701 1129 1728 τοῦ
1149 1701 1303 1736 μέλλοντος,
1321 1701 1468 1728 ἀποστελεῖ
1481 1702 1495 1727 6
1510 1701 1576 1733 Υἱὸς
1588 1701 1635 1728 τοῦ
1650 1701 1794 1737 ἀνθρώπου

1007 1747 1071 1778 τοὺς
1085 1746 1219 1780 ἀγγέλους
1238 1746 1332 1779 αὑτοῦ,
1347 1747 1395 1773 καὶ
1409 1745 1581 1778 συλλέξουσιν
1602 1747 1634 1773 ὲκ
1648 1746 1697 1780 τῆς
1718 1746 1796 1781 βασι-

1007 1791 1083 1823 λείας
1096 1791 1190 1824 αὑτοῦ,
1206 1791 1327 1827 δηλονότι
1340 1793 1386 1819 τοῦ
1401 1792 1534 1827 παρόντος
1548 1791 1651 1827 κόσμου
1664 1795 1698 1819 τὰ
1710 1793 1796 1819 σκάν-

1007 1838 1084 1866 δαλα.
1101 1838 1138 1864 Οὐ
1162 1838 1216 1873 γὰρ
1231 1839 1260 1864 ἐν
1275 1840 1307 1874 τῇ
1329 1838 1464 1875 μελλούσῃ
1484 1838 1532 1865 καὶ
1545 1838 1715 1874 ἀτελευτήτῳ
1726 1859 1732 1871 ,
1748 1838 1797 1864 οὐ-

1010 1882 1105 1917 μενοῦν
1128 1882 1189 1909 οὔτε
1209 1882 1318 1915 ζιζάνια
1338 1883 1447 1917 φύεται,
1464 1883 1524 1910 οὗτε
1539 1884 1627 1910 ταῦτα
1652 1883 1758 1918 σπείρει
1782 1885 1797 1909 6

1008 1926 1129 1962 Πονηρὸς
1139 1946 1146 1958 ,
1161 1926 1223 1953 οὔτε
1245 1927 1402 1953 συνίσταται
1419 1927 1552 1954 σκάνδαλα
1562 1946 1569 1958 ,
1585 1927 1627 1953 ἵνα
1643 1927 1674 1953 ἐκ
1692 1926 1797 1960 ταύτης

1008 1972 1032 1997 οί
1047 1970 1157 2006 ἄγγελοι
1168 1970 1215 1997 τοῦ
1233 1970 1295 1997 rio?)
1313 1970 1360 1997 τοῦ
1378 1970 1522 2006 ἀνθρώπου
1536 1970 1697 2002 συλλέξωσιν
1712 1971 1794 1997 αὑτά·

1007 2016 1070 2043 ἐπεὶ
1088 2016 1134 2043 καὶ
1155 2017 1225 2051 μετά
1241 2015 1291 2051 τὴν
1305 2017 1337 2042 ἐκ
1351 2015 1406 2042 τῶν
1424 2015 1541 2042 ἐνταῦθα
1559 2015 1690 2050 συλλογὴν
1709 2015 1797 2042 ταῦτα.

1009 2063 1059 2098 μὲν
1073 2063 1113 2094 εἰς
1127 2062 1177 2098 τὴν
1199 2063 1315 2097 κάμινον
1335 2062 1382 2089 τοῦ
1405 2061 1491 2097 mpii;
1507 2062 1660 2096 βάλλονται.
1677 2062 1744 2088 Τότε
1767 2062 1798 2089 δὲ

1008 2109 1056 2135 καὶ
1079 2108 1104 2135 οἰ
1121 2108 1220 2135 δίκαιοι
1245 2109 1274 2135 ὲν
1301 2108 1335 2144 τῇ
1359 2107 1484 2143 βασιλείᾳ
1504 2107 1551 2134 τοῦ
1574 2108 1680 2142 Πατρὺς
1705 2107 1798 2134 αὐτῶν

1009 2153 1196 2189 ὲκλάμπουσιν
1213 2153 1250 2185 ὡς
1270 2154 1284 2180 6
1299 2153 1384 2188 ἥλιος.
1403 2152 1437 2179 Τί
1452 2152 1554 2179 τούτων
1576 2153 1632 2179 τῶν
1649 2153 1798 2185 Κυριακῶν

171 2204 246 2230 tniuo
270 2202 420 2238 patiuntur,
435 2199 616 2234 principatum
641 2198 701 2232 ejus
711 2198 820 2233 publice
834 2198 955 2225 edicunt.

1009 2199 1106 2234 φωνῶν
1128 2198 1319 2235 λαμπρότερον
1341 2199 1358 2235 ἢ
1382 2199 1586 2235 δυνατώτερον,
1604 2198 1728 2227 καθελεῖν
1745 2199 1799 2234 μὲν

168 2251 204 2276 Δί
232 2249 292 2276 illos
321 2256 356 2275 ne
375 2251 433 2274 tum
455 2245 565 2280 quidem
596 2244 689 2279 pudet,
708 2252 770 2271 cum
800 2245 958 2280 impruden-

171 2296 235 2322 tiam
253 2302 330 2321 suam
345 2293 378 2320 ab
399 2293 431 2319 iis
447 2291 539 2318 vident
554 2290 722 2325 castigatam.
744 2291 767 2317 A
789 2296 863 2317 sexta
879 2291 958 2323 enim,

171 2341 269 2376 inquit,
284 2340 349 2367 liora
373 2346 455 2373 usque
466 2337 500 2364 ad
515 2343 611 2362 nonam
634 2336 746 2362 tenebrae
761 2336 837 2371 facite
846 2340 917 2368 sunt,
935 2340 959 2362 et

171 2394 242 2414 terra
251 2390 380 2413 commota
393 2390 441 2418 est,
451 2389 474 2411 et
484 2389 564 2419 petra:
572 2385 728 2411 scissazsunt
744 2382 777 2409 “.
790 2382 855 2416 Quae
886 2382 959 2409 enim

170 2434 241 2460 inter
253 2436 406 2459 creaturam
421 2431 520 2458 malam
534 2436 561 2458 et
574 2430 740 2458 Dominicam
752 2428 958 2463 perpessionem

172 2479 329 2506 communio
342 2483 388 2505 aut
402 2477 753 2505 commiseratiointercedit
763 2475 848 2502 “iNam
862 2481 959 2502 secun-

171 2526 236 2552 dum
253 2524 397 2559 impiorutn
416 2524 521 2552 illorum
534 2524 630 2559 placita
648 2528 747 2550 terram
762 2521 903 2556 superbire
913 2521 959 2548 dc-

171 2571 249 2598 cehat
260 2576 287 2597 et
296 2570 437 2605 splendido
448 2570 543 2597 habitu
556 2569 641 2601 indui,
654 2567 871 2603 quandoquidem
883 2567 958 2593 vidc-

171 2619 218 2645 bat
229 2617 355 2651 eum,qui
370 2616 503 2643 conditori
519 2624 567 2643 suo
580 2615 727 2651 perniciem
739 2614 870 2641 allaturos
885 2617 954 2644 erat,

173 2664 256 2691 tantis
273 2663 439 2690 Cruciatibus
454 2662 562 2697 exponi.
578 2662 719 2695 Quomodo
742 2668 806 2688 vero
829 2664 889 2694 post
912 2667 956 2686 re-

172 2709 382 2740 surrectionem,
403 2715 464 2734 t-um
479 2707 601 2734 nondum
619 2707 645 2733 in
660 2706 748 2733 Patris
759 2706 859 2737 sinttm,
875 2712 956 2739 quem

171 2761 310 2788 nunquam
326 2753 492 2784 deseruerat,
511 2751 643 2784 rcdiissct,
659 2761 673 2778 ἱι
686 2750 763 2778 Patre
780 2750 883 2784 accepit
907 2758 957 2785 po-

207 2854 228 2869 "
243 2853 338 2881 Matth.
356 2861 402 2885 \‘ll,
416 2851 449 2878 12

486 2852 506 2867 ⁶¹
536 2851 605 2878 ibid.
644 2851 666 2866 "
687 2849 781 2876 Matth.
798 2849 913 2883 xttt,58.
953 2848 975 2864 ⁸³
991 2847 1087 2876 Matth.
1102 2856 1174 2883 xxxv,
1195 2849 1238 2877 51,

1007 2245 1056 2281 τὴν
1068 2245 1248 2277 ἀποστασίαν,
1264 2246 1371 2281 ὑψῶσαι
1391 2246 1418 2272 δὲ
1435 2247 1481 2273 καὶ
1500 2246 1633 2282 κρατῦναι
1652 2245 1701 2281 τὴν
1717 2246 1799 2272 εὐσέ-

1008 2292 1103 2324 6ειαν;
1120 2291 1153 2318 δι’
1171 2289 1209 2318 ὧν
1223 2291 1268 2318 τὸν
1285 2292 1388 2327 κόσμον
1408 2293 1455 2318 καὶ
1470 2292 1504 2318 τὰ
1521 2293 1549 2318 ὲν
1565 2291 1640 2326 αὐτῷ
1658 2291 1705 2317 τοῦ
1725 2291 1797 2326 Χρι-

1008 2336 1071 2363 στοῦ
1096 2337 1143 2363 καὶ
1162 2336 1287 2373 Σωτῆρος
1308 2337 1386 2372 ἡμῶν
1406 2337 1639 2372 ἀνακηρύττουσιο
1656 2336 1799 2371 Δεσπότην

1008 2382 1037 2409 δὲ
1051 2382 1098 2409 καὶ
1116 2382 1235 2409 Βασιλέα
1261 2382 1308 2409 τοῦ
1336 2383 1436 2414 παντὸς
1454 2382 1547 2418 ὥσπερ
1573 2383 1622 2417 τῆς
1646 2381 1800 2417 μελλούσης

1008 2428 1079 2454 οὕτω
1093 2428 1140 2454 καὶ
1155 2428 1204 2463 τῆς
1221 2428 1362 2464 παρούσης
1380 2429 1577 2464 ἀναγορεύουσι
1597 2428 1745 2463 βασιλείας.
1764 2427 1800 2454 Τί

1006 2473 1035 2500 δὲ
1061 2473 1244 2508 φιλονεικοῦσι
1258 2474 1312 2501 τῶν
1327 2474 1438 2510 ἀψύχων
1461 2474 1588 2509 γενέσθαι
1603 2473 1801 2508 ἀναισθητότε-

1009 2527 1068 2554 ροι;
1083 2519 1184 2546 ὁπόταν
1191 2519 1267 2554 ἥλιος
1282 2519 1342 2554 μὲν,
1358 2521 1406 2546 καὶ
1421 2520 1468 2555 γῆ,
1483 2520 1530 2546 καὶ
1543 2519 1652 2554 πέτραι,
1661 2519 1694 2546 δι’
1708 2516 1745 2546 ὧν
1759 2519 1802 2555 τῷ

1007 2565 1166 2600 Δεσποτικῷ
1184 2565 1352 2600 συνέπασχον
1367 2564 1459 2598 πάθει,
1473 2565 1521 2600 τὴν
1539 2566 1622 2592 αὑτοῦ
1638 2565 1802 2591 δεσποτείαν

1009 2610 1195 2645 κηρύττουσι,
1215 2608 1287 2637 οὗτοι
1313 2611 1340 2638 δὲ
1367 2611 1500 2638 κάκείνων
1527 2612 1576 2648 τὴν
1593 2611 1686 2638 ἄνοιαν
1707 2610 1802 2637 αὐτῶν

1010 2657 1176 2692 ἐλεγχόντων
1191 2657 1241 2683 οὐκ
1258 2658 1440 2693 αἰσχύνονται.
1464 2658 1535 2685 Ἀπὸ
1551 2659 1605 2693 γὰρ
1624 2657 1680 2692 τῆς
1695 2657 1801 2690 ἕκτης,

1011 2704 1103 2738 φησὶν,
1123 2703 1201 2737 ὥρας
1212 2703 1269 2736 ἕως
1281 2703 1409 2739 ἐνγὰτης
1421 2706 1532 2738 σκότος
1551 2704 1683 2740 ἐγένετο,
1706 2703 1756 2730 καί
1779 2704 1801 2737 ὴ

1011 2749 1049 2785 γῆ
1065 2750 1201 2784 ἐσείσθη,
1223 2751 1271 2777 καί
1291 2752 1321 2778 αἱ
1343 2751 1446 2785 πέτραι
1458 2751 1660 2786 ἐσχίσθησαν.
1676 2750 1724 2781 Τίς
1743 2750 1804 2785 γὰρ

1279 2850 1299 2866 ⁵⁵
1316 2850 1410 2877 Matth.
1424 2849 1470 2882 ‘27,
1491 2849 1536 2876 $5.
