1930 3079
150 146 201 179 1ἶ3

677 151 826 182 CONTRA
844 151 1073 183 ΜΑΝΙΟΗίΕΟΞ
1092 153 1204 183 LIBER
1226 154 1266 185 ΙΙ.

1710 153 1762 186 114

149 203 276 232 κοινωνία
291 205 307 240 ἢ
324 205 480 240 συμπάθεια
496 205 616 242 πονηροῦ
639 206 799 243 πλάσματος
813 207 861 234 καὶ
884 207 924 233 Δε-

985 212 1109 235 testatem
1126 208 1152 234 in
1166 208 1263 235 coelum
1277 211 1304 235 et
1316 211 1425 239 terram,
1441 215 1568 243 quorum,
1584 208 1630 243 qui
1644 208 1765 240 dederat,

150 252 279 278 σποτικοῦ
296 252 411 284 πάθουςς
435 253 534 288 Ἐχρῆν
553 253 607 288 γὰρ
623 253 724 288 μᾶλλον
745 254 817 286 ὅσον,
838 254 884 280 ἐπὶ
897 253 935 288 τῷ

148 296 204 322 τῶν
219 297 325 323 ἀσεϐῶν
340 297 469 332 δόγματι,
490 298 697 333 λαμπρύνεσθαί
717 307 746 325 τε
768 299 815 325 καὶ
832 299 935 334 κόσμον

149 342 362 376 περιὸἀλλεσθαι
382 343 494 378 μείζονά
509 352 539 370 τε
560 345 607 371 καὶ
622 344 873 379 περιφανέστερον,
891 344 934 378 ἐφ’

147 385 170 421 ᾧ
185 389 230 414 τὸν
253 389 374 415 καθελεῖν
394 390 601 425 παραγεγονότα
627 391 672 416 τὸν
696 390 819 426 πλάστην
844 390 934 417 αὐτῶν

148 434 307 467 τηλικοῦτον
334 434 419 466 πάθος
449 435 562 462 ἔϐλεπον
589 436 783 471 ὑφιστάμενον.
813 435 875 468 Πῶς
904 436 933 463 δὲ

150 480 218 514 μετὰ
236 480 285 515 τὴν
299 480 447 507 ἀνάστασιν
462 481 523 515 μὲν,
538 480 616 508 οὔπω
632 482 659 508 δὲ
675 482 743 517 πρὸς
760 483 823 514 τοὺς
835 492 934 518 πατρι-

148 527 214 557 κοὺς
237 526 251 551 ὁ
271 526 404 561 μηδέποτε
422 527 534 559 τούτους
557 527 642 555 λιπὼν
661 529 780 556 ἀνελθὼν
795 529 931 562 κόλπους,

148 573 224 606 παρὰ
241 571 288 598 τοῦ
305 572 409 607 Πατρὸς
422 573 472 607 τὴν
493 573 616 606 ἐξουσίαν
632 574 764 609 λαμΰάνει
783 575 830 602 τοῦ
846 584 875 601 τε
888 576 933 602 οὐκ

148 617 229 652 pavo-3
241 618 287 644 καὶ
302 618 350 652 τῆς
361 618 424 652 γῆς,
438 615 476 644 ὧν
487 619 537 645 οὐκ
548 616 581 653 ἦν
595 619 696 654 Κύριος
708 621 722 646 ὁ
737 620 838 654 διδούς;
853 620 932 648 Οὕτω

146 663 201 697 γὰρ
226 663 243 697 ή
269 663 402 698 θεομάχος
430 663 542 697 γλῶσσα
566 665 711 699 δυσφημεί.
745 666 807 691 Ἐπὶ
825 665 932 698 τούτοις

145 707 174 733 δὲ
191 708 214 733 εί
226 708 306 742 ἀγροὶ
323 709 369 734 καὶ
388 709 473 736 οἰκίαι
487 711 537 745 τῆς
551 710 642 745 χειρός
659 711 712 737 εἱσι
724 710 771 737 τοῦ
787 711 908 746 Πονηροῦ
921 731 929 744 ,

147 752 207 784 πῶς
222 754 236 779 ὸ
257 754 358 787 ἀγαθὸς
380 754 445 786 Θεὸς
464 757 478 781 ὁ
497 755 592 790 Σωτὴρ
615 756 693 791 ἡμῶν
711 758 768 788 τοῖς
782 757 930 792 προθύμως

145 800 357 835 ἡκολουθηκὸσιν
380 801 454 836 αὐτῷ
472 802 542 836 μετὰ
560 802 615 828 τῶν
631 803 750 830 αἰωνίων
764 804 867 838 ἀγροὺς
884 804 930 830 καὶ

144 846 231 877 οἰκίας
241 846 440 880 ἐπαγγέλλεται
455 850 617 883 παρασχεῖν,
631 849 648 876 ἃ
660 849 751 884 φαῦλά
763 851 792 876 τέ
808 851 866 876 ἐστι
882 850 929 877 καὶ

146 891 248 924 φαύλου
265 893 388 927 ποιητοῦ,
409 894 454 920 καὶ
468 891 505 920 ὧν
529 893 590 920 οὔτε
615 894 716 930 Κύριος
739 896 819 927 αὐτὸς
844 895 926 930 ἔχειν,

143 937 206 964 οὔτε
223 938 312 969 ἄλλοις
326 941 494 974 παρασχεῖν,
509 940 540 966 Τί
552 940 580 966 δὲ
595 941 641 967 καὶ
653 942 692 972 εὶς
705 942 800 976 μισθὸν
810 941 864 968 ἔδει
880 942 927 976 φέ-

145 991 202 1017 ρειν
217 984 252 1009 τὰ
264 983 310 1010 τοῦ
327 984 439 1019 Ἐχοροῦ
451 986 508 1016 τοῖς
518 985 606 1012 πάντα
620 985 742 1012 λιποῦσιν
753 987 800 1013 καὶ
814 986 927 1013 ἀκολου-

143 1029 258 1063 θήσασιν
276 1029 365 1065 αὐτῷ,
381 1032 427 1058 καὶ
444 1031 714 1067 συμπεριλαμῦάνειν
733 1033 824 1064 αὐτοῖς
843 1034 871 1059 ὲν
888 1033 926 1068 τῷ

141 1074 235 1110 δώρῳ,
262 1077 308 1102 καὶ
332 1076 381 1112 τὴν
408 1077 517 1103 αἰώνιον
543 1077 614 1113 ζωὴν
642 1077 755 1112 ἀγαθοῖς
779 1079 926 1107 συνάπτειν

143 1121 233 1154 φαῦλα.
243 1140 250 1153 ,
262 1121 309 1147 καὶ
323 1121 367 1147 διὰ
380 1122 428 1156 τῆς
441 1122 600 1158 προσθήκης
613 1123 661 1150 τοῦ
681 1124 802 1158 χείρονος
819 1125 927 1160 ἐνυϐρί-

141 1166 200 1198 ζειν
214 1167 261 1193 καὶ
275 1167 289 1193 ὃ
303 1167 336 1193 ἂν
346 1165 380 1201 ἧν
392 1169 477 1202 χωρὶς
486 1168 536 1202 τῆς
550 1168 708 1204 προσθήκης
718 1169 860 1196 κάλλιστον
871 1170 926 1197 τῶν

140 1211 253 1247 δώρων,
268 1212 329 1243 Πῶς
345 1212 374 1238 δὲ
388 1212 467 1239 πάλιν
487 1213 696 1248 ὲρωτησάμενος
716 1214 731 1240 ὁ
749 1215 844 1250 Σωτὴρ
861 1217 926 1251 περ)⁵

141 1258 196 1285 τῶν
223 1257 344 1292 νομικῶν
375 1258 488 1284 ἐντολῶν
515 1257 627 1293 πρώτην
656 1260 704 1294 μὲν
733 1257 803 1286 εἷναί
825 1269 923 1295 φησιν·

142 1305 263 1335 Ἀκουε,
287 1302 411 1336 Ἰσραήλ
424 1311 431 1317 ·
445 1304 552 1337 Κύριος
567 1305 583 1330 ό
597 1305 669 1338 Θεός
685 1313 745 1332 σου
760 1306 868 1340 Κύριος
881 1305 926 1340 εἷς

139 1349 216 1375 ἐστι.
237 1348 292 1375 Kal
322 1347 490 1382 ἀγαπήσεις
513 1349 623 1382 Κύριον
642 1349 695 1376 τὸν
716 1351 790 1377 Θεόν
809 1358 868 1377 σου
890 1352 924 1384 ἐξ

140 1394 215 1427 ὅλης
237 1393 292 1427 τῆς
309 1393 433 1427 καρδίας
451 1401 520 1425 σου,
542 1393 592 1420 καὶ
611 1393 647 1426 ἐξ
661 1393 736 1428 ὅλης
752 1395 806 1429 τῆς
820 1396 925 1430 ψυχῆς

140 1447 209 1471 σου,
231 1439 280 1465 καὶ
298 1439 332 1471 ἐξ
347 1439 422 1473 ὅλης
441 1437 495 1472 τῆς
517 1439 623 1473 ίσχύος
639 1448 714 1472 σου,
732 1441 780 1467 καὶ
799 1441 833 1473 ἐξ
851 1441 924 1475 ὅλης

140 1485 193 1520 τῆς
203 1485 336 1519 διανοίας
346 1493 422 1516 σου;
437 1486 571 1520 Δευτέραν
584 1486 622 1518 δὲ,
639 1487 672 1521 ἥν
685 1486 745 1513 οὐδὲ
760 1487 776 1521 ἡ
791 1487 925 1522 ἐρώτησις

985 262 1039 280 non
1051 254 1201 281 exsistebat
1225 253 1421 281 Dominus?lta
1436 254 1508 280 enim
1534 253 1622 289 lingua
1642 254 1696 281 Deo
1721 255 1769 281 ad-

985 308 1063 327 versa
1092 299 1238 327 maledicit.
1258 300 1372 334 Insuper
1399 308 1463 327 vero
1488 300 1510 326 si
1525 300 1581 335 agri
1595 305 1622 327 et
1643 300 1739 327 domus
1753 310 1768 327 ιι

986 354 1067 372 manu
1090 345 1151 372 Mali
1164 345 1384 380 proﬁciscuntur,
1415 346 1550 379 quomodo
1573 346 1662 373 bonus
1685 346 1768 376 Deus,

986 392 1228 422 Servatornoster,
1243 391 1352 418 asseclis
1374 391 1431 418 suis
1458 396 1557 425 praeter
1569 397 1669 418 aeterna
1697 391 1767 418 bona

984 441 1011 464 et
1025 444 1103 471 agros
1117 440 1144 463 et
1158 436 1254 464 domos
1265 436 1446 463 exhibiturum
1463 444 1492 463 se
1504 436 1655 470 pollicetur.
1668 436 1767 470 quippe

983 490 1042 517 quae
1054 485 1081 508 et
1091 482 1159 508 mala
1172 486 1246 513 sunt,
1259 486 1285 508 et
1302 481 1364 508 mali
1379 481 1537 512 conditoris,
1553 486 1580 509 et
1594 482 1619 508 in
1635 489 1695 516 qua:
1709 482 1768 516 ipse

984 531 1144 561 potestatem
1158 535 1211 553 non
1228 527 1311 554 habet
1337 526 1380 554 vel
1400 526 1555 561 possidendi
1575 535 1616 560 ea,
1641 527 1683 555 vel
1709 527 1768 554 aliis

983 573 1126 600 exhibendi
1141 573 1152 598 ’ἒ
1167 573 1307 605 Quomodo
1325 581 1389 600 vero
1403 572 1444 600 fas
1458 577 1527 602 erat.
1540 580 1582 604 ea,
1599 581 1659 607 quae
1681 573 1768 600 hastis

983 623 1055 650 sunt,
1074 619 1177 653 prmmii
1192 619 1250 646 loco
1270 619 1335 646 dare
1350 618 1384 645 iis
1410 619 1460 653 qui
1485 619 1576 644 omnia
1589 619 1767 653 reliquerant,

982 669 1008 691 et
1026 665 1113 699 ipsum
1127 664 1210 691 secuti
1229 669 1316 696 erant,
1333 669 1360 691 et
1373 664 1444 690 inter
1458 664 1567 698 praemia
1583 663 1626 690 illa
1637 669 1764 690 aeternam

981 717 1088 745 quoque
1102 710 1183 736 vitam
1201 717 1343 744 reponere,
1356 715 1437 744 atque
1452 710 1519 736 adeo
1534 709 1672 736 malacum
1687 710 1767 737 bonis

981 756 1158 791 conjungere,
1173 761 1201 783 et
1216 756 1373 784 accessione
1394 756 1456 783 mali
1477 756 1629 783 diminuere
1654 756 1680 782 id
1696 757 1767 791 quod

981 802 1040 829 sine
1065 802 1108 829 illa
1130 803 1286 830 accessione
1307 803 1440 830 donorum
1468 802 1589 829 omnium
1611 807 1670 829 erat
1697 810 1768 837 prm-

981 847 1177 874 stantissimum
1187 847 1197 873 ?
1209 847 1350 880 Quomodo
1362 855 1448 874 verus
1462 848 1544 874 etiam
1562 847 1688 874 Servator
1702 855 1766 874 nos-

983 895 1023 918 ter
1037 892 1070 918 de
1082 892 1222 926 praeceptis
1234 892 1363 927 legalibus
1378 892 1549 927 interrogans
1568 892 1686 926 primum
1698 892 1767 919 dixit

982 944 1059 964 esse:
1071 936 1259 969 AudiJsrael:
1276 938 1400 964 Dominus
1410 937 1479 964 Deus
1494 943 1553 964 tuus
1560 937 1687 964 Dominus
1699 946 1766 964 unus

982 987 1028 1009 est.
1045 984 1079 1009 Et
1091 982 1184 1018 diliges
1205 983 1345 1009 Dominum
1359 983 1440 1009 Deum
1467 987 1540 1008 tuum
1559 991 1590 1009 ex
1613 987 1666 1008 loto
1690 982 1766 1008 corde

981 1032 1025 1054 tuo
1035 1033 1058 1054 et
1081 1032 1135 1055 tota
1151 1029 1242 1055 anima
1260 1034 1317 1060 tua,
1332 1033 1356 1055 et
1374 1037 1406 1055 ea:
1418 1028 1536 1055 omnibus
1551 1017 1649 1054 iu'ribus
1663 1027 1725 1058 tuis.
1740 1032 1765 1054 ει

979 1082 1011 1101 ea:
1031 1075 1102 1101 omni
1123 1079 1208 1101 mente
1222 1079 1268 1100 tua
1279 1074 1313 1100 θ’.
1330 1070 1455 1100 ἉΙιοι-ιηη
1468 1081 1542 1103 vero.
1553 1073 1624 1108 quod
1649 1075 1762 1107 qumstio

979 1126 1013 1145 ne
1034 1119 1189 1152 requirebat
1201 1118 1308 1153 quidem
1320 1127 1328 1151 ;
1343 1118 1440 1153 Diliges
1452 1119 1599 1152 proximum
1610 1123 1683 1145 tuum
1697 1123 1725 1145 ut
1738 1122 1762 1145 lc

979 1164 1102 1198 ipsum“.
1116 1164 1209 1198 Neque
1221 1164 1248 1191 in
1260 1171 1292 1191 eo
1305 1165 1450 1199 acquievit,
1462 1164 1508 1191 sed
1520 1172 1581 1191 cum
1591 1164 1763 1198 interrogan-

979 1213 1033 1236 tem
1047 1209 1095 1236 sibi
1109 1209 1323 1236 consentientem
1344 1214 1442 1237 nactus
1456 1215 1539 1241 esset,
1552 1217 1605 1236 non
1619 1209 1713 1244 procul
1729 1210 1763 1236 ab

978 1262 1012 1281 eo
1026 1262 1086 1281 esse
1101 1254 1168 1281 dixit
1192 1254 1239 1281 Dei
1263 1262 1386 1290 regnum.
1405 1254 1547 1287 Quomodo
1576 1259 1667 1281 autem
1691 1255 1763 1289 leges

977 1300 1110 1332 Mosaicae,
1128 1300 1150 1327 si
1163 1300 1271 1335 quidem
1286 1300 1402 1328 fuissent
1412 1300 1509 1331 hostis,
1522 1301 1640 1335 primum
1653 1301 1762 1335 quidem

977 1353 1062 1372 unum
1078 1345 1163 1372 Deum
1185 1349 1213 1372 et
1237 1345 1381 1372 Dominum
1408 1346 1478 1373 scire
1495 1354 1524 1373 se
1548 1350 1575 1373 et
1604 1353 1761 1381 agnoscere.

975 1396 1057 1426 atque
1068 1392 1193 1419 eumdem
1205 1392 1293 1419 solum
1304 1400 1338 1419 ex
1350 1396 1406 1419 toto
1417 1391 1507 1424 corde,
1521 1396 1550 1419 et
1566 1392 1719 1426 proximum
1732 1396 1763 1418 ut

976 1437 1113 1465 hominem
1124 1438 1210 1473 ipsum
1220 1438 1366 1465 amandum
1377 1446 1437 1465 esse
1447 1437 1661 1472 proﬁterentur?
1671 1437 1700 1465 Si
1712 1437 1762 1472 igi-

975 1488 1020 1510 tur
1028 1491 1112 1510 unum
1129 1484 1212 1510 Deum
1229 1488 1257 1511 et
1287 1483 1430 1511 Dominum
1451 1484 1581 1518 praedicat
1599 1483 1698 1514 Moses,
1710 1491 1762 1510 nec

141 1532 251 1570 ἀπῄτει·
271 1531 452 1565 Ἀγαπήσεις
466 1531 519 1558 τόν
533 1532 666 1564 πλησίον
680 1540 740 1559 σου
755 1532 794 1565 ὡς
803 1533 923 1561 ἑαυτόν.

977 1533 1074 1563 ρτωιει·
1088 1536 1150 1556 eum
1167 1529 1249 1556 alium
1263 1529 1315 1556 coli
1333 1530 1375 1557 vel
1398 1530 1505 1556 adorari
1529 1530 1595 1562 vult,
1612 1533 1673 1564 post
1695 1529 1762 1556 illud

141 1578 196 1605 Καὶ
210 1578 240 1605 οὐ
256 1578 335 1613 μέχρι
349 1578 445 1604 τούτου
458 1578 533 1613 ἔστη,
547 1577 614 1605 ἀλλὰ
629 1578 731 1604 καὶτὸν
745 1579 925 1614 ἐπερωτῶντα

141 1624 286 1659 σύμψηφον
297 1624 383 1659 εὑρὼν
396 1624 427 1651 οὐ
450 1624 558 1659 μακρὰν
579 1624 689 1651 ἀνεῖπεν
701 1622 771 1652 εἶναι
787 1625 834 1661 τὴν
849 1625 926 1661 βασι-

140 1670 215 1697 λείαν
234 1670 281 1696 τοῦ
297 1669 376 1696 Θεοῦ.
396 1670 458 1702 Πῶς
475 1669 530 1705 γὰρ
546 1670 573 1696 αί
591 1670 737 1696 Μωσαῖκαὶ
757 1671 923 1706 νομοθεσίαι,

140 1715 220 1751 είπερ
238 1713 308 1751 ἦσαν
320 1715 367 1742 τοῦ
389 1715 514 1751 Ἐχθροῦ,
532 1716 640 1751 πρῶτον
663 1716 712 1751 μὲν
728 1717 775 1743 ἕνα
788 1717 854 1744 Θεὸν
878 1717 925 1745 καὶ

141 1761 243 1796 Κύριον
258 1760 448 1795 νομοθετοῦσιν
464 1761 564 1787 εἰδέναι
579 1761 626 1788 καὶ
646 1763 733 1787 νοεῖν·
755 1759 815 1789 εἶτα
831 1763 924 1790 τοῦτον

142 1806 222 1840 μόνον
236 1807 345 1841 ἀγαπᾷν
366 1806 395 1838 ἐξ
409 1806 473 1841 ᾇλης
489 1806 612 1840 καρδίας,
632 1806 737 1833 καὶτὸν
757 1807 870 1842 πλησίον
886 1808 924 1840 ὡς

140 1851 246 1884 ὲαυτὸνς
261 1851 291 1877 El
305 1849 352 1877 οὖν
362 1851 409 1877 ἕνα
422 1851 487 1877 Θεὸν
497 1852 544 1876 καὶ
555 1851 656 1886 Κύριον
669 1852 924 1887 ἁνακηρύττειΜως

142 1895 203 1929 σῆς,
221 1895 268 1921 καὶ
292 1895 367 1930 παρὰ
383 1894 477 1921 τοῦτον
491 1895 570 1922 ἄλλον
589 1896 658 1931 μήτε
676 1896 836 1931 λατρεύειν,
854 1900 924 1934 μήτε

140 1942 314 1976 προσκυνεῖν,
330 1941 399 1975 μετὰ
412 1940 439 1967 δὲ
453 1940 555 1976 ταύτην
573 1941 622 1977 τὴν
636 1942 747 1977 πρώτην
761 1943 798 1975 ὠς
816 1944 924 1980 ἀληθῶς

139 1984 263 2019 ἐντολὴν,
279 1985 327 2011 καὶ
345 1984 375 2010 τὸ
389 1985 551 2020 φιλάλληλον
570 1986 618 2012 καὶ
639 1986 831 2022 φιλάνθρωπον
853 1991 923 2018 κατὰ

138 2030 184 2056 τὸν
202 2031 293 2065 ὅμοιον
314 2030 413 2065 τρόπον
432 2030 480 2057 τοῦ
499 2032 631 2067 σωτηρίου
648 2033 859 2069 προστάγματος
878 2044 923 2062 νο-

140 2075 259 2110 μοθετεῖ,
271 2076 322 2103 ποῦ
336 2077 352 2111 ὴ
374 2077 479 2112 πονηρὰ
493 2077 541 2112 τῆς
556 2078 724 2110 ἁποστασίας
741 2080 831 2116 ἀρχῆς
853 2082 922 2108 Ἀλλ’

137 2122 152 2147 ὀ
168 2121 217 2156 μὲν
236 2122 417 2157 Γραμματεὺς
434 2122 534 2157 συνῆκε
553 2123 600 2150 τοῦ
620 2125 755 2151 Δεσπὸτου
766 2145 773 2156 ,
787 2126 837 2162 τὴν
855 2128 922 2154 Μω-

138 2165 236 2200 σαΐκὴν
258 2166 403 2199 κυροῦντος
418 2167 519 2202 φωνὴν,
536 2168 575 2194 ὃτι
591 2166 630 2200 εἷς
645 2170 717 2196 ἐστιν
737 2172 750 2197 ὁ
769 2171 848 2205 Θεὸς,
874 2173 920 2199 καὶ

136 2211 186 2237 οὐκ
200 2211 273 2237 ἔστιν
287 2211 364 2243 ἄλλος
376 2212 444 2246 πλὴν
459 2214 550 2240 αὑτοῦ.
573 2215 605 2240 Οἱ
616 2215 644 2241 δὲ
661 2216 715 2242 τῶν
733 2217 920 2253 Γραμματέων
937 2213 958 2238 Ῑ)

140 2257 188 2283 καὶ
201 2258 355 2292 Φαρισαίων
370 2259 449 2285 πλέον
462 2259 533 2294 ἔχειν
546 2261 762 2296 προσταχθέντες
771 2283 778 2294 ,
799 2264 859 2290 οὐδὲ
870 2265 919 2300 τὴν

135 2303 254 2337 ἐσχάτην
267 2305 364 2338 μοῖραν
384 2305 433 2339 τῆς
451 2305 593 2337 εὐσεϐείας
612 2307 743 2339 σώζουσιν
759 2310 787 2334 ὲν
801 2310 918 2342 ἑαυτοῖς.

134 2348 242 2378 Λουκᾶς
259 2347 286 2374 δὲ
301 2349 314 2374 ὁ
329 2348 382 2375 τῶν
394 2349 566 2376 Δεσποτικῶν
583 2351 711 2385 ῥημάτων
731 2355 917 2388 συγγραφεὺς,

134 2392 193 2423 πῶς
214 2393 258 2418 τὸν
275 2394 412 2428 Ζαχαρίαν
429 2395 475 2421 καὶ
494 2396 543 2430 τὴν
564 2396 704 2424 Ἐλισάὸετ
719 2399 748 2424 ὲν
763 2401 795 2434 τῇ
817 2401 918 2436 παλαιᾷ

134 2439 280 2474 νομοθεσίᾳ
293 2439 428 2474 βιοῦντας,
442 2441 572 2474 δικαίους,
584 2444 631 2469 καὶ
644 2443 706 2470 τότε
719 2444 832 2471 ἐνώπιον
847 2454 918 2482 μαρ-

132 2486 211 2519 τυρεῖ
226 2485 272 2512 τοῦ
287 2486 354 2512 Θεοῦ
368 2507 376 2518 ,
399 2487 457 2516 ἀλλ’
478 2487 527 2513 οὐκ
548 2489 664 2515 ἐνώπιον
687 2490 838 2525 ἀνθρώπων
848 2512 854 2522 ,
870 2493 918 2519 καὶ

132 2531 333 2564 ’πορευομένους
348 2533 377 2559 ὲν
396 2532 496 2563 πάσαις
510 2535 570 2565 ταῖς
587 2535 708 2566 ἐντολαῖς
724 2536 771 2562 τοῦ
786 2536 853 2563 Θεοῦ
870 2538 916 2564 καὶ

131 2575 313 2610 δικαιώμασιν
332 2574 495 2612 ἀμέμπτως·
513 2578 572 2605 εἶτα
592 2581 639 2607 καὶ
654 2581 702 2617 τὴν
719 2583 857 2617 ἱερατείαν
872 2584 916 2610 τὸν

132 2622 270 2657 Ζαχαρίαν
287 2623 373 2650 τελεῖν
388 2624 503 2651 ἐνώπιον
517 2625 564 2651 τοῦ
584 2626 662 2652 Θεοῦ·
680 2627 728 2654 καὶ
744 2628 790 2654 τὸν
803 2629 913 2664 νομικὸν

132 2667 204 2698 ναὸν,
219 2668 248 2694 ὲν
261 2664 282 2702 ᾧ
297 2668 393 2704 εἰσῄει,
411 2669 473 2696 ναὸν
487 2672 684 2706 προσαγορεῦει
699 2673 745 2699 τοῦ
761 2673 829 2700 Θεοῦ
842 2683 849 2707 ;
870 2675 913 2702 ‘Ev

130 2713 206 2749 αὐτῷ
232 2722 261 2740 τε
283 2714 329 2740 τὸν
352 2714 466 2749 ἄγγελον
493 2716 607 2751 ὀφθῆναι
634 2718 755 2753 Κυρίου,
778 2720 826 2746 καὶ
852 2721 912 2747 τότε

130 2757 212 2790 τίνα;
235 2759 286 2786 Τὸν
305 2760 525 2796 ἀρχιστράτηγον
545 2762 680 2798 Γαϐριὴλ,
693 2763 723 2796 ὃς
745 2766 792 2792 καὶ
810 2765 858 2801 τὴν
880 2767 911 2793 ἐκ

168 2859 190 2874 ⁸⁸
209 2857 301 2886 Matth.
320 2860 419 2890 “1.29.
460 2860 481 2874 ““
498 2859 563 2887 ibid.
580 2859 624 2886 50.

976 1583 1042 1603 vero
1053 1576 1171 1611 primum
1182 1581 1348 1611 praeceptum
1362 1580 1485 1603 mutuum
1501 1576 1527 1602 in
1541 1576 1665 1602 homines
1686 1583 1761 1602 alno-

976 1630 1032 1649 rem
1045 1627 1181 1657 praecepto
1190 1623 1341 1650 Servaloris
1359 1623 1444 1650 nostri
1464 1622 1657 1649 convenienter
1670 1624 1759 1655 urget.

975 1668 1131 1703 ubi,qu:eso
1144 1672 1179 1700 le,
1189 1668 1288 1695 malum
1302 1672 1484 1703 apostatarum
1496 1667 1657 1702 principium
1670 1667 1759 1693 locum

975 1715 1079 1743 habet?
1092 1716 1126 1742 At
1138 1715 1233 1743 Scriba
1243 1715 1351 1750 quidem
1365 1716 1408 1742 illc
1424 1715 1590 1750 intelligebat
1604 1715 1758 1745 Dominum.

975 1762 1121 1789 Mosaicam
1141 1762 1227 1797 legem
1246 1763 1453 1796 approbantem,
1475 1762 1547 1796 quod
1571 1761 1675 1788 scilicet
1689 1768 1759 1787 unus

975 1808 1010 1834 sit
1024 1808 1103 1837 Deus.
1121 1815 1171 1834 nec
1188 1807 1259 1834 ullus
1269 1811 1367 1841 praeter
1381 1814 1453 1833 eum.
1468 1806 1520 1838 Qui
1536 1814 1600 1832 vero
1615 1805 1717 1832 Scribis
1732 1810 1760 1831 et

975 1853 1119 1881 Pharisaeis
1133 1853 1258 1880 meliores
1284 1860 1344 1879 esse
1369 1851 1436 1886 jussi
1460 1856 1534 1883 sunt,
1557 1859 1592 1879 ne
1617 1852 1757 1878 minimam

974 1899 1082 1934 quidem
1093 1898 1200 1933 pietatis
1213 1903 1314 1932 partem
1322 1897 1372 1925 sibi
1384 1902 1501 1925 servant.
1513 1897 1600 1924 Lucas
1610 1905 1685 1928 vero,
1697 1905 1758 1923 ver-

975 1945 1069 1971 borum
1081 1943 1185 1971 Domini
1195 1944 1320 1978 scriptor,
1336 1943 1471 1978 quomodo
1483 1943 1643 1970 Zachariam
1659 1947 1686 1969 et
1703 1942 1757 1969 Eli-

974 1991 1125 2021 sabetliam.
1149 1990 1175 2017 in
1204 1990 1290 2017 veteri
1319 1995 1481 2017 testamento
1502 1990 1634 2022 viventes,
1658 1989 1756 2024 juslos,

973 2026 1075 2071 eosque
1086 2044 1176 2063 coram
1201 2036 1268 2068 Deo,
1280 2043 1337 2063 non
1358 2040 1462 2063 tantum
1487 2043 1578 2062 coram
1600 2035 1758 2062 hominibus

973 2083 1139 2116 fuisse,etin
1153 2082 1280 2110 omnibus
1291 2082 1337 2109 Dei
1348 2082 1491 2117 praeceptis
1502 2086 1529 2109 ct
1543 2081 1651 2109 statutis
1670 2081 1756 2108 incul-

972 2133 1033 2164 pate
1039 2133 1159 2156 versatos
1169 2129 1299 2156 testatur?
1307 2129 1448 2162 Quomodo
1454 2130 1491 2156 ait
1499 2129 1655 2156 Zachariam
1667 2136 1756 2155 sacer-

974 2174 1143 2202 dotiocoram
1157 2174 1212 2201 Deo
1223 2174 1416 2208 perfunctum?
1428 2174 1563 2208 quomodo
1575 2173 1704 2207 templum
1716 2173 1755 2198 le—

972 2220 1041 2255 gale.
1057 2221 1084 2247 in
1098 2220 1171 2255 quod
1188 2220 1334 2250 introibat,
1366 2220 1495 2254 templum
1516 2218 1560 2245 Dei
1577 2219 1713 2253 appellat?
1728 2223 1754 2244 et

970 2266 998 2292 in
1009 2266 1068 2300 ipso
1085 2265 1210 2301 angelum
1224 2265 1282 2299 Dei,
1302 2274 1420 2299 eumque
1434 2265 1590 2292 Gabrielem
1612 2264 1752 2298 copiarum

969 2312 1075 2343 ducem,
1086 2311 1131 2345 qui
1147 2316 1175 2338 et
1196 2311 1366 2338 nativitatem
1384 2310 1489 2337 Domini
1516 2318 1548 2336 ex
1562 2309 1672 2344 Virgine
1687 2330 1694 2340 ,
1726 2314 1754 2336 et

969 2357 1019 2391 ipsi
1034 2357 1072 2383 illi
1083 2357 1250 2384 intemerata:
1264 2356 1366 2392 Virgini
1382 2360 1410 2383 et
1431 2363 1494 2383 cum
1506 2363 1538 2383 ea
1559 2355 1660 2382 mundo
1678 2363 1751 2381 nun-

970 2402 1057 2433 tiavit.
1073 2402 1174 2434 visum,
1188 2409 1338 2437 precesque
1353 2401 1504 2429 sacerdotis
1532 2401 1674 2428 cxauditas
1690 2409 1750 2428 esse

968 2447 994 2474 in
1011 2446 1162 2481 Evangeliis
1179 2446 1304 2477 aliirmat,
1317 2453 1488 2480 puerumque
1503 2445 1602 2472 ibidem
1618 2453 1755 2472 memora-

969 2498 1024 2520 tum
1044 2500 1169 2528 maguum
1183 2500 1273 2519 coram
1290 2492 1403 2519 Domino
1420 2492 1552 2522 futurum,
1569 2491 1671 2526 Spiritu
1685 2492 1749 2519 item

966 2542 1060 2565 sancto
1074 2538 1193 2572 plenum,
1214 2538 1359 2572 multisque
1383 2537 1471 2572 magni
1499 2537 1588 2572 gaudii
1616 2538 1750 2572 interpre—

967 2589 1031 2617 tem,
1044 2592 1097 2611 nec
1110 2585 1203 2619 paucis
1217 2585 1400 2611 lsraelitarum
1412 2583 1599 2611 conversionis
1619 2584 1652 2610 ad
1665 2584 1749 2611 Deum

968 2635 1118 2660 auctorem,
1134 2629 1291 2664 Spirituque
1309 2636 1340 2655 ac
1353 2628 1452 2655 virtute
1468 2627 1532 2654 Eliae
1557 2631 1668 2655 usurum
1686 2636 1750 2662 pro—

968 2675 1094 2702 nuntiat?
1106 2675 1198 2709 ltaque
1210 2674 1384 2709 evangelista,
1401 2674 1443 2701 vel
1472 2673 1562 2708 potius
1577 2673 1648 2700 Deus
1664 2694 1672 2705 ,
1700 2674 1746 2707 qui

967 2722 1025 2749 lucc
1044 2728 1092 2756 per
1102 2720 1293 2755 archangelum
1310 2719 1429 2754 loquitur
1440 2741 1446 2752 ,
1478 2727 1533 2746 non
1549 2719 1680 2746 Joannem
1704 2727 1746 2745 so-

965 2766 1032 2798 lum,
1047 2766 1092 2800 qui
1115 2765 1226 2802 gratiam
1250 2765 1479 2801 propullulantem
1495 2764 1627 2798 videbat,
1648 2763 1697 2792 sed
1719 2769 1748 2791 et
