1930 3079
179 128 228 162 115

741 139 872 170 PHOTII
891 138 1144 170 PATRIARCHE
1164 139 1217 169 (ΞΡ.

1749 137 1795 171 116

175 186 272 218 Etiam,
287 186 333 222 qui
345 187 392 215 diu
406 193 469 216 ante
484 190 596 226 gratiam
607 193 730 225 exstitit,
746 194 851 222 animas
864 202 878 222 a
894 203 948 222 ven

1012 195 1147 229 Παρθένου
1163 194 1210 221 τοῦ
1226 195 1362 222 Δεσπότου
1383 196 1526 231 γέννησιν,
1547 195 1615 230 αὐτῇ
1629 203 1660 221 τε
1675 195 1707 230 τῇ
1729 197 1795 230 ἀκη-

173 231 230 258 Dco
243 240 363 265 aversas,
380 238 407 260 et
421 239 483 269 post
494 236 621 264 Satanam
633 244 794 270 scortantes,
811 241 844 267 ad
862 249 956 268 verum

173 278 257 304 Deum
273 279 440 307 convertisse
455 281 622 315 testimonio,
636 285 710 311 omni
722 286 882 320 exceptione
898 295 957 313 ma-

170 323 233 357 jori,
252 324 402 353 conﬁrmat.
423 326 523 354 lterum
537 336 603 356 vero
624 330 769 358 Zacharias
783 331 888 366 Spiritu
909 332 955 359 Dei

173 372 303 404 repletur,
321 378 347 399 et
363 374 509 407 prophetas
522 376 650 410 antiquos
666 382 820 405 sanctorum
838 379 957 414 appellat

172 417 297 444 chorum.
315 418 407 445 Erexit
426 421 513 452 enim,
542 421 631 456 inquit
656 425 823 458 prophetans
853 431 881 452 et
907 434 957 461 per

173 462 302 496 Spiritum
318 469 442 492 sanctum
454 466 569 501 loquens
581 489 587 500 ,
616 477 696 496 cornu
713 469 808 497 salutis
825 471 852 498 in
878 471 956 498 doma

170 508 291 541 Davidis,
312 510 362 544 ﬁlii
387 512 428 538 sui
450 512 482 539 ⁸⁷.
502 512 534 539 Et
555 514 626 541 unde
651 515 702 543 hoc
730 517 958 546 demonstratur?

171 554 246 581 Sicut
262 555 362 584 locutus
381 563 428 590 est,
443 559 540 594 inquit,
561 569 607 594 per
624 570 652 588 os
668 568 820 591 sanctorum
831 573 847 592 a
861 566 956 593 swculo

171 601 356 636 praphetarum
372 612 480 631 suorum
496 604 528 631 ⁸⁸.
546 606 756 641 Prophetarum,
780 609 876 645 inquit,
893 620 956 638 suo-

171 654 240 678 rum,
255 655 309 674 non
322 653 411 676 autem
427 650 522 678 hostis.
542 652 614 684 Quid
632 658 723 681 autem
742 656 879 683 vaticinati
892 661 956 685 sunt

171 691 209 718 illi
221 692 232 718 ?
245 692 326 720 Deum
337 695 535 723 recardalurum
546 701 697 726 testamenti
708 701 843 728 auisancti
857 703 889 735 ",
901 711 955 730 non

171 744 245 770 sane,
262 737 343 764 homo
359 740 551 773 perditissime.
568 743 664 771 hostis.
679 746 774 774 Adhuc
790 755 855 774 vero
869 748 955 783 magis

171 782 317 817 impiorum
349 792 397 811 ora
423 785 612 816 refrenaturus
636 790 821 824 juramentum
841 814 848 826 ,
882 794 955 829 quod

170 829 325 858 Abrahamo
348 832 418 866 patri
443 839 538 862 nostro
555 835 668 870 juravit,
691 839 811 872 adducit,
830 840 863 867 Ut
879 841 954 868 daret

1013 242 1085 275 ράτῳ
1105 240 1201 278 Κόρῃ,
1224 241 1272 268 καὶ
1297 242 1330 268 δι’
1356 242 1441 277 αὐτῆς
1467 243 1506 277 τῷ
1532 242 1628 276 κόσμῳ
1657 241 1795 275 εὐηγγελί-

1012 293 1090 312 σατο·
1107 287 1154 312 καὶ
1164 286 1213 321 τήν
1229 295 1259 312 τε
1274 287 1428 322 προσευχὴν
1440 287 1486 313 τοῦ
1512 287 1606 321 ἱερέως
1622 286 1794 321 εἰσηχοῦσθαι

1010 329 1055 356 διὰ
1069 329 1124 356 τῶν
1151 330 1318 365 εὐαγγελίων
1351 331 1510 363 ἐϐεϐαίωσε,
1539 331 1586 357 καὶ
1609 331 1654 356 τὸν
1684 331 1716 356 ἐκ
1744 330 1794 356 τῶν

1011 376 1186 410 Εὑαγγελίων
1203 377 1286 403 παῖδα
1305 377 1392 411 μέγαν
1417 377 1533 403 ἐνώπιον
1546 376 1655 402 ἔσεσθαι
1680 375 1794 411 Κυρίου,

1011 423 1057 448 καὶ
1081 423 1297 458 πεπληρωμένον
1323 423 1483 457 Πνεύματος
1512 422 1600 456 ἁγίου,
1620 423 1667 448 καὶ
1696 422 1794 454 πολλῆς

1011 468 1118 500 πολλοῖς
1132 468 1319 502 ἀγαλλιάσεως
1336 469 1475 503 πρόξενον,
1484 469 1531 495 καὶ
1541 468 1596 495 τῶν
1607 468 1672 494 υἱῶν
1689 468 1794 503 Ἰσραὴλ

1009 514 1058 540 οὐκ
1072 514 1172 548 ὀλίγοις
1196 514 1363 549 ἐπιστροφῆς
1378 513 1463 540 αἴτιον
1481 513 1608 547 γενέσθαι
1625 514 1676 562 τῆς
1691 513 1737 539 ἐπὶ
1751 513 1793 562 τὸν

1009 560 1085 591 Θεὸν,
1107 560 1146 595 τῷ
1157 559 1294 594 πνεύματι
1307 560 1356 585 καὶ
1369 561 1402 594 τῇ
1418 559 1530 594 δυνάμει
1555 559 1723 593 κεχρημένον
1747 559 1791 583 τοῦ

1015 606 1116 633 Ἡλίου.
1134 606 1214 632 Ὥστε
1243 606 1257 632 ὁ
1273 605 1481 640 εὐαγγελιστὴς,
1513 605 1613 640 μᾶλλον
1638 604 1665 630 δὲ
1679 605 1693 630 ὁ
1709 603 1792 630 ταῦτα

1008 651 1052 678 διὰ
1076 651 1123 677 τοῦ
1154 650 1325 686 ἀρχαγγέλου
1351 650 1439 684 λέγων
1463 650 1540 682 Θεὸς,
1564 646 1642 681 οὗτος
1666 649 1725 684 οὐχὶ
1748 649 1792 675 τὸν

1010 697 1137 731 Ἰωάννην
1166 696 1256 731 μόνον,
1278 696 1307 727 ὃς
1331 695 1380 731 τὴν
1397 696 1476 730 χάριν
1501 693 1554 722 εἶδε
1581 695 1790 730 βλαστάνουσαν,

1008 744 1075 770 ἀλλὰ
1086 743 1133 770 καὶ
1148 743 1192 769 τὸν
1211 742 1315 775 Ἠλίαν,
1330 741 1360 774 ὃς
1370 741 1458 775 πολλῷ
1473 741 1634 776 προϋπῆρχε
1648 741 1697 773 τῆς
1713 741 1791 775 χάρι-

1009 797 1064 822 τος,
1077 789 1126 820 τὰς
1138 787 1315 822 πλανωμένας
1328 787 1415 822 ψυχὰς
1427 787 1481 813 ἀπὸ
1494 787 1541 813 τοῦ
1557 786 1685 820 ἀληθινοῦ
1710 786 1789 820 Θεοῦ,

1008 834 1056 861 καὶ
1068 833 1156 860 ὀπίσω
1181 832 1236 859 τῶν
1262 832 1408 867 δαιμονίων
1432 831 1648 865 ὲκπορνευούσας
1676 832 1722 859 ἐπὶ
1746 832 1789 858 τὸν

170 875 244 902 nobis
260 881 425 911 potestatem,
437 888 469 906 ex
483 889 562 908 manu
576 883 743 911 inimicorum
758 892 908 914 nostrorum
923 888 943 914 ίὶ

1007 878 1133 913 ἀληθινὸν
1149 877 1312 912 ἐπιπρέψαι
1326 877 1402 907 Θεὸν,
1417 877 1635 912 ἀπαρὰγραπτον
1649 878 1698 911 τὴν
1722 886 1790 912 μαρ-

171 919 268 947 beralis
282 922 338 948 sine
353 924 447 951 tintare
464 926 492 951 in
502 929 644 955 sanctitate
662 935 686 956 et
704 930 811 965 juslilia
827 933 878 967 ipsi
899 942 955 960 ser-

169 965 257 992 t‘ietldi
270 967 302 992 ⁷⁰.
318 966 458 1002 Perpende
478 978 538 1005 quae
558 972 630 999 dicta
659 978 733 1001 sunt.
755 965 873 1009 Spiritus
890 984 954 1004 san-

170 1015 231 1038 ctus
246 1012 340 1047 implet
358 1013 529 1049 Zachariam,
546 1017 642 1051 plenus
659 1027 692 1046 eo
717 1020 865 1055 prophetas
882 1024 953 1050 auti-

169 1064 238 1090 quos
263 1063 373 1086 sanctos
399 1059 501 1095 Deique
525 1064 681 1091 sacerdotes
714 1067 854 1101 appellat,
872 1068 954 1097 Mosis

169 1101 232 1128 item
248 1106 440 1132 testamentum
454 1107 584 1141 praedicat
598 1117 722 1137 sanctum
736 1133 743 1144 ,
772 1113 906 1149 nobisque
922 1115 954 1142 li-

168 1146 299 1175 bertatem
314 1153 486 1184 praenuntiat,
500 1158 527 1180 et
542 1161 616 1188 eum,
639 1156 685 1190 qui
699 1146 952 1195 Abrahamo'jura-

167 1193 249 1225 verit,
265 1194 346 1229 hujus
373 1197 505 1225 libertatis
517 1199 637 1227 datorem
657 1202 714 1229 l'ore
730 1223 738 1235 ,
763 1211 865 1239 eosque
874 1193 888 1239 i,
905 1207 952 1242 qui

167 1239 270 1266 cultum
285 1241 334 1275 ipsi
351 1249 480 1276 prtestent
493 1265 500 1277 ,
528 1245 554 1272 in
573 1247 716 1275 sanctitate
743 1254 770 1276 et
793 1250 897 1284 justitia
914 1239 951 1280 vei

166 1286 269 1312 servire
281 1294 428 1316 asseverat.
442 1290 470 1316 Si
489 1291 546 1318 haec
560 1293 651 1319 omnia
668 1293 813 1323 Zacharias
823 1317 830 1329 ,
848 1296 951 1332 Spiritu

165 1336 260 1358 sancto
276 1333 406 1367 repletus,
421 1335 559 1370 edisserit,
577 1345 669 1365 nonne
683 1340 781 1374 spiritu
797 1342 867 1369 malo
877 1343 950 1378 pleni

161 1376 300 1410 judicandi
313 1385 387 1411 sunt,
401 1381 447 1416 qui
460 1383 595 1410 contraria
611 1384 653 1412 his
664 1386 755 1413 omnia
766 1376 951 1417 contendant?

164 1421 235 1454 Quid
252 1431 316 1451 vero
334 1425 426 1454 dicent
440 1428 600 1456 amarulenti
618 1430 683 1465 legis
697 1431 821 1461 Mosaicae
837 1442 950 1463 accusa-

164 1472 248 1502 tores,
264 1470 305 1497 vel
318 1471 409 1505 potius
421 1473 587 1509 principatus
605 1476 650 1504 Dei
666 1478 823 1514 partitores,
840 1483 949 1516 quando

161 1514 256 1542 vident
268 1515 359 1544 Jesum
378 1518 407 1544 in
425 1518 577 1555 Evangeliis
595 1522 762 1560 Jerosolyma
775 1514 946 1561 perductum,

162 1560 252 1596 ibique
269 1562 385 1591 Mosaica
401 1565 524 1594 instituta
538 1569 740 1604 observantem,
758 1574 889 1602 sacrificia
905 1583 948 1602 se-

162 1608 280 1634 cundum
293 1615 459 1645 praeceptum
475 1612 541 1647 legis
557 1613 663 1643 Domini
677 1617 855 1653 otIerentem,
884 1621 948 1648 bra-

160 1652 283 1688 chiisque
300 1654 366 1689 justi
384 1655 527 1692 Symeonis
544 1659 629 1687 instar
640 1662 703 1689 doni
715 1669 883 1700 susceptum,
901 1668 946 1702 qui

161 1699 233 1726 inter
247 1705 344 1728 ca-tera
361 1703 468 1736 pictatis
484 1711 511 1732 et
523 1706 636 1741 iustitia:
648 1716 806 1744 argumenta
821 1721 869 1747 per
885 1699 947 1749 Spi-

158 1744 241 1771 ritum
262 1752 385 1775 sanctum
407 1751 548 1779 oraculum
574 1758 690 1788 nactus,
719 1761 747 1784 ct
773 1765 945 1788 communem

160 1789 332 1820 Servatorem
347 1794 468 1824 brachiis
481 1799 638 1833 complexus
654 1806 705 1833 est,
720 1807 747 1830 et
760 1803 898 1835 benedixit
909 1807 945 1840 ei,

158 1840 185 1863 et
203 1839 395 1871 praenuntiavit
410 1861 416 1872 ,
431 1849 493 1869 eum
509 1843 535 1870 in
553 1848 665 1873 salutem
681 1847 826 1877 advenisse
854 1859 945 1879 coram

158 1881 228 1909 facie
244 1884 364 1912 omnium
382 1888 557 1922 populorum.
570 1895 597 1917 et
609 1891 695 1919 instar
710 1893 778 1922 lucis
791 1896 824 1922 ad
842 1897 945 1925 illumi-

158 1928 297 1957 nationem
316 1933 448 1966 gentium,
465 1942 526 1969 qua:
540 1938 660 1971 posthac
670 1939 698 1966 in
710 1947 771 1967 eum
785 1942 839 1969 sint
854 1944 945 1971 credi-

159 1978 238 2006 tune,
251 1976 360 2005 divinus
371 1987 437 2006 vero
458 1983 625 2018 evangelista
640 1992 694 2012 non
712 1987 777 2014 satis
799 1989 891 2016 habuit
906 1991 943 2024 id,

158 2021 231 2054 quod
250 2026 315 2050 tunc
330 2029 434 2059 gestum
449 2032 519 2059 erat.
530 2034 626 2057 contra
642 2031 742 2067 impios
754 2033 804 2062 hos
819 2035 945 2064 homines

157 2075 383 2102 commemorare,
395 2072 442 2099 sed
452 2072 650 2108 impudentiam
663 2085 768 2112 eorum,
781 2084 810 2106 ut
823 2081 943 2115 videtur,

157 2112 321 2146 przevidens,
337 2115 418 2142 etiam
433 2117 550 2152 Annam,
566 2121 645 2154 cujus
664 2123 752 2150 tribus
761 2125 873 2153 Aserem
893 2127 944 2154 lia-

156 2158 401 2194 bebatauclorem,
423 2170 486 2190 cum
512 2172 577 2193 sene
598 2167 646 2195 illo
661 2175 835 2204 przesentem,
852 2172 943 2200 Domi-

156 2212 280 2240 numque
291 2207 486 2242 celebrantem,
502 2215 531 2237 et
545 2211 578 2238 de
592 2215 730 2241 communi
753 2215 868 2244 Domino
894 2226 941 2245 ea-
955 2216 982 2246 D

156 2252 218 2277 dem
234 2259 266 2279 ac
284 2252 382 2280 similia
398 2254 584 2289 proferentcm
600 2258 628 2285 in
643 2267 719 2287 sacra
733 2261 845 2288 historia
859 2263 941 2291 sistit.

156 2295 235 2328 Quod
249 2305 314 2325 vero
325 2303 418 2332 postea
433 2302 565 2337 contigit,
592 2304 706 2332 multum
735 2307 849 2335 omnino
873 2309 942 2338 valet

155 2341 189 2368 ad
214 2343 404 2377 reprimendos
417 2350 443 2373 et
457 2347 625 2382 dejicieudos
642 2358 689 2378 eos
705 2352 752 2386 qui
769 2354 942 2387 supercilium

157 2382 288 2414 adversus
300 2388 419 2417 divinam
432 2391 544 2426 gloriam
557 2394 684 2422 eﬂ‘erunt.
699 2396 767 2423 Cum
780 2398 852 2425 enim
864 2399 944 2428 Jesus

157 2439 212 2458 una
227 2440 288 2460 cum
306 2433 414 2470 Virgine
436 2436 519 2466 Matre
537 2447 599 2472 sua,
619 2441 692 2474 quod
716 2442 749 2469 ad
774 2451 895 2477 carnem,
913 2451 940 2474 et

156 2482 234 2512 patre
245 2487 295 2506 suo
320 2482 447 2514 putatitio
466 2483 654 2520 Hierosolyma
681 2487 820 2521 proiectus
847 2496 941 2522 essot.

153 2525 272 2558 peractis
292 2525 340 2558 ibi,
357 2536 417 2562 qua:
440 2537 518 2557 sacer
533 2531 625 2559 Codex
655 2534 818 2568 praescribit,
845 2539 940 2571 sacris,

153 2569 278 2605 ipsisque
292 2578 386 2607 postea
400 2575 511 2602 domum
531 2579 740 2613 revertentibus,
757 2586 785 2608 et
797 2582 832 2609 ob
843 2583 942 2611 absen-

154 2618 209 2641 tem
239 2624 354 2651 puerum
380 2624 437 2647 tum
460 2620 544 2649 Matre
570 2626 722 2651 secundum
738 2633 860 2658 carnem,
880 2633 937 2656 tum

154 2660 235 2688 Patre
245 2664 375 2696 putatitio
388 2666 511 2693 sollicitis
524 2687 532 2699 ,
559 2673 603 2700 et,
629 2678 712 2705 quem
733 2671 936 2707 desiderabant,

153 2710 349 2742 quaerentibus,
368 2711 402 2743 is,
418 2713 463 2747 qui
481 2714 602 2741 omnium
616 2716 725 2750 quidem
741 2718 875 2750 conditor,
890 2719 938 2746 sed

154 2753 189 2780 ob
200 2761 321 2783 amorem
330 2757 357 2783 in
370 2757 497 2786 homines
508 2759 626 2795 Virginis
636 2766 695 2789 erat
706 2763 777 2791 tilius
787 2772 794 2791 :
804 2763 872 2796 Quid
885 2773 936 2798 me,

1005 924 1101 957 τυρίαν
1116 923 1276 957 παρέχεται.
1291 921 1376 948 Πάλιν
1390 922 1418 948 δὲ
1435 922 1449 948 ό
1473 921 1611 956 Ζαχαρίας
1633 921 1788 957 Πνεύματῖς

1005 969 1084 1002 ἁγίου
1098 969 1203 1002 γίνεται
1218 968 1333 1003 πλήρης,
1349 968 1396 994 καὶ
1413 969 1476 999 τοὺς
1493 968 1540 994 ἀπ’
1556 967 1661 994 αἰώνων
1685 969 1789 1003 προφή-

1005 1023 1053 1045 τας
1068 1014 1146 1050 χορὸν
1164 1014 1248 1047 ἁγίων
1262 1014 1404 1048 κηρύσσει.
1422 1014 1537 1048 "lira/pe
1554 1014 1618 1048 γὰρ,
1632 1013 1698 1048 φησὶ
1724 1022 1790 1048 προ-

1005 1059 1130 1095 φητεύων
1144 1060 1192 1086 καὶ
1211 1060 1256 1086 διὰ
1270 1059 1317 1086 τοῦ
1333 1059 1489 1094 Πνεύματος
1505 1059 1551 1085 τοῦ
1575 1059 1654 1110 ἁγίου
1670 1059 1789 1110 Ege-{76:

1005 1112 1095 1139 μενος,
1107 1103 1193 1138 κέρας
1211 1104 1359 1137 σωτηρίας
1375 1104 1447 1138 ἡμῖν
1461 1104 1496 1130 ἐν
1521 1104 1593 1136 οἴκῳ
1623 1104 1712 1131 Δαϐὶδ
1734 1105 1788 1132 τοῦ

1004 1150 1111 1183 παιδὸς
1124 1150 1228 1177 αὐτοῦ.
1245 1151 1300 1176 Καὶ
1311 1150 1393 1176 πόθεν
1405 1151 1422 1185 ὴ
1436 1150 1589 1183 ἁπόδειξις;
1606 1151 1707 1183 Καθὼς
1721 1151 1788 1177 ἑλοί-

1002 1198 1090 1230 λησε,
1110 1196 1187 1231 φησὶ,
1199 1195 1248 1222 διὰ
1260 1197 1409 1231 στόματος
1417 1196 1477 1223 τῶν
1487 1197 1578 1232 ἁγίων
1588 1196 1647 1223 τῶν
1658 1197 1708 1224 ἀπ’
1719 1197 1787 1223 αιῶ-

1003 1250 1056 1274 νος
1064 1241 1224 1275 προφητῶν
1239 1242 1342 1274 αὐτοῦ,
1354 1242 1479 1277 ἀλλὀὺχὶ
1491 1243 1536 1269 τοῦ
1556 1243 1679 1278 Ἐχθροῦ.
1694 1244 1747 1269 Καὶ
1760 1242 1787 1270 τί

1003 1287 1225 1323 προεφήτευσαν;
1254 1287 1431 1321 Μνησθῆναι
1461 1288 1514 1314 τὸν
1543 1288 1617 1315 Θεὸν
1642 1288 1786 1322 διαθήκης

1001 1332 1088 1366 ἁγίας
1102 1332 1206 1363 αὑτοῦ,
1221 1332 1278 1358 ἀλλ’
1289 1333 1358 1367 οὐχὶ,
1371 1332 1576 1368 τρισάθλιε,τοῦ
1597 1333 1786 1368 Ἐχθροῦ,⁹Ετι

1001 1377 1029 1404 δὲ
1048 1377 1149 1410 μᾶλλον
1163 1377 1217 1404 τῶν
1228 1378 1335 1405 ἀσεὸὦν
1352 1378 1470 1413 χαλινῶν
1494 1379 1529 1405 τὰ
1547 1379 1679 1413 στόματα,
1693 1380 1785 1415 ὅρκον,

1002 1423 1031 1450 ὃν
1041 1423 1132 1458 ὤμοσε
1147 1424 1216 1459 πρὸς
1239 1423 1364 1458 Ἀϐραὰμ
1379 1423 1426 1450 τὸν
1447 1425 1552 1460 πατέρα
1569 1424 1656 1460 ἡμῶν,
1676 1426 1785 1460 ἐπάγει·

1006 1469 1061 1497 Τοῦ
1072 1469 1178 1496 δοῦναι
1190 1468 1264 1503 ἡμῖν
1277 1469 1396 1503 ἀφόϐως
1407 1469 1443 1496 ἐκ
1463 1470 1562 1504 χειρὸς
1594 1470 1653 1497 τῶν
1671 1471 1787 1505 ἐχθρῶν

1001 1515 1085 1551 ἡμῶν
1105 1515 1277 1550 ῥυσθέντας
1299 1516 1457 1549 λατρεύειν
1480 1517 1560 1550 αὐτῷ
1589 1518 1623 1545 ἐν
1652 1521 1786 1555 ὁσιότητι

1000 1561 1254 1595 καίδικαιοσύνῃ.
1275 1561 1437 1595 Συλλογίζου
1454 1563 1487 1589 τὰ
1508 1564 1651 1599 εἰρημένα.
1673 1566 1786 1601 Πνεῦμα

999 1607 1077 1642 ἅγιον
1091 1607 1189 1642 πληροῖ
1204 1608 1249 1634 τὸν
1266 1608 1413 1643 Ζαχαρίαν,
1436 1609 1483 1635 καὶ
1500 1609 1654 1645 πληρωθεὶς
1679 1613 1785 1639 ἐκεῖθεν

1000 1652 1094 1686 ἁγίους
1112 1653 1176 1684 τοὺς
1192 1653 1239 1679 ἀπ’
1250 1653 1348 1685 αἰῶνος
1364 1656 1507 1689 προφήτας
1527 1655 1575 1682 καὶ
1590 1655 1658 1682 θεοῦ
1680 1657 1784 1692 θυηπό-

998 1698 1061 1729 λους
1072 1697 1244 1732 ἀναγορεύει,
1261 1699 1309 1725 καὶ
1321 1698 1371 1733 τὴν
1396 1699 1554 1735 ἐλευθερίαν
1583 1701 1661 1736 ήμῶν
1677 1711 1785 1738 προφη-

998 1742 1081 1775 τεύει,
1099 1742 1202 1769 καὶτὸν
1213 1743 1350 1778 ὀμόσαντα
1360 1744 1428 1779 πρὸς
1445 1744 1491 1770 τὸν
1513 1745 1648 1780 Ἀϐραὰμ,
1677 1747 1784 1774 ἐκεῖνον

997 1788 1046 1823 τῆς
1065 1788 1222 1823 ἐλευθερίας
1247 1788 1317 1816 εἶναι
1341 1790 1441 1825 δοτῆρα
1463 1790 1616 1826 κηρύσσει·
1643 1793 1690 1818 καὶ
1719 1794 1783 1824 τοὺς

997 1833 1188 1869 προσάγοντας
1201 1834 1276 1870 αὐτῷ
1293 1835 1343 1869 τὴν
1357 1834 1483 1870 λατρείαν
1497 1838 1526 1863 ἐν
1540 1837 1659 1871 ὁσιότητι
1672 1838 1718 1864 καὶ
1741 1839 1782 1865 δι-

997 1880 1130 1916 καιοσύνῃ
1141 1880 1293 1915 λατρεύειν.
1309 1881 1340 1907 Et
1353 1881 1441 1908 ταῦτα
1454 1882 1584 1917 πλησθεὶς
1601 1885 1615 1910 ὁ
1646 1884 1784 1919 Ζαχαρίας

996 1927 1158 1962 Πνεύματος
1181 1927 1259 1961 ἁγίου
1280 1928 1385 1962 διῆλθε,
1415 1927 1474 1959 πῶς
1504 1929 1566 1963 οὐχὶ
1584 1929 1631 1955 τοῦ
1660 1930 1780 1965 πονηροῦ

996 1972 1164 2008 πλησθέντες
1175 1973 1330 2008 πνεύματος
1341 1974 1366 1999 οἰ
1385 1973 1514 2000 τάναντία
1541 1973 1646 2005 τούτοις
1663 1974 1783 2008 ἀπελέγ-

996 2027 1088 2053 χονται
1100 2018 1251 2052 φωνοῦντες
1264 2026 1270 2049 ς
1289 2017 1321 2044 Τί
1333 2018 1356 2044 δ’
1368 2018 1401 2044 ἂν
1417 2019 1496 2053 φαῖεν
1510 2019 1535 2044 οἱ
1549 2019 1641 2054 πικροὶ
1649 2019 1698 2053 τῆς
1713 2020 1780 2046 Μω-

997 2065 1093 2099 σαῖχῆς
1104 2065 1253 2100 κατήγοροι
1269 2063 1409 2099 διαθήκης,
1427 2064 1527 2099 μᾶλλον
1541 2064 1568 2090 δὲ
1583 2065 1632 2098 τῆς
1646 2064 1693 2090 τοῦ
1711 2065 1780 2091 Θεοῦ

996 2110 1133 2146 βασιλείας
1146 2110 1283 2145 μερισταὶ,
1302 2110 1365 2136 ὃταν
1391 2110 1476 2149 ὁρῶσι
1489 2110 1533 2137 διὰ
1547 2111 1594 2136 τοῦ
1613 2111 1780 2145 Εὑαγγελίου

995 2156 1163 2191 ἀναγόμενον
1176 2156 1225 2191 μὲν
1241 2157 1280 2188 είς
1293 2156 1328 2182 τὰ
1345 2156 1520 2192 Ἰεροσόλυμα
1537 2157 1583 2184 τὸν
1604 2158 1717 2191 Ἰησοῦν,
1734 2167 1780 2184 τε-

994 2201 1091 2228 λοῦντα
1106 2201 1135 2228 δὲ
1149 2201 1184 2228 τὰ
1200 2202 1347 2233 Μωσαῑκὰ,
1360 2203 1407 2229 καὶ
1420 2202 1537 2238 φέροντα
1552 2202 1645 2229 θυσίαν
1658 2204 1730 2230 κατὰ
1748 2204 1779 2230 τὸ

994 2247 1139 2283 εἰρημένον
1153 2249 1181 2274 ἐν
1198 2248 1272 2283 νόμῳ
1285 2247 1398 2284 Κυρίου,
1412 2249 1545 2283 ἀγκάλαις
1566 2248 1594 2275 δὲ
1609 2249 1779 2284 δωροφορού-

996 2301 1076 2327 μενον
1086 2292 1132 2319 τοῦ
1144 2292 1249 2319 δικαίου
1266 2292 1390 2328 Συμεὼν,
1407 2293 1436 2325 ὃς
1452 2294 1521 2328 μετὰ
1536 2295 1585 2328 τῆς
1603 2294 1686 2329 ἄλλης
1703 2295 1780 2321 εὐσε-

994 2338 1071 2369 ϐείας
1082 2339 1130 2365 καὶ
1144 2338 1328 2374 δικαιοσύνης,
1355 2340 1419 2374 περὶ
1442 2339 1490 2366 τοῦ
1515 2341 1591 2374 ἁγίου
1619 2340 1780 2376 Πνεύματος

993 2385 1187 2421 χρηματισμὸν
1199 2385 1290 2411 λαϐὼν
1301 2386 1359 2421 ἅμα
1369 2395 1398 2412 τε
1411 2386 1602 2421 ὲνηγκαλίζετο
1616 2387 1662 2413 τὸν
1688 2388 1780 2414 κοινὸν

993 2431 1143 2467 λυτρωτὴν,
1159 2431 1268 2466 ηὐλόγει
1281 2439 1311 2457 τε
1339 2431 1420 2458 αὑτὸν
1434 2432 1479 2458 καὶ
1495 2431 1627 2466 θεολογῶν
1655 2434 1779 2468 προεφή-

992 2485 1055 2504 τευε
1084 2478 1220 2513 σωτηρίαν
1235 2478 1437 2513 παραγενέσθαι
1463 2478 1534 2504 κατὰ
1553 2481 1697 2512 πρόσωπον
1714 2479 1779 2505 πάν-

991 2532 1044 2550 των
1054 2524 1110 2550 τῶν
1121 2523 1203 2557 λαῶν,
1220 2524 1267 2550 καὶ
1278 2524 1336 2558 φῶς
1357 2524 1398 2555 είς
1415 2523 1586 2558 ἀποκάλυψιν
1615 2524 1700 2550 ἐθνῶν
1723 2524 1779 2550 τῶν

993 2570 1062 2604 μετὰ
1074 2568 1160 2596 ταῦτα
1185 2569 1406 2595 πεπιστευκότων
1424 2570 1464 2600 εἰς
1487 2569 1585 2602 αὑτόν;
1603 2568 1632 2596 ’0
1655 2569 1682 2595 δὲ
1706 2569 1779 2600 θεῖος

991 2615 1186 2650 εὐαγγελιστὴς
1209 2615 1262 2641 οὐκ
1276 2614 1397 2650 ἠρκέσθη
1412 2615 1443 2641 τὸ
1470 2615 1531 2641 τότε
1556 2615 1636 2650 μόνον
1662 2622 1778 2650 γεγενη-

994 2663 1075 2697 μένον
1096 2662 1166 2688 κατὰ.
1182 2660 1236 2689 τῶν
1249 2661 1356 2689 ἀσεϐῶν
1375 2662 1479 2694 είπεῖν,
1496 2661 1565 2694 ἀλλ’,
1589 2661 1627 2692 ὡς
1647 2661 1730 2692 ἔοικε,
1745 2662 1778 2687 τὸ

991 2709 1167 2744 ἀναίσχυντον
1181 2708 1270 2735 αὐτῶν
1283 2709 1426 2745 προειδὼς,
1442 2710 1489 2737 καὶ
1503 2710 1553 2745 τὴν
1579 2709 1689 2759 Ἀνναν,
1704 2706 1738 2744 ἧς
1757 2708 1776 2759 η

991 2755 1063 2792 φυλὴ
1079 2755 1123 2783 τὸν
1142 2755 1225 2791 Ἀσὴρ
1239 2756 1358 2792 ἀρχηγὸν
1385 2754 1452 2791 εἶχε,
1482 2754 1682 2790 συμπαροῦσάν
1693 2762 1724 2781 τε
1736 2754 1776 2788 τῷ

154 2847 175 2865 "
192 2848 258 2877 Luc.
277 2858 296 2884 ι,
311 2850 355 2879 69.
395 2851 417 2868 ⁸⁸
435 2852 501 2881 ibid.
517 2853 562 2881 70.
601 2854 622 2872 °'
634 2854 701 2884 ibid.
721 2855 764 2885 7‘2.
801 2857 823 2874 7°
835 2857 901 2886 ibid.
919 2857 948 2885 Ἠ
