1931 3082
163 157 214 191 ii?

724 156 856 187 PIIOTII
876 155 1131 186 PATBIAHCIDE
1152 156 1207 188 (ΖΡ.

1743 158 1799 191 120

161 215 245 243 alium
268 212 514 245 veLaccnsatorem
533 210 575 237 vel
593 209 737 240 victorem.
752 217 834 244 quam
858 208 951 236 Mosen

1013 216 1106 243 (μασιν
1129 209 1180 235 οὐκ
1199 208 1278 235 ἄλλον
1305 209 1461 245 κατήγορον
1489 210 1536 237 καὶ
1557 210 1702 246 Θρίαμϐον,
1727 212 1795 240 ἀλλὰ

163 260 252 288 aifcrt.
267 259 307 286 Ne
322 257 474 286 eaiuimett's
486 257 567 289 enim,
581 255 680 290 inquit,
691 255 760 290 quod
769 263 815 290 ego
825 263 869 282 vos
881 255 952 289 apud

162 306 272 333 Putrem
284 309 454 331 accusaturus
469 312 527 330 sum
543 302 574 329 ".
590 301 649 329 Non
667 309 733 328 sane
745 321 751 333 ,
767 301 812 328 sed
829 306 888 333 est,
906 301 952 336 qui

163 360 212 380 vos
232 356 358 383 accusat,
378 350 467 377 Moses
490 349 606 379 scilicet.
632 348 705 382 apud
726 347 845 374 Palrtm.
867 347 953 380 ilujus

165 399 237 426 enim
263 398 335 432 leges
352 397 409 431 ipse
429 395 479 423 sibi
507 395 626 421 creditas
648 401 701 420 una
723 401 786 420 cum
807 393 953 428 prophetia

164 445 197 471 de
212 443 321 470 Christo
340 447 444 474 nactus,
458 445 601 468 accusator
612 439 725 467 omnino
742 439 793 466 litie
814 439 912 474 dignus
926 442 954 465 et

165 488 244 516 testis
263 488 338 514 omni
360 487 519 521 exceptione
541 485 629 519 major
647 484 700 511 erit
725 488 819 511 contra
836 492 885 511 eos
906 483 952 517 qui

164 535 237 569 leges
248 535 307 569 ejus
323 538 350 560 et
363 533 452 560 colere
471 536 499 559 et
522 539 615 558 amare
631 531 747 558 multum
763 530 873 564 quidem
894 529 953 565 glo-

163 581 280 612 rientur,
301 578 370 606 nihil
395 585 459 605 vero
474 585 569 604 eorum
595 577 729 611 recipiant
752 583 812 611 qua:
834 575 867 603 ab
894 575 954 609 ipso

164 627 199 654 de
213 625 350 654 communi
365 629 458 652 uestro
478 623 593 650 Domino
611 628 639 650 et
658 622 803 650 Servatore
825 621 954 656 przedicta

164 677 242 703 sunt.
258 673 331 707 quod
346 676 435 698 tamen
447 675 474 698 et
490 676 589 705 caput,
608 675 635 697 et
652 677 722 704 apex
741 673 768 696 et
786 669 894 696 initium
911 673 953 695 to—

164 720 219 746 tius
234 717 410 754 legisiationis
421 717 480 752 ejus
499 721 575 748 erat;
601 715 656 743 imo
671 723 720 742 nec
734 715 906 749 correptione
919 714 954 741 ob

164 765 346 792 temeritatem
362 770 456 790 eorum
479 767 506 789 et
521 769 640 797 pugnam
656 761 786 789 adversus
808 768 871 787 eum
882 780 889 793 ,
908 760 954 795 qui

165 810 365 847 praenuntiatus
387 810 421 837 ab
442 817 475 836 eo
494 813 546 839 est,
570 807 669 835 factam
694 806 856 834 aiiiciantur.
878 806 954 833 Post-

165 865 246 892 quam
263 856 346 891 igitur
358 855 451 882 muitis
464 854 572 881 Domini
595 854 686 880 verbis
697 873 705 884 ,
720 853 775 880 imo
793 861 846 880 non
863 852 955 880 verbis

1005 254 1050 281 τὸν
1063 254 1165 290 Μωσῆν
1184 254 1299 289 εἰσάγει.
1320 255 1369 288 Μὴ
1393 255 1449 291 γὰρ
1480 255 1604 288 δοκεῖτε,
1631 258 1724 293 φησὶν,
1750 259 1796 286 ὅτι

1005 300 1062 335 ἐγὼ
1078 301 1274 335 κατηγορήσω
1302 301 1385 336 ὑμῶν
1400 302 1473 336 πρὸς
1498 302 1551 329 τὸν
1571 303 1689 338 Πατέρα
1701 311 1708 319 ·
1722 305 1793 340 οὐχὶ,

1006 347 1075 374 ἀλλά
1087 348 1129 379 τίς
1145 348 1219 373 ἐστιν
1233 348 1246 373 ὁ
1257 347 1420 383 κατηγορῶν
1438 347 1526 383 ὑμῶν,
1545 349 1647 385 Μωσῆς
1662 349 1796 385 δηλονότι,

1006 395 1081 427 πρὸς
1094 393 1147 420 τὸν
1160 393 1285 427 Πατέρα·
1301 390 1331 419 οὗ
1347 393 1410 425 τοὺς
1418 394 1518 428 νόμους
1531 394 1613 426 αὐτὸς
1627 396 1795 428 πιστευθεὶς,

1007 439 1054 466 καὶ
1069 438 1118 474 τὴν
1135 439 1200 475 περὶ
1229 438 1348 474 Χριστοῦ
1377 440 1556 475 προφητείαν,
1579 440 1737 473 ἀξιόπιστος
1762 443 1796 468 ἂν

1007 485 1160 521 κατήγορος
1190 485 1244 520 εἴη,
1272 486 1319 512 καὶ
1345 486 1567 522 ἀπαράγραπτος
1602 488 1708 523 μάρτυς
1740 490 1796 515 τῶν

1008 532 1253 568 μεγαλαυχοὺντων
1269 533 1318 567 μὲν
1342 532 1425 559 αὐτοῦ
1438 534 1500 564 τοὺς
1525 533 1624 568 νόμους
1642 534 1692 561 καὶ
1713 536 1796 571 τιμᾷν

1007 579 1055 606 καὶ
1069 579 1202 614 στέργειν,
1220 578 1304 614 μηδὲν
1318 578 1347 604 δὲ
1363 578 1418 605 τῶν
1434 578 1480 605 ὑπ’
1495 580 1577 606 αὑτοῦ
1592 581 1657 615 περὶ
1673 582 1721 608 τοῦ
1736 591 1796 608 κοι-

1007 626 1054 652 νοῦ
1084 625 1222 651 Δεσπότου
1250 626 1298 651 καὶ
1325 625 1452 660 Σωτῆρος
1486 625 1566 661 ἡμῶν
1595 626 1796 654 θεσπισοέντων

1009 671 1210 706 προσιεμένων,
1221 670 1236 696 ὃ
1249 671 1398 704 κεφάλαιον
1411 669 1445 707 ἦν
1458 672 1504 697 καὶ
1514 672 1628 707 κρηπὶς,
1639 673 1687 699 καὶ
1703 673 1797 708 προοί-

1009 725 1070 752 μιον
1098 717 1147 752 τῆς
1166 717 1229 751 ὅλης
1246 716 1329 743 αὐτοῦ
1344 716 1516 751 νομοθεσίας,
1533 717 1601 743 ἀλλὰ
1620 717 1688 753 μηδὲ
1706 718 1798 745 συναί-

1009 763 1105 798 σθησιν
1122 763 1272 797 ἁναστολῆς
1288 762 1425 789 λαϐόντων
1449 763 1499 798 τῆς
1522 763 1562 795 εἰς
1577 763 1622 790 τὸν
1640 772 1798 800 προφητευ-

1009 810 1090 836 θέντα
1106 809 1250 845 παροινίας
1265 817 1295 835 τε
1311 809 1359 835 καὶ
1376 808 1538 844 Θεομαχίας.
1554 809 1605 836 Διὰ
1620 810 1727 837 πολλῶν
1743 812 1799 837 τοί-

1008 863 1055 881 νυν
1069 853 1244 881 Δεσποτικῶν
1267 853 1375 888 φωνῶν,
1394 853 1442 880 καὶ
1457 854 1487 880 οὐ
1504 854 1602 888 φωνῶν
1621 855 1710 889 μόνον,
1730 855 1798 882 ἀλλὰ

167 902 271 932 solum,
286 901 332 928 sed
356 906 384 928 et
405 901 482 928 factis
507 899 710 935 aposloloruut,
734 906 854 926 errorem
880 898 954 925 illum

1013 902 1056 928 καὶ
1067 900 1206 937 πράξεων,
1217 900 1262 927 ναὶ
1273 899 1306 936 δὴ
1319 900 1366 926 καὶ
1380 899 1424 926 διὰ
1436 900 1491 926 τῶν
1503 900 1696 928 ἁποστολικῶν
1710 901 1799 936 ἔργων

167 949 336 975 coniuratum
352 947 488 978 dedimus,
504 946 550 980 qui
572 945 755 980 principatum
772 945 846 980 regni
864 944 910 971 Dei
928 944 956 971 in

167 994 235 1021 duas
249 992 399 1020 contrarias
424 997 513 1026 partes
535 990 651 1022 scindit.
675 998 756 1025 quam
778 990 886 1017 tandem
909 997 957 1016 ve-

167 1041 240 1068 niant
262 1047 372 1075 sperare
389 1042 504 1074 possunt
524 1037 560 1064 illi
584 1037 632 1073 qui
665 1041 727 1072 post
747 1041 786 1063 tot
808 1037 957 1070 impietatis

167 1086 368 1114 conlutaliones
380 1085 470 1112 adhuc
483 1084 546 1111 mali
555 1083 681 1118 principii
695 1082 828 1109 voluntati
842 1083 885 1113 iis.
897 1090 958 1116 quae

168 1132 277 1167 sapiunt
298 1136 326 1159 et
345 1131 450 1162 vivunt,
463 1130 670 1160 obsecundant,
687 1134 715 1157 et
733 1128 959 1156 i’atretni'atniiias

170 1178 290 1205 universi
314 1176 458 1204 Beelzebul
478 1181 592 1206 vocant.
617 1175 762 1203 Beelzehnl
785 1182 851 1202 vero
873 1173 958 1201 Deum

168 1223 320 1255 occultum,
340 1227 368 1250 et
378 1222 560 1255 inetl‘abiiem,
578 1226 604 1248 et
619 1222 734 1253 Bonum,
747 1225 774 1248 et
791 1220 911 1252 Patrem,
930 1224 959 1246 ut

168 1269 283 1297 foediora
299 1277 353 1296 non
365 1269 454 1296 dicam
465 1289 472 1301 ,
487 1268 656 1300 renuntiant,
675 1275 726 1295 nec
745 1267 887 1294 victoriam
906 1265 959 1292 Do-

168 1316 236 1344 mini
257 1324 272 1343 a
295 1316 525 1343 calumniantibus
540 1315 640 1342 Judaeis
661 1314 773 1341 relatam
793 1316 905 1348 stupent
928 1319 960 1339 ac

168 1367 342 1395 reverentur,
358 1370 439 1396 quam
453 1369 502 1396 per
523 1361 631 1388 illorum
653 1361 725 1387 latus
747 1368 802 1386 non
820 1360 920 1390 minus,
937 1358 959 1385 si

169 1417 224 1436 non
241 1408 326 1443 magis
343 1411 370 1434 et
387 1407 532 1438 illustrius,
559 1414 574 1433 a
592 1406 719 1441 praesenti
741 1405 895 1432 defectione
915 1411 960 1430 re-

169 1455 297 1490 portavit.
320 1453 489 1487 impielalem
508 1452 591 1483 enim,
610 1459 690 1487 qualn
707 1451 817 1485 utrique
838 1457 960 1477 commu-

169 1507 234 1527 nem
255 1499 368 1530 habent,
386 1498 491 1524 etiamsi
513 1504 600 1524 novus
623 1497 667 1523 ille
688 1499 811 1530 apostata
831 1494 960 1522 audacius

170 1554 200 1573 se
221 1546 271 1572 hac
294 1545 320 1572 in
342 1549 418 1579 parte
439 1543 540 1577 jactat,
563 1543 705 1578 objectans
728 1542 836 1570 dicebat
852 1551 859 1568 :
875 1541 959 1569 Omne

169 1600 279 1626 regnum
295 1592 321 1618 in
337 1596 426 1625 partes
442 1591 552 1617 scissum
563 1610 570 1622 ,
587 1599 637 1616 non
649 1589 769 1616 consistet
780 1589 812 1616 ⁷⁸.
825 1589 959 1622 Quoniam

170 1639 244 1666 enim
261 1637 377 1672 improbi
392 1641 421 1664 et
436 1637 540 1672 stupidi
553 1636 650 1669 Judmi,
664 1637 790 1663 videntes
804 1636 961 1663 Creatorem

171 1689 198 1712 et
212 1684 318 1711 animas
326 1688 353 1711 et
369 1691 483 1718 corpora
508 1684 611 1710 morbis
628 1683 800 1715 liberantem,
819 1682 963 1710 Beelzebui

171 1731 303 1758 miracula
329 1731 387 1758 haec
407 1730 658 1765 transeripserunt,
684 1730 720 1756 ita
749 1734 776 1756 et
799 1729 962 1757 deiectionis

171 1776 253 1811 hujus
272 1781 490 1812 propugnatores
504 1784 585 1810 opera
601 1784 732 1802 manuum
753 1776 814 1810 ejus
834 1776 862 1802 in
885 1783 964 1802 eum-

171 1824 234 1850 dem
261 1823 439 1850 transfernut.
456 1822 603 1857 Propterea
623 1829 659 1849 ex
673 1822 770 1849 merito
793 1821 887 1849 cadent
909 1821 964 1848 Do-

172 1869 240 1896 mini
256 1876 323 1896 voee
335 1868 477 1903 utriusque
489 1868 574 1902 partis
590 1875 708 1902 pugnam
723 1867 779 1894 Deo
800 1868 963 1894 intentatam

173 1915 340 1943 eonfuderis.
362 1915 440 1947 Quod
459 1915 481 1942 si
504 1914 577 1942 enim
597 1914 741 1941 indivisum
764 1913 965 1948 Omnipotentis

173 1961 319 1996 imperium
350 1961 497 1991 dividatur.
518 1959 637 1987 divisum
658 1967 801 1994 nunquam
820 1958 964 1986 consistet.

174 2008 227 2034 Sed
243 2007 328 2042 prima
349 2006 393 2033 illa
419 2006 518 2033 divisio
539 2005 611 2032 viam
637 2008 757 2037 sternet,
783 2004 860 2031 utin
888 2003 963 2031 mille

174 2052 288 2081 distrahi
304 2057 396 2088 queat,
409 2060 459 2079 nec
471 2059 589 2087 unquam
602 2055 703 2078 certatn
716 2051 810 2078 sedem
820 2051 966 2084 locumque

175 2100 304 2134 consequi
330 2099 425 2134 possit.
455 2098 689 2131 Quemadmodum
724 2097 816 2132 itaque
851 2101 966 2131 uterque

175 2146 393 2181 deprehenditur
408 2149 502 2172 contra
527 2144 612 2171 Deum
629 2151 750 2179 pugnare
760 2163 767 2176 ,
788 2141 900 2170 Iudaeus
915 2141 967 2168 sci-

175 2193 241 2220 licet
262 2196 289 2219 et
303 2195 438 2226 apostata,
461 2190 504 2217 ille
524 2190 634 2225 quidem
655 2189 803 2222 miracula,
834 2189 879 2216 hic
899 2195 966 2216 vero

1007 957 1037 976 τε
1052 949 1099 976 καὶ
1112 947 1245 983 ῥημάτων
1259 947 1310 982 τῆς
1327 947 1432 983 πλάνης
1448 947 1633 983 ήλεγχμένης.
1654 948 1671 982 ἢ
1689 948 1718 974 τδ
1729 948 1799 983 κρά-

1007 1003 1053 1026 τος
1067 995 1116 1029 τῆς
1140 993 1188 1020 τοῦ
1201 993 1270 1020 Θεοῦ
1286 993 1426 1028 βασιλείας
1441 994 1480 1025 είς
1500 993 1587 1028 ἀρχὰς
1606 994 1800 1029 ἀντικειμένας

1009 1040 1107 1076 σχίζει,
1128 1041 1190 1067 τίνα
1206 1040 1301 1066 λοιπὸν
1317 1039 1484 1075 συγγνώμην
1502 1040 1609 1075 ἔχουσιν
1623 1041 1649 1067 οἱ
1671 1040 1741 1076 μετὰ
1753 1049 1799 1067 το-

1010 1086 1122 1118 σούτους
1134 1087 1182 1121 τῆς
1194 1086 1322 1118 ἀσεϐείας
1334 1087 1462 1121 ἐλέγχους
1487 1086 1526 1113 ἐτι
1543 1086 1582 1122 τῷ
1601 1087 1647 1114 τοῦ
1665 1087 1800 1122 Πονηροῦ,

1010 1133 1044 1159 δι’
1059 1129 1096 1159 ὧν
1113 1141 1142 1159 τε
1155 1132 1285 1168 φρονοῦσι
1296 1133 1343 1159 καὶ
1355 1132 1389 1159 δι’
1403 1129 1441 1159 ὧν
1459 1132 1560 1167 βιοῦσι,
1577 1132 1800 1168 καθυπηρετοῦν-

1008 1187 1054 1210 τες
1068 1178 1220 1213 θελήματι·
1235 1178 1338 1205 καὶτὸν
1353 1178 1402 1212 μὲν
1419 1178 1624 1213 Οἰκοδεσπότην
1636 1179 1684 1206 τοῦ
1699 1179 1801 1210 παντὸς

1010 1225 1174 1257 Βεελζεϐοὺλ
1184 1224 1341 1256 καλοῦντες,
1363 1224 1410 1251 τὸν
1428 1224 1456 1251 δὲ
1470 1224 1635 1257 Βεελζεὸοὺλ
1651 1225 1719 1251 Θεὸν
1733 1224 1801 1260 κρύ-

1010 1281 1071 1307 φιον
1086 1272 1134 1298 καὶ
1162 1271 1292 1307 ἄρρητον,
1323 1272 1372 1297 καὶ
1398 1271 1512 1305 ἀγαθὸν,
1530 1271 1579 1298 καὶ
1599 1271 1717 1306 πατέρα,
1742 1271 1802 1297 ἀλλ’

1009 1318 1060 1344 οὐκ
1075 1317 1109 1344 ἂν
1129 1317 1236 1352 εἴποιμι
1256 1317 1287 1343 τὺ
1312 1317 1478 1352 ἀθειότερον,
1503 1317 1721 1351 ἀποφαίνοντες·
1752 1318 1802 1343 καὶ

1012 1363 1080 1398 μηδὲ
1094 1364 1140 1389 τὸν
1162 1364 1231 1397 πρὸς
1258 1363 1321 1393 τοὺς
1348 1361 1557 1397 δυσφημοῦντας
1584 1362 1637 1388 τῶν
1664 1361 1802 1389 Ἰουδαίων

1009 1409 1174 1436 Δεσποτικδν
1182 1407 1365 1443 ἐκτεθηπότες
1375 1407 1421 1434 καὶ
1436 1408 1678 1443 καταπτήσσοντες
1696 1407 1798 1443 Opimu-

1015 1455 1072 1487 6ov,
1088 1455 1117 1481 ὂν
1131 1454 1165 1480 δι’
1181 1453 1294 1480 ἐκείνων
1307 1453 1383 1480 οὐδὲν
1403 1453 1526 1486 ἔλαττον,
1542 1455 1567 1480 εί
1580 1453 1628 1481 καὶ
1647 1455 1683 1490 μὴ
1699 1454 1802 1488 μᾶλλον

1011 1501 1083 1528 κατὰ
1107 1501 1157 1535 τῆς
1187 1500 1235 1527 νῦν
1261 1500 1440 1531 ὰποστασίας.
1466 1499 1567 1526 Κοινὺν
1583 1499 1638 1535 γὰρ
1668 1500 1759 1531 αὐτοῖς
1772 1504 1804 1526 το

1013 1547 1169 1582 Θεομαχετν,
1197 1547 1221 1572 εἰ
1238 1546 1285 1572 καὶ
1306 1544 1505 1580 νεανικώτερον
1528 1546 1542 1571 ὁ
1561 1545 1720 1580 ἀποστάτης
1734 1545 1804 1580 Βρα-

1014 1593 1125 1619 σύνεται
1137 1592 1289 1628 προτείνων
1303 1591 1390 1625 ἔλεγε·
1408 1590 1496 1618 Πᾶσα
1507 1591 1654 1623 ,βασιλεία
1672 1591 1718 1625 ἐφ’
1732 1592 1804 1618 ἐαυ-

1012 1640 1070 1673 τὴν
1087 1638 1276 1674 μεριζομένη,
1295 1639 1332 1666 οὐ
1350 1638 1589 1671 συσταθήσεται.
1612 1638 1689 1664 Ἐπεὶ
1705 1638 1759 1673 γὰρ
1779 1638 1805 1664 οι

1012 1684 1067 1711 τῶν
1103 1683 1240 1710 Ἰουδαίων
1267 1683 1427 1718 ἀγνώμονες
1452 1682 1499 1709 τὸν
1526 1682 1657 1717 Πλάστην
1687 1682 1805 1717 ὁρῶντες

1014 1730 1206 1757 ἀπελαύνοντα
1233 1729 1281 1756 καὶ
1313 1729 1410 1764 ψυχῶν
1429 1729 1641 1764 καὶλσωμάτων
1670 1729 1703 1755 τὰ
1719 1729 1805 1764 πάθη,

1013 1777 1060 1804 τὸν
1076 1776 1241 1809 Βεελζεὸοὺλ
1272 1776 1333 1807 ταῖς
1356 1775 1532 1811 Θεοσημείαις
1561 1775 1742 1810 ἐπεφήμιζον,
1758 1777 1807 1802 καὶ

1014 1824 1039 1850 οἱ
1056 1825 1105 1858 τῆς
1116 1821 1287 1854 ἀποστάσιας
1306 1821 1462 1857 ὑπὲρμαχοι
1479 1822 1514 1849 τὰ
1531 1821 1602 1857 ἔργα
1620 1822 1676 1848 τῶν
1706 1820 1806 1856 χειρῶν

1014 1870 1098 1896 αὐτοῦ
1116 1869 1154 1901 είς
1170 1868 1215 1895 τὸν
1228 1869 1310 1895 αὑτὸν
1339 1869 1518 1904 ἀναφέρουσι.
1533 1869 1583 1896 Διὰ
1599 1869 1678 1895 τοῦτο
1693 1869 1807 1900 δικαίως

1015 1916 1048 1949 τῇ
1064 1914 1132 1949 αὐτῇ
1152 1915 1306 1950 Δεσποτικῇ
1337 1915 1413 1949 φωνῇ
1431 1914 1478 1940 καὶ
1496 1914 1526 1940 τδ
1554 1913 1689 1948 Θεομάχον
1705 1914 1808 1948 ἀμφοῖν

1016 1960 1194 1996 στηλιτεύοιτ’
1216 1960 1258 1987 ἄν.
1286 1961 1342 1987 Καὶ
1364 1960 1420 1995 γὰρ
1435 1960 1547 1995 εἴπερὴ
1576 1959 1626 1994 μία
1643 1959 1691 1985 τοῦ
1705 1968 1790 1985 παντο

1015 2007 1152 2041 κράτορος
1169 2007 1241 2042 ἁρχὴ
1254 2006 1433 2041 διατέτμηται
1445 2025 1452 2037 ,
1479 2006 1530 2032 οὐκ
1551 2005 1585 2032 ἂν
1601 2005 1717 2040 συσταίη
1735 2013 1807 2040 τμη-

1015 2052 1104 2079 Θεῖσα..
1131 2052 1233 2087 anet;
1264 2051 1360 2087 πρώτη
1383 2052 1455 2087 τομὴ
1478 2052 1537 2083 ὀδδς
1563 2051 1730 2078 καθέσταται
1757 2051 1807 2078 τοῦ

1017 2101 1064 2127 καὶ
1075 2101 1116 2132 είς
1137 2100 1222 2136 μυρία
1238 2100 1422 2135 διαιρεθῆναι,
1442 2100 1489 2127 καὶ
1505 2100 1642 2135 μηδεμίαν
1662 2099 1744 2134 ἕδραν
1761 2100 1808 2126 καὶ

1018 2147 1113 2173 στάσιν
1135 2146 1234 2181 μηκέτι
1248 2146 1380 2173 δύνασθαι
1408 2145 1513 2173 λαϐεῖν.
1531 2146 1636 2181 Ὥσπερ
1652 2145 1699 2172 οῦν
1715 2145 1809 2172 ἑκάτε-

1019 2202 1066 2228 ρος
1083 2193 1225 2220 ἁλίσκεται
1251 2191 1405 2228 θεομαχῶν.
1436 2192 1483 2218 καὶ
1517 2193 1531 2218 ὁ
1561 2192 1689 2224 Ἰουδαῖος
1718 2193 1765 2219 καὶ
1794 2193 1810 2218 ὁ

175 2243 315 2266 creaturas
326 2238 372 2265 Dei
389 2237 461 2264 hosti
477 2237 649 2268 adseribens,
669 2235 707 2263 ita
717 2240 813 2263 contra
834 2241 960 2270 utrosque

1020 2240 1190 2274 ἀποστάτης,
1203 2239 1218 2265 ὁ
1236 2238 1286 2274 μὲν
1300 2237 1350 2269 τὰς
1365 2237 1540 2273 θεοσημείας,
1553 2238 1567 2264 ὁ
1579 2237 1609 2264 δὲ
1622 2238 1656 2264 τὰ
1675 2238 1809 2273 δημιουρ-

175 2287 249 2315 valet
261 2285 415 2314 communis
427 2289 455 2313 et
468 2283 635 2312 invincibiiis
647 2283 756 2312 Domini
771 2284 895 2319 rejeetio.

175 2438 179 2442 ~
213 2419 283 2447 XIV.
302 2419 356 2447 Sed
376 2427 430 2454 quo
443 2418 589 2449 devenitis,
614 2418 756 2444 homines!
782 2425 832 2444 cur
852 2417 969 2444 Domino

178 2466 284 2498 relicto,
302 2472 464 2492 conservum
481 2470 602 2491 vestrum
615 2483 623 2496 ,
640 2463 681 2490 vel
705 2463 796 2497 potius
817 2470 925 2489 servum
943 2466 970 2489 et

179 2517 340 2548 apostatam,
356 2518 384 2539 et
396 2512 531 2539 universa:
540 2515 754 2538 nostrtenaturae
770 2510 832 2537 inde
844 2510 879 2536 ab
895 2510 972 2536 initio

180 2559 365 2587 insidiatorem
396 2558 567 2585 conditorem
601 2556 680 2583 vobis
710 2555 896 2583 coustituitis?
923 2562 973 2581 cur

179 2605 303 2633 Creatori
319 2604 509 2631 renuntiantes
524 2603 548 2630 ei
565 2610 614 2630 vos
630 2602 749 2633 traditis,
763 2602 807 2636 qui
829 2601 972 2628 interitum

180 2654 305 2679 nostrum
326 2649 431 2687 qumrit,
450 2653 477 2676 ct
498 2656 553 2675 non
572 2648 671 2675 anima:
692 2647 791 2680 solum,
808 2646 893 2673 sedet
910 2654 972 2673 cor-

180 2698 240 2734 pori
269 2696 419 2733 perniciem
447 2695 546 2722 alierre
573 2695 708 2722 conatur?
734 2702 784 2722 cur
815 2695 849 2721 ad
882 2694 970 2721 lucem

182 2743 333 2773 caecutitis?
348 2751 397 2771 cur
408 2750 473 2770 vero
489 2741 614 2769 tenebras
626 2749 689 2768 cum
704 2741 764 2768 luce
777 2740 973 2776 permutastis?

182 2790 315 2827 Evigiiate
331 2798 363 2817 ex
392 2788 518 2824 crapula,
543 2788 646 2823 surgite
674 2796 708 2815 ex
733 2788 826 2815 lethaii
863 2795 971 2823 sopore,

220 2893 242 2910 "
262 2892 342 2920 Joan.
358 2900 383 2927 ν,
403 2892 447 2919 l5.
488 2891 509 2907 ⁷⁸
530 2889 638 2924 Matth,
658 2897 706 2924 ιιι,

1017 2284 1132 2319 γήματσ.
1161 2283 1208 2310 τοῦ
1229 2282 1296 2310 Θεοῦ
1323 2282 1411 2314 διδοὺς
1439 2282 1479 2318 τῷ
1506 2282 1624 2318 Ἐχθρῷ,
1649 2282 1720 2309 οὕτω
1750 2282 1810 2309 κατ’

1017 2331 1119 2365 ἁμφοιν
1149 2329 1228 2364 κοινὴ
1255 2329 1303 2355 καὶ
1323 2329 1444 2363 ἄφυκτος
1469 2329 1486 2364 ὴ
1501 2328 1641 2363 ἀπόφασις
1659 2329 1686 2362 ,ἡ
1707 2330 1811 2354 Δεσπο-

1017 2377 1093 2412 τική.

1054 2424 1104 2451 1Δ’.
1142 2421 1213 2449 Ἀλλ’
1243 2418 1265 2449 ὦ
1297 2423 1343 2448 ποτ
1372 2422 1500 2457 φέρεσθε,
1529 2421 1686 2456 ἇνθρωποιί
1712 2420 1738 2447 τί
1765 2420 1812 2447 τὺν

1020 2468 1160 2503 Δεσπότην
1181 2468 1296 2502 ἀφέντες
1314 2468 1361 2494 τὸν
1374 2467 1530 2502 ὁμόδουλον,
1551 2467 1652 2502 μᾶλλον
1673 2467 1702 2494 δὲ
1717 2466 1812 2493 δοῦλον

1020 2514 1068 2541 καὶ
1083 2513 1252 2548 ἀποστάτην,
1275 2513 1322 2539 καὶ
1340 2511 1391 2546 τῆς
1415 2512 1479 2547 ὅλης
1494 2511 1573 2547 ἡμῶν
1586 2510 1634 2537 ἀπ’
1646 2511 1735 2546 ἀρχῆς
1753 2509 1813 2536 ἐπί-

1020 2560 1117 2587 δουλον
1129 2558 1238 2593 φύσεως
1261 2557 1428 2593 δημιουργὸν
1445 2558 1550 2587 ἑαυτοῖς
1585 2557 1771 2592 ὲπιγράφετες
1785 2555 1814 2582 τί

1022 2605 1066 2632 τὸν
1082 2605 1210 2640 Πλάστην
1236 2603 1398 2634 ἀθετοῦντες
1421 2601 1460 2638 τῷ
1473 2603 1524 2638 τὴν
1555 2602 1660 2638 φθορὰν
1670 2601 1810 2638 ἠμῶνζη-

1023 2652 1115 2679 τοῦντι
1139 2651 1187 2678 καὶ
1215 2650 1404 2682 σπουδάζοντι,
1426 2649 1457 2676 οὐ
1488 2649 1537 2685 τὴν
1553 2650 1602 2684 τῆς
1617 2649 1705 2684 ψυχῆς
1723 2642 1813 2682 μόνον,

1025 2699 1094 2726 ἀλλὰ
1127 2698 1174 2725 καὶ
1202 2697 1250 2724 τοῦ
1282 2696 1408 2732 σώματος
1436 2697 1551 2728 ἑαυτοὺς
1579 2694 1762 2730 ἐγχειρίζετε;
1787 2693 1814 2719 τί

1026 2744 1096 2780 πρὸς
1110 2744 1142 2770 τὸ
1157 2745 1214 2777 φῶς
1234 2743 1408 2778 ὲτυφλώθητε
1424 2751 1431 2775 ς
1451 2743 1477 2769 τι
1493 2742 1521 2769 δὲ
1535 2741 1565 2768 τὸ
1580 2741 1676 2771 σκότος
1696 2739 1744 2766 τοῦ
1761 2748 1815 2774 φω-

1025 2790 1072 2822 τὺς
1087 2789 1255 2825 ήλλάξασοε;
1275 2789 1426 2826 Ἐκνήψατε
1439 2788 1488 2825 τῆς
1506 2787 1591 2823 μέθης
1601 2795 1608 2802 ’
1620 2786 1754 2821 ἀνάστητε
1766 2784 1813 2812 τοῦ
