1931 3082
108 167 158 200 121
607 176 756 207 CONTRA
779 176 1008 208 MANlCH/EOS
1027 178 1144 209 LIBER
1160 178 1218 210 III.
1688 178 1739 210 122

105 225 278 272 ψυγοφθόρού
308 227 394 263 κάρου
409 237 417 245 ·
435 229 586 259 ἀναλάϐετε
601 233 653 268 τῆς
676 234 814 266 ἀπωλείας
827 234 867 261 sui

977 235 1044 270 ipite
1071 244 1119 264 vos
1145 236 1303 272 perditioni.
1336 235 1480 270 Quomodo
1507 244 1572 264 vero
1602 235 1660 264 ﬁeri
1687 236 1738 264 hoc

105 270 179 304 τούς.
202 272 258 299 Καὶ
272 273 331 305 πῶς
347 274 380 301 ἂν
394 275 501 309 γένοιτο
517 277 615 312 τοῦτο;
635 280 660 306 εί
673 279 729 306 τῶν
755 280 867 315 πράξεω

976 283 1057 310 )test?
1071 283 1093 310 si
1116 284 1150 311 ab
1175 283 1327 311 actionibus
1342 283 1405 316 illis,
1427 284 1455 310 in
1478 283 1578 318 quibus
1599 283 1686 310 hostis
1699 283 1738 309 vis

106 319 136 345 ἐν
149 316 195 350 αἷς
213 319 271 355 ἔχει
283 322 313 347 τὺ
328 322 429 357 κράτος
444 324 458 350 ὁ
480 325 603 361 Ἐχθρὸς,
621 327 799 363 ἀποστροφὴν
816 329 866 363 μελ

975 329 1034 356 )sita
1052 334 1102 362 est,
1124 334 1247 357 avertere
1262 337 1309 357 vos
1321 329 1451 357 laboretis
1467 339 1474 357 :
1493 334 1520 356 et
1533 330 1651 364 primum
1672 337 1737 364 qui-

105 365 226 399 τήσοιτε,
247 367 379 402 πρότερον
402 370 540 404 πορνείαν,
559 371 592 397 δι’
617 370 651 408 ἧς
679 372 820 408 φθείρεται
847 383 866 409 μ

973 383 1008 402 am
1033 383 1047 402 a
1076 375 1261 409 scortatione,
1286 383 1334 410 per
1364 383 1445 410 quam
1470 375 1592 410 perditur
1620 382 1735 409 corpus,

105 410 137 436 τὸ
161 411 253 446 σῶμα,
275 412 416 448 φθείρεται
437 415 466 442 δὲ
487 416 537 451 τὴν
551 417 748 454 χαλεπωτέραν
761 420 865 455 φθορὰν

978 421 1088 456 ultoque
1112 422 1195 456 magis
1225 422 1335 454 anima,
1360 430 1374 448 a
1395 430 1446 456 qua
1463 422 1615 449 libertatem
1632 421 1737 447 habetis

104 455 192 492 ψυχὴ,
208 457 238 483 τὸ
252 458 448 503 αὑτοδὲσποτον
459 461 569 490 διδοῦσα
587 463 727 491 δουλεύειν
740 466 798 496 τοῖς
814 465 866 492 mili

978 455 1104 503 dulgendi
1120 455 1283 497 aﬂectibus:
1306 472 1363 494 tum
1375 455 1411 494 ab
1424 467 1566 501 injiistitia,
1581 473 1634 500 qua
1649 465 1736 492 domi-

106 508 170 527 σιν·
187 503 305 536 ἀδικίαν,
339 502 373 540 ἧς
399 507 605 543 ἐπικρατούσης
629 508 692 536 οὕτε
718 511 803 543 οῐκία,
833 510 868 538 οὗΔ

974 502 1095 540 internee
1120 513 1233 545 domus,
1255 519 1307 539 nec
1327 511 1442 544 civitas,
1473 518 1525 537 nec
1542 510 1597 538 vita
1618 509 1736 536 hominis

105 547 196 578 πόλις,
230 548 292 575 οὗτε
322 550 378 585 βίος
408 552 478 584 ὂλω;
506 554 677 589 ἀνθρώπινος
709 556 867 588 διασώζεται

974 559 1060 586 nnino
1079 564 1275 591 conservatur;
1299 566 1314 585 a
1336 558 1467 592 periurio,
1481 556 1553 591 quod
1573 556 1690 582 animam
1709 555 1736 582 in

105 592 262 628 ἐπιορκίαν.
282 595 331 631 τὴν
347 596 511 631 βυθίζουσαν
523 599 572 635 τὴν
586 600 676 636 ψυχὴν
700 604 740 634 εἰς
752 611 866 637 καταφρ

975 604 1178 639 ιιιιεηιριῑοιιαιι]
1210 603 1257 630 Dei
1290 603 1461 638 praecipitem
1490 601 1568 636 agit:
1599 600 1633 627 ab
1674 600 1737 627 odio

105 645 185 684 νησιν
203 639 251 666 τοῦ
272 640 341 668 Θεοῦ
354 650 362 658 ’
379 644 568 679 μισαδελφίαν,
583 646 617 673 δι’
641 645 675 684 ἧς
687 649 701 674 ό
717 649 806 680 κοινὸς
818 649 867 684 ὑόρ

975 649 1076 680 'oximi,
1088 657 1137 684 per
1151 649 1224 683 quod
1249 648 1402 676 communis
1413 647 1526 675 Creator
1542 645 1640 681 injuria
1651 645 1737 672 allici-

105 682 184 730 ζεται
211 685 353 721 πλάστης·
378 688 392 714 6
414 688 469 724 γὰρ
492 690 522 717 τὸ
544 682 657 726 πλάσμα
671 693 759 727 μισῶν
778 682 867 730 δωρεᾶ

972 703 1013 721 ir:
1031 695 1077 729 qui
1098 695 1170 722 enim
1186 698 1339 722 creaturam
1367 694 1427 720 sine
1452 700 1534 720 causa
1555 691 1630 723 odit,
1647 691 1734 724 impo-

104 728 157 763 τὴν
189 731 229 761 εἰς
252 731 298 758 τὸν
324 733 451 770 Πλάστην
476 735 628 769 διαϐιϐάζει
664 728 824 774 παροινίαν..
841 741 866 768 Μ

976 741 1059 768 ntiam
1078 748 1154 767 suam
1171 740 1197 767 in
1213 740 1304 775 ipsum
1319 739 1489 767 conditorem
1510 736 1652 767 transfert.
1667 735 1736 763 Odia

106 774 210 810 σήσατε
232 776 418 813 ψευδολογίαν,
448 782 597 816 συνιέντες,
612 784 650 816 ὠς
671 785 685 811 6
713 786 761 812 τοῦ
781 786 868 821 ψεύδοι

971 793 1030 812 οτι-ο
1054 786 1174 813 habeatis
1202 774 1394 816 mendacium,
1420 784 1572 820 cogitantes
1601 782 1733 810 mendacii

104 821 201 856 πατὴρ
235 823 251 849 6
285 824 408 857 διάὸολός
442 827 512 855 ἔστι.
551 829 717 866 Μυσάχοητε
761 840 866 866 συκοφα

972 837 1050 859 itrein
1064 839 1125 859 esse
1141 831 1278 858 diabolum
1294 839 1302 864 ;
1321 829 1486 858 aversemini
1507 828 1734 860 fraudulentiam.

104 867 185 898 τίαν.
219 869 282 905 ἥτις
312 872 366 897 τῶν
400 873 571 902 ἀνελπίστων
609 877 702 904 κακῶν
733 878 818 905 πολλὰ
849 887 866 905 κ

971 883 1008 903 uae
1033 876 1104 903 mala
1126 876 1207 902 etiam
1229 883 1285 902 non
1311 879 1420 909 sperata
1448 873 1622 906 conciliavit;
1651 872 1733 907 fugito

103 912 222 947 ὁρᾶσθαι
237 916 445 951 κατεπράξατο·
464 919 566 953 φύγετε
585 920 640 956 ⁸τὴν
652 922 809 956 μιαιφονίαν
824 931 831 938 ·
846 923 863 950 ἀ

972 922 1148 949 Jmicidium:
1181 921 1270 948 hostis
1312 920 1384 947 enim
1416 920 1450 947 ab
1484 919 1562 946 initio
1599 918 1734 946 homicida

103 957 194 1004 ἀρχῇς
212 959 266 994 γὰρ
282 961 297 987 ό
316 961 430 997 Ἐχθρὸς
445 964 670 999 ἀνθρωποκτόνος
681 965 725 1003 ἦν·
738 969 786 1003 τὴν
798 968 862 1002 om

974 973 1024 1000 ‘at;
1060 968 1200 995 avaritiam
1224 968 1301 998 item,
1329 965 1442 998 ludam,
1475 965 1528 992 nisi
1563 964 1636 992 aliud
1655 963 1736 998 quid-

102 1003 216 1049 γυρίαν,
226 1005 250 1030 εί
264 1005 329 1040 μήτι
343 1006 416 1039 ἄλλο,
434 1008 480 1034 τὸν
502 1010 603 1037 Ἰούδαν
615 1011 786 1043 ἐννοοῦντες·
802 1013 862 1048 βδελ

973 1022 1025 1041 iam
1042 1033 1050 1045 ,
1097 1014 1301 1049 recogitantes;
1343 1011 1523 1040 exsecramini
1565 1010 1666 1038 l'urtuin
1707 1013 1735 1036 et

102 1046 188 1080 ξασθε
214 1049 318 1086 κλοπὴν
346 1053 394 1079 καὶ
417 1053 510 1086 δόλους
535 1056 605 1083 κατὰ
616 1056 664 1083 τοῦ
691 1046 816 1093 πλησίον,
847 1068 864 1085 κ

969 1060 1022 1087 alos
1036 1064 1131 1087 contra
1153 1060 1322 1094 proximum.
1347 1059 1468 1093 itemque
1496 1057 1679 1088 adulterium,
1705 1059 1731 1082 et

102 1094 204 1128 γάμων
216 1095 365 1130 ἀλλοτρίων
379 1098 539 1134 διαφθορὰς,
561 1102 609 1128 καὶ
624 1103 743 1138 τρυφὴν.
761 1103 811 1130 καὶ
831 1105 864 1131 dx

975 1113 1039 1133 xum
1056 1107 1090 1138 ﬁet
1109 1105 1352 1136 incontinentiam,
1376 1109 1403 1131 et
1425 1102 1612 1131 temulentiam
1633 1109 1648 1128 a
1669 1101 1734 1128 vitae

101 1137 210 1184 λασίαν,
227 1141 275 1167 καὶ
290 1142 376 1177 μέθην
391 1144 441 1178 τῆς
455 1145 595 1178 πολιτείας
611 1147 690 1181 ὑμῶν
701 1148 863 1184 ἐκκαθάρατι

972 1155 1043 1178 astra:
1058 1151 1210 1178 rationibus
1225 1150 1342 1177 alienam
1365 1149 1499 1177 habeatis.
1518 1148 1565 1175 liis
1579 1147 1652 1174 enim
1666 1154 1734 1173 con-

101 1183 211 1216 τούτοις
220 1185 276 1221 γὰρ
287 1187 504 1223 συνεισέρχεται,
516 1191 624 1223 τούτοις
637 1193 731 1228 ἥδεται
739 1194 752 1220 6
770 1183 863 1229 Ἐχθρό

970 1197 1057 1228 ieseit,
1075 1197 1118 1223 liis
1131 1196 1282 1224 delectatur
1313 1196 1414 1228 hostis;
1447 1195 1475 1222 in
1504 1195 1547 1222 his
1577 1194 1732 1221 facultatem

108 1230 154 1277 ἐν
168 1232 275 1265 τούτοις
296 1233 431 1269 λαμϐάνει
447 1237 497 1272 τὴν
517 1238 595 1273 ἰσχὺν
616 1239 822 1268 καταδουλῶσαι
841 1241 870 1277 μέ

970 1243 1043 1277 :cipit
1055 1247 1160 1270 mentes
1172 1247 1276 1270 vestras
1291 1242 1342 1269 sibi
1359 1241 1534 1277 subjiciendi,
1549 1247 1577 1268 et
1591 1239 1732 1268 avertendi

101 1275 134 1302 τὸ
160 1277 291 1324 φρόνημα
315 1279 402 1314 ὑμῶν,
424 1282 471 1308 καὶ
492 1282 638 1318 διαστῆσαι
652 1285 700 1311 τοῦ
719 1275 863 1322 δημιουργτ

984 1289 1040 1316 Deo
1069 1289 1228 1322 conditore,
1255 1288 1494 1324 persuadendique
1523 1285 1675 1318 creaturis,
1703 1289 1732 1312 ut

101 1329 201 1369 σαντος
221 1323 304 1356 Θεοῦ,
322 1327 417 1354 πεῖσαι
440 1328 469 1354 δὲ
494 1329 658 1364 πλάσματα,
683 1332 731 1358 καὶ
751 1331 823 1359 εἶναι
843 1341 861 1359 κ

971 1343 1000 1362 lie
1021 1340 1050 1362 et
1068 1335 1123 1362 sint
1151 1338 1178 1362 et
1201 1335 1375 1369 appellentur
1392 1344 1399 1361 :
1415 1334 1437 1362 si
1453 1341 1520 1360 vero
1544 1333 1579 1360 ab
1602 1331 1733 1366 operibus

99 1367 285 1402 ὀνομάζεσθαι
313 1370 397 1397 αὑτοῦ
412 1379 419 1386 ·
437 1371 471 1399 ἂν
488 1373 544 1400 τῶν
574 1373 663 1409 ἔργων
688 1374 771 1401 αὐτοῦ
791 1375 846 1402 τῶν

971 1389 1003 1408 us
1028 1385 1085 1408 tum
1109 1380 1333 1407 commemoratis
1368 1384 1425 1407 tiim
1461 1378 1571 1405 illorum
1600 1375 1733 1403 similibus

99 1414 254 1449 εἰρημένων
276 1416 325 1442 καὶ
354 1416 410 1444 τῶν
436 1418 635 1454 παραπλησίων
666 1421 816 1455 ἀποστῆτε,
844 1430 861 1448 κ

971 1425 1116 1457 istineatis,
1142 1424 1224 1452 etiam
1245 1425 1304 1458 ipse
1332 1422 1485 1450 abstinebit
1510 1429 1525 1448 a
1553 1419 1648 1452 vobis,
1677 1425 1733 1444 non

98 1460 181 1492 αὐτος
197 1460 346 1494 ἀφίσταται
369 1463 415 1497 ἀφ’
430 1463 518 1498 ὑμῶν,
539 1465 589 1492 οὐκ
607 1465 676 1500 ἔχων
701 1464 742 1498 οἷς
761 1466 859 1502 ἑδρασο

970 1472 1048 1500 ibens
1062 1471 1224 1507 quidquam,
1241 1471 1268 1497 in
1284 1477 1339 1504 quo
1364 1469 1500 1496 innitatur
1514 1473 1543 1494 et
1566 1465 1732 1500 acquiescat.

98 1509 146 1535 καὶ
171 1507 212 1540 οἷς
229 1511 458 1547 ὲπαναπαύσηται
484 1513 513 1540 ὲν
529 1514 604 1549 ὑμῖν.
628 1515 684 1542 Καὶ
702 1517 762 1542 τότε
789 1517 854 1552 ὑμῖν

969 1525 1094 1546 uncvero
1111 1517 1202 1545 divina
1216 1516 1302 1552 gratia
1325 1515 1457 1550 atl‘ulgens
1485 1511 1650 1540 illuininabit
1672 1517 1731 1541 vos,

98 1555 159 1581 θεία
168 1556 249 1591 χάρις
262 1556 441 1591 ὲπιλάμψασα
456 1557 601 1592 ὲναυγάσει
610 1559 734 1595 πλάστην
743 1562 860 1596 ἐπιγιγν‹

970 1584 972 1590 τ
992 1564 1160 1591 conditorem
1184 1567 1212 1590 et
1229 1561 1354 1597 opiﬁcem
1377 1559 1543 1595 agnoscatis,
1563 1565 1618 1584 non
1641 1555 1732 1582 inimi-

97 1610 177 1627 σχειν
199 1602 248 1628 καὶ
275 1602 452 1637 δημιουργὸν,
477 1604 508 1630 οὐ
539 1603 586 1631 τὸν
615 1606 760 1633 ἐπίϐουλον
781 1607 859 1643 ὲχθρὸ

971 1618 1005 1637 im
1019 1610 1094 1636 illum
1111 1609 1313 1640 insidiatorem,
1332 1607 1380 1635 sed
1395 1607 1498 1634 bonum
1511 1605 1586 1632 illiiin
1601 1608 1629 1630 et
1645 1601 1733 1629 homi-

96 1648 168 1674 ἀλλὰ
183 1648 230 1674 τὸν
241 1648 343 1682 ἀγαθὸν
361 1650 409 1676 καὶ
429 1649 623 1685 φιλάνθρωπον
644 1651 720 1684 Θεὸν,
738 1654 767 1679 ἐν
780 1650 802 1687 ᾧ
816 1654 858 1680 ὲκιι

969 1663 1008 1683 im
1024 1655 1143 1683 amicum
1158 1654 1255 1686 Deum,
1271 1661 1319 1688 per
1339 1660 1420 1688 quem
1444 1655 1536 1678 creata
1552 1653 1616 1676 sunt
1629 1647 1731 1679 omnia,

98 1692 150 1726 σθη
166 1693 202 1719 τὰ
217 1693 302 1729 ὁρατὰ
317 1695 363 1720 καὶ
374 1695 409 1720 τὰ
419 1694 534 1729 ἀόρατα,
546 1695 643 1730 ἀρχαὶ,
658 1697 706 1723 καὶ
725 1697 828 1733 θρόνοι,
841 1707 858 1725 κ

972 1701 1059 1730 sibilia
1091 1705 1118 1728 et
1140 1700 1299 1730 invisibilia.
1327 1699 1510 1734 magistratus,
1534 1701 1562 1724 et
1577 1695 1678 1726 throni,
1706 1697 1734 1721 et

97 1738 230 1771 ἐξουσίαι,
244 1739 292 1766 καὶ
300 1739 440 1775 δυνάμεις,
455 1741 502 1767 καὶ
512 1742 526 1767 6
534 1741 630 1776 παρὼν
644 1742 755 1778 σὸμπας
765 1745 812 1771 καὶ
818 1746 859 1780 ὀρ(

970 1751 1101 1778 ttesiates,
1125 1750 1154 1773 et
1176 1745 1303 1777 virtutes,
1323 1750 1481 1779 etpracsens
1505 1741 1595 1769 omnis
1615 1747 1647 1767 ac
1666 1739 1732 1766 visi—

98 1794 180 1820 μενος
194 1786 308 1820 ἧσμος.
322 1786 376 1812 Καὶ
391 1786 446 1821 γὰρ
459 1787 494 1812 δι’
509 1787 593 1813 αὑτοῦ
609 1789 698 1815 πάντα
716 1790 824 1824 γέγονε,
838 1793 860 1818 κλ

972 1793 1003 1820 lis
1018 1792 1145 1819 mundus.
1165 1790 1216 1818 Per
1230 1791 1320 1826 ipsum
1345 1790 1419 1817 enim
1441 1788 1532 1816 omnia
1559 1787 1628 1814 facta
1655 1789 1731 1815 sunt.

96 1833 114 1866 ἠ
132 1832 300 1862 ἀποστασία,
312 1833 560 1867 προκαταλασοῦσα
574 1833 624 1868 τῆς
635 1834 724 1870 ψυχῆς
741 1836 776 1862 τὰ
794 1837 858 1872 blvita

970 1838 1066 1865 iamvis
1088 1837 1207 1864 deiectio
1235 1837 1293 1869 illa,
1320 1835 1421 1863 mentis
1447 1834 1541 1862 oculos
1572 1831 1730 1861 fascinans,

94 1885 141 1909 τα,
156 1877 204 1903 τὸν
219 1877 386 1912 δημιουργὸν
413 1877 523 1912 βλέπειν
546 1879 577 1905 οὐ
597 1879 714 1907 δίδωσιν.
732 1881 805 1913 Ἕως
817 1882 840 1908 δ’
855 1897 856 1907 ι

969 1883 1110 1910 ιιιιὶίιοιιειη
1129 1882 1222 1909 videre
1241 1889 1296 1908 non
1312 1880 1443 1915 patiatur.
1463 1877 1557 1911 Quoad
1575 1876 1647 1904 enim
1669 1874 1731 1902 Mali

94 1926 152 1955 τοῖς
164 1924 212 1950 τοῦ
230 1924 352 1960 Πονηροῦ
367 1925 579 1961 καθυπηρετῆτε
596 1927 757 1962 θελήμασιν,
783 1930 829 1956 καὶ
842 1938 856 1956 τ

968 1929 1074 1956 iluntati
1098 1927 1301 1959 obseeundatis,
1327 1931 1356 1954 et
1383 1925 1510 1953 sordibus
1537 1923 1656 1958 turpium
1682 1929 1730 1947 vo-

96 1970 223 2006 βορῆόρῳ
242 1970 297 1996 τῶν
320 1970 441 2006 αἰσχρῶν
457 1971 559 2006 ἡδονῶν
583 1972 823 2009 συναναφύρησθε,
840 1983 857 2002 κ

972 1979 1075 2009 ptatum
1097 1973 1282 2006 maculamini,
1305 1977 1334 2000 et
1344 1979 1393 2007 pro
1411 1970 1577 1998 salutaribus
1590 1967 1733 1996 laboribus

96 2017 158 2043 ἀντὶ
171 2016 227 2043 τῶν
250 2017 392 2052 σωτηρίων
413 2011 503 2044 πόνων
526 2019 559 2053 τῇ
575 2018 743 2055 ψυχοφθόρῳ
759 2021 858 2056 ῥᾳστώπ

970 2020 1050 2048 :lieias
1076 2019 1174 2047 animae
1194 2019 1291 2046 noxias
1314 2016 1468 2048 sectamini,
1493 2021 1633 2048 nunquam
1656 2018 1732 2040 certe

95 2064 365 2099 συναναστρέφησθε,
389 2064 522 2099 οὐμενοῦν
543 2066 594 2092 οὐκ
607 2066 640 2092 ἂν
657 2067 722 2102 ὑμῖν
734 2069 750 2102 ἡ
767 2067 826 2094 θεία
839 2077 855 2094 κ

971 2066 1049 2094 vinus
1076 2070 1103 2093 et
1131 2065 1251 2093 cmlestis
1288 2063 1417 2098 splendor
1450 2070 1499 2089 vos
1532 2058 1731 2090 illustraverit,

93 2110 222 2145 οὐράνιος
247 2109 405 2145 ὲναστράψῃ
437 2110 517 2145 αἴγλη
545 2111 606 2138 οὐδὲ
641 2113 811 2148 ὲκστήσηται
837 2122 855 2140 τη

970 2119 1029 2146 ique
1055 2115 1217 2145 potestatem
1244 2109 1273 2136 in
1299 2108 1404 2135 animas
1432 2110 1459 2134 et
1490 2109 1596 2133 mentes
1625 2107 1732 2131 vestras

95 2156 215 2191 κράτους
240 2155 295 2182 τῶν
327 2155 420 2191 ψυχῶν
447 2156 525 2191 ὑμῶν
549 2157 597 2183 καὶ
629 2157 684 2184 τῶν
710 2158 848 2194 λογισμῶν

969 2157 1062 2184 niserit
1074 2157 1169 2187 hostis,
1185 2163 1253 2190 quas
1264 2154 1369 2182 scilicet
1380 2161 1429 2188 per
1450 2152 1572 2180 actiones
1592 2150 1643 2177 sibi
1664 2149 1731 2176 sub-

101 2201 227 2237 ‘Ezﬂpbc,
244 2203 301 2233 τοῖς
319 2202 411 2237 ἔργοις
426 2202 496 2237 ἔχων
510 2202 738 2238 δεδουλωμένους.
756 2205 829 2241 Πλὴν
843 2206 863 2232 ἔ·

967 2208 1024 2230 ctas
1051 2203 1143 2230 habet.
1162 2201 1274 2229 Interim
1298 2208 1491 2236 nequaquam,
1514 2198 1669 2235 posthabita
1685 2197 1729 2223 iii-

94 2251 156 2280 ταῖς
176 2250 220 2275 διὰ
244 2248 291 2274 τοῦ
307 2248 386 2282 ἁγίου
413 2249 572 2283 Πνεύματος
596 2251 764 2286 μαρτυρίαις
779 2252 856 2287 ὀδηγε

966 2249 1050 2281 istria,
1076 2247 1239 2276 testimoniis
1263 2247 1383 2282 Spiritus
1408 2246 1494 2274 sancti
1514 2253 1562 2272 vos
1583 2244 1615 2271 aii
1639 2244 1728 2270 lucem

97 2295 173 2329 ὑμᾶς
186 2294 257 2329 πρὸς
275 2293 305 2319 τὺ
324 2293 382 2328 φῶς
408 2293 458 2327 τῆς
477 2294 619 2326 εὐσεῆείας
643 2295 690 2321 καὶ
703 2295 753 2330 τὴν
764 2297 859 2323 ἀποστ(

969 2295 1047 2322 etatis
1080 2294 1197 2326 ducere,
1232 2298 1261 2321 et
1297 2292 1480 2320 defectionem
1519 2289 1663 2318 confutare
1687 2288 1731 2323 pi—

94 2341 158 2367 σίαν
177 2341 312 2374 ἐλέγχειν,
329 2340 460 2374 οὐμενοῦν
487 2340 537 2367 οὐκ
555 2340 588 2367 ἃν
602 2340 648 2367 τὸν
673 2340 753 2368 ὄκνον
766 2343 815 2377 τῆς
826 2343 887 2369 ἐπι-
937 2340 1088 2376 grabiinur.

95 2387 207 2422 μελείας
224 2386 418 2421 προελοίμεθσ.

410 2440 518 2467 ΛΟΓΟΣ
537 2440 574 2467 Γ¹.

1241 2443 1360 2473 SERMO
1378 2443 1421 2471 ΠΙ.

128 2499 170 2525 Δ’.
197 2497 253 2525 Καί
281 2506 326 2532 μοι
353 2497 402 2529 τὰς
426 2497 510 2529 ἀκοὰς
531 2497 714 2531 ἀδεκάστους,
729 2498 777 2525 καὶ
791 2499 883 2534 τμηδὲν

972 2503 994 2530 1.
1013 2502 1123 2537 Aperite
1149 2501 1228 2533 mihi,
1250 2510 1267 2529 o
1291 2501 1356 2533 inei,
1387 2508 1469 2528 aures
1494 2504 1602 2532 castas,
1624 2504 1651 2527 et
1666 2507 1728 2535 quae

92 2543 192 2578 λῆμμα
208 2543 231 2578 (1
240 2544 263 2576 Ι)
277 2542 323 2568 τοῦ
338 2541 459 2577 Πονηροῠ
474 2542 608 2578 φερούσας
620 2543 805 2570 ἀναπετάςατε
817 2564 824 2576 ,
836 2553 852 2570 κ

965 2549 1043 2576 illuni
1060 2548 1121 2575 Mali
1141 2548 1237 2584 dogma
1253 2547 1354 2580 ferunt,
1372 2554 1537 2582 mecumque
1555 2547 1727 2574 considerate

93 2589 318 2617 συνδιασκοπεῖτέ
348 2597 393 2623 μοι
414 2587 468 2614 τῶν
492 2588 542 2623 τὴν
567 2588 688 2615 Παλαιὰν
711 2589 855 2623 Νομοοεσίέ

964 2594 1049 2629 jurias
1063 2594 1091 2620 in
1110 2593 1192 2620 Deum
1214 2593 1365 2620 sententias
1386 2600 1482 2620 eorum
1495 2593 1541 2628 qui
1562 2591 1644 2620 Vetus
1658 2592 1726 2620 Tes-

645 2655 761 2684 γΑιιιίΕ
777 2657 971 2689 LECTIONES
990 2660 1034 2687 ET
1054 2660 1171 2688 NOTAE.

128 2715 324 2755 (“)Aﬁjtﬂa.
357 2715 412 2742 Υοκ
429 2714 735 2755 dialecticis-familiaris
750 2722 807 2755 est,
830 2727 882 2753 qua
934 2729 1002 2753 rum,
1019 2720 1066 2747 lib.
1093 2728 1124 2752 it,
1143 2719 1156 2755 §
1180 2719 1242 2751 107,
1256 2725 1282 2747 et
1306 2720 1374 2748 adde
1395 2721 1547 2748 Ezechielis
1566 2720 1724 2755 Spanlicmii

111 2750 298 2790 repositioiies
312 2751 465 2786 argumenti
480 2759 497 2790 ιι
509 2750 685 2778 conclusione
701 2750 882 2787 distinguunt.
933 2750 1016 2783 Notas
1029 2756 1061 2782 ad
1077 2750 1270 2789 Aristvophaiiis
1286 2756 1384 2788 Nubes,
1403 2764 1430 2786 ν,
1447 2756 1509 2782 456.
1524 2750 1600 2790 Apud
1617 2755 1724 2783 Stoicos

104 2787 185 2826 fauni
214 2786 307 2826 itidem
331 2794 380 2826 per
399 2786 573 2826 διιπιρῑίοηεπι
588 2790 697 2826 vertunt
710 2807 717 2818 ,
744 2786 884 2826 praeeunte
933 2790 1005 2818 idem
1021 2795 1063 2826 est
1087 2786 1182 2825 λῆμμα
1195 2791 1266 2825 quod
1286 2791 1353 2819 alias
1374 2786 1475 2819 diciiiir
1492 2786 1631 2826 πρότασις.
1655 2791 1725 2825 Lege

90 2823 238 2861 tjicerone,
251 2821 298 2861 lib.
314 2819 344 2853 ιι,
358 2821 394 2848 De
404 2819 565 2861 diuijituione
581 2828 589 2846 .'
601 2819 651 2847 Sed
659 2819 804 2861 qcnmstibi
818 2824 884 2861 ditas
933 2826 1023 2861 IEgid.
1041 2819 1249 2860 illena'éi'umiad
1268 2826 1356 2854 Laert.
1370 2835 1418 2858 vti,
1430 2827 1473 2853 75.
1485 2819 1542 2860 Εὲο
1556 2826 1583 2852 iii
1599 2819 1724 2853 versione

91 2857 340 2895 istassuniptiones,
354 2861 445 2895 aqua:
455 2856 585 2895 λήμματα
597 2855 731 2895 appellant
741 2857 883 2895 dialectici.
934 2855 994 2888 voci
1021 2855 1181 2895 ampliorem
1203 2861 1307 2895 subjeci
1331 2855 1471 2889 notionem
1483 2880 1491 2893 ,
1509 2855 1596 2894 “quam
1620 2861 1724 2889 scilicet

90 2893 194 2920 Confer
222 2892 366 2927 Diogciieiti
400 2891 537 2919 Laertiuin
564 2891 602 2918 De
630 2891 688 2918 vitis
718 2892 884 2928 pliilosaplio-
935 2891 1076 2931 scriptoris
1091 2903 1169 2923 mcns
1182 2891 1315 2933 subjicere
1330 2897 1380 2933 ipsi
1396 2891 1547 2925 videbatur.
