1931 3082
120 130 171 163 1’29

633 127 781 158 CONTRA
802 126 1032 156 MANICH/EOS
1049 126 1163 156 LIBER
1178 126 1236 158 ΙΙΙ.

1694 126 1747 159 130

123 186 221 214 Ἰακὼὸ
233 186 280 213 καὶ
296 185 359 216 τοὺς
366 183 510 219 προφήτας
525 182 728 218 προανακλίνει.
739 181 820 215 Λέγει
833 180 887 216 γάρ
897 189 905 196 ·

957 180 1023 215 litis,
1040 181 1114 216 (quid
1131 181 1207 215 ﬁet?)
1222 179 1268 207 ubi
1281 179 1420 213 videritis,
1446 185 1474 208 et
1488 179 1672 209 Abrahamum
1685 201 1693 215 ,
1719 188 1747 211 et

117 232 177 258 Κᾶν
194 230 231 266 μὴ
257 227 389 264 βοίλησθε
409 227 539 253 ἀκούειν’
555 226 619 253 ὃταν
650 225 753 261 δψησθε
782 224 908 260 Ἀϐραὰμ

117 278 165 304 καὶ
183 276 276 303 Ἰσαὰκ
291 274 339 301 καὶ
356 273 452 301 Ἰακὼὸ
476 273 523 299 καὶ
548 273 651 304 πάντας
677 271 741 303 τοὺς
764 271 908 307 προφήτας

117 324 146 349 ὲν
157 323 190 358 τῇ
201 321 325 356 βασιλείᾳ
338 320 385 346 τοῦ
401 319 480 350 Θεοῦ,
491 319 562 354 ὑμᾶς
573 318 601 344 δὲ
610 317 827 352 ὲκὸαλλομένους
837 316 905 349 Ego);

118 368 175 394 Καὶ
190 367 261 398 τίνες
277 366 302 391 οἱ
317 364 510 399 ὲκῦαλλόμενοι
523 363 613 398 ἑξω,ἣ
628 363 748 398 δηλονότι
764 363 820 390 ὅσοι
836 363 907 389 κατὰ

118 414 235 449 μίμησιν
257 412 303 438 τοῦ
327 412 453 446 Ἀϐραὰμ.
475 411 522 437 καὶ
551 411 645 437 Ἰσαὰκ
669 410 717 436 καὶ
733 408 843 440 Ἰακὼὸ,
859 409 907 435 καὶ

115 460 170 486 τῶν
186 457 334 494 προφητῶν
356 458 406 484 οὐκ
428 456 655 488 ὲπολιτεύσαντο;
671 456 703 482 Ei
725 455 753 482 δὲ
779 455 836 482 ὅσοι
860 455 907 482 τὸν

116 505 174 541 βίον
197 504 286 531 αὐτῶν
303 504 349 530 καὶ
373 503 422 539 τὴν
452 503 592 530 εὐσέϐειαν
606 503 657 529 οὐκ
679 502 831 536 ἐζήλωσαν,
855 501 906 536 τῆς

115 550 256 586 βασιλείας
269 550 447 576 ὲκῧὰλλονται
463 549 510 575 τοῦ
527 548 607 580 Θεοῦ,
633 548 681 576 καὶ
699 550 738 580 είς
754 549 799 575 τὸν
823 549 907 575 κλαυ-

115 597 183 632 θμὸν
198 597 245 623 καὶ
263 595 389 631 βρυγμὸν
409 595 464 622 τῶν
484 595 596 622 ὀδόντων
621 595 849 630 ἁπορῤίπτονται,
864 594 906 626 τίς

115 643 148 668 ἂν
167 641 292 673 ἀντάξιος
314 640 442 676 εὑρεθείη
469 641 589 676 τιμωρία
618 641 674 671 τοῖς
697 639 745 666 ἐπὶ
777 639 906 667 τοσοῦτον

113 685 306 721 ἐξοιστρὴσασι
332 685 450 720 μανίας;
466 686 497 712 Ὦ
527 685 668 720 στομάτων
686 685 836 712 ἀπυλώτων
859 687 906 713 καὶ

112 734 153 769 τῷ
172 733 256 768 πατρὶ
270 732 318 758 τοῦ
340 732 453 767 ψεύδους
473 732 589 767 ἑτοίμως
612 732 852 767 ὑπηρετουμένων,
868 732 905 765 ὡς

113 781 161 808 καὶ
185 779 285 815 λῃστὰς
314 779 363 805 καὶ
392 778 511 809 κλέπτας
536 779 583 804 καὶ
608 778 655 804 τοῦ
681 777 805 813 Πονηροῦ
835 777 905 806 πλά-

114 835 217 861 σματα,
230 826 277 852 καὶ
287 826 428 861 ὑπηρέτας
441 825 550 861 πολμᾷν
567 824 720 861 ἐνυὸρίζειν
731 825 737 851 l
749 825 779 851 Οῐ
793 825 822 851 δὲ
838 825 906 861 μηδὲ

113 872 195 907 μέχρι
218 871 314 898 τούτου
336 870 385 906 τὴν
413 871 514 898 λύσσαν
539 870 677 904 ἰστῶντες,
699 870 766 898 ἀλλὰ
784 872 831 898 καὶ
859 871 904 898 τὸν

111 917 294 953 χαριζόμενον
321 917 387 951 ἡμῖν
403 916 453 953 τὴν
473 916 583 943 αἰώνιον
598 917 682 952 ζωὴν,
700 917 747 943 καὶ
759 916 809 952 τὴν
829 916 906 952 βασι-

111 963 186 990 λείαν
202 963 257 990 τῶν
271 963 404 998 οὐρανῶν,
418 963 447 995 ὅς
462 963 594 995 ἐστιΘεὸς
611 963 735 999 ’Δῦραὰμ
748 964 794 990 καὶ
814 964 905 990 Ἰσαὰκ

110 1009 160 1036 καὶ
189 1009 297 1041 Ἰακὼϐ,
313 1010 380 1041 Θεὺς
406 1010 515 1041 ζώντων
532 1010 580 1036 καὶ⁵
599 1010 629 1036 οὺ
649 1011 764 1045 νεκρῶν,
782 1011 905 1046 πονηρὰν

111 1056 200 1091 ἀρχὴν
211 1056 257 1082 καὶ
269 1056 395 1091 πονηρῶν
408 1055 497 1091 ἔργων
511 1055 676 1090 δημιουργὸν
688 1056 904 1091 δυσφημοῦντες,

110 1103 146 1130 τὰ
163 1103 201 1135 ὡς
222 1103 336 1138 ;ἁληοὼς
364 1103 412 1130 τοῦ
437 1102 561 1138 Πονηροῦ
600 1103 748 1139 πλάσματα
786 1101 906 1140 ἆρόὺχὶ

110 1151 161 1185 τὴν
186 1150 231 1176 διὰ
252 1150 336 1186 πυρὸς
359 1151 407 1177 καὶ
429 1150 476 1177 τοῦ
498 1150 610 1181 σκότους
631 1150 836 1186 ῄτοιμασμένην
866 1151 906 1186 τῷ

112 1195 232 1230 διαβόλῳ
246 1194 341 1230 ποινὴν
357 1195 502 1227 διαπαντὸς
519 1196 748 1232 εἰσπραττόμενοι
761 1197 811 1222 οὐκ
825 1197 905 1223 ἐλάτ-

111 1249 177 1266 τονα
189 1241 236 1277 τῆς
249 1241 351 1276 τόλμης
364 1241 469 1268 τίσουσι
482 1241 562 1276 δίκην
576 1250 583 1274 ;
600 1242 666 1268 Οὐδὲ
683 1242 713 1268 τὸ
727 1243 821 1277 χάσμα
834 1242 862 1268 δὲ
875 1242 906 1269 τὸ

113 1284 217 1319 μεταξὺ
231 1284 277 1311 τοῦ
295 1285 424 1312 πλουσίου
448 1287 495 1312 καὶ
512 1286 559 1312 τοῦ
584 1286 711 1321 Λαζάρου
727 1287 904 1322 πεφρίκασιν,

112 1333 126 1359 ὃ
139 1331 334 1368 ἁ[πο]τειχίξει
350 1332 398 1367 μὲν
409 1333 472 1364 τοὺς
484 1333 554 1368 μετὰ
562 1333 608 1359 τοῦ
624 1333 749 1368 Ἀϐραὰμ
762 1335 906 1368 εὐφραινο-

113 1378 224 1413 μένους,
245 1378 299 1404 ἀπδ
321 1377 376 1404 τῶν
403 1378 433 1404 ὲν
460 1379 519 1411 ταῖς
548 1379 676 1414 βασάνοις
704 1379 904 1414 κολαζομένων.

120 1423 191 1450 Ἀλλ’
206 1423 297 1459 οἵμοιι
312 1423 364 1450 κᾶν
377 1425 414 1459 μὴ
426 1425 483 1460 (24)
499 1425 548 1452 νῦν
561 1425 610 1460 τὴν
625 1425 754 1460 αἴσθησιν
763 1426 812 1460 τῆς
820 1434 906 1460 τιμω-

112 1470 176 1505 ρίας
189 1471 238 1496 οὐκ
252 1470 360 1506 ἔχοντες
376 1470 425 1506 τὴν
439 1471 555 1506 ἀπειλὴν
570 1471 617 1498 τοῦ
635 1472 760 1507 Σωτῆρος
783 1473 812 1498 οὐ
827 1472 906 1508 τεθή-

959 225 1098 259 lsaacum,
1124 231 1152 254 et
1174 226 1318 259 Jacobum,
1338 231 1365 254 et
1383 234 1478 254 omnes
1492 227 1639 262 prophetas
1660 228 1688 255 in
1702 236 1748 256 re-

959 281 1011 310 gno
1026 272 1090 305 Dei.
1109 281 1157 301 vos
1180 281 1245 300 vero
1264 272 1336 300 foras
1364 273 1487 308 eiectos?
1509 273 1561 307 Qui
1584 281 1651 301 vero
1679 279 1746 302 sunt

958 320 1038 355 ejecti
1051 320 1099 353 illi,
1113 320 1166 347 nisi
1187 319 1243 352 isti,
1255 320 1302 354 qui
1316 320 1350 347 ad
1373 321 1527 355 exemplum
1545 321 1694 348 Abrahami
1719 325 1747 348 et

958 367 1042 394 lsaaci
1055 371 1083 394 et
1096 367 1189 394 Jacobi
1204 367 1286 394 vitam
1306 374 1360 393 non
1371 368 1602 402 composuerunt?
1626 367 1704 400 Quod
1721 367 1745 395 si

958 422 1024 442 vero
1040 422 1055 442 e
1074 422 1157 450 regno
1177 414 1224 441 Dei
1252 414 1406 448 expellendi
1434 418 1517 446 sunt,
1537 419 1565 442 et
1588 414 1622 442 ad
1649 414 1744 442 ﬂetum

957 466 1039 496 atque
1063 461 1210 488 stridorem
1230 460 1353 488 dentium
1373 460 1538 488 amandandi
1557 482 1566 494 ,
1587 461 1632 496 qui
1661 461 1746 488 vitam

957 507 1140 542 pietatemque
1158 514 1253 534 eorum
1280 507 1431 534 imitatione
1454 515 1510 534 non
1538 512 1744 541 expresserunt.

957 560 1017 586 qua:
1028 552 1136 579 tandem
1155 560 1236 587 paena
1248 553 1393 580 statuenda
1405 558 1446 580 est
1457 553 1537 588 digna
1558 553 1612 580 illis
1623 574 1631 585 ,
1650 555 1696 589 qui
1712 562 1745 582 eo

957 597 1070 624 insania:
1083 599 1295 633 processerunt?
1316 598 1337 625 0
1364 598 1495 626 elIrenata
1520 599 1662 626 hominum
1684 608 1744 633 ora,

956 642 1029 671 Patri
1047 644 1262 672 mendaciiadeo
1288 645 1508 678 inservientium,
1530 651 1560 672 ut
1580 649 1607 673 et
1624 646 1745 674 latrones

957 696 985 717 et
998 690 1083 722 fures,
1104 695 1131 718 et
1143 691 1202 718 .‘llali
1220 692 1378 727 progeniem
1395 700 1426 719 ac
1439 700 1533 720 servos
1545 700 1593 720 eos
1607 693 1745 728 appellare

956 736 1074 763 audeam.
1087 737 1092 763 l
1107 736 1203 764 Nonne
1217 745 1282 764 vero
1296 737 1345 770 illi,
1364 738 1409 772 qui
1423 746 1457 765 ne
1475 738 1519 766 hic
1534 739 1642 774 quidem
1657 740 1745 767 furori

957 788 1007 808 suo
1020 781 1126 808 obicem
1137 787 1252 816 ponunt,
1272 783 1318 810 sed
1330 788 1356 810 et
1370 791 1444 816 eum,
1456 784 1502 819 qui
1519 785 1602 812 vitam
1613 790 1745 813 :eternam

957 835 1126 863 regnumque
1148 828 1259 855 cmleste
1282 828 1361 855 nobis
1387 828 1515 864 largitur,
1535 829 1581 864 qui
1608 830 1679 857 idem
1703 834 1745 858 est

957 872 1028 899 Deus
1044 871 1190 899 Abrahami
1207 878 1235 900 et
1245 873 1330 900 lsaaci
1343 878 1370 901 et
1381 873 1487 905 Jacobi,
1507 875 1580 902 Deus
1593 875 1745 903 viventium

955 926 1010 946 non
1025 923 1118 945 autem
1134 924 1316 951 mortuorum,
1326 923 1453 955 tanquam
1467 921 1568 948 malum
1581 921 1744 957 principium

956 969 984 993 et
998 965 1131 992 malorum
1148 973 1260 1000 operum
1276 966 1400 1001 opiﬁcem
1411 967 1628 1001 calumniantur;
1639 975 1742 1001 nonne,

956 1011 1078 1046 inquam,
1099 1011 1254 1046 illi,utpote
1274 1011 1335 1039 Mali
1365 1020 1430 1040 vere
1446 1014 1590 1049 progenies
1605 1034 1613 1047 ,
1638 1014 1744 1050 suppli-

956 1056 1040 1088 cium,
1052 1064 1101 1092 per
1117 1057 1205 1092 ignem
1222 1062 1248 1084 et
1261 1058 1389 1085 tenebras
1401 1058 1508 1086 diabolo
1521 1063 1662 1094 paratum,
1680 1068 1743 1095 per-

957 1109 1040 1138 petuo
1052 1109 1245 1138 provocantes,
1278 1104 1386 1140 dignam
1417 1104 1540 1133 facinore
1564 1106 1746 1134 audacissimo

956 1156 1064 1183 pernam
1080 1149 1177 1175 luent?
1190 1148 1223 1175 Et
1235 1157 1269 1175 ne
1281 1149 1320 1176 sic
1334 1149 1443 1183 quidem
1460 1149 1577 1181 hiatum,
1606 1150 1653 1184 qui
1673 1151 1746 1177 inter

956 1194 1069 1221 divitem
1088 1199 1115 1221 et
1130 1194 1262 1221 Lazarum
1274 1194 1436 1229 lnterjectus
1452 1200 1504 1228 est,
1519 1196 1618 1231 quique
1628 1196 1744 1229 animas,

957 1249 1020 1268 cum
1035 1241 1190 1268 Abrahamo
1213 1241 1392 1268 convivantes
1403 1259 1410 1273 ,
1427 1241 1460 1269 ab
1485 1241 1538 1268 illis
1557 1248 1679 1276 separat,
1695 1241 1742 1276 qui

961 1286 1071 1313 zeternis
1084 1286 1252 1313 cruciatibus
1272 1286 1438 1321 afﬂiguntur,
1451 1288 1656 1321 expavescunt?
1674 1287 1743 1319 Vah,

957 1339 1038 1367 quam
1055 1332 1155 1359 misere
1177 1332 1303 1359 homines
1315 1352 1322 1364 ,
1338 1332 1384 1366 qui
1404 1332 1509 1359 nullum
1527 1340 1614 1367 paenae
1633 1341 1744 1361 sensum

957 1385 1030 1405 nunc
1046 1377 1180 1405 habentes
1197 1378 1230 1405 ab
1247 1378 1315 1413 ipsis
1343 1379 1494 1406 Servatoris
1515 1379 1597 1406 minis
1613 1379 1662 1406 sibi
1689 1387 1746 1407 non

958 1422 1066 1452 timent.
1078 1430 1120 1454 eo,
1135 1430 1177 1454 eo,
1195 1423 1306 1458 inquam
1316 1442 1323 1456 ,
1338 1427 1460 1458 tempore
1473 1423 1650 1450 acerbitatem
1667 1423 1746 1453 dolo-

958 1476 1018 1495 rum
1033 1468 1202 1503 experiundo
1214 1469 1317 1500 edocti,
1332 1469 1494 1504 nullumque
1516 1477 1607 1504 operae
1631 1477 1687 1497 suae
1705 1469 1747 1497 lu-

113 1525 194 1548 πασι,
212 1516 273 1543 τότε
289 1516 332 1551 δὴ,
348 1517 410 1543 τότε
433 1517 517 1552 πείρα
535 1517 566 1543 τὸ
593 1517 691 1553 πικρὸν
715 1518 765 1552 τῆς
789 1517 905 1553 βασάνου

958 1523 1035 1542 crum
1051 1515 1206 1550 capientes,
1223 1520 1317 1542 contra
1333 1523 1361 1542 se
1375 1515 1448 1550 ipsos
1460 1515 1567 1547 duram.
1593 1515 1700 1551 longam
1719 1520 1748 1543 et

113 1562 260 1598 μαθόντες,
277 1563 330 1589 xiv
347 1563 423 1589 οὐδὲν
435 1562 532 1597 κέρδος
549 1563 723 1598 εὑρήσουσιν,
744 1564 844 1600 πολλὴν
859 1565 906 1591 καὶ

115 1608 228 1644 μακρὰν
252 1609 301 1635 καὶ
327 1609 510 1643 ἀτελεύτητον
540 1609 645 1635 ἑαυτῶν
669 1610 827 1645 ποιήσονται
857 1611 907 1646 τὴν

115 1655 310 1688 κατὰγνωσινί
327 1655 454 1682 Μάλιστα
480 1655 536 1691 γὰρ
557 1656 666 1682 ἐπειδὰν
697 1656 743 1683 τὸν
770 1657 906 1692 Ἀδραᾶιμ,

115 1702 190 1727 κατὰ
204 1701 253 1736 τὴν
276 1701 323 1728 τοῦ
342 1701 469 1728 πλουσίου
487 1700 655 1737 παραϐολὴν,
678 1703 718 1733 εἰς
746 1702 907 1737 ἐπικουρίαν

117 1745 284 1779 καλοῦντες,
314 1746 345 1774 ὃν
370 1746 534 1782 ἐχλεύαζον,
563 1746 690 1773 ἐλεοῦντα
709 1747 758 1782 οὐχ
776 1748 908 1783 εὑρήσου-

117 1800 160 1818 σιν
178 1791 246 1827 (‘25).
268 1793 299 1819 Εἰ
319 1792 374 1828 γὰρ
395 1793 409 1818 ὁ
422 1793 461 1824 είς
473 1793 519 1819 τὸν
533 1793 658 1828 Λάζαρον
670 1794 838 1828 παροινήσας
852 1794 907 1821 τῶν

122 1838 311 1873 Ἀδραμιαίων
328 1839 436 1866 κόλπων
448 1839 556 1875 φοϐερῷ
570 1839 688 1874 χάσματι
702 1839 906 1875 ὑπερορίζεται,

113 1883 164 1909 καὶ
176 1883 215 1918 τῷ
230 1884 371 1918 ἀκοιμήτῳ
387 1884 454 1919 πυρὶ
471 1884 520 1919 τὴν
539 1884 616 1919 δίκην
634 1885 682 1919 τῆς
695 1883 905 1919 ἁφιλανθρώπου

114 1930 230 1965 γνώμης
250 1930 407 1956 ἁπαιτεῖται
423 1937 430 1943 ·
449 1931 496 1956 καὶ
511 1931 560 1965 τῆς
579 1929 719 1966 μακαρίας
734 1930 841 1965 ἐκείνης
863 1931 907 1956 εὑ-

113 1976 254 2012 φροσὺνης
280 1977 328 2003 καὶ
355 1975 535 2007 ἀναπαύσεως
554 1976 677 2012 γλίχεται
698 1977 759 2012 μὲν,
773 1977 905 2012 ἀπείργε-

112 2031 159 2049 ται
170 2022 210 2055 δὲ,
229 2022 277 2049 καὶ
295 2022 423 2056 φλέγεται
443 2022 493 2057 μὲν
510 2021 558 2057 τὴν
571 2022 708 2056 γλῶσσαν,
724 2023 850 2050 ὀδυνᾶται
875 2023 904 2050 δὲ

111 2069 218 2104 πικρὰς
233 2069 329 2101 ὀδύνας
342 2078 349 2084 ·
366 2069 414 2096 καὶ
437 2071 499 2095 τότε
515 2070 564 2104 τῆς
579 2070 723 2104 παροινίας
751 2069 845 2105 οὔσης,
861 2070 903 2097 ὅτι

112 2115 154 2150 μὴ
179 2114 315 2150 μετέδωκε
333 2115 372 2151 τῷ
387 2115 503 2150 ὁμοφυεῖ
529 2116 712 2151 συμπαθείας,
729 2116 786 2142 ἀλλ’
802 2118 852 2152 οὐχ
862 2117 903 2144 ὅτι

111 2161 214 2197 χλεύην
228 2162 392 2196 ἐπήνεγκεν,
409 2161 425 2197 ἢ
443 2162 592 2197 δυσφημῶν
609 2161 686 2198 ὤφθη
702 2171 709 2177 ·
728 2163 786 2195 πῶς
808 2164 857 2190 οὐκ
869 2163 902 2190 ἂν

112 2206 325 2238 πολλαπλασίως
349 2206 552 2242 καταφλεχοείη
577 2208 624 2233 καὶ
637 2207 781 2244 τὸνδστύμα
810 2208 858 2234 καὶ
885 2209 901 2244 ἠ

112 2252 238 2287 γλῶσσα,
250 2253 296 2278 καὶ
317 2251 351 2278 τὰ
365 2252 509 2287 σπλάγχνα
527 2252 625 2285 πάντα,
636 2243 688 2279 τῶν
703 2253 832 2288 τοιαύτην
857 2262 904 2280 κα-

111 2299 267 2334 ταχεόντων
297 2298 440 2334 παροινίαν
462 2298 509 2325 τοῦ
544 2299 678 2334 Ἀϐραὰμ,
697 2300 744 2326 καὶ
769 2300 802 2326 δι’
821 2300 903 2328 αὑτοῦ

114 2347 185 2381 πρὶς
202 2345 248 2371 τὸν
262 2346 351 2371 κοινὸν
368 2344 508 2378 Δεσπότην
523 2345 570 2370 καὶ
584 2346 759 2381 Δημιουργδν
773 2346 824 2382 τὴν
842 2347 904 2374 Θεο-

114 2391 218 2426 μαχίαν
243 2390 502 2427 παραπεμπόντων;
519 2391 556 2417 Σὺ
580 2391 609 2417 δέ
635 2400 680 2426 μοι
705 2391 822 2420 συνέπου
847 2395 904 2425 τοῖς

112 2437 214 2471 ἐφεξῆς
231 2438 279 2463 καὶ
292 2437 499 2463 συνεπισκόπει.

150 2486 188 2511 Δ¹.
211 2484 241 2511 '0
254 2484 349 2520 Σωτὴρ
364 2486 393 2511 ἐν
413 2486 469 2516 τοῖς
486 2480 663 2519 Εὗαγγελίοις
676 2486 706 2512 τὸ
715 2485 904 2521 μεγαλαυχοῦν

111 2531 170 2556 τῶν
185 2530 318 2556 Ἰουδαίων
331 2531 376 2556 χαί
386 2531 529 2565 μιαιφόνον
539 2531 586 2558 καὶ
597 2531 710 2558 ἄπιστον
729 2531 905 2566 στηλιτεύων,

111 2578 161 2602 καὶΙ
188 2576 315 2609 ἀναξίους
336 2576 436 2611 κρίνων
455 2577 537 2611 γονῆς
561 2577 611 2611 τῆς
641 2577 833 2612 Ἀϐραμιαίας,
856 2579 906 2604 κᾶν

111 2621 222 2648 ἐκεῖθεν
248 2623 340 2653 αὐτοῖς
367 2621 463 2657 κατῄει
488 2622 518 2648 τὸ
543 2622 636 2656 φῦναι,
670 2625 705 2650 Εἰ
723 2623 815 2650 τέιινα
840 2623 902 2659 ἦτε,

112 2667 194 2702 φησὶ,
218 2667 271 2693 τοῦ
308 2668 447 2702 Ἀϐραὰμ,
476 2668 602 2694 ἐποιεῖτε
624 2667 662 2694 ἂν
687 2669 722 2695 τὰ
752 2669 824 2704 ἔργα
850 2670 902 2696 τοῦ

149 2715 173 2733 ⁸³
188 2715 268 2742 Joan.
297 2724 357 2748 vttt,
387 2716 430 2743 59.

959 1571 1015 1590 non
1028 1563 1208 1590 revocandam
1231 1563 1396 1590 sententiam
1410 1563 1516 1591 ferent!
1534 1563 1617 1598 quue
1641 1563 1667 1590 in
1684 1563 1743 1599 pri-

960 1608 1012 1635 mis
1029 1613 1103 1641 tunc,
1118 1608 1162 1636 ubi
1179 1609 1330 1636 secundant
1344 1609 1499 1643 pat'abolam
1513 1609 1547 1636 de
1562 1609 1645 1638 divite
1657 1609 1748 1644 prola-

960 1659 1012 1682 tam
1034 1655 1214 1682 Abrahamum
1232 1655 1259 1682 in
1272 1655 1403 1684 auxilium
1420 1661 1561 1687 vocantes.
1580 1663 1653 1689 eum,
1665 1663 1747 1691 quem

959 1706 1038 1728 antea
1056 1701 1175 1728 ludibrio
1195 1700 1371 1734 habuerunt,
1400 1702 1475 1729 nulla
1503 1701 1545 1729 sui
1570 1701 1747 1730 miseratione

961 1752 1062 1774 tactum
1075 1747 1225 1775 invenient.
1243 1747 1271 1773 Si
1286 1747 1359 1774 enim
1376 1747 1459 1774 homo
1480 1747 1507 1774 in
1521 1747 1652 1775 Lazarum
1673 1747 1747 1781 inju—

959 1793 1016 1820 rius
1031 1792 1064 1819 ab
1079 1792 1226 1820 Abraltami
1239 1793 1299 1819 sinu
1313 1800 1361 1827 per
1377 1792 1550 1820 tremendum
1571 1791 1673 1818 hiatum
1698 1800 1746 1818 ex~

958 1839 1087 1870 cluditur,
1104 1843 1132 1866 et
1158 1838 1220 1873 igne
1236 1846 1375 1873 nunquam
1395 1837 1515 1864 ﬁniendo
1538 1837 1746 1864 inhumanitatis

958 1893 1014 1912 suae
1031 1892 1138 1919 poenam
1155 1884 1215 1915 luit,
1230 1892 1261 1911 ac
1271 1889 1379 1911 aeternae
1394 1883 1465 1910 illius
1480 1883 1616 1910 beatitatis
1628 1888 1655 1910 et
1669 1883 1746 1918 quie-

959 1931 992 1958 tis
1012 1930 1148 1957 desitlerio
1160 1930 1266 1964 capitur
1282 1929 1402 1964 quidem,
1421 1929 1468 1956 sed
1489 1936 1544 1955 non
1562 1929 1680 1962 potitur;
1694 1928 1745 1955 lin-

957 1984 1063 2012 guaque
1096 1976 1208 2011 insuper
1241 1976 1350 2009 uritur,
1376 1980 1404 2003 et
1438 1975 1630 2002 acerbissimos
1661 1975 1745 2002 sentit

956 2021 1084 2054 dolores,
1119 2022 1153 2048 ob
1176 2029 1236 2048 eam
1263 2026 1366 2048 tantum
1389 2021 1578 2054 insolentiam,
1604 2021 1743 2056 quodnon

956 2067 1084 2095 misertus
1112 2072 1154 2095 est
1179 2067 1298 2095 hominis
1320 2067 1372 2095 sibi
1401 2067 1518 2101 similis,
1550 2076 1606 2095 non
1632 2073 1742 2101 autem,

955 2113 1028 2148 quod
1057 2113 1174 2141 ludibrio
1205 2117 1253 2141 aut
1286 2113 1418 2141 conviciis
1459 2113 1567 2146 aﬂ‘ecit,
1607 2115 1744 2149 quomodo

954 2167 1010 2187 non
1037 2160 1116 2195 longe
1144 2159 1253 2195 gravius
1283 2160 1392 2188 illorum
1424 2167 1455 2187 os
1478 2164 1505 2187 et
1524 2160 1625 2195 'lingna
1644 2165 1669 2189 et
1685 2160 1742 2186 vis-

917 2192 942 2223 D
955 2212 1017 2232 cera
1031 2206 1123 2232 omnia
1139 2210 1265 2238 urentur,
1282 2206 1327 2239 qui
1344 2206 1371 2232 in
1392 2206 1577 2233 Abrahamum
1592 2214 1621 2233 se
1634 2212 1688 2233 tam
1701 2206 1742 2232 in-

952 2250 1072 2277 solentes
1092 2251 1278 2284 praestiterint.
1295 2256 1323 2278 et
1335 2259 1383 2286 per
1400 2251 1460 2286 eius
1484 2251 1553 2278 latus
1567 2259 1739 2278 communem

953 2294 1096 2322 Dominum
1112 2301 1139 2322 ct
1150 2296 1317 2323 conditorem
1346 2296 1434 2324 instar
1454 2297 1574 2324 hostium
1600 2305 1741 2332 oppugna-

953 2341 1027 2368 rint?
1043 2340 1084 2368 Tu
1099 2349 1163 2369 vero
1179 2347 1207 2370 et
1221 2343 1323 2377 reliqua
1339 2351 1445 2370 mecum
1472 2343 1614 2371 considera
1630 2352 1662 2372 ac
1677 2352 1737 2380 per-

953 2388 1053 2423 pende.

988 2490 1034 2518 IV.
1052 2491 1179 2520 Servator
1191 2493 1383 2528 arrogantiam,
1407 2494 1554 2522 homicidia
1571 2500 1599 2523 et
1616 2496 1742 2524 incredu-

954 2537 1057 2564 litatem
1073 2537 1228 2566 Judaeorum
1253 2538 1279 2565 in
1306 2538 1458 2575 Evangeliis
1469 2541 1614 2578 castigans.
1641 2551 1742 2578 eosque

955 2583 1041 2617 stirpe
1058 2583 1216 2615 Abrahami,
1231 2585 1354 2619 quamvis
1363 2585 1426 2614 hinc
1434 2587 1485 2613 orti
1499 2593 1601 2620 essent,
1619 2589 1742 2624 indignos

954 2627 1092 2662 judicans,
1109 2628 1137 2655 Si
1153 2629 1213 2662 ﬁlii,
1230 2630 1328 2664 inquit,
1351 2631 1497 2659 Abrahami
1513 2634 1609 2663 essetis.
1623 2634 1742 2660 Abraha-

958 2673 993 2700 mi
1018 2682 1096 2708 opera
1106 2674 1227 2708 faceretis
1246 2675 1277 2702 ⁸³.
1299 2675 1377 2704 Tunc
1395 2685 1446 2704 nec
1460 2678 1503 2705 hic
1522 2679 1742 2710 subsistens.scd

667 2775 787 2804 VARUE
808 2776 999 2806 LECTIONES
1024 2779 1067 2807 ΕΤ
1092 2780 1208 2808 NOTAE.

148 2822 208 2858 (2i)
224 2821 284 2856 Μή.
300 2822 338 2849 lla
352 2829 404 2848 ms.
420 2821 509 2858 Malim
525 2822 614 2857 legere
629 2823 688 2858 μέν.

148 2857 207 2893 125)
223 2857 429 2891 Εὐρήσουσιν.
450 2857 495 2884 Sic
514 2858 573 2892 lego
592 2857 641 2893 pro
658 2858 810 2894 εὑρίσουσιν
826 2860 900 2894 quod

957 2865 976 2886 ll.
994 2860 1020 2886 in
1036 2867 1088 2886 ms.
