1931 3082
105 171 153 204 121

603 178 753 210 CONTRA
774 178 1004 210 MANICH/EOS
1023 179 1139 210 LIBER
1155 179 1213 212 IIl.

1683 178 1735 211 122

102 229 274 264 ψυχοφΜρου
304 231 390 266 κάρον
404 240 412 248 ·
430 232 582 261 ἁναλᾶὄετε
597 235 648 271 τῆς
672 236 809 268 ἀπωλείας
823 236 888 263 ἐαυ-

941 237 1040 272 eripite
1067 246 1116 266 vos
1142 237 1299 274 perditioni.
1332 236 1475 271 Quomodo
1503 244 1568 264 vero
1598 235 1656 264 ﬂeri
1683 236 1735 264 hoc

102 274 175 307 τούς.
198 276 254 303 Καὶ¹
267 276 327 309 πῶς
342 277 375 304 ἂν
389 278 497 312 γένοιτο
513 280 611 315 τοῦτο;
632 283 656 308 εί
670 282 725 309 τῶν
751 282 891 318 πράξεων,

103 323 133 349 ὲν
146 320 190 354 αἷς
209 323 267 358 ἔχει
279 325 309 350 τὸ
324 326 425 361 κράτος
440 327 454 353 ὁ
475 327 599 363 Ἐχθρὸς,
618 330 796 366 ἀποστροφὴν
812 331 893 365 μελε-

103 369 222 403 τήσοιτε,
243 370 375 406 πρότερον
398 374 536 407 πορνείαν,
555 374 589 400 δι’
613 373 648 410 ἦς
676 375 817 411 φθείρεται
843 377 893 411 μὲν

103 414 135 440 τὸ
157 415 249 450 σῶμα,
271 415 412 452 φθείρεται
433 418 462 445 δὲ
483 419 533 454 τὴν
548 420 744 456 χαλεπωτέραν
757 422 861 457 φθορὰν
876 424 892 457 ἡ

103 459 188 495 ψυχὴ,
203 461 234 487 τὸ
248 462 444 490 αὑτοδὲσποτον
455 464 565 492 διδοῦσα
584 466 724 493 δουλεύειν
737 468 795 499 τοῖς
810 467 894 494 πάθε-

104 512 166 531 σιν·
184 506 301 540 ἀδικίαν,
336 505 370 544 ἧς
395 510 602 546 ἐπικρατούσης
625 511 688 539 οὒτε
714 513 800 545 οἰκία,
829 513 892 540 οὔτε

103 551 192 582 πόλις,
226 552 289 579 οὕτε
319 553 375 588 βίος
405 555 475 587 ὅλως
502 557 674 592 ἀνθρώπινος
705 558 891 591 διασώζεται·

103 596 258 632 ἐπιορκίαν.
279 599 328 634 τὴν
343 599 508 634 βυθίζουσαν
520 602 568 638 τὴν
583 602 672 639 ψυχὴν
697 606 737 637 εἰς
748 605 894 639 καταφρό-

103 649 182 687 νησιν
200 642 247 669 τοῦ
269 644 338 671 Θεοῦ
351 653 358 661 ·
376 647 565 682 μισαδελφίαν,
580 649 614 676 δι’
638 648 672 686 ἦς
684 651 698 676 6
713 651 803 682 κοινὸς
814 651 894 687 ὑδρί-

103 686 181 718 ξεται
207 688 350 725 πλάστης⁶
375 691 389 717 6
411 691 466 728 γὰρ
488 694 519 720 τὸ
541 694 654 729 πλάσμα
668 696 755 730 μισῶν
775 696 890 732 δωρεὰν,

103 732 154 767 τὴν
186 734 226 765 είς
249 735 295 761 τὸν
321 736 448 773 Πλάστην
473 739 625 772 διαϐιϐάζει
661 743 816 776 παροινίαν.
838 744 894 770 Μι-

104 779 207 814 σήσατε
229 780 416 817 ψευδολογίαν,
445 785 594 819 συνιέντες,
609 786 647 819 ὡς
668 788 682 814 6
710 788 758 815 τοῦ
779 788 893 823 ψεύδους

103 825 198 860 πατὴρ
233 827 248 852 6
282 827 406 861 διάϐολός
439 830 510 858 ἐστι.
548 832 714 869 Μυσάχοητε
758 843 894 868 συκοφαν-

103 871 182 901 τίαν,
215 873 279 909 ἥτις
309 875 363 901 τῶν
397 877 569 904 ἀνελπίστων
607 880 699 906 κακῶν
730 881 816 908 πολλὰ
846 882 892 907 καὶ

103 916 219 951 δρᾶσθαι
235 920 442 954 κατεπράξατο·
461 922 564 956 φύγετε
582 923 637 959 ⁸τὴν
649 925 807 958 μιαιφονίαν
821 933 828 940 ·
843 926 891 952 ἀπ’

102 961 191 997 ἀρχῆς
209 963 264 998 γὰρ
280 965 294 990 ὁ
314 964 428 1000 Ἐχθρὸς
443 967 667 1002 ἀνθρωποκτόνος
678 967 723 1005 ἦν·
736 971 783 1005 τὴν
795 970 893 1006 φιλαρ-

101 1007 214 1041 γυρίαν,
224 1009 248 1034 εί
262 1010 327 1044 μήτε
340 1009 414 1042 ἄλλο,
432 1012 477 1038 τον
499 1013 600 1040 Ἰούδαν
613 1014 768 1046 ἐννοοῦντες
777 1023 784 1031 ·
799 1015 892 1050 βδελύ-

102 1050 186 1084 ξασθε
211 1053 315 1089 κλοπὴν
344 1057 391 1082 καὶ
415 1056 508 1089 δόλους
533 1059 603 1086 κατὰ
614 1058 662 1085 τοῦ
689 1060 814 1095 πλησίον,
845 1061 893 1088 καὶ

102 1097 202 1132 γάμων
213 1098 363 1134 ἀλλοτρίων
377 1101 537 1137 διαφθορὰς,
558 1105 606 1130 καὶ
622 1105 741 1140 τρυφὴν,
759 1105 808 1132 καὶ
828 1107 892 1133 dato-

101 1141 208 1174 λασίαν,
225 1144 273 1171 καὶ
288 1145 374 1181 μέθην
389 1147 438 1181 τῆς
453 1148 593 1181 πολιτείας
610 1149 687 1184 ὑμῶν
699 1151 872 1186 ἐκκαθάρατε
883 1159 890 1167 ·

100 1187 209 1219 τούτοις
218 1188 274 1224 γὰρ
285 1191 502 1226 συνεισέρχεται,
514 1193 621 1226 τούτοις
636 1195 729 1230 ἥδεται
737 1197 750 1222 6
768 1196 889 1231 Ἐχορός.

107 1234 153 1261 Ἐν
167 1236 273 1268 τούτοις
294 1237 429 1272 λαμὸἀνει
445 1240 494 1275 τὴν
515 1241 593 1276 ίσχὺν
614 1242 820 1269 καταδουλῶσαι
839 1243 890 1279 μὲν

100 1279 133 1306 τὸ
159 1280 289 1316 φρόνημα
313 1282 400 1318 ὑμῶν,
422 1285 469 1311 καὶ
490 1285 636 1321 διαστῆσαι
650 1287 698 1314 τοῦ
717 1288 889 1324 δημιουργή-

100 1333 200 1358 σαντος
220 1327 303 1360 Θεοῦ,
321 1330 415 1356 πεῖσαι
439 1331 467 1357 δὲ
492 1332 656 1367 πλάσματα,
682 1334 729 1360 καὶ
750 1333 821 1361 εἶναι
842 1336 890 1362 καὶ

98 1370 283 1406 ὀνομάζεσθαι
312 1373 395 1401 αὐτοῦ
410 1383 418 1389 ·
436 1374 470 1402 ἂν
487 1376 542 1403 τῶν
573 1376 661 1412 ἔργων
686 1377 770 1404 αὐτοῦ
789 1377 844 1405 τῶν
860 1386 890 1404 τε

98 1417 252 1452 εἰρημένων
275 1420 323 1445 καὶ
353 1420 408 1446 τῶν
434 1421 633 1457 παραπλησίων
665 1423 815 1458 ἀποστῆτε,
842 1424 890 1451 καὶ

98 1463 180 1495 αὐτὸς
195 1464 345 1498 ἀφίσταται
367 1466 414 1501 ἀφ’
429 1466 517 1501 ὑμῶν,
538 1468 588 1494 οὐκ
606 1468 674 1503 ἔχων
700 1466 741 1500 οἷς
760 1469 889 1506 ὲδρασθῇ,

98 1512 145 1539 καὶ
170 1510 211 1544 οἷς
227 1515 456 1551 ὲπαναπαύσηται
483 1516 512 1543 ὲν
528 1517 602 1552 ὑμῖν.
627 1519 683 1544 Καὶ
701 1519 762 1545 τότε
788 1520 853 1555 ὑμῖν
871 1521 888 1556 ὴ

944 284 1052 319 potest?
1067 285 1089 312 si
1112 285 1146 312 ab
1171 285 1323 312 actionibus
1338 284 1401 317 illis,
1423 285 1450 311 in
1473 284 1574 319 quibus
1594 283 1681 310 hostis
1695 283 1735 310 vis

945 331 1031 364 posita
1049 335 1098 363 est,
1120 335 1244 358 avertere
1258 338 1305 358 vos
1317 331 1447 358 laboretis
1463 340 1470 358 :
1489 335 1516 357 et
1529 330 1647 365 primum
1668 337 1734 364 qm-

944 376 1005 404 dem
1029 385 1044 404 a
1072 377 1257 410 scortatione,
1281 384 1330 412 per
1360 384 1440 411 quam
1466 376 1588 411 perditur
1617 383 1732 409 corpus,

944 423 1084 458 multoque
1108 423 1191 458 magis
1222 423 1331 455 anima,
1356 431 1370 450 a
1391 431 1442 458 qua
1459 423 1611 449 libertatem
1628 421 1734 448 habetis

944 469 1101 505 indulgendi
1117 469 1279 498 all'ectibus;
1302 473 1359 495 tum
1371 468 1405 495 ah
1420 468 1562 501 iniustitia.
1577 474 1630 501 qua
1645 465 1734 493 domi-

944 520 1027 542 nante
1040 522 1092 542 nec
1116 514 1230 546 domus,
1251 520 1304 540 nec
1323 512 1438 544 civitas,
1469 519 1521 538 nec
1538 511 1593 538 vita
1615 509 1734 537 hominis

944 561 1056 589 omnino
1076 565 1272 593 conservatur;
1296 567 1311 586 a
1332 559 1463 594 perjurio,
1477 557 1549 592 quod
1569 556 1687 583 animam
1705 555 1734 582 in

944 606 1175 641 contemptionem
1207 605 1254 632 Dei
1287 604 1457 639 praecipitem
1487 602 1565 637 agit:
1596 601 1630 627 ah
1670 600 1734 627 odio

944 651 1073 686 proximi,
1085 658 1135 686 per
1148 650 1221 685 quod
1246 649 1399 677 communis
1410 648 1522 676 Creator
1538 646 1636 681 injuria
1648 645 1734 672 allici-

944 701 989 724 tur
1004 705 1011 723 :
1028 697 1075 732 qui
1095 697 1167 724 enim
1183 700 1336 723 creaturam
1364 695 1424 722 sine
1449 701 1531 721 causa
1551 692 1627 724 odit,
1643 691 1732 725 impo-

945 743 1056 770 tentiam
1075 750 1151 769 snam
1168 742 1195 769 in
1210 742 1301 776 ipsum
1316 740 1486 768 conditorem
1507 737 1649 767 transfert.
1663 736 1734 764 Odia

944 795 1027 823 porro
1051 788 1172 815 habeatis
1199 787 1391 816 mendacium,
1417 785 1569 820 cogitantes
1597 781 1732 810 mendacii

944 838 1048 869 patrem
1062 841 1122 861 esse
1138 833 1275 860 diabolum
1291 840 1299 865 ;
1318 830 1483 858 aversemini
1504 829 1733 860 fraudulentiam,

944 885 1005 912 quae
1031 877 1102 904 mala
1124 878 1205 904 etiam
1226 884 1283 903 non
1308 879 1417 910 sperata
1445 874 1620 906 conciliavit;
1648 872 1731 907 fugito

944 923 1146 951 homicidium:
1178 923 1267 949 hostis
1309 922 1381 948 enim
1413 921 1448 948 ab
1482 920 1560 947 initio
1596 919 1732 946 homicida

944 975 1022 1003 erat;
1057 970 1198 997 avaritiam
1221 969 1299 1000 item,
1326 967 1439 1000 ludam,
1473 966 1526 993 nisi
1561 965 1633 992 aliud
1652 963 1735 999 quid-

942 1024 1047 1051 quam.
1095 1015 1299 1051 recogitanles;
1341 1012 1520 1041 exsecremini
1561 1011 1664 1039 furtmn
1704 1013 1734 1037 et

943 1061 1019 1089 dolos
1033 1066 1128 1088 contra
1152 1062 1319 1096 proximum.
1345 1060 1466 1094 itemque
1493 1057 1677 1089 adulterium,
1703 1060 1730 1083 et

942 1107 1037 1134 luxum
1054 1108 1088 1139 ζει
1107 1106 1349 1137 incontinentiam,
1374 1109 1401 1132 et
1422 1103 1609 1131 temulentiam
1630 1110 1646 1129 a
1667 1101 1733 1128 vita:

942 1157 1041 1180 vestrae
1056 1152 1208 1179 rationibus
1223 1152 1340 1178 alienam
1362 1150 1497 1178 habeatis.
1515 1149 1563 1176 His
1577 1148 1649 1175 enim
1664 1154 1733 1174 con-

943 1199 1055 1229 suescit.
1073 1198 1116 1225 his
1128 1198 1280 1225 delectalur
1311 1197 1413 1229 hostis;
1446 1196 1473 1223 in
1503 1195 1545 1222 his
1575 1194 1730 1222 facultatem

941 1244 1041 1279 accipit
1053 1249 1158 1271 mentes
1171 1248 1275 1271 vestras
1289 1243 1340 1270 sibi
1357 1243 1532 1278 subjiciendi,
1547 1247 1575 1268 et
1589 1239 1731 1268 avertendi

941 1299 958 1318 a
982 1291 1038 1318 Deo
1067 1290 1226 1323 conditore,
1254 1289 1492 1325 persuadendique
1521 1286 1674 1318 creaturis,
1701 1289 1731 1312 ut

942 1345 998 1365 suae
1020 1342 1048 1364 et
1067 1337 1122 1364 sint
1149 1340 1177 1363 et
1199 1336 1374 1370 appellentur
1391 1344 1397 1362 :
1414 1335 1435 1363 si
1451 1342 1518 1362 vero
1543 1333 1577 1360 ab
1600 1331 1732 1366 operibus

942 1384 1001 1417 ejus
1026 1387 1084 1409 tum
1108 1381 1331 1409 commemoratis
1366 1385 1423 1407 tum
1459 1379 1570 1406 illorum
1598 1375 1733 1403 similibus

941 1427 1114 1458 abstineatis.
1141 1426 1222 1453 etiam
1244 1427 1303 1460 ipse
1331 1423 1483 1452 abstinebit
1509 1429 1524 1448 a
1552 1419 1646 1451 vobis,
1676 1425 1732 1444 non

942 1474 1047 1502 habens
1061 1473 1222 1508 quidquam,
1240 1472 1267 1499 in
1283 1478 1337 1506 quo
1363 1470 1498 1497 innitatur
1513 1474 1542 1495 et
1565 1466 1731 1501 acquiescat.

941 1521 1093 1548 Tuncvero
1109 1518 1201 1546 divina
1215 1517 1301 1553 gratia
1323 1516 1456 1552 ail‘ulgens
1484 1511 1648 1541 illuminahit
1671 1517 1732 1542 vos,

97 1559 158 1585 θεία
168 1559 248 1594 χάρις
261 1559 440 1595 ἑπιλάμψασα
455 1561 599 1596 ὲναυγάσει
609 1563 733 1598 πλάστην
742 1564 888 1599 ἐπιγιγνώ-

941 1571 971 1593 ut
991 1565 1159 1593 conditorem
1183 1568 1211 1591 et
1227 1563 1353 1599 opificem
1375 1560 1541 1597 agnoscatis,
1561 1566 1617 1585 non
1639 1555 1732 1583 inimi-

98 1613 176 1631 σκειν
199 1606 248 1632 καὶ
273 1606 451 1641 δημιουργὸν.
477 1607 508 1633 οὐ
539 1607 585 1633 τὸν
614 1609 760 1636 ἐπίϐουλον
780 1610 886 1646 ὲχθρὺν,

97 1651 168 1677 ἀλλὰ
183 1652 229 1678 τὸν
240 1652 342 1686 ἀγαθὸν
361 1653 408 1679 καὶ
428 1653 622 1688 φιλάνθρωπον
643 1654 719 1687 Θεὸν,
737 1657 766 1681 ἐν
779 1652 802 1690 ᾧ
815 1657 889 1682 ὲκτί-

99 1696 150 1729 σοη
166 1696 202 1723 τὰ
216 1697 301 1733 ὁρατὰ
316 1698 362 1724 καὶ
374 1698 408 1724 τὰ
419 1698 532 1733 ἀόρατα,
545 1698 642 1734 ἁρχαὶ,
656 1700 704 1726 καὶ
725 1700 827 1735 θρόνοι,
840 1701 888 1728 καὶ

97 1742 229 1775 ἐξουσίαι,
243 1743 291 1769 καὶ
300 1743 439 1778 δυνάμεις.
455 1744 502 1770 καὶ
511 1745 525 1770 6
533 1745 629 1780 παρὼν
643 1745 754 1780 σύμπας
765 1747 811 1773 καὶ
817 1747 888 1782 ὀρώ-

98 1798 180 1824 μενος
194 1789 307 1824 donec.
322 1789 375 1816 Καὶ
391 1790 446 1824 γὰρ
458 1790 492 1815 δι’
508 1790 592 1817 αὑτοῦ
608 1791 697 1818 πάντα
716 1792 824 1826 γέγονε,
838 1794 888 1820 κᾶν

96 1837 114 1870 ἡ
134 1836 300 1866 ἀποστασία,
312 1836 559 1870 προκαταλαῦοὖσα
573 1837 623 1871 τῆς
634 1837 724 1873 ψυχῆς
740 1839 775 1865 τὰ
794 1839 888 1874 ὄμμα-

95 1889 143 1913 τι,
158 1881 204 1906 τὸν
219 1880 386 1916 δημιουργὸν
412 1880 523 1916 βλέπειν
546 1882 577 1908 οὐ
597 1882 714 1909 δίδωσιν.
732 1883 804 1915 Ἕως
817 1885 839 1910 δ’
854 1884 887 1912 ἂν

94 1929 153 1959 τοῖς
166 1927 213 1954 τοῦ
230 1928 351 1963 Πονηροῦ
367 1928 579 1964 καθυπηρετῆτε
596 1929 756 1964 θελήμασιν,
782 1933 829 1958 καὶ
842 1932 881 1967 τῷ

96 1973 224 2009 βορὸὀρῳ
241 1974 297 2000 τῶν
320 1973 440 2010 αἰσχρῶν
456 1974 559 2009 ἡδονῶν
583 1975 823 2011 συναναφύρησθε,
840 1978 888 2004 καὶ

96 2021 158 2047 ἀντὶ
171 2020 227 2047 τῶν
250 2020 392 2056 σωτηρίων
413 2014 502 2047 πόνων
526 2022 559 2056 τῇ
575 2021 743 2058 ψυχοφθόρῳ
759 2023 887 2060 ῥᾳστώνῃ

95 2067 365 2103 συναναστρέφησοε,
388 2068 521 2103 οὐμενοῦν
543 2069 594 2095 οὐκ
607 2068 640 2095 ἂν
657 2069 722 2104 ύμ-ϊν
734 2071 750 2104 ἡ
767 2069 827 2097 θεία
839 2071 886 2098 καὶ

94 2114 223 2149 οὐράνιος
247 2113 405 2149 ἐναστράψῃ
437 2113 517 2149 αἴγλη
546 2114 606 2141 οὐδὲ
642 2116 811 2151 ὲκστήσηται
837 2117 885 2143 τοῦ

95 2159 216 2195 κράτους
240 2159 295 2186 τῶν
327 2159 421 2194 ψυχῶν
447 2159 525 2194 ὑμῶν
549 2160 597 2186 καὶ
628 2160 684 2187 τῶν
710 2161 849 2197 λογισμῶν
872 2164 887 2190 6

101 2205 228 2241 Ἐχῦρος,
244 2206 301 2237 τοῖς
319 2205 410 2240 ἔργοις
427 2205 496 2240 ἔχων
510 2205 738 2241 δεδουλωμένους.
755 2208 829 2243 Πλὴν
843 2209 883 2235 ἔτι

941 1620 1003 1640 cum
1018 1612 1093 1639 illum
1110 1610 1312 1642 insidiatorem,
1331 1608 1379 1636 sed
1394 1608 1497 1635 bonum
1510 1605 1584 1633 illum
1600 1609 1628 1631 et
1643 1601 1733 1629 hami-

941 1666 1006 1685 num
1023 1657 1142 1685 amicum
1156 1656 1255 1687 Deum,
1270 1663 1318 1690 per
1338 1661 1420 1689 quem
1443 1656 1534 1680 creata
1551 1654 1615 1677 sunt
1627 1648 1730 1679 omnia,

943 1703 1058 1732 visibilia
1090 1707 1117 1730 et
1139 1701 1298 1732 invisibilia,
1326 1700 1509 1735 magistratus,
1533 1702 1561 1725 et
1576 1695 1677 1726 throni,
1705 1698 1734 1721 et

941 1753 1101 1784 potestates,
1124 1751 1153 1775 et
1175 1747 1302 1779 virtutes,
1322 1750 1480 1780 etprzesens
1503 1742 1593 1770 omnis
1614 1748 1646 1768 ac
1665 1739 1734 1767 visio

939 1795 1002 1823 bilis
1018 1794 1144 1821 mundus.
1165 1792 1215 1819 Per
1229 1792 1319 1827 ipsum
1344 1791 1418 1818 enim
1440 1789 1530 1817 omnia
1559 1787 1627 1815 facta
1654 1789 1731 1816 sunt,

940 1840 1065 1875 quamvis
1087 1839 1206 1866 defectio
1234 1838 1292 1871 illa,
1319 1836 1420 1864 mentis
1447 1835 1540 1862 oculos
1571 1832 1730 1862 fascinans,

941 1885 1109 1913 conditorem
1128 1884 1220 1911 videre
1240 1879 1296 1910 non
1312 1881 1442 1917 patiatur.
1462 1878 1556 1912 Quoad
1574 1877 1646 1904 enim
1668 1875 1732 1902 Mali

941 1931 1073 1958 voluntati
1098 1929 1301 1961 obsecundatis,
1327 1932 1355 1955 et
1382 1926 1509 1954 sordibus
1536 1923 1655 1959 turpium
1681 1929 1730 1948 vo-

940 1977 1074 2011 luptatum
1095 1974 1282 2008 maculamini,
1305 1978 1333 2002 et
1344 1981 1392 2009 pro
1411 1971 1576 2000 salutaribus
1589 1967 1733 1996 laboribus

940 2022 1050 2050 delicias
1076 2021 1174 2048 animae
1195 2021 1290 2048 noxias
1313 2017 1467 2050 sectamini,
1492 2022 1632 2049 nunquam
1655 2018 1732 2040 certe

940 2069 1049 2096 divinus
1076 2072 1103 2095 et
1130 2067 1250 2094 caelestis
1287 2064 1417 2100 splendor
1450 2071 1498 2091 vos
1532 2059 1731 2090 illustraverit,

939 2121 1029 2148 neque
1055 2116 1217 2147 potestatem
1244 2111 1272 2138 in
1298 2110 1404 2136 animas
1431 2112 1460 2135 et
1489 2110 1596 2134 mentes
1624 2108 1733 2132 vestras

940 2159 1062 2187 amiserit
1075 2158 1169 2189 hostis,
1184 2164 1253 2192 quas
1264 2156 1368 2183 scilicet
1380 2162 1428 2190 per
1449 2153 1572 2181 actiones
1592 2151 1642 2178 sibi
1664 2150 1732 2177 sub-

937 2206 1024 2241 jectas
1051 2204 1143 2231 habet.
1162 2203 1274 2230 Interim
1298 2209 1490 2238 nequaquam,
1515 2199 1669 2236 posthabita
1685 2198 1730 2224 in-

96 2254 157 2283 ταῖς
177 2254 221 2279 διὰ
244 2251 291 2278 τοῦ
307 2252 386 2286 ἁγίου
413 2252 572 2286 [Ινεύματος
597 2253 764 2288 μαρτυρίαις
779 2255 886 2290 ὁδηγεῖν

941 2250 1051 2283 dustria,
1076 2249 1239 2277 testimoniis
1263 2248 1383 2284 Spiritus
1408 2247 1494 2275 sancti
1514 2254 1562 2273 vos
1582 2245 1615 2272 ad
1639 2245 1729 2271 lucem

98 2299 174 2332 ὑμᾶς
187 2297 257 2333 πρὸς
275 2296 306 2323 τὸ
324 2296 382 2331 φῶς
408 2296 459 2330 τῆς
477 2297 619 2329 εὺσεὸείας
643 2298 690 2323 καὶ
703 2298 753 2333 τὴν
764 2299 886 2326 ἀποστα-

96 2345 159 2370 σίαν
178 2344 312 2378 ἐλέγχειν,
329 2343 461 2378 οὐμενοῦν
488 2344 537 2370 οὐκ
555 2343 588 2370 ἂν
603 2343 648 2370 τὸν
674 2343 753 2370 ὄκνον
767 2345 816 2380 τῆς
827 2346 888 2372 ἐπι-

97 2390 208 2426 μελείας
224 2390 418 2425 προελοίμεθσ.

411 2443 519 2470 ΛΟΓΟΣ
538 2443 575 2470 1".

130 2502 172 2528 A’.
199 2501 254 2528 Καί
282 2509 326 2536 μοι
353 2500 403 2532 τὰς
427 2500 511 2531 ἀκοὰς
532 2500 715 2534 ἀδεκάστους,
730 2501 778 2528 καὶ
792 2501 885 2537 ξμηδὲν

93 2546 194 2582 λῆμμα
210 2546 231 2582 (1
241 2547 264 2579 l)
278 2546 324 2572 τοῦ
339 2544 460 2580 Πονηροῦ
475 2545 609 2581 φερούσας
620 2546 806 2572 ἀναπετάσατε
818 2567 825 2579 ,
837 2548 885 2574 καὶ

94 2593 320 2621 συνδιασκοπεῖτέ
349 2600 393 2626 μοι
415 2590 470 2617 τῶν
493 2591 543 2626 τὴν
567 2591 690 2617 Παλαιὰν
712 2591 883 2626 Νομοθεσίαν

937 2297 1048 2333 pietatis
1080 2296 1197 2328 dueere,
1233 2299 1261 2322 et
1298 2294 1480 2322 defectionem
1519 2291 1663 2319 confutare
1687 2289 1732 2324 pi-

937 2342 1088 2378 grabimur.

1242 2446 1307 2475 SER
1313 2444 1360 2474 ΜΟ
1379 2444 1422 2473 lll.

973 2505 995 2532 1.
1014 2504 1124 2539 Aperite
1150 2503 1228 2535 mihi.
1251 2511 1267 2531 ο
1292 2503 1356 2535 mei,
1388 2509 1470 2530 aures
1495 2505 1603 2533 castas,
1624 2505 1651 2528 et
1667 2508 1730 2536 qua:

938 2551 1044 2578 nullum
1061 2550 1123 2577 Mali
1143 2550 1238 2586 dogma
1254 2549 1355 2582 ferunt,
1373 2556 1537 2583 mecumque
1555 2548 1729 2575 considerate

938 2596 1050 2632 injurias
1065 2595 1092 2622 in
1111 2595 1194 2622 Deum
1215 2595 1366 2622 sententias
1387 2602 1482 2621 eorum
1496 2594 1542 2629 qui
1563 2593 1645 2621 Vetus
1659 2593 1727 2620 Tes-

647 2658 762 2686 VA“le
778 2660 972 2691 LECTIONES
991 2662 1035 2690 ET
1056 2662 1172 2690 ΝΟΤᾹΞ.

130 2719 189 2755 (ll)
201 2718 325 2755 Λῆμμα.
358 2718 414 2745 Vox
430 2717 586 2755 dialecticis
596 2717 736 2755 familiaris
751 2724 809 2751 est,
831 2729 884 2755 qua

113 2753 298 2790 repositiones
313 2754 467 2789 argumenti
482 2761 497 2790 a
510 2753 687 2780 conclusione
702 2753 884 2790 distinguunt.

107 2790 188 2817 .atini
215 2789 308 2817 itidem
332 2797 381 2824 per
401 2789 575 2823 sumptionem
590 2793 699 2824 vertunt
712 2810 718 2821 ,
746 2796 886 2824 prmeuute

92 2826 240 2855 Cicerone.
252 2824 299 2851 lib.
315 2822 346 2856 ιι“,
360 2824 395 2850 De
405 2822 566 2850 divinatione
582 2830 590 2849 :
602 2822 653 2850 Sed
661 2822 806 2851 demuilibi
819 2827 886 2854 duas

93 2861 162 2888 ista;
170 2860 342 2893 sumptiones,
355 2863 379 2885 ct
389 2867 447 2894 qua:
456 2858 587 2894 λήμματα
599 2858 732 2892 appellant
743 2859 885 2890 dialectici.

93 2896 196 2924 Confer
224 2895 368 2930 Diogenem
395 2893 539 2922 'Laertium
565 2893 603 2921 De
631 2893 690 2920 vilis
720 2895 886 2931 philosopho-

935 2731 1004 2755 rum,
1021 2722 1067 2749 lib.
1095 2729 1125 2754 ιι,
1144 2721 1158 2757 §
1181 2721 1243 2753 107,
1257 2727 1284 2749 et
1307 2722 1376 2750 adde
1397 2722 1548 2749 Ezechielis
1567 2721 1725 2757 Spanhemii

934 2757 1018 2785 Notas
1030 2757 1063 2784 ad
1079 2756 1271 2791 Aristophanis
1288 2757 1385 2790 Nubes,
1405 2765 1431 2787 ν,
1448 2757 1510 2784 456.
1525 2758 1601 2791 Apud
1618 2756 1725 2784 Stoicos

936 2792 1006 2820 idem
1022 2796 1064 2820 est
1088 2792 1184 2827 λῆμμα
1197 2793 1268 2826 quod
1288 2793 1354 2820 alias
1375 2793 1476 2820 dicitur
1493 2793 1632 2827 πρότασις.
1656 2792 1726 2826 Lege

935 2828 1024 2863 Egid.
1042 2827 1205 2862 Menagium.
1218 2827 1251 2854 ad
1270 2827 1358 2855 Laert.
1371 2836 1419 2860 vn,
1432 2828 1474 2854 73.
1487 2827 1543 2861 Ego
1558 2827 1584 2853 in
1601 2827 1726 2854 versione

936 2862 996 2890 voci
1023 2862 1183 2896 ampliarem
1205 2862 1308 2897 subjeei
1332 2863 1493 2894 notionem,
1517 2870 1598 2896 quam
1621 2863 1726 2891 scilicet

937 2897 1078 2933 scriptoris
1093 2904 1171 2925 mens
1183 2897 1317 2933 subjicere
1331 2898 1382 2934 ipsi
1398 2897 1550 2926 videbatur.
