1931 3082
204 157 255 190 123

764 162 896 194 ΡΠΟΤΙῙ
914 163 1168 196 ΡΑΤΒΙΛΒΟΗΕ
1187 163 1241 194 CP.

1779 162 1828 194 124

203 221 351 244 tamentam
366 216 578 246 calumniantur.
592 217 670 252 Quod
681 219 705 246 si
720 220 792 247 enim
808 221 873 249 illud
885 229 900 248 a
919 221 987 249 Malo

1048 221 1233 256 ;νυϐριζόντων
1249 219 1296 247 τοῦ
1320 221 1494 255 φρονήματος
1515 218 1547 246 τὸ
1566 219 1689 247 ἀντίθεον
1706 219 1773 254 (ιρι.
1796 220 1829 247 El

202 267 254 294 est.
270 263 487 298 quomodoillius
505 264 624 292 codicem
640 265 671 297 is,
684 265 728 300 qui
741 266 774 293 ad
789 266 986 294 destruendum

203 309 302 336 Malum
317 310 400 339 venit.
425 310 545 345 recipere
560 311 700 344 sustinuit,
717 316 745 338 et
762 312 855 340 multis
871 313 986 340 audien-

204 355 275 382 tibus
287 355 376 390 legere
390 363 421 382 ea
436 364 496 390 quae
511 356 544 382 de
559 363 588 382 se
602 357 782 390 praenuntiata
796 363 884 389 erant,
897 366 986 392 neque

204 401 291 435 legere
306 402 403 433 solum,
431 402 477 429 sed
496 407 523 429 et
535 403 639 431 testari.
651 410 683 430 ac
701 403 791 430 dicere
806 413 812 430 :
836 403 897 430 Hau:
919 412 988 430 nunc

205 446 310 479 impleta
326 451 385 473 sunt
408 447 435 473 in
454 447 562 473 auribus
587 448 678 474 vestris
692 449 725 479 '";
742 456 773 474 ac
789 453 918 482 prmterea
937 458 988 475 an-

206 501 266 518 num
298 493 383 524 illum,
411 492 456 527 qui
486 497 525 519 est
553 492 682 527 periodus
711 498 864 528 temporum
881 515 888 526 ,
919 494 990 522 sicut

205 543 312 572 tempus
327 544 367 565 est
386 546 512 565 rrleilsura
535 542 624 565 motus
641 539 787 572 sensibilis,
813 545 841 566 ut
855 546 989 574 acceptum

208 585 259 611 Deo
277 585 419 619 prwdicare
434 585 466 611 ⁷⁵.
481 584 623 617 Quomodo
635 592 701 611 vero
720 585 802 612 etiam
815 585 844 613 in
860 587 987 620 parabola

205 630 239 657 de
259 630 359 656 Lazaro
380 634 407 655 et
422 629 505 656 divite
520 629 640 664 optimus
661 634 688 656 et
702 630 842 657 hominum
856 631 988 658 amantis-

205 677 290 704 simus
303 675 433 702 Dominus
449 680 541 702 noster
558 675 649 703 Mosen
664 682 690 702 et
704 677 851 711 prophetas
863 677 990 704 salutaris

205 721 391 749 conversionis
428 726 456 748 et
495 721 663 756 paenitentiae
696 722 838 756 magistros
854 723 991 758 appellat?

201 768 304 794 Habent
321 769 399 799 enim,
416 767 552 802 inquiens,
568 767 658 794 Mosen
676 773 700 794 et
712 770 850 803 prophetas
862 779 868 796 :
879 770 990 797 audiant

206 813 267 840 illos
285 814 317 841 ⁷⁹.
331 813 458 848 Nunquid
482 813 554 840 enim
569 813 592 840 is
608 814 653 848 qui
670 814 697 841 in
714 822 887 842 communem
904 815 991 842 homi-

206 868 271 888 num
289 861 403 887 salutem
417 865 538 887 nostram
560 865 684 886 naturam
697 861 827 895 suscepit,
853 861 989 889 doctrina:

206 915 262 934 sum
287 907 417 939 initialos,
448 910 475 933 et
489 906 522 934 ab
536 914 629 933 errore
644 907 782 938 liberatos,
806 908 839 934 ad
856 915 949 935 servos
964 913 992 935 et

205 953 345 981 ministros
362 953 449 980 hostis
465 953 626 983 amandarit,
645 958 673 980 ut
687 953 781 980 salutis
798 954 863 980 (iant
878 962 991 989 compo-

206 1000 265 1026 tes?
278 999 343 1032 Quis
353 1003 476 1027 creatura
492 999 538 1025 Dei
556 999 701 1030 exsistcns.
719 1007 782 1026 vere
793 1004 820 1027 et
835 1000 906 1027 serio
919 1001 992 1029 hunc

207 1050 287 1073 tanta:
314 1045 425 1073 insaniae
447 1045 558 1080 gradum
575 1045 702 1072 admittat
722 1045 733 1072 ?
754 1045 838 1073 Porro
852 1046 875 1073 si
891 1047 992 1074 veteris

207 1087 380 1119 instrumenti
409 1097 503 1118 auctor
526 1092 614 1119 Malus
637 1096 689 1124 est,
720 1092 857 1126 quomodo
870 1092 993 1120 veritatis

207 1138 268 1165 fons
294 1137 415 1172 praecipit
442 1147 448 1165 :
477 1136 640 1164 Scrutamini
664 1137 818 1171 Scripturas
836 1158 844 1170 ,
869 1138 931 1173 quia
965 1138 992 1165 in

207 1184 260 1210 illis
273 1184 406 1210 invenietis
422 1184 502 1210 vitam
517 1188 645 1210 (sternam
658 1183 700 1209 “°?
721 1182 770 1210 Ubi
785 1185 858 1210 enim
882 1188 925 1210 est
939 1183 992 1211 vita

206 1235 317 1263 aeterna,
337 1231 363 1257 in
379 1230 478 1265 quibus
493 1229 605 1257 aculeus
621 1229 724 1264 peccati
742 1229 916 1256 dominatur?
940 1230 991 1257 Ubi

207 1282 261 1304 νιιιι
287 1282 406 1309 acterna,
430 1277 457 1303 in
482 1276 582 1310 quibus
605 1276 740 1302 homicida
768 1276 840 1310 leges
866 1275 938 1308 fert,
966 1281 994 1304 et

208 1324 346 1359 prrecipit?
358 1323 432 1350 Talia
447 1323 550 1350 scilicet
565 1322 656 1357 lingua
674 1322 732 1348 Deo
747 1322 855 1349 inimica
872 1322 995 1357 proferre

208 1369 300 1399 audet.
327 1369 356 1396 Si
390 1373 521 1404 prmterea
555 1372 635 1394 vetus
661 1371 855 1394 testamentum
883 1377 897 1394 ει
925 1367 994 1394 Malo

208 1419 260 1447 est,
275 1415 411 1450 quomodo
434 1414 538 1441 Veritas
554 1413 612 1448 ipsa
627 1413 664 1440 ait
679 1422 685 1440 :
712 1412 742 1440 Si
760 1414 898 1440 crederetis
917 1413 992 1445 Mosi,

209 1461 348 1488 crederetis
366 1464 388 1487 et
401 1460 465 1486 mihi
482 1468 488 1486 :
514 1459 545 1485 de
560 1467 601 1485 me
623 1459 693 1485 enim
719 1459 742 1485 is
763 1459 914 1492 scripsit“.
934 1459 994 1486 Non

210 1515 276 1534 sane
292 1506 329 1533 ait
343 1515 350 1533 τ
369 1505 396 1532 Si
415 1505 442 1531 in
451 1504 592 1531 nonnullis
605 1503 754 1531 crederetis
770 1503 845 1536 Mosi,
861 1504 909 1531 sed
929 1504 996 1531 sim—

209 1553 316 1588 pliciter
329 1552 417 1587 ipsum
440 1556 470 1578 ut
485 1550 537 1578 ﬁde
551 1551 662 1585 dignum
678 1550 827 1576 renuntiat.
853 1550 995 1580 Quomodo

209 1606 274 1624 vero
291 1598 388 1624 iterum
403 1595 535 1622 adversus
550 1602 607 1626 eos,
625 1594 672 1628 qui
691 1594 764 1620 circa
786 1593 996 1620 dissolutionem

208 1641 328 1676 coniugii
351 1647 498 1674 suspensos
525 1647 554 1666 se
574 1639 715 1673 gerebant,
736 1642 818 1672 atque
835 1638 860 1664 in
877 1638 996 1673 patroci»

210 1689 287 1715 nium
311 1685 525 1722 perturbationis
545 1693 601 1712 suze
622 1685 656 1712 ad
680 1684 773 1712 Mosen
799 1685 994 1719 provocabant,

209 1738 337 1768 suscepta
360 1737 471 1760 strenue
495 1731 670 1767 chislatoris
690 1737 773 1758 causa
797 1730 833 1756 ait
849 1738 858 1756 :
872 1729 953 1756 Moses
965 1729 996 1756 ob

211 1780 334 1806 duritiem
346 1779 430 1805 cordis
439 1777 517 1804 uestri
535 1777 652 1811 permisit
663 1776 733 1802 vobis
747 1776 878 1802 dimittere
893 1783 996 1802 uxores.

211 1826 250 1852 Ab
268 1825 342 1851 initio
357 1832 418 1851 vero
431 1831 481 1850 non
498 1827 556 1849 erat
577 1822 626 1848 ita.
638 1821 672 1847 “.
693 1819 772 1848 Unde
787 1825 879 1848 autem
894 1820 920 1847 id
935 1827 997 1854 pro-

212 1871 276 1898 hat?
302 1870 354 1903 Qui
371 1870 440 1897 enim
457 1869 516 1905 fecit
529 1877 583 1899 eos,
606 1867 704 1902 inquit,
719 1875 818 1894 marem
833 1871 856 1893 et
869 1867 997 1901 feminam

213 1918 273 1954 fecit
287 1917 322 1944 ⁸³.
351 1917 444 1951 Itaque
458 1924 501 1948 ea,
527 1923 587 1950 qua
600 1914 729 1941 Servator
752 1914 779 1940 in
796 1912 951 1948 Evangehis
964 1913 997 1940 de

214 1963 344 1998 conjugio
359 1963 463 1995 sanxit,
485 1962 519 1989 ab
536 1962 582 1988 illo
597 1959 730 1996 proﬁcisci
755 1959 792 1986 ait
804 1959 848 1994 qui
865 1959 998 1986 creaturis

213 2009 270 2035 suis
281 2013 309 2035 et
324 2009 454 2042 operibus
465 2007 537 2042 leges
554 2006 652 2038 ﬁxerit,
669 2011 696 2033 et
711 2005 802 2032 Mosen
818 2009 933 2032 testatur
943 2011 998 2031 non

213 2055 410 2088 contempsisse
431 2055 504 2089 leges
523 2055 551 2081 in
567 2054 706 2081 creatione
723 2053 802 2084 latas,
827 2053 873 2080 sed
888 2060 922 2079 ex
938 2059 999 2079 cer-

213 2101 250 2128 tis
267 2100 480 2127 circumstantiis
501 2100 534 2127 de
554 2099 698 2134 postulatis
722 2098 782 2133 ejus
797 2098 900 2132 aliquid
915 2098 999 2124 remi-

213 2148 291 2174 sisse.
312 2146 373 2182 Legi
391 2147 463 2173 enim
477 2145 625 2173 ereutionis
642 2145 676 2172 ab
689 2145 767 2172 initio
781 2145 858 2171 facta
871 2152 943 2174 mea.
958 2144 1000 2170 in-

213 2194 282 2228 quit,
299 2193 341 2220 lex
355 2193 514 2226 concordat,
528 2192 628 2219 solutio
642 2199 707 2218 vero
721 2189 840 2224 coniugii
855 2197 870 2216 a
886 2190 999 2224 dispen-

213 2240 318 2267 satione
336 2244 364 2267 et
376 2239 553 2274 dispositione
571 2237 652 2266 Mosis
667 2237 778 2272 pendet.
804 2235 846 2264 0b
865 2235 995 2263 duritiem

248 2298 271 2313 ⁷⁷
283 2296 348 2324 Luc.
371 2305 407 2329 Iv,
430 2297 475 2324 Ἦ.
514 2296 537 2312 ⁷⁸
560 2295 624 2323 ibid.
649 2295 692 2322 l9.
731 2294 753 2310 "
768 2293 833 2321 Luc.
849 2293 962 2326 “1,29.

213 2333 237 2349 ⁵³
251 2333 318 2360 ibid.
342 2333 368 2361 9.

1018 2294 1040 2309 ⁸⁰
1061 2293 1140 2321 Joan.
1165 2301 1190 2326 v,
1218 2292 1263 2320 '59.
1318 2292 1340 2309 "

1039 267 1096 301 γάρ
1107 268 1181 294 ἐστιν
1199 266 1268 301 αὕτη
1285 265 1332 293 τοῦ
1350 265 1484 300 Πονηροῦ,
1503 265 1562 298 πῶς
1584 266 1715 301 ἠνέσχετο
1735 266 1828 293 λαϐεῖν

1038 314 1068 340 τὸ
1088 313 1190 348 βιϐλίον
1203 312 1316 348 ταύτης,
1335 313 1349 339 6
1363 312 1409 338 τὸν
1424 312 1544 346 Πονηρδν
1563 311 1688 338 καθελεῖν
1704 320 1827 346 παραγε-

1038 360 1124 395 γονώς
1134 369 1141 392 ;
1153 360 1200 386 καὶ
1212 360 1252 390 εἰς
1265 359 1370 386 πολλῶν
1396 359 1550 392 ἀναγνῶναι
1560 358 1655 389 ἀκοὰς,
1667 358 1699 384 δι’
1709 355 1747 383 ὧν
1762 366 1830 392 προ-

1039 405 1207 442 εχηρύττετο
1225 405 1259 432 τὰ
1279 405 1342 440 περὶ
1358 404 1465 435 ἑαυτοῦ,
1482 405 1528 431 καὶ
1543 405 1591 430 οὐκ
1610 403 1764 436 ἀναγνῶναι
1782 404 1831 438 μό-

1039 459 1094 482 νον,
1111 450 1178 477 ἀλλὰ
1194 449 1241 476 καὶ
1255 449 1493 484 διαμαρτύρασθαι
1507 470 1514 480 ,
1531 449 1572 475 ὅτι
1587 448 1681 475 Ταῦτα
1704 448 1762 474 νῦν
1781 455 1832 474 πε-

1040 496 1192 530 πλήρωται
1206 496 1241 522 ἐν
1259 495 1322 528 τοῖς
1336 495 1412 522 ὠσὶν
1431 495 1515 528 ὑμῶν
1527 503 1534 510 ·
1551 495 1599 521 καὶ
1615 495 1668 520 τὸν
1683 494 1829 525 ἐνιαυτὸν,

1040 543 1069 575 ὃς
1086 544 1144 569 ἐστι
1160 542 1283 577 περίοδος
1302 542 1404 576 χρόνων
1420 541 1494 576 (15),
1520 541 1534 566 6
1557 540 1585 566 δὲ
1610 540 1707 575 χρόνος
1734 540 1832 574 μέτρον

1040 590 1175 624 κινήσεως
1200 587 1353 623 αἰσθητῆς,
1380 588 1489 614 τοῦτον
1511 587 1697 620 ἁνακηρύξαι
1725 585 1833 612 deterer-

1041 636 1158 669 Kvplgu,‘
1173 634 1236 665 Πῶς
1250 634 1279 660 δὲ
1301 634 1382 660 πάλιν
1402 634 1431 659 ὲν
1450 634 1484 668 τῇ
1501 633 1548 659 τοῦ
1566 632 1691 667 Λαζάρου
1715 633 1763 658 καὶ
1785 631 1832 657 τοῦ

1041 682 1169 709 πλουσίου
1184 681 1325 716 παραϐολῇ
1341 682 1354 707 ὁ
1367 680 1559 714 φιλάνθρωπος
1573 679 1619 705 καὶ
1635 678 1737 713 ἀγαθὸς
1753 678 1833 713 ἡμῶν

1042 729 1179 762 Δεσπότης
1196 727 1297 755 Μωσέα
1313 728 1361 754 καὶ
1379 727 1442 758 τοὺς
1465 726 1607 761 προφήτας
1627 725 1676 760 τῆς
1700 724 1834 759 σωτηρίου

1043 774 1210 809 ἐπιστροφῆς
1223 773 1271 800 καὶ
1287 773 1470 808 μεταμελείας
1490 771 1668 802 διδασκάλους
1683 770 1833 802 ἀποκαλεῑ;

1045 821 1169 854 Ἔχουσι
1185 820 1240 854 τὰρ
1250 840 1257 852 ,
1274 820 1352 854 φησὶ,
1368 818 1475 846 Μωσὲιι
1499 818 1550 845 καὶ
1566 818 1638 850 τοὺς
1661 817 1815 851 προφήτας
1825 824 1832 830 ·

1044 866 1265 893 ἀκουσάτωσαν
1286 865 1395 892 αὐτῶν.
1421 863 1496 900 τΛρα
1511 865 1566 898 γὰρ
1584 864 1598 889 6
1621 864 1668 890 ἐπὶ
1693 864 1769 897 κοινῇ
1787 861 1834 888 τοῦ

1045 913 1138 946 γένους
1153 912 1208 947 (14)
1227 912 1349 946 σωτηρίᾳ
1362 911 1413 944 τὴν
1425 910 1504 946 ἡμῶν
1521 910 1602 944 φύσιν
1621 909 1762 936 ἀναλαϐὼν
1773 909 1835 940 τοὺς

1046 957 1328 993 μυσταγωγουμένους
1356 956 1421 991 παρ’
1447 956 1552 988 αὑτοῦ,
1578 956 1626 982 καὶ
1654 955 1704 988 τῆς
1731 953 1836 988 πλάνης

1045 1003 1299 1037 ἀπαλλαττομένους
1311 1024 1318 1035 ,
1336 1003 1376 1032 εἰς
1392 1003 1455 1034 τοὺς
1479 1002 1647 1037 θεράποντας
1670 1001 1717 1028 καὶ
1731 1000 1834 1035 ὑπηρέ-

1045 1058 1093 1080 ea;
1104 1050 1245 1082 ἀνέπεμπε
1259 1048 1305 1074 τοῦ
1319 1048 1445 1083 Ἐχθροῦ,
1456 1048 1502 1074 καὶ
1512 1048 1573 1073 τότε
1582 1047 1718 1082 σωτηρίας
1727 1047 1835 1080 τυχείν;

1045 1095 1101 1121 Καὶ
1118 1095 1160 1126 τίς
1172 1094 1204 1120 ἂν
1216 1094 1360 1128 ἀνάσχοιτο
1375 1093 1489 1128 πλάσμα
1501 1092 1569 1119 Θεοῦ
1585 1093 1717 1127 ὑπάρχων
1729 1092 1837 1127 ἀληθῶς

1045 1141 1095 1177 τῆς
1107 1140 1241 1176 τοσαύτης
1254 1141 1384 1171 ἀπονοίας
1398 1140 1447 1174 τὴν
1460 1139 1615 1174 ὑπερϐολήν
1628 1147 1635 1169 ;
1655 1139 1739 1165 Πάλιν
1757 1138 1797 1171 δὲ,
1812 1139 1837 1164 ει

1045 1190 1095 1224 τῆς
1110 1189 1230 1220 Παλαιᾶς
1253 1189 1392 1222 Διαθήκης
1414 1187 1564 1222 νομοθέτης
1586 1187 1600 1212 6
1615 1186 1755 1220 Πονηρὸς,
1778 1185 1837 1217 πῶς

1046 1236 1119 1269 λέγει
1138 1235 1186 1269 τῆς
1205 1233 1372 1268 ἀγαθότητος
1390 1234 1406 1268 ὴ
1423 1234 1510 1268 πηγή⁶
1538 1231 1692 1266 Ἐρευνᾶτε
1708 1231 1764 1265 (iii)
1784 1229 1838 1262 τὰς

1047 1281 1183 1315 Γραφὰς,
1201 1280 1245 1307 ὅτι
1262 1281 1296 1306 ὲν
1314 1279 1419 1311 αὑταῖς
1442 1279 1586 1312 εὑρήσετε
1607 1277 1683 1310 (mw
1697 1276 1838 1307 aidwtor;

1048 1327 1103 1355 Ποῦ
1118 1327 1172 1361 γὰρ
1183 1327 1200 1361 ἡ
1215 1325 1323 1357 αἰώνιος
1337 1325 1405 1360 ζωὴ.
1421 1326 1449 1350 ὲν
1465 1322 1505 1354 οἷς
1520 1324 1550 1350 τὸ
1565 1323 1677 1358 κέντρον
1688 1322 1738 1355 τῆς
1748 1322 1839 1356 ἁμαρ-

1047 1372 1106 1402 τίας
1120 1371 1308 1401 πολιτεύεται;
1324 1369 1377 1396 ποῦ
1398 1371 1414 1404 ὴ
1437 1369 1547 1400 αἰώνιος
1563 1369 1637 1402 ζωὴ,
1655 1369 1683 1394 ὲν
1698 1364 1738 1398 οἷς
1757 1367 1772 1392 ὁ
1790 1367 1838 1392 ἀν·-

1048 1417 1236 1452 θρωποκτόνος
1255 1416 1412 1450 νομοθετεῖ,
1435 1414 1484 1441 καὶ
1504 1413 1740 1449 παρακελεύεταις
1760 1410 1839 1438 τοῦτο

1048 1463 1103 1498 γὰρ
1119 1463 1135 1496 ἡ
1152 1461 1286 1496 θεομάχος
1306 1460 1414 1494 γλῶσσα
1431 1460 1607 1494 θρασύνεται.
1624 1459 1716 1494 Χωρὶς
1731 1457 1759 1485 δὲ
1784 1456 1839 1483 τῶν

1048 1507 1215 1543 εἰρημένων.
1235 1508 1260 1533 εἰ
1275 1506 1410 1541 ήῐῙαλαιὰ
1424 1505 1471 1532 τοῦ
1489 1504 1621 1541 [Ιονηροῦ,
1635 1504 1693 1535 πῶς
1714 1504 1839 1539 Ἀλήθεια

1048 1554 1133 1587 λέγει·
1150 1554 1184 1580 El
1196 1553 1369 1580 ἐπιστεύετε
1383 1551 1493 1584 ηιωσεῖ,
1513 1551 1687 1578 ἐπιστεύετε
1703 1550 1741 1577 ἂν
1756 1550 1822 1584 ἐμοι
1830 1558 1838 1566 ·

1047 1600 1113 1634 περὶ
1129 1599 1183 1634 γὰρ
1195 1598 1269 1634 ἐμοῦ
1282 1598 1398 1631 ἐκεῖνος
1415 1598 1562 1633 emata-er;
1580 1599 1637 1624 Οὐκ
1651 1595 1737 1623 εἶπεν·
1754 1597 1785 1623 Εἰ
1811 1597 1840 1623 ἔν

1047 1654 1117 1672 τισιν
1133 1644 1289 1671 ἐπιστεύετε
1304 1645 1414 1674 Μωσεῖ,
1431 1643 1487 1670 ἀλλ’
1505 1643 1599 1674 ἁπλῶς
1620 1642 1701 1669 αὑτοῦ
1716 1642 1746 1668 τὸ
1765 1642 1841 1674 ἀξιό-

1047 1700 1142 1718 πιστον
1157 1690 1319 1726 ἀνεκήρυξε.
1336 1690 1397 1720 Πῶς
1410 1690 1438 1716 δὲ
1466 1690 1547 1716 πάλιν
1564 1689 1631 1724 πρδς
1648 1688 1710 1718 τοὺς
1727 1687 1840 1722 κεχηνό-

1047 1747 1097 1770 τας
1118 1738 1184 1772 περὶ
1204 1738 1253 1773 τὴν
1268 1737 1390 1764 διάλυσιν
1410 1737 1465 1763 τῶν
1487 1737 1584 1771 γάμων
1604 1736 1651 1762 καὶ
1673 1734 1719 1762 τὸν
1737 1736 1841 1769 Μωσῆν

1048 1785 1088 1815 εἰς
1101 1783 1262 1818 συνηγορίαν
1275 1783 1322 1810 τοῦ
1339 1783 1442 1814 πάθους
1457 1781 1692 1816 προϐαλλομένους
1705 1780 1840 1815 λαμπρῶς

1048 1828 1218 1863 ὑπερμαχῶν
1242 1827 1288 1854 τοῦ
1306 1828 1454 1861 νομοθέτου
1470 1827 1565 1862 φησὶν,
1579 1827 1620 1854 ὃτι
1646 1825 1756 1859 Μωσῆς
1767 1825 1841 1859 πρὸς

1049 1873 1107 1907 τὴν
1128 1873 1371 1907 σκληροκαρδίαν
1389 1872 1473 1907 ὑμῶν
1493 1872 1657 1906 ἐπέτρεψεν
1680 1870 1752 1905 ὑμῖν
1766 1871 1841 1897 ἁπο-

1049 1919 1142 1946 λῦσαι
1159 1919 1212 1952 τὰς
1234 1918 1389 1953 γυναῖκας.
1411 1919 1474 1944 Ἀπ’
1495 1917 1592 1952 ἀρχῆς
1609 1917 1643 1943 δὲ
1666 1918 1701 1944 οὺ
1719 1916 1841 1950 γέγονεν

1049 1965 1153 1998 οὕτως.
1172 1965 1227 1991 Καὶ
1244 1964 1326 1990 πόθεν
1344 1966 1394 1998 τὴν
1409 1962 1546 1994 ἀπόδειξιν
1568 1962 1701 1997 προάγει;
1732 1961 1764 1988 ’0
1786 1961 1841 1995 γὰρ

1049 2011 1180 2044 ποιήσας
1188 2011 1308 2043 αὐτοὺς,
1321 2011 1413 2044 φησὶν,
1427 2009 1522 2043 ἄρσεν
1544 2009 1593 2035 καὶ
1605 2008 1685 2041 θῆλυ
1696 2007 1842 2040 ἐποίησεν

1049 2058 1179 2089 αὐτούς’
1209 2056 1280 2083 ὥστε
1304 2056 1376 2090 ἅπερ
1399 2055 1557 2089 ὲνομοῦέτει
1579 2055 1592 2080 6
1612 2054 1709 2088 Σωτὴρ
1732 2054 1761 2079 ὲν
1785 2054 1841 2084 τοῖς

1050 2102 1228 2136 Εὑαγγελίοις
1243 2102 1308 2136 περὶ
1329 2101 1379 2135 τῆς
1396 2101 1544 2133 συζυγίας,
1563 2101 1594 2126 ὲκ
1610 2099 1656 2125 τοῦ
1676 2099 1789 2134 θεμένου
1812 2099 1842 2124 ὲν

1049 2149 1105 2179 τοῖς
1118 2147 1199 2173 αὑτοῦ
1211 2146 1352 2181 πλάσμασι
1367 2147 1414 2172 καὶ
1426 2146 1561 2179 ποιήμασι
1573 2145 1635 2175 τοὺς
1651 2143 1730 2177 φύσει
1742 2143 1841 2178 νόμους

1051 2193 1192 2228 προελθεῖν
1207 2192 1301 2227 ἐδήλου
1323 2192 1370 2218 καὶ
1392 2191 1438 2217 τὸν
1460 2191 1563 2225 Μωσῆν
1578 2189 1608 2216 οὐ
1631 2187 1842 2223 χαταφρονητὴν

1048 2237 1103 2263 τῶν
1117 2237 1161 2263 διὰ
1175 2235 1225 2271 τῆς
1239 2235 1366 2267 πλάσεως
1382 2235 1532 2270 δεδομένων
1555 2235 1655 2270 νόμων,
1674 2234 1731 2260 ἀλλ’
1747 2234 1779 2260 ἐκ
1794 2241 1842 2259 πε-

1369 2292 1435 2319 ibid.
1454 2292 1499 2320 46.
1554 2292 1577 2308 ⁸¹
1594 2291 1690 2319 Matth.
1720 2299 1776 2323 xrx,
1813 2290 1840 2317 8.

760 2385 877 2414 VARUE
898 2385 1095 2413 LECTIONES
1116 2385 1158 2412 ET
1177 2385 1292 2414 NOTAE.

250 2446 307 2481 (12)
323 2447 362 2473 Ex
377 2445 471 2473 limine
482 2445 534 2472 hoc
549 2444 685 2481 sermonis
698 2450 791 2481 patere
812 2444 921 2471 videtur
935 2451 994 2470 eum

1050 2444 1210 2481 δραμόντφῇ

213 2490 264 2518 pro
277 2482 410 2518 concione
425 2481 547 2518 habitum
558 2480 641 2518 fuisse
653 2480 686 2507 ad
700 2480 852 2518 aitdientes,
865 2487 933 2514 quos
948 2480 1001 2518 sci—_

215 2514 278 2544 licet
293 2517 335 2543 hic
351 2517 383 2543 ad
402 2516 580 2543 attentionem
598 2516 631 2542 iis
651 2515 742 2542 verbis
759 2515 868 2546 excitat,
890 2522 950 2549 quae
969 2514 1001 2541 ad

215 2553 335 2587 legentes
349 2559 403 2578 non
420 2559 495 2585 usque
506 2551 575 2587 bene
587 2550 785 2577 accommodari
806 2555 930 2587 possunt.
947 2549 1003 2587 llu—

213 2585 258 2623 jus
277 2587 314 2613 rei
331 2587 441 2623 vestigia
455 2591 485 2623 et
505 2586 574 2623 intra
590 2591 752 2623 occurrent,
775 2585 1003 2623 quemadmodum

215 2620 243 2649 et
257 2622 284 2648 in
296 2620 440 2654 linchujus
455 2621 536 2648 libelli
552 2622 651 2647 diserte
668 2621 770 2647 mentio
782 2622 809 2646 Iit
822 2620 870 2653 τῆς
885 2620 1002 2654 ὁμιλίας.
1017 2621 1020 2624 ’

217 2657 250 2684 Ει
263 2665 357 2692 parum
375 2656 461 2686 abest,
476 2656 540 2690 quin
559 2656 629 2682 idem
641 2656 674 2683 de
686 2655 917 2692 superiorilibello
928 2663 1004 2692 asse-

216 2690 286 2720 ram.
299 2692 377 2725 cujus
395 2695 516 2718 extrema
529 2691 620 2718 verba.
636 2699 696 2725 qua:
717 2691 798 2718 etiam
819 2690 1003 2717 continuatio-

217 2736 279 2754 nem
289 2727 370 2761 huius
379 2726 614 2754 commentationis
627 2734 737 2760 sperare
749 2725 855 2759 jubent,
864 2725 1004 2752 concionis

218 2771 302 2790 sacrre
319 2763 440 2789 habitum
452 2761 517 2788 satis
530 2761 666 2788 luculente.
683 2761 792 2788 sistunt.

254 2796 478 2834 (Ιὸληερίοιξος
490 2796 614 2834 γρόνων.
642 2796 751 2834 Plenius
766 2801 794 2834 et
812 2795 941 2834 disertius
955 2802 989 2834 a_n

218 2829 284 2859 nuiu
302 2829 404 2859 definit
423 2832 527 2862 Pollux,
545 2831 563 2858 1.
584 2839 647 2858 le:
671 2831 818 2862 Ἐνιαυτὺς,
836 2831 905 2862 ἔτος,
923 2829 1004 2856 δωδε-

218 2868 339 2903 κάμηνος
366 2868 460 2903 χρόνος
485 2866 578 2903 ἡλίουν
600 2866 722 2903 περίοδος
755 2865 942 2903 ¹περιελθόντος
973 2864 1004 2897 ἐξ

218 2900 298 2935 ὡρῶν
309 2903 348 2934 εὶς
363 2900 436 2934 ὥρας
455 2900 501 2929 τοῦ
523 2902 602 2935 θεοῦ,
618 2900 716 2929 κῦκλον
731 2900 779 2928 τοῦ
792 2901 905 2936 ἀστέρος
924 2908 1002 2937 περι-

1091 2480 1113 2513 (1
1121 2479 1146 2513 ι)
1167 2478 1272 2511 Γένος.
1292 2478 1436 2504 hominum.
1453 2476 1669 2513 “avertendum
1684 2484 1744 2504 esse
1760 2484 1843 2513 supra

1051 2511 1201 2576 ρτιέὶηέιῶἰιι
1212 2514 1283 2541 notis
1294 2513 1327 2540 ad
1342 2513 1389 2540 lib.
1403 2512 1518 2545 lPhotii,
1527 2520 1553 2547 p.
1566 2512 1616 2540 l59
1627 2512 1720 2547 (supra
1733 2512 1786 2540 col.
1797 2511 1841 2545 85,

1051 2557 1088 2576 no
1103 2569 1109 2576 .
1176 2569 1182 2576 .

1051 2553 1109 2577 not.
1126 2550 1182 2580 86).

1089 2584 1145 2617 (l5)
1165 2582 1333 2618 Ἐρευνᾶτε.
1345 2583 1497 2618 lmperandi
1510 2582 1600 2616 itaque
1616 2583 1728 2610 notione
1740 2582 1845 2617 accepit

1053 2620 1167 2647 verbum
1193 2620 1244 2646 hoc
1266 2618 1397 2650 Photius,
1417 2618 1645 2653 quemadmodum
1673 2623 1700 2644 et
1721 2623 1843 2644 veterum

1055 2654 1182 2682 Ecclesiae
1195 2654 1296 2681 Greca:
1310 2654 1451 2680 doctorum
1468 2653 1589 2687 plerique
1604 2661 1709 2683 omnes,
1727 2661 1843 2685 quorum

1055 2691 1113 2717 loca
1130 2690 1267 2716 cumulate
1287 2689 1379 2715 attulit
1393 2688 1434 2715 Jo.
1456 2687 1568 2722 Caspar.
1590 2688 1719 2715 Suicerus
1735 2688 1761 2714 in
1778 2687 1844 2714 Tlte-

1054 2734 1133 2756 stmro
1146 2724 1328 2754 ecclesiastico,
1338 2730 1403 2750 tom.
1416 2724 1437 2755 1,
1454 2731 1479 2758 p.
1495 2723 1572 2750 1210.
1590 2723 1628 2750 Ex
1647 2723 1844 2758 recentioribus

1056 2760 1184 2786 Erasmus
1201 2759 1357 2786 Schmidius
1370 2759 1396 2784 in
1411 2756 1685 2785 Animadversionibus
1705 2758 1739 2784 nd
1758 2757 1794 2785 N.
1814 2756 1842 2785 T.

1056 2803 1139 2829 Super
1155 2796 1226 2821 hunc
1238 2794 1326 2820 locum
1339 2794 1476 2821 indicandi
1489 2795 1628 2820 notionem
1645 2793 1842 2829 pr:el'erendam

1056 2827 1178 2857 studiose
1206 2829 1366 2861 contendit,
1394 2837 1495 2863 paucos
1510 2833 1607 2855 nactus
1633 2827 1842 2863 approbatores.

1056 2865 1126 2892 Vide
1148 2864 1299 2900 quzeiolinr
1313 2864 1339 2900 in
1359 2862 1429 2900 hanc
1446 2871 1502 2900 rem
1525 2863 1621 2900 scripsi
1645 2863 1678 2891 ad
1701 2862 1845 2890 Casaubo-

1056 2901 1147 2932 niana,
1158 2898 1190 2935 'p.
1204 2899 1268 2927 297.
1283 2898 1337 2928 Sed
1353 2900 1386 2927 de
1399 2898 1451 2927 hoc
1464 2899 1523 2927 loco
1536 2898 1614 2926 alias.
