1931 3082
197 158 252 192 ῙΞῚ

748 156 880 189 ΡΙΙΟΤΙΙ
899 156 1150 188 ΡΛΤΙὶΙΑΒΟΙΙῈ
1170 156 1225 186 CP.

1773 147 1823 182 123

195 217 279 246 factio
291 221 394 251 septem
409 215 484 243 tinxit
498 214 606 248 fratres,
623 220 774 249 eorumque
792 213 906 248 singulis
919 220 982 240 sue-

1044 211 1124 238 onus.
1147 210 1245 237 Ἦνίκα
1267 209 1321 245 γὰρ
1343 208 1374 236 τὸ
1388 207 1574 235 Σαδδουκαίων
1597 207 1710 234 ἄπιστόν
1721 217 1750 234 τε
1777 209 1823 236 καὶ

196 271 274 292 cessu
291 261 421 296 temporis
442 269 523 288 unam
538 261 717 295 eamdemque
741 267 852 287 uxorem
876 258 981 291 tribuit,

196 313 278 343 atque
290 308 342 335 hoc
363 307 491 342 ﬁgmento
505 314 556 334 suo
579 313 725 340 corporum
752 304 983 332 resurrectionem

197 358 321 381 avertere
334 357 429 380 conata
447 357 498 384 est.
511 351 639 380 Servator
655 352 708 378 illis
728 350 874 379 insolubile
887 371 893 380 .
909 350 984 384 quod

198 401 224 426 in
239 403 396 426 coumtento
408 407 458 426 suo
476 406 538 426 esse
551 398 733 434 opinabantur
745 417 752 428 ,
769 395 983 432 opponentibus,

197 445 448 480 quaerentibusque,
464 445 605 479 cuiusnam
620 451 652 471 ex
676 448 780 478 septem
805 443 865 470 istis
891 441 984 469 futura

196 490 310 516 situxor
328 509 335 522 ,
366 489 484 524 primunt
509 489 618 524 quidem
646 487 822 523 exprobravit
855 493 984 522 tanquam

197 534 352 569 Seripturas
366 534 553 569 ignorantibus
569 533 604 560 ⁸⁸.
620 533 654 561 At
667 533 804 568 quomodo
815 533 986 560 animadver-

197 579 239 606 sio
255 579 282 606 in
303 587 350 606 eos
380 579 452 606 cadit
480 579 526 613 qui
550 579 676 614 ignorant
695 586 755 614 qua:
768 578 828 605 Mali
844 579 928 605 sunt?
951 578 986 604 At

196 625 241 652 ille
257 632 290 652 ex
307 625 479 660 ignoratione
500 625 703 660 Scripturarum
723 625 796 652 aliud
825 625 906 659 idque
922 632 985 660 gra-

198 671 260 698 vius
276 671 343 705 ipsis
359 671 484 706 impingit
503 671 642 705 probrum,
654 670 727 706 quod
743 671 846 698 scilicet
859 678 910 698 nec
935 677 985 705 po-

198 718 310 743 tentiam
326 716 373 743 Dei
385 716 488 744 norint.
505 716 574 743 lliuc
593 717 752 751 mysterium
776 717 986 745 resurrectionis

197 761 299 789 clarius
311 760 505 796 expositurus:
528 762 559 789 In
578 764 764 791 resurrectione
781 764 849 790 enim
861 784 868 796 ,
887 764 986 799 inquit,

204 815 284 842 neque
299 815 393 834 uxores
408 809 517 841 ducunt,
535 816 615 842 neque
631 808 778 842 elocantnr,
796 812 841 836 sed
855 814 883 836 ut
898 810 986 844 angeli

200 851 249 879 Dei
264 853 292 879 in
313 853 376 879 calo
388 858 448 880 sunt
459 853 492 880 θ’.
513 854 569 881 ltuo
583 854 789 889 imprudentiam
804 855 873 882 hanc
898 856 988 883 adhuc

199 895 297 923 fortius
314 895 505 931 efﬁcaciusque
521 898 714 933 eastigaturus,
731 903 759 925 et
778 899 876 933 partim
892 899 986 934 gratia).

198 949 233 968 ac
247 942 314 975 legis
330 942 492 969 concordem
508 942 677 970 harmoniam
699 943 874 977 expositurus
892 943 987 970 iisdem

199 994 277 1020 vero,
299 995 330 1014 ac
344 988 437 1014 eadem
451 996 532 1022 opera
545 989 701 1016 recentibus
719 989 884 1015 adversariis
897 988 988 1023 plagas

201 1040 234 1058 ex
247 1032 306 1067 lege
326 1032 441 1060 Mosaica
458 1033 627 1060 inilicturus:
644 1035 736 1060 Nonne
755 1034 870 1068 legistis,
889 1034 987 1068 inquit,

198 1077 270 1111 quod
282 1086 297 1103 α
310 1077 362 1104 Deo
376 1078 475 1105 dictum
491 1083 547 1105 est:
563 1078 618 1114 Ego
639 1087 698 1105 sum
711 1079 781 1106 Deus
798 1079 950 1111 Abrahami,
964 1084 988 1106 et

202 1122 271 1149 Deus
284 1122 383 1156 Isaaci,
398 1128 421 1150 et
434 1123 502 1150 Deus
520 1123 612 1150 Jacobi
628 1125 661 1150 '°.
677 1124 737 1157 Quo
757 1124 816 1160 ipso
830 1124 932 1152 diserte
942 1132 990 1151 os-

201 1168 300 1198 tendit.
318 1169 390 1204 quod
402 1169 539 1196 Abraham
553 1175 581 1197 et
591 1169 666 1197 Isaae
677 1175 704 1197 et
716 1170 799 1197 Jaeob
809 1175 917 1198 aeternae
926 1170 989 1197 vita:

201 1213 324 1241 ineredes
340 1214 405 1247 sint,
428 1219 455 1242 et
470 1215 541 1249 quod
569 1216 640 1243 Deus
655 1220 782 1248 aeternus,
803 1224 835 1243 ac
851 1223 989 1243 resurrec-

201 1260 284 1287 tionis
302 1265 406 1291 auctor,
420 1265 456 1293 et,
473 1261 518 1296 qui
535 1261 600 1288 hinc
621 1262 731 1296 pendet,
751 1261 855 1288 fructus
878 1262 989 1297 largitor

202 1304 309 1331 illorum
336 1305 371 1332 sit
389 1305 470 1332 Deus.
501 1306 634 1341 Adjungit
663 1314 728 1333 vero
755 1307 782 1333 in
811 1307 989 1341 sequentibus

202 1349 280 1377 hinc:
301 1349 362 1376 Non
374 1351 463 1384 itaque
474 1351 542 1377 Deus
561 1356 723 1378 mortuorum
742 1352 810 1378 Deus
826 1357 874 1385 est,
888 1355 933 1378 sed
950 1353 990 1378 vi-

202 1396 318 1422 ventium
329 1396 362 1424 ⁹¹.
379 1397 467 1431 Atque
482 1397 540 1424 haec.
550 1398 665 1430 monuit,
678 1402 708 1424 ut
721 1406 828 1425 onmem
844 1398 990 1433 impiorum

204 1441 346 1468 hominum
364 1447 524 1476 praetextum
538 1443 672 1470 eluderet.
689 1443 782 1477 Neque
801 1444 882 1470 etiam
900 1443 991 1471 omisit

204 1495 419 1515 commemorare
432 1508 439 1520 ,
465 1489 510 1516 ubi
527 1489 577 1516 ista
593 1489 694 1524 scripta
707 1493 814 1516 exstent
831 1509 839 1521 ,
869 1490 917 1517 sed
942 1499 991 1525 per

205 1537 328 1560 sanctum
338 1532 456 1560 Marcum
468 1534 610 1566 exclamat,
624 1534 651 1560 in
663 1534 732 1561 libro
745 1534 825 1561 Mosis
839 1533 922 1561 Deum
934 1535 991 1562 haec

210 1579 243 1606 ad
260 1578 348 1613 ipsum
363 1579 465 1606 dixisse
476 1580 509 1607 9‘.
526 1579 603 1612 Quod
619 1580 639 1606 si
656 1580 736 1615 igitur
752 1579 821 1607 Deus
832 1580 903 1607 Deus
916 1588 990 1607 mor-

207 1630 316 1652 tuorum
336 1630 451 1656 nonest.
467 1626 514 1653 sed
534 1626 624 1661 potius
636 1627 708 1661 apud
726 1634 788 1654 eum
809 1627 875 1654 vivit
909 1627 994 1654 Abra-

207 1671 282 1703 ham,
301 1671 366 1698 vivit
381 1673 464 1704 lsaac,
482 1673 546 1700 vivit
567 1673 660 1704 Jacob,
677 1681 836 1708 omnesque,
852 1672 898 1708 qui
915 1681 989 1700 eam-

207 1716 269 1744 dem
286 1717 391 1744 vivendi
405 1718 536 1745 rationem
554 1720 648 1746 sectati
661 1724 734 1751 sunt,
749 1720 905 1755 similesque
931 1724 994 1747 sunt

211 1763 315 1798 angelis
332 1762 379 1790 Dei
396 1763 422 1790 in
437 1765 517 1795 coelo,
530 1764 666 1798 quomodo
678 1772 692 1791 a
703 1765 774 1791 tualo
785 1765 928 1800 principio,
943 1773 993 1792 ceu

209 1808 284 1843 impii
306 1809 348 1836 isti
363 1814 510 1844 nugantur.
529 1809 581 1836 orti
592 1810 775 1842 dicenturilli,
790 1810 835 1844 qui
847 1810 880 1837 ad
893 1809 994 1838 veteris

209 1853 362 1880 testamenti
378 1855 536 1889 praescripta
551 1862 580 1881 se
596 1855 832 1889 composuerunt?

244 1984 288 2012 lli.
302 1985 397 2013 Adhuc
414 1994 479 2014 vero
497 1987 582 2022 magis
598 1987 683 2014 refelli
699 1991 789 2022 potest
808 1992 994 2022 apostatarum

210 2031 355 2063 sententia,
374 2031 595 2066 quandoquidem
612 2033 741 2060 Servator
761 2040 818 2065 eos,
835 2033 881 2068 qui
895 2033 994 2060 coelum

210 2076 313 2111 ingredi
329 2077 452 2111 cupiant,
471 2078 504 2104 ad
523 2078 642 2105 studium
662 2085 712 2113 per
727 2082 870 2113 angustam
889 2083 994 2113 portam

210 2120 365 2149 introeundi
377 2123 547 2155 exhortatus,
569 2123 687 2150 vicissim
719 2123 886 2158 negligentes
914 2124 995 2159 hujus

210 2167 342 2199 Inlaudati,
359 2172 486 2202 tanquam
499 2169 638 2203 operarios
662 2169 774 2196 incuriae
792 2169 856 2196 illuc
877 2169 994 2204 ablegat,

1037 257 1182 292 περίεργον
1206 256 1276 282 ἑπτὰ
1300 255 1349 290 μὲν
1378 254 1508 280 ἔπλαττεν
1536 253 1677 287 ἀδελφοὺς,
1704 254 1767 288 μίαν
1795 253 1824 280 δὲ

1038 304 1084 330 καὶ
1094 303 1143 338 τὴν
1159 302 1244 338 αὐτὴν
1259 300 1334 336 παρὰ
1355 301 1438 335 μέρος
1450 299 1570 335 ἣρμοζον
1588 299 1679 331 αὐτοῖς
1694 300 1824 333 γυναῐκα,

1037 349 1084 376 καὶ
1098 349 1146 384 τὴν
1159 348 1213 375 τῶν
1229 347 1363 382 σωμάτων
1388 346 1538 373 ἀνάστασιν
1557 345 1679 381 ἀναιρεῖν
1695 345 1733 380 τῷ
1756 345 1825 372 πλά-

1038 403 1122 430 σματι
1137 393 1350 430 διεμηχανῶντο,
1367 393 1382 418 ὁ
1394 392 1490 427 Σωτὴρ
1502 391 1762 426 διαπυνθανομένοις
1775 392 1825 418 αὺ-

1038 443 1095 472 τοῖς
1113 441 1144 466 τὺ
1166 440 1210 467 διὰ
1231 439 1278 465 τοῦ
1300 438 1468 473 πλάσματος,
1497 437 1534 469 ὡς
1554 437 1688 472 ἐνόμιζον,
1713 438 1825 472 ἄπορον,

1039 487 1084 513 καὶ
1099 486 1172 518 τίνος
1186 485 1262 512 ἔσται
1282 483 1335 511 τῶν
1349 484 1417 510 ἑπτὰ
1433 483 1513 517 γυνὴ,
1531 482 1704 515 ἀπαιτοῦσιν,
1719 482 1826 517 πρῶτον

1040 531 1090 567 μὲν
1103 531 1268 566 ἐπετίμησεν
1281 530 1373 561 αὐτοῖς
1391 529 1441 562 τῆς
1461 528 1562 563 πλάνης
1579 529 1617 560 ὡς
1637 528 1686 559 τὰς
1716 528 1826 563 Γραᾮάς

1038 579 1088 605 οὐκ
1102 578 1194 605 εἰδόσι,
1215 576 1311 604 Καίτοι
1325 576 1367 608 τίς
1393 576 1549 609 ἐπιτίμησις
1566 576 1622 606 τοῖς
1650 573 1776 608 ἀγνοοῦσι
1793 573 1827 599 τὰ

1037 625 1084 651 τοῦ
1113 623 1257 658 nempe-3;
1275 623 1307 649 Ὃ
1331 621 1360 648 δὲ
1386 621 1563 656 προστίθησιν
1588 621 1620 646 ὲκ
1640 620 1689 655 τῆς
1714 619 1825 653 ἀγνοίας

1038 670 1092 697 τῶν
1113 668 1227 704 Γραφῶν
1246 689 1254 700 ,
1270 667 1364 703 ἕτερον
1394 667 1485 698 αὐτοῖς
1520 665 1672 700 ὀνειδισμὸν
1703 663 1826 698 χαλεπώ-

1038 725 1117 751 τερον
1135 736 1144 747 ,
1177 715 1244 750 μηδὲ
1269 713 1317 749 τὴν
1352 713 1466 748 δύναμιν
1500 712 1600 742 αὐτοὺς
1638 711 1738 737 εἰδέναι.
1777 709 1822 737 τοῦ

1039 762 1118 789 Θεοῦ.
1147 759 1213 788 Εἶτα
1240 760 1401 795 τρανότερον
1430 760 1460 786 τὸ
1493 760 1543 793 τῆς
1567 758 1740 788 ἀναστάσεως
1768 758 1829 784 ἁνα-

1040 808 1168 834 πτύσσων
1180 807 1327 842 μυστήριον
1337 814 1343 821 ·
1362 806 1412 832 Ἐν
1425 804 1478 839 γὰρ
1488 804 1524 838 τῇ
1538 803 1716 836 ἀναστάσει,
1734 803 1827 837 φησὶν,

1041 854 1109 880 οὔτε
1123 852 1282 887 γαμοῦσιν,
1296 851 1366 878 οὔτε
1386 849 1601 884 ἑκγαμίζονται,
1617 849 1687 876 ἀλλ’
1712 849 1752 881 ὡς
1776 848 1828 882 dr-

1039 900 1120 934 γελοι
1147 897 1199 925 τοῦ
1215 897 1289 924 Θεοῦ
1301 897 1334 923 ἐν
1350 895 1467 930 adpare?)
1482 897 1570 922 εἰσιν.
1596 895 1657 922 Ἔτι
1669 894 1696 920 δὲ
1713 894 1826 928 σφοδρᾶ-

1039 943 1117 978 τερόν
1131 951 1160 970 τε
1175 943 1222 969 καὶ
1242 942 1418 977 ἰσχυρότερον
1441 941 1587 976 διελέγχων
1601 939 1650 975 τὴν
1664 939 1766 971 ἄνοιαν,
1780 939 1827 965 καὶ

1039 988 1097 1023 ἅμα
1111 987 1160 1021 μὲν
1176 989 1228 1022 τῆς
1254 987 1365 1022 χάριτος
1389 987 1436 1014 καὶ
1458 986 1504 1013 τοῦ
1537 986 1619 1020 νόμου
1639 985 1688 1021 τὴν
1713 987 1827 1020 σύμφω-

1040 1041 1083 1059 νον
1098 1033 1152 1067 (21)
1175 1031 1353 1066 ἀλληλουχίαν
1371 1030 1552 1066 τρανολογῶν,
1565 1030 1623 1065 ἅμα
1646 1030 1674 1056 δὲ
1699 1030 1745 1056 καὶ
1760 1029 1828 1064 πλη-

1039 1078 1091 1113 γὴν
1111 1078 1165 1113 (οὶ-2)
1181 1078 1273 1109 αὐτοῖς
1292 1077 1336 1104 διὰ
1351 1077 1400 1112 τῆς
1420 1076 1572 1111 Μωσαῑκῆς
1590 1075 1751 1111 νομοθεσίας
1777 1084 1827 1101 κα-

1041 1124 1119 1156 θιεὶς,
1139 1124 1186 1150 καὶ
1214 1123 1247 1150 δι’
1276 1123 1388 1150 ἐκείνων
1413 1124 1470 1154 τοῖς
1491 1122 1539 1149 νῦν
1562 1122 1729 1154 ἀποστάταις
1742 1142 1748 1153 .
1766 1122 1827 1148 θὺκ

1041 1171 1198 1205 ἀνέγνωτε,
1220 1170 1297 1204 φησὶ,
1322 1169 1355 1196 τὸ
1371 1169 1465 1203 ῥηθὲν
1481 1168 1541 1196 ὑπὸ
1566 1169 1619 1196 τοῦ
1642 1168 1732 1195 Θεοῦ·
1754 1167 1828 1202 Ἐγώ

1040 1218 1098 1250 εἰμι
1109 1218 1125 1243 ὀ
1135 1215 1206 1249 Θεὸς
1222 1215 1361 1249 ’Λϐραὰμ,
1371 1214 1419 1241 καὶ
1432 1216 1448 1241 ὁ
1457 1215 1530 1247 Θεὸς
1544 1214 1653 1243 Ἰσαὰκ,
1663 1213 1712 1240 καὶ
1725 1214 1740 1241 ό
1756 1213 1828 1243 θεὸς

1047 1262 1166 1294 Ἰακώ6;
1198 1262 1305 1293 δεικνύς
1330 1271 1359 1288 τε
1405 1261 1529 1296 ἐναργῶς
1572 1260 1616 1287 διὰ
1649 1258 1753 1286 τούτων
1787 1259 1828 1285 ὅτι

1047 1307 1173 1342 ’Λϐραὰμ
1191 1307 1238 1334 καὶ
1255 1307 1348 1333 Ἰσαὰκ
1364 1307 1411 1333 καὶ
1439 1305 1534 1333 Ἰαχὼῦ
1550 1307 1599 1340 τῆς
1621 1304 1730 1332 αἰωνίου
1756 1304 1828 1338 ζωῆς

1041 1355 1215 1389 κληρονόμοι,
1233 1354 1279 1380 καὶ
1296 1354 1337 1379 ὅτι
1351 1353 1417 1384 Θεὸς
1432 1352 1551 1384 αἰώνιος,
1565 1351 1612 1377 καὶ
1633 1351 1683 1385 τῆς
1708 1349 1828 1377 ἀναστά-

1043 1409 1110 1431 σεως
1137 1399 1294 1434 εῐσηγητὴς,
1316 1398 1363 1425 καὶ
1384 1397 1433 1429 τῖες
1463 1397 1567 1424 ἐκεῖθεν
1587 1396 1762 1428 ἀπολαύσεως
1789 1395 1826 1421 50-

1042 1446 1094 1481 τὴρ
1109 1445 1122 1471 ὁ
1140 1445 1242 1472 τούτων
1255 1445 1332 1476 Θεὸς.
1344 1444 1479 1470 Συνάπτει
1489 1443 1516 1470 δὲ
1528 1443 1574 1469 καὶ
1587 1443 1657 1470 κατὰ
1673 1442 1828 1477 συνέχειαν⁶

1045 1493 1105 1518 Οὐκ
1113 1492 1199 1518 ἔστιν
1210 1489 1267 1518 οὖν
1277 1492 1292 1518 ό
1309 1490 1381 1523 Θεὸς
1393 1490 1465 1522 Θεὸς
1478 1488 1603 1523 νεκρῶν,
1612 1487 1692 1516 ἀλλὰ
1705 1487 1829 1519 ζώντων.

1044 1537 1099 1564 Καὶ
1109 1536 1194 1563 ταῦτα
1211 1535 1298 1567 εἶπεν,
1313 1537 1356 1562 ἵνα
1371 1536 1460 1562 πᾶσαν
1473 1535 1526 1561 τῶν
1540 1533 1678 1561 δυσσεὸὦν
1694 1533 1829 1569 περικόψῃ

1045 1582 1194 1617 πρόφασιν.
1225 1582 1309 1613 Οὐδὲ,
1335 1581 1400 1608 ἔνθα
1425 1581 1591 1616 γέγραπται,
1619 1579 1828 1615 παραλέλοιπεν,

1045 1627 1114 1654 ἀλλὰ
1130 1627 1174 1654 διὰ
1186 1626 1233 1653 τοῦ
1247 1626 1321 1661 ἱεροῦ
1339 1626 1488 1660 ἁνακρὰζει
1501 1626 1627 1660 Μάρκου,
1643 1625 1681 1656 ὡς
1697 1625 1726 1650 ἐν
1742 1626 1774 1659 τῇ
1792 1624 1831 1659 βί-

1045 1673 1101 1708 ϐλῳ
1125 1673 1249 1704 Μωσέως
1265 1673 1279 1699 ὁ
1297 1672 1363 1704 Θεὸς
1388 1671 1473 1698 ταῦτα
1495 1671 1589 1706 εἴρηκε
1601 1670 1669 1706 πρὸς
1693 1671 1784 1696 αὐτόν.
1799 1670 1830 1696 Εἰ

1045 1716 1091 1745 οὖν
1106 1719 1120 1745 ὁ
1138 1718 1204 1750 Θεὸς
1220 1718 1286 1749 Θεὸς
1300 1717 1347 1752 μὲν
1364 1717 1468 1752 νεκρῶν
1487 1718 1538 1744 οὐκ
1552 1717 1636 1747 ἐστιν,
1650 1716 1716 1742 ἀλλὰ
1729 1716 1761 1751 ζῇ
1781 1715 1830 1750 μὲν

1046 1763 1110 1798 παρ’
1126 1762 1201 1797 αὑτῷ
1218 1762 1352 1797 Ἀδραὰμ,
1374 1762 1407 1797 ζῇ
1432 1761 1460 1787 δὲ
1478 1761 1582 1793 Ἰσαὰκ,
1605 1760 1638 1796 ζῇ
1667 1760 1695 1786 δὲ
1723 1759 1830 1791 Ἰακὼϐ,

1045 1809 1094 1836 καὶ
1117 1809 1217 1840 πάντες
1229 1809 1286 1835 ὅσοι
1302 1808 1351 1843 τὴν
1365 1808 1454 1835 αὐτῶν
1469 1807 1608 1842 ἐζήλωσαν
1625 1806 1770 1838 πολιτεέαν,
1784 1806 1832 1833 καὶ

1046 1855 1115 1881 εἰσιν
1124 1855 1162 1886 ὡς
1175 1855 1285 1889 ἄγγελοι
1305 1854 1352 1880 τοῦ
1367 1853 1434 1880 Θεοῦ
1450 1855 1478 1879 ὲν
1495 1853 1613 1888 οὐρανῷ,
1634 1852 1692 1884 πῶς
1710 1852 1832 1886 πονηρᾶς

1045 1901 1142 1937 ἀρχῆς,
1154 1901 1192 1932 ὠς
1215 1902 1231 1936 ή
1252 1900 1370 1936 πονηρία
1397 1900 1489 1935 φησὶν,
1501 1900 1526 1926 οἱ
1551 1900 1621 1926 κατὰ
1640 1899 1689 1935 τὴν
1713 1898 1831 1925 παλαιὰν

1046 1947 1210 1982 βεϐιωγότες
1224 1946 1375 1977 πολιτείανς

1081 1993 1118 2019 Γ’.
1135 1993 1196 2018 Ἔτι
1212 1992 1240 2018 δὲ
1255 1991 1354 2026 μᾶλλον
1370 1990 1534 2025 διελέγχοιτο
1549 1990 1580 2016 ἂν
1595 1990 1644 2024 τῆς
1664 1988 1832 2020 ἀποστασίας

1045 2038 1076 2064 τὸ
1096 2038 1234 2072 φρόνημα,
1248 2037 1358 2064 ἐπειδὰν
1374 2037 1437 2067 τοὺς
1458 2035 1636 2070 βουλομένους
1661 2036 1754 2069 τυχεῖν
1777 2035 1828 2067 τῆς

1046 2082 1149 2108 εἰσόδου
1164 2082 1218 2108 τῶν
1232 2081 1355 2116 οὐρανῶν
1377 2080 1628 2115 παρακελευόμενος
1645 2081 1659 2106 ὁ
1669 2079 1764 2114 Σωτὴρ
1789 2078 1833 2105 διὰ

1046 2129 1096 2162 τῆς
1112 2128 1208 2162 στενῆς
1224 2127 1313 2162 πύλης
1326 2126 1507 2161 ἀγωνίζεσθαι
1536 2125 1678 2156 εἰσελῦεἴν,
1696 2126 1758 2156 τοὺς
1783 2125 1832 2160 μὲν

1046 2173 1272 2208 ἐρῤᾳθυμηκύτας
1280 2181 1313 2198 πε
1319 2173 1345 2207 pi.
1353 2172 1401 2207 τὴν
1412 2171 1531 2207 ἐντολὴν,
1543 2172 1579 2202 ὡς
1595 2172 1643 2206 τῆς
1651 2171 1764 2206 ἁκηδίας
1774 2171 1830 2205 (Ξὸ)

211 2212 257 2238 ubi
269 2212 303 2239 sit
317 2212 397 2241 ﬂetus
408 2218 435 2241 et
448 2215 548 2241 stridor
563 2214 697 2242 dentium.
716 2215 839 2250 Cumque
859 2215 990 2250 uudiqua-

1049 2219 1177 2254 ἐργάτας,
1191 2218 1256 2244 ἔνθα
1271 2219 1286 2244 ὁ
1299 2217 1436 2251 κλαυθμὸς
1459 2217 1507 2244 καὶ
1525 2217 1539 2242 ὁ
1561 2217 1683 2252 βρυγμὸς
1698 2216 1751 2243 τῶν
1765 2216 1834 2242 ὀδόν-

210 2265 263 2292 que
278 2258 426 2294 colligeret,
440 2261 487 2295 qui
508 2268 538 2287 se
562 2261 703 2288 studiosos
720 2262 847 2296 praecepti
867 2261 894 2288 in
911 2269 996 2296 regno

211 2311 261 2330 suo
275 2305 468 2339 praestiterint,
501 2306 588 2340 iisque
610 2307 698 2334 locum
718 2307 745 2334 in
769 2315 801 2334 co
825 2307 995 2343 assignaret,

213 2348 343 2382 (adverte,
354 2358 370 2376 ο
380 2349 473 2382 homo,
489 2356 607 2378 mentem
618 2350 648 2386 l),
667 2351 834 2384 Abrahamo,
845 2357 874 2379 et
895 2351 995 2385 lsaaeo,

213 2398 240 2421 ct
254 2393 353 2423 Jacobo
368 2397 484 2431 primum
496 2397 625 2424 vindicat.
640 2397 684 2424 Ait
699 2397 771 2424 enim
784 2406 790 2424 :
805 2397 833 2424 Si
844 2398 939 2425 audire
951 2405 997 2425 no-

1049 2273 1102 2291 των
1124 2263 1295 2298 ἀποπέμπει.
1313 2263 1423 2296 Εἰσάγει
1451 2263 1490 2294 δὲ,
1515 2263 1683 2296 πανταχόθεν
1710 2262 1834 2295 συνάγων

1048 2310 1112 2341 τοὺς
1126 2309 1330 2341 σπουδάσαντας
1345 2310 1409 2344 περὶ
1424 2309 1472 2344 τὴν
1480 2309 1600 2343 ἐντολὴν,
1614 2309 1643 2335 ἐν
1658 2310 1689 2343 τῇ
1710 2308 1834 2344 βασιλείᾳ

1050 2354 1144 2386 αὑτοῦ,
1163 2355 1210 2381 καὶ
1221 2354 1332 2385 τούτους
1345 2354 1498 2380 ἀνακλίνων
1514 2354 1542 2379 ὲν
1570 2354 1638 2388 αὐτῇ
1663 2353 1832 2388 (ἐπίστησον,

1050 2399 1187 2435 ἄνθρωπε,
1203 2399 1248 2426 τὸν
1262 2398 1352 2433 νοῦνῐ)
1366 2400 1411 2424 τὸν
1440 2398 1566 2434 Ἀσραὰμ
1586 2398 1632 2424 καὶ¹
1661 2398 1762 2430 Ἰσαὰκ,
1788 2397 1834 2424 καὶ

249 2461 271 2476 ⁸⁸
286 2461 380 2488 Matth.
391 2469 456 2492 ml,
470 2462 516 2488 29.
554 2463 576 2478 "
591 2462 658 2489 ibid.
671 2462 715 2489 50.
754 2461 777 2477 ’°
799 2462 864 2489 ibid.
880 2462 910 2489 Si
924 2481 932 2495 ,
947 2463 992 2490 52.
1030 2463 1051 2479 ⁹¹
1066 2463 1133 2490 ibid.
1170 2463 1193 2479 "
1205 2462 1286 2490 Marc.
1300 2470 1349 2493 ιιι,
1362 2463 1406 2489 ‘36.

745 2529 862 2556 νΑιιιίΕ
885 2529 1076 2557 LEC'IIONES
1097 2530 1140 2557 ΕΤ
1156 2530 1273 2557 NOTAE.

250 2583 304 2622 (ﬁl)
327 2584 385 2622 Thr
407 2586 629 2619 σύμφωνοι-,ἰὼ
656 2587 715 2622 lego
745 2595 793 2622 pro
822 2589 991 2622 συμφωνίαν,

214 2618 286 2652 quod
303 2619 404 2656 eratin
433 2618 483 2647 nisi.
503 2622 590 2656 Atque.
615 2622 641 2648 id
665 2618 774 2656 quidem
805 2618 894 2650 locum
925 2618 992 2650 tueri

215 2658 328 2693 poterat,
346 2654 368 2680 si
389 2654 554 2693 particulan
574 2657 621 2682 xui.
640 2654 711 2684 inter
736 2662 879 2693 utramque
901 2666 994 2686 vocem

215 2689 345 2726 excidisse
360 2694 474 2726 statuas.
490 2691 544 2717 Sed
565 2692 652 2725 placet
677 2692 763 2726 prius.

251 2723 306 2758 (22)
319 2724 452 2757 Ιιλιιγήν.
467 2723 595 2762 Ιςαθιένὶιι
612 2723 729 2761 πληῇήν,
746 2735 822 2762 aeque
838 2733 910 2755 recte
928 2728 996 2755 dici-

216 2762 268 2797 tur.
284 2767 364 2797 quam
383 2760 547 2797 καταφέρειν
562 2760 678 2797 πληγήν,
695 2760 747 2796 qua
763 2760 854 2797 phrasi
872 2771 937 2790 usus
954 2768 996 2790 est

216 2792 387 2826 Plutarchus,
406 2792 504 2825 lib.'u‘.
531 2795 568 2821 De
596 2792 711 2829 {ort'nna'
729 2792 882 2829 Al'catandri,
902 2798 996 2824 obser-

219 2829 424 2868 vattteilenrico
441 2830 579 2868 Stephano
596 2829 621 2857 iu
637 2831 767 2868 Thesauro
781 2833 887 2868 (iugum.
898 2841 995 2867 quum:-

221 2863 364 2892 admoduut
388 2865 470 2893 etiam
489 2863 623 2893 ”καοιέναι
663 2866 739 2901 λόχον
767 2863 829 2903 pro"
844 2863 995 2894 subniillcrc

1044 2589 1156 2616 insidias
1166 2590 1294 2616 dixerunt
1304 2589 1360 2616 alii.

1079 2624 1133 2658 (25)
1153 2624 1301 2658 Ἃκηδίας.
1318 2623 1407 2651 \‘ideri
1432 2627 1539 2658 poterat
1554 2623 1696 2658 legendum
1717 2623 1833 2655 ἀδικίας.

1044 2657 1107 2685 Haec
1121 2659 1194 2686 enim
1217 2657 1326 2686 Christi
1360 2657 1466 2693 phraSis
1489 2663 1532 2686 est
1558 2657 1637 2685 Lina:
1662 2667 1720 2690 stu,
1736 2659 1780 2685 Ξῖ.
1797 2659 1835 2686 Ac

1044 2699 1175 2728 pra-terea
1191 2702 1223 2720 ex
1239 2700 1362 2720 veterum
1389 2695 1494 2721 ratione
1527 2694 1721 2728 pronuntiandi
1734 2702 1751 2727 η
1764 2701 1813 2726 per
1826 2703 1834 2719 ι

1045 2729 1102 2756 ﬁeri
1117 2729 1194 2756 facile
1206 2733 1321 2763 poterat,
1338 2734 1366 2755 ut
1387 2729 1493 2760 ἀδικίας
1511 2736 1560 2762 pro
1578 2729 1690 2763 metu;
1718 2737 1732 2755 a
1755 2729 1835 2755 libra-

1050 2764 1090 2790 rio
1107 2765 1280 2791 scriberetur.
1298 2763 1350 2790 Sed
1370 2764 1496 2790 tuendam
1518 2768 1606 2790 tamen
1623 2763 1724 2790 codicis
1740 2763 1830 2790 lertio-

1050 2806 1121 2835 nent
1137 2799 1273 2835 existimo,
1285 2800 1348 2832 quia
1369 2799 1404 2826 de
1426 2798 1625 2835 negligentibus
1643 2802 1669 2826 et
1691 2799 1836 2826 incuriosis

1050 2833 1206 2862 hominibus
1224 2834 1267 2862 hic
1281 2841 1372 2862 sermo
1386 2839 1438 2862 est.
