  <div class='ocr_page' id='page_1' title='image "/cluster/home/n/w/nwhite01/storage/ocr_20150623/102/njp.32101010943874/076.png"; bbox 0 0 1931 3082; ppageno 0'>
   <div class='ocr_carea' id='block_1_1' title="bbox 124 129 174 162">
    <p class='ocr_par' dir='ltr' id='par_1_1' title="bbox 124 129 174 162">
     <span class='ocr_line' id='line_1_1' title="bbox 124 129 174 162; baseline 0 0"><span class='ocrx_word' id='word_1_1' title='bbox 124 129 174 162; x_wconf 74' lang='lat'><strong>129</strong></span> 
     </span>
    </p>
   </div>
   <div class='ocr_carea' id='block_1_2' title="bbox 637 124 1239 157">
    <p class='ocr_par' dir='ltr' id='par_1_2' title="bbox 637 124 1239 157">
     <span class='ocr_line' id='line_1_2' title="bbox 637 124 1239 157; baseline -0.003 0"><span class='ocrx_word' id='word_1_2' title='bbox 637 126 785 157; x_wconf 76' lang='lat' dir='ltr'><strong>CONTRA</strong></span> <span class='ocrx_word' id='word_1_3' title='bbox 805 124 1035 155; x_wconf 75' lang='lat' dir='ltr'><strong>MANlClI/EOS</strong></span> <span class='ocrx_word' id='word_1_4' title='bbox 1052 124 1166 154; x_wconf 83' lang='lat' dir='ltr'><strong>LIBER</strong></span> <span class='ocrx_word' id='word_1_5' title='bbox 1181 124 1239 156; x_wconf 85' lang='lat' dir='ltr'><strong>III.</strong></span> 
     </span>
    </p>
   </div>
   <div class='ocr_carea' id='block_1_3' title="bbox 1698 124 1750 156">
    <p class='ocr_par' dir='ltr' id='par_1_3' title="bbox 1698 124 1750 156">
     <span class='ocr_line' id='line_1_3' title="bbox 1698 124 1750 156; baseline 0 0"><span class='ocrx_word' id='word_1_6' title='bbox 1698 124 1750 156; x_wconf 83' lang='lat'><strong>130</strong></span> 
     </span>
    </p>
   </div>
   <div class='ocr_carea' id='block_1_4' title="bbox 127 177 910 218">
    <p class='ocr_par' dir='ltr' id='par_1_4' title="bbox 127 179 908 218">
     <span class='ocr_line' id='line_1_4' title="bbox 127 179 908 218; baseline -0.01 -5"><span class='ocrx_word' id='word_1_7' title='bbox 127 185 226 214; x_wconf 82' lang='grc' dir='ltr'>Ἰακὼό</span> <span class='ocrx_word' id='word_1_8' title='bbox 237 184 284 212; x_wconf 71' lang='grc' dir='ltr'>καὶ</span> <span class='ocrx_word' id='word_1_9' title='bbox 300 184 363 215; x_wconf 77' lang='grc' dir='ltr'>τοὺς</span> <span class='ocrx_word' id='word_1_10' title='bbox 370 182 514 218; x_wconf 79' lang='grc' dir='ltr'>προφήτας</span> <span class='ocrx_word' id='word_1_11' title='bbox 529 181 732 217; x_wconf 85' lang='grc' dir='ltr'>προανακλίνει.</span> <span class='ocrx_word' id='word_1_12' title='bbox 742 180 823 214; x_wconf 79' lang='grc' dir='ltr'>Λέγει</span> <span class='ocrx_word' id='word_1_13' title='bbox 837 179 891 215; x_wconf 84' lang='grc' dir='ltr'>γάρ</span> <span class='ocrx_word' id='word_1_14' title='bbox 901 187 908 194; x_wconf 92' lang='grc'><strong>·</strong></span> 
     </span>
    </p>
   </div>
   <div class='ocr_carea' id='block_1_5' title="bbox 962 177 1751 218">
    <p class='ocr_par' dir='ltr' id='par_1_5' title="bbox 962 177 1751 214">
     <span class='ocr_line' id='line_1_5' title="bbox 962 177 1751 214; baseline 0.003 -8"><span class='ocrx_word' id='word_1_15' title='bbox 962 178 1027 213; x_wconf 83' lang='lat' dir='ltr'><strong>litis,</strong></span> <span class='ocrx_word' id='word_1_16' title='bbox 1043 179 1118 214; x_wconf 92' lang='lat' dir='ltr'><strong>(quid</strong></span> <span class='ocrx_word' id='word_1_17' title='bbox 1134 179 1180 207; x_wconf 87' lang='lat' dir='ltr'><strong>ﬁet</strong></span> <span class='ocrx_word' id='word_1_18' title='bbox 1188 179 1210 214; x_wconf 63' lang='grc' dir='ltr'><strong>ἲ)</strong></span> <span class='ocrx_word' id='word_1_19' title='bbox 1226 177 1271 205; x_wconf 92' lang='lat' dir='ltr'><strong>ubi</strong></span> <span class='ocrx_word' id='word_1_20' title='bbox 1284 177 1424 210; x_wconf 89' lang='lat' dir='ltr'><strong>videritis,</strong></span> <span class='ocrx_word' id='word_1_21' title='bbox 1449 183 1477 206; x_wconf 87' lang='lat' dir='ltr'><strong>et</strong></span> <span class='ocrx_word' id='word_1_22' title='bbox 1491 177 1675 206; x_wconf 83' lang='lat' dir='ltr'><strong>Abrahamum</strong></span> <span class='ocrx_word' id='word_1_23' title='bbox 1688 198 1697 212; x_wconf 89' lang='lat'><strong>,</strong></span> <span class='ocrx_word' id='word_1_24' title='bbox 1722 185 1751 209; x_wconf 80' lang='lat' dir='ltr'><strong>et</strong></span> 
     </span>
    </p>
   </div>
   <div class='ocr_carea' id='block_1_6' title="bbox 121 223 912 265">
    <p class='ocr_par' dir='ltr' id='par_1_6' title="bbox 121 223 912 265">
     <span class='ocr_line' id='line_1_6' title="bbox 121 223 912 265; baseline -0.009 -8"><span class='ocrx_word' id='word_1_25' title='bbox 121 231 180 257; x_wconf 78' lang='grc' dir='ltr'><strong>Κᾶν</strong></span> <span class='ocrx_word' id='word_1_26' title='bbox 197 229 235 265; x_wconf 85' lang='grc' dir='ltr'><strong>μὴ</strong></span> <span class='ocrx_word' id='word_1_27' title='bbox 262 227 393 263; x_wconf 62' lang='grc' dir='ltr'>βούλησθε</span> <span class='ocrx_word' id='word_1_28' title='bbox 413 226 522 252; x_wconf 86' lang='grc' dir='ltr'>ἀκούειν</span> <span class='ocrx_word' id='word_1_29' title='bbox 535 234 543 242; x_wconf 89' lang='grc'>·</span> <span class='ocrx_word' id='word_1_30' title='bbox 559 225 622 252; x_wconf 82' lang='grc' dir='ltr'>ὅταν</span> <span class='ocrx_word' id='word_1_31' title='bbox 653 224 757 260; x_wconf 69' lang='grc' dir='ltr'>ὄψησθε</span> <span class='ocrx_word' id='word_1_32' title='bbox 785 223 912 259; x_wconf 76' lang='grc' dir='ltr'>Ἀϐραὰμ</span> 
     </span>
    </p>
   </div>
   <div class='ocr_carea' id='block_1_7' title="bbox 121 270 912 305">
    <p class='ocr_par' dir='ltr' id='par_1_7' title="bbox 121 270 912 305">
     <span class='ocr_line' id='line_1_7' title="bbox 121 270 912 305; baseline -0.01 -2"><span class='ocrx_word' id='word_1_33' title='bbox 121 277 169 303; x_wconf 81' lang='grc' dir='ltr'><strong>καὶ</strong></span> <span class='ocrx_word' id='word_1_34' title='bbox 187 275 280 302; x_wconf 81' lang='grc' dir='ltr'>Ἰσαὰκ</span> <span class='ocrx_word' id='word_1_35' title='bbox 296 273 343 300; x_wconf 71' lang='grc' dir='ltr'><strong>καὶ</strong></span> <span class='ocrx_word' id='word_1_36' title='bbox 360 272 456 300; x_wconf 76' lang='grc' dir='ltr'>Ἰακὼϐ</span> <span class='ocrx_word' id='word_1_37' title='bbox 480 272 526 298; x_wconf 71' lang='grc' dir='ltr'>καὶ</span> <span class='ocrx_word' id='word_1_38' title='bbox 552 272 655 303; x_wconf 79' lang='grc' dir='ltr'><strong>πάντας</strong></span> <span class='ocrx_word' id='word_1_39' title='bbox 680 271 745 302; x_wconf 83' lang='grc' dir='ltr'>τοὺς</span> <span class='ocrx_word' id='word_1_40' title='bbox 768 270 912 305; x_wconf 75' lang='grc' dir='ltr'><strong>προφήτας</strong></span> 
     </span>
    </p>
   </div>
   <div class='ocr_carea' id='block_1_8' title="bbox 121 315 909 356">
    <p class='ocr_par' dir='ltr' id='par_1_8' title="bbox 121 315 909 356">
     <span class='ocr_line' id='line_1_8' title="bbox 121 315 909 356; baseline -0.009 -8"><span class='ocrx_word' id='word_1_41' title='bbox 121 323 150 348; x_wconf 81' lang='grc' dir='ltr'>ἐν</span> <span class='ocrx_word' id='word_1_42' title='bbox 161 323 193 356; x_wconf 77' lang='grc' dir='ltr'>τῇ</span> <span class='ocrx_word' id='word_1_43' title='bbox 205 320 330 356; x_wconf 75' lang='grc' dir='ltr'><strong>βασιλείᾳ</strong></span> <span class='ocrx_word' id='word_1_44' title='bbox 342 318 389 345; x_wconf 84' lang='grc' dir='ltr'>τοῦ</span> <span class='ocrx_word' id='word_1_45' title='bbox 406 317 485 348; x_wconf 73' lang='grc' dir='ltr'>Θεοῦ,</span> <span class='ocrx_word' id='word_1_46' title='bbox 495 318 565 353; x_wconf 79' lang='grc' dir='ltr'>ὑμᾶς</span> <span class='ocrx_word' id='word_1_47' title='bbox 577 317 605 343; x_wconf 74' lang='grc' dir='ltr'><strong>δὲ</strong></span> <span class='ocrx_word' id='word_1_48' title='bbox 614 315 831 351; x_wconf 72' lang='grc' dir='ltr'>ἐκϐαλλομένους</span> <span class='ocrx_word' id='word_1_49' title='bbox 841 315 909 348; x_wconf 63' lang='lat' dir='ltr'><strong>Ego);</strong></span> 
     </span>
    </p>
   </div>
   <div class='ocr_carea' id='block_1_9' title="bbox 122 361 911 398">
    <p class='ocr_par' dir='ltr' id='par_1_9' title="bbox 122 361 911 398">
     <span class='ocr_line' id='line_1_9' title="bbox 122 361 911 398; baseline -0.008 -5"><span class='ocrx_word' id='word_1_50' title='bbox 122 367 179 394; x_wconf 82' lang='grc' dir='ltr'><strong>Καὶ</strong></span> <span class='ocrx_word' id='word_1_51' title='bbox 194 366 266 396; x_wconf 80' lang='grc' dir='ltr'>τίνες</span> <span class='ocrx_word' id='word_1_52' title='bbox 282 365 306 390; x_wconf 88' lang='grc' dir='ltr'>οἱ</span> <span class='ocrx_word' id='word_1_53' title='bbox 321 363 513 398; x_wconf 73' lang='grc' dir='ltr'>ἐκϐαλλόμενοι</span> <span class='ocrx_word' id='word_1_54' title='bbox 526 361 588 395; x_wconf 76' lang='grc' dir='ltr'>ἔξω,</span> <span class='ocrx_word' id='word_1_55' title='bbox 601 362 617 397; x_wconf 87' lang='grc' dir='ltr'><strong>ἦ</strong></span> <span class='ocrx_word' id='word_1_56' title='bbox 632 362 752 397; x_wconf 83' lang='grc' dir='ltr'>δηλονότι</span> <span class='ocrx_word' id='word_1_57' title='bbox 768 362 824 389; x_wconf 76' lang='grc' dir='ltr'>ὅσοι</span> <span class='ocrx_word' id='word_1_58' title='bbox 840 361 911 388; x_wconf 80' lang='grc' dir='ltr'><strong>κατά</strong></span> 
     </span>
    </p>
   </div>
   <div class='ocr_carea' id='block_1_10' title="bbox 122 407 911 448">
    <p class='ocr_par' dir='ltr' id='par_1_10' title="bbox 122 407 911 448">
     <span class='ocr_line' id='line_1_10' title="bbox 122 407 911 448; baseline -0.008 -9"><span class='ocrx_word' id='word_1_59' title='bbox 122 413 239 448; x_wconf 76' lang='grc' dir='ltr'><strong>μίμησιν</strong></span> <span class='ocrx_word' id='word_1_60' title='bbox 261 411 308 437; x_wconf 74' lang='grc' dir='ltr'>τοῦ</span> <span class='ocrx_word' id='word_1_61' title='bbox 331 411 458 445; x_wconf 75' lang='grc' dir='ltr'>Ἀϐραὰμ</span> <span class='ocrx_word' id='word_1_62' title='bbox 479 410 526 435; x_wconf 74' lang='grc' dir='ltr'>καὶ</span> <span class='ocrx_word' id='word_1_63' title='bbox 555 409 649 435; x_wconf 75' lang='grc' dir='ltr'>Ἰσαὰκ</span> <span class='ocrx_word' id='word_1_64' title='bbox 673 409 721 434; x_wconf 81' lang='grc' dir='ltr'>καὶ</span> <span class='ocrx_word' id='word_1_65' title='bbox 737 407 847 439; x_wconf 76' lang='grc' dir='ltr'>Ἰακὼϐ,</span> <span class='ocrx_word' id='word_1_66' title='bbox 863 408 911 434; x_wconf 78' lang='grc' dir='ltr'>καὶ</span> 
     </span>
    </p>
   </div>
   <div class='ocr_carea' id='block_1_11' title="bbox 119 453 911 494">
    <p class='ocr_par' dir='ltr' id='par_1_11' title="bbox 119 453 911 494">
     <span class='ocr_line' id='line_1_11' title="bbox 119 453 911 494; baseline -0.006 -9"><span class='ocrx_word' id='word_1_67' title='bbox 119 459 174 485; x_wconf 85' lang='grc' dir='ltr'><strong>τῶν</strong></span> <span class='ocrx_word' id='word_1_68' title='bbox 190 457 338 494; x_wconf 69' lang='grc' dir='ltr'>προφητῶν</span> <span class='ocrx_word' id='word_1_69' title='bbox 360 457 411 482; x_wconf 76' lang='grc' dir='ltr'>οὐκ</span> <span class='ocrx_word' id='word_1_70' title='bbox 432 455 659 487; x_wconf 81' lang='grc' dir='ltr'>ὲπολιτεύσαντο;</span> <span class='ocrx_word' id='word_1_71' title='bbox 675 455 707 481; x_wconf 80' lang='grc' dir='ltr'><strong>Εἰ</strong></span> <span class='ocrx_word' id='word_1_72' title='bbox 729 454 757 481; x_wconf 82' lang='grc' dir='ltr'>δὲ</span> <span class='ocrx_word' id='word_1_73' title='bbox 782 454 839 481; x_wconf 73' lang='grc' dir='ltr'>ὅσοι</span> <span class='ocrx_word' id='word_1_74' title='bbox 864 453 911 480; x_wconf 82' lang='grc' dir='ltr'><strong>τὸν</strong></span> 
     </span>
    </p>
   </div>
   <div class='ocr_carea' id='block_1_12' title="bbox 120 500 910 540">
    <p class='ocr_par' dir='ltr' id='par_1_12' title="bbox 120 500 910 540">
     <span class='ocr_line' id='line_1_12' title="bbox 120 500 910 540; baseline -0.005 -10"><span class='ocrx_word' id='word_1_75' title='bbox 120 504 178 540; x_wconf 85' lang='grc' dir='ltr'>βίον</span> <span class='ocrx_word' id='word_1_76' title='bbox 201 503 290 530; x_wconf 82' lang='grc' dir='ltr'>αὐτῶν</span> <span class='ocrx_word' id='word_1_77' title='bbox 307 503 353 529; x_wconf 78' lang='grc' dir='ltr'>καὶ</span> <span class='ocrx_word' id='word_1_78' title='bbox 378 502 426 538; x_wconf 80' lang='grc' dir='ltr'>τὴν</span> <span class='ocrx_word' id='word_1_79' title='bbox 455 502 596 528; x_wconf 78' lang='grc' dir='ltr'>εὺσέὃειαν</span> <span class='ocrx_word' id='word_1_80' title='bbox 610 502 661 528; x_wconf 77' lang='grc' dir='ltr'><strong>οὐκ</strong></span> <span class='ocrx_word' id='word_1_81' title='bbox 683 500 835 535; x_wconf 76' lang='grc' dir='ltr'><strong>ἐζήλωσαν,</strong></span> <span class='ocrx_word' id='word_1_82' title='bbox 858 500 910 535; x_wconf 81' lang='grc' dir='ltr'>τῆς</span> 
     </span>
    </p>
   </div>
   <div class='ocr_carea' id='block_1_13' title="bbox 119 547 911 586">
    <p class='ocr_par' dir='ltr' id='par_1_13' title="bbox 119 547 911 586">
     <span class='ocr_line' id='line_1_13' title="bbox 119 547 911 586; baseline -0.004 -10"><span class='ocrx_word' id='word_1_83' title='bbox 119 550 260 586; x_wconf 77' lang='grc' dir='ltr'>βασιλείας</span> <span class='ocrx_word' id='word_1_84' title='bbox 274 548 452 576; x_wconf 72' lang='grc' dir='ltr'>ἐκϐάλλονται</span> <span class='ocrx_word' id='word_1_85' title='bbox 467 548 515 574; x_wconf 82' lang='grc' dir='ltr'>τοῦ</span> <span class='ocrx_word' id='word_1_86' title='bbox 532 547 611 579; x_wconf 80' lang='grc' dir='ltr'>Θεοῦ,</span> <span class='ocrx_word' id='word_1_87' title='bbox 637 547 684 574; x_wconf 83' lang='grc' dir='ltr'>καὶ</span> <span class='ocrx_word' id='word_1_88' title='bbox 703 548 743 579; x_wconf 84' lang='grc' dir='ltr'><strong>είς</strong></span> <span class='ocrx_word' id='word_1_89' title='bbox 758 547 804 573; x_wconf 78' lang='grc' dir='ltr'><strong>τὸν</strong></span> <span class='ocrx_word' id='word_1_90' title='bbox 827 547 911 574; x_wconf 87' lang='grc' dir='ltr'>κλαυ-</span> 
     </span>
    </p>
   </div>
   <div class='ocr_carea' id='block_1_14' title="bbox 118 593 910 631">
    <p class='ocr_par' dir='ltr' id='par_1_14' title="bbox 118 593 910 631">
     <span class='ocr_line' id='line_1_14' title="bbox 118 593 910 631; baseline -0.005 -8"><span class='ocrx_word' id='word_1_91' title='bbox 118 596 187 631; x_wconf 73' lang='grc' dir='ltr'>θμὸν</span> <span class='ocrx_word' id='word_1_92' title='bbox 202 596 249 622; x_wconf 80' lang='grc' dir='ltr'>καὶ</span> <span class='ocrx_word' id='word_1_93' title='bbox 267 594 393 630; x_wconf 75' lang='grc' dir='ltr'>βρυγμὸν</span> <span class='ocrx_word' id='word_1_94' title='bbox 414 595 468 621; x_wconf 84' lang='grc' dir='ltr'>τῶν</span> <span class='ocrx_word' id='word_1_95' title='bbox 488 594 601 621; x_wconf 76' lang='grc' dir='ltr'><strong>ὀδόντων</strong></span> <span class='ocrx_word' id='word_1_96' title='bbox 625 594 852 630; x_wconf 73' lang='grc' dir='ltr'>ἀποῤῥίπτονται,</span> <span class='ocrx_word' id='word_1_97' title='bbox 867 593 910 624; x_wconf 84' lang='grc' dir='ltr'><strong>τίς</strong></span> 
     </span>
    </p>
   </div>
   <div class='ocr_carea' id='block_1_15' title="bbox 119 638 910 676">
    <p class='ocr_par' dir='ltr' id='par_1_15' title="bbox 119 638 910 676">
     <span class='ocr_line' id='line_1_15' title="bbox 119 638 910 676; baseline -0.001 -9"><span class='ocrx_word' id='word_1_98' title='bbox 119 642 152 667; x_wconf 80' lang='grc' dir='ltr'>ἂν</span> <span class='ocrx_word' id='word_1_99' title='bbox 172 640 295 672; x_wconf 67' lang='grc' dir='ltr'>ἀντάξιος</span> <span class='ocrx_word' id='word_1_100' title='bbox 318 639 446 676; x_wconf 79' lang='grc' dir='ltr'>εὑρεθείη</span> <span class='ocrx_word' id='word_1_101' title='bbox 473 640 594 675; x_wconf 76' lang='grc' dir='ltr'>τιμωρία</span> <span class='ocrx_word' id='word_1_102' title='bbox 623 640 678 670; x_wconf 78' lang='grc' dir='ltr'>τοῖς</span> <span class='ocrx_word' id='word_1_103' title='bbox 702 638 750 665; x_wconf 72' lang='grc' dir='ltr'><strong>ἐπὶ</strong></span> <span class='ocrx_word' id='word_1_104' title='bbox 781 638 910 666; x_wconf 77' lang='grc' dir='ltr'>τοσοῦτον</span> 
     </span>
    </p>
   </div>
   <div class='ocr_carea' id='block_1_16' title="bbox 118 684 910 721">
    <p class='ocr_par' dir='ltr' id='par_1_16' title="bbox 118 684 910 721">
     <span class='ocr_line' id='line_1_16' title="bbox 118 684 910 721; baseline -0.001 -9"><span class='ocrx_word' id='word_1_105' title='bbox 118 685 310 721; x_wconf 70' lang='grc' dir='ltr'>ἐξοιστρήσασι</span> <span class='ocrx_word' id='word_1_106' title='bbox 337 684 454 720; x_wconf 84' lang='grc' dir='ltr'>μανίας;</span> <span class='ocrx_word' id='word_1_107' title='bbox 470 685 502 710; x_wconf 86' lang='grc' dir='ltr'>Ὤ</span> <span class='ocrx_word' id='word_1_108' title='bbox 531 685 673 719; x_wconf 79' lang='grc' dir='ltr'>στομάτων</span> <span class='ocrx_word' id='word_1_109' title='bbox 691 684 841 711; x_wconf 85' lang='grc' dir='ltr'>ἁπυλώτων</span> <span class='ocrx_word' id='word_1_110' title='bbox 863 685 910 711; x_wconf 85' lang='grc' dir='ltr'><strong>καὶ</strong></span> 
     </span>
    </p>
   </div>
   <div class='ocr_carea' id='block_1_17' title="bbox 117 731 910 768">
    <p class='ocr_par' dir='ltr' id='par_1_17' title="bbox 117 731 910 768">
     <span class='ocr_line' id='line_1_17' title="bbox 117 731 910 768; baseline -0.004 -9"><span class='ocrx_word' id='word_1_111' title='bbox 117 733 157 768; x_wconf 79' lang='grc' dir='ltr'><strong>τῷ</strong></span> <span class='ocrx_word' id='word_1_112' title='bbox 177 733 260 768; x_wconf 78' lang='grc' dir='ltr'>πατρὶ</span> <span class='ocrx_word' id='word_1_113' title='bbox 274 732 322 758; x_wconf 84' lang='grc' dir='ltr'><strong>τοῦ</strong></span> <span class='ocrx_word' id='word_1_114' title='bbox 344 731 458 766; x_wconf 68' lang='grc' dir='ltr'>ψεύδους</span> <span class='ocrx_word' id='word_1_115' title='bbox 478 731 594 766; x_wconf 81' lang='grc' dir='ltr'>ἑτοίμως</span> <span class='ocrx_word' id='word_1_116' title='bbox 617 731 856 766; x_wconf 80' lang='grc' dir='ltr'><strong>ὑπηρετουμένων,</strong></span> <span class='ocrx_word' id='word_1_117' title='bbox 871 731 910 763; x_wconf 86' lang='grc' dir='ltr'>ὡς</span> 
     </span>
    </p>
   </div>
   <div class='ocr_carea' id='block_1_18' title="bbox 118 776 909 814">
    <p class='ocr_par' dir='ltr' id='par_1_18' title="bbox 118 776 909 814">
     <span class='ocr_line' id='line_1_18' title="bbox 118 776 909 814; baseline -0.005 -8"><span class='ocrx_word' id='word_1_118' title='bbox 118 781 166 806; x_wconf 88' lang='grc' dir='ltr'><strong>καὶ</strong></span> <span class='ocrx_word' id='word_1_119' title='bbox 189 779 289 814; x_wconf 82' lang='grc' dir='ltr'>λῃστὰς</span> <span class='ocrx_word' id='word_1_120' title='bbox 319 778 368 804; x_wconf 78' lang='grc' dir='ltr'><strong>καὶ</strong></span> <span class='ocrx_word' id='word_1_121' title='bbox 397 777 516 809; x_wconf 79' lang='grc' dir='ltr'>κλέπτας</span> <span class='ocrx_word' id='word_1_122' title='bbox 540 777 588 803; x_wconf 76' lang='grc' dir='ltr'>καὶ</span> <span class='ocrx_word' id='word_1_123' title='bbox 612 777 660 803; x_wconf 77' lang='grc' dir='ltr'>τοῦ</span> <span class='ocrx_word' id='word_1_124' title='bbox 686 776 809 812; x_wconf 84' lang='grc' dir='ltr'>Πονηροῦ</span> <span class='ocrx_word' id='word_1_125' title='bbox 839 776 909 805; x_wconf 85' lang='grc' dir='ltr'>πλά-</span> 
     </span>
    </p>
   </div>
   <div class='ocr_carea' id='block_1_19' title="bbox 118 823 910 860">
    <p class='ocr_par' dir='ltr' id='par_1_19' title="bbox 118 823 910 860">
     <span class='ocr_line' id='line_1_19' title="bbox 118 823 910 860; baseline 0 -9"><span class='ocrx_word' id='word_1_126' title='bbox 118 834 222 860; x_wconf 86' lang='grc' dir='ltr'>σματα,</span> <span class='ocrx_word' id='word_1_127' title='bbox 234 825 281 851; x_wconf 77' lang='grc' dir='ltr'><strong>καὶ</strong></span> <span class='ocrx_word' id='word_1_128' title='bbox 291 825 433 860; x_wconf 79' lang='grc' dir='ltr'><strong>ὑπηρέτας</strong></span> <span class='ocrx_word' id='word_1_129' title='bbox 446 824 555 860; x_wconf 82' lang='grc' dir='ltr'>πολμᾷν</span> <span class='ocrx_word' id='word_1_130' title='bbox 572 823 724 860; x_wconf 74' lang='grc' dir='ltr'>ἐνυϐρίζειν</span> <span class='ocrx_word' id='word_1_131' title='bbox 736 823 742 849; x_wconf 90' lang='lat' dir='ltr'><strong>l</strong></span> <span class='ocrx_word' id='word_1_132' title='bbox 754 823 784 850; x_wconf 88' lang='grc' dir='ltr'>Οί</span> <span class='ocrx_word' id='word_1_133' title='bbox 798 823 826 850; x_wconf 82' lang='grc' dir='ltr'><strong>δὲ</strong></span> <span class='ocrx_word' id='word_1_134' title='bbox 843 823 910 859; x_wconf 81' lang='grc' dir='ltr'>μηδὲ</span> 
     </span>
    </p>
   </div>
   <div class='ocr_carea' id='block_1_20' title="bbox 117 868 909 906">
    <p class='ocr_par' dir='ltr' id='par_1_20' title="bbox 117 868 909 906">
     <span class='ocr_line' id='line_1_20' title="bbox 117 868 909 906; baseline -0.001 -9"><span class='ocrx_word' id='word_1_135' title='bbox 117 871 199 906; x_wconf 82' lang='grc' dir='ltr'>μέχρι</span> <span class='ocrx_word' id='word_1_136' title='bbox 223 870 320 897; x_wconf 80' lang='grc' dir='ltr'>τούτου</span> <span class='ocrx_word' id='word_1_137' title='bbox 341 870 390 905; x_wconf 84' lang='grc' dir='ltr'><strong>τὴν</strong></span> <span class='ocrx_word' id='word_1_138' title='bbox 417 870 519 897; x_wconf 88' lang='grc' dir='ltr'>λύσσαν</span> <span class='ocrx_word' id='word_1_139' title='bbox 543 869 682 903; x_wconf 82' lang='grc' dir='ltr'>ἱστῶντες,</span> <span class='ocrx_word' id='word_1_140' title='bbox 703 868 771 896; x_wconf 76' lang='grc' dir='ltr'>ἀλλὰ</span> <span class='ocrx_word' id='word_1_141' title='bbox 788 870 836 896; x_wconf 79' lang='grc' dir='ltr'>καὶ</span> <span class='ocrx_word' id='word_1_142' title='bbox 863 870 909 896; x_wconf 84' lang='grc' dir='ltr'><strong>τὸν</strong></span> 
     </span>
    </p>
   </div>
   <div class='ocr_carea' id='block_1_21' title="bbox 115 915 910 952">
    <p class='ocr_par' dir='ltr' id='par_1_21' title="bbox 115 915 910 952">
     <span class='ocr_line' id='line_1_21' title="bbox 115 915 910 952; baseline -0.003 -9"><span class='ocrx_word' id='word_1_143' title='bbox 115 917 299 952; x_wconf 74' lang='grc' dir='ltr'>χαριζόμενον</span> <span class='ocrx_word' id='word_1_144' title='bbox 326 916 392 950; x_wconf 85' lang='grc' dir='ltr'>ἡμῖν</span> <span class='ocrx_word' id='word_1_145' title='bbox 408 915 457 951; x_wconf 77' lang='grc' dir='ltr'>τὴν</span> <span class='ocrx_word' id='word_1_146' title='bbox 478 915 588 942; x_wconf 80' lang='grc' dir='ltr'>αἰώνιον</span> <span class='ocrx_word' id='word_1_147' title='bbox 603 915 686 951; x_wconf 82' lang='grc' dir='ltr'>ζωὴν,</span> <span class='ocrx_word' id='word_1_148' title='bbox 705 916 751 942; x_wconf 81' lang='grc' dir='ltr'>καὶ</span> <span class='ocrx_word' id='word_1_149' title='bbox 764 915 814 950; x_wconf 85' lang='grc' dir='ltr'>τὴν</span> <span class='ocrx_word' id='word_1_150' title='bbox 833 915 910 951; x_wconf 85' lang='grc' dir='ltr'>βασι-</span> 
     </span>
    </p>
   </div>
   <div class='ocr_carea' id='block_1_22' title="bbox 115 961 910 998">
    <p class='ocr_par' dir='ltr' id='par_1_22' title="bbox 115 961 910 998">
     <span class='ocr_line' id='line_1_22' title="bbox 115 961 910 998; baseline -0.001 -9"><span class='ocrx_word' id='word_1_151' title='bbox 115 962 191 989; x_wconf 75' lang='grc' dir='ltr'>λείαν</span> <span class='ocrx_word' id='word_1_152' title='bbox 207 962 262 989; x_wconf 86' lang='grc' dir='ltr'><strong>τῶν</strong></span> <span class='ocrx_word' id='word_1_153' title='bbox 276 962 408 997; x_wconf 76' lang='grc' dir='ltr'>οὐρανῶν,</span> <span class='ocrx_word' id='word_1_154' title='bbox 423 962 452 994; x_wconf 83' lang='grc' dir='ltr'>ὃς</span> <span class='ocrx_word' id='word_1_155' title='bbox 467 962 598 993; x_wconf 77' lang='grc' dir='ltr'>ἑστιΘεὸς</span> <span class='ocrx_word' id='word_1_156' title='bbox 615 961 740 998; x_wconf 70' lang='grc' dir='ltr'>Ἀϐραὰμ</span> <span class='ocrx_word' id='word_1_157' title='bbox 753 963 799 989; x_wconf 73' lang='grc' dir='ltr'>καὶ</span> <span class='ocrx_word' id='word_1_158' title='bbox 818 962 910 989; x_wconf 81' lang='grc' dir='ltr'>Ἰσαὰκ</span> 
     </span>
    </p>
   </div>
   <div class='ocr_carea' id='block_1_23' title="bbox 115 1008 910 1044">
    <p class='ocr_par' dir='ltr' id='par_1_23' title="bbox 115 1008 910 1044">
     <span class='ocr_line' id='line_1_23' title="bbox 115 1008 910 1044; baseline 0 -9"><span class='ocrx_word' id='word_1_159' title='bbox 115 1009 165 1035; x_wconf 70' lang='grc' dir='ltr'><strong>καὶ</strong></span> <span class='ocrx_word' id='word_1_160' title='bbox 194 1008 302 1040; x_wconf 76' lang='grc' dir='ltr'>Ίακὼό,</span> <span class='ocrx_word' id='word_1_161' title='bbox 317 1008 384 1040; x_wconf 72' lang='grc' dir='ltr'>Θεὸς</span> <span class='ocrx_word' id='word_1_162' title='bbox 411 1008 520 1040; x_wconf 80' lang='grc' dir='ltr'>ζώντων</span> <span class='ocrx_word' id='word_1_163' title='bbox 537 1008 584 1035; x_wconf 80' lang='grc' dir='ltr'><strong>καὶ</strong></span> <span class='ocrx_word' id='word_1_164' title='bbox 603 1008 633 1034; x_wconf 86' lang='grc' dir='ltr'>οὐ</span> <span class='ocrx_word' id='word_1_165' title='bbox 653 1009 768 1044; x_wconf 83' lang='grc' dir='ltr'>νεκρῶν,</span> <span class='ocrx_word' id='word_1_166' title='bbox 787 1009 910 1044; x_wconf 87' lang='grc' dir='ltr'>πονηρὰν</span> 
     </span>
    </p>
   </div>
   <div class='ocr_carea' id='block_1_24' title="bbox 115 1054 909 1090">
    <p class='ocr_par' dir='ltr' id='par_1_24' title="bbox 115 1054 909 1090">
     <span class='ocr_line' id='line_1_24' title="bbox 115 1054 909 1090; baseline 0 -9"><span class='ocrx_word' id='word_1_167' title='bbox 115 1055 205 1090; x_wconf 81' lang='grc' dir='ltr'>ἀρχὴν</span> <span class='ocrx_word' id='word_1_168' title='bbox 216 1056 262 1081; x_wconf 67' lang='grc' dir='ltr'><strong>καὶ</strong></span> <span class='ocrx_word' id='word_1_169' title='bbox 274 1055 400 1090; x_wconf 78' lang='grc' dir='ltr'>πονηρῶν</span> <span class='ocrx_word' id='word_1_170' title='bbox 413 1055 502 1090; x_wconf 79' lang='grc' dir='ltr'>ἔργων</span> <span class='ocrx_word' id='word_1_171' title='bbox 517 1054 681 1089; x_wconf 81' lang='grc' dir='ltr'>δημιουργὸν</span> <span class='ocrx_word' id='word_1_172' title='bbox 692 1055 909 1090; x_wconf 74' lang='grc' dir='ltr'>δυσφημοῦντες,</span> 
     </span>
    </p>
   </div>
   <div class='ocr_carea' id='block_1_25' title="bbox 115 1100 910 1138">
    <p class='ocr_par' dir='ltr' id='par_1_25' title="bbox 115 1100 910 1138">
     <span class='ocr_line' id='line_1_25' title="bbox 115 1100 910 1138; baseline 0.001 -10"><span class='ocrx_word' id='word_1_173' title='bbox 115 1103 151 1129; x_wconf 76' lang='grc' dir='ltr'>τὰ</span> <span class='ocrx_word' id='word_1_174' title='bbox 168 1102 206 1134; x_wconf 85' lang='grc' dir='ltr'>ὡς</span> <span class='ocrx_word' id='word_1_175' title='bbox 227 1102 341 1138; x_wconf 56' lang='lat' dir='ltr'><strong>emes;</strong></span> <span class='ocrx_word' id='word_1_176' title='bbox 369 1102 416 1129; x_wconf 83' lang='grc' dir='ltr'>τοῦ</span> <span class='ocrx_word' id='word_1_177' title='bbox 442 1101 566 1137; x_wconf 85' lang='grc' dir='ltr'>Πονηροῦ</span> <span class='ocrx_word' id='word_1_178' title='bbox 604 1102 752 1138; x_wconf 82' lang='grc' dir='ltr'>πλάσματα</span> <span class='ocrx_word' id='word_1_179' title='bbox 792 1100 910 1138; x_wconf 72' lang='grc' dir='ltr'><strong>ἆρόὺχὶ</strong></span> 
     </span>
    </p>
   </div>
   <div class='ocr_carea' id='block_1_26' title="bbox 115 1149 910 1185">
    <p class='ocr_par' dir='ltr' id='par_1_26' title="bbox 115 1149 910 1185">
     <span class='ocr_line' id='line_1_26' title="bbox 115 1149 910 1185; baseline 0.001 -11"><span class='ocrx_word' id='word_1_180' title='bbox 115 1150 166 1184; x_wconf 83' lang='grc' dir='ltr'>τὴν</span> <span class='ocrx_word' id='word_1_181' title='bbox 191 1149 236 1176; x_wconf 67' lang='grc' dir='ltr'>διὰ</span> <span class='ocrx_word' id='word_1_182' title='bbox 257 1149 341 1185; x_wconf 73' lang='grc' dir='ltr'>πυρὸς</span> <span class='ocrx_word' id='word_1_183' title='bbox 364 1150 412 1176; x_wconf 79' lang='grc' dir='ltr'><strong>καὶ</strong></span> <span class='ocrx_word' id='word_1_184' title='bbox 433 1149 481 1176; x_wconf 78' lang='grc' dir='ltr'>τοῦ</span> <span class='ocrx_word' id='word_1_185' title='bbox 503 1149 615 1180; x_wconf 84' lang='grc' dir='ltr'>σκότους</span> <span class='ocrx_word' id='word_1_186' title='bbox 636 1149 841 1184; x_wconf 78' lang='grc' dir='ltr'>ᾑτοιμασμένην</span> <span class='ocrx_word' id='word_1_187' title='bbox 871 1149 910 1185; x_wconf 83' lang='grc' dir='ltr'>τῷ</span> 
     </span>
    </p>
   </div>
   <div class='ocr_carea' id='block_1_27' title="bbox 117 1194 910 1231">
    <p class='ocr_par' dir='ltr' id='par_1_27' title="bbox 117 1194 910 1231">
     <span class='ocr_line' id='line_1_27' title="bbox 117 1194 910 1231; baseline 0.003 -12"><span class='ocrx_word' id='word_1_188' title='bbox 117 1194 237 1230; x_wconf 74' lang='grc' dir='ltr'>διαϐόλῳ</span> <span class='ocrx_word' id='word_1_189' title='bbox 251 1194 346 1230; x_wconf 84' lang='grc' dir='ltr'>ποινὴν</span> <span class='ocrx_word' id='word_1_190' title='bbox 362 1194 507 1225; x_wconf 79' lang='grc' dir='ltr'>διαπαντὸς</span> <span class='ocrx_word' id='word_1_191' title='bbox 525 1195 753 1231; x_wconf 75' lang='grc' dir='ltr'>εἰσπραττόμενοι</span> <span class='ocrx_word' id='word_1_192' title='bbox 766 1195 815 1221; x_wconf 77' lang='grc' dir='ltr'><strong>οὐκ</strong></span> <span class='ocrx_word' id='word_1_193' title='bbox 830 1195 910 1221; x_wconf 78' lang='grc' dir='ltr'><strong>ὲλὰτ-</strong></span> 
     </span>
    </p>
   </div>
   <div class='ocr_carea' id='block_1_28' title="bbox 115 1240 911 1276">
    <p class='ocr_par' dir='ltr' id='par_1_28' title="bbox 115 1240 911 1276">
     <span class='ocr_line' id='line_1_28' title="bbox 115 1240 911 1276; baseline 0.003 -11"><span class='ocrx_word' id='word_1_194' title='bbox 115 1248 182 1266; x_wconf 77' lang='grc' dir='ltr'>τονα</span> <span class='ocrx_word' id='word_1_195' title='bbox 194 1240 241 1275; x_wconf 77' lang='grc' dir='ltr'>τῆς</span> <span class='ocrx_word' id='word_1_196' title='bbox 254 1240 356 1275; x_wconf 78' lang='grc' dir='ltr'>τόλμης</span> <span class='ocrx_word' id='word_1_197' title='bbox 369 1240 474 1266; x_wconf 83' lang='grc' dir='ltr'>τίσουσι</span> <span class='ocrx_word' id='word_1_198' title='bbox 487 1240 568 1274; x_wconf 88' lang='grc' dir='ltr'>δίκην</span> <span class='ocrx_word' id='word_1_199' title='bbox 581 1249 588 1274; x_wconf 86' lang='grc'>;</span> <span class='ocrx_word' id='word_1_200' title='bbox 605 1240 671 1267; x_wconf 75' lang='grc' dir='ltr'><strong>οὐδὲ</strong></span> <span class='ocrx_word' id='word_1_201' title='bbox 688 1241 718 1266; x_wconf 81' lang='grc' dir='ltr'><strong>τὸ</strong></span> <span class='ocrx_word' id='word_1_202' title='bbox 732 1241 826 1276; x_wconf 79' lang='grc' dir='ltr'>χάσμα</span> <span class='ocrx_word' id='word_1_203' title='bbox 839 1240 867 1267; x_wconf 85' lang='grc' dir='ltr'><strong>δὲ</strong></span> <span class='ocrx_word' id='word_1_204' title='bbox 880 1241 911 1268; x_wconf 79' lang='grc' dir='ltr'>τὸ</span> 
     </span>
    </p>
   </div>
   <div class='ocr_carea' id='block_1_29' title="bbox 118 1283 909 1320">
    <p class='ocr_par' dir='ltr' id='par_1_29' title="bbox 118 1283 909 1320">
     <span class='ocr_line' id='line_1_29' title="bbox 118 1283 909 1320; baseline 0.003 -10"><span class='ocrx_word' id='word_1_205' title='bbox 118 1283 222 1318; x_wconf 75' lang='grc' dir='ltr'>μεταξὺ</span> <span class='ocrx_word' id='word_1_206' title='bbox 236 1283 282 1311; x_wconf 81' lang='grc' dir='ltr'><strong>τοῦ</strong></span> <span class='ocrx_word' id='word_1_207' title='bbox 299 1284 429 1311; x_wconf 82' lang='grc' dir='ltr'>πλουσίου</span> <span class='ocrx_word' id='word_1_208' title='bbox 453 1285 500 1311; x_wconf 70' lang='grc' dir='ltr'><strong>καὶ</strong></span> <span class='ocrx_word' id='word_1_209' title='bbox 517 1285 564 1311; x_wconf 78' lang='grc' dir='ltr'><strong>τοῦ</strong></span> <span class='ocrx_word' id='word_1_210' title='bbox 590 1285 715 1319; x_wconf 75' lang='grc' dir='ltr'>Λαζάρου</span> <span class='ocrx_word' id='word_1_211' title='bbox 732 1286 909 1320; x_wconf 81' lang='grc' dir='ltr'>πεφρίκασιν,</span> 
     </span>
    </p>
   </div>
   <div class='ocr_carea' id='block_1_30' title="bbox 116 1330 911 1367">
    <p class='ocr_par' dir='ltr' id='par_1_30' title="bbox 116 1330 911 1367">
     <span class='ocr_line' id='line_1_30' title="bbox 116 1330 911 1367; baseline 0.001 -10"><span class='ocrx_word' id='word_1_212' title='bbox 116 1332 132 1358; x_wconf 80' lang='grc' dir='ltr'>ὃ</span> <span class='ocrx_word' id='word_1_213' title='bbox 145 1330 338 1367; x_wconf 76' lang='grc' dir='ltr'>ἁ[πο]τειχίζει</span> <span class='ocrx_word' id='word_1_214' title='bbox 355 1331 404 1366; x_wconf 85' lang='grc' dir='ltr'><strong>μὲν</strong></span> <span class='ocrx_word' id='word_1_215' title='bbox 415 1331 478 1363; x_wconf 71' lang='grc' dir='ltr'>τοὺς</span> <span class='ocrx_word' id='word_1_216' title='bbox 490 1331 559 1366; x_wconf 79' lang='grc' dir='ltr'>μετὰ</span> <span class='ocrx_word' id='word_1_217' title='bbox 567 1332 613 1358; x_wconf 85' lang='grc' dir='ltr'><strong>τοῦ</strong></span> <span class='ocrx_word' id='word_1_218' title='bbox 629 1332 754 1367; x_wconf 72' lang='grc' dir='ltr'>Ἀϐραὰμ</span> <span class='ocrx_word' id='word_1_219' title='bbox 767 1332 911 1366; x_wconf 78' lang='grc' dir='ltr'>εὐφραινο-</span> 
     </span>
    </p>
   </div>
   <div class='ocr_carea' id='block_1_31' title="bbox 117 1377 909 1412">
    <p class='ocr_par' dir='ltr' id='par_1_31' title="bbox 117 1377 909 1412">
     <span class='ocr_line' id='line_1_31' title="bbox 117 1377 909 1412; baseline 0.001 -9"><span class='ocrx_word' id='word_1_220' title='bbox 117 1377 229 1412; x_wconf 77' lang='grc' dir='ltr'>μένους,</span> <span class='ocrx_word' id='word_1_221' title='bbox 250 1377 304 1404; x_wconf 80' lang='grc' dir='ltr'><strong>ἀπὸ</strong></span> <span class='ocrx_word' id='word_1_222' title='bbox 326 1377 382 1403; x_wconf 83' lang='grc' dir='ltr'>τῶν</span> <span class='ocrx_word' id='word_1_223' title='bbox 409 1377 438 1403; x_wconf 78' lang='grc' dir='ltr'>ὲν</span> <span class='ocrx_word' id='word_1_224' title='bbox 465 1378 524 1409; x_wconf 84' lang='grc' dir='ltr'>ταῖς</span> <span class='ocrx_word' id='word_1_225' title='bbox 553 1377 682 1412; x_wconf 83' lang='grc' dir='ltr'>βασάνοις</span> <span class='ocrx_word' id='word_1_226' title='bbox 709 1377 909 1412; x_wconf 75' lang='grc' dir='ltr'>κολαζομένων.</span> 
     </span>
    </p>
   </div>
   <div class='ocr_carea' id='block_1_32' title="bbox 125 1422 911 1459">
    <p class='ocr_par' dir='ltr' id='par_1_32' title="bbox 125 1422 911 1459">
     <span class='ocr_line' id='line_1_32' title="bbox 125 1422 911 1459; baseline 0.001 -10"><span class='ocrx_word' id='word_1_227' title='bbox 125 1423 196 1449; x_wconf 78' lang='grc' dir='ltr'>Ἀλλ’</span> <span class='ocrx_word' id='word_1_228' title='bbox 211 1423 301 1458; x_wconf 77' lang='grc' dir='ltr'>οῖμοιί</span> <span class='ocrx_word' id='word_1_229' title='bbox 317 1422 369 1449; x_wconf 79' lang='grc' dir='ltr'><strong>κᾶν</strong></span> <span class='ocrx_word' id='word_1_230' title='bbox 382 1424 419 1458; x_wconf 89' lang='grc' dir='ltr'>μὴ</span> <span class='ocrx_word' id='word_1_231' title='bbox 432 1424 489 1459; x_wconf 67' lang='grc'><strong>(24)</strong></span> <span class='ocrx_word' id='word_1_232' title='bbox 505 1423 553 1451; x_wconf 82' lang='grc' dir='ltr'>νῦν</span> <span class='ocrx_word' id='word_1_233' title='bbox 566 1424 615 1458; x_wconf 81' lang='grc' dir='ltr'>τὴν</span> <span class='ocrx_word' id='word_1_234' title='bbox 631 1423 759 1458; x_wconf 77' lang='grc' dir='ltr'>αἴσθησιν</span> <span class='ocrx_word' id='word_1_235' title='bbox 769 1424 817 1459; x_wconf 87' lang='grc' dir='ltr'><strong>τῆς</strong></span> <span class='ocrx_word' id='word_1_236' title='bbox 825 1433 911 1459; x_wconf 82' lang='grc' dir='ltr'>τιμω-</span> 
     </span>
    </p>
   </div>
   <div class='ocr_carea' id='block_1_33' title="bbox 117 1469 912 1506">
    <p class='ocr_par' dir='ltr' id='par_1_33' title="bbox 117 1469 912 1506">
     <span class='ocr_line' id='line_1_33' title="bbox 117 1469 912 1506; baseline 0.003 -11"><span class='ocrx_word' id='word_1_237' title='bbox 117 1469 182 1504; x_wconf 79' lang='grc' dir='ltr'>ρίας</span> <span class='ocrx_word' id='word_1_238' title='bbox 194 1470 244 1495; x_wconf 85' lang='grc' dir='ltr'><strong>οὐκ</strong></span> <span class='ocrx_word' id='word_1_239' title='bbox 257 1469 366 1505; x_wconf 73' lang='grc' dir='ltr'>ἔχοντες</span> <span class='ocrx_word' id='word_1_240' title='bbox 382 1469 430 1505; x_wconf 83' lang='grc' dir='ltr'>τὴν</span> <span class='ocrx_word' id='word_1_241' title='bbox 445 1469 560 1505; x_wconf 82' lang='grc' dir='ltr'>ἀπειλὴν</span> <span class='ocrx_word' id='word_1_242' title='bbox 576 1470 622 1497; x_wconf 82' lang='grc' dir='ltr'>τοῦ</span> <span class='ocrx_word' id='word_1_243' title='bbox 641 1470 765 1505; x_wconf 85' lang='grc' dir='ltr'>Σωτῆρος</span> <span class='ocrx_word' id='word_1_244' title='bbox 788 1471 817 1496; x_wconf 80' lang='grc' dir='ltr'>οὑ</span> <span class='ocrx_word' id='word_1_245' title='bbox 833 1471 912 1506; x_wconf 82' lang='grc' dir='ltr'>τεθή-</span> 
     </span>
    </p>
   </div>
   <div class='ocr_carea' id='block_1_34' title="bbox 963 224 1751 260">
    <p class='ocr_par' dir='ltr' id='par_1_34' title="bbox 963 224 1751 260">
     <span class='ocr_line' id='line_1_34' title="bbox 963 224 1751 260; baseline 0.001 -8"><span class='ocrx_word' id='word_1_246' title='bbox 963 224 1102 258; x_wconf 89' lang='lat' dir='ltr'><strong>lsaacum,</strong></span> <span class='ocrx_word' id='word_1_247' title='bbox 1127 229 1155 252; x_wconf 83' lang='lat' dir='ltr'><strong>et</strong></span> <span class='ocrx_word' id='word_1_248' title='bbox 1178 224 1321 256; x_wconf 75' lang='lat' dir='ltr'><strong>Iacobum,</strong></span> <span class='ocrx_word' id='word_1_249' title='bbox 1341 229 1368 252; x_wconf 85' lang='lat' dir='ltr'><strong>et.</strong></span> <span class='ocrx_word' id='word_1_250' title='bbox 1386 232 1482 252; x_wconf 89' lang='lat' dir='ltr'><strong>omnes</strong></span> <span class='ocrx_word' id='word_1_251' title='bbox 1495 224 1643 260; x_wconf 73' lang='lat' dir='ltr'><strong>prophetas</strong></span> <span class='ocrx_word' id='word_1_252' title='bbox 1663 225 1692 253; x_wconf 92' lang='lat' dir='ltr'><strong>in</strong></span> <span class='ocrx_word' id='word_1_253' title='bbox 1706 233 1751 253; x_wconf 82' lang='lat' dir='ltr'><strong>re-</strong></span> 
     </span>
    </p>
   </div>
   <div class='ocr_carea' id='block_1_35' title="bbox 963 270 1749 308">
    <p class='ocr_par' dir='ltr' id='par_1_35' title="bbox 963 270 1749 308">
     <span class='ocr_line' id='line_1_35' title="bbox 963 270 1749 308; baseline 0 -9"><span class='ocrx_word' id='word_1_254' title='bbox 963 279 1015 308; x_wconf 75' lang='lat' dir='ltr'><strong>gno</strong></span> <span class='ocrx_word' id='word_1_255' title='bbox 1029 271 1094 303; x_wconf 87' lang='lat' dir='ltr'><strong>Dei,</strong></span> <span class='ocrx_word' id='word_1_256' title='bbox 1112 279 1161 299; x_wconf 85' lang='lat' dir='ltr'><strong>vos</strong></span> <span class='ocrx_word' id='word_1_257' title='bbox 1183 279 1249 298; x_wconf 89' lang='lat' dir='ltr'><strong>vero</strong></span> <span class='ocrx_word' id='word_1_258' title='bbox 1267 270 1339 298; x_wconf 82' lang='lat' dir='ltr'><strong>foras</strong></span> <span class='ocrx_word' id='word_1_259' title='bbox 1367 271 1490 306; x_wconf 83' lang='lat' dir='ltr'><strong>ejectos?</strong></span> <span class='ocrx_word' id='word_1_260' title='bbox 1513 271 1565 305; x_wconf 87' lang='lat' dir='ltr'><strong>Qui</strong></span> <span class='ocrx_word' id='word_1_261' title='bbox 1588 279 1655 299; x_wconf 84' lang='lat' dir='ltr'><strong>vero</strong></span> <span class='ocrx_word' id='word_1_262' title='bbox 1683 277 1749 300; x_wconf 84' lang='lat' dir='ltr'><strong>sunt</strong></span> 
     </span>
    </p>
   </div>
   <div class='ocr_carea' id='block_1_36' title="bbox 962 318 1751 353">
    <p class='ocr_par' dir='ltr' id='par_1_36' title="bbox 962 318 1751 353">
     <span class='ocr_line' id='line_1_36' title="bbox 962 318 1751 353; baseline 0 -7"><span class='ocrx_word' id='word_1_263' title='bbox 962 318 1042 353; x_wconf 73' lang='lat' dir='ltr'><strong>eiecti</strong></span> <span class='ocrx_word' id='word_1_264' title='bbox 1055 318 1102 352; x_wconf 83' lang='lat' dir='ltr'><strong>illiI</strong></span> <span class='ocrx_word' id='word_1_265' title='bbox 1117 318 1169 346; x_wconf 94' lang='lat' dir='ltr'><strong>nisi</strong></span> <span class='ocrx_word' id='word_1_266' title='bbox 1190 318 1246 350; x_wconf 86' lang='lat' dir='ltr'><strong>isti,</strong></span> <span class='ocrx_word' id='word_1_267' title='bbox 1259 318 1306 352; x_wconf 87' lang='lat' dir='ltr'><strong>qui</strong></span> <span class='ocrx_word' id='word_1_268' title='bbox 1320 318 1354 345; x_wconf 88' lang='lat' dir='ltr'><strong>ad</strong></span> <span class='ocrx_word' id='word_1_269' title='bbox 1377 318 1531 353; x_wconf 80' lang='lat' dir='ltr'><strong>exemplum</strong></span> <span class='ocrx_word' id='word_1_270' title='bbox 1550 318 1697 345; x_wconf 87' lang='lat' dir='ltr'><strong>Abrahami</strong></span> <span class='ocrx_word' id='word_1_271' title='bbox 1723 323 1751 346; x_wconf 84' lang='lat' dir='ltr'><strong>et</strong></span> 
     </span>
    </p>
   </div>
   <div class='ocr_carea' id='block_1_37' title="bbox 962 364 1749 399">
    <p class='ocr_par' dir='ltr' id='par_1_37' title="bbox 962 364 1749 399">
     <span class='ocr_line' id='line_1_37' title="bbox 962 364 1749 399; baseline -0.001 -7"><span class='ocrx_word' id='word_1_272' title='bbox 962 365 1046 393; x_wconf 87' lang='lat' dir='ltr'><strong>lsaaci</strong></span> <span class='ocrx_word' id='word_1_273' title='bbox 1059 369 1087 393; x_wconf 87' lang='lat' dir='ltr'><strong>et</strong></span> <span class='ocrx_word' id='word_1_274' title='bbox 1100 365 1192 393; x_wconf 81' lang='lat' dir='ltr'><strong>Jacobi</strong></span> <span class='ocrx_word' id='word_1_275' title='bbox 1208 365 1290 392; x_wconf 87' lang='lat' dir='ltr'><strong>vitam</strong></span> <span class='ocrx_word' id='word_1_276' title='bbox 1309 372 1364 391; x_wconf 91' lang='lat' dir='ltr'><strong>non</strong></span> <span class='ocrx_word' id='word_1_277' title='bbox 1374 365 1605 399; x_wconf 86' lang='lat' dir='ltr'><strong>composuerunt?</strong></span> <span class='ocrx_word' id='word_1_278' title='bbox 1630 364 1708 398; x_wconf 86' lang='lat' dir='ltr'><strong>Quod</strong></span> <span class='ocrx_word' id='word_1_279' title='bbox 1725 365 1749 392; x_wconf 86' lang='lat' dir='ltr'><strong>si</strong></span> 
     </span>
    </p>
   </div>
   <div class='ocr_carea' id='block_1_38' title="bbox 961 411 1749 448">
    <p class='ocr_par' dir='ltr' id='par_1_38' title="bbox 961 411 1749 448">
     <span class='ocr_line' id='line_1_38' title="bbox 961 411 1749 448; baseline -0.003 -7"><span class='ocrx_word' id='word_1_280' title='bbox 961 421 1028 441; x_wconf 88' lang='lat' dir='ltr'><strong>vero</strong></span> <span class='ocrx_word' id='word_1_281' title='bbox 1043 420 1059 440; x_wconf 87' lang='lat' dir='ltr'><strong>c</strong></span> <span class='ocrx_word' id='word_1_282' title='bbox 1078 420 1161 448; x_wconf 79' lang='lat' dir='ltr'><strong>regno</strong></span> <span class='ocrx_word' id='word_1_283' title='bbox 1181 412 1228 439; x_wconf 86' lang='lat' dir='ltr'><strong>Dei</strong></span> <span class='ocrx_word' id='word_1_284' title='bbox 1256 411 1410 446; x_wconf 83' lang='lat' dir='ltr'><strong>expellcndi</strong></span> <span class='ocrx_word' id='word_1_285' title='bbox 1437 416 1521 444; x_wconf 83' lang='lat' dir='ltr'><strong>sunt,</strong></span> <span class='ocrx_word' id='word_1_286' title='bbox 1540 416 1569 440; x_wconf 78' lang='lat' dir='ltr'><strong>et</strong></span> <span class='ocrx_word' id='word_1_287' title='bbox 1591 411 1626 439; x_wconf 84' lang='lat' dir='ltr'><strong>ad</strong></span> <span class='ocrx_word' id='word_1_288' title='bbox 1653 411 1749 439; x_wconf 81' lang='lat' dir='ltr'><strong>ﬂetum</strong></span> 
     </span>
    </p>
   </div>
   <div class='ocr_carea' id='block_1_39' title="bbox 961 458 1750 494">
    <p class='ocr_par' dir='ltr' id='par_1_39' title="bbox 961 458 1750 494">
     <span class='ocr_line' id='line_1_39' title="bbox 961 458 1750 494; baseline -0.001 -8"><span class='ocrx_word' id='word_1_289' title='bbox 961 464 1043 494; x_wconf 87' lang='lat' dir='ltr'><strong>atque</strong></span> <span class='ocrx_word' id='word_1_290' title='bbox 1067 460 1214 486; x_wconf 89' lang='lat' dir='ltr'><strong>stridorem</strong></span> <span class='ocrx_word' id='word_1_291' title='bbox 1234 458 1357 486; x_wconf 85' lang='lat' dir='ltr'><strong>dentium</strong></span> <span class='ocrx_word' id='word_1_292' title='bbox 1377 458 1542 486; x_wconf 81' lang='lat' dir='ltr'><strong>amandandi</strong></span> <span class='ocrx_word' id='word_1_293' title='bbox 1561 479 1569 492; x_wconf 88' lang='lat'><strong>,</strong></span> <span class='ocrx_word' id='word_1_294' title='bbox 1591 458 1636 493; x_wconf 90' lang='lat' dir='ltr'><strong>qui</strong></span> <span class='ocrx_word' id='word_1_295' title='bbox 1664 459 1750 486; x_wconf 83' lang='lat' dir='ltr'><strong>vitam</strong></span> 
     </span>
    </p>
   </div>
   <div class='ocr_carea' id='block_1_40' title="bbox 961 505 1748 540">
    <p class='ocr_par' dir='ltr' id='par_1_40' title="bbox 961 505 1748 540">
     <span class='ocr_line' id='line_1_40' title="bbox 961 505 1748 540; baseline 0 -8"><span class='ocrx_word' id='word_1_296' title='bbox 961 505 1145 540; x_wconf 87' lang='lat' dir='ltr'><strong>pietatemque</strong></span> <span class='ocrx_word' id='word_1_297' title='bbox 1162 512 1256 532; x_wconf 87' lang='lat' dir='ltr'><strong>eorum</strong></span> <span class='ocrx_word' id='word_1_298' title='bbox 1284 505 1434 532; x_wconf 76' lang='lat' dir='ltr'><strong>imitatione</strong></span> <span class='ocrx_word' id='word_1_299' title='bbox 1459 512 1514 532; x_wconf 90' lang='lat' dir='ltr'><strong>non</strong></span> <span class='ocrx_word' id='word_1_300' title='bbox 1542 510 1748 539; x_wconf 81' lang='lat' dir='ltr'><strong>expresserunt.</strong></span> 
     </span>
    </p>
   </div>
   <div class='ocr_carea' id='block_1_41' title="bbox 961 550 1749 586">
    <p class='ocr_par' dir='ltr' id='par_1_41' title="bbox 961 550 1749 586">
     <span class='ocr_line' id='line_1_41' title="bbox 961 550 1749 586; baseline 0.004 -10"><span class='ocrx_word' id='word_1_301' title='bbox 961 558 1021 585; x_wconf 76' lang='lat' dir='ltr'><strong>qua:</strong></span> <span class='ocrx_word' id='word_1_302' title='bbox 1031 550 1140 577; x_wconf 82' lang='lat' dir='ltr'><strong>tandem</strong></span> <span class='ocrx_word' id='word_1_303' title='bbox 1159 558 1240 585; x_wconf 72' lang='lat' dir='ltr'><strong>pmna</strong></span> <span class='ocrx_word' id='word_1_304' title='bbox 1253 551 1397 578; x_wconf 87' lang='lat' dir='ltr'><strong>statuenda</strong></span> <span class='ocrx_word' id='word_1_305' title='bbox 1409 555 1450 578; x_wconf 89' lang='lat' dir='ltr'><strong>est</strong></span> <span class='ocrx_word' id='word_1_306' title='bbox 1461 551 1541 586; x_wconf 77' lang='lat' dir='ltr'><strong>digna</strong></span> <span class='ocrx_word' id='word_1_307' title='bbox 1562 551 1616 578; x_wconf 89' lang='lat' dir='ltr'><strong>illis</strong></span> <span class='ocrx_word' id='word_1_308' title='bbox 1627 572 1635 583; x_wconf 90' lang='lat'><strong>,</strong></span> <span class='ocrx_word' id='word_1_309' title='bbox 1654 552 1700 586; x_wconf 93' lang='lat' dir='ltr'><strong>qui</strong></span> <span class='ocrx_word' id='word_1_310' title='bbox 1716 560 1749 579; x_wconf 83' lang='lat' dir='ltr'><strong>eo</strong></span> 
     </span>
    </p>
   </div>
   <div class='ocr_carea' id='block_1_42' title="bbox 961 595 1748 631">
    <p class='ocr_par' dir='ltr' id='par_1_42' title="bbox 961 595 1748 631">
     <span class='ocr_line' id='line_1_42' title="bbox 961 595 1748 631; baseline 0.003 -9"><span class='ocrx_word' id='word_1_311' title='bbox 961 595 1073 623; x_wconf 73' lang='lat' dir='ltr'><strong>insania:</strong></span> <span class='ocrx_word' id='word_1_312' title='bbox 1086 597 1299 631; x_wconf 85' lang='lat' dir='ltr'><strong>processerunt?</strong></span> <span class='ocrx_word' id='word_1_313' title='bbox 1320 596 1342 623; x_wconf 93' lang='grc' dir='ltr'><strong>Ο</strong></span> <span class='ocrx_word' id='word_1_314' title='bbox 1368 596 1499 624; x_wconf 72' lang='lat' dir='ltr'><strong>eti‘renata</strong></span> <span class='ocrx_word' id='word_1_315' title='bbox 1524 596 1666 624; x_wconf 85' lang='lat' dir='ltr'><strong>hominum</strong></span> <span class='ocrx_word' id='word_1_316' title='bbox 1688 606 1748 630; x_wconf 84' lang='lat' dir='ltr'><strong>ora,</strong></span> 
     </span>
    </p>
   </div>
   <div class='ocr_carea' id='block_1_43' title="bbox 960 641 1749 676">
    <p class='ocr_par' dir='ltr' id='par_1_43' title="bbox 960 641 1749 676">
     <span class='ocr_line' id='line_1_43' title="bbox 960 641 1749 676; baseline 0.003 -7"><span class='ocrx_word' id='word_1_317' title='bbox 960 641 1033 669; x_wconf 86' lang='lat' dir='ltr'><strong>Patri</strong></span> <span class='ocrx_word' id='word_1_318' title='bbox 1051 642 1266 670; x_wconf 80' lang='lat' dir='ltr'><strong>mendaciiadeo</strong></span> <span class='ocrx_word' id='word_1_319' title='bbox 1292 643 1511 676; x_wconf 88' lang='lat' dir='ltr'><strong>inservientium,</strong></span> <span class='ocrx_word' id='word_1_320' title='bbox 1535 648 1564 670; x_wconf 89' lang='lat' dir='ltr'><strong>ut</strong></span> <span class='ocrx_word' id='word_1_321' title='bbox 1584 647 1611 671; x_wconf 87' lang='lat' dir='ltr'><strong>et</strong></span> <span class='ocrx_word' id='word_1_322' title='bbox 1629 644 1749 671; x_wconf 90' lang='lat' dir='ltr'><strong>latrones</strong></span> 
     </span>
    </p>
   </div>
   <div class='ocr_carea' id='block_1_44' title="bbox 961 689 1749 726">
    <p class='ocr_par' dir='ltr' id='par_1_44' title="bbox 961 689 1749 726">
     <span class='ocr_line' id='line_1_44' title="bbox 961 689 1749 726; baseline 0.003 -10"><span class='ocrx_word' id='word_1_323' title='bbox 961 694 989 716; x_wconf 86' lang='lat' dir='ltr'><strong>et</strong></span> <span class='ocrx_word' id='word_1_324' title='bbox 1003 689 1087 720; x_wconf 83' lang='lat' dir='ltr'><strong>fures,</strong></span> <span class='ocrx_word' id='word_1_325' title='bbox 1108 693 1134 716; x_wconf 89' lang='lat' dir='ltr'><strong>et</strong></span> <span class='ocrx_word' id='word_1_326' title='bbox 1147 689 1206 716; x_wconf 82' lang='lat' dir='ltr'><strong>Mali</strong></span> <span class='ocrx_word' id='word_1_327' title='bbox 1225 690 1382 725; x_wconf 78' lang='lat' dir='ltr'><strong>progeniem</strong></span> <span class='ocrx_word' id='word_1_328' title='bbox 1399 698 1430 717; x_wconf 88' lang='lat' dir='ltr'><strong>ac</strong></span> <span class='ocrx_word' id='word_1_329' title='bbox 1443 698 1536 718; x_wconf 82' lang='lat' dir='ltr'><strong>servos</strong></span> <span class='ocrx_word' id='word_1_330' title='bbox 1549 698 1597 718; x_wconf 87' lang='lat' dir='ltr'><strong>eos</strong></span> <span class='ocrx_word' id='word_1_331' title='bbox 1611 690 1749 726; x_wconf 86' lang='lat' dir='ltr'><strong>appellare</strong></span> 
     </span>
    </p>
   </div>
   <div class='ocr_carea' id='block_1_45' title="bbox 961 734 1749 771">
    <p class='ocr_par' dir='ltr' id='par_1_45' title="bbox 961 734 1749 771">
     <span class='ocr_line' id='line_1_45' title="bbox 961 734 1749 771; baseline 0.004 -10"><span class='ocrx_word' id='word_1_332' title='bbox 961 734 1096 762; x_wconf 79' lang='lat' dir='ltr'><strong>audeant!</strong></span> <span class='ocrx_word' id='word_1_333' title='bbox 1111 735 1208 762; x_wconf 85' lang='lat' dir='ltr'><strong>Nonne</strong></span> <span class='ocrx_word' id='word_1_334' title='bbox 1222 743 1286 762; x_wconf 83' lang='lat' dir='ltr'><strong>vero</strong></span> <span class='ocrx_word' id='word_1_335' title='bbox 1300 735 1349 767; x_wconf 91' lang='lat' dir='ltr'><strong>illi,</strong></span> <span class='ocrx_word' id='word_1_336' title='bbox 1368 736 1413 770; x_wconf 92' lang='lat' dir='ltr'><strong>qui</strong></span> <span class='ocrx_word' id='word_1_337' title='bbox 1427 744 1461 763; x_wconf 90' lang='lat' dir='ltr'><strong>ne</strong></span> <span class='ocrx_word' id='word_1_338' title='bbox 1479 735 1523 763; x_wconf 90' lang='lat' dir='ltr'><strong>hic</strong></span> <span class='ocrx_word' id='word_1_339' title='bbox 1538 736 1646 771; x_wconf 84' lang='lat' dir='ltr'><strong>quidem</strong></span> <span class='ocrx_word' id='word_1_340' title='bbox 1661 737 1749 765; x_wconf 84' lang='lat' dir='ltr'><strong>furori</strong></span> 
     </span>
    </p>
   </div>
   <div class='ocr_carea' id='block_1_46' title="bbox 961 779 1749 817">
    <p class='ocr_par' dir='ltr' id='par_1_46' title="bbox 961 779 1749 817">
     <span class='ocr_line' id='line_1_46' title="bbox 961 779 1749 817; baseline 0.005 -11"><span class='ocrx_word' id='word_1_341' title='bbox 961 787 1012 806; x_wconf 84' lang='lat' dir='ltr'><strong>suo</strong></span> <span class='ocrx_word' id='word_1_342' title='bbox 1024 779 1129 807; x_wconf 86' lang='lat' dir='ltr'><strong>obicem</strong></span> <span class='ocrx_word' id='word_1_343' title='bbox 1141 785 1256 815; x_wconf 86' lang='lat' dir='ltr'><strong>ponunt,</strong></span> <span class='ocrx_word' id='word_1_344' title='bbox 1276 781 1323 808; x_wconf 86' lang='lat' dir='ltr'><strong>sed</strong></span> <span class='ocrx_word' id='word_1_345' title='bbox 1334 785 1360 808; x_wconf 84' lang='lat' dir='ltr'><strong>et</strong></span> <span class='ocrx_word' id='word_1_346' title='bbox 1374 789 1448 814; x_wconf 87' lang='lat' dir='ltr'><strong>eum,</strong></span> <span class='ocrx_word' id='word_1_347' title='bbox 1461 781 1506 817; x_wconf 89' lang='lat' dir='ltr'><strong>qui</strong></span> <span class='ocrx_word' id='word_1_348' title='bbox 1523 782 1606 810; x_wconf 86' lang='lat' dir='ltr'><strong>vitam</strong></span> <span class='ocrx_word' id='word_1_349' title='bbox 1617 787 1749 810; x_wconf 64' lang='lat' dir='ltr'><strong>aeternam</strong></span> 
     </span>
    </p>
   </div>
   <div class='ocr_carea' id='block_1_47' title="bbox 962 825 1750 862">
    <p class='ocr_par' dir='ltr' id='par_1_47' title="bbox 962 825 1750 862">
     <span class='ocr_line' id='line_1_47' title="bbox 962 825 1750 862; baseline 0.004 -10"><span class='ocrx_word' id='word_1_350' title='bbox 962 833 1130 861; x_wconf 77' lang='lat' dir='ltr'><strong>regnumque</strong></span> <span class='ocrx_word' id='word_1_351' title='bbox 1152 825 1264 853; x_wconf 70' lang='lat' dir='ltr'><strong>cmleste</strong></span> <span class='ocrx_word' id='word_1_352' title='bbox 1286 826 1366 853; x_wconf 88' lang='lat' dir='ltr'><strong>nobis</strong></span> <span class='ocrx_word' id='word_1_353' title='bbox 1391 826 1519 862; x_wconf 77' lang='lat' dir='ltr'><strong>largitur,</strong></span> <span class='ocrx_word' id='word_1_354' title='bbox 1540 827 1585 862; x_wconf 93' lang='lat' dir='ltr'><strong>qui</strong></span> <span class='ocrx_word' id='word_1_355' title='bbox 1612 827 1683 854; x_wconf 89' lang='lat' dir='ltr'><strong>idem</strong></span> <span class='ocrx_word' id='word_1_356' title='bbox 1707 832 1750 855; x_wconf 87' lang='lat' dir='ltr'><strong>est</strong></span> 
     </span>
    </p>
   </div>
   <div class='ocr_carea' id='block_1_48' title="bbox 962 870 1750 902">
    <p class='ocr_par' dir='ltr' id='par_1_48' title="bbox 962 870 1750 902">
     <span class='ocr_line' id='line_1_48' title="bbox 962 870 1750 902; baseline 0.005 -6"><span class='ocrx_word' id='word_1_357' title='bbox 962 870 1033 897; x_wconf 87' lang='lat' dir='ltr'><strong>Deus</strong></span> <span class='ocrx_word' id='word_1_358' title='bbox 1049 870 1195 897; x_wconf 84' lang='lat' dir='ltr'><strong>Abrahami</strong></span> <span class='ocrx_word' id='word_1_359' title='bbox 1212 876 1239 898; x_wconf 90' lang='lat' dir='ltr'><strong>et</strong></span> <span class='ocrx_word' id='word_1_360' title='bbox 1250 871 1335 898; x_wconf 89' lang='lat' dir='ltr'><strong>lsaaci</strong></span> <span class='ocrx_word' id='word_1_361' title='bbox 1347 876 1375 898; x_wconf 88' lang='lat' dir='ltr'><strong>et</strong></span> <span class='ocrx_word' id='word_1_362' title='bbox 1386 871 1491 902; x_wconf 80' lang='lat' dir='ltr'><strong>Jacobi.</strong></span> <span class='ocrx_word' id='word_1_363' title='bbox 1512 872 1584 899; x_wconf 87' lang='lat' dir='ltr'><strong>Deus</strong></span> <span class='ocrx_word' id='word_1_364' title='bbox 1597 872 1750 900; x_wconf 82' lang='lat' dir='ltr'><strong>viventium</strong></span> 
     </span>
    </p>
   </div>
   <div class='ocr_carea' id='block_1_49' title="bbox 960 918 1748 954">
    <p class='ocr_par' dir='ltr' id='par_1_49' title="bbox 960 918 1748 954">
     <span class='ocr_line' id='line_1_49' title="bbox 960 918 1748 954; baseline 0.004 -11"><span class='ocrx_word' id='word_1_365' title='bbox 960 924 1014 944; x_wconf 89' lang='lat' dir='ltr'><strong>non</strong></span> <span class='ocrx_word' id='word_1_366' title='bbox 1030 921 1123 943; x_wconf 82' lang='lat' dir='ltr'><strong>autem</strong></span> <span class='ocrx_word' id='word_1_367' title='bbox 1138 922 1320 948; x_wconf 90' lang='lat' dir='ltr'><strong>mortuorum,</strong></span> <span class='ocrx_word' id='word_1_368' title='bbox 1331 921 1458 953; x_wconf 86' lang='lat' dir='ltr'><strong>tanquam</strong></span> <span class='ocrx_word' id='word_1_369' title='bbox 1471 919 1572 946; x_wconf 89' lang='lat' dir='ltr'><strong>malum</strong></span> <span class='ocrx_word' id='word_1_370' title='bbox 1586 918 1748 954; x_wconf 84' lang='lat' dir='ltr'><strong>principium</strong></span> 
     </span>
    </p>
   </div>
   <div class='ocr_carea' id='block_1_50' title="bbox 961 963 1747 999">
    <p class='ocr_par' dir='ltr' id='par_1_50' title="bbox 961 963 1747 999">
     <span class='ocr_line' id='line_1_50' title="bbox 961 963 1747 999; baseline 0.003 -9"><span class='ocrx_word' id='word_1_371' title='bbox 961 968 989 991; x_wconf 85' lang='lat' dir='ltr'><strong>et</strong></span> <span class='ocrx_word' id='word_1_372' title='bbox 1003 963 1136 990; x_wconf 85' lang='lat' dir='ltr'><strong>malorum</strong></span> <span class='ocrx_word' id='word_1_373' title='bbox 1152 971 1265 998; x_wconf 86' lang='lat' dir='ltr'><strong>operum</strong></span> <span class='ocrx_word' id='word_1_374' title='bbox 1281 964 1405 999; x_wconf 77' lang='lat' dir='ltr'><strong>opiﬁcem</strong></span> <span class='ocrx_word' id='word_1_375' title='bbox 1416 964 1632 999; x_wconf 85' lang='lat' dir='ltr'><strong>calumniantur;</strong></span> <span class='ocrx_word' id='word_1_376' title='bbox 1644 973 1747 999; x_wconf 90' lang='lat' dir='ltr'><strong>nonne,</strong></span> 
     </span>
    </p>
   </div>
   <div class='ocr_carea' id='block_1_51' title="bbox 961 1009 1748 1047">
    <p class='ocr_par' dir='ltr' id='par_1_51' title="bbox 961 1009 1748 1047">
     <span class='ocr_line' id='line_1_51' title="bbox 961 1009 1748 1047; baseline 0.004 -11"><span class='ocrx_word' id='word_1_377' title='bbox 961 1009 1083 1043; x_wconf 89' lang='lat' dir='ltr'><strong>inquam,</strong></span> <span class='ocrx_word' id='word_1_378' title='bbox 1104 1009 1258 1044; x_wconf 88' lang='lat' dir='ltr'><strong>illi,utpote</strong></span> <span class='ocrx_word' id='word_1_379' title='bbox 1279 1009 1339 1036; x_wconf 78' lang='lat' dir='ltr'><strong>Mali</strong></span> <span class='ocrx_word' id='word_1_380' title='bbox 1370 1018 1434 1038; x_wconf 85' lang='lat' dir='ltr'><strong>vere</strong></span> <span class='ocrx_word' id='word_1_381' title='bbox 1450 1011 1594 1046; x_wconf 81' lang='lat' dir='ltr'><strong>progenies</strong></span> <span class='ocrx_word' id='word_1_382' title='bbox 1610 1032 1617 1044; x_wconf 90' lang='lat'><strong>,</strong></span> <span class='ocrx_word' id='word_1_383' title='bbox 1642 1012 1748 1047; x_wconf 87' lang='lat' dir='ltr'><strong>suppli-</strong></span> 
     </span>
    </p>
   </div>
   <div class='ocr_carea' id='block_1_52' title="bbox 961 1054 1748 1092">
    <p class='ocr_par' dir='ltr' id='par_1_52' title="bbox 961 1054 1748 1092">
     <span class='ocr_line' id='line_1_52' title="bbox 961 1054 1748 1092; baseline 0.005 -11"><span class='ocrx_word' id='word_1_384' title='bbox 961 1054 1044 1086; x_wconf 83' lang='lat' dir='ltr'><strong>cium,</strong></span> <span class='ocrx_word' id='word_1_385' title='bbox 1057 1063 1106 1090; x_wconf 92' lang='lat' dir='ltr'><strong>per</strong></span> <span class='ocrx_word' id='word_1_386' title='bbox 1121 1055 1209 1090; x_wconf 79' lang='lat' dir='ltr'><strong>ignem</strong></span> <span class='ocrx_word' id='word_1_387' title='bbox 1227 1060 1253 1082; x_wconf 84' lang='lat' dir='ltr'><strong>et</strong></span> <span class='ocrx_word' id='word_1_388' title='bbox 1265 1056 1393 1083; x_wconf 87' lang='lat' dir='ltr'><strong>tenebras</strong></span> <span class='ocrx_word' id='word_1_389' title='bbox 1406 1056 1513 1084; x_wconf 85' lang='lat' dir='ltr'><strong>diabolo</strong></span> <span class='ocrx_word' id='word_1_390' title='bbox 1526 1061 1667 1092; x_wconf 88' lang='lat' dir='ltr'><strong>paratum,</strong></span> <span class='ocrx_word' id='word_1_391' title='bbox 1685 1066 1748 1092; x_wconf 86' lang='lat' dir='ltr'><strong>per-</strong></span> 
     </span>
    </p>
   </div>
   <div class='ocr_carea' id='block_1_53' title="bbox 961 1102 1750 1137">
    <p class='ocr_par' dir='ltr' id='par_1_53' title="bbox 961 1102 1750 1137">
     <span class='ocr_line' id='line_1_53' title="bbox 961 1102 1750 1137; baseline 0.003 -9"><span class='ocrx_word' id='word_1_392' title='bbox 961 1107 1044 1136; x_wconf 90' lang='lat' dir='ltr'><strong>petuo</strong></span> <span class='ocrx_word' id='word_1_393' title='bbox 1057 1106 1250 1137; x_wconf 77' lang='lat' dir='ltr'><strong>provocantes,</strong></span> <span class='ocrx_word' id='word_1_394' title='bbox 1282 1102 1390 1137; x_wconf 78' lang='lat' dir='ltr'><strong>dignam</strong></span> <span class='ocrx_word' id='word_1_395' title='bbox 1422 1102 1545 1130; x_wconf 84' lang='lat' dir='ltr'><strong>facinore</strong></span> <span class='ocrx_word' id='word_1_396' title='bbox 1569 1103 1750 1131; x_wconf 88' lang='lat' dir='ltr'><strong>audacissimo</strong></span> 
     </span>
    </p>
   </div>
   <div class='ocr_carea' id='block_1_54' title="bbox 962 1146 1750 1182">
    <p class='ocr_par' dir='ltr' id='par_1_54' title="bbox 962 1146 1750 1182">
     <span class='ocr_line' id='line_1_54' title="bbox 962 1146 1750 1182; baseline 0.003 -10"><span class='ocrx_word' id='word_1_397' title='bbox 962 1154 1069 1182; x_wconf 73' lang='lat' dir='ltr'><strong>pmnam</strong></span> <span class='ocrx_word' id='word_1_398' title='bbox 1085 1147 1160 1173; x_wconf 89' lang='lat' dir='ltr'><strong>luent</strong></span> <span class='ocrx_word' id='word_1_399' title='bbox 1171 1147 1182 1172; x_wconf 66' lang='grc' dir='ltr'><em>ἲ</em></span> <span class='ocrx_word' id='word_1_400' title='bbox 1195 1146 1228 1173; x_wconf 85' lang='grc' dir='ltr'><strong>Ει.</strong></span> <span class='ocrx_word' id='word_1_401' title='bbox 1239 1154 1274 1173; x_wconf 90' lang='lat' dir='ltr'><strong>ne</strong></span> <span class='ocrx_word' id='word_1_402' title='bbox 1285 1147 1325 1173; x_wconf 90' lang='lat' dir='ltr'><strong>sic</strong></span> <span class='ocrx_word' id='word_1_403' title='bbox 1338 1147 1448 1181; x_wconf 88' lang='lat' dir='ltr'><strong>quidem</strong></span> <span class='ocrx_word' id='word_1_404' title='bbox 1465 1146 1581 1179; x_wconf 83' lang='lat' dir='ltr'><strong>hiatum,</strong></span> <span class='ocrx_word' id='word_1_405' title='bbox 1611 1147 1657 1181; x_wconf 91' lang='lat' dir='ltr'><strong>qui</strong></span> <span class='ocrx_word' id='word_1_406' title='bbox 1678 1148 1750 1174; x_wconf 88' lang='lat' dir='ltr'><strong>inter</strong></span> 
     </span>
    </p>
   </div>
   <div class='ocr_carea' id='block_1_55' title="bbox 961 1192 1749 1228">
    <p class='ocr_par' dir='ltr' id='par_1_55' title="bbox 961 1192 1749 1228">
     <span class='ocr_line' id='line_1_55' title="bbox 961 1192 1749 1228; baseline 0.003 -10"><span class='ocrx_word' id='word_1_407' title='bbox 961 1192 1074 1219; x_wconf 88' lang='lat' dir='ltr'><strong>divitem</strong></span> <span class='ocrx_word' id='word_1_408' title='bbox 1093 1197 1120 1219; x_wconf 92' lang='lat' dir='ltr'><strong>et</strong></span> <span class='ocrx_word' id='word_1_409' title='bbox 1135 1192 1267 1220; x_wconf 86' lang='lat' dir='ltr'><strong>Lazarum</strong></span> <span class='ocrx_word' id='word_1_410' title='bbox 1279 1192 1441 1227; x_wconf 70' lang='lat' dir='ltr'><strong>inter-jectus</strong></span> <span class='ocrx_word' id='word_1_411' title='bbox 1457 1198 1509 1225; x_wconf 84' lang='lat' dir='ltr'><strong>est,</strong></span> <span class='ocrx_word' id='word_1_412' title='bbox 1524 1194 1623 1228; x_wconf 90' lang='lat' dir='ltr'><strong>quique</strong></span> <span class='ocrx_word' id='word_1_413' title='bbox 1633 1194 1749 1226; x_wconf 89' lang='lat' dir='ltr'><strong>animas,</strong></span> 
     </span>
    </p>
   </div>
   <div class='ocr_carea' id='block_1_56' title="bbox 962 1239 1747 1274">
    <p class='ocr_par' dir='ltr' id='par_1_56' title="bbox 962 1239 1747 1274">
     <span class='ocr_line' id='line_1_56' title="bbox 962 1239 1747 1274; baseline 0 -8"><span class='ocrx_word' id='word_1_414' title='bbox 962 1247 1025 1266; x_wconf 88' lang='lat' dir='ltr'><strong>cum</strong></span> <span class='ocrx_word' id='word_1_415' title='bbox 1040 1239 1194 1266; x_wconf 85' lang='lat' dir='ltr'><strong>Abrahamo</strong></span> <span class='ocrx_word' id='word_1_416' title='bbox 1218 1239 1415 1271; x_wconf 87' lang='lat' dir='ltr'><strong>convivantes,</strong></span> <span class='ocrx_word' id='word_1_417' title='bbox 1432 1239 1465 1267; x_wconf 91' lang='lat' dir='ltr'><strong>ab</strong></span> <span class='ocrx_word' id='word_1_418' title='bbox 1490 1239 1543 1266; x_wconf 87' lang='lat' dir='ltr'><strong>illis</strong></span> <span class='ocrx_word' id='word_1_419' title='bbox 1562 1245 1684 1274; x_wconf 83' lang='lat' dir='ltr'><strong>separat,</strong></span> <span class='ocrx_word' id='word_1_420' title='bbox 1699 1239 1747 1274; x_wconf 89' lang='lat' dir='ltr'><strong>qui</strong></span> 
     </span>
    </p>
   </div>
   <div class='ocr_carea' id='block_1_57' title="bbox 966 1283 1748 1319">
    <p class='ocr_par' dir='ltr' id='par_1_57' title="bbox 966 1283 1748 1319">
     <span class='ocr_line' id='line_1_57' title="bbox 966 1283 1748 1319; baseline 0 -8"><span class='ocrx_word' id='word_1_421' title='bbox 966 1284 1076 1311; x_wconf 66' lang='lat' dir='ltr'><strong>aeternis</strong></span> <span class='ocrx_word' id='word_1_422' title='bbox 1089 1284 1257 1312; x_wconf 83' lang='lat' dir='ltr'><strong>cruciatibus</strong></span> <span class='ocrx_word' id='word_1_423' title='bbox 1277 1283 1442 1319; x_wconf 80' lang='lat' dir='ltr'><strong>alﬂiguntur,</strong></span> <span class='ocrx_word' id='word_1_424' title='bbox 1456 1285 1661 1319; x_wconf 79' lang='lat' dir='ltr'><strong>expavescunt?</strong></span> <span class='ocrx_word' id='word_1_425' title='bbox 1679 1284 1748 1316; x_wconf 82' lang='lat' dir='ltr'><strong>Vah,</strong></span> 
     </span>
    </p>
   </div>
   <div class='ocr_carea' id='block_1_58' title="bbox 962 1330 1748 1365">
    <p class='ocr_par' dir='ltr' id='par_1_58' title="bbox 962 1330 1748 1365">
     <span class='ocr_line' id='line_1_58' title="bbox 962 1330 1748 1365; baseline 0 -8"><span class='ocrx_word' id='word_1_426' title='bbox 962 1338 1043 1365; x_wconf 89' lang='lat' dir='ltr'><strong>quam</strong></span> <span class='ocrx_word' id='word_1_427' title='bbox 1060 1330 1160 1357; x_wconf 86' lang='lat' dir='ltr'><strong>misere</strong></span> <span class='ocrx_word' id='word_1_428' title='bbox 1182 1331 1307 1357; x_wconf 87' lang='lat' dir='ltr'><strong>homines</strong></span> <span class='ocrx_word' id='word_1_429' title='bbox 1320 1350 1327 1362; x_wconf 96' lang='lat'><strong>,</strong></span> <span class='ocrx_word' id='word_1_430' title='bbox 1344 1330 1389 1364; x_wconf 91' lang='lat' dir='ltr'><strong>qui</strong></span> <span class='ocrx_word' id='word_1_431' title='bbox 1410 1330 1514 1357; x_wconf 94' lang='lat' dir='ltr'><strong>nullum</strong></span> <span class='ocrx_word' id='word_1_432' title='bbox 1532 1338 1619 1365; x_wconf 60' lang='lat' dir='ltr'><strong>poma:</strong></span> <span class='ocrx_word' id='word_1_433' title='bbox 1638 1338 1748 1358; x_wconf 79' lang='lat' dir='ltr'><strong>sensum</strong></span> 
     </span>
    </p>
   </div>
   <div class='ocr_carea' id='block_1_59' title="bbox 962 1376 1750 1411">
    <p class='ocr_par' dir='ltr' id='par_1_59' title="bbox 962 1376 1750 1411">
     <span class='ocr_line' id='line_1_59' title="bbox 962 1376 1750 1411; baseline 0.003 -9"><span class='ocrx_word' id='word_1_434' title='bbox 962 1383 1036 1403; x_wconf 88' lang='lat' dir='ltr'><strong>nunc</strong></span> <span class='ocrx_word' id='word_1_435' title='bbox 1051 1376 1185 1403; x_wconf 83' lang='lat' dir='ltr'><strong>habentes</strong></span> <span class='ocrx_word' id='word_1_436' title='bbox 1202 1376 1235 1403; x_wconf 84' lang='lat' dir='ltr'><strong>ab</strong></span> <span class='ocrx_word' id='word_1_437' title='bbox 1252 1376 1320 1411; x_wconf 88' lang='lat' dir='ltr'><strong>ipsis</strong></span> <span class='ocrx_word' id='word_1_438' title='bbox 1348 1376 1500 1403; x_wconf 77' lang='lat' dir='ltr'><strong>Servatoris</strong></span> <span class='ocrx_word' id='word_1_439' title='bbox 1520 1376 1602 1403; x_wconf 90' lang='lat' dir='ltr'><strong>minis</strong></span> <span class='ocrx_word' id='word_1_440' title='bbox 1618 1377 1667 1404; x_wconf 90' lang='lat' dir='ltr'><strong>sibi</strong></span> <span class='ocrx_word' id='word_1_441' title='bbox 1694 1385 1750 1404; x_wconf 90' lang='lat' dir='ltr'><strong>non</strong></span> 
     </span>
    </p>
   </div>
   <div class='ocr_carea' id='block_1_60' title="bbox 963 1420 1751 1455">
    <p class='ocr_par' dir='ltr' id='par_1_60' title="bbox 963 1420 1751 1455">
     <span class='ocr_line' id='line_1_60' title="bbox 963 1420 1751 1455; baseline 0 -7"><span class='ocrx_word' id='word_1_442' title='bbox 963 1420 1071 1451; x_wconf 83' lang='lat' dir='ltr'><strong>timent.</strong></span> <span class='ocrx_word' id='word_1_443' title='bbox 1083 1428 1125 1452; x_wconf 88' lang='lat' dir='ltr'><strong>eo,</strong></span> <span class='ocrx_word' id='word_1_444' title='bbox 1140 1428 1182 1452; x_wconf 80' lang='lat' dir='ltr'><strong>eo,</strong></span> <span class='ocrx_word' id='word_1_445' title='bbox 1200 1420 1311 1455; x_wconf 88' lang='lat' dir='ltr'><strong>inquam</strong></span> <span class='ocrx_word' id='word_1_446' title='bbox 1321 1440 1328 1454; x_wconf 89' lang='lat'><strong>,</strong></span> <span class='ocrx_word' id='word_1_447' title='bbox 1343 1425 1466 1455; x_wconf 84' lang='lat' dir='ltr'><strong>tempore</strong></span> <span class='ocrx_word' id='word_1_448' title='bbox 1479 1420 1655 1447; x_wconf 87' lang='lat' dir='ltr'><strong>acerbitatem</strong></span> <span class='ocrx_word' id='word_1_449' title='bbox 1673 1421 1751 1450; x_wconf 84' lang='lat' dir='ltr'><strong>dolo-</strong></span> 
     </span>
    </p>
   </div>
   <div class='ocr_carea' id='block_1_61' title="bbox 963 1466 1752 1502">
    <p class='ocr_par' dir='ltr' id='par_1_61' title="bbox 963 1466 1752 1502">
     <span class='ocr_line' id='line_1_61' title="bbox 963 1466 1752 1502; baseline 0 -9"><span class='ocrx_word' id='word_1_450' title='bbox 963 1475 1024 1493; x_wconf 85' lang='lat' dir='ltr'><strong>rum</strong></span> <span class='ocrx_word' id='word_1_451' title='bbox 1038 1466 1207 1501; x_wconf 89' lang='lat' dir='ltr'><strong>experiundo</strong></span> <span class='ocrx_word' id='word_1_452' title='bbox 1219 1466 1322 1498; x_wconf 85' lang='lat' dir='ltr'><strong>edocti,</strong></span> <span class='ocrx_word' id='word_1_453' title='bbox 1337 1467 1499 1502; x_wconf 87' lang='lat' dir='ltr'><strong>nullumque</strong></span> <span class='ocrx_word' id='word_1_454' title='bbox 1521 1475 1612 1502; x_wconf 69' lang='lat' dir='ltr'><strong>opera:</strong></span> <span class='ocrx_word' id='word_1_455' title='bbox 1636 1474 1693 1494; x_wconf 75' lang='lat' dir='ltr'><strong>sua:</strong></span> <span class='ocrx_word' id='word_1_456' title='bbox 1710 1467 1752 1494; x_wconf 89' lang='lat' dir='ltr'><strong>lu-</strong></span> 
     </span>
    </p>
   </div>
   <div class='ocr_carea' id='block_1_62' title="bbox 117 1512 910 1552">
    <p class='ocr_par' dir='ltr' id='par_1_62' title="bbox 117 1515 910 1551">
     <span class='ocr_line' id='line_1_62' title="bbox 117 1515 910 1551; baseline 0.001 -10"><span class='ocrx_word' id='word_1_457' title='bbox 117 1524 199 1548; x_wconf 78' lang='grc' dir='ltr'>πασι,</span> <span class='ocrx_word' id='word_1_458' title='bbox 218 1515 278 1542; x_wconf 82' lang='grc' dir='ltr'>τότε</span> <span class='ocrx_word' id='word_1_459' title='bbox 294 1515 338 1550; x_wconf 82' lang='grc' dir='ltr'><strong>δὴ,</strong></span> <span class='ocrx_word' id='word_1_460' title='bbox 354 1516 415 1541; x_wconf 86' lang='grc' dir='ltr'>τότε</span> <span class='ocrx_word' id='word_1_461' title='bbox 439 1516 522 1551; x_wconf 69' lang='grc' dir='ltr'>πείρα</span> <span class='ocrx_word' id='word_1_462' title='bbox 540 1515 572 1542; x_wconf 84' lang='grc' dir='ltr'>τὺ</span> <span class='ocrx_word' id='word_1_463' title='bbox 598 1516 696 1551; x_wconf 82' lang='grc' dir='ltr'>πικρὸν</span> <span class='ocrx_word' id='word_1_464' title='bbox 721 1516 770 1550; x_wconf 84' lang='grc' dir='ltr'>τῆς</span> <span class='ocrx_word' id='word_1_465' title='bbox 795 1516 910 1551; x_wconf 78' lang='grc' dir='ltr'>βασάνου</span> 
     </span>
    </p>
   </div>
   <div class='ocr_carea' id='block_1_63' title="bbox 962 1512 1753 1552">
    <p class='ocr_par' dir='ltr' id='par_1_63' title="bbox 964 1512 1753 1549">
     <span class='ocr_line' id='line_1_63' title="bbox 964 1512 1753 1549; baseline 0 -9"><span class='ocrx_word' id='word_1_466' title='bbox 964 1521 1041 1540; x_wconf 90' lang='lat' dir='ltr'><strong>crum</strong></span> <span class='ocrx_word' id='word_1_467' title='bbox 1056 1513 1212 1549; x_wconf 82' lang='lat' dir='ltr'><strong>capientes,</strong></span> <span class='ocrx_word' id='word_1_468' title='bbox 1228 1518 1322 1540; x_wconf 90' lang='lat' dir='ltr'><strong>contra</strong></span> <span class='ocrx_word' id='word_1_469' title='bbox 1338 1521 1366 1540; x_wconf 86' lang='lat' dir='ltr'><strong>se</strong></span> <span class='ocrx_word' id='word_1_470' title='bbox 1380 1513 1453 1548; x_wconf 89' lang='lat' dir='ltr'><strong>ipsos</strong></span> <span class='ocrx_word' id='word_1_471' title='bbox 1465 1513 1573 1545; x_wconf 86' lang='lat' dir='ltr'><strong>duram,</strong></span> <span class='ocrx_word' id='word_1_472' title='bbox 1599 1512 1706 1548; x_wconf 72' lang='lat' dir='ltr'><strong>longam</strong></span> <span class='ocrx_word' id='word_1_473' title='bbox 1724 1517 1753 1540; x_wconf 82' lang='lat' dir='ltr'><strong>et</strong></span> 
     </span>
    </p>
   </div>
   <div class='ocr_carea' id='block_1_64' title="bbox 117 1561 912 1597">
    <p class='ocr_par' dir='ltr' id='par_1_64' title="bbox 117 1561 912 1597">
     <span class='ocr_line' id='line_1_64' title="bbox 117 1561 912 1597; baseline 0.003 -10"><span class='ocrx_word' id='word_1_474' title='bbox 117 1561 266 1597; x_wconf 82' lang='grc' dir='ltr'>μαθόντες,</span> <span class='ocrx_word' id='word_1_475' title='bbox 282 1562 335 1588; x_wconf 68' lang='grc' dir='ltr'>κᾶν</span> <span class='ocrx_word' id='word_1_476' title='bbox 353 1561 428 1588; x_wconf 77' lang='grc' dir='ltr'>οὐδὲν</span> <span class='ocrx_word' id='word_1_477' title='bbox 441 1561 537 1596; x_wconf 82' lang='grc' dir='ltr'>κέρδος</span> <span class='ocrx_word' id='word_1_478' title='bbox 555 1561 729 1596; x_wconf 77' lang='grc' dir='ltr'>εὑρήσουσιν,</span> <span class='ocrx_word' id='word_1_479' title='bbox 750 1562 850 1597; x_wconf 84' lang='grc' dir='ltr'>πολλὴν</span> <span class='ocrx_word' id='word_1_480' title='bbox 865 1564 912 1589; x_wconf 81' lang='grc' dir='ltr'>καὶ</span> 
     </span>
    </p>
   </div>
   <div class='ocr_carea' id='block_1_65' title="bbox 120 1607 912 1644">
    <p class='ocr_par' dir='ltr' id='par_1_65' title="bbox 120 1607 912 1644">
     <span class='ocr_line' id='line_1_65' title="bbox 120 1607 912 1644; baseline 0.004 -11"><span class='ocrx_word' id='word_1_481' title='bbox 120 1607 234 1643; x_wconf 74' lang='grc' dir='ltr'>μακρὰν</span> <span class='ocrx_word' id='word_1_482' title='bbox 258 1608 306 1634; x_wconf 76' lang='grc' dir='ltr'><strong>καὶ</strong></span> <span class='ocrx_word' id='word_1_483' title='bbox 333 1607 514 1642; x_wconf 80' lang='grc' dir='ltr'>ἀτελεύτητον</span> <span class='ocrx_word' id='word_1_484' title='bbox 546 1608 650 1634; x_wconf 76' lang='grc' dir='ltr'>ἑαυτῶν</span> <span class='ocrx_word' id='word_1_485' title='bbox 675 1609 833 1644; x_wconf 75' lang='grc' dir='ltr'>ποιήσονται</span> <span class='ocrx_word' id='word_1_486' title='bbox 863 1609 912 1644; x_wconf 80' lang='grc' dir='ltr'><strong>τὴν</strong></span> 
     </span>
    </p>
   </div>
   <div class='ocr_carea' id='block_1_66' title="bbox 120 1654 912 1690">
    <p class='ocr_par' dir='ltr' id='par_1_66' title="bbox 120 1654 912 1690">
     <span class='ocr_line' id='line_1_66' title="bbox 120 1654 912 1690; baseline 0.001 -9"><span class='ocrx_word' id='word_1_487' title='bbox 120 1654 315 1688; x_wconf 70' lang='grc' dir='ltr'>κατάγνωσινί</span> <span class='ocrx_word' id='word_1_488' title='bbox 332 1654 460 1681; x_wconf 76' lang='grc' dir='ltr'>Μάλιστα</span> <span class='ocrx_word' id='word_1_489' title='bbox 486 1654 541 1689; x_wconf 78' lang='grc' dir='ltr'><strong>γὰρ</strong></span> <span class='ocrx_word' id='word_1_490' title='bbox 562 1655 672 1681; x_wconf 68' lang='grc' dir='ltr'>ἐπειδὰν</span> <span class='ocrx_word' id='word_1_491' title='bbox 703 1655 749 1681; x_wconf 77' lang='grc' dir='ltr'>τὸν</span> <span class='ocrx_word' id='word_1_492' title='bbox 775 1655 912 1690; x_wconf 76' lang='grc' dir='ltr'>Ἀδραὶιμ,</span> 
     </span>
    </p>
   </div>
   <div class='ocr_carea' id='block_1_67' title="bbox 120 1699 913 1735">
    <p class='ocr_par' dir='ltr' id='par_1_67' title="bbox 120 1699 913 1735">
     <span class='ocr_line' id='line_1_67' title="bbox 120 1699 913 1735; baseline -0.001 -8"><span class='ocrx_word' id='word_1_493' title='bbox 120 1701 196 1727; x_wconf 76' lang='grc' dir='ltr'><strong>κατὰ</strong></span> <span class='ocrx_word' id='word_1_494' title='bbox 210 1701 259 1735; x_wconf 80' lang='grc' dir='ltr'>τὴν</span> <span class='ocrx_word' id='word_1_495' title='bbox 281 1699 328 1727; x_wconf 80' lang='grc' dir='ltr'>τοῦ</span> <span class='ocrx_word' id='word_1_496' title='bbox 347 1700 475 1726; x_wconf 86' lang='grc' dir='ltr'>πλουσίου</span> <span class='ocrx_word' id='word_1_497' title='bbox 493 1699 661 1735; x_wconf 75' lang='grc' dir='ltr'>παραδολὴν,</span> <span class='ocrx_word' id='word_1_498' title='bbox 684 1701 724 1732; x_wconf 75' lang='grc' dir='ltr'>εἰς</span> <span class='ocrx_word' id='word_1_499' title='bbox 752 1701 913 1735; x_wconf 82' lang='grc' dir='ltr'>ἐπικουρίαν</span> 
     </span>
    </p>
   </div>
   <div class='ocr_carea' id='block_1_68' title="bbox 122 1744 913 1781">
    <p class='ocr_par' dir='ltr' id='par_1_68' title="bbox 122 1744 913 1781">
     <span class='ocr_line' id='line_1_68' title="bbox 122 1744 913 1781; baseline 0.001 -10"><span class='ocrx_word' id='word_1_500' title='bbox 122 1744 289 1778; x_wconf 76' lang='grc' dir='ltr'>καλοῦντες,</span> <span class='ocrx_word' id='word_1_501' title='bbox 320 1745 351 1772; x_wconf 82' lang='grc' dir='ltr'>ὃν</span> <span class='ocrx_word' id='word_1_502' title='bbox 376 1745 540 1781; x_wconf 76' lang='grc' dir='ltr'>ἐχλεύαζον,</span> <span class='ocrx_word' id='word_1_503' title='bbox 569 1744 696 1772; x_wconf 78' lang='grc' dir='ltr'>ἐλεοῦντα</span> <span class='ocrx_word' id='word_1_504' title='bbox 715 1746 764 1781; x_wconf 81' lang='grc' dir='ltr'><strong>οὐχ</strong></span> <span class='ocrx_word' id='word_1_505' title='bbox 782 1746 913 1781; x_wconf 84' lang='grc' dir='ltr'>εὑρήσου-</span> 
     </span>
    </p>
   </div>
   <div class='ocr_carea' id='block_1_69' title="bbox 121 1791 913 1827">
    <p class='ocr_par' dir='ltr' id='par_1_69' title="bbox 121 1791 913 1827">
     <span class='ocr_line' id='line_1_69' title="bbox 121 1791 913 1827; baseline 0.003 -10"><span class='ocrx_word' id='word_1_506' title='bbox 121 1799 166 1817; x_wconf 87' lang='grc' dir='ltr'><strong>σιν</strong></span> <span class='ocrx_word' id='word_1_507' title='bbox 184 1791 252 1826; x_wconf 73' lang='lat'><strong>(25).</strong></span> <span class='ocrx_word' id='word_1_508' title='bbox 274 1791 304 1818; x_wconf 82' lang='grc' dir='ltr'><strong>Εἰ</strong></span> <span class='ocrx_word' id='word_1_509' title='bbox 325 1791 380 1827; x_wconf 77' lang='grc' dir='ltr'>γὰρ</span> <span class='ocrx_word' id='word_1_510' title='bbox 401 1791 414 1817; x_wconf 86' lang='grc' dir='ltr'>ὁ</span> <span class='ocrx_word' id='word_1_511' title='bbox 427 1792 467 1823; x_wconf 83' lang='grc' dir='ltr'><strong>είς</strong></span> <span class='ocrx_word' id='word_1_512' title='bbox 479 1791 525 1818; x_wconf 82' lang='grc' dir='ltr'><strong>τὸν</strong></span> <span class='ocrx_word' id='word_1_513' title='bbox 539 1791 664 1826; x_wconf 77' lang='grc' dir='ltr'>Λάζαρον</span> <span class='ocrx_word' id='word_1_514' title='bbox 676 1792 844 1827; x_wconf 81' lang='grc' dir='ltr'>παροινήσας</span> <span class='ocrx_word' id='word_1_515' title='bbox 858 1792 913 1819; x_wconf 85' lang='grc' dir='ltr'>τῶν</span> 
     </span>
    </p>
   </div>
   <div class='ocr_carea' id='block_1_70' title="bbox 127 1837 911 1874">
    <p class='ocr_par' dir='ltr' id='par_1_70' title="bbox 127 1837 911 1874">
     <span class='ocr_line' id='line_1_70' title="bbox 127 1837 911 1874; baseline 0.001 -11"><span class='ocrx_word' id='word_1_516' title='bbox 127 1837 317 1872; x_wconf 76' lang='grc' dir='ltr'>Ἀϐραμιαίων</span> <span class='ocrx_word' id='word_1_517' title='bbox 333 1838 442 1864; x_wconf 84' lang='grc' dir='ltr'>κόλπων</span> <span class='ocrx_word' id='word_1_518' title='bbox 453 1838 561 1874; x_wconf 76' lang='grc' dir='ltr'>φοῦερῷ</span> <span class='ocrx_word' id='word_1_519' title='bbox 575 1837 694 1873; x_wconf 80' lang='grc' dir='ltr'>χάσματι</span> <span class='ocrx_word' id='word_1_520' title='bbox 708 1837 911 1873; x_wconf 76' lang='grc' dir='ltr'>ὑπερορίζεται,</span> 
     </span>
    </p>
   </div>
   <div class='ocr_carea' id='block_1_71' title="bbox 119 1882 911 1918">
    <p class='ocr_par' dir='ltr' id='par_1_71' title="bbox 119 1882 911 1918">
     <span class='ocr_line' id='line_1_71' title="bbox 119 1882 911 1918; baseline 0 -10"><span class='ocrx_word' id='word_1_521' title='bbox 119 1883 170 1909; x_wconf 72' lang='grc' dir='ltr'><strong>καὶ</strong></span> <span class='ocrx_word' id='word_1_522' title='bbox 181 1883 220 1917; x_wconf 87' lang='grc' dir='ltr'>τῷ</span> <span class='ocrx_word' id='word_1_523' title='bbox 235 1883 377 1917; x_wconf 78' lang='grc' dir='ltr'>ἀκοιμήτῳ</span> <span class='ocrx_word' id='word_1_524' title='bbox 393 1883 460 1918; x_wconf 74' lang='grc' dir='ltr'>πυρὶ</span> <span class='ocrx_word' id='word_1_525' title='bbox 476 1883 526 1918; x_wconf 81' lang='grc' dir='ltr'><strong>τὴν</strong></span> <span class='ocrx_word' id='word_1_526' title='bbox 545 1882 622 1918; x_wconf 87' lang='grc' dir='ltr'>δίκην</span> <span class='ocrx_word' id='word_1_527' title='bbox 640 1884 688 1918; x_wconf 82' lang='grc' dir='ltr'><strong>τῆς</strong></span> <span class='ocrx_word' id='word_1_528' title='bbox 702 1882 911 1917; x_wconf 77' lang='grc' dir='ltr'>ἀφιλανθρὼπου</span> 
     </span>
    </p>
   </div>
   <div class='ocr_carea' id='block_1_72' title="bbox 119 1928 913 1964">
    <p class='ocr_par' dir='ltr' id='par_1_72' title="bbox 119 1928 913 1964">
     <span class='ocr_line' id='line_1_72' title="bbox 119 1928 913 1964; baseline 0 -10"><span class='ocrx_word' id='word_1_529' title='bbox 119 1929 236 1964; x_wconf 81' lang='grc' dir='ltr'>γνώμης</span> <span class='ocrx_word' id='word_1_530' title='bbox 256 1929 413 1956; x_wconf 83' lang='grc' dir='ltr'>ἁπαιτεῖται</span> <span class='ocrx_word' id='word_1_531' title='bbox 429 1936 436 1942; x_wconf 91' lang='grc'><strong>·</strong></span> <span class='ocrx_word' id='word_1_532' title='bbox 454 1930 566 1964; x_wconf 75' lang='grc' dir='ltr'>καὶτῆς</span> <span class='ocrx_word' id='word_1_533' title='bbox 585 1928 725 1964; x_wconf 91' lang='grc' dir='ltr'>μακαρίας</span> <span class='ocrx_word' id='word_1_534' title='bbox 740 1928 847 1963; x_wconf 78' lang='grc' dir='ltr'>ἐκείνης</span> <span class='ocrx_word' id='word_1_535' title='bbox 869 1929 913 1954; x_wconf 85' lang='grc' dir='ltr'>εὑ-</span> 
     </span>
    </p>
   </div>
   <div class='ocr_carea' id='block_1_73' title="bbox 119 1975 911 2011">
    <p class='ocr_par' dir='ltr' id='par_1_73' title="bbox 119 1975 911 2011">
     <span class='ocr_line' id='line_1_73' title="bbox 119 1975 911 2011; baseline -0.001 -9"><span class='ocrx_word' id='word_1_536' title='bbox 119 1975 260 2011; x_wconf 73' lang='grc' dir='ltr'>φροσύνης</span> <span class='ocrx_word' id='word_1_537' title='bbox 286 1976 334 2002; x_wconf 81' lang='grc' dir='ltr'><strong>καὶ</strong></span> <span class='ocrx_word' id='word_1_538' title='bbox 360 1975 541 2006; x_wconf 83' lang='grc' dir='ltr'>ἀναπαύσεως</span> <span class='ocrx_word' id='word_1_539' title='bbox 560 1975 682 2010; x_wconf 85' lang='grc' dir='ltr'>γλίχεται</span> <span class='ocrx_word' id='word_1_540' title='bbox 705 1975 765 2010; x_wconf 79' lang='grc' dir='ltr'>μὲν,</span> <span class='ocrx_word' id='word_1_541' title='bbox 779 1975 911 2010; x_wconf 86' lang='grc' dir='ltr'>ἀπείργε-</span> 
     </span>
    </p>
   </div>
   <div class='ocr_carea' id='block_1_74' title="bbox 118 2020 911 2056">
    <p class='ocr_par' dir='ltr' id='par_1_74' title="bbox 118 2020 911 2056">
     <span class='ocr_line' id='line_1_74' title="bbox 118 2020 911 2056; baseline -0.001 -8"><span class='ocrx_word' id='word_1_542' title='bbox 118 2030 166 2048; x_wconf 84' lang='grc' dir='ltr'><strong>ται</strong></span> <span class='ocrx_word' id='word_1_543' title='bbox 177 2022 217 2054; x_wconf 85' lang='grc' dir='ltr'><strong>δὲ,</strong></span> <span class='ocrx_word' id='word_1_544' title='bbox 235 2021 283 2048; x_wconf 78' lang='grc' dir='ltr'>καὶ</span> <span class='ocrx_word' id='word_1_545' title='bbox 301 2021 429 2056; x_wconf 72' lang='grc' dir='ltr'>φλέγεται</span> <span class='ocrx_word' id='word_1_546' title='bbox 449 2021 499 2056; x_wconf 81' lang='grc' dir='ltr'><strong>μὲν</strong></span> <span class='ocrx_word' id='word_1_547' title='bbox 516 2020 564 2056; x_wconf 83' lang='grc' dir='ltr'>τὴν</span> <span class='ocrx_word' id='word_1_548' title='bbox 577 2021 714 2054; x_wconf 86' lang='grc' dir='ltr'>γλῶσσαν,</span> <span class='ocrx_word' id='word_1_549' title='bbox 730 2021 856 2048; x_wconf 78' lang='grc' dir='ltr'>ὀδυνᾶται</span> <span class='ocrx_word' id='word_1_550' title='bbox 881 2021 911 2048; x_wconf 87' lang='grc' dir='ltr'><strong>δὲ</strong></span> 
     </span>
    </p>
   </div>
   <div class='ocr_carea' id='block_1_75' title="bbox 118 2067 909 2103">
    <p class='ocr_par' dir='ltr' id='par_1_75' title="bbox 118 2067 909 2103">
     <span class='ocr_line' id='line_1_75' title="bbox 118 2067 909 2103; baseline 0.001 -9"><span class='ocrx_word' id='word_1_551' title='bbox 118 2068 224 2102; x_wconf 83' lang='grc' dir='ltr'>πικρὰς</span> <span class='ocrx_word' id='word_1_552' title='bbox 239 2068 335 2100; x_wconf 74' lang='grc' dir='ltr'>ὀδύνας</span> <span class='ocrx_word' id='word_1_553' title='bbox 348 2077 355 2084; x_wconf 89' lang='grc'>·</span> <span class='ocrx_word' id='word_1_554' title='bbox 372 2068 419 2095; x_wconf 81' lang='grc' dir='ltr'>καὶ</span> <span class='ocrx_word' id='word_1_555' title='bbox 443 2069 505 2094; x_wconf 85' lang='grc' dir='ltr'>τότε</span> <span class='ocrx_word' id='word_1_556' title='bbox 521 2069 569 2103; x_wconf 81' lang='grc' dir='ltr'>τῆς</span> <span class='ocrx_word' id='word_1_557' title='bbox 585 2068 729 2103; x_wconf 83' lang='grc' dir='ltr'>παροινίας</span> <span class='ocrx_word' id='word_1_558' title='bbox 757 2067 851 2103; x_wconf 76' lang='grc' dir='ltr'>οὔσης,</span> <span class='ocrx_word' id='word_1_559' title='bbox 867 2069 909 2095; x_wconf 84' lang='grc' dir='ltr'>ὅτι</span> 
     </span>
    </p>
   </div>
   <div class='ocr_carea' id='block_1_76' title="bbox 119 2113 910 2150">
    <p class='ocr_par' dir='ltr' id='par_1_76' title="bbox 119 2113 910 2150">
     <span class='ocr_line' id='line_1_76' title="bbox 119 2113 910 2150; baseline 0.001 -10"><span class='ocrx_word' id='word_1_560' title='bbox 119 2113 161 2149; x_wconf 83' lang='grc' dir='ltr'>μὴ</span> <span class='ocrx_word' id='word_1_561' title='bbox 186 2113 321 2149; x_wconf 78' lang='grc' dir='ltr'>μετέδωκε</span> <span class='ocrx_word' id='word_1_562' title='bbox 340 2114 378 2150; x_wconf 80' lang='grc' dir='ltr'>τῷ</span> <span class='ocrx_word' id='word_1_563' title='bbox 393 2114 509 2148; x_wconf 78' lang='grc' dir='ltr'>ὀμοφυεῖ</span> <span class='ocrx_word' id='word_1_564' title='bbox 535 2114 718 2149; x_wconf 80' lang='grc' dir='ltr'>συμπαθείας,</span> <span class='ocrx_word' id='word_1_565' title='bbox 736 2114 792 2141; x_wconf 84' lang='grc' dir='ltr'>ἀλλ’</span> <span class='ocrx_word' id='word_1_566' title='bbox 808 2116 858 2150; x_wconf 83' lang='grc' dir='ltr'>οὑχ</span> <span class='ocrx_word' id='word_1_567' title='bbox 868 2115 910 2142; x_wconf 86' lang='grc' dir='ltr'>ὃτι</span> 
     </span>
    </p>
   </div>
   <div class='ocr_carea' id='block_1_77' title="bbox 118 2159 909 2196">
    <p class='ocr_par' dir='ltr' id='par_1_77' title="bbox 118 2159 909 2196">
     <span class='ocr_line' id='line_1_77' title="bbox 118 2159 909 2196; baseline 0.003 -10"><span class='ocrx_word' id='word_1_568' title='bbox 118 2160 220 2196; x_wconf 79' lang='grc' dir='ltr'>χλεύην</span> <span class='ocrx_word' id='word_1_569' title='bbox 235 2160 397 2195; x_wconf 80' lang='grc' dir='ltr'>ἐπήνεγκεν,</span> <span class='ocrx_word' id='word_1_570' title='bbox 415 2160 431 2196; x_wconf 82' lang='grc' dir='ltr'><strong>ἢ</strong></span> <span class='ocrx_word' id='word_1_571' title='bbox 449 2161 599 2196; x_wconf 85' lang='grc' dir='ltr'>δυσφημῶν</span> <span class='ocrx_word' id='word_1_572' title='bbox 615 2159 692 2196; x_wconf 69' lang='grc' dir='ltr'>ὥξροη</span> <span class='ocrx_word' id='word_1_573' title='bbox 709 2170 715 2176; x_wconf 88' lang='grc'>·</span> <span class='ocrx_word' id='word_1_574' title='bbox 734 2161 793 2194; x_wconf 81' lang='grc' dir='ltr'><strong>πῶς</strong></span> <span class='ocrx_word' id='word_1_575' title='bbox 814 2163 863 2188; x_wconf 86' lang='grc' dir='ltr'>οὐκ</span> <span class='ocrx_word' id='word_1_576' title='bbox 875 2161 909 2188; x_wconf 79' lang='grc' dir='ltr'><strong>ἂν</strong></span> 
     </span>
    </p>
   </div>
   <div class='ocr_carea' id='block_1_78' title="bbox 965 1560 1748 1596">
    <p class='ocr_par' dir='ltr' id='par_1_78' title="bbox 965 1560 1748 1596">
     <span class='ocr_line' id='line_1_78' title="bbox 965 1560 1748 1596; baseline -0.001 -8"><span class='ocrx_word' id='word_1_577' title='bbox 965 1569 1021 1588; x_wconf 89' lang='lat' dir='ltr'><strong>non</strong></span> <span class='ocrx_word' id='word_1_578' title='bbox 1034 1561 1214 1588; x_wconf 80' lang='lat' dir='ltr'><strong>revocandam</strong></span> <span class='ocrx_word' id='word_1_579' title='bbox 1237 1561 1401 1588; x_wconf 83' lang='lat' dir='ltr'><strong>sententiam</strong></span> <span class='ocrx_word' id='word_1_580' title='bbox 1416 1561 1521 1590; x_wconf 79' lang='lat' dir='ltr'><strong>ferent!</strong></span> <span class='ocrx_word' id='word_1_581' title='bbox 1539 1560 1622 1595; x_wconf 86' lang='lat' dir='ltr'><strong>quue</strong></span> <span class='ocrx_word' id='word_1_582' title='bbox 1646 1561 1672 1588; x_wconf 92' lang='lat' dir='ltr'><strong>iu</strong></span> <span class='ocrx_word' id='word_1_583' title='bbox 1689 1561 1748 1596; x_wconf 88' lang='lat' dir='ltr'><strong>pri-</strong></span> 
     </span>
    </p>
   </div>
   <div class='ocr_carea' id='block_1_79' title="bbox 966 1606 1754 1642">
    <p class='ocr_par' dir='ltr' id='par_1_79' title="bbox 966 1606 1754 1642">
     <span class='ocr_line' id='line_1_79' title="bbox 966 1606 1754 1642; baseline 0 -8"><span class='ocrx_word' id='word_1_584' title='bbox 966 1607 1017 1634; x_wconf 72' lang='lat' dir='ltr'><strong>uris</strong></span> <span class='ocrx_word' id='word_1_585' title='bbox 1034 1611 1108 1639; x_wconf 89' lang='lat' dir='ltr'><strong>tunc,</strong></span> <span class='ocrx_word' id='word_1_586' title='bbox 1123 1606 1167 1634; x_wconf 88' lang='lat' dir='ltr'><strong>ubi</strong></span> <span class='ocrx_word' id='word_1_587' title='bbox 1185 1607 1335 1634; x_wconf 84' lang='lat' dir='ltr'><strong>secundum</strong></span> <span class='ocrx_word' id='word_1_588' title='bbox 1349 1607 1504 1641; x_wconf 86' lang='lat' dir='ltr'><strong>parabolam</strong></span> <span class='ocrx_word' id='word_1_589' title='bbox 1519 1607 1553 1634; x_wconf 88' lang='lat' dir='ltr'><strong>de</strong></span> <span class='ocrx_word' id='word_1_590' title='bbox 1568 1606 1651 1635; x_wconf 79' lang='lat' dir='ltr'><strong>divite</strong></span> <span class='ocrx_word' id='word_1_591' title='bbox 1662 1607 1754 1642; x_wconf 83' lang='lat' dir='ltr'><strong>prola-</strong></span> 
     </span>
    </p>
   </div>
   <div class='ocr_carea' id='block_1_80' title="bbox 966 1653 1752 1688">
    <p class='ocr_par' dir='ltr' id='par_1_80' title="bbox 966 1653 1752 1688">
     <span class='ocr_line' id='line_1_80' title="bbox 966 1653 1752 1688; baseline 0 -9"><span class='ocrx_word' id='word_1_592' title='bbox 966 1658 1018 1680; x_wconf 88' lang='lat' dir='ltr'><strong>tam</strong></span> <span class='ocrx_word' id='word_1_593' title='bbox 1039 1653 1220 1680; x_wconf 79' lang='lat' dir='ltr'><strong>Abrahamum</strong></span> <span class='ocrx_word' id='word_1_594' title='bbox 1237 1653 1264 1680; x_wconf 94' lang='lat' dir='ltr'><strong>in</strong></span> <span class='ocrx_word' id='word_1_595' title='bbox 1277 1653 1408 1681; x_wconf 82' lang='lat' dir='ltr'><strong>auxilium</strong></span> <span class='ocrx_word' id='word_1_596' title='bbox 1426 1658 1566 1685; x_wconf 84' lang='lat' dir='ltr'><strong>vocantes.</strong></span> <span class='ocrx_word' id='word_1_597' title='bbox 1585 1661 1658 1686; x_wconf 90' lang='lat' dir='ltr'><strong>eum,</strong></span> <span class='ocrx_word' id='word_1_598' title='bbox 1670 1661 1752 1688; x_wconf 89' lang='lat' dir='ltr'><strong>quem</strong></span> 
     </span>
    </p>
   </div>
   <div class='ocr_carea' id='block_1_81' title="bbox 964 1698 1752 1732">
    <p class='ocr_par' dir='ltr' id='par_1_81' title="bbox 964 1698 1752 1732">
     <span class='ocr_line' id='line_1_81' title="bbox 964 1698 1752 1732; baseline -0.001 -6"><span class='ocrx_word' id='word_1_599' title='bbox 964 1705 1044 1726; x_wconf 90' lang='lat' dir='ltr'><strong>antea</strong></span> <span class='ocrx_word' id='word_1_600' title='bbox 1062 1699 1182 1726; x_wconf 91' lang='lat' dir='ltr'><strong>ludibrio</strong></span> <span class='ocrx_word' id='word_1_601' title='bbox 1201 1698 1377 1732; x_wconf 86' lang='lat' dir='ltr'><strong>habuerunt,</strong></span> <span class='ocrx_word' id='word_1_602' title='bbox 1406 1699 1480 1726; x_wconf 85' lang='lat' dir='ltr'><strong>nulla</strong></span> <span class='ocrx_word' id='word_1_603' title='bbox 1509 1699 1550 1727; x_wconf 88' lang='lat' dir='ltr'><strong>sui</strong></span> <span class='ocrx_word' id='word_1_604' title='bbox 1576 1699 1752 1727; x_wconf 85' lang='lat' dir='ltr'><strong>miseratione</strong></span> 
     </span>
    </p>
   </div>
   <div class='ocr_carea' id='block_1_82' title="bbox 966 1744 1753 1779">
    <p class='ocr_par' dir='ltr' id='par_1_82' title="bbox 966 1744 1753 1779">
     <span class='ocr_line' id='line_1_82' title="bbox 966 1744 1753 1779; baseline -0.003 -6"><span class='ocrx_word' id='word_1_605' title='bbox 966 1750 1068 1773; x_wconf 79' lang='lat' dir='ltr'><strong>tactum</strong></span> <span class='ocrx_word' id='word_1_606' title='bbox 1081 1745 1231 1772; x_wconf 85' lang='lat' dir='ltr'><strong>invenient.</strong></span> <span class='ocrx_word' id='word_1_607' title='bbox 1249 1745 1276 1772; x_wconf 86' lang='lat' dir='ltr'><strong>Si</strong></span> <span class='ocrx_word' id='word_1_608' title='bbox 1292 1745 1364 1772; x_wconf 90' lang='lat' dir='ltr'><strong>enim</strong></span> <span class='ocrx_word' id='word_1_609' title='bbox 1382 1744 1464 1772; x_wconf 91' lang='lat' dir='ltr'><strong>homo</strong></span> <span class='ocrx_word' id='word_1_610' title='bbox 1486 1745 1512 1771; x_wconf 91' lang='lat' dir='ltr'><strong>in</strong></span> <span class='ocrx_word' id='word_1_611' title='bbox 1527 1745 1657 1773; x_wconf 86' lang='lat' dir='ltr'><strong>Lazarum</strong></span> <span class='ocrx_word' id='word_1_612' title='bbox 1679 1745 1753 1779; x_wconf 86' lang='lat' dir='ltr'><strong>inju-</strong></span> 
     </span>
    </p>
   </div>
   <div class='ocr_carea' id='block_1_83' title="bbox 965 1789 1752 1824">
    <p class='ocr_par' dir='ltr' id='par_1_83' title="bbox 965 1789 1752 1824">
     <span class='ocr_line' id='line_1_83' title="bbox 965 1789 1752 1824; baseline -0.004 -6"><span class='ocrx_word' id='word_1_613' title='bbox 965 1791 1022 1818; x_wconf 87' lang='lat' dir='ltr'><strong>rius</strong></span> <span class='ocrx_word' id='word_1_614' title='bbox 1037 1791 1070 1818; x_wconf 82' lang='lat' dir='ltr'><strong>ab</strong></span> <span class='ocrx_word' id='word_1_615' title='bbox 1085 1790 1232 1817; x_wconf 88' lang='lat' dir='ltr'><strong>Abrahami</strong></span> <span class='ocrx_word' id='word_1_616' title='bbox 1244 1790 1305 1817; x_wconf 90' lang='lat' dir='ltr'><strong>sinu</strong></span> <span class='ocrx_word' id='word_1_617' title='bbox 1319 1798 1367 1824; x_wconf 89' lang='lat' dir='ltr'><strong>per</strong></span> <span class='ocrx_word' id='word_1_618' title='bbox 1383 1789 1556 1817; x_wconf 89' lang='lat' dir='ltr'><strong>tremendum</strong></span> <span class='ocrx_word' id='word_1_619' title='bbox 1577 1789 1679 1816; x_wconf 89' lang='lat' dir='ltr'><strong>hiatum</strong></span> <span class='ocrx_word' id='word_1_620' title='bbox 1704 1797 1752 1815; x_wconf 78' lang='lat' dir='ltr'><strong>cx-</strong></span> 
     </span>
    </p>
   </div>
   <div class='ocr_carea' id='block_1_84' title="bbox 964 1834 1752 1871">
    <p class='ocr_par' dir='ltr' id='par_1_84' title="bbox 964 1834 1752 1871">
     <span class='ocr_line' id='line_1_84' title="bbox 964 1834 1752 1871; baseline -0.004 -8"><span class='ocrx_word' id='word_1_621' title='bbox 964 1837 1093 1868; x_wconf 88' lang='lat' dir='ltr'><strong>clnditur,</strong></span> <span class='ocrx_word' id='word_1_622' title='bbox 1110 1841 1138 1863; x_wconf 88' lang='lat' dir='ltr'><strong>et</strong></span> <span class='ocrx_word' id='word_1_623' title='bbox 1164 1836 1226 1871; x_wconf 76' lang='lat' dir='ltr'><strong>igne</strong></span> <span class='ocrx_word' id='word_1_624' title='bbox 1243 1843 1382 1871; x_wconf 89' lang='lat' dir='ltr'><strong>nunquam</strong></span> <span class='ocrx_word' id='word_1_625' title='bbox 1401 1835 1521 1862; x_wconf 84' lang='lat' dir='ltr'><strong>ﬁniendo</strong></span> <span class='ocrx_word' id='word_1_626' title='bbox 1543 1834 1752 1862; x_wconf 86' lang='lat' dir='ltr'><strong>inhumanitatis</strong></span> 
     </span>
    </p>
   </div>
   <div class='ocr_carea' id='block_1_85' title="bbox 964 1880 1752 1917">
    <p class='ocr_par' dir='ltr' id='par_1_85' title="bbox 964 1880 1752 1917">
     <span class='ocr_line' id='line_1_85' title="bbox 964 1880 1752 1917; baseline -0.005 -7"><span class='ocrx_word' id='word_1_627' title='bbox 964 1890 1020 1910; x_wconf 69' lang='lat' dir='ltr'><strong>suae</strong></span> <span class='ocrx_word' id='word_1_628' title='bbox 1037 1890 1144 1917; x_wconf 72' lang='lat' dir='ltr'><strong>ptenam</strong></span> <span class='ocrx_word' id='word_1_629' title='bbox 1160 1882 1221 1913; x_wconf 81' lang='lat' dir='ltr'><strong>luit,</strong></span> <span class='ocrx_word' id='word_1_630' title='bbox 1236 1890 1267 1909; x_wconf 88' lang='lat' dir='ltr'><strong>ac</strong></span> <span class='ocrx_word' id='word_1_631' title='bbox 1277 1887 1385 1909; x_wconf 60' lang='grc' dir='ltr'>πίθηκε</span> <span class='ocrx_word' id='word_1_632' title='bbox 1400 1881 1471 1908; x_wconf 91' lang='lat' dir='ltr'><strong>illius</strong></span> <span class='ocrx_word' id='word_1_633' title='bbox 1486 1881 1622 1908; x_wconf 78' lang='lat' dir='ltr'><strong>beatitatis</strong></span> <span class='ocrx_word' id='word_1_634' title='bbox 1634 1885 1661 1907; x_wconf 88' lang='lat' dir='ltr'><strong>et</strong></span> <span class='ocrx_word' id='word_1_635' title='bbox 1675 1880 1752 1915; x_wconf 90' lang='lat' dir='ltr'><strong>quie-</strong></span> 
     </span>
    </p>
   </div>
   <div class='ocr_carea' id='block_1_86' title="bbox 965 1925 1751 1962">
    <p class='ocr_par' dir='ltr' id='par_1_86' title="bbox 965 1925 1751 1962">
     <span class='ocr_line' id='line_1_86' title="bbox 965 1925 1751 1962; baseline -0.005 -7"><span class='ocrx_word' id='word_1_636' title='bbox 965 1929 999 1955; x_wconf 88' lang='lat' dir='ltr'><strong>tis</strong></span> <span class='ocrx_word' id='word_1_637' title='bbox 1018 1928 1154 1955; x_wconf 71' lang='lat' dir='ltr'><strong>dcsiilerio</strong></span> <span class='ocrx_word' id='word_1_638' title='bbox 1166 1928 1272 1962; x_wconf 81' lang='lat' dir='ltr'><strong>capitur</strong></span> <span class='ocrx_word' id='word_1_639' title='bbox 1288 1927 1408 1962; x_wconf 84' lang='lat' dir='ltr'><strong>quidem,</strong></span> <span class='ocrx_word' id='word_1_640' title='bbox 1427 1927 1473 1954; x_wconf 90' lang='lat' dir='ltr'><strong>sed</strong></span> <span class='ocrx_word' id='word_1_641' title='bbox 1494 1934 1550 1953; x_wconf 88' lang='lat' dir='ltr'><strong>non</strong></span> <span class='ocrx_word' id='word_1_642' title='bbox 1568 1926 1686 1960; x_wconf 81' lang='lat' dir='ltr'><strong>potitur;</strong></span> <span class='ocrx_word' id='word_1_643' title='bbox 1700 1925 1751 1952; x_wconf 90' lang='lat' dir='ltr'><strong>lin-</strong></span> 
     </span>
    </p>
   </div>
   <div class='ocr_carea' id='block_1_87' title="bbox 963 1973 1751 2010">
    <p class='ocr_par' dir='ltr' id='par_1_87' title="bbox 963 1973 1751 2010">
     <span class='ocr_line' id='line_1_87' title="bbox 963 1973 1751 2010; baseline -0.004 -9"><span class='ocrx_word' id='word_1_644' title='bbox 963 1982 1070 2010; x_wconf 77' lang='lat' dir='ltr'><strong>guaque</strong></span> <span class='ocrx_word' id='word_1_645' title='bbox 1102 1974 1214 2009; x_wconf 88' lang='lat' dir='ltr'><strong>insuper</strong></span> <span class='ocrx_word' id='word_1_646' title='bbox 1247 1974 1356 2007; x_wconf 86' lang='lat' dir='ltr'><strong>uritur,</strong></span> <span class='ocrx_word' id='word_1_647' title='bbox 1382 1978 1410 2000; x_wconf 88' lang='lat' dir='ltr'><strong>et</strong></span> <span class='ocrx_word' id='word_1_648' title='bbox 1444 1973 1635 2000; x_wconf 83' lang='lat' dir='ltr'><strong>acerbissimos</strong></span> <span class='ocrx_word' id='word_1_649' title='bbox 1667 1973 1751 1999; x_wconf 88' lang='lat' dir='ltr'><strong>sentit</strong></span> 
     </span>
    </p>
   </div>
   <div class='ocr_carea' id='block_1_88' title="bbox 962 2019 1748 2054">
    <p class='ocr_par' dir='ltr' id='par_1_88' title="bbox 962 2019 1748 2054">
     <span class='ocr_line' id='line_1_88' title="bbox 962 2019 1748 2054; baseline -0.001 -8"><span class='ocrx_word' id='word_1_650' title='bbox 962 2019 1090 2052; x_wconf 88' lang='lat' dir='ltr'><strong>dolores,</strong></span> <span class='ocrx_word' id='word_1_651' title='bbox 1125 2021 1159 2047; x_wconf 90' lang='lat' dir='ltr'><strong>ob</strong></span> <span class='ocrx_word' id='word_1_652' title='bbox 1182 2027 1242 2046; x_wconf 86' lang='lat' dir='ltr'><strong>eam</strong></span> <span class='ocrx_word' id='word_1_653' title='bbox 1269 2024 1372 2046; x_wconf 88' lang='lat' dir='ltr'><strong>tantum</strong></span> <span class='ocrx_word' id='word_1_654' title='bbox 1395 2019 1584 2051; x_wconf 87' lang='lat' dir='ltr'><strong>insolentiam,</strong></span> <span class='ocrx_word' id='word_1_655' title='bbox 1610 2019 1681 2054; x_wconf 88' lang='lat' dir='ltr'><strong>quod</strong></span> <span class='ocrx_word' id='word_1_656' title='bbox 1694 2027 1748 2046; x_wconf 90' lang='lat' dir='ltr'><strong>non</strong></span> 
     </span>
    </p>
   </div>
   <div class='ocr_carea' id='block_1_89' title="bbox 963 2065 1748 2098">
    <p class='ocr_par' dir='ltr' id='par_1_89' title="bbox 963 2065 1748 2098">
     <span class='ocr_line' id='line_1_89' title="bbox 963 2065 1748 2098; baseline -0.003 -5"><span class='ocrx_word' id='word_1_657' title='bbox 963 2065 1090 2093; x_wconf 83' lang='lat' dir='ltr'><strong>misertus</strong></span> <span class='ocrx_word' id='word_1_658' title='bbox 1118 2069 1160 2093; x_wconf 89' lang='lat' dir='ltr'><strong>est</strong></span> <span class='ocrx_word' id='word_1_659' title='bbox 1186 2065 1305 2092; x_wconf 91' lang='lat' dir='ltr'><strong>hominis</strong></span> <span class='ocrx_word' id='word_1_660' title='bbox 1326 2065 1378 2092; x_wconf 92' lang='lat' dir='ltr'><strong>sibi</strong></span> <span class='ocrx_word' id='word_1_661' title='bbox 1407 2065 1524 2098; x_wconf 86' lang='lat' dir='ltr'><strong>similis,</strong></span> <span class='ocrx_word' id='word_1_662' title='bbox 1556 2073 1612 2092; x_wconf 89' lang='lat' dir='ltr'><strong>non</strong></span> <span class='ocrx_word' id='word_1_663' title='bbox 1638 2070 1748 2098; x_wconf 86' lang='lat' dir='ltr'><strong>autem,</strong></span> 
     </span>
    </p>
   </div>
   <div class='ocr_carea' id='block_1_90' title="bbox 961 2111 1750 2146">
    <p class='ocr_par' dir='ltr' id='par_1_90' title="bbox 961 2111 1750 2146">
     <span class='ocr_line' id='line_1_90' title="bbox 961 2111 1750 2146; baseline -0.001 -7"><span class='ocrx_word' id='word_1_664' title='bbox 961 2112 1034 2146; x_wconf 88' lang='lat' dir='ltr'><strong>quod</strong></span> <span class='ocrx_word' id='word_1_665' title='bbox 1063 2111 1180 2139; x_wconf 90' lang='lat' dir='ltr'><strong>ludibrio</strong></span> <span class='ocrx_word' id='word_1_666' title='bbox 1211 2115 1259 2139; x_wconf 75' lang='lat' dir='ltr'><strong>aut</strong></span> <span class='ocrx_word' id='word_1_667' title='bbox 1292 2111 1424 2139; x_wconf 86' lang='lat' dir='ltr'><strong>conviciis</strong></span> <span class='ocrx_word' id='word_1_668' title='bbox 1465 2111 1573 2144; x_wconf 80' lang='lat' dir='ltr'><strong>aﬂ‘ecit,</strong></span> <span class='ocrx_word' id='word_1_669' title='bbox 1613 2113 1750 2146; x_wconf 88' lang='lat' dir='ltr'><strong>quomodo</strong></span> 
     </span>
    </p>
   </div>
   <div class='ocr_carea' id='block_1_91' title="bbox 961 2157 1747 2193">
    <p class='ocr_par' dir='ltr' id='par_1_91' title="bbox 961 2157 1747 2193">
     <span class='ocr_line' id='line_1_91' title="bbox 961 2157 1747 2193; baseline -0.001 -8"><span class='ocrx_word' id='word_1_670' title='bbox 961 2166 1016 2185; x_wconf 91' lang='lat' dir='ltr'><strong>non</strong></span> <span class='ocrx_word' id='word_1_671' title='bbox 1043 2157 1122 2193; x_wconf 81' lang='lat' dir='ltr'><strong>longe</strong></span> <span class='ocrx_word' id='word_1_672' title='bbox 1150 2157 1259 2193; x_wconf 73' lang='lat' dir='ltr'><strong>gravius</strong></span> <span class='ocrx_word' id='word_1_673' title='bbox 1289 2157 1398 2185; x_wconf 91' lang='lat' dir='ltr'><strong>illorum</strong></span> <span class='ocrx_word' id='word_1_674' title='bbox 1430 2165 1460 2184; x_wconf 89' lang='lat' dir='ltr'><strong>os</strong></span> <span class='ocrx_word' id='word_1_675' title='bbox 1484 2162 1512 2185; x_wconf 90' lang='lat' dir='ltr'><strong>et</strong></span> <span class='ocrx_word' id='word_1_676' title='bbox 1530 2157 1632 2193; x_wconf 72' lang='lat' dir='ltr'><strong>‘lingna</strong></span> <span class='ocrx_word' id='word_1_677' title='bbox 1650 2162 1675 2186; x_wconf 89' lang='lat' dir='ltr'><strong>et</strong></span> <span class='ocrx_word' id='word_1_678' title='bbox 1691 2158 1747 2184; x_wconf 91' lang='lat' dir='ltr'><strong>vis-</strong></span> 
     </span>
    </p>
   </div>
   <div class='ocr_carea' id='block_1_92' title="bbox 119 2191 910 2246">
    <p class='ocr_par' dir='ltr' id='par_1_92' title="bbox 119 2191 908 2246">
     <span class='ocr_line' id='line_1_92' title="bbox 119 2191 908 2246; baseline -0.001 -12"><span class='ocrx_word' id='word_1_679' title='bbox 119 2191 331 2237; x_wconf 61' lang='grc' dir='ltr'>πολλαπλασίως</span> <span class='ocrx_word' id='word_1_680' title='bbox 355 2191 558 2240; x_wconf 47' lang='grc' dir='ltr'>καταξρλεχάείη</span> <span class='ocrx_word' id='word_1_681' title='bbox 583 2207 630 2232; x_wconf 82' lang='grc' dir='ltr'>καὶ</span> <span class='ocrx_word' id='word_1_682' title='bbox 644 2191 790 2246; x_wconf 30' lang='grc' dir='ltr'>τὸαῖστόμα</span> <span class='ocrx_word' id='word_1_683' title='bbox 816 2206 864 2233; x_wconf 82' lang='grc' dir='ltr'><strong>καὶ</strong></span> <span class='ocrx_word' id='word_1_684' title='bbox 891 2207 908 2242; x_wconf 78' lang='grc' dir='ltr'>ἡ</span> 
     </span>
    </p>
   </div>
   <div class='ocr_carea' id='block_1_93' title="bbox 962 2191 1747 2246">
    <p class='ocr_par' dir='ltr' id='par_1_93' title="bbox 962 2203 1747 2237">
     <span class='ocr_line' id='line_1_93' title="bbox 962 2203 1747 2237; baseline -0.001 -7"><span class='ocrx_word' id='word_1_685' title='bbox 962 2211 1024 2230; x_wconf 88' lang='lat' dir='ltr'><strong>cera</strong></span> <span class='ocrx_word' id='word_1_686' title='bbox 1038 2203 1129 2230; x_wconf 83' lang='lat' dir='ltr'><strong>omnia</strong></span> <span class='ocrx_word' id='word_1_687' title='bbox 1146 2208 1271 2235; x_wconf 88' lang='lat' dir='ltr'><strong>urentur,</strong></span> <span class='ocrx_word' id='word_1_688' title='bbox 1288 2204 1333 2237; x_wconf 83' lang='lat' dir='ltr'><strong>qui</strong></span> <span class='ocrx_word' id='word_1_689' title='bbox 1350 2204 1376 2230; x_wconf 94' lang='lat' dir='ltr'><strong>in</strong></span> <span class='ocrx_word' id='word_1_690' title='bbox 1399 2204 1583 2230; x_wconf 78' lang='lat' dir='ltr'><strong>Abraliamnm</strong></span> <span class='ocrx_word' id='word_1_691' title='bbox 1599 2211 1628 2231; x_wconf 89' lang='lat' dir='ltr'><strong>se</strong></span> <span class='ocrx_word' id='word_1_692' title='bbox 1640 2209 1694 2230; x_wconf 86' lang='lat' dir='ltr'><strong>tam</strong></span> <span class='ocrx_word' id='word_1_693' title='bbox 1707 2204 1747 2230; x_wconf 91' lang='lat' dir='ltr'><strong>in-</strong></span> 
     </span>
    </p>
   </div>
   <div class='ocr_carea' id='block_1_94' title="bbox 120 2250 910 2287">
    <p class='ocr_par' dir='ltr' id='par_1_94' title="bbox 120 2250 910 2287">
     <span class='ocr_line' id='line_1_94' title="bbox 120 2250 910 2287; baseline 0.003 -10"><span class='ocrx_word' id='word_1_694' title='bbox 120 2251 244 2286; x_wconf 83' lang='grc' dir='ltr'>γλῶσσα,</span> <span class='ocrx_word' id='word_1_695' title='bbox 257 2251 302 2277; x_wconf 84' lang='grc' dir='ltr'><strong>καὶ</strong></span> <span class='ocrx_word' id='word_1_696' title='bbox 323 2250 358 2277; x_wconf 88' lang='grc' dir='ltr'>τὰ</span> <span class='ocrx_word' id='word_1_697' title='bbox 372 2251 516 2286; x_wconf 82' lang='grc' dir='ltr'>σπλάγχνα</span> <span class='ocrx_word' id='word_1_698' title='bbox 533 2251 632 2283; x_wconf 83' lang='grc' dir='ltr'>πάντα,</span> <span class='ocrx_word' id='word_1_699' title='bbox 642 2251 694 2277; x_wconf 84' lang='grc' dir='ltr'>τῶν</span> <span class='ocrx_word' id='word_1_700' title='bbox 709 2251 838 2287; x_wconf 81' lang='grc' dir='ltr'>τοιαύτην</span> <span class='ocrx_word' id='word_1_701' title='bbox 864 2260 910 2279; x_wconf 84' lang='grc' dir='ltr'><strong>κα-</strong></span> 
     </span>
    </p>
   </div>
   <div class='ocr_carea' id='block_1_95' title="bbox 119 2297 910 2333">
    <p class='ocr_par' dir='ltr' id='par_1_95' title="bbox 119 2297 910 2333">
     <span class='ocr_line' id='line_1_95' title="bbox 119 2297 910 2333; baseline 0.001 -9"><span class='ocrx_word' id='word_1_702' title='bbox 119 2298 274 2333; x_wconf 84' lang='grc' dir='ltr'>ταχεόντων</span> <span class='ocrx_word' id='word_1_703' title='bbox 303 2297 446 2333; x_wconf 86' lang='grc' dir='ltr'>παροινίαν</span> <span class='ocrx_word' id='word_1_704' title='bbox 469 2297 516 2324; x_wconf 81' lang='grc' dir='ltr'>τοῦ</span> <span class='ocrx_word' id='word_1_705' title='bbox 550 2297 685 2332; x_wconf 74' lang='grc' dir='ltr'>’Λϐραὰμ,</span> <span class='ocrx_word' id='word_1_706' title='bbox 703 2298 751 2325; x_wconf 79' lang='grc' dir='ltr'><strong>καὶ</strong></span> <span class='ocrx_word' id='word_1_707' title='bbox 775 2298 809 2325; x_wconf 85' lang='grc' dir='ltr'><strong>δι’</strong></span> <span class='ocrx_word' id='word_1_708' title='bbox 828 2298 910 2326; x_wconf 83' lang='grc' dir='ltr'>αὑτοῦ</span> 
     </span>
    </p>
   </div>
   <div class='ocr_carea' id='block_1_96' title="bbox 121 2343 911 2380">
    <p class='ocr_par' dir='ltr' id='par_1_96' title="bbox 121 2343 911 2380">
     <span class='ocr_line' id='line_1_96' title="bbox 121 2343 911 2380; baseline 0.001 -9"><span class='ocrx_word' id='word_1_709' title='bbox 121 2346 191 2380; x_wconf 64' lang='grc' dir='ltr'>πρὶς</span> <span class='ocrx_word' id='word_1_710' title='bbox 208 2344 255 2370; x_wconf 79' lang='grc' dir='ltr'><strong>τὸν</strong></span> <span class='ocrx_word' id='word_1_711' title='bbox 269 2345 357 2370; x_wconf 81' lang='grc' dir='ltr'>κοινὸν</span> <span class='ocrx_word' id='word_1_712' title='bbox 375 2343 513 2378; x_wconf 88' lang='grc' dir='ltr'>Δεσπότην</span> <span class='ocrx_word' id='word_1_713' title='bbox 529 2344 576 2369; x_wconf 78' lang='grc' dir='ltr'>καὶ</span> <span class='ocrx_word' id='word_1_714' title='bbox 591 2344 765 2380; x_wconf 84' lang='grc' dir='ltr'>Δημιουργὺν</span> <span class='ocrx_word' id='word_1_715' title='bbox 781 2345 830 2380; x_wconf 82' lang='grc' dir='ltr'><strong>τὴν</strong></span> <span class='ocrx_word' id='word_1_716' title='bbox 849 2345 911 2372; x_wconf 81' lang='grc' dir='ltr'>Θεο-</span> 
     </span>
    </p>
   </div>
   <div class='ocr_carea' id='block_1_97' title="bbox 122 2389 910 2427">
    <p class='ocr_par' dir='ltr' id='par_1_97' title="bbox 122 2389 910 2427">
     <span class='ocr_line' id='line_1_97' title="bbox 122 2389 910 2427; baseline 0.001 -10"><span class='ocrx_word' id='word_1_717' title='bbox 122 2390 224 2426; x_wconf 82' lang='grc' dir='ltr'>μαχίαν</span> <span class='ocrx_word' id='word_1_718' title='bbox 249 2389 508 2427; x_wconf 82' lang='grc' dir='ltr'>παραπεμπόντων;</span> <span class='ocrx_word' id='word_1_719' title='bbox 525 2390 562 2416; x_wconf 76' lang='grc' dir='ltr'>Σὺ</span> <span class='ocrx_word' id='word_1_720' title='bbox 587 2389 616 2416; x_wconf 86' lang='grc' dir='ltr'><strong>δέ</strong></span> <span class='ocrx_word' id='word_1_721' title='bbox 642 2399 687 2424; x_wconf 86' lang='grc' dir='ltr'><strong>μοι</strong></span> <span class='ocrx_word' id='word_1_722' title='bbox 712 2390 829 2418; x_wconf 89' lang='grc' dir='ltr'>συνέπου</span> <span class='ocrx_word' id='word_1_723' title='bbox 854 2393 910 2423; x_wconf 80' lang='grc' dir='ltr'>τοῖς</span> 
     </span>
    </p>
   </div>
   <div class='ocr_carea' id='block_1_98' title="bbox 120 2436 506 2470">
    <p class='ocr_par' dir='ltr' id='par_1_98' title="bbox 120 2436 506 2470">
     <span class='ocr_line' id='line_1_98' title="bbox 120 2436 506 2470; baseline 0 -8"><span class='ocrx_word' id='word_1_724' title='bbox 120 2437 221 2470; x_wconf 74' lang='grc' dir='ltr'><strong>ἐφεξῆς</strong></span> <span class='ocrx_word' id='word_1_725' title='bbox 237 2437 285 2462; x_wconf 71' lang='grc' dir='ltr'>καὶ</span> <span class='ocrx_word' id='word_1_726' title='bbox 298 2436 506 2462; x_wconf 78' lang='grc' dir='ltr'>συνεπισκόπει.</span> 
     </span>
    </p>
   </div>
   <div class='ocr_carea' id='block_1_99' title="bbox 156 2478 912 2519">
    <p class='ocr_par' dir='ltr' id='par_1_99' title="bbox 156 2478 912 2519">
     <span class='ocr_line' id='line_1_99' title="bbox 156 2478 912 2519; baseline 0.003 -10"><span class='ocrx_word' id='word_1_727' title='bbox 156 2485 194 2510; x_wconf 82' lang='grc' dir='ltr'><strong>Δ’.</strong></span> <span class='ocrx_word' id='word_1_728' title='bbox 218 2483 248 2510; x_wconf 86' lang='lat'><strong>&#39;0</strong></span> <span class='ocrx_word' id='word_1_729' title='bbox 261 2483 355 2519; x_wconf 77' lang='grc' dir='ltr'>Σωτὴρ</span> <span class='ocrx_word' id='word_1_730' title='bbox 371 2485 400 2510; x_wconf 73' lang='grc' dir='ltr'>ἐν</span> <span class='ocrx_word' id='word_1_731' title='bbox 420 2485 477 2515; x_wconf 80' lang='grc' dir='ltr'>τοῖς</span> <span class='ocrx_word' id='word_1_732' title='bbox 492 2478 670 2518; x_wconf 73' lang='grc' dir='ltr'>Εὖαγγελίοις</span> <span class='ocrx_word' id='word_1_733' title='bbox 683 2484 712 2510; x_wconf 82' lang='grc' dir='ltr'><strong>τὸ</strong></span> <span class='ocrx_word' id='word_1_734' title='bbox 722 2484 912 2519; x_wconf 76' lang='grc' dir='ltr'>μεγαλαυχοῦν</span> 
     </span>
    </p>
   </div>
   <div class='ocr_carea' id='block_1_100' title="bbox 119 2529 912 2564">
    <p class='ocr_par' dir='ltr' id='par_1_100' title="bbox 119 2529 912 2564">
     <span class='ocr_line' id='line_1_100' title="bbox 119 2529 912 2564; baseline 0 -8"><span class='ocrx_word' id='word_1_735' title='bbox 119 2530 177 2556; x_wconf 84' lang='grc' dir='ltr'>τῶν</span> <span class='ocrx_word' id='word_1_736' title='bbox 191 2530 326 2556; x_wconf 80' lang='grc' dir='ltr'>Ἰουδαίων</span> <span class='ocrx_word' id='word_1_737' title='bbox 338 2530 383 2555; x_wconf 80' lang='grc' dir='ltr'>καὶ</span> <span class='ocrx_word' id='word_1_738' title='bbox 394 2530 536 2564; x_wconf 64' lang='grc' dir='ltr'>μιαιφόνον</span> <span class='ocrx_word' id='word_1_739' title='bbox 547 2530 593 2556; x_wconf 73' lang='grc' dir='ltr'>καὶ</span> <span class='ocrx_word' id='word_1_740' title='bbox 603 2530 717 2556; x_wconf 82' lang='grc' dir='ltr'>ἄπιστον</span> <span class='ocrx_word' id='word_1_741' title='bbox 736 2529 912 2564; x_wconf 74' lang='grc' dir='ltr'>στηλιτεύων,</span> 
     </span>
    </p>
   </div>
   <div class='ocr_carea' id='block_1_101' title="bbox 120 2575 913 2610">
    <p class='ocr_par' dir='ltr' id='par_1_101' title="bbox 120 2575 913 2610">
     <span class='ocr_line' id='line_1_101' title="bbox 120 2575 913 2610; baseline 0.001 -9"><span class='ocrx_word' id='word_1_742' title='bbox 120 2577 169 2602; x_wconf 77' lang='grc' dir='ltr'><strong>καὶ</strong></span> <span class='ocrx_word' id='word_1_743' title='bbox 195 2575 321 2608; x_wconf 74' lang='grc' dir='ltr'>ἀναξίους</span> <span class='ocrx_word' id='word_1_744' title='bbox 343 2575 442 2610; x_wconf 71' lang='grc' dir='ltr'>κρίνων</span> <span class='ocrx_word' id='word_1_745' title='bbox 462 2576 543 2610; x_wconf 74' lang='grc' dir='ltr'>γονῆς</span> <span class='ocrx_word' id='word_1_746' title='bbox 568 2576 618 2609; x_wconf 80' lang='grc' dir='ltr'><strong>τῆς</strong></span> <span class='ocrx_word' id='word_1_747' title='bbox 648 2575 840 2610; x_wconf 76' lang='grc' dir='ltr'>Ἀθραμιαίας,</span> <span class='ocrx_word' id='word_1_748' title='bbox 863 2577 913 2602; x_wconf 74' lang='grc' dir='ltr'><strong>κᾶν</strong></span> 
     </span>
    </p>
   </div>
   <div class='ocr_carea' id='block_1_102' title="bbox 120 2620 910 2657">
    <p class='ocr_par' dir='ltr' id='par_1_102' title="bbox 120 2620 910 2657">
     <span class='ocr_line' id='line_1_102' title="bbox 120 2620 910 2657; baseline 0.003 -10"><span class='ocrx_word' id='word_1_749' title='bbox 120 2620 228 2648; x_wconf 63' lang='grc' dir='ltr'>ἐκεῖθεν</span> <span class='ocrx_word' id='word_1_750' title='bbox 255 2622 347 2652; x_wconf 73' lang='grc' dir='ltr'>αὐτοῖς</span> <span class='ocrx_word' id='word_1_751' title='bbox 374 2621 470 2656; x_wconf 74' lang='grc' dir='ltr'>κατῄει</span> <span class='ocrx_word' id='word_1_752' title='bbox 494 2621 525 2647; x_wconf 79' lang='grc' dir='ltr'><strong>τὸ</strong></span> <span class='ocrx_word' id='word_1_753' title='bbox 550 2621 643 2655; x_wconf 75' lang='grc' dir='ltr'>φῦναι,</span> <span class='ocrx_word' id='word_1_754' title='bbox 677 2623 712 2648; x_wconf 80' lang='lat' dir='ltr'><strong>El</strong></span> <span class='ocrx_word' id='word_1_755' title='bbox 730 2622 822 2649; x_wconf 62' lang='grc' dir='ltr'>τέκνα</span> <span class='ocrx_word' id='word_1_756' title='bbox 847 2621 910 2657; x_wconf 80' lang='grc' dir='ltr'>ἦτε,</span> 
     </span>
    </p>
   </div>
   <div class='ocr_carea' id='block_1_103' title="bbox 120 2666 910 2702">
    <p class='ocr_par' dir='ltr' id='par_1_103' title="bbox 120 2666 910 2702">
     <span class='ocr_line' id='line_1_103' title="bbox 120 2666 910 2702; baseline 0.003 -10"><span class='ocrx_word' id='word_1_757' title='bbox 120 2667 200 2701; x_wconf 76' lang='grc' dir='ltr'>φησὶ,</span> <span class='ocrx_word' id='word_1_758' title='bbox 224 2667 278 2693; x_wconf 84' lang='grc' dir='ltr'><strong>τοῦ</strong></span> <span class='ocrx_word' id='word_1_759' title='bbox 315 2667 454 2701; x_wconf 75' lang='grc' dir='ltr'>Ἀϐραὰμ,</span> <span class='ocrx_word' id='word_1_760' title='bbox 483 2666 609 2693; x_wconf 78' lang='grc' dir='ltr'>ἐποιεῖτε</span> <span class='ocrx_word' id='word_1_761' title='bbox 631 2667 670 2693; x_wconf 82' lang='grc' dir='ltr'>ἂν</span> <span class='ocrx_word' id='word_1_762' title='bbox 694 2667 729 2694; x_wconf 78' lang='grc' dir='ltr'>τὰ</span> <span class='ocrx_word' id='word_1_763' title='bbox 759 2667 831 2702; x_wconf 80' lang='grc' dir='ltr'>ἔργα</span> <span class='ocrx_word' id='word_1_764' title='bbox 858 2668 910 2694; x_wconf 80' lang='grc' dir='ltr'>τοῦ</span> 
     </span>
    </p>
   </div>
   <div class='ocr_carea' id='block_1_104' title="bbox 156 2715 438 2747">
    <p class='ocr_par' dir='ltr' id='par_1_104' title="bbox 156 2715 438 2747">
     <span class='ocr_line' id='line_1_104' title="bbox 156 2715 438 2747; baseline -0.004 -5"><span class='ocrx_word' id='word_1_765' title='bbox 156 2715 180 2732; x_wconf 81' lang='grc'><strong>⁸³</strong></span> <span class='ocrx_word' id='word_1_766' title='bbox 195 2715 274 2742; x_wconf 83' lang='lat' dir='ltr'><strong>Joan.</strong></span> <span class='ocrx_word' id='word_1_767' title='bbox 304 2723 364 2747; x_wconf 85' lang='lat' dir='ltr'><strong>vm,</strong></span> <span class='ocrx_word' id='word_1_768' title='bbox 394 2715 438 2742; x_wconf 81' lang='lat'><strong>39.</strong></span> 
     </span>
    </p>
   </div>
   <div class='ocr_carea' id='block_1_105' title="bbox 959 2248 1745 2283">
    <p class='ocr_par' dir='ltr' id='par_1_105' title="bbox 959 2248 1745 2283">
     <span class='ocr_line' id='line_1_105' title="bbox 959 2248 1745 2283; baseline 0.003 -9"><span class='ocrx_word' id='word_1_769' title='bbox 959 2248 1078 2275; x_wconf 88' lang='lat' dir='ltr'><strong>solcntes</strong></span> <span class='ocrx_word' id='word_1_770' title='bbox 1098 2249 1285 2282; x_wconf 63' lang='lat' dir='ltr'><strong>prwstiterint,</strong></span> <span class='ocrx_word' id='word_1_771' title='bbox 1302 2253 1329 2275; x_wconf 91' lang='lat' dir='ltr'><strong>ct</strong></span> <span class='ocrx_word' id='word_1_772' title='bbox 1341 2257 1389 2283; x_wconf 87' lang='lat' dir='ltr'><strong>per</strong></span> <span class='ocrx_word' id='word_1_773' title='bbox 1406 2249 1466 2283; x_wconf 78' lang='lat' dir='ltr'><strong>ejus</strong></span> <span class='ocrx_word' id='word_1_774' title='bbox 1490 2249 1559 2276; x_wconf 84' lang='lat' dir='ltr'><strong>latus</strong></span> <span class='ocrx_word' id='word_1_775' title='bbox 1573 2256 1745 2276; x_wconf 80' lang='lat' dir='ltr'><strong>communem</strong></span> 
     </span>
    </p>
   </div>
   <div class='ocr_carea' id='block_1_106' title="bbox 960 2293 1747 2330">
    <p class='ocr_par' dir='ltr' id='par_1_106' title="bbox 960 2293 1747 2330">
     <span class='ocr_line' id='line_1_106' title="bbox 960 2293 1747 2330; baseline 0.001 -11"><span class='ocrx_word' id='word_1_776' title='bbox 960 2293 1102 2320; x_wconf 85' lang='lat' dir='ltr'><strong>Dominum</strong></span> <span class='ocrx_word' id='word_1_777' title='bbox 1119 2298 1146 2320; x_wconf 89' lang='lat' dir='ltr'><strong>et</strong></span> <span class='ocrx_word' id='word_1_778' title='bbox 1156 2294 1324 2321; x_wconf 86' lang='lat' dir='ltr'><strong>conditorem</strong></span> <span class='ocrx_word' id='word_1_779' title='bbox 1353 2294 1441 2321; x_wconf 87' lang='lat' dir='ltr'><strong>instar</strong></span> <span class='ocrx_word' id='word_1_780' title='bbox 1461 2294 1581 2321; x_wconf 88' lang='lat' dir='ltr'><strong>hostium</strong></span> <span class='ocrx_word' id='word_1_781' title='bbox 1606 2302 1747 2330; x_wconf 77' lang='lat' dir='ltr'><strong>oppugna-</strong></span> 
     </span>
    </p>
   </div>
   <div class='ocr_carea' id='block_1_107' title="bbox 960 2339 1742 2377">
    <p class='ocr_par' dir='ltr' id='par_1_107' title="bbox 960 2339 1742 2377">
     <span class='ocr_line' id='line_1_107' title="bbox 960 2339 1742 2377; baseline 0.005 -12"><span class='ocrx_word' id='word_1_782' title='bbox 960 2339 1034 2366; x_wconf 86' lang='lat' dir='ltr'><strong>rint?</strong></span> <span class='ocrx_word' id='word_1_783' title='bbox 1049 2339 1090 2366; x_wconf 89' lang='lat' dir='ltr'><strong>Tu</strong></span> <span class='ocrx_word' id='word_1_784' title='bbox 1105 2347 1170 2367; x_wconf 89' lang='lat' dir='ltr'><strong>vero</strong></span> <span class='ocrx_word' id='word_1_785' title='bbox 1186 2345 1213 2368; x_wconf 84' lang='lat' dir='ltr'><strong>et</strong></span> <span class='ocrx_word' id='word_1_786' title='bbox 1228 2340 1330 2376; x_wconf 89' lang='lat' dir='ltr'><strong>reliqua</strong></span> <span class='ocrx_word' id='word_1_787' title='bbox 1346 2349 1452 2368; x_wconf 85' lang='lat' dir='ltr'><strong>mecqu</strong></span> <span class='ocrx_word' id='word_1_788' title='bbox 1479 2340 1620 2368; x_wconf 84' lang='lat' dir='ltr'><strong>considera</strong></span> <span class='ocrx_word' id='word_1_789' title='bbox 1636 2349 1668 2369; x_wconf 83' lang='lat' dir='ltr'><strong>ac</strong></span> <span class='ocrx_word' id='word_1_790' title='bbox 1682 2350 1742 2377; x_wconf 89' lang='lat' dir='ltr'><strong>per-</strong></span> 
     </span>
    </p>
   </div>
   <div class='ocr_carea' id='block_1_108' title="bbox 960 2386 1060 2421">
    <p class='ocr_par' dir='ltr' id='par_1_108' title="bbox 960 2386 1060 2421">
     <span class='ocr_line' id='line_1_108' title="bbox 960 2386 1060 2421; baseline 0 -8"><span class='ocrx_word' id='word_1_791' title='bbox 960 2386 1060 2421; x_wconf 89' lang='lat' dir='ltr'><strong>pende.</strong></span> 
     </span>
    </p>
   </div>
   <div class='ocr_carea' id='block_1_109' title="bbox 996 2488 1749 2526">
    <p class='ocr_par' dir='ltr' id='par_1_109' title="bbox 996 2488 1749 2526">
     <span class='ocr_line' id='line_1_109' title="bbox 996 2488 1749 2526; baseline 0.007 -10"><span class='ocrx_word' id='word_1_792' title='bbox 996 2488 1040 2516; x_wconf 80' lang='grc' dir='ltr'><strong>ιν.</strong></span> <span class='ocrx_word' id='word_1_793' title='bbox 1058 2489 1186 2518; x_wconf 77' lang='lat' dir='ltr'><strong>Servatur</strong></span> <span class='ocrx_word' id='word_1_794' title='bbox 1198 2491 1389 2526; x_wconf 81' lang='lat' dir='ltr'><strong>arrogantiam,</strong></span> <span class='ocrx_word' id='word_1_795' title='bbox 1413 2491 1560 2519; x_wconf 79' lang='lat' dir='ltr'><strong>homicidia</strong></span> <span class='ocrx_word' id='word_1_796' title='bbox 1578 2497 1605 2520; x_wconf 92' lang='lat' dir='ltr'><strong>et</strong></span> <span class='ocrx_word' id='word_1_797' title='bbox 1622 2494 1749 2521; x_wconf 86' lang='lat' dir='ltr'><strong>incredu-</strong></span> 
     </span>
    </p>
   </div>
   <div class='ocr_carea' id='block_1_110' title="bbox 961 2535 1748 2575">
    <p class='ocr_par' dir='ltr' id='par_1_110' title="bbox 961 2535 1748 2575">
     <span class='ocr_line' id='line_1_110' title="bbox 961 2535 1748 2575; baseline 0.008 -13"><span class='ocrx_word' id='word_1_798' title='bbox 961 2535 1064 2562; x_wconf 89' lang='lat' dir='ltr'><strong>litatem</strong></span> <span class='ocrx_word' id='word_1_799' title='bbox 1079 2535 1235 2564; x_wconf 57' lang='lat' dir='ltr'><strong>Iudaeorum</strong></span> <span class='ocrx_word' id='word_1_800' title='bbox 1259 2536 1285 2563; x_wconf 92' lang='lat' dir='ltr'><strong>in</strong></span> <span class='ocrx_word' id='word_1_801' title='bbox 1312 2536 1464 2572; x_wconf 79' lang='lat' dir='ltr'><strong>Evangeliis</strong></span> <span class='ocrx_word' id='word_1_802' title='bbox 1475 2539 1621 2574; x_wconf 79' lang='lat' dir='ltr'><strong>castigans,</strong></span> <span class='ocrx_word' id='word_1_803' title='bbox 1647 2548 1748 2575; x_wconf 81' lang='lat' dir='ltr'><strong>eosque</strong></span> 
     </span>
    </p>
   </div>
   <div class='ocr_carea' id='block_1_111' title="bbox 963 2581 1749 2622">
    <p class='ocr_par' dir='ltr' id='par_1_111' title="bbox 963 2581 1749 2622">
     <span class='ocr_line' id='line_1_111' title="bbox 963 2581 1749 2622; baseline 0.006 -14"><span class='ocrx_word' id='word_1_804' title='bbox 963 2581 1048 2615; x_wconf 84' lang='lat' dir='ltr'><strong>stirpe</strong></span> <span class='ocrx_word' id='word_1_805' title='bbox 1065 2581 1223 2613; x_wconf 81' lang='lat' dir='ltr'><strong>Abrahami,</strong></span> <span class='ocrx_word' id='word_1_806' title='bbox 1237 2582 1360 2617; x_wconf 87' lang='lat' dir='ltr'><strong>quamvis</strong></span> <span class='ocrx_word' id='word_1_807' title='bbox 1369 2583 1433 2611; x_wconf 93' lang='lat' dir='ltr'><strong>hinc</strong></span> <span class='ocrx_word' id='word_1_808' title='bbox 1440 2584 1491 2610; x_wconf 89' lang='lat' dir='ltr'><strong>orti</strong></span> <span class='ocrx_word' id='word_1_809' title='bbox 1505 2590 1607 2618; x_wconf 82' lang='lat' dir='ltr'><strong>essent,</strong></span> <span class='ocrx_word' id='word_1_810' title='bbox 1625 2586 1749 2622; x_wconf 80' lang='lat' dir='ltr'><strong>indignos</strong></span> 
     </span>
    </p>
   </div>
   <div class='ocr_carea' id='block_1_112' title="bbox 961 2625 1749 2662">
    <p class='ocr_par' dir='ltr' id='par_1_112' title="bbox 961 2625 1749 2662">
     <span class='ocr_line' id='line_1_112' title="bbox 961 2625 1749 2662; baseline 0.009 -10"><span class='ocrx_word' id='word_1_811' title='bbox 961 2625 1099 2660; x_wconf 88' lang='lat' dir='ltr'><strong>judicans,</strong></span> <span class='ocrx_word' id='word_1_812' title='bbox 1115 2626 1144 2653; x_wconf 80' lang='lat' dir='ltr'><strong>Si</strong></span> <span class='ocrx_word' id='word_1_813' title='bbox 1159 2627 1220 2661; x_wconf 75' lang='lat' dir='ltr'><strong>ﬁlii,</strong></span> <span class='ocrx_word' id='word_1_814' title='bbox 1236 2627 1334 2662; x_wconf 84' lang='lat' dir='ltr'><strong>inquit,</strong></span> <span class='ocrx_word' id='word_1_815' title='bbox 1358 2628 1504 2656; x_wconf 79' lang='lat' dir='ltr'><strong>Abrahami</strong></span> <span class='ocrx_word' id='word_1_816' title='bbox 1520 2632 1616 2660; x_wconf 74' lang='lat' dir='ltr'><strong>essetis.</strong></span> <span class='ocrx_word' id='word_1_817' title='bbox 1630 2631 1749 2658; x_wconf 78' lang='lat' dir='ltr'><strong>Abraha-</strong></span> 
     </span>
    </p>
   </div>
   <div class='ocr_carea' id='block_1_113' title="bbox 966 2671 1749 2708">
    <p class='ocr_par' dir='ltr' id='par_1_113' title="bbox 966 2671 1749 2708">
     <span class='ocr_line' id='line_1_113' title="bbox 966 2671 1749 2708; baseline 0.009 -12"><span class='ocrx_word' id='word_1_818' title='bbox 966 2671 1001 2697; x_wconf 86' lang='lat' dir='ltr'><strong>mi</strong></span> <span class='ocrx_word' id='word_1_819' title='bbox 1025 2679 1103 2705; x_wconf 80' lang='lat' dir='ltr'><strong>opera</strong></span> <span class='ocrx_word' id='word_1_820' title='bbox 1113 2672 1233 2706; x_wconf 75' lang='lat' dir='ltr'><strong>faceretis</strong></span> <span class='ocrx_word' id='word_1_821' title='bbox 1253 2673 1284 2699; x_wconf 75' lang='grc'><strong>³³.</strong></span> <span class='ocrx_word' id='word_1_822' title='bbox 1306 2673 1384 2701; x_wconf 88' lang='lat' dir='ltr'><strong>Tunc</strong></span> <span class='ocrx_word' id='word_1_823' title='bbox 1402 2682 1452 2702; x_wconf 78' lang='lat' dir='ltr'><strong>nec</strong></span> <span class='ocrx_word' id='word_1_824' title='bbox 1466 2675 1510 2703; x_wconf 72' lang='lat' dir='ltr'><strong>llic</strong></span> <span class='ocrx_word' id='word_1_825' title='bbox 1529 2677 1690 2708; x_wconf 83' lang='lat' dir='ltr'><strong>subsistens,</strong></span> <span class='ocrx_word' id='word_1_826' title='bbox 1702 2676 1749 2703; x_wconf 85' lang='lat' dir='ltr'><strong>sed</strong></span> 
     </span>
    </p>
   </div>
   <div class='ocr_carea' id='block_1_114' title="bbox 675 2774 1215 2806">
    <p class='ocr_par' dir='ltr' id='par_1_114' title="bbox 675 2774 1215 2806">
     <span class='ocr_line' id='line_1_114' title="bbox 675 2774 1215 2806; baseline 0.009 -5"><span class='ocrx_word' id='word_1_827' title='bbox 675 2774 794 2803; x_wconf 67' lang='lat' dir='ltr'><strong>VARIIE</strong></span> <span class='ocrx_word' id='word_1_828' title='bbox 816 2775 1006 2804; x_wconf 72' lang='lat' dir='ltr'><strong>LECTIONES</strong></span> <span class='ocrx_word' id='word_1_829' title='bbox 1032 2777 1074 2805; x_wconf 78' lang='lat' dir='ltr'><strong>ET</strong></span> <span class='ocrx_word' id='word_1_830' title='bbox 1099 2778 1215 2806; x_wconf 65' lang='grc' dir='ltr'><strong>ΝΟΤΔΕ.</strong></span> 
     </span>
    </p>
   </div>
   <div class='ocr_carea' id='block_1_115' title="bbox 156 2819 696 2856">
    <p class='ocr_par' dir='ltr' id='par_1_115' title="bbox 156 2819 696 2856">
     <span class='ocr_line' id='line_1_115' title="bbox 156 2819 696 2856; baseline 0 -8"><span class='ocrx_word' id='word_1_831' title='bbox 156 2821 215 2856; x_wconf 63' lang='grc' dir='ltr'>(Ξιί)</span> <span class='ocrx_word' id='word_1_832' title='bbox 232 2821 291 2855; x_wconf 73' lang='grc' dir='ltr'><strong>Μή.</strong></span> <span class='ocrx_word' id='word_1_833' title='bbox 307 2821 345 2848; x_wconf 90' lang='lat' dir='ltr'><strong>Ila</strong></span> <span class='ocrx_word' id='word_1_834' title='bbox 360 2828 411 2848; x_wconf 87' lang='lat' dir='ltr'><strong>ms.</strong></span> <span class='ocrx_word' id='word_1_835' title='bbox 427 2819 516 2847; x_wconf 86' lang='lat' dir='ltr'><strong>Malim</strong></span> <span class='ocrx_word' id='word_1_836' title='bbox 531 2821 622 2856; x_wconf 80' lang='lat' dir='ltr'><strong>legere</strong></span> <span class='ocrx_word' id='word_1_837' title='bbox 637 2821 696 2856; x_wconf 82' lang='grc' dir='ltr'><strong>μὲν.</strong></span> 
     </span>
    </p>
   </div>
   <div class='ocr_carea' id='block_1_116' title="bbox 157 2856 910 2893">
    <p class='ocr_par' dir='ltr' id='par_1_116' title="bbox 157 2856 907 2893">
     <span class='ocr_line' id='line_1_116' title="bbox 157 2856 907 2893; baseline 0.001 -9"><span class='ocrx_word' id='word_1_838' title='bbox 157 2857 214 2892; x_wconf 71' lang='grc'><strong>125)</strong></span> <span class='ocrx_word' id='word_1_839' title='bbox 230 2857 436 2891; x_wconf 78' lang='grc' dir='ltr'>Εὐρήσουσιν.</span> <span class='ocrx_word' id='word_1_840' title='bbox 457 2856 503 2883; x_wconf 73' lang='lat' dir='ltr'><strong>Sic</strong></span> <span class='ocrx_word' id='word_1_841' title='bbox 522 2857 580 2891; x_wconf 74' lang='lat' dir='ltr'><strong>lt‘gu</strong></span> <span class='ocrx_word' id='word_1_842' title='bbox 599 2865 649 2892; x_wconf 86' lang='lat' dir='ltr'><strong>pro</strong></span> <span class='ocrx_word' id='word_1_843' title='bbox 666 2857 818 2893; x_wconf 77' lang='grc' dir='ltr'>εύρίσουσιν</span> <span class='ocrx_word' id='word_1_844' title='bbox 834 2858 907 2892; x_wconf 90' lang='lat' dir='ltr'><strong>quod</strong></span> 
     </span>
    </p>
   </div>
   <div class='ocr_carea' id='block_1_117' title="bbox 962 2856 1096 2893">
    <p class='ocr_par' dir='ltr' id='par_1_117' title="bbox 962 2858 1096 2884">
     <span class='ocr_line' id='line_1_117' title="bbox 962 2858 1096 2884; baseline -0.007 0"><span class='ocrx_word' id='word_1_845' title='bbox 962 2863 984 2884; x_wconf 75' lang='lat' dir='ltr'><strong>ll</strong></span> <span class='ocrx_word' id='word_1_846' title='bbox 1001 2858 1027 2884; x_wconf 91' lang='lat' dir='ltr'><strong>in</strong></span> <span class='ocrx_word' id='word_1_847' title='bbox 1043 2865 1096 2884; x_wconf 81' lang='lat' dir='ltr'><strong>ins.</strong></span> 
     </span>
    </p>
   </div>
  </div>
