1931 3082
205 124 254 159 131

759 121 892 153 PHOTII
911 119 1165 153 PATRIABCHE
1191 120 1247 150 (ΣΡ.

1783 118 1835 151 132

202 179 318 208 ulterius
328 177 505 214 progrediens
517 177 544 205 in
563 175 749 212 triumphante
762 176 796 204 de
812 176 846 203 iis
862 174 989 203 confuta-

1047 173 1182 207 Ἁϐραάμ.
1200 173 1256 200 Καὶ
1281 172 1296 199 ὁ
1316 172 1451 209 θρίαμϐος
1461 171 1492 200 οὑ
1510 173 1592 209 μέχρι
1620 173 1735 206 τούτων,
1763 174 1833 201 ἀλλὰ

202 227 286 257 tione.
301 224 440 260 subjungit
458 233 465 252 :
482 223 543 251 Non
565 223 627 250 estis
650 223 700 257 ﬁlii
723 223 844 255 Abraha,
872 222 917 249 sed
930 221 991 248 dia-

203 272 255 298 boli
269 271 305 297 ".
320 270 359 297 [ta
369 270 440 297 enim
452 269 520 296 ratio
533 273 654 296 statuere
665 268 753 302 jubet,
766 267 839 295 illius
846 266 990 302 quemdam

202 322 230 344 et
247 324 345 344 nomen
365 320 393 342 et
405 323 490 351 genus
501 315 615 346 referre,
637 314 716 348 cujus
732 320 824 341 mores
840 316 868 340 et
882 312 991 347 genium

202 363 229 390 in
248 363 300 388 vita
317 361 446 388 imitando
463 361 599 395 exprimit.
611 359 688 393 Quod
701 359 724 386 si
738 366 803 386 vero
817 364 896 386 vetus
907 362 991 385 testa-

207 411 330 435 mentum
343 406 416 438 mali,
431 414 482 433 ceu
496 406 588 440 inepte
603 405 723 436 tradunt,
739 403 864 439 principii
874 408 956 436 esset,
964 407 992 430 et

203 453 338 480 Abraham
354 452 387 480 ad
401 452 467 479 illud
484 452 644 486 pertineret,
663 450 808 478 dicendum
822 449 927 480 fuisset.
945 448 991 475 ﬁlii

202 499 268 526 estis
280 498 427 525 Abrahami
449 502 477 524 et
500 497 547 524 ﬁlii
560 496 679 529 diaboli;
707 503 740 523 ex
767 500 882 530 utroque
907 494 990 527 enim,

201 545 274 580 quod
287 549 317 571 ut
332 544 402 571 Deus
415 543 488 576 odio,
511 543 549 570 ita
578 549 671 569 amore
701 541 786 568 hostis
806 539 991 576 prosequitur,

200 590 442 624 Judaaiutrumque
458 589 582 616 colentes
593 587 756 623 reprehendi
768 590 903 622 poterant.
920 585 993 618 Quo-

202 637 282 664 modo
299 644 364 663 vero
376 635 438 662 alibi
455 635 552 662 iterum
565 634 693 661 Servatur
704 633 766 665 illis,
782 633 828 668 qui
845 631 991 660 Abrahami

202 682 266 713 sint,
278 688 391 716 regnum
403 680 532 707 caelorum
562 679 731 706 haereditatis
745 679 830 705 instar
842 677 991 712 adjudicat,

203 727 310 760 illisque
325 725 415 760 jungit
429 733 475 751 eos
489 724 535 759 qui
551 732 580 751 se
595 732 627 751 ex
642 728 697 750 toto
706 725 787 750 corde
795 723 993 757 etsineexcep—

203 773 277 799 tione
287 775 482 805 pra-ceptorum
495 770 633 797 studiosos
640 769 826 804 praestiterint,
840 775 993 804 purumque

203 819 305 845 cultum
319 816 504 846 exhibuerint.
520 816 588 842 adeo
611 820 640 842 ut
655 815 809 842 convictum
825 822 887 842 cum
901 814 955 841 illis
965 814 992 841 in

203 871 287 899 regno
299 862 429 890 caelorum
446 867 574 896 tanquam
587 862 746 896 praeclarum
769 861 879 895 aliquod
896 864 923 887 et
939 859 992 886 mi-

203 909 316 936 randum
347 909 488 943 praemium
512 907 691 943 polliceatur?
723 906 785 933 Dico
810 906 880 933 enim
909 905 991 936 vobis.

202 955 272 991 quod
289 955 364 982 multi
381 954 412 981 ab
425 954 525 981 oriente
538 958 562 981 et
579 954 711 980 occidente
721 953 834 984 venient,
850 956 874 978 et
890 959 993 978 recum-

202 1004 261 1031 bent
289 1012 349 1030 cum
369 1002 519 1029 Abrahamo
542 1006 566 1028 et
585 1001 679 1028 Isaaco
694 1005 717 1027 et
732 999 833 1026 Iacobo
861 999 889 1025 in
913 1006 993 1035 regno

203 1050 326 1077 caelorum
345 1050 379 1075 ”.
402 1048 520 1076 lloccine
538 1055 603 1074 vero
619 1046 808 1081 sitprzemium
826 1053 920 1072 eorum
946 1044 992 1080 qui

205 1096 296 1131 ipsum
314 1094 502 1130 agnoverunt?
523 1093 638 1120 hoccine
659 1092 761 1119 donum
788 1099 837 1127 pro
867 1091 921 1118 illis
947 1091 993 1126 qui

203 1143 291 1170 caedes
312 1150 361 1177 pro
380 1149 413 1168 eo
429 1139 636 1168 sustinuerunt?
653 1138 774 1166 haeccine
792 1137 991 1173 praerogativa?

204 1189 323 1216 ha’ccine
346 1187 471 1215 merces?
490 1186 561 1221 quod
576 1194 637 1213 cum
653 1185 784 1212 ministris
796 1184 857 1211 Mali
873 1189 902 1211 et
913 1191 974 1211 esse
985 1204 994 1215 ,

205 1238 235 1261 et
255 1232 393 1260 numerari
407 1237 433 1260 et
447 1231 547 1259 versari
569 1230 692 1267 possint?
715 1229 856 1262 Quomodo
880 1229 938 1256 haec
967 1233 994 1256 ct

204 1280 257 1307 alia
280 1279 437 1314 lmjnsmodi
460 1278 571 1306 tulerint
593 1284 673 1305 aures
695 1276 795 1304 divinis
822 1275 995 1304 sermonibus

209 1326 343 1354 assuetae?

240 1467 274 1496 V.
286 1467 314 1494 Si
327 1471 408 1494 vetus
423 1471 616 1493 testamentum
632 1473 646 1492 a
656 1464 763 1492 diabolo
777 1468 845 1495 erat,
859 1463 996 1498 quomodo

1042 220 1088 246 καὶ
1100 219 1277 255 σφοδρότερον
1289 218 1378 246 αὐτῶν
1390 219 1597 255 καθαπτόμενος
1607 220 1716 254 ἐπάγει,
1725 220 1813 254 λέγων
1822 229 1830 237 ⁸

1039 267 1101 292 Οὐκ
1117 266 1188 292 ἐστέ
1197 266 1289 293 τέκνα
1299 266 1353 293 τοῦ
1374 266 1508 301 Ἀϐραὰμ,
1521 267 1602 294 ἀλλὰ
1617 267 1671 294 τοῦ
1690 267 1832 295 διαϐόλου

1040 312 1121 340 ἐστέ.
1134 313 1205 340 Πολὺ
1220 312 1275 348 γὰρ
1291 313 1307 348 ή
1321 312 1418 349 γνώμη
1434 315 1563 349 κραταιὸν
1575 314 1643 349 (26),
1658 314 1763 341 ἐκείνου
1782 315 1832 349 τὴν

1041 359 1137 395 κλῆσιν
1160 360 1206 386 καὶ
1229 359 1260 386 τὸ
1274 360 1352 394 γένος
1372 359 1508 392 ὑπελθεῖν,
1523 357 1553 387 οὗ
1566 360 1596 386 τὸ
1617 362 1729 395 γνήσιον
1754 361 1782 387 ὲν
1797 362 1831 396 τῇ

1043 405 1158 440 μιμήσει
1172 405 1250 440 φέρει
1263 407 1312 440 τῆς
1324 404 1407 441 ζωῆς.
1423 403 1554 441 Εἰδ¹ἦνὴ
1575 405 1681 432 Παλαιὰ
1696 406 1767 432 κατὰ
1783 405 1833 437 τὰς

1041 450 1155 483 ἀθέτους
1168 452 1259 486 φωνὰς
1275 450 1322 478 τοῦ
1344 452 1476 487 ῐΙονηροῦ,
1495 451 1596 487 ταύτης
1615 451 1643 478 δὲ
1659 451 1673 477 ό
1696 451 1831 487 Ἀϐραὰμ,

1042 497 1099 524 ῐσον
1112 494 1146 533 ἦν
1163 498 1264 524 εἰπεῖν·
1279 498 1371 524 Τέκνα
1384 497 1431 524 τοῦ
1457 498 1593 533 Ἀϐραὰμ,
1610 498 1656 524 καὶ
1675 498 1758 524 τέκνα
1781 498 1831 524 τοῦ

1041 542 1163 569 διαὸόλου
1173 551 1180 558 θ
1195 543 1228 570 δι’
1242 543 1372 578 ἐκατέρου
1385 544 1439 578 γὰρ
1451 543 1468 570 ἃ
1481 545 1555 579 μισεῖ
1568 543 1617 578 μὲν
1632 544 1646 569 ὸ
1659 543 1736 574 Θεὸς,
1753 542 1833 578 στέρ-

1041 590 1121 625 γειδὲ
1137 591 1151 617 ὁ
1168 589 1291 626 Ἐχθρὸς,
1301 589 1458 624 ἐλέγχονται
1469 589 1601 624 τιμῶντες
1609 589 1707 623 ὁμοίως
1720 589 1745 614 οἱ
1764 588 1832 615 Ἰου-

1041 634 1120 661 δαῖοι.
1138 634 1200 666 Πῶς
1214 634 1242 660 δὲ
1259 634 1306 660 καὶ
1331 633 1449 669 ἀλλαχοῦ
1464 633 1546 660 πάλιν
1557 634 1571 659 ὀ
1586 633 1682 667 Σωτὴρ
1696 634 1753 664 τοῖς
1768 633 1832 668 περὶ

1053 679 1180 714 Ἀϐραὰμ
1190 679 1239 714 τὴν
1251 679 1390 714 βασιλείαν
1401 679 1455 705 τῶν
1468 677 1590 712 οὐρανῶν
1603 679 1643 709 εἰς
1667 677 1768 713 κλῆρον
1781 679 1832 711 ἁφ-

1043 726 1140 761 ορίζει,
1155 725 1203 752 καὶ
1218 726 1359 752 συντάττει
1379 725 1484 756 τούτοις
1509 726 1571 756 τοὺς
1589 723 1714 760 ὁλοψὺχῳ
1735 723 1833 760 γνώμῃ

1042 770 1097 798 τῶν
1107 780 1137 797 τε
1163 771 1383 806 προσταγμάτων
1410 770 1533 805 φύλακας
1554 770 1777 805 ἁπροφασῖστους
1788 769 1833 796 δε-

1043 817 1203 852 δειγμένους
1216 818 1264 845 καὶ
1280 817 1415 853 καθαροὺς
1440 817 1513 852 αὑτῷ
1534 816 1584 852 τὴν
1600 817 1729 851 λατρείαν
1745 824 1832 852 προσ-

1044 863 1218 896 ενεγκόντας,
1236 863 1281 890 καὶ
1294 862 1388 898 ὥσπερ
1403 871 1429 889 τι
1442 862 1514 897 μέγα
1540 863 1590 889 καὶ
1612 862 1763 897 θαυμάσιον
1786 861 1834 888 ιπ-

1044 908 1125 936 αθλον
1135 909 1234 940 διδοὺς,
1244 909 1293 944 τὴν
1308 909 1378 944 μετὰ
1391 909 1446 936 τῶν
1455 909 1560 943 ἀνδρῶν
1570 908 1682 935 ἐκείνων
1694 909 1723 935 ὲν
1730 909 1764 944 τῇ
1778 908 1833 935 τῶν

1043 954 1165 990 οὐρανῶν
1196 954 1321 991 βασιλείᾳ
1340 955 1539 989 ἐπαγγέλλεται
1568 954 1733 987 συναυλίανς
1751 953 1834 989 Λέγω

1043 1000 1099 1035 τὰρ
1113 1001 1194 1035 ὑμῖν,
1208 1001 1253 1027 ὅτι
1273 1000 1384 1028 πολλοὶ
1395 1001 1454 1028 ἀπὸ
1473 1000 1633 1028 ἀνατολῶν
1646 1000 1696 1027 καὶ
1708 999 1834 1034 δυσμῶν

1044 1046 1165 1080 ἥξουσι,
1182 1047 1230 1073 καὶ
1245 1046 1502 1080 ἀνακλιθήσονται
1520 1049 1598 1082 μετὰ
1622 1047 1751 1082 Ἀϐραὰμ
1781 1047 1832 1074 καὶ

1049 1093 1150 1120 Ἰσαὰκ
1169 1093 1218 1120 καὶ
1241 1093 1342 1121 Ἰακὼϐ
1357 1093 1391 1120 ὲν
1400 1093 1438 1128 τῇ
1453 1093 1598 1128 βασιλείᾳ
1609 1093 1669 1121 τῶν
1685 1092 1833 1126 οὐρανῶν.

1043 1137 1117 1175 Ἀρα
1129 1140 1184 1176 γὰρ
1197 1140 1277 1167 τοῦτο
1286 1140 1402 1167 ἔπαθλον
1414 1141 1468 1172 τοῖς
1480 1141 1664 1174 ὲπεγνωκόσιν
1675 1141 1770 1173 αὑτόν;
1780 1138 1835 1176 ἆρα

1043 1185 1122 1213 τοῦτο
1140 1186 1226 1222 δῶρον
1244 1187 1310 1218 τοῖς,
1327 1187 1385 1213 ὅσοι
1409 1186 1459 1219 τὰς
1485 1186 1593 1221 σφαγὰς
1616 1186 1737 1222 ὑπέσχον
1762 1186 1833 1221 ὑπὲρ

1045 1231 1145 1265 αὐτοῦ;
1171 1231 1251 1258 τοῦτο
1279 1231 1439 1268 φιλοτιμίας
1461 1232 1542 1258 τοῦτο
1557 1232 1692 1265 ἔπαθλον,
1709 1231 1740 1258 τὸ
1765 1231 1835 1267 μετὰ

1045 1276 1099 1303 τῶν
1124 1275 1330 1312 θεραπευόντων
1354 1276 1400 1303 τοῦ
1427 1276 1551 1312 Πονηροῦ
1568 1277 1769 1308 καὶ,συνεῖναι,
1786 1276 1835 1303 καὶ

1046 1322 1284 1358 συναριθμεῖσθαι,
1307 1322 1354 1348 καὶ
1371 1322 1618 1356 συναγελάζεσθαις
1645 1323 1700 1350 Καὶ
1725 1323 1789 1349 ποία
1801 1323 1835 1349 ἓν

1045 1367 1132 1394 ταῦτα
1158 1367 1283 1401 ἀνέξεται
1298 1367 1367 1403 ἀκοὴ
1385 1368 1515 1403 ῥημάτων
1536 1369 1606 1401 ὂλως
1633 1368 1734 1404 ἔχουσα
1750 1368 1835 1405 ἀκοὴν

1046 1413 1125 1440 θείων
1141 1422 1148 1447 ;

1083 1459 1119 1486 E’.
1132 1459 1186 1486 Καὶ
1197 1460 1222 1486 εἰ
1237 1459 1254 1495 ἠ
1269 1458 1379 1486 Παλαιὰ
1393 1459 1441 1487 τοῦ
1456 1459 1580 1487 διαϐόλου
1595 1458 1640 1496 ἦν,
1657 1460 1715 1492 πῶς
1729 1462 1744 1488 ό
1757 1462 1835 1488 Ματ-

206 1513 348 1541 Matthsens
358 1518 385 1540 et
398 1512 494 1546 Lucas,
524 1511 675 1539 Servatoris
698 1510 882 1546 genealogiam
900 1517 994 1536 recen-

1048 1507 1121 1539 θαίος
1134 1506 1181 1533 καὶ
1201 1506 1307 1538 Λουκᾶς
1319 1506 1367 1541 τὴν
1394 1504 1442 1532 τοῦ
1465 1506 1592 1541 Σωτῆρος
1615 1505 1835 1537 ἀναπτύσσοντες

206 1565 308 1592 sentes,
325 1560 397 1587 inter
412 1559 531 1593 majores
545 1558 605 1593 ejus
620 1561 647 1584 et
662 1561 752 1591 patres
765 1559 910 1583 numerant
923 1555 993 1586 illos,

206 1615 275 1642 quos
287 1611 366 1634 vetus
392 1606 462 1632 inter
474 1604 573 1632 decora
586 1611 634 1631 sua
650 1602 752 1630 habet?
777 1601 904 1637 Nunquid
921 1601 994 1628 enim

207 1656 234 1683 in
252 1655 352 1682 bonum
372 1653 458 1679 Deum
477 1651 574 1678 cadere
598 1654 687 1685 potest
703 1653 817 1676 externa
839 1647 946 1683 species
969 1651 996 1674 et

207 1699 363 1729 simulatio?
375 1698 441 1725 Nam
457 1705 512 1725 non
527 1696 638 1724 minima
657 1703 720 1730 pars
736 1693 898 1721 defectionis
915 1693 996 1728 hujus

207 1752 234 1774 et
244 1750 325 1773 secta:
336 1749 386 1775 cst.
406 1748 435 1770 ut
447 1743 577 1770 adversus
593 1739 674 1768 Verbi
690 1739 823 1767 incarnati
849 1738 996 1766 adventum

206 1792 248 1819 vel
261 1792 313 1818 hoc
332 1790 414 1818 modo
426 1789 553 1816 insaniat.
570 1788 604 1814 At
617 1786 757 1814 enimvero
773 1784 910 1820 quomodo
926 1784 997 1811 Deus

206 1838 327 1873 optimus
339 1835 381 1863 vel
401 1834 488 1869 quoad
504 1833 623 1868 speciem
639 1836 665 1859 et
676 1830 814 1861 simulate.
836 1831 878 1857 vel
893 1837 957 1857 vere
970 1834 998 1856 et

206 1891 288 1918 opere
302 1882 361 1917 ipso
369 1888 428 1913 eos,
442 1880 488 1916 qui
502 1879 529 1906 in
545 1882 719 1908 testamento,
745 1876 817 1911 quod
836 1875 875 1902 illi
891 1875 924 1902 ad
941 1874 997 1901 Ma-

206 1929 262 1956 lum
279 1928 410 1958 referunt.
433 1925 615 1955 eminuerant,
646 1923 762 1957 majores
785 1928 849 1947 suos
861 1924 889 1947 et
907 1925 998 1955 patres

206 1983 266 2002 esse
275 1973 395 2009 jusserit,
409 1976 490 2006 atque
509 1972 576 1997 adeo
587 1968 687 2004 aliquid
697 1967 830 2003 ejusmodi
842 1973 998 2001 assumpse-

207 2021 253 2051 rit,
266 2020 346 2054 cujus
357 2017 526 2045 conditorem
543 2016 648 2042 hostem
659 2021 718 2041 esse
732 2013 934 2048 nonignorabat
944 2012 999 2040 ?Et

207 2065 342 2100 quomodo
354 2071 409 2090 non
424 2070 455 2089 ex
468 2062 521 2088 alio
534 2060 635 2096 populo
657 2065 737 2086 natus
759 2063 812 2090 est,
833 2058 878 2093 qui
895 2058 999 2085 scilicet

207 2112 262 2138 vim
281 2116 312 2138 et
327 2109 475 2145 potentiam
492 2106 593 2135 diaboli
620 2114 674 2133 non
695 2105 809 2140 repetita
827 2105 884 2131 vice
899 2111 999 2138 exper-

209 2161 252 2183 tus
264 2156 309 2187 sit.
323 2154 368 2181 sed
390 2162 422 2181 cx
439 2153 484 2180 illo
495 2151 605 2187 prodiit,
618 2158 698 2185 quem
714 2149 786 2184 leges
802 2148 901 2176 veteris
916 2152 999 2175 testa-

1048 1552 1235 1587 γενεαλογίαν,
1262 1552 1412 1587 προγόνους
1438 1551 1520 1577 αὑτοῦ
1548 1552 1596 1578 καὶ
1613 1550 1734 1587 πατέρας
1760 1551 1834 1582 τοὺς,

1046 1597 1092 1629 οὓς
1109 1599 1125 1631 ὴ
1142 1598 1251 1624 Παλαιὰ
1263 1597 1341 1628 κλέος
1356 1595 1439 1632 εἶχεν,
1452 1597 1660 1633 ἁναγρὰφουσι;
1675 1597 1737 1629 Πῶς
1751 1597 1806 1631 γὰρ
1821 1597 1836 1623 ὁ

1046 1643 1147 1678 ἀγαθὸς
1161 1643 1227 1675 Θεὸς
1274 1645 1302 1669 ὲν
1316 1644 1436 1678 σχήματι
1447 1642 1494 1669 καὶ
1510 1642 1653 1677 ὑποκρίσει
1664 1651 1671 1675 ;
1683 1642 1835 1677 Ἔστιγὰρ,

1046 1689 1105 1716 ἐστι
1119 1698 1162 1721 τις
1178 1690 1227 1724 τῆς
1250 1689 1420 1720 ἀποστασίας
1439 1689 1542 1724 ταύτης
1565 1689 1616 1715 οὑκ
1641 1688 1720 1723 όλίγη
1741 1689 1834 1723 μοῖρα,

1047 1737 1094 1763 καὶ
1107 1736 1210 1771 ταύτην
1225 1736 1274 1773 τὴν
1287 1735 1391 1763 λύσσαν
1404 1736 1477 1762 κατὰ
1493 1735 1544 1770 τῆς
1563 1736 1697 1771 ὲνσάρκου
1721 1734 1767 1761 τοῦ
1783 1734 1837 1761 Δό-

1047 1791 1096 1816 γου
1108 1783 1258 1818 παρουσίας
1271 1783 1457 1818 προφέρουσα.
1475 1781 1558 1808 Ἀλλὰ
1573 1782 1631 1813 πῶς
1649 1782 1664 1808 ό
1687 1781 1803 1814 Ἀγαθδς
1817 1780 1834 1816 ἢ

1047 1828 1119 1854 κατὰ
1131 1828 1320 1863 σχηματισμὸν
1333 1828 1381 1854 καὶ
1403 1827 1560 1863 ὑπόκρισιν,
1575 1827 1592 1863 ἢ
1610 1828 1639 1854 ὲν
1654 1827 1770 1863 ἀληθεία
1787 1827 1836 1854 καὶ

1048 1874 1163 1909 ὑπάρξει
1184 1875 1247 1906 τοὺς
1263 1874 1291 1900 ἐν
1304 1875 1337 1909 τῇ
1358 1874 1465 1908 πονηρᾷ.
1487 1873 1691 1908 διαπρέψαντας
1708 1873 1835 1909 Διαθήκῃ

1047 1919 1170 1954 πατέρας
1185 1921 1231 1947 καὶ
1245 1920 1393 1955 προγόνους
1406 1919 1503 1946 ἑαυτοῦ
1516 1919 1643 1952 γενέσθαι
1661 1919 1835 1952 κατεδέξατο,

1048 1966 1096 1992 καὶ
1111 1965 1232 1992 τοιούτου
1260 1965 1417 1999 σπέρματος
1437 1964 1626 1996 ἐπιλαϐέσθαι,
1654 1962 1685 1991 οὗ
1712 1964 1836 1999 πλάστην

1048 2011 1099 2038 οὑκ
1122 2010 1215 2045 ἠγνόει
1239 2010 1288 2036 τὸν
1308 2009 1461 2044 Πολέμιον;
1485 2009 1540 2035 Ka‘t
1556 2009 1615 2040 πῶς
1635 2009 1672 2044 μὴ
1699 2009 1729 2041 ἐξ
1755 2009 1837 2035 ἄλλου

1049 2056 1143 2088 ἔθνους
1174 2055 1307 2091 προῆλθεν
1326 2055 1418 2086 αὐτὸς,
1436 2054 1451 2081 ὃ
1466 2055 1503 2090 μὴ
1521 2054 1651 2090 δευτέραν
1666 2052 1739 2090 εἶχεν
1761 2055 1838 2090 ἐνέρ-

1049 2109 1128 2134 γειαν
1139 2099 1186 2126 τοῦ
1205 2099 1339 2135 Πονηροῦ,
1354 2099 1411 2126 ἀλλ’
1434 2099 1465 2131 εξ
1482 2100 1587 2126 ἐκείνου
1613 2100 1737 2135 πρόεισιν
1751 2099 1766 2126 ὃ
1787 2099 1838 2135 τῆς

1051 2147 1175 2178 Παλαιᾶς
1187 2148 1212 2173 οι
1229 2147 1307 2182 νόμοι
1324 2146 1487 2182 διεμόρφουν
1502 2154 1532 2173 τε
1548 2146 1596 2173 καὶ
1610 2146 1766 2178 διετίθεντο,
1792 2147 1839 2173 καὶ

209 2202 293 2230 menti
310 2201 462 2228 formarunt
475 2186 503 2225 et
516 2198 664 2227 tinxerunt.
682 2196 780 2224 deinde
793 2203 858 2222 vero
868 2199 929 2230 post
940 2194 995 2230 pri-

1053 2193 1122 2228 μετὰ
1140 2186 1191 2228 τήν
1212 2193 1259 2219 ἀπ’
1274 2193 1362 2228 ἀρχῆς
1380 2194 1503 2229 πονηρὰν
1530 2193 1630 2220 πλάσιν
1646 2193 1839 2228 πονηροτέροις

208 2257 280 2276 mam
298 2248 370 2275 illam
383 2252 497 2280 eamque
521 2243 619 2271 malam
638 2243 804 2270 creationem
827 2241 860 2268 ad
875 2241 995 2268 actiones

1047 2238 1233 2273 anatsﬁpymc
1244 2239 1290 2265 καὶ
1301 2239 1389 2265 ἔθεσιν
1402 2238 1609 2272 ἐπαιδαγώγουν
1618 2247 1647 2265 τε
1658 2239 1705 2265 καὶ
1717 2238 1830 2265 διέπλατ

209 2301 354 2327 moresque
368 2292 447 2326 longe
464 2290 571 2325 pejores
584 2289 771 2323 perduxerunt
785 2292 813 2314 et
828 2287 995 2314 incitarunt!

1047 2293 1111 2318 'rnv;
1122 2285 1178 2311 Kal.
1188 2285 1211 2311 ei
1228 2285 1265 2321 μὴ
1275 2282 1309 2318 ἦν
1321 2285 1338 2320 ἠ
1354 2285 1461 2312 Παλαιὰ
1473 2285 1520 2311 τοὺ
1535 2285 1614 2317 Θεοῦ,
1627 2285 1686 2316 πῶς
1696 2285 1759 2316 τοὺς
1775 2285 1838 2311 ἁθευ

211 2340 239 2367 Si
257 2342 532 2366 vetnstcstamentum
547 2336 632 2362 Deum
657 2339 798 2362 auctorem
820 2341 876 2360 non
905 2333 998 2365 habet,

209 2385 346 2422 quomodo
362 2383 510 2410 violatores
534 2381 623 2417 legum
645 2380 794 2408 conditoris
823 2378 999 2410 naturalium,

211 2436 239 2458 ct
247 2429 366 2458 lascivia:
379 2436 408 2456 se
425 2428 627 2463 permittentes,
647 2425 834 2459 voluntatique
851 2423 936 2451 hostis
955 2431 1003 2458 pe-

211 2477 286 2503 nitus
301 2475 452 2508 subjectos,
467 2473 530 2508 igne
550 2472 640 2507 punit,
669 2476 697 2498 et
713 2470 858 2505 impiorum
873 2477 1003 2497 ausorum

212 2529 308 2557 poenas
318 2521 392 2548 luere
402 2520 500 2555 jubet?
525 2519 625 2545 Malum
651 2518 725 2545 enim
743 2524 837 2552 ptenas
861 2524 1005 2551 reposcere

214 2566 370 2602 impietatis,
383 2574 436 2600 qua
449 2566 506 2600 ipse
518 2565 680 2596 delectatur,
709 2567 736 2590 et
749 2563 827 2597 cujus
841 2562 898 2598 ipse
909 2567 1005 2589 auctor

211 2620 264 2646 est.
278 2613 323 2648 qui
343 2614 385 2640 vel
405 2612 529 2647 cogitarit
543 2611 656 2638 omnino
675 2610 717 2637 vel
733 2610 842 2642 dixerit,
864 2616 955 2636 nonne
979 2609 1002 2637 is

213 2658 334 2686 insanire
349 2656 446 2684 merito
463 2656 605 2683 credatur?
627 2657 758 2689 Apostata
769 2661 834 2680 vero
843 2654 881 2681 ait
895 2653 1001 2680 hostem

246 2718 270 2734 9‘
285 2717 363 2745 Joan.
377 2724 437 2747 vui,
452 2714 495 2742 δῖ).
534 2715 566 2741 ’⁵.
585 2714 680 2741 Matth.
708 2721 768 2746 Vill,
787 2713 830 2740 Η.

1047 2331 1183 2366 τήσαντας
1197 2332 1261 2363 τοὺς
1274 2332 1303 2358 ἐν
1319 2333 1351 2367 τῇ
1368 2331 1448 2366 φύσει
1466 2332 1566 2366 νόμους
1578 2331 1624 2357 τοῠ
1647 2331 1779 2362 Πλάστου,
1793 2331 1839 2357 καὶ

1049 2377 1089 2408 εἰς
1103 2376 1250 2411 ἀσέλγειαν
1274 2376 1324 2412 μὲν
1355 2376 1556 2408 ὲξοκείλαντας,
1587 2376 1627 2412 τῷ
1657 2376 1791 2412 θελήματι
1813 2377 1839 2404 δι

1052 2422 1193 2454 παντελῶς
1200 2422 1454 2454 καταδουλωθέντας
1463 2421 1510 2449 τοῦ
1521 2421 1584 2456 Ἐχθ
1589 2422 1634 2457 ροῦ
1646 2423 1713 2457 πυρὶ
1723 2422 1840 2454 κολάζει.

1053 2468 1100 2494 καὶ
1108 2467 1158 2503 τὴν
1166 2467 1220 2494 τῶν
1228 2467 1437 2502 τετολμημένων
1445 2468 1522 2503 δίκην
1531 2468 1642 2495 ἀπαιτεῖ
1650 2476 1657 2501 ;
1667 2468 1712 2494 τὸν
1723 2468 1838 2503 Πονηρδι

1053 2514 1108 2549 γὰρ
1117 2514 1196 2548 δίκην
1210 2514 1337 2541 ἀπαιτεῖν
1346 2515 1396 2549 τῆς
1405 2514 1487 2541 αὑτὸν
1496 2513 1650 2550 τερπούσης
1659 2515 1706 2541 καὶ
1715 2514 1745 2547 ἐξ
1761 2513 1838 2541 αὑτοῖ

1054 2560 1206 2595 προῖούσης
1217 2561 1340 2596 πονηρᾶς
1352 2560 1494 2596 ἐργασίας,
1508 2559 1568 2592 πῶς
1580 2560 1631 2587 οὑκ
1645 2559 1678 2587 ἂν
1688 2561 1730 2595 εἴη
1745 2560 1811 2590 ὅλως
1825 2560 1840 2586 ιΡ

1055 2606 1216 2642 ὲννοηθῆναι
1225 2606 1254 2642 [ἢ
1264 2605 1405 2641 λεχθῆναι]
1414 2607 1443 2632 οὐ
1456 2606 1569 2641 μανικόν
1581 2614 1588 2637 ;
1605 2605 1634 2632 '0
1648 2606 1676 2632 δὲ
1689 2605 1839 2638 ἀποστάτης

1056 2653 1109 2680 τῶν
1139 2653 1264 2687 πονηρῶν
1287 2652 1376 2686 ἔργων
1401 2652 1465 2683 τοὺς
1491 2651 1627 2688 πονηροὺς
1650 2649 1758 2686 πονηρῷ
1775 2650 1828 2677 tu

751 2789 869 2817 VARle
890 2788 1086 2817 LEC'l’lONES
1105 2787 1150 2816 ET
1167 2787 1286 2816 NOTE.

253 2853 309 2889 (‘26)
327 2853 482 2887 Κραταιόν.
503 2851 592 2879 Malim
605 2850 693 2885 legere
708 2851 846 2885 κραταιοῖ,
860 2850 923 2885 quia
938 2849 995 2876 alio:

1046 2856 1058 2876 ιι
1073 2848 1162 2876 hiulca
1178 2847 1285 2875 videtur
1299 2847 1397 2874 oratio.
