1931 3082
122 103 167 135 133
585 89 588 93 ’
626 103 774 135 CONTRA
792 103 1021 134 MANICH/EOS
1039 103 1154 135 LIBER
1170 105 1227 136 ΠΙ.

1686 104 1735 136 134

121 169 199 197 σματι
215 160 288 196 ἄλλῳ
311 159 350 195 τῷ
364 160 432 195 πυρὶ
452 159 502 194 τὴν
526 160 662 195 τιμωρίαν
687 159 898 194 εἰσπράττεσθαι

952 160 1075 188 homines
1097 161 1231 188 malorum
1244 168 1357 196 operum
1377 165 1503 189 auctores
1514 169 1565 197 per
1580 167 1735 190 creaturam

119 208 187 242 λέγει
203 207 250 233 τὸν
270 205 383 241 Ἐχθρὸν
395 206 452 240 (27)
468 205 537 232 ἑτῶν
549 207 606 237 τοῖς
623 207 723 241 σαρκός
738 206 836 233 πάθεσι
846 214 897 233 κα-

118 253 280 288 τασυρέντας
298 251 482 286 κατακλυσμῷ
497 251 605 282 κολάζει
620 251 687 286 (28).
703 252 896 286 Μισοπονήρου

120 300 169 334 γάρ
183 300 240 324 ἐστι
256 298 302 324 καὶ
317 297 419 329 ἀγαθοῦ
444 298 491 324 καὶ
505 297 620 329 δικαίου,
638 298 668 324 τό
686 306 718 325 τι
733 297 818 324 κακὸν
833 298 898 324 ἀνα-

120 344 244 376 στέλλειν,
261 344 385 374 καὶτοὺς
400 343 468 378 πρὸς
489 343 538 378 τὴν
567 343 714 378 ἁμαρτίαν,
741 344 900 371 ἀναιδευσα-

120 390 213 424 μένους
229 389 279 424 τὴν
296 389 357 423 ῐσην
370 388 582 423 εἰσπράττεσθαι
595 389 741 424 τιμωρίαν,
767 389 824 415 ἀλλ’
838 390 899 425 οὐχὶ

118 434 232 470 πονηροῦ
242 435 334 468 ποθεν,
348 435 408 461 οὐδὲ
421 434 561 469 φιλοῦντος
573 435 620 461 καὶ
631 434 839 470 νομοθετοῦντος
849 435 898 470 τὴν

117 481 260 516 ἁμαρτίαν.

151 528 194 560 ς’.
213 527 270 553 Ἰνα
287 525 316 553 δὲ
331 525 420 562 μάθῃς
433 525 637 561 ἀκριδέστερον,
649 525 687 557 ὡς
702 526 716 552 ὁ
731 525 812 557 αὐτός
824 526 898 552 ἐστιν

116 573 216 607 ἀγαθὸς
231 573 279 599 καὶ
295 572 486 608 φιλάνθρωπος
496 572 594 604 Θεὸς,ὅ
608 571 696 598 τετοῦ
707 572 812 598 δικαίου
827 572 899 599 ἐκδι-

116 627 161 649 κος
180 620 208 644 ὲν
222 620 255 653 τῇ
277 618 385 653 Παλαιᾷ
401 618 449 644 καὶ
463 619 477 644 ό
503 618 531 644 ὲν
549 618 583 652 τῇ
594 618 696 653 χάριτι,
713 617 833 653 ξηραίνει
850 618 898 653 μὲν

116 665 162 698 τήν
175 664 260 698 συκῆν
272 663 377 698 καρπὸν
389 662 465 698 αὐτῷ
476 661 513 697 μὴ
525 662 775 697 προσενεγκοῦσαν,
788 662 898 698 μυρίαις

115 712 142 738 δὲ
156 712 280 742 ἀπειλαῖς
295 710 443 737 ὑποϐάλλει
463 711 526 741 τοὺς
554 709 629 744 αὐτῷ
647 709 684 745 μὴ
704 709 897 743 πειθομένους,

116 758 162 783 καὶ
171 757 201 782 τὸ
223 756 400 791 σφοδρότερόν
416 764 445 782 τε
466 756 514 782 καὶ
531 755 667 790 ἀμίμητον
680 754 730 790 τῆς
743 754 892 786 κολάσεως,

115 803 154 833 εὶς
167 801 197 828 τὸ
217 801 348 835 ἐξώτερον
370 801 427 836 πῦρ
459 801 489 827 τὺ
506 801 705 836 ἡτοιμασμένον
720 800 758 836 τῷ
783 800 899 835 διαϐόλῳ

951 205 1030 232 aliam
1043 206 1151 236 malam.
1168 207 1256 241 ignem
1264 207 1376 238 scilicet,
1389 207 1420 234 ad
1434 215 1542 242 poenam
1552 215 1659 240 vocare,
1673 216 1737 235 eos-

951 260 1004 287 que
1027 252 1073 286 qui
1100 252 1292 286 cupidilatibus
1311 253 1400 280 carnis
1419 253 1523 287 abrepti
1548 253 1612 284 sint,
1634 253 1736 280 diluvio

951 298 1060 332 punire.
1074 298 1134 325 Jam
1154 303 1244 325 autem
1263 303 1291 325 et
1304 299 1365 325 boni
1379 303 1406 326 et
1419 299 1484 333 justi
1496 304 1523 326 et
1538 299 1614 326 malis
1637 299 1736 327 infensi

951 350 1020 377 opus
1036 347 1088 375 est,
1102 343 1201 370 malum
1215 343 1368 377 prohibere,
1397 343 1621 378 impudentesqne
1635 351 1734 379 pecca-

953 393 1025 416 tores
1033 389 1066 416 ad
1076 389 1186 424 dignum
1195 397 1290 423 rapere
1300 389 1473 424 supplicium,
1481 397 1540 423 qua:
1549 397 1613 416 sane
1623 389 1735 420 malum.

951 438 998 461 aut
1015 440 1154 469 peccatum
1169 440 1317 468 amantem,
1343 435 1397 462 imo
1419 435 1522 471 legibus
1532 436 1736 471 praecipientem

951 487 1006 506 non
1018 480 1125 507 decent.

986 524 1031 551 Vl.
1045 523 1080 552 Ut
1095 532 1160 552 vero
1182 525 1271 553 adhuc
1292 526 1378 561 magis
1402 526 1547 562 intelligas,
1576 527 1648 561 quod
1663 527 1736 554 idem

951 570 1039 598 bonus
1055 575 1082 598 et
1094 571 1235 598 hominum
1249 579 1343 599 amans
1356 571 1426 599 Deus
1440 577 1491 604 est,
1507 572 1552 607 qui
1565 577 1590 599 et
1605 573 1632 600 in
1653 573 1737 600 veteri

952 621 979 644 et
994 617 1022 643 in
1043 624 1113 644 novo
1131 621 1293 644 testamento
1312 618 1417 652 justum
1432 623 1548 650 tueatur,
1585 618 1664 646 ﬁcum
1673 626 1738 645 exa-

952 662 1158 697 rescerejubet,
1190 670 1251 698 quae
1269 663 1387 690 fructum
1412 664 1517 698 petenti
1545 672 1599 691 non
1623 664 1737 691 exhibe-

950 706 997 734 bat
1011 707 1050 740 “,
1068 707 1236 742 inﬁnitisque
1252 708 1334 735 minis
1351 709 1403 736 sibi
1426 717 1480 736 non
1497 710 1639 737 audientes
1652 717 1737 744 expo-

951 753 1002 785 nit,
1017 753 1162 788 legumque
1186 761 1296 780 suarum
1324 759 1538 789 transgressores
1552 755 1667 791 graviori
1686 763 1738 783 nec

951 796 1076 824 imitabili
1091 798 1234 832 supplicio,
1263 798 1318 833 igni
1334 799 1446 830 scilicet.
1470 799 1516 834 qui
1527 800 1635 827 diabolo
1647 803 1674 828 et
1687 808 1738 827 an-

115 849 160 875 καὶ
175 849 232 879 τοῖς
257 847 383 881 ἀγγέλοις
399 846 492 878 αὐτοῦ,
514 846 577 878 τοὺς
601 846 827 882 παραϐεὗηκότας
842 846 898 882 (29)

952 843 1016 878 gelis
1026 843 1086 878 ejus
1108 848 1217 878 paratus
1239 849 1290 875 est,
1305 844 1422 879 snhjicit.
1449 845 1537 880 Atque
1558 846 1593 872 ita
1618 845 1736 880 primum

114 893 194 921 αὐτοῦ
207 894 270 925 τοὺς
281 893 381 929 νόμους
395 892 583 924 καταδικάζει.
601 892 657 920 Kal.
671 892 732 920 κατ’
743 893 832 928 ἀρχὰς
850 892 899 928 μὲν

114 938 274 974 προσκαίρῳ
290 939 356 973 πυρὶ
368 938 414 964 καὶ
435 937 512 964 ὕδατι
525 939 695 972 τιμωρεῖται,
712 938 758 964 ἐπὶ
776 937 848 964 τέλει
870 938 899 965 δὲ

112 984 290 1016 διαιωνίξοντι
301 983 347 1010 καὶ
358 983 540 1018 ἀτελευτήτῳ.
556 983 638 1018 Ὁρᾷς
649 982 707 1014 πῶς
715 982 745 1009 τὸ
756 983 900 1018 μισοπόνη-

114 1039 159 1066 ρον
175 1029 311 1064 πανταχοῦ
328 1028 422 1064 ὥσπερ
435 1029 482 1055 καὶ
498 1028 529 1054 τὸ
544 1027 736 1063 φιλάνθρωπον
753 1027 899 1063 γνώρισμά

113 1077 171 1102 ἐστι
186 1076 233 1102 καὶ
254 1074 404 1110 μαρτύριον
419 1074 470 1109 τῆς
484 1073 654 1108 ἀγαθότητος
674 1073 720 1100 τοῦ
737 1073 819 1106 Θεοῦ;
844 1073 900 1100 Καὶ

112 1122 162 1147 οὐκ
177 1119 257 1152 αὐτὸς
276 1119 325 1154 μὲν
340 1118 426 1146 ταῦτα
440 1120 570 1154 πράττει,
587 1119 650 1150 τοὺς
667 1118 790 1153 μαθητὰς
802 1119 830 1144 δὲ
845 1119 897 1153 τῆς

112 1165 238 1200 τοιαύτης
255 1164 381 1199 πράξεως
394 1162 569 1195 ὰναστέλλει;
582 1162 650 1188 ἀλλὰ
663 1162 766 1197 Πέτρος
780 1162 830 1196 μὲν
840 1163 854 1188 ό
870 1163 899 1188 ὲν

111 1211 145 1246 τῇ
161 1210 252 1245 χάριτι
268 1209 393 1245 λαμπρὸς
407 1208 453 1234 τὸν
471 1207 596 1234 Ἀνανίαν
613 1207 659 1234 καὶ
673 1206 722 1242 τὴν
739 1207 899 1241 Σάπφειραν

114 1255 290 1290 ψευδολογίας
315 1254 430 1280 θάνατον
452 1251 532 1278 έλαὸε
547 1252 596 1287 τὴν
612 1252 689 1286 δίκην
703 1251 769 1286 (30).
794 1251 900 1282 Παῦλος

111 1301 155 1332 δὲ,
169 1301 183 1326 ὁ
197 1300 297 1334 θερμὸς
311 1299 360 1334 τῆς
377 1299 487 1334 χάριτος
503 1297 591 1333 κήρυξ
607 1298 653 1324 καὶ
673 1297 833 1328 διδάσκαλος
850 1297 900 1331 τῆς

111 1346 289 1381 οἰκουμένης,
303 1345 403 1380 τυφλὸν
429 1345 478 1380 μὲν
500 1344 581 1375 εὐθὺς
609 1344 682 1370 ποιεῖ
696 1343 740 1370 τὸν
767 1342 897 1377 Ἑλύμαν,

112 1394 193 1425 atii-rb;
213 1392 316 1428 μαθὼν,
332 1391 362 1425 ἐξ
379 1389 415 1419 ὧν
428 1392 572 1424 πέπονθεν,
588 1391 650 1417 ὅσον
669 1391 685 1425 ἡ
707 1389 786 1425 ποινὴ
804 1389 900 1424 κέρδος

113 1441 202 1475 φέρει.
221 1440 272 1466 Τὸν
287 1439 316 1465 δὲ
331 1437 538 1473 πεπορνευκότα
562 1437 706 1472 Κορίνθιον
731 1435 900 1471 παραδίδωσι

111 1487 150 1521 τῷ
167 1485 274 1520 Σατανᾷ
291 1486 331 1516 εἱς
345 1483 455 1519 ὄλεθρον
469 1483 518 1517 τῆς
538 1482 650 1517 σαρκός.
675 1481 848 1517 Ἀλέξανδρον
870 1480 899 1507 δὲ

111 1534 152 1564 εἰς
167 1532 216 1567 τὴν
243 1531 348 1558 ἐκεῖθεν
376 1529 555 1564 παραπέμπει
581 1528 698 1563 βάσανον
722 1528 767 1554 καὶ
796 1526 897 1562 κρίσιν.

111 1579 169 1605 Καὶ
185 1579 210 1604 εἱ
225 1576 294 1613 ὀργὴ
318 1577 367 1604 καὶ⁸
396 1576 484 1610 θλίψις
504 1575 551 1601 καὶ
568 1574 733 1609 στενοχωρία
749 1573 796 1599 ἐπὶ
810 1573 900 1599 πᾶσαν

110 1625 201 1661 ψυχὴν
211 1624 353 1657 ἀνθρώπου
369 1622 416 1649 τοῦ
427 1621 667 1657 κατεργαζομένου
683 1620 715 1646 τὸ
728 1619 814 1646 κακὸν
831 1618 898 1654 (51),

112 1671 216 1706 σφόδρα
235 1669 450 1705 διαμαρτύρεται
476 1668 490 1694 ό
522 1667 638 1698 Παῦλος,
656 1666 752 1701 ὥσπερ
769 1664 833 1697 δόξα
852 1665 900 1691 καὶ

110 1717 180 1752 τιμὴ
196 1716 243 1743 καὶ
259 1715 354 1750 εἰρήνη
377 1713 459 1739 παντὶ
475 1712 514 1747 τῷ
529 1710 709 1747 ἐργαζομένῳ
724 1709 756 1736 τὺ
785 1709 899 1744 ἀγαθὸν,

110 1764 173 1795 πῶς
195 1760 414 1797 προσωποληψία
441 1759 490 1786 οὐκ
509 1758 567 1784 ἔστι
589 1758 665 1793 παρὰ
682 1756 721 1792 τῷ
747 1755 822 1791 Θεῷ;
842 1755 900 1787 πῶς

110 1810 136 1835 οἱ
156 1806 368 1841 κατακριθέντες
385 1806 414 1832 ὲν
435 1806 469 1840 τῇ
488 1803 594 1839 Παλαιᾷ.
609 1803 658 1838 οὐχ
674 1802 726 1828 ὑπὸ
743 1801 790 1828 τοῦ
816 1800 899 1828 αὑτοῦ

110 1853 315 1888 κατεκρίθησαν
337 1850 439 1886 ἀγαθοῦ
454 1850 532 1882 Θεοῦ,
551 1850 580 1881 ὃς
595 1849 643 1876 καὶ
657 1848 706 1884 τὴν
717 1848 797 1883 χάριν
819 1855 900 1882 νομο-

110 1899 196 1930 θετεῖ,
210 1898 256 1925 καὶ
266 1897 296 1924 τὺ
303 1895 556 1932 ἁπροσωπόληπτον
573 1894 667 1927 αὐτοῦ,
678 1891 719 1925 οἷς
733 1894 899 1927 ὑπέστησεν,

108 1945 281 1976 ﬂaminica;
298 1944 352 1970 Kal.
369 1943 463 1974 πόσοις
476 1942 508 1969 ἄν
520 1950 563 1973 τις
578 1940 743 1973 ἐπιδείξαιτο
754 1940 803 1974 τὴν
821 1947 899 1974 μισο-

109 1991 231 2026 πόνηρον
244 1990 322 2024 δίκην
341 1990 370 2015 ὲν
388 1990 444 2020 τοῖς
454 1988 503 2023 τῆς
517 1987 629 2023 χάριτος
645 1987 738 2021 νόμοις
753 1985 784 2012 τὸ
797 1985 899 2020 κράτος

109 2038 228 2072 ἔχουσαν
244 2036 351 2071 ἄμαχον
359 2044 367 2069 ;

949 888 1058 923 quidem
1070 889 1131 923 igne
1144 893 1172 916 et
1187 897 1256 924 aqua
1269 890 1424 924 temporali,
1438 891 1545 918 tandem
1555 898 1619 918 vero
1634 895 1736 918 aeterno

949 937 977 961 et
990 941 1130 968 nunquam
1154 934 1273 962 ﬁniendo
1284 935 1372 969 punit.
1386 935 1493 968 Viden',
1517 936 1588 970 quod
1603 939 1630 963 et
1644 936 1737 963 odium

948 981 1083 1008 malorum
1099 985 1126 1008 et
1142 981 1299 1008 humanitas
1324 989 1434 1016 semper
1457 986 1644 1017 argumentum
1661 985 1689 1009 et
1701 981 1738 1009 si-

948 1035 1031 1062 gnum
1046 1027 1082 1054 sit
1093 1027 1223 1054 bonitatis
1240 1026 1310 1054 Dei?
1335 1027 1392 1054 Nec
1412 1027 1471 1062 ipse
1501 1026 1587 1053 solum
1615 1027 1651 1061 ita
1671 1027 1735 1062 agit,

948 1072 1152 1108 discipulosque
1179 1073 1249 1100 forte
1263 1073 1298 1100 ab
1320 1073 1453 1108 ejusmodi
1477 1073 1629 1100 actionibus
1642 1073 1738 1108 prohi-

948 1118 1007 1150 bet,
1024 1118 1072 1145 sed
1084 1123 1111 1145 et
1122 1118 1235 1146 illustris
1245 1119 1274 1145 in
1287 1126 1358 1146 novo
1366 1122 1529 1145 testamento
1543 1119 1649 1150 Petrus,
1665 1118 1738 1145 Ana-

948 1164 1022 1191 niam
1039 1169 1066 1191 et
1079 1163 1241 1199 Sapphiram
1260 1169 1348 1192 morte
1361 1165 1388 1191 in
1403 1165 1536 1192 mendacii
1549 1172 1656 1199 pcenam
1669 1165 1738 1192 affe-

957 1210 1005 1237 cit.
1018 1209 1117 1236 Paulus
1128 1217 1246 1244 quoque,
1273 1216 1402 1238 strenutts
1429 1211 1568 1245 Evangelii
1585 1218 1684 1245 praaco.
1710 1215 1739 1238 et

954 1255 1051 1283 doctor
1070 1256 1154 1288 orbis,
1184 1256 1305 1291 Elymam
1331 1264 1363 1283 ex
1380 1256 1496 1292 vestigio
1508 1264 1610 1284 caacum
1625 1256 1680 1283 ﬁeri
1694 1257 1739 1292 ju-

949 1301 996 1328 bet
1008 1302 1044 1333 ",
1079 1302 1138 1336 ipse
1157 1301 1262 1328 scilicet
1285 1309 1316 1328 ex
1340 1301 1383 1333 iis,
1413 1309 1474 1336 quae
1500 1309 1646 1337 perpessus
1668 1306 1737 1334 erat,

950 1348 1073 1379 edoctus,
1095 1351 1226 1381 quantum
1251 1347 1423 1374 commodum
1442 1354 1521 1382 pcena
1535 1347 1640 1374 aﬂ‘erat.
1666 1347 1738 1374 Idem

951 1392 1092 1419 hominem
1103 1392 1286 1424 Corinthium,
1312 1393 1468 1420 scortationi
1486 1393 1619 1425 deditum,
1631 1393 1738 1420 Satanae

950 1438 978 1465 in
995 1438 1145 1473 perniciem
1158 1438 1248 1466 carnis
1264 1438 1358 1469 tradit,
1373 1438 1557 1466 Alexandrum
1572 1446 1637 1466 vero
1649 1439 1738 1466 eidem

950 1483 1081 1510 cruciatui
1100 1486 1128 1510 et
1143 1483 1246 1517 judicio
1273 1482 1410 1516 adjudicat
1441 1483 1475 1508 ³⁸.
1505 1482 1562 1509 lmo
1587 1481 1739 1509 cumidem

951 1529 1051 1556 Paulus
1062 1533 1187 1561 testetur,
1202 1528 1274 1563 quod
1288 1535 1338 1561 Ira,
1367 1528 1476 1555 alﬁictio
1489 1532 1517 1555 et
1528 1528 1653 1564 angustia
1671 1535 1740 1555 ven-

951 1579 1010 1601 tura
1019 1574 1055 1601 sit
1070 1582 1153 1608 super
1169 1581 1278 1601 omnem
1293 1574 1411 1601 animam
1434 1575 1553 1602 hominis
1571 1574 1672 1601 malum
1693 1582 1740 1609 pa-

951 1620 1049 1647 trantis
1062 1621 1096 1653 ",
1120 1619 1190 1647 sicut
1212 1620 1331 1648 vicissim
1353 1620 1436 1656 gloria
1452 1625 1479 1648 et
1492 1621 1579 1648 honor
1591 1625 1620 1647 et
1639 1628 1690 1656 pax
1705 1621 1741 1648 sit

955 1666 1073 1694 hominis
1096 1667 1198 1694 bonum
1226 1666 1375 1702 operantis,
1414 1674 1465 1694 nec
1490 1674 1633 1702 personam
1668 1666 1740 1693 Deus

950 1712 1096 1747 respiciat:
1110 1712 1255 1747 quomodo,
1271 1712 1317 1747 qui
1330 1712 1356 1739 in
1370 1712 1460 1739 Veteri
1479 1712 1652 1740 Testamento
1665 1712 1741 1739 dam-

949 1759 1005 1786 nati
1017 1763 1092 1792 sunt,
1107 1766 1163 1785 non
1176 1758 1210 1785 ab
1221 1758 1318 1785 eodem
1339 1758 1555 1785 condemnentur
1578 1758 1633 1784 Deo
1656 1757 1739 1790 bono,

951 1805 998 1839 qui
1021 1809 1050 1831 et
1070 1803 1246 1839 Evangelium
1270 1803 1461 1838 promulgavit.
1487 1808 1525 1836 et,
1548 1811 1629 1838 quam
1648 1804 1740 1830 nullus

953 1850 1026 1885 apud
1046 1857 1076 1877 se
1100 1849 1136 1877 sit
1156 1857 1335 1884 personarum
1354 1849 1486 1881 delectus,
1513 1849 1593 1877 factis
1624 1850 1740 1877 demon-

953 1897 1071 1925 stravit?
1097 1897 1165 1930 Quis
1178 1904 1244 1924 vero
1258 1896 1397 1924 suﬁecerit
1409 1897 1570 1924 enarrandis
1584 1897 1676 1932 gratim
1691 1904 1740 1924 seu

949 1945 1013 1972 novi
1038 1943 1193 1971 testamenti
1219 1943 1334 1978 legibus,
1359 1951 1419 1978 quae
1449 1943 1587 1976 evincunt,
1607 1943 1740 1979 justitiam

950 1989 1030 2016 malis
1045 1989 1185 2016 initnicam
1198 1988 1236 2016 ibi
1255 1992 1389 2024 perpetuo
1404 1988 1513 2016 valere?

984 2075 1043 2103 Vll.
1065 2076 1200 2103 Praeterea
1212 2083 1287 2107 vero,
1304 2075 1326 2103 si
1337 2079 1416 2103 vetns
1429 2076 1742 2105 testamentummaliest

146 2084 185 2110 Z'.
200 2082 291 2117 Χωρὶς
299 2081 328 2107 δὲ
343 2080 398 2107 τῶν
412 2081 575 2115 εἰρημένων,
589 2079 613 2105 εἰ
629 2078 750 2113 πονηρᾶς
761 2075 795 2113 ἦν
809 2077 898 2112 ἀρχῆς

108 2129 127 2164 ή
144 2128 265 2158 Παλαιὰ,
283 2127 342 2158 πῶς
360 2127 373 2153 ὁ
387 2126 533 2162 μετάρσιος
545 2125 592 2151 καὶ
609 2124 733 2159 οὐράνιος
745 2123 898 2159 ἄνθρωπος,

952 2121 1088 2157 principii,
1102 2121 1240 2156 quomodo
1258 2121 1368 2148 divinus
1385 2125 1413 2148 et
1430 2122 1548 2150 cwlestis
1568 2122 1611 2148 vir
1629 2123 1739 2154 Paulus.

110 2173 232 2204 Παῦλος,
241 2172 321 2203 εὐθὺς
328 2171 478 2206 ἀρχόμενος
486 2170 540 2196 τῶν
548 2170 576 2195 Ἐ
582 2168 713 2195 πιστολῶν
722 2168 766 2194 διὰ
774 2168 827 2194 τῶν
834 2176 898 2203 προ-

952 2167 1042 2195 statim
1049 2167 1083 2194 ab
1091 2167 1168 2194 initio
1175 2167 1352 2202 epistularum
1362 2175 1483 2200 suarum,
1494 2167 1635 2202 proﬁtetur
1655 2167 1739 2195 Deum

108 2219 207 2254 gmsth
223 2217 305 2244 αὑτοῦ
321 2218 350 2243 ὲν
365 2217 487 2251 Γραφαϊς
498 2215 591 2249 ἁγίαις
603 2214 648 2240 τὸν
659 2214 724 2240 Θεὸν
736 2221 895 2249 πφσεπαγ-

952 2222 997 2250 per
1020 2213 1171 2248 prophetas
1198 2221 1263 2241 suos
1285 2213 1313 2240 in
1337 2213 1477 2248 Scriptura
1497 2221 1573 2241 sacra
1591 2214 1685 2241 testari
1706 2214 1740 2242 de

106 2263 256 2299 γέλλεσθαι
270 2263 355 2297 λέγει,
372 2263 436 2297 περὶ
447 2261 494 2288 τοῦ
510 2260 576 2287 Υἱοῦ
589 2259 671 2286 αὑτοῦ
688 2259 735 2286 τοῦ
749 2258 897 2294 γενομένου

952 2259 1019 2287 Filio
1033 2267 1094 2290 suo,
1123 2267 1156 2286 ex
1182 2259 1288 2287 semine
1311 2260 1421 2287 Davidis
1442 2260 1599 2287 secundum
1629 2268 1739 2288 carnem

107 2311 143 2336 ἐκ
173 2308 332 2344 σπέρματος
356 2307 439 2333 Δαΰὶδ
465 2306 537 2332 κατὰ
560 2306 669 2340 σὰρκα;
696 2304 728 2330 Εἰ
754 2305 808 2338 γὰρ
832 2303 898 2330 Θεοῦ

952 2305 1056 2332 orituro
1070 2304 1098 2331 '?
1123 2303 1201 2336 Quod
1224 2305 1246 2332 si
1275 2305 1350 2332 enim
1375 2305 1423 2333 Del
1445 2309 1509 2332 sunt
1539 2305 1689 2340 prophetae,
1712 2310 1740 2333 et

107 2355 254 2389 προφῆται
269 2353 316 2379 καὶ
330 2352 436 2388 Γραῳαὶ
451 2352 539 2385 ἅγιαι,
554 2350 588 2377 δι’
604 2348 641 2376 ὧν
655 2351 669 2376 ὁ
682 2349 746 2381 Θεὸς
763 2358 898 2385 προεπηγ-

952 2350 1102 2384 Scriptum
1121 2357 1218 2382 sacrae,
1231 2358 1281 2385 per
1295 2359 1364 2386 quas
1385 2351 1457 2379 Deus
1470 2351 1504 2378 de
1520 2350 1589 2378 Filio
1610 2358 1661 2378 suo
1676 2356 1741 2378 ante

106 2397 224 2431 γείλατο
238 2398 301 2431 περὶ
312 2396 359 2422 τοῦ
374 2395 438 2422 Υἱοῦ
452 2395 545 2428 αὑτοῦ,
558 2394 610 2421 ποῦ
622 2395 636 2421 ό
655 2393 776 2429 Πονηρὸς
790 2394 898 2430 εὑρήσει

955 2395 1102 2428 nuntiavit,
1125 2395 1172 2423 ubi
1202 2396 1288 2424 Malus
1307 2397 1470 2432 principium
1492 2396 1643 2423 invenerit?
1663 2397 1697 2424 Et
1718 2397 1741 2424 si

105 2441 162 2477 ’τὴν
179 2441 285 2477 ἁρχήν;
305 2441 360 2467 Καὶ
383 2441 408 2466 εί
424 2439 460 2466 τὰ
474 2439 579 2475 ἀόρατα
605 2438 698 2471 αὑτοῦ,
717 2439 840 2465 τουτέστι
853 2439 898 2465 τοῦ

956 2440 1102 2468 invisibilia
1116 2441 1189 2476 ejus,
1206 2442 1257 2470 hoc
1269 2447 1313 2469 est
1323 2443 1370 2470 Dei
1386 2448 1415 2471 et
1426 2442 1515 2470 Patris
1530 2441 1636 2469 Domini
1654 2442 1741 2471 nostri

88 2501 94 2505 '
147 2500 174 2516 "
188 2499 284 2527 Matth.
303 2499 415 2532 “1,19.
454 2498 477 2514 ’⁷
492 2498 623 2526 Δοῑ.ιιιιι.
641 2498 668 2525 8.
706 2497 730 2513 ’⁸
742 2496 812 2524 Tim.
829 2505 850 2530 ι,
861 2498 906 2525 20.
943 2499 966 2515 ”
982 2498 1062 2526 Rom.
1077 2507 1108 2531 ιι,
1121 2500 1149 2527 9.
1193 2500 1201 2516 ³
1213 2499 1435 2536 Rom.t,2seqq.

99 2567 108 2621 ἴ
667 2575 785 2603 VARI/ﬁ
804 2575 995 2605 LECTIONES
1012 2578 1056 2605 ET
1071 2579 1187 2607 NOTAE.

103 2637 106 2667 ε
151 2636 210 2676 <22)
228 2635 334 2676 :Ezéar-
347 2636 420 2676 ιςεο
434 2636 571 2676 mtas:-

952 2674 958 2676 >
1059 2640 1170 2676 Ἕλαᾶε
1190 2639 1247 2676 τὴν
1263 2640 1420 2676 absumpta
1437 2641 1583 2676 phrasibus
1596 2642 1696 2669 διδόναι
1714 2647 1742 2670 et

151 2671 209 2710 (ζῇ)
224 2671 366 2710 ιξονιιίζιξι.Δ
372 2671 444 2710 Lego
457 2672 591 2710 κολαζειν.
632 2706 639 2710 _
734 2707 740 2710 _
812 2707 819 2710 _

952 2671 1102 2710 λαμϐάνειν
1130 2675 1180 2710 τὴν
1198 2671 1277 2710 δίκην
1291 2676 1352 2703 vide
1367 2671 1499 2704 Thomam
1522 2677 1684 2705 Gatakerum
1714 2678 1741 2704 in

155 2706 212 2741 (29)
232 2706 485 2746 Παραϐειξηιεότιις.
502 2706 558 2734 Hoc
578 2706 658 2746 modo
670 2715 718 2746 res
734 2707 791 2743 ipsa
812 2707 898 2746 lggere

953 2706 1066 2746 Dissert.
1083 2710 1114 2736 de
1126 2706 1194 2744 ειῄίο
1206 2710 1241 2737 Ν.
1255 2706 1289 2737 ”Τ.
1305 2715 1333 2737 et
1344 2711 1386 2739 Jo.
1406 2711 1554 2746 Vorstium,
1571 2713 1609 2739 De
1624 2712 1742 2739 Hebrai-

108 2742 206 2777 jubet,
218 2749 272 2804 Ero
291 2741 512 2776 περισεεηκότες,
537 2742 610 2782 quod
634 2743 716 2770 habet
739 2741 790 2770 ins.
815 2741 898 2777 supra

110 2784 185 2803 vero
202 2784 216 2803 a
261 2781 362 2803 tomum
381 2776 401 2804 l.
420 2784 447 2804 ο.
465 2776 491 2804 8.
517 2785 622 2804 monui.
639 2778 679 2804 τὸ.
692 2778 767 2804 παρὰ
787 2783 815 2804 et
839 2778 898 2804 τιεοῖ

953 2745 1016 2771 amis
1031 2744 1065 2771 Ν.
1086 2747 1113 2772 Τ.
1131 2741 1199 2780 μεῖνε.
1216 2753 1234 2776 ι,
1250 2753 1275 2772 c.
1291 2746 1317 2776 7,
1337 2754 1363 2781 p.
1380 2747 1441 2774 215.

991 2780 1048 2804 l3“
1063 2780 1204 2804 Excidisse
1222 2781 1265 2804 lllt‘.
1284 2781 1391 2804 videtur
1415 2791 1441 2804 vr

110 2784 185 2803 vero
202 2776 236 2816 ad
261 2781 362 2803 tomum
381 2776 401 2809 l,
420 2784 447 2810 p.
465 2776 491 2816 ξ,
517 2777 622 2811 monui,
639 2778 679 2810 τὸ,
692 2778 767 2813 παρὰ
787 2783 815 2805 et
839 2776 898 2813 rispi

991 2780 1048 2816 (5t)
1063 2776 1204 2808 Eaci'd'isse
1222 2781 1265 2808 hic
1284 2776 1391 2809 videtur
1415 2782 1510 2810 vocula
1528 2783 1564 2814 th;
1576 2782 1619 2811 vel
1632 2783 1740 2811 similis.

109 2819 190 2846 sepe
205 2816 274 2839 inter
285 2819 314 2839 se
331 2816 488 2846 permutart.
