1931 3082
200 135 252 168 135

778 131 910 163 PHOTII
930 130 1186 161 PATRIARCH/E
1210 130 1264 160 (ΣΡ.

1768 129 1828 162 ’136

200 190 267 219 Jesu
282 189 396 222 Christi,
412 198 428 218 a
453 195 545 218 creato
559 190 662 219 mundo
683 197 716 217 ex
731 190 862 225 operibus
883 188 991 225 cognita

1049 187 1109 213 θεοῦ
1125 188 1172 214 καὶ
1185 186 1292 222 Πατρὸς
1307 185 1354 213 τοῦ
1367 185 1471 222 Κυρίου
1488 185 1567 221 ἡμῶν
1589 185 1678 220 Ἰησοῦ
1697 186 1826 222 Χριστοῦ,

201 237 422 273 conspiciuntur,
443 236 470 263 in
485 236 586 271 quibus
602 236 711 264 tandem
726 236 818 271 opifex
835 236 923 263 malus
941 243 990 262 co-

199 288 347 319 gnoscetnr
355 283 367 309 ί
375 282 524 310 invisibilia
537 287 564 309 et
574 288 665 310 meme
672 282 842 317 assequenda
853 281 902 309 Dei
910 285 988 309 sunt:

202 331 261 357 haec
272 336 335 355 vero
344 337 376 355 ex
387 328 527 356 creatione
537 329 606 356 visui
615 332 643 355 et
652 328 779 356 sensibus
799 327 921 362 subjecta
933 334 990 361 per-

201 374 364 409 spiciuntur.
377 373 434 400 Nisi
449 374 522 401 enirn
542 382 576 401 ex
586 373 738 401 visibilibus
749 373 882 401 creaturis
895 373 991 400 invisi-

201 419 265 446 bilia
279 418 324 444 Dei
340 417 568 453 intelligerentur,
578 423 653 446 certe
666 418 812 446 invisibilia
824 417 881 445 haec
890 417 991 445 abistis

203 472 257 491 non
274 464 455 495 distinxisset,
465 472 554 498 neque
564 471 596 491 ex
609 464 668 491 istis
683 471 714 491 ea
723 463 839 498 perspici
853 463 990 498 iussisset.

200 509 343 543 Quomodo
351 515 441 537 autent
456 510 482 536 in
494 510 627 537 creaturis
636 510 826 542 sensibilibus,
838 509 890 536 hoc
898 514 951 541 est,
964 510 992 536 in

200 557 336 584 creaturis
353 557 417 583 muli
438 556 642 592 perspiciuntur
657 556 804 584 invisibilia
818 555 877 589 Dei,
893 563 993 591 nempe

200 609 302 631 aaterna
315 603 388 630 illius
401 603 524 639 potentia
535 608 563 630 et
576 603 724 631 divinitas?
739 602 842 630 Malitia
859 610 926 630 sane
943 609 994 637 po-

202 651 256 677 tius
269 655 296 677 et
308 650 446 684 turpitudo
458 649 519 676 Mali
529 650 555 676 in
567 649 600 676 iis
607 649 845 684 conspicerentur,
857 648 993 684 siquidem

202 696 230 723 in
244 696 401 723 universum
417 695 484 723 tales
507 696 566 731 ejus
578 701 710 723 creaturas
727 695 899 723 exsisterent.
915 694 995 728 Quod

201 749 267 768 vero
282 741 324 768 lcx
343 749 359 767 a
377 741 451 767 bono
474 741 529 768 Deo
543 741 588 772 sit,
603 741 683 768 etiam
699 741 763 768 hinc
772 741 851 769 facile
863 741 994 768 demons-

203 787 329 813 traveris.
346 786 445 813 Paulus
455 786 542 819 enim,
553 794 583 814 os
593 786 705 819 Christi,
719 787 767 820 ait,
778 786 850 821 quod
866 794 920 813 non
930 793 994 813 aus—

203 831 362 864 cultatores,
379 831 427 859 sed
450 831 644 859 observatores
659 831 871 867 legisjustitiam
894 838 995 858 conse-

203 882 332 912 quentur.
342 877 485 910 Quomodo
494 878 535 905 lex
549 886 565 905 a
582 878 654 905 bono
672 877 728 905 Deo
739 878 860 913 profecta
874 885 930 904 non
947 877 993 911 sit,

204 925 251 959 qui
260 932 309 960 pro
320 933 401 960 poma
418 924 562 959 irroganda
570 932 627 957 eos,
637 925 684 959 qui
699 925 786 960 legem
801 924 993 959 impleverunt,

202 970 292 1005 justus
303 971 523 1005 pronuntiat?Et
532 971 553 998 si
569 975 755 1006 transgressor
765 970 932 1006 legis,etiam
946 970 997 996 cir-

205 1015 343 1043 cumcisus
355 1023 476 1049 carnem,
491 1024 540 1051 pro
550 1017 712 1051 prazputiato
721 1016 847 1048 habetur,
864 1019 892 1043 et
905 1015 996 1042 divina

204 1061 290 1096 gratia
305 1061 441 1096 indignus,
451 1061 630 1096 prteputiatus
645 1070 720 1094 vero,
732 1062 755 1089 si
770 1062 837 1096 legis
847 1062 922 1097 jussa
936 1069 996 1089 sec-

206 1101 292 1138 tetur,
303 1106 540 1133 circumcisionem
552 1106 716 1134 sanctissimi
729 1106 848 1141 Spiritus
859 1106 886 1133 in
904 1106 995 1133 anima

205 1151 376 1183 circumfert,
386 1159 477 1192 nonne
487 1152 531 1179 lex
542 1160 556 1178 a
567 1152 639 1179 bono
650 1152 705 1180 Deo
720 1152 806 1187 repeti
815 1151 926 1179 debebit
937 1152 948 1178 ?
966 1152 995 1179 Si

204 1206 272 1226 vero
284 1199 504 1232 Christusiesus,
515 1204 596 1234 prout
607 1199 711 1226 Paulus
726 1199 892 1231 exclamat‘,
905 1199 997 1226 minis-

206 1248 249 1272 ter
261 1244 312 1271 fuit.
324 1245 554 1277 circumcisionis,
581 1253 630 1280 pro
646 1245 759 1272 veritate
770 1245 875 1273 scilicet
889 1245 948 1278 Dei,
960 1245 994 1272 ad

206 1290 406 1318 confirmandae
414 1291 610 1326 promissiones
619 1291 740 1326 patribus
751 1292 845 1324 factas,
857 1299 926 1326 quas
934 1298 995 1326 pro-

206 1335 269 1362 inde
279 1335 407 1363 Christus
415 1336 545 1363 stabilivit
555 1345 562 1370 ;
572 1336 642 1364 idem
655 1344 721 1364 vero
734 1337 803 1364 Deus
811 1337 936 1372 patribus
944 1337 994 1364 has

205 1382 404 1417 promissiones
413 1381 487 1413 fecit,
501 1383 548 1418 qui
557 1387 585 1409 et
598 1383 697 1411 coelum
709 1383 760 1410 hoc
770 1383 898 1411 sensibus
909 1391 994 1419 expo-

207 1427 290 1454 situm
301 1431 329 1454 et
342 1431 442 1454 terram
459 1428 591 1460 condidit,
621 1436 758 1463 quemque
772 1429 860 1456 Moses
871 1429 898 1456 in
910 1429 995 1457 histo-

209 1471 249 1498 ria
266 1471 414 1498 creationis
430 1472 516 1499 Deum
532 1473 672 1507 praedicat,
694 1473 740 1508 qui
755 1473 868 1510 insuper
881 1482 896 1502 a
913 1475 997 1502 Paulo

1040 231 1095 258 ἀπὸ
1107 232 1222 263 κτίσεως
1236 231 1337 266 κόσμου
1350 232 1407 262 τοῖς
1425 231 1560 265 ποιήμασι
1585 230 1736 265 νοούμενα,
1759 232 1812 258 καθ

1040 279 1137 314 ορᾶται
1147 298 1155 311 ,
1169 279 1198 305 ὲν
1214 278 1284 305 τίσιν
1306 277 1418 313 ὁραθείη
1431 278 1596 313 δημιουργὸς
1610 279 1624 304 6
1645 278 1773 313 Ἐχθρός;
1787 279 1829 306 Τὰ

1041 325 1146 360 ἀόρατα
1158 325 1205 352 καὶ
1218 325 1351 359 νοούμενα
1364 324 1411 351 τοῦ
1424 324 1491 351 Θεοῦ
1509 326 1567 351 ἐστι
1581 333 1588 339 ·
1603 324 1690 351 ταῦτα
1717 325 1746 351 δὲ
1762 324 1830 352 καθ-

1042 373 1140 408 ορᾶται
1155 372 1209 399 ἀπὸ
1222 372 1271 407 τῆς
1284 371 1417 407 αἰσθητῆς
1431 371 1479 398 καὶ
1499 372 1609 407 ὁρατῆς.
1621 372 1650 398 Εί
1666 371 1721 407 γὰρ
1737 371 1774 408 μὴ
1786 372 1830 399 διὰ

1040 419 1091 453 τῆς
1105 417 1208 454 ὁρατῆς
1223 418 1340 450 κτίσεως
1356 417 1390 444 τά
1402 417 1507 452 ἀόρατα
1523 417 1569 443 τοῦ
1585 417 1652 443 Θεοῦ
1668 418 1829 452 καθορᾶται,

1042 464 1092 491 οὐκ
1105 465 1138 491 ἂν
1159 464 1208 499 μὲν
1219 463 1351 490 διέστειλε
1371 463 1405 490 τὰ
1426 463 1533 499 ἀόρατα
1550 463 1580 494 ἐξ
1603 463 1707 498 αὐτῆς·
1727 464 1778 490 οὐκ
1799 464 1832 490 ἂν

1042 510 1072 537 δὲ
1097 510 1141 537 διὰ
1169 510 1272 546 ταύτης
1302 510 1420 542 ἐδίδαξεν
1447 511 1541 537 ἐκεῖνα
1569 510 1750 546 καθορᾶσθαι.
1769 511 1832 543 Πῶς

1042 554 1090 583 οὖν
1109 557 1138 583 ἐν
1156 557 1214 588 τοῖς
1232 557 1367 592 ποιήμασι
1389 557 1446 588 τοῖς
1469 555 1608 591 αἰσθητοῖς
1629 556 1780 592 καθορᾶται
1799 557 1834 583 τὰ

1044 603 1149 638 ἀόρατα
1162 602 1211 629 τοῦ
1232 602 1300 629 Θεοῦ
1311 623 1319 635 ,
1344 603 1392 629 καὶ
1405 602 1467 629 τότε
1490 603 1506 638 ἡ
1521 603 1605 634 ἀΐδιος
1621 603 1704 629 αὐτοῦ
1719 602 1834 638 δύναμις

1044 649 1093 676 καὶ
1108 649 1216 684 θειότης
1232 649 1261 675 ὲν
1272 649 1328 679 τοῖς
1342 648 1479 684 ποιήμασι
1495 647 1543 675 τοῦ
1556 648 1678 684 Πονηροῦ
1691 656 1698 681 ;
1714 649 1833 676 Τοῦναν-

1043 695 1101 722 τιον
1114 695 1168 730 γὰρ
1179 696 1207 722 ὲν
1216 696 1272 726 τοῖς
1284 696 1419 730 ποιήμασι
1431 695 1480 722 τοῦ
1496 695 1621 730 Ἐχθροῦ.
1634 695 1713 731 εἴπερ
1721 693 1754 730 ἦν
1767 696 1835 728 ὅλως

1044 741 1116 773 τινὰ,
1133 742 1149 776 ἠ
1164 741 1284 776 πονηρία
1309 742 1355 767 καὶ
1372 741 1520 776 αἰσχρότης
1537 740 1620 767 αὑτοῦ
1642 741 1777 775 καθορᾶτο
1790 740 1833 768 ἀν.

1047 784 1165 811 ὀτιδὲὸ
1180 784 1261 820 νόμος
1274 785 1306 811 ἐκ
1319 784 1366 811 τοῦ
1378 785 1484 818 ἀγαθοῦ
1497 785 1576 816 Θεοῦ,
1592 785 1739 812 κάντεῦθεν
1751 786 1784 812 ἄν
1793 794 1836 817 τις

1047 831 1205 864 ἒπιδείξοιτο
1223 832 1298 867 ῥᾷον.
1317 831 1400 866 Λέγει
1415 831 1470 866 γὰρ
1482 832 1496 858 6
1512 830 1628 863 Παῦλος,
1642 831 1673 857 τὸ
1687 831 1774 867 στόμα
1788 831 1835 859 τοῦ

1047 878 1177 913 Χριστοῦ,
1193 878 1290 913 ὅτιπερ
1307 878 1356 913 οὐχ
1381 878 1406 904 οἱ
1427 878 1563 913 ἀκροαταὶ
1574 877 1622 904 τοῦ
1637 878 1719 912 νόμου
1737 878 1837 905 δίκαιοι

1047 924 1123 959 παρά
1138 923 1177 959 τῷ
1193 923 1267 959 Θεῷ,
1284 923 1342 950 ἀλλ’
1360 923 1385 950 οἱ
1400 924 1513 958 ποιηταὶ
1526 922 1574 950 τοῦ
1591 923 1673 959 νόμου
1689 923 1838 959 δικαιωθή-

1047 978 1150 997 σονται.
1174 970 1230 997 Καὶ
1250 969 1308 1002 πῶς
1323 969 1373 996 οὐκ
1393 969 1467 996 ἔστιν
1480 970 1495 996 ό
1510 969 1591 1005 νόμος
1612 970 1645 997 ὲκ
1659 969 1708 997 τοῦ
1732 969 1836 1004 ἀγαθοῦ

1046 1015 1126 1048 Θεοῦ⁷
1141 1015 1171 1047 ὃς
1187 1015 1248 1042 ἀντὶ
1269 1015 1316 1041 τοῦ
1333 1014 1460 1045 κολάζειν
1474 1014 1596 1046 δικαίους
1610 1015 1755 1049 ἀποφαίνει
1774 1015 1838 1046 τοὺς

1046 1061 1193 1092 ποιοῦντας
1215 1061 1312 1092 αὑτόν;
1330 1061 1386 1087 Καὶ
1402 1061 1426 1086 εί
1442 1062 1456 1087 6
1481 1061 1648 1096 παραϐάτης
1665 1061 1712 1088 τοῦ
1732 1061 1836 1096 νόμον,

1047 1108 1099 1135 κᾶν
1122 1107 1361 1143 περιτετμημένος
1411 1105 1462 1141 τὴν
1484 1107 1591 1142 σάρκα,
1615 1107 1653 1138 ὡς
1669 1107 1838 1142 ἀκρόόυστος

1047 1152 1195 1188 λογίζεται,
1209 1154 1255 1180 καὶ
1267 1153 1377 1185 ἀνάξιος
1392 1154 1515 1188 κρίνεται
1526 1153 1573 1180 τοῦ
1586 1153 1666 1180 Θεοῦ·
1681 1153 1696 1179 6
1710 1153 1739 1180 δὲ
1754 1153 1839 1188 ἀκρό-

1048 1201 1146 1233 συστος
1160 1200 1194 1228 τὰ
1208 1200 1380 1235 δικαιώματα
1395 1199 1542 1234 φυλάσσων
1556 1199 1604 1226 τοῦ
1619 1200 1702 1235 νόμου
1720 1199 1769 1234 τὴν
1786 1207 1837 1225 πε-

1051 1247 1164 1282 ριτομὴν
1175 1246 1223 1273 τοῦ
1239 1246 1371 1281 παναγίσυ
1387 1246 1548 1282 Πνεύματος
1562 1247 1641 1282 φέρει
1656 1247 1685 1273 ὲν
1700 1247 1732 1281 τῇ
1748 1247 1819 1281 ψυχῇ
1829 1267 1838 1278 ,

1049 1293 1107 1324 πῶς
1123 1293 1183 1328 οὐχὶ
1202 1293 1216 1320 ό
1231 1293 1314 1328 νόμος
1329 1293 1362 1320 ὲκ
1377 1293 1425 1320 τοῦ
1439 1292 1543 1327 ἀγαθοῦ
1559 1292 1643 1326 Θεοῦ;
1658 1294 1689 1319 Εἰ
1710 1293 1749 1325 δὲ,
1767 1292 1839 1319 καθά

1048 1340 1232 1375 διακέκραγεν
1258 1341 1273 1366 6
1291 1340 1412 1373 Παῦλος,
1437 1340 1556 1375 Χριστὸς
1583 1339 1688 1374 Ἰησοῦς
1716 1339 1840 1368 διάκονος

1049 1385 1145 1420 γέγονε
1161 1388 1314 1421 περιτομῆς
1325 1405 1333 1418 ,
1354 1386 1441 1418 Stati;
1455 1385 1526 1421 ὑπὲρ
1546 1385 1676 1420 ἀληθείας
1699 1385 1782 1418 Θεοῦ,
1799 1385 1840 1417 εἰς

1048 1431 1080 1459 τὸ
1112 1431 1262 1468 βεὸαιῶσαι
1286 1432 1338 1464 τὰς
1362 1432 1529 1466 ἐπαγγελίας
1554 1433 1609 1458 τῶν
1630 1432 1768 1468 πατέρων,
1794 1432 1841 1458 xui.

1049 1478 1151 1510 ταύτας
1180 1478 1346 1505 ἐϐεϐαίωσεν
1363 1479 1377 1505 6
1403 1478 1538 1513 Χριστός;
1560 1478 1663 1510 ἐκεῖνος
1677 1477 1706 1504 δὲ
1719 1479 1775 1510 τοῖς
1790 1486 1841 1504 πα-

209 1515 236 1542 in
251 1515 303 1542 hoc
315 1521 343 1542 et
357 1516 493 1543 aliislocis
508 1517 631 1552 pluribus
652 1517 805 1546 Servatoris
820 1519 906 1547 nostri
920 1524 998 1555 pater

1049 1525 1130 1560 τράσι
1145 1523 1248 1551 διέθετο
1258 1524 1308 1556 τάς
1317 1523 1484 1558 ἐπαγγελίας
1495 1544 1502 1556 ,
1517 1525 1531 1550 6
1542 1524 1644 1550 καὶτὸν
1653 1523 1782 1559 αἰσθητὸν
1794 1522 1841 1550 τὸν

208 1562 371 1597 appellatur,
380 1563 459 1597 cujus
468 1563 663 1598 promissiones
676 1565 733 1600 ipse
744 1569 773 1592 ut
781 1566 917 1601 genuinus
928 1567 1000 1594 ﬁlius

209 1615 258 1643 per
273 1615 312 1639 se,
327 1616 380 1635 nou
395 1616 461 1635 vero
473 1609 560 1636 aliena
573 1617 654 1645 opera
670 1618 747 1642 usus,
761 1615 834 1638 ratas
849 1616 878 1639 et
888 1612 1000 1640 stabiles

209 1660 272 1680 esse
283 1653 523 1687 demonstraverit,
532 1655 579 1691 qui
592 1656 650 1683 fieri
660 1662 760 1692 potest,
777 1662 807 1684 ut
815 1658 999 1693 impudentis-

211 1700 278 1728 sima
286 1705 470 1735 apostatarum
487 1701 567 1728 tactio
575 1710 630 1729 non
638 1702 841 1730 confundatur?
850 1703 921 1736 Quid
935 1711 1000 1732 vero

212 1755 330 1782 provoco
342 1748 375 1775 ad
385 1747 508 1781 Paulum,
521 1748 609 1776 virum
622 1749 741 1784 alioquin
753 1750 910 1785 cognitione
919 1749 1002 1778 Vete-

212 1794 249 1821 ris
258 1793 436 1826 Testarnenti,
449 1799 477 1822 et
488 1794 619 1829 sapientia
627 1795 694 1822 Novi
706 1800 847 1831 tantopere
854 1796 1000 1829 illustrem,

212 1848 274 1867 cum
285 1848 458 1868 communem
471 1840 614 1867 Dominum
628 1841 731 1868 audere
747 1841 827 1870 liceat
842 1842 1002 1876 praacipieno

213 1892 268 1914 tem
278 1892 307 1914 et
317 1887 471 1914 dicentem:
484 1887 524 1914 Ne
536 1888 690 1914 existimetis
699 1896 739 1914 me
748 1889 847 1915 venisse
858 1892 891 1915 ad
899 1888 1002 1916 solven-

212 1933 275 1959 dam
291 1933 371 1968 legem
382 1938 429 1960 aut
447 1932 592 1967 Prop/tcta:
609 1941 618 1960 :
637 1941 688 1960 non
703 1935 760 1960 veni
776 1939 805 1961 ut
825 1934 952 1962 solverem
967 1935 1003 1962 le-

212 1987 281 2013 gem.
299 1979 343 2006 sed
357 1983 384 2005 ut
400 1979 536 2013 implerem
551 1979 572 2005 ’.
588 1979 620 2006 Et
642 1979 720 2006 alibi:
732 1979 823 2011 Amen,
838 1988 926 2012 omen,
944 1982 1003 2008 dico

213 2025 299 2051 vobis:
315 2024 374 2051 Non
387 2025 508 2051 transibit
522 2025 614 2053 cwlum
629 2031 654 2053 et
675 2031 758 2059 terra,
777 2031 823 2053 aut
839 2027 895 2053 iota
911 2035 1002 2059 unum,

214 2079 313 2098 unusne
324 2079 400 2106 apex,
414 2072 494 2098 donec
506 2073 594 2099 omnia
605 2073 656 2099 ista
673 2073 803 2099 evenerint
816 2073 836 2100 ³.
847 2073 901 2108 Εεο
910 2077 939 2100 ut
953 2073 1004 2100 im-

215 2116 337 2151 pleturus
360 2117 446 2152 legem
470 2118 543 2150 veni,
568 2118 752 2148 aitChristus.
764 2122 791 2145 at
808 2118 950 2153 impiioris
962 2123 1003 2146 est

215 2163 308 2191 dicere
336 2171 380 2191 me
397 2163 504 2191 venisse
538 2169 568 2190 ut
593 2163 681 2191 Patris
706 2164 791 2199 legem
814 2164 1001 2191 dissolverem.

217 2212 273 2247 Ego
288 2219 355 2239 vero
368 2211 436 2238 nihil
448 2211 509 2246 ejus
525 2218 579 2238 non
597 2198 741 2247 impletum
753 2212 904 2246 relinquam
915 2221 922 2244 ;
934 2212 1002 2239 nihil
1015 2198 1042 2228 Β

216 2258 244 2285 in
263 2266 296 2285 ea
309 2266 325 2285 a
343 2258 416 2286 Malo
439 2258 601 2293 inspiratum
616 2262 679 2289 est;
703 2259 773 2285 nihil
789 2259 885 2285 falsum
906 2259 1005 2294 depre-

218 2305 372 2332 hendetur:
398 2305 491 2332 omnia
517 2305 641 2331 veritatis
669 2305 748 2340 plena
779 2309 853 2332 sunt.
870 2305 927 2340 Ego
944 2313 1005 2332 sum

218 2351 373 2386 praesidium
389 2358 546 2378 sermonum
571 2351 804 2386 propheticorum.
821 2351 871 2378 Mei
885 2351 958 2378 enim
979 2356 1007 2379 et

219 2397 306 2425 Patris
315 2398 385 2425 servi
395 2405 427 2424 ac
439 2397 557 2424 ministri
572 2397 712 2431 propheta:
723 2397 849 2432 sunt,qni
864 2401 892 2424 et
907 2397 1008 2424 adven«

219 2448 275 2470 tum
291 2452 393 2476 meum,
412 2448 440 2470 et
450 2443 552 2475 omnia,
570 2451 631 2477 quae
656 2443 708 2470 huc
733 2444 881 2477 pertinent,
905 2443 1004 2478 praevi-

218 2491 318 2516 tlerunt
332 2495 358 2517 et
373 2490 602 2525 praenuntiat-unt.
624 2488 717 2523 Itaque
731 2497 781 2516 nec
799 2496 911 2523 parvum
925 2489 1006 2524 quid-

219 2544 311 2570 quam,
325 2544 376 2563 ncc
392 2544 520 2571 magnum
543 2543 649 2566 eorum,
665 2543 725 2569 qure
749 2535 785 2561 illi
809 2535 1004 2570 praedixerunt,

218 2582 260 2609 \el
284 2590 343 2616 quze
366 2582 408 2608 lex
425 2582 557 2613 continet,
573 2581 734 2616 prteteribil,
753 2581 827 2615 quod
847 2589 900 2608 non
918 2590 933 2608 a
956 2589 1004 2609 ve-

216 2629 296 2655 ritate
308 2627 418 2654 tandcm
430 2627 598 2662 obsignetur.
609 2627 718 2654 Sienim
728 2635 778 2662 ego
789 2627 1005 2655 circumcisionis

217 2674 342 2702 minister
357 2680 418 2700 sum
434 2673 467 2700 ad
483 2673 685 2700 conlirruandas
701 2673 909 2708 promissiones,
936 2681 1005 2708 quas

218 2721 298 2748 l’ater
311 2720 376 2747 fecit
390 2719 524 2754 patribus,
541 2719 678 2754 quomodo
698 2719 740 2747 vel
758 2719 811 2746 iota
834 2727 930 2752 unum,
952 2719 1005 2747 hoc

1050 1568 1164 1604 οὐρανὸν
1187 1569 1235 1596 καὶ
1261 1570 1312 1604 τὴν
1335 1568 1389 1604 γῆν
1415 1568 1624 1604 δημιουργήσας
1647 1568 1730 1600 Θεὸς,
1747 1567 1776 1595 δν
1793 1569 1842 1595 καὶ

1050 1616 1156 1651 Μωσῆς
1173 1617 1201 1642 ὲν
1224 1617 1257 1651 τῇ
1279 1616 1463 1652 κοσμογενείᾳ
1492 1615 1633 1650 θεολογεῖι
1658 1615 1797 1642 δείκνυται
1812 1615 1841 1642 δὲ

1050 1661 1084 1689 δι’
1100 1658 1138 1689 ὧν
1158 1662 1172 1688 6
1194 1661 1300 1694 Παῦλος
1319 1662 1436 1689 ἐνταῦθα
1459 1662 1506 1688 καὶ
1521 1662 1551 1688 ὲν
1566 1661 1674 1693 πολλοῖς
1691 1661 1781 1692 ἄλλοις
1795 1660 1842 1688 λέ-

1051 1717 1106 1742 γει,
1127 1708 1175 1734 τοῦ
1191 1707 1319 1743 Σωτῆρος
1333 1707 1413 1742 ἡμῶν
1434 1705 1512 1738 οὗτος
1527 1707 1629 1743 πατὴρ.
1645 1704 1676 1734 οὗ
1690 1707 1740 1738 τὰς
1755 1708 1843 1741 ἑπαγ-

1051 1753 1144 1788 γελίας
1166 1753 1204 1785 ῶς
1219 1753 1330 1788 γνήσιος
1352 1753 1409 1784 υίὸς
1427 1752 1625 1788 ὰπαραϐἀτους
1639 1761 1669 1779 τε
1688 1752 1735 1779 καὶ
1757 1752 1843 1787 ἀψευ-

1051 1798 1105 1831 δεῖς
1119 1798 1201 1830 αὑτὸς
1223 1798 1257 1824 δι’
1279 1797 1388 1830 ἑαυτοῦ,
1403 1799 1450 1825 καὶ
1470 1798 1501 1824 οὐ
1517 1798 1551 1824 δι’
1565 1797 1646 1825 ἄλλου
1669 1797 1841 1831 ἐπεδείξατο,

1053 1845 1111 1876 πῶς
1131 1844 1182 1880 τῆς
1195 1844 1366 1875 ἀποστασίας
1381 1844 1411 1871 οὺ
1425 1843 1590 1870 καταδύεται
1601 1843 1632 1870 τὸ
1649 1843 1842 1878 ἀναίσχυντον;

1057 1890 1139 1916 Ἀλλὰ
1153 1889 1179 1916 τί
1194 1899 1239 1925 μοι
1254 1890 1344 1924 λέγειν
1361 1889 1476 1921 Παῦλον,
1496 1890 1588 1916 καίτοι
1607 1889 1766 1924 τηλικοῦτον
1777 1889 1843 1916 ὅντα

1052 1937 1085 1972 τῇ
1096 1945 1124 1963 τε
1137 1936 1237 1970 γνώσει
1253 1936 1304 1971 τῆς
1322 1936 1445 1967 Παλαιᾶς
1462 1936 1509 1962 καὶ
1523 1937 1557 1971 τῇ
1579 1935 1660 1970 σοφίᾳ
1672 1936 1721 1970 τῆς
1732 1936 1843 1971 χάριτος

1053 1982 1148 2015 αὑτοῦ,
1177 1982 1259 2009 πάλιν
1281 1983 1346 2017 ἐνῇν
1358 1981 1406 2008 τοῦ
1428 1981 1517 2008 κοινοῦ
1538 1982 1672 2008 Δεσπότου
1694 1981 1841 2012 διακούειν,

1053 2028 1254 2063 διατεινομένου
1281 2028 1329 2055 καὶ
1352 2028 1494 2061 λέγοντος·
1526 2026 1574 2062 Μὴ
1602 2028 1765 2061 νομίσητε,
1798 2027 1843 2054 ὅτι

1053 2072 1149 2109 ἦλθον
1165 2074 1336 2101 καταλῦσαι
1361 2074 1414 2100 τὸν
1430 2074 1525 2109 νόμον
1540 2073 1558 2107 ἢ
1583 2073 1653 2106 τοὺς
1669 2073 1843 2108 προφήτας·

1055 2122 1110 2148 οὐκ
1134 2119 1231 2155 ἦλθον
1250 2120 1420 2147 καταλῦσαι
1437 2120 1491 2147 τὸν
1504 2121 1609 2154 νόμον,
1622 2120 1703 2146 ἀλλὰ
1721 2119 1842 2154 πληρῶ-

1055 2174 1122 2198 σαι;
1138 2166 1207 2193 Καί·
1217 2165 1322 2200 Ἀμὴν,
1334 2166 1425 2200 ἀμὴν,
1434 2165 1512 2199 λέγω
1520 2165 1600 2200 ὑμῖν.
1610 2167 1646 2192 οὺ
1656 2165 1699 2200 μὴ
1709 2165 1844 2201 παρέλθῃ

1055 2214 1072 2239 ό
1088 2212 1218 2246 οὐρανὸς
1236 2213 1286 2240 καὶ
1313 2213 1333 2246 ἡ
1357 2211 1412 2247 γῆ,
1434 2212 1453 2246 ἢ
1479 2212 1548 2239 libra
1564 2211 1599 2239 ἓν
1624 2211 1643 2246 ἢ
1655 2212 1711 2246 μία
1725 2211 1844 2246 κεραία.

1054 2259 1109 2291 ἕως
1133 2258 1172 2286 ἂν
1189 2258 1283 2286 ταῦτα
1315 2258 1414 2285 πάντα
1433 2258 1566 2293 γένηται.
1601 2257 1672 2292 Ἐγὼ
1698 2258 1845 2292 πληρωτὴς

1053 2302 1137 2339 ἦλθον
1153 2303 1199 2331 τοῦ
1216 2304 1298 2339 νόμου
1309 2311 1316 2318 “
1331 2303 1475 2338 στομάτοιν
1490 2303 1549 2329 ἐστὶ
1561 2303 1688 2338 πονηρῶν
1702 2302 1732 2328 τδ
1743 2301 1844 2335 λέγειν,

1055 2350 1106 2385 ἐμὲ
1124 2350 1329 2385 παραγενέσθαι
1354 2350 1418 2381 τοὺς
1445 2349 1597 2384 πατρικοὺς
1622 2347 1776 2384 παραλῦσαι
1802 2347 1847 2374 νό-

1061 2403 1139 2430 μους.
1165 2396 1249 2422 Οὐδὲν
1277 2395 1359 2422 αὐτοῦ
1384 2394 1545 2422 ἀτελείωτον
1572 2394 1659 2425 ὲάσω,
1683 2393 1759 2419 οὐδὲν
1784 2393 1846 2419 ἐπι-

1059 2441 1154 2472 πνοίας
1180 2442 1209 2467 ὲν
1233 2441 1308 2477 αὑτῷ
1325 2441 1462 2476 πονηρᾶς,
1483 2441 1558 2467 οὐδὲν
1576 2441 1615 2472 είς
1631 2439 1728 2474 ψεῦδος
1755 2439 1845 2475 λήξει·

1058 2487 1149 2514 πάντα
1168 2487 1255 2521 μεστά
1274 2487 1324 2522 τῆς
1346 2487 1485 2521 ἀληθείας.
1510 2486 1579 2520 Ἐγὼ
1597 2486 1652 2512 τῶν
1668 2486 1847 2520 προφητικῶν

1058 2533 1157 2566 φωνῶν
1173 2533 1189 2567 ὴ
1208 2533 1364 2568 βεϐαίωσις.
1390 2532 1467 2567 Ἐμοὶ
1482 2532 1536 2568 γὰρ
1556 2531 1632 2563 ὄντες
1654 2532 1700 2558 καὶ
1717 2531 1764 2558 τοῦ
1779 2531 1846 2565 ἐμοῦ

1061 2578 1169 2614 Πατρός
1186 2579 1323 2614 ὑπηρέται
1337 2579 1384 2605 καὶ
1398 2579 1517 2605 διάκονοι
1526 2579 1575 2612 τήν
1587 2586 1616 2604 τε
1630 2577 1781 2613 παρουσίαν
1797 2576 1846 2612 τὴν

1058 2625 1140 2660 ὲμὴν,
1162 2625 1210 2650 καὶ
1235 2625 1323 2651 πάντα
1342 2625 1376 2651 τὰ
1392 2626 1441 2660 τῆς
1463 2624 1614 2659 παρουσίας
1635 2623 1728 2658 σαφῶς
1747 2623 1847 2657 προεῖ-

1057 2669 1102 2696 δόν
1123 2678 1153 2697 τε
1169 2671 1217 2696 καὶ
1230 2670 1426 2705 προήγγειλαν.
1438 2669 1483 2696 Διὸ
1496 2669 1525 2702 ἑξ
1539 2667 1577 2696 ὧν
1589 2677 1619 2696 τε
1637 2670 1734 2695 ἐκεῖνοι
1750 2667 1845 2703 προεῖ-

1058 2725 1108 2743 πον
1122 2717 1170 2744 καὶ
1181 2717 1195 2743 6
1205 2717 1287 2751 νόμος
1300 2716 1434 2751 περιέχει,
1447 2717 1477 2743 οὐ
1495 2716 1603 2752 μικρὸν,
1620 2715 1650 2741 οὺ
1681 2714 1754 2749 μέγα
1774 2722 1845 2747 παρ-

215 2773 267 2802 cst,
280 2767 424 2795 minimum
436 2773 530 2794 eorum
543 2773 624 2801 quam
636 2766 694 2801 lege
710 2766 751 2793 vel
767 2766 909 2801 prophetis
927 2766 998 2794 dicta

1053 2765 1194 2794 ελεύσεται
1204 2785 1212 2800 ,
1227 2765 1241 2792 ὃ
1253 2765 1292 2801 μὴ
1311 2765 1361 2801 τῆς
1376 2765 1505 2800 ἀληθείας
1515 2764 1555 2799 τῷ
1567 2764 1663 2798 πέρατι
1680 2760 1844 2797 σφραγισθῇ.

253 2861 276 2876 "
289 2859 368 2888 Rom.
381 2868 415 2887 xv
430 2860 457 2887 8.
497 2859 505 2874 ¹
516 2858 611 2886 Matth.
624 2866 651 2892 v,
664 2859 706 2886 Π.
745 2859 754 2874 ¹
770 2858 836 2886 ibid.
857 2857 898 2886 l8.
