1931 3082
119 130 168 164 137

634 129 783 160 CONTRA
802 120 1033 159 MANICH/EOS
1052 118 1168 157 LIBER
1185 123 1240 158 III.

1702 126 1754 163 138

118 187 150 214 Εί
162 186 220 222 γὰρ
233 184 288 220 ἐγὼ
305 184 430 216 διάκονος
453 183 605 219 περιτομῆς
621 184 661 215 εἰς
675 183 706 210 τὸ
729 182 910 218 βεϐαιωθῆναί

966 185 1039 214 sunt,
1073 181 1186 208 omnino
1214 181 1360 216 praeterire,
1382 186 1429 210 aut
1463 191 1518 210 non
1545 183 1651 218 impleri
1677 191 1754 220 pote-

117 233 168 264 τὰς
185 231 364 266 ἐπαγγελίας,
385 230 418 262 ἃς
432 231 447 256 6
463 228 560 264 Πατὴρ
576 229 680 256 διέθετο
699 230 755 260 τοῖς
777 227 910 263 πατράσι,

967 227 1022 254 rit?

118 279 179 310 πῶς
202 279 268 305 ἰῶτα
285 277 326 310 ἓν,
349 276 472 304 τουτέστι
486 276 518 302 τὺ
531 275 673 312 ἐλάχιστον
692 276 747 304 τῶν
766 277 796 303 ἐν
812 276 852 312 τῷ
867 275 941 312 νόμῳ
961 276 1009 303 καὶ
1023 277 1079 309 τοῖς
1095 277 1249 313 προφήταις
1271 277 1418 312 ῥηθέντων,
1432 277 1534 305 δύναιτ’
1548 278 1582 306 ἂν
1595 278 1665 311 ὅλως
1683 287 1754 316 παρ-

117 326 206 353 ελθεῖν
218 326 235 361 ἢ
252 325 290 360 μὴ
303 324 443 359 γενέσθαι.

153 374 194 400 H'.
217 372 288 399 Ἀλλ’
304 373 348 407 ἐφ’
369 372 463 407 ἕτερόν
484 380 530 407 μοι
554 372 604 407 τὴν
625 372 744 408 θεωρίαν
772 380 912 407 συμμεταο

117 419 202 451 κίνει,
217 419 242 445 εἰ
255 418 334 452 λόγια
356 418 425 445 Θεοῦ
448 418 483 445 τά
502 418 532 445 ὲν
550 418 590 454 τῷ
611 418 696 453 νόμῳ.
717 419 800 453 Λέγει
825 419 879 453 γὰρ
898 419 913 444 ό

115 465 241 496 Παῦλος·
272 466 320 498 Τίς
349 465 368 499 ἡ
391 464 519 499 ὠφέλεια
539 464 596 499 τῆς
623 463 803 499 περιτομῆς;
826 462 911 491 Εἶτα·

115 511 222 544 Πολ.ιὴ
238 510 313 537 κατὰ
328 510 429 537 πάντα
445 510 567 544 τρόπον.
582 510 703 544 Πρῶτον
715 510 774 545 μὲν
789 510 844 545 γὰρ
867 509 911 537 ὅτι

115 558 342 591 ἐπιστεύθησαν
368 557 404 584 τὰ
422 557 513 591 λόγια
541 557 595 584 τοῦ
622 557 707 584 Θεοῦ.
740 557 772 584 Τί
799 557 855 592 γὰρ
883 558 910 584 εί

114 601 294 636 ἠπίστησάν
315 608 410 635 τινες,
421 601 465 637 μὴ
481 602 501 635 ἡ
518 601 646 629 ἀπιστία
665 601 765 629 αὐτῶν
779 602 838 636 τὴν
859 603 909 629 πί-

115 656 186 675 στιν
195 648 249 674 τοῦ
263 647 338 674 Θεοῦ
347 647 505 681 καταργεῐ;
519 647 568 682 Μὴ
581 647 707 684 γένοιτο.
721 647 861 675 Γενέσθω
875 646 909 674 δὲ

117 696 135 722 ὁ
152 694 225 727 Θεὸς
241 693 374 728 ἀληθὴς,
399 693 458 727 πᾶς
476 694 511 721 δὲ
523 694 679 728 ἄνθρωπος
691 694 839 729 ψεύστης.
854 695 911 722 Καὶ

116 741 168 767 οὐκ
184 739 309 774 ἀνέχεται
322 739 371 774 μὲν
384 738 434 774 τὴν
445 738 537 765 πίστιν
547 738 595 766 τοῦ
606 739 675 765 Θεοῦ
689 739 908 775 καταργηθῆναι·

116 785 206 813 πάντα
219 785 247 812 δὲ
259 784 401 820 ἄνθρωπον
413 783 535 820 ψεύστην
549 785 667 820 αἱρεῖται
685 785 856 821 ἐλεγχθῆναι,
866 785 910 812 ἴνα

115 832 131 858 6
142 831 220 864 Θεὸς,
234 831 248 858 6
260 831 310 866 τὴν
321 830 473 865 περιτομὴν
481 830 553 863 δοὺς,
570 830 778 865 ὲπιγινώσκοιτο
793 830 906 867 ἀληθής.

116 877 148 904 Ei
166 875 214 904 οὗν
233 876 281 904 καὶ
302 876 384 911 λόγια
398 876 465 903 Θεοῦ
485 877 565 909 εἰσιν⁷
580 875 598 903 ἃ.
612 876 761 912 ἐπιστεύθη
787 876 906 912 Ἰσραὴλ,

116 923 164 950 καὶ
178 924 195 959 ὴ
208 922 323 950 ἀπιστία
337 922 428 949 αὐτῶν
440 922 490 958 τὴν
501 922 550 949 τοῦ
560 922 631 949 Θεοῦ
647 922 739 949 πίστιν
754 923 784 949 οὺ
803 928 908 958 καταρ-

115 970 170 1004 γεῖ,
185 969 234 996 καὶ
245 969 285 995 δεῖ
300 968 400 1003 μᾶλλον
414 968 536 1003 ψεύστας
551 968 672 1003 νομίζειν
685 969 747 1000 τοὺς
759 968 907 995 ἀπιστοῦν-

114 1020 166 1047 τας
192 1015 263 1051 θεῷ,
283 1014 522 1049 παναληθέστατον
555 1013 584 1041 δὲ
612 1013 658 1041 τὸν
683 1014 820 1042 δεδωκότα
846 1015 908 1048 τοὺς

116 1060 217 1095 νόμους
232 1059 271 1095 τῷ
291 1060 414 1095 Ὶσραὴλίδ
431 1059 490 1091 πῶς
502 1060 562 1095 οὐχὶ
573 1059 621 1086 τοῦ
643 1059 746 1094 ἀγαθοῦ
763 1060 831 1087 Θεοῦ
851 1061 910 1088 ἐστι

117 1107 295 1142 νομοθεσίαὴ
320 1106 440 1141 Παλαιά;
461 1105 506 1141 Μὴ
528 1105 584 1141 γὰρ
598 1106 644 1133 τὸν
666 1106 798 1141 Πονηρδν,
818 1106 848 1138 ὃς
861 1107 910 1133 ἀπ’

116 1153 205 1188 ἀρχῆς
219 1152 339 1187 ψεύστης
352 1152 410 1178 ἐστὶ
420 1171 427 1185 ,
444 1151 493 1179 καὶ
507 1152 536 1179 ὲν
556 1153 590 1187 τῇ
605 1152 720 1187 ἀληθείᾳ
735 1152 784 1188 οὐχ
796 1152 909 1187 ἔστηκε,

117 1199 213 1226 τοῦτον
234 1199 284 1234 μὲν
304 1198 434 1234 ἀληθείας
455 1198 531 1231 λέγει
544 1199 559 1225 6
582 1198 690 1230 Παῦλος
712 1199 814 1234 πηγήν.
839 1199 910 1234 Προ-

117 1244 206 1279 κρίνει
217 1244 246 1271 δὲ
257 1244 362 1276 πάντας
372 1243 534 1279 ἀνθρώπους
545 1245 586 1276 είς
601 1243 699 1279 ψεῦδος
713 1243 909 1280 ἀπενεχθῆναι,

117 1287 163 1317 ἴνα
177 1290 250 1317 ὁτοῦ
270 1290 384 1324 ψεύδους
401 1290 571 1326 ἀρχιτέκτων
586 1290 634 1317 καὶ
655 1289 822 1326 δημιουργὸς
843 1291 909 1326 ἀλη-

118 1336 196 1367 θείας
206 1335 348 1371 «κηρυχθῇ.
375 1336 430 1362 Καὶ
455 1336 479 1362 εί
494 1335 512 1371 ὴ
532 1335 691 1371 δικαιοσύνη
713 1335 760 1362 τοῦ
775 1335 842 1363 Θεοῦ
859 1345 909 1363 πε-

119 1382 277 1417 φανέρωται
287 1401 294 1414 ,
323 1381 538 1417 μαρτυρουμένη
554 1381 607 1408 ὑπὸ
620 1381 668 1408 τοῦ
684 1381 768 1416 νόμου
792 1383 840 1409 καὶ
856 1382 910 1410 τῶν

118 1427 278 1462 προφητῶν,
293 1427 351 1459 πῶς
365 1427 427 1462 οὐχὶ
446 1428 461 1454 6
480 1427 562 1463 νόμος
577 1428 625 1454 καὶ
641 1428 667 1455 οἱ
683 1428 840 1464 προφῆται,¹
850 1428 911 1464 οὐχὶ

119 1472 171 1507 τῆς
186 1473 219 1499 ὲκ
233 1472 281 1499 τοῦ
296 1472 399 1506 ἀγαθοῦ
412 1472 482 1499 Θεοῦ
495 1472 640 1504 ἐπιπνοίας
655 1472 705 1499 καὶ
717 1472 845 1508 ἀληθείας
860 1481 911 1499 πε-

120 1517 298 1553 πληρωμένοι
313 1516 467 1552 νομίζοιντο
477 1517 526 1550 ἄν;
544 1516 613 1543 Ἀλλ’
628 1517 679 1552 ὅρα
695 1517 725 1544 τὸ
738 1517 852 1554 φρικτὸν
863 1518 913 1553 τῆς

120 1563 270 1598 θεομαχίας
282 1562 329 1589 ἐπὶ
344 1561 426 1589 πλέον
440 1563 487 1589 καὶ
501 1563 704 1590 κατάπτυστον.
721 1564 752 1590 Εί
763 1564 777 1590 6
789 1563 856 1595 Θεὸς
869 1563 914 1591 διὰ

119 1608 168 1635 τοῦ
186 1608 300 1642 αἵματος
319 1607 401 1634 αὑτοῦ
424 1607 666 1643 ὲλυτρώσατο“τὸν
690 1606 793 1644 κόσμον
815 1610 913 1648 ὲκτῆς

119 1651 243 1682 δουλείας
264 1651 314 1677 τοῦ
337 1651 466 1687 Ἐχθροῦ,
479 1652 510 1678 τὸ
523 1652 553 1678 δὲ
567 1650 637 1688 αἷμα
656 1653 703 1680 καὶ
717 1653 733 1688 ἡ
747 1653 816 1689 σὰρξ
830 1654 912 1688 (ἀλλὰ

119 1696 310 1732 φρίττων,καὶ
329 1697 393 1729 τοὺς
417 1697 565 1732 λογισμοὺς
584 1699 631 1724 καὶ
645 1698 694 1734 τὴν
717 1698 844 1733 γλῶσσαν
857 1701 913 1732 τοῖς

120 1742 266 1778 θεομάχοις
292 1742 382 1777 λέγειν
401 1743 504 1779 ἀφίημι
521 1743 552 1770 τὸ
565 1743 709 1780 ἑαυτῶν),
724 1744 784 1776 πῶς
799 1745 842 1772 διὰ
855 1753 912 1772 τοι-

120 1788 201 1815 ούτου
216 1788 378 1824 πλάσματος
388 1788 419 1815 τὸ
431 1790 510 1824 γένος
523 1789 602 1825 ἡμῶν
613 1790 739 1825 ἥρπασεν
750 1791 782 1817 ὲκ
792 1791 842 1826 τῆς
854 1791 913 1818 δου-

121 1833 196 1866 λείας
215 1833 263 1860 τοῦ
284 1834 398 1869 ’1-3χοροῦ
411 1843 418 1867 ;
432 1834 534 1869 Πολλῆς
551 1835 600 1870 μὲν
611 1837 665 1872 γὰρ
679 1836 712 1862 ἃν
724 1836 782 1871 ἅμα
802 1837 913 1872 χάριτος

120 1881 168 1907 καὶ
191 1880 270 1916 δόξης
296 1880 343 1907 καὶ
365 1882 449 1915 τιμῆς
465 1880 539 1913 ἄξιος
564 1879 598 1916 ἦν
621 1883 636 1908 6
655 1882 752 1917 ἐχθρὸς
776 1883 865 1917 ἡμῶν,
888 1884 912 1909 εί

120 1926 260 1961 παρέσχεν
275 1925 343 1962 ὕλην
365 1927 458 1959 αὐτὸς,
471 1927 506 1954 δι’
524 1925 559 1964 ἧς
573 1927 606 1954 ἂν
627 1928 850 1964 ἁπαλλαγείημεν
863 1928 912 1963 τῆς

119 1972 278 2007 τυραννίδος
291 1971 385 1999 αὐτοῦ.
396 1972 502 2008 Πολλῆς
516 1973 544 1999 δὲ
560 1972 652 2005 ἀνοίας
668 1973 726 2009 ἅμα
739 1974 787 2001 καὶ
796 1974 913 2008 γέλωτος

120 2018 222 2053 ἔνοχος,
235 2019 259 2044 εί
273 2018 400 2045 πλάττειν
410 2018 529 2055 ἐπήρθη.
543 2018 577 2045 δι’
592 2015 629 2046 ὧν
641 2019 818 2056 ἀφῃρημένος
836 2019 912 2046 ἔσται

119 2064 150 2091 τδ
161 2064 277 2100 κράτος,
299 2064 413 2090 καὶτῶν
429 2064 565 2099 σωμάτων
577 2064 594 2099 ή
599 2063 657 2098 μῶν
674 2065 720 2090 καὶ
734 2063 787 2090 τῶν
806 2063 910 2099 ψυχῶν.

120 2110 153 2137 Τί
166 2110 194 2136 δὲ
204 2110 268 2136 ἄλλο
282 2110 380 2145 φύεται
392 2110 441 2145 τῆς
453 2110 639 2144 ἀποστασίας;
654 2110 737 2137 Οὐδὲν
753 2111 838 2145 μέγα,
850 2110 912 2137 οὐδὲ

925 814 948 843 Β

926 1493 948 1524 C

1003 371 1066 398 VIII.
1085 372 1118 398 At
1132 375 1263 399 converte
1277 378 1350 399 nunc
1367 379 1473 399 mecum
1487 378 1606 400 mentem
1630 373 1663 401 ad
1689 375 1752 408 alia,

964 423 994 444 ut
1007 422 1137 452 appareat
1150 419 1258 445 oracula
1282 418 1350 454 legis
1369 418 1460 445 divina
1475 426 1546 446 esse.
1559 419 1660 448 Paulus
1679 423 1752 449 enim

963 463 1018 489 ait:
1039 473 1048 489 ‹
1069 462 1198 495 Qua-nam
1216 468 1254 491 est
1270 464 1449 499 prwragativa
1467 465 1682 494 rircumcisorum
1695 467 1726 494 5?
1741 477 1750 493 ι

962 508 995 535 Ει
1027 512 1142 543 postea:
1170 509 1267 544 Magna
1299 518 1345 543 per
1374 517 1477 536 omnem
1507 511 1625 538 modum.
1661 511 1752 539 Prima

962 554 1080 588 quidem,
1099 555 1168 589 quod
1190 555 1255 590 ipsis
1278 556 1379 583 credita
1393 560 1456 582 sunt
1470 557 1579 584 oracula
1602 557 1662 585 Dei.
1676 560 1753 586 Nun-

961 600 1026 634 quid
1040 601 1121 634 enim,
1135 601 1197 636 quia
1206 602 1316 636 quidam
1328 610 1379 629 non
1392 602 1571 636 crediderunt,
1582 603 1753 631 incredulitas

961 652 1053 671 eorum
1070 645 1150 679 fidem
1166 645 1214 673 Dei
1234 646 1323 673 tollit?
1338 647 1412 674 Absit
1426 647 1437 674 !
1448 646 1519 675 Deus
1535 655 1595 675 vero
1608 649 1642 675 sit
1660 657 1751 681 verax,

961 691 1047 718 omnis
1060 696 1150 719 autem
1166 692 1243 719 homo
1262 693 1377 720 mendas:
1389 693 1410 720 ⁸.
1429 692 1525 728 Neque
1537 695 1641 729 patitur
1652 688 1708 728 ille,
1723 701 1753 723 ut

962 737 1030 765 ﬁdes
1055 737 1104 765 Dci
1130 738 1285 772 aboleatur,
1301 739 1351 767 sed
1364 739 1423 767 vult
1438 740 1530 774 potius
1544 741 1682 769 hominem
1694 750 1753 770 om-

963 790 1027 810 nem
1050 782 1189 811 mendacii
1209 784 1347 817 convinci,
1371 788 1401 811 ut
1422 785 1506 817 Deus,
1534 786 1754 815 cireumcisionis

962 833 1071 862 auctor,
1087 836 1169 857 verax
1181 832 1374 865 cognoscatur.
1387 831 1466 864 Quod
1488 831 1512 858 si
1525 832 1607 867 igitur
1621 832 1670 860 Dei
1689 838 1755 861 sunt

962 875 1083 908 oracula,
1107 883 1169 911 quae
1187 876 1292 904 credita
1318 881 1382 904 sunt
1405 877 1506 910 Israeli,
1523 882 1552 906 et
1576 878 1753 907 incredulitas

962 927 1057 948 eorum
1073 921 1122 948 Dei
1147 921 1228 949 ﬁdem
1254 929 1310 949 non
1332 922 1412 955 tollit,
1426 927 1591 958 praestatque
1617 923 1753 958 homines,

962 965 1019 994 Deo
1033 974 1087 994 non
1103 967 1256 1000 credentes,
1267 975 1317 1002 pro
1333 967 1521 1001 mendacibus,
1541 976 1604 996 eum
1621 977 1696 1002 vero,
1707 971 1753 1005 qui

962 1010 1048 1047 legem
1071 1011 1164 1040 Israeli
1187 1012 1304 1045 dederit,
1344 1020 1393 1049 pro
1418 1014 1598 1042 veracissimo
1630 1015 1752 1049 habere;

962 1063 1056 1084 nonne
1069 1057 1134 1085 hinc
1146 1057 1227 1085 etiam
1237 1058 1279 1086 Iex
1290 1062 1370 1086 vetus
1384 1058 1418 1086 ad
1434 1058 1536 1086 bonum
1553 1059 1638 1088 Deum
1657 1061 1754 1088 referri

963 1103 1095 1132 debebit?
1109 1103 1204 1139 Neque
1222 1104 1296 1132 enim
1311 1105 1414 1133 Paulus
1432 1105 1544 1139 malum,
1561 1107 1607 1142 qui
1619 1107 1653 1134 ah
1674 1107 1754 1135 initio

963 1149 1082 1177 mendax
1098 1149 1159 1183 fuit,
1177 1155 1205 1178 et
1232 1150 1260 1178 in
1285 1151 1401 1178 veritate
1425 1159 1480 1178 non
1497 1152 1626 1187 perstitit,
1647 1153 1753 1181 fontem

963 1194 1085 1223 veritatis
1102 1193 1229 1231 appellat.
1247 1196 1305 1224 imo
1320 1205 1385 1225 vero
1409 1197 1495 1224 satius
1506 1197 1613 1232 judica't
1627 1199 1753 1227 homines

965 1247 1063 1269 omnes
1076 1242 1212 1270 mendacii
1233 1242 1396 1275 insimulari,
1421 1247 1451 1270 ut
1465 1247 1493 1270 et
1508 1244 1642 1271 mendacii
1658 1244 1753 1277 faber,

963 1287 992 1314 et
1006 1285 1129 1314 veritatis
1139 1289 1236 1314 auctor
1248 1286 1357 1321 publice
1367 1286 1551 1315 renuntietur.
1566 1287 1599 1315 Et
1613 1287 1635 1315 si
1648 1288 1753 1323 iustitia

965 1334 1013 1362 Dei
1029 1332 1204 1361 manifestata
1221 1334 1273 1365 est,
1290 1340 1305 1359 a
1320 1333 1379 1368 lege
1394 1333 1453 1369 ipsa
1472 1338 1500 1361 et
1519 1333 1662 1369 prophetis
1675 1335 1755 1362 testi-

964 1380 1087 1408 monium
1109 1379 1256 1414 accipiens,
1280 1379 1418 1413 quomodo
1434 1384 1489 1407 n0n
1506 1380 1549 1407 lex
1569 1383 1598 1408 et
1612 1381 1754 1416 prophetat

964 1433 997 1454 ex
1018 1425 1082 1454 boni
1104 1425 1150 1452 Dei
1175 1424 1356 1459 inspiratione
1370 1425 1486 1460 profecti
1499 1430 1526 1452 et
1548 1426 1663 1453 veritate
1679 1426 1754 1461 pleni

965 1471 1220 1499 existimabuntur?
1242 1469 1296 1497 Sed
1322 1471 1385 1498 vide
1411 1471 1528 1506 amplius
1543 1472 1707 1500 horrendam
1727 1475 1755 1500 ct

963 1516 1176 1545 abominandam
1207 1515 1329 1543 hostium
1356 1516 1403 1543 Dei
1427 1516 1606 1551 impietatem.
1631 1517 1659 1545 Si
1682 1518 1756 1545 Deus

964 1571 1012 1598 per
1025 1562 1187 1598 sanguinem
1212 1569 1293 1589 suum
1315 1562 1447 1589 mundum
1472 1571 1488 1590 a
1511 1563 1643 1591 servitute
1668 1564 1754 1592 hostis

963 1608 1090 1641 redemit,
1107 1607 1219 1643 sanguis
1226 1614 1293 1635 vero
1307 1611 1333 1634 et
1344 1609 1425 1643 caro(
1437 1608 1484 1635 sed
1498 1608 1613 1637 horrore
1625 1617 1658 1638 ex
1669 1610 1754 1638 ratio-

964 1654 1044 1682 ciniis
1073 1659 1100 1682 et
1113 1654 1228 1682 vocibus
1243 1653 1292 1681 Dei
1310 1653 1430 1681 hostium
1447 1660 1590 1690 correptus
1618 1663 1668 1683 sua
1686 1656 1754 1691 ipsis

965 1700 1129 1736 proferenda
1142 1700 1285 1736 relinquo)
1299 1701 1437 1735 quomodo
1458 1701 1592 1729 beneﬁcio
1617 1702 1753 1738 ejusmodi

964 1751 1097 1774 creaturae
1116 1754 1204 1781 genus
1221 1750 1344 1774 nostrum
1362 1754 1394 1774 ex
1419 1747 1552 1775 servitute
1566 1748 1652 1776 hostis
1665 1753 1754 1776 retra-

963 1793 1022 1821 xit?
1039 1793 1085 1820 IIIo
1107 1793 1181 1820 enim
1197 1793 1370 1821 adversarius
1393 1798 1487 1821 noster
1515 1794 1599 1821 multa
1619 1799 1647 1821 et
1667 1795 1756 1830 gratia

963 1843 991 1866 et
1005 1839 1090 1874 gloria
1103 1840 1130 1866 et
1153 1838 1258 1865 honore
1275 1838 1374 1873 dignus
1390 1843 1460 1871 erat,
1473 1839 1608 1873 siquidem
1624 1839 1683 1874 ipse
1698 1848 1756 1868 ma-

965 1884 1061 1911 teriam
1077 1883 1267 1919 suggessisset,
1280 1890 1329 1918 per
1344 1891 1425 1918 quam
1440 1892 1456 1911 a
1481 1885 1625 1919 tyrannide
1640 1886 1701 1921 ejus
1720 1886 1754 1914 Ii—

963 1929 1023 1958 beri
1043 1929 1234 1957 evaderemus.
1256 1929 1382 1957 Vicissim
1412 1929 1487 1957 idem
1513 1935 1540 1958 et
1560 1931 1754 1966 imprudentia:

965 1975 1067 2010 probro
1093 1979 1121 2001 et
1133 1974 1201 2002 risui
1228 1974 1315 2002 multo
1341 1982 1371 2002 se
1403 1980 1563 2009 exponeret,
1587 1975 1610 2002 si
1635 1983 1666 2004 ea
1695 1976 1755 2012 ipse

964 2020 1097 2052 ﬁnxisset,
1112 2027 1160 2055 per
1175 2027 1236 2055 quae
1251 2024 1389 2055 potestate
1412 2021 1440 2047 in
1458 2028 1575 2056 corpora
1602 2027 1630 2049 ct
1647 2022 1755 2050 animas

964 2070 1072 2093 nostras
1094 2066 1244 2093 excideret.
1271 2065 1343 2098 Quid
1363 2072 1429 2092 vero
1450 2066 1522 2092 aliud
1539 2074 1572 2093 ex
1596 2067 1648 2094 hoc
1661 2075 1755 2095 errore

964 2111 1164 2147 consequitur?
1190 2111 1220 2138 id
1244 2111 1368 2144 omnino,
1392 2111 1465 2146 quod
1478 2111 1609 2139 Servator
1625 2121 1676 2140 nec
1696 2121 1755 2140 ma-

119 2157 151 2182 τδ
160 2155 221 2183 ὅλον
236 2155 400 2191 κατόρθωμα
414 2156 462 2191 τῆς
477 2156 614 2192 σωτηρίας
632 2156 710 2191 ἡμῶν
721 2155 826 2182 οἴκοθεν
843 2165 910 2183 κατ-

964 2165 1044 2194 gnam
1062 2165 1114 2184 nec
1138 2164 1247 2184 omnem
1264 2161 1371 2192 partem
1388 2163 1521 2192 reparatas
1536 2157 1633 2184 salutis
1653 2163 1756 2185 nostra:

120 2202 250 2238 ὡρθωσεν
272 2203 286 2229 ὁ
314 2203 420 2237 Σωτὴρ.
445 2202 514 2230 ἀλλά
535 2202 565 2229 τὸ
587 2202 668 2229 πλέον
685 2202 746 2233 δοὺς
773 2201 845 2237 ἔχειν
870 2202 909 2238 τῷ

127 2247 282 2285 Ἐχθρῷ.“Ὡ
292 2249 391 2284 φρενὸς
402 2249 558 2285 ὑποχειρίου
567 2249 605 2283 τῷ
613 2248 669 2283 (5‘2)
678 2248 785 2283 Σατανᾷ
795 2249 801 2275 I
814 2247 911 2275 Λαϐὼν

119 2295 148 2321 δὲ
167 2294 230 2330 παρ’
243 2295 326 2321 αὑτοῦ
337 2291 368 2322 οὗ
384 2295 421 2330 μὴ
436 2295 559 2329 πλάστης
581 2292 615 2329 ἧν
630 2293 722 2327 αὐτὸς,
738 2294 805 2321 αὑτό
820 2302 849 2321 τε
859 2304 911 2322 πα·-

120 2340 176 2367 θὼν
198 2340 256 2376 (55)
277 2340 461 2373 ἀπαλλάττει,
487 2340 555 2376 ὅπερ
571 2340 622 2367 οὐκ
643 2340 726 2375 ἐχρῆν
741 2340 840 2375 (ἔργον
860 2341 914 2376 γὰρ

120 2388 189 2414 αὐτὸ
202 2388 274 2415 ποιεῖ
285 2388 301 2423 ἡ
313 2388 466 2415 ἀποστασία
476 2388 523 2414 τοῦ
534 2386 656 2423 Πονηροῦ
666 2387 687 2421 ),
699 2387 747 2414 καὶ
759 2388 799 2419 είς
812 2388 915 2423 ἀφθαρ-

121 2435 185 2461 σίαν
203 2436 360 2469 μεταποιεῖν
379 2435 426 2461 καὶ
439 2434 469 2460 τὸ
483 2434 568 2461 κακὸν
587 2434 679 2469 μένειν
698 2433 833 2461 ἀθάνατον
854 2434 914 2461 δια-

121 2480 284 2516 πράττεται.

157 2526 197 2559 ϐ’,
221 2527 276 2553 Καὶ
302 2526 360 2558 πῶς
377 2526 411 2553 ἂν
426 2526 468 2561 είη
495 2525 543 2552 τοῦ
563 2524 659 2559 γένους
674 2523 753 2560 ἡμῶν
777 2524 882 2560 ἐχθρὸς,
900 2526 914 2551 6

120 2572 258 2608 τοσαύτην
272 2571 452 2607 συνεισφοράν
463 2572 504 2603 είς
514 2570 563 2606 τὴν
575 2570 667 2606 κοινὴν
679 2571 695 2605 ᾑ
700 2569 758 2605 μῶν
774 2570 912 2605 σωτηρίαν

120 2620 166 2647 διὰ
176 2618 225 2647 τοῦ
240 2619 340 2646 οἰκείου
353 2618 411 2654 (54)
423 2617 668 2653 δημιουργήματος
680 2615 911 2650 συνεισενεγκώνς

157 2687 170 2704 ⁸
188 2687 269 2715 Rom.
288 2693 336 2718 tu,
352 2686 379 2712 I.
423 2685 434 2699 ⁸
460 2684 525 2712 ibid.
540 2684 600 2711 2-5.

962 2205 996 2232 dc
1013 2211 1064 2231 suo
1079 2203 1204 2238 perfecit,
1220 2203 1268 2230 sed
1284 2203 1331 2234 ita.
1346 2208 1376 2230 nt.
1393 2204 1539 2230 maximam
1561 2208 1664 2238 partctn
1681 2203 1752 2231 hosti

962 2249 1070 2276 debeat.
1087 2246 1109 2275 0
1124 2253 1230 2274 mentes
1247 2247 1354 2275 Satanae
1368 2248 1516 2275 obnoxias!
1535 2247 1675 2275 Mutuatus
1695 2248 1750 2274 sci-

964 2293 1028 2320 licet
1041 2294 1076 2320 ab
1098 2300 1130 2320 eo
1146 2292 1184 2325 id,
1202 2292 1282 2328 cujus
1298 2299 1354 2320 non
1371 2297 1430 2320 erat
1446 2293 1505 2328 ipse
1519 2292 1654 2325 conditor,
1678 2287 1751 2320 idem

965 2339 1142 2373 perpessione
1171 2345 1230 2370 sita,
1253 2338 1326 2373 quod
1357 2343 1432 2365 certe
1461 2338 1517 2365 ﬂeri
1551 2346 1604 2365 non
1620 2337 1748 2369 debebat,
1795 2357 1801 2361 .

965 2386 1075 2413 redimit
1089 2386 1164 2421 (nam
1173 2386 1283 2413 erronei
1296 2385 1460 2413 hominesid
1472 2385 1533 2413 mali
1545 2389 1644 2413 vocant
1655 2385 1754 2421 opus),

964 2437 992 2459 et
1020 2432 1053 2459 ad
1077 2431 1307 2459 immortalitatem
1326 2431 1464 2463 transfert,
1483 2435 1554 2458 etut
1578 2431 1679 2458 malum
1695 2439 1754 2466 pcr-

962 2482 1076 2512 petuum
1085 2476 1130 2510 sit,
1146 2477 1237 2505 eiiicit.

999 2523 1044 2551 IX.
1066 2525 1099 2551 Et
1122 2524 1259 2559 quomodo
1273 2523 1383 2559 generis
1401 2523 1488 2551 nostri
1506 2522 1591 2551 hamis
1611 2524 1753 2552 habendus

963 2570 1026 2602 erit,
1044 2570 1090 2605 qui
1115 2577 1163 2603 pcr
1185 2577 1261 2597 suam
1285 2573 1437 2596 creaturam
1453 2570 1481 2596 in
1493 2577 1665 2597 communem
1682 2570 1754 2597 salu-

964 2621 1018 2642 tcm
1042 2620 1162 2642 nostram
1188 2621 1242 2642 tam
1266 2615 1381 2642 militum
1409 2615 1540 2642 contulit?
1564 2615 1705 2648 Quomodo
1726 2616 1754 2642 in

683 2728 798 2757 VAIiiAE
818 2725 1011 2758 LECTIONES
1027 2729 1070 2756 ET
1087 2725 1203 2758 NOTIE.

156 2782 214 2817 (32)
236 2781 289 2814 Τῷ.
313 2780 359 2808 Sic
376 2780 503 2817 rescripsi
522 2787 571 2814 pro
583 2779 653 2817 τοῦ).
670 2778 742 2813 quod
756 2781 797 2817 est
812 2778 841 2805 in
858 2785 910 2817 ms,

168 2812 213 2852 55}
237 2812 352 2843 Παθών.
373 2812 470 2852 Matini
482 2812 571 2852 legere
584 2812 721 2852 πᾳθᾴνζιιι
736 2813 869 2841 referatur
879 2813 912 2841 ad
926 2822 1025 2850 corpus
1039 2814 1110 2850 quod
1124 2814 1251 2843 Christus
1266 2812 1423 2849 assumpsit,
1433 2812 1560 2848 quodque
1573 2817 1683 2847 passum
1699 2813 1755 2838 est.

169 2848 213 2888 54)
236 2852 363 2879 οἰκείου.
391 2848 582 2878 Ms.meniiosc
594 2848 689 2875 οἰκίον.

282 2900 418 2931 Parnon.
441 2898 498 2928 Gn.
522 2895 584 2926 CII.

1576 2884 1596 2919 Ii
