1931 3082
190 144 241 178 139

771 144 901 174 PllOTlI
922 143 1175 173 PATlilARCll/E—
1200 143 1252 172 Cl‘.

1770 143 1820 176 ΜΟ

189 202 347 230 universum
360 202 459 229 malum
480 201 606 236 perfecit,
625 207 752 236 suscepta
767 202 889 237 corporis
903 208 974 228 crea-

1031 201 1085 226 Καὶ
1100 201 1159 232 πῶς
1176 201 1245 231 ὅλως
1262 199 1364 234 ἔπραξε
1383 199 1511 235 πονηρὸν,
1531 199 1635 231 πλάσας
1652 199 1682 226 τὸ
1701 201 1790 236 σῶμα,
1807 201 1821 227 δ

190 249 275 280 tionc,
293 249 367 283 quod
383 255 437 275 non
463 248 551 274 solum
577 252 679 281 servat,
693 251 720 275 ct
732 252 825 282 postea
839 255 855 274 a
881 255 976 274 corru-

190 297 283 330 ptione
297 296 418 322 immune
433 299 553 329 praestat,
571 295 620 322 sed
637 299 664 322 ct
681 302 730 329 per
747 294 813 321 illud
834 294 978 321 animabus

189 341 398 376 insequentibus
421 341 568 371 benefacit,
593 348 709 375 corpora
731 340 835 367 scilicet
848 348 911 367 eum
926 340 979 366 illis

189 386 335 420 conjuncta
352 385 379 412 in
397 385 521 412 eamdem
543 385 775 412 immortalitatem
790 383 978 412 transferens?

188 433 264 459 Adeo
279 432 306 459 in
327 431 463 462 tenebras,
481 431 565 458 chaos
578 435 606 458 et
621 431 830 458 occazcationem
852 431 977 464 rationis,

187 478 308 505 furorem
322 478 386 504 item
401 482 428 504 et
439 477 603 512 profundam
617 477 815 510 temulentiam,
828 477 885 504 abit
898 484 978 504 omne

187 525 286 551 horum
302 524 448 551 hominum
464 523 594 556 studium,
606 523 652 558 qui
665 523 817 551 solitarium
834 524 977 559 imperium

186 571 213 597 in
227 571 281 598 duo
297 571 437 603 scindunt,
461 574 489 597 et
504 577 590 597 unum
614 569 772 602 Dominum,
788 569 882 597 Jesum
897 570 978 597 Chri-

187 622 271 650 stum,
296 617 467 645 conditorem
491 616 626 648 omnium,
642 615 670 642 in
687 616 741 643 duo
759 616 892 650 principia
908 615 979 643 divi-

186 662 263 693 dunt,
279 666 306 689 et
321 662 394 688 aliud
409 661 519 696 quidem
543 660 771 695 intelligibilibus,
795 660 868 687 aliud
889 660 979 687 sensi-

188 700 292 734 bilibus'
306 707 389 734 rebus
404 706 568 741 prmﬁciunt.
584 705 619 732 At
632 705 778 740 quomodo,
795 713 845 740 per
863 705 979 740 Bythum

186 757 213 779 et
229 753 326 788 Sigen,
351 752 508 780 Conditoris
528 752 570 780 sui
595 752 734 779 cruciatus
759 759 814 779 non
837 756 979 784 verentur,

185 797 230 832 qui
248 805 349 832 corpus
366 802 492 824 nostrum
507 797 570 824 mali
585 797 662 824 aiunt
675 804 736 824 esse
751 797 896 831 principii?
908 797 979 824 Pau-

185 844 228 871 lus
253 844 376 871 enim‘ex
399 844 515 871 adverso
537 843 639 871 diserte
663 844 774 876 clamat,
804 843 903 879 Corpus
926 853 977 871 non

185 889 350 919 scortatiam‘,
367 896 427 923 qum
452 889 516 915 mali
537 897 606 923 opus
620 893 671 922 est,
685 890 729 916 scd
747 889 867 921 Domino,
885 893 908 916 et
924 889 978 916 Do-

184 933 272 959 minus
293 933 397 966 corpori
416 933 436 959 ¹⁵.
458 932 601 964 Quomodo
633 933 705 959 enim
740 938 864 961 creatura
892 934 978 961 hostis

185 978 297 1005 omnino
319 982 410 1013 potest
425 985 485 1005 esse
506 978 634 1005 Domini?
652 978 723 1011 Quid
740 986 806 1006 vero
819 979 904 1006 refert
917 987 976 1006 mo-

185 1031 262 1056 nere,
285 1024 351 1051 illud
378 1024 539 1051 scortationi
557 1031 613 1051 non
637 1024 798 1052 tradendum
823 1032 900 1058 esse,
915 1033 976 1053 cum

185 1077 235 1105 per
253 1077 282 1097 se
296 1070 398 1097 malum
417 1069 463 1102 sit,
479 1073 507 1097 et
521 1070 584 1097 mali
608 1069 735 1105 principii
755 1078 835 1105 opus.
853 1076 880 1098 et
897 1079 977 1106 pror-

185 1125 232 1144 sus
250 1125 264 1144 a
286 1117 428 1144 voluntate
452 1124 484 1144 ac
504 1117 642 1144 creatione
668 1117 714 1145 Dei
741 1117 880 1145 alienum?
909 1118 976 1145 Cum

185 1163 271 1193 enim,
285 1162 358 1196 quod
376 1166 509 1196 apostata:
522 1161 560 1188 illi
577 1163 683 1195 volunt,
710 1169 812 1198 corpus
830 1166 858 1190 et
874 1163 977 1190 forma-
991 1178 993 1180 τ

186 1208 270 1241 tione,
296 1211 323 1234 et
347 1212 444 1234 natura
468 1211 496 1234 et
514 1207 619 1243 legibus
642 1208 743 1235 malum
769 1208 814 1241 sit,
838 1217 976 1244 nunquam

185 1254 298 1281 omnino
321 1252 429 1281 Domini
453 1253 577 1285 exsistet,
594 1261 682 1288 neque
696 1254 843 1288 quidquam
866 1255 975 1288 referet,

185 1304 276 1327 utrum
300 1300 459 1327 scortationi
481 1307 511 1327 se
525 1299 617 1332 dedat,
636 1307 672 1326 an
690 1300 791 1327 minus.
817 1301 881 1328 Sive
903 1301 977 1328 enim

186 1345 224 1373 illi
242 1346 407 1378 indulserit,
430 1345 488 1372 sive
503 1345 604 1376 minus,
633 1345 764 1380 utrinque
788 1353 844 1372 non
866 1346 973 1373 desinet

185 1399 246 1419 esse
267 1391 437 1426 improbum,
454 1394 481 1418 et
496 1390 560 1417 mali
577 1390 702 1424 principii
730 1398 810 1425 opus.
836 1391 978 1426 Perpende

184 1446 252 1465 vero
264 1441 292 1464 et
308 1438 360 1464 hoc
378 1446 384 1463 :
400 1436 428 1463 Si
444 1444 543 1472 corpus
557 1440 601 1463 est
614 1441 737 1463 creatura
752 1437 825 1469 mali,
840 1438 976 1472 quomodo

186 1483 220 1515 is,
246 1483 292 1518 qui
315 1483 387 1510 malo
410 1487 523 1510 strenue
547 1490 575 1509 se
592 1482 724 1517 opponit.
746 1487 773 1509 et
794 1491 844 1518 pro
862 1484 976 1511 veritate

1033 246 1069 281 μὴ
1091 246 1171 281 μόνον
1186 245 1277 277 σώζει,
1295 246 1341 272 καὶ
1361 245 1500 281 ἄφθαρτον
1523 245 1638 280 ὕστερον
1655 247 1736 278 ποιεῖ,
1753 246 1820 274 ἀλλὰ

1029 291 1064 317 δι’
1081 291 1163 317 αὑτοῦ
1181 292 1228 317 καὶ
1244 291 1291 323 τὰς
1306 291 1441 326 ἑπομένας
1453 291 1544 326 ψυχὰς
1556 291 1706 326 εὐεργετεῖ,
1718 292 1757 323 εἰς
1771 292 1821 327 τὴν

1029 338 1125 372 ὁμοίαν
1147 337 1295 364 ἀθανασίαν
1310 337 1344 363 τὰ
1360 337 1494 363 ἐνωῦέντα
1510 337 1605 368 αὐταῖς
1622 336 1735 372 σώματα
1753 337 1821 363 καο⁴

1031 383 1127 415 mal»;
1145 383 1238 415 Οὕτως
1269 383 1327 409 ἐστὶ
1351 383 1447 414 σκότος
1472 383 1518 409 καὶ
1541 384 1604 417 χάος
1624 383 1671 409 καὶ
1683 382 1821 418 τύφλωσις

1030 428 1179 463 λογισμῶν,
1209 429 1256 455 καὶ
1283 428 1367 464 μανία
1394 427 1442 454 καὶ
1467 427 1536 462 μέθη
1564 427 1659 462 βαθεῖα
1679 427 1696 462 ἡ
1718 427 1820 462 σπουδὴ

1030 473 1084 500 τῶν
1096 473 1136 505 είς
1150 473 1196 500 δύο
1212 473 1300 508 ἀρχὰς
1324 474 1375 509 τὴν
1402 473 1466 509 μίαν
1483 473 1630 508 σχιζόντων
1655 472 1755 508 ἀρχὴν,
1773 473 1821 499 καὶ

1030 519 1076 546 τὸν
1100 519 1149 546 ἕνα
1177 519 1280 554 Κύριον
1309 518 1414 554 Ἰησοῦν
1440 518 1556 553 Χριστὸν
1576 519 1621 545 τον
1652 517 1820 553 δημιουργὸν

1031 565 1170 598 ἁπάντων,
1183 566 1224 598 εἰς
1234 565 1280 592 δύο
1292 566 1517 601 κατατεμνόντων
1527 565 1614 599 ἀρχάς
1626 572 1633 579 ·
1646 565 1694 591 καὶ
1706 564 1755 599 τὴν
1771 563 1820 597 μὲν

1029 612 1086 642 τοῖς
1112 612 1218 646 νοητοῖς
1245 611 1435 646 ὲφιστάντων,
1462 611 1511 646 τὴν
1537 611 1565 638 δὲ
1582 612 1638 642 τοῖς
1658 611 1818 647 ὁρωμένοις.

1037 657 1117 684 Ἀλλὰ
1135 657 1194 689 πῶς
1210 657 1279 692 πρὸς
1295 657 1341 683 τὸν
1358 656 1444 683 Βυθὸν
1459 657 1506 683 καὶ
1525 657 1575 691 τὴν
1594 657 1678 692 Σιγὴν
1701 656 1758 692 (55)
1771 656 1819 683 τοῦ

1030 703 1153 731 Πλάστου
1171 704 1261 730 αὐτῶν
1290 703 1340 735 τὰς
1362 703 1461 735 ὠδῖνας
1483 704 1514 730 ού
1531 702 1720 735 καταδύονται,
1746 703 1770 730 οἱ
1790 703 1820 729 τὸ

1032 749 1203 784 σῶμαὴμῶν
1228 749 1354 783 λέγοντες
1380 747 1452 775 εἴναι
1467 748 1515 775 τοῦ
1540 741 1680 784 Πονηροῦς
1707 747 1820 784 Τρανῶς

1030 795 1084 830 γὰρ
1105 794 1222 825 ἐκείνοις
1237 795 1284 821 ἀπ’
1310 794 1435 826 ἐναντίας
1455 795 1470 820 ὁ
1486 793 1592 825 Παῦλος
1611 794 1680 828 βοᾷ·
1700 793 1735 820 Τὸ
1761 793 1820 827 μὲν

1030 840 1116 875 σῶμα
1130 841 1165 867 οὐ
1185 840 1222 874 τῇ
1242 840 1378 875 πορνείᾳ,
1394 841 1456 875 ἥτις
1469 840 1544 866 ἐστὶν
1560 840 1640 875 ἔργον
1661 839 1709 866 τοῦ
1731 840 1820 874 Πονη-

995 873 1014 900 B
1032 873 1080 924 ρού
1091 909 1098 920 ,
1118 873 1259 921 ἀλλάνεῴ
1279 873 1387 922 Κυρίῳ,
1406 873 1456 914 om)
1476 888 1492 914 ὁ
1510 873 1618 921 Κύριος
1636 886 1676 920 τῷ
1693 873 1820 921 σώματι.

1030 934 1092 965 Πῶς
1103 934 1157 970 γὰρ
1176 933 1223 960 τοῦ
1245 933 1357 969 Ἑχθροῦ
1379 933 1409 959 τὺ
1425 933 1538 968 πλάσμα
1552 932 1662 959 δύναται
1679 932 1748 964 ὅλως
1771 930 1819 958 τοῦ

1029 979 1133 1014 Κυρίου
1150 977 1239 1012 alvei;
1259 979 1291 1004 Τί
1306 979 1334 1005 δὲ
1349 978 1390 1005 δεῖ
1403 978 1493 1012 λέγειν
1510 978 1546 1013 μὴ
1565 977 1720 1004 ἀνατιθέναι
1739 976 1820 1003 τοῦτο

1029 1026 1060 1060 τῇ
1077 1025 1203 1060 πορνείᾳ,
1220 1024 1286 1052 αὐτὸ
1303 1024 1452 1051 καθ’ἑαυτδ
1473 1024 1592 1059 πονηρὸν
1607 1023 1647 1056 ὃν,
1665 1023 1713 1049 καὶ
1732 1031 1818 1058 πονη-

1031 1070 1079 1104 ρᾶς
1092 1069 1181 1105 ἀρχῆς
1202 1069 1409 1105 δημιούργημα,
1428 1069 1476 1095 καὶ
1500 1067 1642 1099 παντελῶς
1666 1067 1818 1103 ἀλλότριον,

1028 1116 1076 1143 καὶ
1088 1116 1134 1142 τοῦ
1145 1115 1298 1151 θελήματος
1314 1115 1363 1142 καὶ
1375 1116 1424 1151 τῆς
1441 1115 1567 1146 πλάσεως
1584 1114 1630 1140 τοῦ
1644 1114 1711 1140 Θεοῦ
1723 1122 1730 1147 ;
1745 1113 1819 1140 Πλά-

1030 1171 1070 1190 σει
1084 1162 1138 1198 γὰρ
1154 1163 1202 1189 καὶ
1212 1161 1304 1197 νόμοις
1320 1161 1350 1188 τὸ
1366 1161 1455 1196 σῶμα,
1468 1160 1506 1192 ὡς
1520 1160 1537 1195 ή
1553 1159 1707 1187 ἀποστασία
1725 1159 1818 1194 βούλε-

1028 1217 1084 1241 ται,
1101 1207 1220 1244 πονηρὸν
1236 1208 1359 1243 ὑπάρχον
1370 1207 1421 1234 οὐκ
1441 1207 1474 1233 ἂν
1493 1206 1542 1242 μέν
1564 1215 1629 1233 ποτε
1651 1207 1757 1240 γένοιτο
1770 1205 1818 1232 τοῦ

1028 1254 1133 1290 Κυρίου
1144 1263 1151 1270 δ
1170 1253 1301 1290 πορνείας
1315 1253 1343 1280 δὲ
1355 1253 1494 1288 γενέσθαι,
1510 1252 1527 1288 ἢ
1542 1252 1580 1288 μὴ
1599 1252 1727 1286 γενέσθαι
1742 1251 1818 1278 οὐδὲν

1028 1301 1135 1327 διοίσει.
1160 1300 1223 1327 Εἴτε
1240 1300 1294 1335 γὰρ
1309 1299 1518 1335 ὲξεπόρνευσεν,
1532 1298 1588 1325 εἴτε
1604 1298 1660 1333 (56)
1674 1298 1723 1334 μὴ,
1741 1297 1818 1324 οὐδὲν

1027 1345 1109 1383 ἦττον
1124 1347 1174 1373 οὐκ
1189 1345 1392 1382 ἀφίσταταιτοῦ
1410 1345 1528 1381 πονηρὸν
1541 1343 1621 1375 εῖναι,
1638 1345 1685 1371 καὶ
1696 1345 1818 1379 πονηρᾶς

1028 1393 1225 1429 δημιούργημα
1246 1392 1346 1428 ἀρχῆς.
1370 1392 1532 1419 Ἐπισκόπει
1555 1391 1584 1418 δὲ
1596 1391 1644 1418 καὶ
1660 1387 1722 1418 ὧδε.
1739 1391 1774 1417 Et
1788 1390 1818 1417 τὸ

1029 1439 1109 1474 σῶμα
1124 1438 1239 1474 πλάσμα
1254 1438 1300 1465 τοῦ
1313 1437 1447 1473 Πονηροῦ,
1458 1437 1517 1468 πῶς
1532 1438 1546 1464 ὁ
1559 1437 1614 1472 (57)
1631 1437 1678 1464 τοῦ
1695 1437 1817 1472 Πονηροῦ

1028 1484 1162 1520 λαμπρῶς
1174 1483 1420 1518 καταστρατηγῶν,
1432 1483 1540 1517 καὶτῆς
1552 1483 1679 1517 ἀληθείας
1690 1483 1817 1518 ὑπερμα-

185 1528 308 1561 dimicat,
334 1533 458 1556 sanctum
481 1528 546 1555 illud
572 1528 708 1563 appellat?
721 1528 779 1556 Non
799 1534 882 1564 nupta
896 1530 974 1562 enim,

1029 1530 1084 1565 χῶν
1101 1530 1178 1564 ἅγιον
1194 1530 1260 1556 αὐτὸ
1277 1530 1370 1562 nisi;
1388 1529 1425 1557 Ἡ
1442 1529 1556 1564 ἄγαμος
1575 1529 1642 1564 γὰρ,
1658 1529 1751 1565 φησὶν,
1765 1537 1817 1564 με»

186 1575 283 1610 inquit,
297 1580 371 1602 cura!
386 1582 443 1610 quo:
455 1579 515 1601 sunt
529 1574 650 1607 Domini,
667 1579 695 1600 ιιι
710 1574 743 1600 sit
764 1579 857 1602 sancta
870 1583 978 1609 corpore

187 1626 211 1648 et
228 1622 322 1655 spiritu
336 1621 357 1648 ⁸.
374 1621 401 1648 Si
419 1628 484 1648 vero
505 1628 605 1655 corpus
630 1625 755 1648 sanctum
773 1625 824 1652 est,
849 1621 922 1648 unde
937 1625 978 1648 est

190 1667 313 1694 malum?
328 1672 356 1694 ct
377 1667 449 1694 unde
470 1671 513 1693 est
535 1674 605 1701 opus
628 1666 777 1694 conditoris
802 1667 887 1693 mali?
902 1667 977 1695 Malae

186 1713 296 1747 quidem
313 1713 445 1745 actiones,
462 1720 522 1747 qum
547 1716 699 1739 creaturam
715 1712 778 1739 boni
802 1712 850 1739 Dei
869 1713 977 1740 adulte-

187 1762 259 1790 rant,
288 1759 427 1786 vindicant
450 1758 516 1785 illud
541 1762 568 1785 et
597 1758 743 1785 obnoxium
769 1757 873 1785 faciunt
895 1759 975 1787 malo.

186 1802 280 1835 Quoad
295 1810 361 1830 vero
374 1803 445 1829 intra
466 1803 539 1837 leges
552 1802 704 1830 conditoris
723 1810 752 1830 se
767 1803 900 1836 continet,
917 1811 976 1831 ma-

184 1849 226 1884 gis
251 1849 277 1876 id
296 1848 407 1884 quidem
439 1849 511 1876 valet
536 1848 570 1876 ad
595 1848 833 1876 averruncandum
862 1850 974 1883 malum,

185 1903 265 1929 quam
279 1895 368 1922 malus
381 1895 414 1922 ad
428 1894 492 1921 illud
509 1894 559 1922 sibi
575 1894 786 1929 subjiciendum.

221 1940 254 1967 Χ.
276 1941 353 1972 Quod
374 1941 466 1975 itaque.
483 1948 535 1967 nec
561 1940 652 1967 dicere
670 1947 721 1967 nec
744 1940 848 1975 opinari
870 1941 911 1969 fas
929 1942 974 1973 sit,

185 1986 240 2014 duo
258 1994 343 2020 eaque
367 1986 418 2013 sibi
436 1986 554 2013 invicem
578 1986 703 2021 opposita
721 1986 855 2022 principia
871 1987 928 2014 dari
947 1988 975 2014 in

185 2030 227 2061 iis,
252 2038 367 2065 quorum
393 2030 520 2057 voluntas
543 2030 571 2057 in
594 2038 623 2058 se
639 2031 725 2058 libera
749 2031 886 2058 illecebris
909 2032 973 2059 mali

183 2084 238 2103 non
257 2076 378 2111 subjecta
393 2081 446 2109 est,
462 2076 571 2104 abunde
585 2081 652 2111 puto
668 2076 846 2111 disputatum.
866 2077 974 2112 Expen-—

184 2122 281 2150 damus
304 2130 369 2149 vero
386 2129 461 2149 nunc
484 2122 599 2150 alterum
615 2122 771 2157 apostaticaa
786 2123 916 2150 doctrina:
929 2132 974 2151 ca-

182 2173 242 2202 put,
259 2168 331 2202 quod
342 2168 452 2202 quidem
468 2168 493 2195 in
510 2168 698 2203 superioribus
711 2169 792 2195 etiam
806 2177 858 2196 non
875 2169 972 2197 leviter

1025 1575 1118 1610 ριμνᾷ
1133 1576 1169 1603 τὰ
1193 1575 1247 1602 τοῦ
1271 1575 1390 1609 Κυρίου,
1412 1575 1463 1601 ἵνα
1480 1572 1501 1610 ᾗ
1524 1575 1593 1610 ἁγία
1623 1575 1673 1601 καὶ
1704 1575 1819 1610 σώματι

1029 1621 1080 1648 καὶ
1093 1622 1249 1656 πνεύματι.
1263 1621 1293 1648 Εἰ
1307 1621 1334 1647 δὲ
1344 1620 1421 1654 ἅγιον
1434 1620 1465 1647 τδ
1481 1620 1572 1655 σῶμα,
1586 1620 1668 1646 πόθεν
1682 1621 1816 1656 πονηρόνς

1029 1667 1076 1693 καὶ
1092 1667 1175 1694 πόθεν
1192 1667 1272 1702 ἔργον
1283 1667 1462 1702 δημιουργίας
1479 1667 1617 1701 πονηρᾱς;
1632 1666 1749 1702 Πράξεις
1768 1667 1818 1702 μὲν

1028 1713 1082 1748 γὰρ
1102 1713 1230 1748 πονηραὶ,
1248 1712 1458 1747 κιδδηλεύουσαι
1478 1712 1508 1738 τὸ
1523 1712 1635 1747 πλάσμα
1649 1712 1696 1739 τοῦ
1714 1713 1817 1748 ἀγαθοῦ

1028 1759 1108 1791 Θεοῦ,
1125 1759 1271 1786 οἰκειοῦσιν
1287 1758 1354 1786 αὐτὸ
1370 1759 1418 1786 καὶ
1440 1758 1622 1785 ὑποτάττουσι
1634 1759 1674 1794 τῷ
1689 1760 1815 1796 Πονηρῷ.

1034 1805 1077 1832 Ἐν
1090 1805 1119 1832 δὲ
1135 1805 1191 1836 τοῖς
1206 1804 1299 1839 νόμοις
1315 1803 1363 1830 τοῦ
1380 1805 1499 1831 πλάστου
1513 1804 1726 1840 διατηρούμενον
1739 1806 1817 1841 ίοχὶιν

1027 1850 1084 1885 ἔχει
1106 1850 1207 1885 μᾶλλον
1231 1849 1339 1876 διώκειν
1354 1849 1399 1877 τὸν
1426 1850 1557 1886 Πονηρὺν,
1585 1850 1644 1877 ἀλλ’
1669 1851 1719 1878 οὐκ
1735 1852 1818 1884 αὐτὸς

1027 1897 1116 1923 ἐκεῖνο
1131 1895 1322 1930 δουλαγωγεῖν.

1061 1942 1090 1968 l'.
1114 1941 1195 1968 Ἀλλά
1209 1941 1264 1976 γὰρ
1277 1941 1318 1967 ὅτι
1334 1941 1383 1976 μὲν
1400 1941 1449 1976 οὐχ
1463 1940 1518 1968 οἶόν
1528 1941 1558 1968 τέ
1578 1942 1637 1968 ἐστι
1649 1941 1710 1969 οὒτε
1725 1942 1814 1976 λέγειν

1025 1987 1088 2014 οὒτε
1108 1987 1219 2022 φρονεῖν
1242 1986 1289 2013 δύο
1305 1987 1352 2013 καὶ
1371 1987 1473 2018 ταύτας
1498 1987 1692 2022 ἀντικειμένας
1713 1988 1813 2024 ἀρχὰς,

1025 2028 1065 2062 οἷς
1076 2030 1107 2056 τὸ
1123 2030 1298 2062 αὐτεξούσιον
1314 2030 1464 2057 ἀδούλωτον
1483 2031 1560 2065 μένει
1574 2032 1630 2063 τοῖς
1647 2031 1747 2059 πάθεσι
1766 2033 1813 2060 τοῦ

1030 2075 1156 2111 Ἐχθροῢ,
1176 2077 1357 2111 ἀποχρώντως
1379 2074 1455 2111 οἶμαι
1487 2077 1531 2103 τὸν
1555 2077 1634 2111 λόγον
1657 2078 1813 2110 διεξελθεῖν.

1031 2122 1261 2158 Ἐπισκεψώμεθα
1285 2123 1314 2149 δὲ
1332 2122 1380 2150 καὶ
1394 2123 1424 2149 τδ
1449 2123 1545 2159 ἕτερον
1571 2124 1621 2159 τῆς
1645 2124 1815 2158 ἀποστασίας

1026 2168 1119 2203 μέρος,
1132 2167 1146 2194 ὃ
1157 2168 1256 2194 δέδωκε
1275 2168 1325 2203 μὲν
1336 2168 1383 2195 καὶ
1398 2168 1463 2195 αὐτὸ
1477 2169 1522 2196 διὰ
1532 2169 1586 2196 τῶν
1607 2171 1814 2207 προειρημένων

183 2223 234 2242 nec
256 2214 441 2249 perfunctorie
458 2215 509 2241 sub
525 2222 641 2242 examen
656 2218 783 2241 vocatum
799 2219 826 2242 et
840 2215 970 2242 condem-

1028 2202 1201 2250 a'bpspmdg
1212 2202 1290 2250 οἶμαι
1305 2215 1365 2241 οὐδὲ
1381 2215 1512 2250 βραχείας
1532 2217 1581 2248 τὰς
1598 2202 1731 2249 εύδύναςῒ
1742 2219 1814 2254 Πλὴν

181 2264 276 2286 natum
299 2265 349 2287 est.
368 2260 421 2287 Sed
441 2260 485 2287 vel
501 2261 540 2287 sic
564 2268 597 2287 ex
621 2260 717 2287 eadem
739 2259 878 2294 Scriptura
894 2268 971 2288 sacra

181 2304 269 2331 cidem
292 2305 408 2333 ulterius
436 2305 610 2340 subjiciatur.
637 2304 752 2336 Paulus,
770 2304 817 2339 qui
851 2305 970 2339 seipsum

138 2370 141 2374 -
181 2350 236 2378 Deo
253 2351 363 2386 penitus
383 2351 563 2382 consecravit,
583 2351 655 2378 clara
675 2358 743 2378 voce
764 2351 883 2378 clamat:
898 2351 970 2378 Num

215 2421 226 2436 ⁵
240 2420 248 2446 1
264 2420 327 2448 Cor.
346 2428 386 2453 ιιι,
402 2421 446 2448 15.
485 2421 496 2436 ⁸
509 2420 519 2447 l
533 2420 598 2448 Cor.
612 2428 663 2453 vlt,
680 2420 726 2447 54.

1025 2259 1072 2286 καὶ
1088 2259 1137 2286 νῦν
1152 2259 1195 2286 διὰ
1212 2260 1262 2294 τῆς
1291 2260 1377 2296 αὐτῆς
1398 2261 1550 2296 ίερολογίας
1573 2262 1742 2289 ἀπαιτείσθω
1766 2264 1814 2290 καὶ

1025 2305 1073 2336 τὰς
1088 2304 1261 2339 λειπομένας.
1278 2304 1385 2336 Παῦλος
1403 2306 1417 2332 ὁ
1436 2305 1497 2332 καθ’
1510 2306 1629 2339 ἑκάστην
1646 2307 1742 2335 ἑαυτὸν
1756 2308 1813 2343 ἱερ-

1023 2349 1130 2386 ουργῶν
1145 2349 1184 2385 τῷ
1197 2349 1257 2385 Θεῷ
1271 2350 1420 2386 διαπρυσίᾳ
1434 2351 1482 2387 βοᾷ
1497 2353 1531 2387 τῇ
1547 2354 1641 2388 φωνῇ·
1667 2352 1716 2388 Μὴ
1737 2356 1813 2383 κατὰ

740 2454 859 2483 νΛΠΙᾸΕ
881 2455 1071 2485 LECTIONES
1090 2456 1134 2483 ET
1154 2455 1271 2483 NOTAE.

215 2499 272 2534 (55)
293 2500 370 2534 Πρὸς
389 2500 443 2526 τὸν
457 2499 558 2527 Βυθὸν
582 2500 631 2527 καὶ
648 2500 705 2534 τὴν
723 2500 826 2535 Σιγήν.
844 2501 927 2529 Erant
943 2502 970 2529 hi

180 2535 234 2562 duo
246 2542 281 2561 ex
297 2535 406 2569 triginta
417 2536 538 2562 azonihus
553 2543 621 2570 quns
635 2535 773 2570 fingebant
785 2535 969 2564 Valentiniani

180 2575 207 2597 ct
222 2578 271 2604 pro
294 2570 346 2597 diis
360 2570 496 2597 habebant
521 2579 527 2596 :
544 2570 615 2597 inter
629 2578 676 2597 eos
691 2571 762 2597 enim
779 2572 897 2605 primum
915 2573 966 2599 ob-

182 2605 305 2632 tinebant
329 2604 480 2641 loeu_ni._i_ta
501 2609 532 2631 ut
547 2605 635 2641 prima
651 2605 766 2641 συζυγία
779 2604 817 2633 ab
838 2606 905 2641 ipsis
921 2614 968 2633 vo-

181 2644 321 2676 carentur,
334 2638 373 2676 τῷ
387 2638 474 2676 apes.
483 2640 540 2666 sive
548 2638 695 2676 Profunda.
704 2638 804 2676 Patris;
817 2638 882 2676 Σιγῇ
891 2649 967 2673 vero.

179 2683 227 2702 seu
248 2673 372 2706 Silentia,
391 2673 485 2701 Matris
510 2673 609 2702 nomen
628 2675 742 2702 ferente.
768 2675 835 2703 Vide
853 2673 924 2704 hanc
939 2677 967 2703 in

179 2717 236 2737 rem
251 2709 393 2744 Irenaeum,
411 2709 458 2744 lily.
472 2717 490 2740 ι.
500 2710 547 2736 c.l
565 2714 591 2736 et
605 2711 638 2742 5;
655 2715 682 2737 ct
693 2711 760 2738 alios
772 2719 805 2738 ex
818 2711 965 2744 veteribus,

179 2753 248 2779 quos
257 2743 430 2772 laudatJoan.
439 2743 559 2779 Baptista
566 2745 728 2776 Cotclerius,
738 2746 765 2772 in
773 2746 848 2773 Notis
856 2746 889 2773 ad
898 2751 964 2774 tom.

179 2778 429 2807 l’Monumentorum
450 2778 574 2815 Ecclesia:
597 2779 704 2811 ercw,
720 2788 747 2815 p.
762 2781 834 2813 767;
853 2789 883 2808 ac
900 2781 967 2808 Gui-

178 2814 261 2842 lielm.
279 2815 433 2851 Sp'encerus
445 2814 477 2841 ad
489 2813 633 2851 Qrigenem
644 2813 741 2851 (lamna
750 2815 863 2846 Celsum,
879 2824 904 2851 p.
916 2817 964 2848 78',

177 2856 211 2877 ex
222 2850 419 2878 recentioribus
430 2857 495 2877 vero
505 2849 644 2878 Nicolaum
656 2849 693 2877 Le
709 2850 825 2886 Nourry,
841 2851 866 2877 in
879 2849 966 2885 lappa-

1020 2507 1080 2529 ratu
1091 2503 1126 2529 ad
1138 2503 1264 2530 Bibliotli.
1282 2504 1430 2530 Maximam
1461 2508 1561 2537 atrum,
1578 2509 1644 2533 tom.
1658 2506 1692 2537 ll,
1707 2507 1773 2534 diss.
1789 2515 1809 2538 ι,

1018 2545 1046 2571 p.
1066 2538 1100 2563 77
1126 2545 1203 2573 seqq.
1229 2538 1281 2565 Per
1310 2539 1408 2565 horum
1425 2547 1489 2566 vero
1519 2542 1808 2568 commemorationem

1019 2573 1070 2600 hoc
1095 2573 1155 2600 loco
1180 2574 1280 2601 factam
1309 2573 1401 2600 innuit
1428 2573 1537 2607 Noster,
1560 2575 1601 2603 vel
1626 2575 1807 2607 Paulicianos,

1018 2613 1112 2634 contra
1127 2616 1196 2642 quos
1208 2608 1339 2642 disputat,
1365 2609 1422 2635 inec
1441 2610 1553 2637 nomina
1576 2619 1591 2637 ει
1611 2610 1809 2638 Valentinianis

1016 2643 1172 2680 adoptasse,
1182 2644 1225 2670 vel
1233 2644 1384 2680 comparari
1399 2644 1453 2670 duo
1466 2644 1586 2679 ipsorum
1600 2646 1733 2680 principia
1744 2653 1806 2672 cum

1018 2677 1061 2714 his
1076 2678 1184 2714 illorum
1213 2678 1336 2714 iEOllllillS
1364 2686 1454 2714 posse,
1476 2677 1708 2714 quemadmodth
1727 2685 1754 2707 et
1779 2680 1807 2707 in

1016 2711 1076 2747 aliis
1092 2713 1228 2747 capitibus
1252 2713 1314 2739 illos
1341 2711 1497 2741 imitentur:
1519 2715 1620 2742 Confer
1636 2715 1707 2742 Petri
1721 2715 1806 2743 Siculi

1016 2746 1206 2774 Narrationem
1221 2748 1252 2783 de
1264 2748 1425 2780 Manicha'is,
1444 2756 1471 2783 p.
1483 2749 1527 2776 4'2.

1052 2783 1108 2820 (56)
1129 2783 1207 2810 Εἴτε.
1223 2782 1262 2820 lla
1287 2783 1383 2818 scripsi
1395 2782 1450 2818 pro
1464 2784 1521 2819 ἤτε,
1539 2785 1612 2820 quod
1630 2792 1679 2820 per
1702 2785 1806 2812 librarii

1016 2818 1145 2844 mcmlum
1164 2823 1223 2845 erat
1243 2818 1269 2844 in
1285 2826 1336 2846 ms.

1054 2853 1111 2887 (57)
1137 2853 1178 2879 ’0.
1201 2853 1245 2880 Sic
1265 2853 1324 2888 lego
1340 2861 1389 2888 pro
1407 2854 1447 2888 τό,
1465 2854 1536 2889 quod
1557 2854 1674 2883 habebat
1687 2863 1738 2883 ms.
