1931 3082
155 128 204 167 ιιι

670 127 821 162 CONTRA
841 125 1073 160 MANICH/EOS
1086 127 1201 161 LIBER
1216 127 1275 161 ΙΙΙ.

1741 130 1794 166 li!

154 189 314 226 ἄνθρωπον·
330 185 425 218 ταῦτα
440 187 538 221 λαλῶ;
552 188 571 224 ἢ
584 188 652 224 οὐχὶ
667 187 716 216 καὶ
727 188 844 222 όνόμος
856 186 949 214 ταῦτα

1002 186 1142 213 secundum
1163 187 1293 215 hominem
1315 188 1370 216 Isara
1389 188 1499 224 loquor?
1512 189 1552 217 vel
1566 197 1651 217 nonne
1663 190 1752 226 potius
1767 199 1793 222 at

153 237 255 272 λέγεις
272 237 306 264 Ὅ
317 237 375 264 ἴσον
388 236 463 263 ἐστί·
481 236 527 270 Μὴ
540 235 681 271 λογισμοῖς
695 233 847 269 ἀνθρώπων
862 234 954 268 ἄσφα-

155 283 267 320 λίζομεν
280 284 311 310 τὸ
327 283 421 319 ῥηθὲν,
439 283 456 318 ἢ
475 282 537 318 οὐχ).
561 282 609 309 καὶ
634 281 710 314 οείας
732 280 793 308 ἐστὶ
812 281 860 309 καὶ
883 281 953 316 ὑπὲρ

155 328 301 366 ἄνθρωπον
324 329 487 365 νομοθεσίας
511 328 543 356 τὸ
569 327 798 364 προτεινόμενον;
828 328 885 356 Καὶ
910 323 953 360 τίς

156 377 244 405 ταῦτα
267 376 454 413 τεθεώρηκεν,
471 375 552 408 αὐτὸς
579 376 743 411 σαφηνίζει·
777 375 829 403 Ἐν
844 376 900 411 γὰρ
913 375 953 408 τῷ

156 423 288 456 Μωσέως
296 423 378 457 νόμῳ
391 422 564 457 γέγραπται,
576 422 654 458 φησὶ,
666 422 707 449 Οὐ
720 421 954 458 φιμώσεις-,βοῦν

156 469 309 498 ἀλοῶντα.
327 466 382 496 Καὶ
404 466 493 497 ταῦτα
520 466 608 497 εἰπὼν
636 470 780 506 ἐπιφέρει·
813 469 863 504 Μὴ
894 469 954 497 τῶν

154 512 241 548 βοῶν
249 514 335 550 μέλει
347 514 387 548 τῷ
402 514 463 548 Θεῷ
473 523 482 547 ;
492 515 581 542 Τίνων
592 515 621 542 δὲ
636 515 738 550 μᾶλλον
748 515 836 550 μέλει,
846 512 954 546 δεικνὺς

157 562 273 596 ἐπάγει·
290 561 330 589 Δι’
344 560 424 596 ἡμᾶς
437 561 492 596 γὰρ
509 562 629 595 πάντως
643 562 734 596 λέγει,
752 561 804 589 καὶ
822 559 860 588 δι’
873 554 953 596 ἡμᾶς

157 607 283 643 ἐτράφη.
312 608 394 634 Ὥστε
413 602 504 634 κοινὸν
530 608 559 635 τὺ
587 608 677 643 δόγμα
692 608 722 635 τὸ
739 608 768 634 ὲν
783 610 817 644 τῇ
844 606 953 643 Παλαιᾷ

157 654 296 682 διαϐαῖνον
313 654 361 681 καὶ
372 653 584 689 πολιτευόμενον
597 654 645 680 καὶ
662 655 691 681 ὲν
707 655 740 689 τῇ
757 654 863 690 χάριτι.
882 652 950 680 Εἶτα.

157 701 208 736 τὴν
220 700 338 737 φυσικὴν
357 700 505 736 ὁμοιότητα
525 700 594 735 πρὸς
619 700 665 727 τὸν
682 698 792 736 Πατέρα
818 699 865 727 τοῦ
885 700 951 727 Υίοῦ

157 747 207 774 καὶ
220 747 251 774 τὸ
265 747 476 783 ἀπαράλλακτον
492 742 634 782 ὑποδηλῶν
648 747 681 773 ὲκ
694 747 745 782 τῆς
764 746 818 773 τῶν
836 747 951 781 νομοθε-

156 793 296 828 τηθέντων
323 789 504 829 ὁμοιότητος,
524 791 650 827 Ὥσπερ,
677 792 762 828 φησὶ,
780 793 952 827 προσετᾰγη

157 837 230 872 τοὺς
254 837 295 872 τῷ
314 839 522 874 θυσιαστηρίῳ
548 837 811 873 προσεδρεύοντας
835 837 875 870 τῷ
899 838 952 865 θυ-

157 885 325 922 σιξιστηρίῳ
349 881 600 920 συμμερίζεσθιιι·
630 886 707 913 οὕτω
734 886 784 912 καὶ
802 886 818 912 ὁ
845 885 952 919 Κύριος

157 931 347 966 προσέταξεν
362 931 434 964 τοὺς
444 931 477 959 τὸ
488 930 674 966 Εὐαγγέλιον
688 930 952 966 καταγγέλλοντας

157 973 193 1003 ἐκ
214 977 268 1004 τοῦ
285 977 473 1012 Εὐαγγελίου
488 972 552 1010 ζῇν,
575 976 705 1004 τοσοῦτον
725 976 831 1012 ἐπάρας
845 976 893 1003 τὸν
908 976 952 1002 νό-

1001 233 1044 261 lea;
1071 234 1121 260 ista
1157 235 1301 270 profert"?
1318 235 1396 269 Quod
1416 237 1488 264 idem
1507 241 1549 265 est
1569 245 1602 266 ac
1626 238 1650 266 si
1672 237 1792 268 diceret:

1001 279 1071 307 Num
1092 280 1244 308 ratiociniis
1266 281 1409 310 hominum
1429 283 1501 311 dicta
1520 283 1725 319 conﬁrmamus,
1741 293 1794 313 nec

1000 326 1091 362 potius
1106 326 1278 362 propositum
1293 332 1483 364 argumentum
1497 328 1597 366 divina:
1607 333 1635 358 et
1648 329 1792 366 plusquam

1001 374 1127 401 humanae
1140 373 1209 410 legis
1234 375 1292 402 est?
1306 375 1372 408 Quis
1387 383 1452 403 vero
1467 376 1511 403 illa
1526 365 1793 413 consti'tueritJipse

999 420 1122 455 exponit,
1146 421 1178 448 In
1207 420 1289 448 Musis
1314 418 1384 448 enim
1409 421 1475 458 lege,
1499 422 1636 457 inquiens,
1665 422 1794 458 scriptum

999 471 1037 494 est
1055 475 1065 493 :
1085 466 1148 494 Non
1171 468 1306 495 obturabis
1325 476 1353 495 os
1371 465 1429 495 bovi
1444 467 1582 497 trituranti
1598 468 1622 497 ’⁸.
1638 467 1704 498 Πιεο
1727 478 1794 498 vero

999 512 1118 540 aﬂ‘erens
1146 510 1288 549 subiungit
1305 523 1312 541 :
1329 511 1401 541 Num
1430 515 1504 542 boves
1528 521 1598 543 cura:
1627 520 1688 543 sunt
1715 516 1794 544 Deo?

999 557 1122 592 Quorum
1149 567 1217 588 vero
1245 561 1386 596 potiorem
1413 570 1507 590 curam
1530 567 1609 598 agat,
1631 567 1794 591 ostensurus

1000 606 1076 633 addit
1091 615 1098 633 :
1114 607 1227 642 Propter
1251 617 1298 635 nos
1321 609 1427 636 omnino
1445 607 1474 636 id
1494 606 1567 642 dicit,
1584 614 1609 636 et
1623 615 1729 644 propter
1747 618 1794 637 nos

999 654 1128 688 scriptum
1146 659 1193 682 est.
1208 653 1303 691 itaque
1318 657 1473 684 communis
1490 656 1615 685 doctrina
1627 661 1679 691 est,
1694 666 1755 693 quas
1767 662 1795 686 et

998 700 1027 728 in
1041 699 1141 728 Vetere
1162 698 1258 734 valuit,
1270 705 1298 729 et
1319 701 1348 729 in
1372 698 1447 729 Novo
1472 700 1792 732 obtinuit'Testamento.

991 740 1107 780 Y’ostea,
1124 747 1290 780 naturalem,
1305 756 1365 782 qua:
1378 746 1450 776 inter
1466 747 1572 776 Patrem
1586 754 1613 777 et
1627 748 1726 777 Filium
1742 755 1794 783 est,

998 789 1204 818 similitudinem
1227 796 1255 819 et
1276 791 1525 820 immutabilitatem
1553 802 1586 821 ex
1614 792 1794 823 similitudine

996 834 1086 870 legum
1103 835 1232 871 utrinque
1247 837 1364 865 latarum
1388 837 1576 873 subindicans,
1594 840 1679 873 Sicut,
1695 841 1794 877 inquit,

996 886 1156 916 pra’ccptnm
1171 887 1219 914 est,
1237 887 1275 915 ut,
1288 883 1333 918 qui
1347 883 1431 910 altari
1442 884 1569 918 serviunt,
1592 884 1690 913 altaris
1713 887 1796 914 etiam

996 924 1063 959 [iant
1089 926 1249 961 participes;
1272 927 1311 954 ita
1333 931 1358 954 et
1373 927 1504 956 Dominus
1526 930 1662 965 pra'cepit,
1687 935 1726 964 ut,
1751 929 1796 964 qui

998 968 1174 1007 Evangelium
1199 974 1358 1008 prtedicant,
1376 982 1409 1001 ea:
1433 973 1579 1011 Evangelia
1603 974 1693 1004 vivant
1709 978 1739 1010 ';
1757 977 1796 1004 lc-

159 1028 222 1058 μον,
241 1023 290 1050 ἅτε
306 1019 339 1057 δὴ
352 1020 399 1050 τοῦ
411 1020 520 1058 Πατρδς
535 1022 611 1055 ὅντα,
626 1020 664 1056 ὡς
678 1024 726 1050 καὶ
742 1023 789 1050 τὸν
802 1023 868 1051 Υίδν
881 1022 951 1050 κατὰ

1003 1024 1072 1052 gem,
1099 1023 1228 1054 tanquam
1242 1027 1258 1047 a
1273 1016 1354 1048 Patre
1376 1020 1540 1056 proiectam,
1557 1020 1627 1050 adeo
1650 1023 1794 1056 extollens,

158 1069 277 1104 μίμησιν
297 1067 402 1095 ἐκείνου
433 1068 469 1096 τὰ
495 1068 697 1104 προστάγματα
721 1068 866 1104 προάγειν.
895 1068 952 1103 Τὴν

158 1107 309 1150 συνάφειαν
321 1115 350 1142 δὲ
367 1114 449 1142 πάλιν
473 1115 522 1142 καὶ
545 1115 707 1150 συγγένειαν
731 1114 779 1142 τοῦ
794 1114 877 1150 νόμου
903 1114 951 1141 καὶ

157 1161 207 1196 τῆς
223 1161 336 1196 χάριτος
352 1161 399 1187 ἐπὶ
413 1160 494 1188 πλέον
515 1152 699 1197 τρανῦλογῶν,
716 1161 758 1188 Οὐ
782 1161 859 1188 θέλω
872 1160 951 1195 ὑμᾶς

157 1206 291 1242 ἀγνοεῖν,
314 1207 408 1242 φησὶν,
434 1205 572 1242 ἀδελφοί,
591 1206 635 1234 ὅτι
661 1208 688 1234 οὶ
714 1205 841 1240 πατέρες
866 1205 952 1241 ἡμῶν

158 1252 270 1286 πάντες
282 1254 343 1280 ὑπὸ
363 1252 420 1287 τὴν
435 1252 569 1288 νεφέλην
588 1250 680 1288 ἦσαν,
698 1253 747 1280 καὶ
767 1251 878 1285 πάντες
902 1251 952 1278 διὰ

158 1299 215 1332 τῆς
229 1298 391 1332 θαλάσσης
403 1297 542 1333 διῆλθον,
549 1298 598 1325 καὶ
610 1299 722 1331 πάντες
735 1298 780 1331 είς
801 1296 856 1324 τὸν
868 1297 952 1324 Mari)-

157 1344 223 1379 σῆν
232 1344 472 1379 ἐϐαπτίσθησαν,
486 1344 524 1372 ἐν
534 1344 572 1379 τῇ
587 1344 701 1380 νεφέλῃ
721 1344 771 1372 καί
787 1343 823 1371 ἐν
843 1341 881 1378 τῇ
898 1344 951 1370 θα-

156 1391 277 1425 λάσσῃ,
291 1391 341 1418 καὶ
357 1390 469 1424 πάντες
482 1391 516 1418 τὸ
532 1390 606 1419 αὐτὸ
623 1389 730 1427 ,ϐρῶμα
747 1390 950 1426 πνευματικὸν

159 1437 286 1472 ἔφαγον,
306 1436 356 1464 καὶ
368 1437 481 1470 πάντες
497 1437 531 1464 τὸ
545 1436 621 1464 αὐτὸ
645 1437 727 1472 πόμα
747 1436 952 1472 πνευματικὸν

158 1481 258 1510 ἔπιον.
274 1482 325 1514 Δός
339 1491 385 1518 μοι
400 1482 493 1509 λοιπον
508 1480 626 1510 ἐνταῦθα
640 1483 670 1510 τὺ
685 1482 736 1510 οὒκ
746 1480 889 1518 ἐλεύθερον
901 1479 951 1517 τῆς

161 1528 292 1563 βακχείας
322 1528 368 1555 τοῦ
399 1528 528 1564 Ἐχθροῦδ
550 1529 678 1556 Ἔπινον
705 1527 774 1564 γὰρ,
793 1528 885 1562 φησὶν,
916 1527 951 1554 ἐκ

159 1573 369 1608 πνευματικῆς
383 1572 614 1607 ἀκολουθούσης
627 1572 748 1607 πέτρας.
770 1571 807 1601 Ἠ
817 1571 851 1599 δὲ
859 1569 952 1606 πέτρα

160 1618 201 1655 ἦν
219 1621 236 1647 ό
249 1618 388 1654 Χριστὸς.
411 1619 546 1653 Ἀκούεις,
566 1617 641 1650 ὅπως
656 1620 670 1646 6
684 1618 803 1654 Χριστὸς
829 1618 875 1644 τὸν
897 1625 952 1644 πα-

159 1666 254 1701 τρικὸν
280 1664 389 1697 ὲπᾶτιζε
412 1665 488 1697 λαὸν,
507 1665 554 1692 καὶ
570 1665 630 1697 πῶς
644 1665 658 1691 6
675 1664 770 1700 Πατὴρ
786 1663 887 1699 ὼδήγει
906 1662 952 1690 τὸν

167 1711 278 1747 Ἰσραὴλ
291 1712 331 1743 εις
347 1711 396 1746 τὴν
412 1711 459 1738 τοῦ
475 1710 542 1737 Υίοῦ
556 1708 686 1744 λατρείαν
700 1711 747 1737 καὶ
763 1709 950 1745 ὲπιστροφήν;

160 1757 211 1784 Διὰ
225 1757 318 1789 τίνων,
333 1756 349 1792 ἢ
363 1757 444 1792 δῆλον
461 1757 503 1784 ὅτι
517 1757 562 1784 διὰ
572 1755 695 1788 Μωσέως
713 1756 761 1783 καὶ
773 1755 828 1782 τῶν
842 1763 951 1791 προφη-

160 1803 233 1836 etim;
250 1801 305 1829 Ποῦ
322 1802 369 1829 οὖν
383 1801 502 1829 ἐνταῦθα
518 1802 680 1837 ὁΠονηρός;
696 1799 749 1828 ποῦ
764 1800 813 1837 τῆς
829 1801 951 1836 πονηρᾶς

161 1849 251 1884 ἀρχῆς
265 1848 296 1876 τὸ
307 1848 406 1884 ἕργον;
423 1847 475 1875 ποῦ
492 1847 517 1875 οῐ
531 1848 608 1884 νόμοι
626 1846 675 1883 τῆς
685 1847 878 1883 ἀντικειμένης
891 1846 952 1882 μοί-

162 1903 232 1930 ραςς
250 1895 296 1922 τοῦ
311 1895 461 1923 Μωσαῖχοῦ
476 1895 554 1927 λαοῦ,
568 1895 616 1922 καὶ
631 1894 810 1930 πνευματικῷ
826 1893 952 1930 βρώματι

160 1941 340 1977 τρεφομένων
354 1940 403 1968 καὶ
419 1940 607 1975 πνευματικοῦ
630 1940 753 1976 πόματος
772 1939 905 1967 πινόντων
920 1940 952 1966 ὲκ

159 1987 212 2023 τῆς
232 1985 366 2021 συνούσης
387 1994 418 2012 τε
440 1985 488 2012 καὶ
509 1985 647 2021 ἑπομένης
671 1984 785 2020 πέτρας,
806 1985 867 2020 ἥτις
882 1981 916 2020 ἦν
938 1983 953 2010 6

161 2033 298 2068 Χριστός;
316 2029 384 2058 Εἶτα
407 2031 489 2058 πάλιν
510 2032 525 2059 6
544 2030 703 2067 νομομαθὴς
718 2027 795 2063 οὗτος
820 2030 890 2066 ἀνὴρ
906 2031 954 2057 καὶ

160 2079 197 2105 τὰ
211 2078 295 2113 κέρδη
312 2077 413 2110 πάντα,
427 2073 468 2109 οἷς
483 2076 648 2112 ἐσεμνύνετο
668 2076 811 2112 πρότερον,
829 2076 954 2103 σκύσαλα.

160 2123 313 2159 ἡγούμενος
332 2123 377 2150 διὰ
399 2122 445 2149 τὸν
468 2123 606 2158 Χριστὸν,
628 2122 711 2156 Μηδὲ
737 2122 954 2157 ἐκπειράζωμεν

161 2169 216 2197 τὸν
226 2169 366 2204 Χριστὸν,
383 2169 460 2204 φησὶ,
488 2168 587 2201 καθὼς
601 2169 652 2195 καί
666 2177 746 2201 τινες
756 2168 856 2196 αὐτῶν
871 2168 954 2195 ἐπείο

157 2220 272 2248 ρασαν.
287 2213 377 2245 Τίνες,
390 2213 406 2248 ἢ
418 2213 499 2248 δῆλον
513 2214 555 2240 ὅτι
565 2214 579 2240 6
598 2212 791 2249 Ἰσραηλιτικὺς
806 2213 885 2246 Iade;
900 2213 954 2239 Kal.

162 2259 226 2286 τίνα
239 2259 274 2286 τὰ
290 2259 418 2295 ἐπίχειρα
430 2267 438 2292 ;
455 2259 525 2286 ’Υπδ
537 2258 592 2286 τῶν
605 2259 694 2294 δφεων
704 2258 855 2286 ἀπώλοντο.
871 2259 954 2286 ’Ὥστε

163 2306 377 2340 ἔκπειράζοντες
388 2305 433 2332 τὸν
445 2305 474 2332 ὲν
488 2305 527 2341 τῷ
545 2305 619 2341 νόμῳ
635 2305 712 2338 Θεὸν,
728 2305 773 2332 διὰ
786 2305 835 2332 τοῦ
847 2305 954 2341 Harpe;

163 2351 312 2387 ἐπείραζον
328 2352 376 2378 καὶ
388 2351 434 2378 τὸν
448 2351 513 2378 Yth
525 2351 609 2379 αὑτοῦ
623 2352 669 2378 τὸν
688 2352 790 2388 Κύριον
802 2351 881 2387 ἡμῶν
898 2352 952 2387 ἰη-
967 2346 991 2374 Ῐ)

164 2396 229 2423 σοῦν
256 2397 385 2433 Χριστόν.
414 2396 559 2432 Ἐπεὶραζε
588 2397 638 2433 μὲν
657 2398 712 2433 γὰρ
735 2398 749 2424 6
781 2396 954 2433 ἰσραηλίτης

163 2442 228 2473 λαὸς
241 2442 288 2469 τὸν
300 2442 449 2478 νομοθέτην
464 2442 559 2476 αὑτοῦ,
574 2443 696 2478 ἄτμητον
706 2442 734 2469 δὲ
750 2442 798 2478 τὴν
815 2442 954 2478 βασιλείαν

165 2488 213 2514 καὶ
228 2488 366 2524 ἄρρηκτον
382 2488 430 2515 τοῦ
452 2489 558 2524 Πατρὸς
586 2489 634 2516 καὶ
653 2489 699 2516 τοῦ
719 2489 783 2516 Υἱοῦ
804 2489 819 2516 6
850 2489 956 2524 μύστης

166 2535 216 2561 καὶ
236 2534 418 2568 μυσταγωγὸς
437 2534 492 2561 τῶν
508 2535 686 2571 ἀπορρήτων,
705 2534 784 2567 εἰδὼς
796 2535 825 2561 ὲν
842 2534 881 2570 τῷ
897 2543 957 2561 πει-

165 2581 297 2617 ράζεσθαι
311 2581 356 2609 τὸν
371 2581 419 2608 τοῦ
434 2581 539 2616 ἀγαθοῦ
568 2582 668 2614 Παιδὸς
688 2583 800 2618 Πατέρα
816 2582 893 2615 Θεὸν,
910 2583 957 2610 καὶ

163 2626 211 2652 τὸν
233 2626 351 2661 Χριστὸν
376 2626 556 2661 πειράζεσθαι
581 2627 754 2655 διατείνεται.
777 2628 821 2659 Ὠς
850 2628 880 2654 ὲν
906 2636 955 2654 πο-

165 2672 300 2708 ρὶσματος
318 2673 347 2700 δὲ
362 2673 445 2709 μοίρᾳ
462 2673 672 2705 ὲπισκόπει,ὅτι
686 2674 733 2700 καὶ
754 2674 862 2710 πληγὴν
874 2674 957 2706 εὐθὺς

164 2719 272 2754 ἀφῆκεν
287 2719 302 2745 6
322 2719 439 2754 Χριστὸς
453 2719 524 2746 κατὰ
546 2719 601 2746 τῶν
626 2720 849 2755 ὲκπειρασάντων
875 2721 956 2748 αὑτὸν

163 2763 211 2791 τὸν
230 2763 276 2790 διὰ
288 2763 342 2790 τῶν
357 2763 445 2798 ὄφεων
459 2764 581 2799 δλεθρον.
597 2765 652 2792 Καὶ
663 2764 766 2798 ταύτην
779 2765 892 2801 ἐπάγων
903 2766 953 2794 οὐκ

1005 1067 1034 1090 ut
1047 1062 1144 1091 Filium
1159 1064 1193 1092 ad
1209 1065 1365 1100 exemplum
1378 1065 1438 1100 eius
1454 1071 1590 1102 praecepta
1605 1075 1655 1095 sua
1668 1069 1797 1096 statuisse

1002 1108 1112 1136 innuat.
1131 1109 1206 1137 idem
1234 1117 1301 1138 vero
1325 1108 1528 1140 eonnexione‘m
1551 1117 1580 1140 et
1602 1114 1797 1149 cognationem

1003 1153 1071 1189 legis
1085 1159 1114 1183 et
1128 1155 1222 1191 gratiae
1238 1156 1330 1184 adhuc
1344 1158 1431 1193 magis
1444 1158 1620 1193 expositurus
1638 1167 1644 1185 :
1660 1159 1728 1186 Noto
1739 1168 1795 1192 vos,

1003 1201 1102 1237 inquit,
1117 1202 1253 1238 ignorare,
1269 1204 1378 1239 fratres,
1404 1205 1473 1239 quod
1487 1209 1576 1240 patres
1601 1206 1685 1233 nostri
1706 1214 1796 1234 omnes

1001 1246 1049 1275 sub
1066 1248 1132 1275 nube
1158 1253 1245 1281 erant,
1264 1253 1288 1276 et
1305 1257 1394 1276 omnes
1417 1258 1464 1284 per
1480 1259 1554 1278 mare
1581 1250 1754 1285 transierunt,
1771 1257 1795 1280 et

1002 1303 1091 1322 omnes
1106 1295 1134 1322 in
1154 1296 1245 1322 Mosen
1259 1295 1388 1330 baptizati
1406 1301 1476 1328 sunt,
1497 1297 1526 1323 in
1548 1296 1615 1324 nube
1631 1303 1655 1325 et
1673 1298 1754 1331 mari,
1770 1303 1796 1326 et

1004 1348 1094 1367 omnes
1110 1341 1230 1368 eumdem
1245 1340 1331 1368 cibum
1345 1339 1512 1376 spirituatem
1530 1343 1650 1376 ederunt,
1668 1348 1692 1370 et
1707 1352 1796 1371 omnes

1003 1385 1125 1412 eumdem
1149 1389 1241 1420 potum
1265 1385 1433 1420 spirit‘ualem
1468 1385 1588 1413 hiberum
1614 1386 1647 1414 ".
1675 1385 1796 1414 Ostende

1004 1431 1074 1458 mihi
1094 1431 1140 1458 hic
1167 1435 1341 1459 momentum
1365 1431 1409 1459 vel
1424 1430 1535 1459 unicum
1562 1431 1636 1467 quod
1659 1439 1715 1459 non
1742 1432 1796 1460 im-

1002 1485 1086 1505 mune
1100 1476 1137 1504 sit
1152 1484 1168 1505 a
1184 1477 1294 1505 furente
1308 1477 1396 1505 hostis
1408 1481 1544 1513 potestate
1556 1487 1562 1505 :
1574 1477 1702 1505 Biberunt
1715 1478 1795 1511 enim,

1003 1523 1102 1559 inquit,
1124 1531 1156 1551 ea:
1170 1522 1317 1559 spiritnati,
1341 1532 1400 1559 qute
1421 1520 1590 1559 sequebatur,
1609 1529 1796 1560 petra:petm

1002 1575 1093 1598 autem
1102 1575 1159 1598 erat
1169 1570 1288 1599 Christus
1300 1570 1332 1598 ιι.
1343 1570 1465 1598 Audisne
1476 1571 1613 1606 quomodo
1621 1570 1702 1598 Pater
1711 1571 1795 1599 Israel

1002 1615 1112 1644 duxerit
1128 1616 1164 1644 ad
1179 1616 1284 1644 cultum
1306 1613 1369 1644 Filii
1384 1616 1426 1644 sui
1444 1621 1472 1644 et
1499 1616 1728 1645 conversionem?
1742 1616 1796 1645 Per

963 1678 987 1711 Ο
1003 1670 1072 1698 quos
1086 1667 1179 1690 autem
1195 1663 1263 1691 alios
1275 1663 1327 1691 nisi
1344 1670 1392 1698 per
1407 1662 1501 1691 Mosen
1516 1668 1544 1691 et
1555 1663 1727 1699 prophetas?
1743 1663 1795 1692 Ubi

1003 1709 1087 1745 igitur
1111 1709 1157 1737 hic
1187 1713 1230 1737 est
1252 1707 1350 1742 malus,
1379 1709 1426 1737 ubi
1453 1709 1518 1737 mali
1542 1709 1670 1745 principii
1701 1710 1796 1745 opus?

1003 1755 1049 1783 ubi
1066 1755 1139 1790 leges
1154 1755 1286 1790 oppositae
1309 1755 1414 1790 partis?
1436 1762 1499 1783 cum
1525 1755 1643 1791 p0pulus
1660 1756 1796 1784 Mosaicus

1003 1806 1030 1829 ct
1045 1801 1178 1837 spirituali
1192 1801 1255 1829 cibo
1270 1802 1390 1829 nutritus
1414 1802 1460 1835 sit,
1475 1805 1502 1829 et
1516 1802 1683 1837 spiritualem
1699 1806 1796 1837 potum

1003 1846 1104 1874 biberit
1119 1854 1153 1874 ex
1169 1847 1318 1875 comitante
1333 1851 1360 1874 et
1373 1847 1536 1882 insequente
1551 1852 1638 1882 petra.
1662 1855 1723 1882 qua:
1737 1852 1796 1875 erat

1003 1893 1150 1921 Christus?
1172 1892 1276 1921 Deinde
1303 1898 1397 1920 rursus
1415 1893 1487 1921 idem
1513 1893 1554 1920 vir
1574 1894 1662 1929 legem
1686 1894 1794 1927 doctus,

1003 1944 1085 1974 atque
1102 1938 1193 1967 omnia
1208 1938 1264 1971 illa,
1279 1939 1379 1975 quibus
1392 1940 1456 1967 olim
1469 1939 1645 1973 eﬂcrebatur,
1662 1948 1712 1975 pro
1727 1941 1797 1975 reje-

1004 1985 1087 2013 ctitiis
1114 1985 1256 2013 declarans
1287 1991 1398 2021 propter
1417 1986 1568 2019 Christum,
1590 1986 1630 2014 Ne
1656 1992 1796 2018 tentemns,

1004 2031 1104 2066 inquit,
1120 2030 1263 2063 Christum,
1281 2031 1348 2058 sicut
1368 2032 1489 2059 nonnulli
1504 2041 1594 2059 eorum
1613 2038 1748 2060 tentarunt
1762 2034 1796 2060 ".

1004 2077 1121 2111 Quinam
1148 2077 1207 2104 illi?
1223 2085 1315 2106 nonne
1342 2078 1489 2106 lsraelitaz?
1515 2078 1581 2111 Quae
1609 2087 1674 2108 vero
1700 2088 1795 2108 eorum

1005 2127 1083 2150 erant
1115 2123 1247 2158 praemia?
1269 2121 1310 2150 Ex
1335 2123 1508 2159 serpentibus
1537 2124 1675 2159 peribant.
1704 2124 1798 2160 Itaque

1005 2168 1053 2202 illi,
1073 2169 1120 2204 qui
1143 2168 1230 2196 Deum
1246 2169 1275 2196 in
1297 2169 1357 2205 lege
1379 2175 1542 2205 praesentem
1569 2171 1722 2204 tentabant,
1749 2179 1798 2206 per

1005 2214 1114 2242 Patrem
1131 2215 1213 2242 etiam
1236 2214 1336 2242 Filium
1354 2215 1414 2251 ejus
1430 2215 1575 2243 Dominum
1593 2221 1718 2243 nostrum
1735 2221 1798 2244 ten-

1007 2265 1111 2288 tarunt.
1129 2259 1258 2288 Tentavit
1275 2260 1348 2288 enim
1366 2260 1483 2296 populus
1507 2260 1674 2288 lsraeliticus
1688 2261 1798 2296 legisla~

1006 2309 1095 2336 torem
1119 2314 1218 2341 suum;
1241 2311 1269 2334 et
1295 2307 1406 2339 Paulus,
1432 2314 1533 2342 gnarus
1559 2306 1618 2341 ipse
1643 2311 1671 2333 et
1702 2306 1797 2334 doctor

1005 2354 1210 2391 mysteriorum,
1234 2353 1380 2388 imperium
1402 2352 1491 2380 Patris
1505 2356 1534 2379 et
1548 2351 1609 2378 Filii
1631 2350 1799 2378 indivisibile

1005 2406 1033 2429 et
1046 2400 1201 2429 inviolabile
1226 2407 1287 2427 esse
1311 2406 1470 2434 persuasus,
1496 2397 1648 2429 contendit.
1669 2405 1702 2425 co
1726 2397 1797 2432 ipso,

1005 2455 1059 2482 quo
1074 2446 1139 2474 boni
1166 2445 1226 2473 Filii
1243 2444 1322 2472 Pater
1337 2444 1409 2473 Deus
1420 2448 1539 2472 tentatus
1552 2444 1599 2475 sit.
1615 2443 1698 2470 etiam
1719 2443 1800 2471 Chri-

1007 2498 1064 2519 tum
1080 2498 1142 2519 esse
1163 2495 1308 2518 tentatum.
1333 2489 1501 2517 Consectarii
1526 2495 1590 2516 vero
1604 2489 1692 2516 instar
1705 2493 1733 2516 et
1746 2489 1799 2516 hoc

1006 2544 1084 2572 cape,
1096 2537 1169 2572 quod
1187 2536 1312 2564 Christus
1325 2535 1416 2562 statim
1431 2537 1516 2570 plaga
1541 2534 1602 2562 loco
1618 2534 1681 2566 illis,
1709 2533 1755 2569 qui
1769 2542 1799 2562 se

1006 2587 1187 2616 tentavcrant,
1217 2580 1361 2609 immiserit
1377 2580 1527 2615 perniciem
1550 2588 1583 2607 ex
1613 2580 1796 2615 serpentibus.

1006 2629 1082 2657 lianc
1095 2636 1160 2656 vero
1188 2627 1240 2655 illis
1257 2627 1381 2662 irrogans
1405 2634 1525 2653 amorem
1553 2626 1580 2653 in
1602 2625 1727 2653 homines
1740 2632 1796 2652 non

1006 2666 1120 2704 dimisit:
1131 2674 1202 2702 Alibi
1221 2673 1304 2709 (idem
1321 2672 1479 2707 Apostolus)
1503 2677 1627 2705 testatur,
1649 2671 1796 2707 prophetas

1005 2729 1038 2750 ex
1053 2721 1182 2748 mandato
1209 2719 1304 2747 aeterni
1321 2719 1369 2746 Dei
1387 2719 1491 2746 locutos
1509 2725 1581 2750 esse,
1614 2722 1641 2744 et
1663 2723 1697 2743 ex
1731 2722 1796 2742 vero

1008 2767 1206 2803 praenuntiasse
1233 2765 1392 2802 mysterium
1407 2770 1471 2793 ante
1491 2764 1590 2794 saecula
1607 2762 1797 2797 constitutum.

201 2852 213 2869 '
228 2852 238 2880 Ι
254 2851 317 2882 Cor.
333 2861 370 2888 tx,
383 2854 411 2882 8.
448 2854 459 2871 '
474 2853 542 2884 ibid.
557 2853 584 2882 9.
622 2855 632 2872 ’
646 2854 710 2883 ibid.
725 2855 768 2882 i5.
806 2854 828 2872 ‘°
842 2864 852 2882 I
865 2855 928 2884 Cor.
946 2862 952 2884 ι

1002 2856 1016 2885 ;.
1056 2856 1076 2873 ιι
1099 2854 1205 2884 ibid.6.
1249 2854 1395 2899 {time

1533 2908 1538 2912 .
1566 2904 1581 2911 ι.
