1931 3082
145 154 195 187 143

728 153 859 184 ΡῘΙΟΤΙΙ
880 151 1134 183 PATRIARCHJE
1151 153 1206 183 (ΣΡ.

1724 157 1775 190 144

142 210 214 245 quod
243 209 413 246 principatus
437 215 464 238 et
493 213 643 246 potestates
668 209 775 244 mundi,
794 209 930 244 ipsumqut

989 207 1130 243 ἀφῄρηται
1150 208 1181 234 τὸ
1203 207 1404 244 φιλάνθρωπον.
1426 207 1555 244 Ἀλλαχοῦ
1574 208 1602 237 δὲ
1614 209 1694 238 πάλιν
1715 212 1777 238 κατ’

142 256 210 282 adeo
234 256 328 283 mundi
350 256 494 284 Dominum
518 256 638 284 latuerit.
672 255 816 288 Quomodo
844 255 935 290 itaque

141 301 281 336 propheta:
296 307 344 329 aut
366 302 409 330 lex
428 311 443 330 a
469 303 541 330 malo
569 302 693 337 inspirati
721 309 782 329 esse
806 306 933 337 possunt,

140 348 364 383 quandoquidem
382 348 420 376 illi
438 348 656 384 prmnuntiarunt
672 348 842 383 mysterium,
861 347 934 382 quod

141 394 292 421 artiﬁcibus
308 395 398 422 omnis
410 394 557 430 impietatis
572 393 624 421 fuit
639 393 848 421 absconditum?
861 393 932 420 Rur-

140 447 187 466 sus
205 438 266 466 aliis
286 439 313 466 in
337 439 404 468 locis
416 439 543 467 eumdem
560 439 659 472 Deum,
675 447 730 466 non
755 446 821 466 vero
849 438 932 466 alium

140 489 222 519 atque
236 485 332 518 alium,
346 485 410 512 olim
425 493 474 520 per
490 485 648 520 prophetas,
679 485 788 513 tandem
803 492 869 512 vero
885 492 934 520 per

142 531 239 559 Filium
252 536 366 560 testatur
380 532 498 559 locutum
520 541 527 559 :
547 532 722 567 Multifariam
738 532 824 563 enim.
842 531 891 563 ait,
909 537 934 559 et

141 577 230 604 multis
243 578 326 604 modis
339 577 402 604 olim
421 577 490 605 Deus
504 578 625 612 patribus
642 579 738 604 nostris
753 586 799 612 per
820 578 933 613 prop/ie-

140 629 180 651 tas
198 624 310 655 locutus,
329 624 432 650 ultimis
452 624 541 651 diebus
549 625 590 651 his
603 632 650 659 per
665 624 763 651 Filium
778 624 886 655 locutus.
896 629 933 651 est

140 670 212 697 nobis
224 671 255 696 ".
277 669 362 703 Idem,
378 670 502 705 inquam,
519 678 574 698 non
593 671 664 698 alius
680 675 762 705 atque
775 671 855 698 alius.
881 670 932 703 Qui

139 716 221 751 igitur
237 714 341 743 Novum
361 715 566 744 Testamentum
580 724 630 751 per
646 715 746 743 Filium
760 716 863 743 mundo
880 716 933 743 lar-

138 762 211 797 gitus
230 765 282 795 est,
310 762 394 795 idem,
418 763 496 797 juxta
519 762 644 795 Paulum,
662 762 720 797 qui,
739 762 762 790 si
777 763 840 797 quis
851 762 931 796 alius,

138 808 228 835 divina
240 808 365 841 callebat,
382 808 501 836 et-Vetus
517 817 566 844 per
582 808 729 843 prophetas
742 807 844 836 sanxit.
858 808 932 841 Quo—

138 854 219 881 modo
236 854 328 889 itaque
353 854 503 882 errantium
524 855 607 882 factio
626 854 709 882 alium
721 854 833 890 quidem
849 854 931 888 illius,

986 255 1121 290 ἐπιταγὴν
1134 255 1181 281 τοῦ
1198 255 1308 282 αἰωνίου
1324 255 1392 283 Θεοῦ
1402 276 1410 288 ,
1427 257 1475 283 καὶ
1490 257 1577 284 εἰπεῖν
1593 258 1657 290 τοὺς
1672 260 1776 294 προφή-

984 308 1035 332 τας
1048 300 1277 337 διαμαρτύρεται,
1293 301 1341 329 καὶ
1356 302 1480 337 ἀψευδῶς
1491 303 1663 338 προκηρύξαι
1678 304 1708 330 τὸ
1723 304 1777 338 πρὸ

985 345 1091 373 αἰώνων
1110 347 1276 382 μυστήριον,
1293 347 1307 374 ὁ
1327 347 1377 379 τὰς
1396 346 1521 380 ἐξουσίας
1544 347 1590 374 τοῦ
1608 348 1713 384 κόσμου
1729 349 1778 376 καὶ

985 393 1067 420 αὑτὸν
1080 393 1186 421 διέλαθε
1200 393 1245 420 τὸν
1258 393 1485 430 Κοσμοκράτορα.
1499 394 1554 421 Καὶ
1565 394 1622 426 πῶς
1634 394 1667 421 ἂν
1681 396 1776 430 εἴησαν

985 440 1009 466 oi
1031 440 1170 476 προφῆται
1189 440 1205 476 ἢ
1221 441 1236 468 6
1260 440 1342 475 νόμος
1357 440 1502 473 ἐπιπνοίας
1517 442 1641 477 πονηρᾶς
1652 462 1659 474 ,
1674 442 1776 469 ὁπόταν

984 482 1057 513 οὗτοι
1076 486 1126 521 μὲν
1142 486 1347 522 προεκήρυττον
1357 486 1389 513 τὺ
1403 487 1567 522 μυστήριον,
1583 487 1632 522 τῆς
1648 487 1676 514 δὲ
1691 495 1775 522 πονη-

987 531 1047 567 ρίας
1061 531 1153 567 πάσης
1169 531 1218 568 τὴν
1233 532 1440 568 μηχανουργίαν
1455 532 1627 566 διελάνθανες
1649 533 1734 560 Πάλιν
1747 533 1775 560 δὲ

985 578 1033 605 καὶ
1048 578 1078 605 ἐν
1095 577 1185 610 ἄλλοις
1200 578 1283 605 αὐτὸν
1300 578 1367 606 Θεὸν
1385 579 1432 606 καὶ
1451 579 1502 606 οὐκ
1517 578 1596 606 ἄλλον
1610 579 1657 606 καὶ
1676 579 1756 606 ἄλλον
1767 600 1775 612 ,

984 623 1070 650 πάλαι
1083 623 1134 659 μὲν
1145 624 1175 650 ὲν
1185 625 1240 656 τοῖς
1254 625 1408 659 προφήταις
1417 624 1633 660 διαμαρτύρεται
1646 625 1713 661 λαλῆ
1719 634 1774 657 σαι,

984 668 1098 705 ὕστερον
1111 670 1139 696 δὲ
1156 670 1185 697 ἐν
1199 670 1237 705 τῷ
1259 670 1326 705 Υἰῷ.
1347 669 1526 706 Πολυμερῶς
1541 670 1610 707 γὰρ,
1627 672 1712 706 φησὶ,
1725 671 1776 698 χιιι

984 716 1180 750 πολυτρόπως
1195 715 1289 743 πάλαι
1305 717 1321 743 ὁ
1341 716 1413 749 Θεὸς
1425 716 1568 751 λαλήσας
1580 716 1643 750 τοῖς
1664 717 1774 752 πατρά-

983 769 1037 788 σιν
1050 762 1086 788 ἐν
1100 762 1163 796 τοῖς
1178 762 1357 797 προφήταις,
1374 762 1420 789 ἐπ’
1435 762 1568 797 ἐσχάτου
1581 763 1641 791 τῶν
1656 764 1776 800 ἡμερῶν

983 808 1097 835 τούτων
1111 807 1268 842 ἐλάλησεν
1282 808 1355 843 ἡμῖν
1368 808 1403 835 ἐν
1416 808 1480 841 Υὶῷ·
1505 809 1520 836 ὁ
1534 809 1626 843 αὐτὸς,
1642 809 1699 837 ἀλλ’
1724 811 1775 838 οὐκ

984 853 1063 885 ἄλλος
1078 854 1126 880 καὶ
1139 853 1267 886 ἄλλος.”υ
1281 852 1327 881 οὖν
1343 854 1395 890 τὴν
1411 854 1516 890 Καινὴν
1535 855 1675 890 Διαοήκην
1694 856 1723 883 ὲν
1736 856 1775 892 τῷ

138 900 223 927 alium
241 907 306 927 vero
324 899 404 933 Novi,
429 900 613 936 lcgislatorem
638 905 667 928 et
684 900 772 928 Deum
788 900 884 936 ﬁngit?
902 900 930 928 Si

983 898 1041 932 Υἱῷ
1062 901 1246 933 χαρισάμενος
1264 898 1303 934 τῷ
1320 899 1425 934 κόσμῳ,
1447 899 1462 925 6
1480 899 1564 931 αὐτὸς
1587 901 1657 927 κατὰ
1679 901 1726 927 τίιν
1739 901 1775 928 τὰ

137 953 204 973 vero
233 945 315 973 etiam
337 946 371 973 ab
393 945 472 974 initio
487 950 589 974 terram
609 945 733 974 fundavit
756 945 838 979 Deus,
860 946 932 973 sicut

138 992 211 1020 idem
235 991 429 1027 mysteriorum
452 999 554 1027 gnarus
577 995 604 1019 et
634 992 730 1020 doctor
753 991 931 1027 scriptionem

138 1038 209 1065 hanc
229 1044 336 1064 sacram
351 1037 486 1073 obsignat,
502 1042 530 1065 et
542 1037 605 1065 coeli
619 1044 702 1072 opera
726 1045 858 1065 manuum
872 1036 932 1072 ejus

136 1089 201 1111 sunt
229 1083 303 1119 (nam
320 1082 443 1117 Davidis,
465 1083 512 1118 qui
535 1083 584 1111 Dei
606 1088 685 1119 pater
706 1088 761 1116 est,
792 1084 930 1111 canticum

137 1130 272 1158 adhibens
287 1130 399 1165 suisque
414 1129 540 1165 cogitatis
560 1134 684 1158 attexens
704 1129 771 1157 illud
782 1136 799 1156 ιι
817 1129 872 1157 Deo
888 1129 930 1156 in-

136 1175 268 1211 spiratum
275 1183 336 1203 esse
347 1176 446 1211 innuit)
459 1185 467 1209 ;
475 1175 611 1211 quomodo
619 1175 789 1203 delectorum
799 1175 932 1202 colluvies

137 1221 205 1249 falso
240 1221 362 1256 quidem,
394 1221 444 1249 sed
467 1226 557 1249 tamen
589 1225 701 1249 externa
736 1220 838 1256 specie,
872 1221 931 1249 haec

136 1267 332 1303 praedicantem
344 1268 486 1296 doctorem
501 1276 582 1296 suum
608 1268 746 1304 appellare
774 1275 830 1296 non
851 1275 931 1296 vere-

137 1314 199 1342 tur?
214 1312 337 1349 Namque
348 1314 382 1341 ab
397 1322 431 1342 eo
444 1315 534 1342 vocari
555 1322 586 1342 se
604 1314 710 1346 volunt,
723 1315 770 1350 qui
784 1318 813 1342 et
827 1322 860 1341 eo
872 1314 931 1350 ipso

134 1367 150 1387 a
167 1360 226 1396 lege
235 1360 296 1395 ejus
308 1360 453 1388 recedunt.
471 1361 542 1388 Num
564 1360 639 1388 enim
657 1360 758 1388 Paulus
783 1360 931 1388 crucifixus

135 1411 178 1434 est
193 1414 244 1442 pro
260 1407 350 1440 nobis,
380 1411 428 1434 aut
446 1414 511 1434 num
529 1407 556 1434 in
571 1407 647 1435 Pauli
671 1414 772 1434 nomen
800 1407 929 1442 baptizati

135 1454 253 1481 sumus?
267 1454 330 1488 Aut,
347 1455 424 1490 (num
437 1454 529 1482 dicere
552 1454 644 1488 licet?)
675 1453 730 1489 Ego
752 1454 857 1489 quidem
871 1462 931 1481 sum

136 1499 229 1532 Pauli,
243 1508 290 1535 ego
307 1499 411 1534 Apollo,
428 1507 475 1536 ego
505 1508 565 1527 vero
590 1499 701 1535 Cepltw:
734 1500 865 1527 divisusne
893 1504 930 1527 est

132 1545 254 1573 Christus
268 1546 309 1573 ³⁵⁸2
325 1546 360 1573 At
369 1546 512 1573 enimvero
527 1546 663 1578 homines,
688 1546 734 1581 qui
756 1546 838 1573 etiam
859 1550 928 1579 tum,
943 1566 964 1596 α

140 1591 183 1619 Jbi
191 1591 316 1627 speciose
326 1592 487 1627 loquuntur,
506 1600 648 1620 sermones
662 1600 737 1626 suos,
761 1592 794 1620 ad
810 1592 929 1628 gravita-

138 1642 192 1664 tem
217 1638 396 1672 compositos,
425 1638 580 1666 actionibus
593 1639 752 1674 deturpant,
772 1639 806 1665 ad
828 1646 929 1666 nomen

137 1684 308 1721 confugiunt,
323 1689 353 1712 ut
364 1685 480 1712 dedecus
498 1685 612 1716 evitent,
629 1684 656 1711 in
670 1684 744 1719 quod
758 1691 807 1711 eos
817 1683 930 1718 conjicit

136 1731 180 1758 vel
192 1731 281 1758 solum
293 1731 367 1759 illius
380 1739 493 1763 nomen,
506 1738 588 1765 quem
605 1730 708 1757 erroris
721 1730 823 1758 habent
834 1735 929 1757 aucto-

138 1785 206 1804 rem.
222 1777 256 1804 At
267 1777 405 1812 quomodo
418 1784 474 1804 non
491 1776 699 1804 confunduntur
711 1776 838 1804 homines
848 1797 855 1810 ,
870 1776 928 1811 qui,

138 1822 222 1850 Paulo
235 1830 302 1850 voce
317 1821 447 1850 Davidica
473 1822 535 1850 coeli
551 1827 579 1850 et
594 1826 674 1850 terra:
687 1822 865 1850 Conditorem
880 1829 930 1850 vc-

137 1877 198 1897 rum
214 1873 242 1897 et
256 1869 357 1896 bonum
375 1869 459 1897 Deum
474 1876 534 1897 esse
551 1868 730 1904 praedicante,
761 1869 846 1896 alium
866 1869 930 1904 qui-

137 1916 199 1943 dem
219 1916 292 1948 coeli,
319 1915 402 1942 alium
428 1920 506 1943 terra:
533 1915 704 1943 conditorem
727 1922 788 1943 esse
806 1914 928 1948 tradunt,

138 1969 227 1996 neque
243 1961 358 1988 audiunt
372 1961 430 1989 lucc
442 1961 622 1988 clamantem:
642 1961 736 1988 Docuit
748 1961 816 1995 eum’,
834 1961 860 1988 id
876 1966 928 1994 est,

139 2008 256 2040 Patrem,
288 2012 395 2042 propter
409 2016 485 2042 quem
499 2008 600 2041 omnia,
629 2011 653 2034 et
669 2015 715 2041 per
730 2015 807 2042 quem
827 2008 928 2041 omnia,

137 2059 219 2089 atque
236 2053 288 2080 hoe
301 2053 359 2088 ipso
375 2061 429 2080 non
442 2053 552 2088 quidem
564 2053 757 2088 quorumdam,
776 2053 929 2088 aliquorum

139 2107 204 2127 vero
219 2107 273 2126 non
291 2099 366 2130 item,
393 2098 441 2126 sed
456 2099 578 2126 omnium
593 2098 674 2126 simul
694 2098 871 2126 Conditorem
887 2106 929 2127 rc-

139 2145 327 2173 uuntiantem?
337 2144 416 2173 Unde
429 2152 495 2172 vero
511 2149 633 2180 apparet,
643 2144 716 2180 quod
726 2144 760 2172 de
776 2143 857 2172 Patre
871 2145 930 2172 lucc

138 2193 283 2228 loquatur?
309 2191 390 2220 Certe
416 2192 570 2219 verborum‘
595 2191 681 2219 series
715 2191 827 2219 exhibet
857 2200 928 2224 eum,

983 942 1052 976 θεῖα,
1068 944 1148 979 εἴπερ
1166 952 1209 976 τις
1225 943 1315 976 ἄλλος,
1332 944 1424 979 σοφὸν,
1442 946 1488 971 καὶ
1503 946 1532 971 ὲν
1548 946 1605 977 τοῖς
1618 947 1775 981 προφήταις

981 989 1085 1016 διέθετο
1101 990 1152 1026 τὴν
1175 990 1309 1018 Παλαιὰν.
1328 991 1383 1017 Καὶ
1406 990 1466 1023 πῶς
1482 992 1499 1027 ἡ
1516 991 1605 1026 πλάνη
1622 991 1701 1019 ἄλλον
1725 992 1775 1027 μὲν

982 1035 1101 1070 ἐκείνης,
1111 1036 1205 1071 ἕτερον
1216 1035 1244 1063 δὲ
1254 1036 1303 1071 τῆς
1316 1036 1430 1072 Καινῆς,
1447 1037 1614 1064 ἀναπλάττει
1626 1037 1775 1073 νομοθέτην

983 1081 1030 1107 καὶ
1045 1081 1129 1114 826v;
1145 1081 1175 1108 El
1193 1081 1222 1108 δὲ
1237 1082 1284 1109 καὶ
1301 1082 1361 1109 κατ’
1376 1082 1465 1118 ἀρχὰς
1481 1082 1530 1118 μὲν
1547 1082 1598 1119 τὴν
1613 1083 1665 1118 γῆν
1686 1084 1700 1109 6
1717 1083 1774 1109 Κύ-

984 1135 1039 1161 ριος
1049 1126 1240 1162 ὲῡεμελίωσεν,
1253 1127 1291 1160 ὡς
1303 1128 1318 1154 6
1329 1128 1408 1165 αὐτὸς
1422 1128 1528 1164 μύστης
1541 1129 1595 1156 τῶν
1607 1129 1775 1165 ἀπορρήτων

983 1173 1030 1200 xui.
1052 1174 1230 1209 μυσταγωγὸς
1250 1174 1353 1210 ταύτην
1368 1174 1418 1211 τὴν
1442 1176 1518 1210 ἱερὰν
1543 1175 1775 1212 ὲπισφραγίζεται

981 1218 1104 1255 Γραφὴν,
1123 1219 1170 1246 καὶ
1184 1219 1253 1255 ἔργα
1275 1220 1329 1246 τῶν
1343 1220 1446 1256 χειρῶν
1459 1221 1542 1248 αὐτοῦ
1559 1222 1628 1248 εἰσιν
1644 1222 1669 1248 οι
1689 1222 1776 1258 οὐρα-

982 1266 1023 1292 νοὶ
1039 1265 1049 1301 (
1058 1266 1105 1292 καὶ
1118 1265 1173 1302 γὰρ
1187 1266 1238 1300 τὴν
1249 1265 1297 1292 τοῦ
1313 1265 1479 1302 θεοπάτορος
1498 1266 1554 1303 (58)
1572 1267 1707 1303 μελῳδίαν
1725 1267 1774 1294 λα-

981 1311 1047 1345 ϐὼν,
1059 1311 1106 1338 καὶ
1117 1313 1172 1344 τοῖς
1185 1312 1298 1344 οἰκείοις
1307 1312 1459 1347 ὲνυφαίνων
1471 1313 1589 1348 νοήμασι
1602 1313 1633 1339 τὺ
1647 1312 1775 1339 θεόπνευ-

982 1365 1044 1384 στον
1073 1357 1181 1393 ἐκείνης
1205 1357 1339 1394 βεϐαιοῖ),
1366 1358 1425 1390 πῶς
1448 1358 1499 1385 οὐκ
1524 1358 1700 1394 αἰσχύνονται
1722 1359 1775 1394 τῆς

981 1403 1152 1435 ἀποστασίας
1179 1404 1210 1430 τὸ
1239 1404 1380 1440 σύνταγμα
1392 1424 1400 1437 ,
1417 1404 1506 1432 καίτοι
1528 1404 1633 1439 ψευδῶς
1652 1405 1716 1440 μὲν,
1735 1405 1774 1432 δι-

980 1450 1115 1477 δάσκαλον
1134 1450 1162 1476 δὲ
1183 1450 1268 1486 ὅμως,
1288 1450 1334 1477 τὸν
1350 1449 1438 1478 ταῦτα
1459 1450 1634 1486 κηρύσσοντα
1656 1451 1773 1486 ὐποκρι-

980 1495 1089 1532 νόμενοι
1105 1496 1215 1530 καλεῖν;
1236 1497 1290 1523 Καὶ
1309 1495 1364 1533 γὰρ
1379 1496 1579 1532 ἐπιγράφονται
1593 1497 1688 1523 τοῦτον
1703 1497 1772 1532 (59),

981 1542 1148 1578 πράττοντες
1163 1542 1213 1578 μὲν
1224 1543 1271 1569 καὶ
1282 1542 1361 1569 τοῦτο
1376 1543 1452 1578 παρὰ
1465 1543 1510 1570 τὸν
1525 1543 1606 1578 νόμον
1620 1543 1716 1570 αὑτοῦ.
1726 1543 1772 1578 Μὴ

981 1589 1034 1625 γὰρ
1049 1589 1155 1620 Παῦλος
1173 1588 1332 1624 ἐσταυρώθη
1349 1589 1421 1624 ὑπὲρ
1439 1589 1530 1625 ἡμῶν,
1549 1589 1566 1624 ἢ
1583 1589 1624 1622 είς
1643 1589 1673 1616 τὸ
1687 1589 1772 1624 ὄνομα

980 1635 1087 1662 Παύλου
1110 1635 1329 1671 ἑϐαπτίσϐημεν;
1341 1635 1481 1670 καὶ,“Εγκὶ›
1494 1636 1553 1670 μέν
1564 1637 1623 1671 εἶμι
1638 1637 1772 1670 Παύλου,

980 1682 1038 1717 ἐγὼ
1051 1682 1085 1709 δὲ
1101 1681 1205 1717 Κηφᾶ·
1223 1681 1399 1717 μεμέρισται
1415 1684 1431 1710 ό
1447 1683 1574 1717 Χριστός
1583 1691 1594 1715 ;
1609 1683 1683 1718 Πλὴν
1702 1683 1772 1711 ἀλλὰ

980 1728 1029 1755 καὶ
1043 1730 1072 1756 ἐν
1084 1726 1106 1763 ᾧ
1120 1728 1346 1764 σεμνολογοῦνται
1361 1729 1407 1755 διὰ
1423 1729 1473 1764 τῆς
1486 1729 1669 1764 παραϐάσεως
1682 1729 1772 1756 αὐτῶν

980 1775 1139 1811 ὑϐρίζοντες
1150 1775 1182 1802 τὸ
1196 1775 1347 1810 σεμνολὸγη
1353 1783 1402 1810 μα,
1418 1775 1625 1810 καταφεύγουσι
1638 1775 1706 1811 πρὸς
1721 1776 1772 1811 τὴν

980 1822 1087 1858 κλῆσιν,
1109 1823 1152 1849 ἵνα
1168 1821 1275 1857 φύγωσι
1290 1822 1339 1857 τὴν
1355 1821 1496 1858 αίσχύνην,
1510 1823 1550 1854 εἰς
1564 1823 1597 1858 ἢν
1611 1822 1710 1854 αὖτοὺς
1721 1823 1773 1858 ἐμ-

981 1869 1084 1901 ϐάλλει,
1097 1869 1146 1896 ’καὶ
1162 1869 1244 1904 μόνον
1260 1869 1354 1904 ῥηθεὶς
1368 1870 1382 1896 6
1394 1869 1444 1904 τῆς
1459 1868 1630 1900 ἀποστασίας
1644 1869 1773 1895 διδάσκα-

979 1916 1035 1948 λος.
1054 1915 1135 1942 Ἀλλά
1145 1915 1200 1951 γὰρ
1215 1914 1273 1947 πῶς
1286 1915 1316 1941 οὺ
1331 1914 1527 1948 καταδύονται;
1541 1915 1588 1941 τοῦ
1606 1915 1654 1950 μὲν
1663 1915 1770 1941 Παύλου

979 1961 1024 1988 διὰ
1040 1961 1089 1996 τῆς
1103 1960 1248 1996 Δαυῖδιχῆς
1265 1961 1358 1995 φωνῆς
1368 1980 1375 1991 ,
1393 1959 1509 1995 ούρανοῦ
1525 1961 1572 1987 καί¹
1588 1961 1641 1996 γῆς
1656 1961 1771 1996 ποιητὴν

980 2006 1025 2033 τὸν
1040 2006 1168 2042 ἀληθινὸν
1185 2006 1233 2032 καὶ
1248 2005 1350 2040 ἀγαθὸν
1373 2005 1440 2032 Θεὸν
1454 2005 1680 2039 ὲκδιδάσκοντος,
1694 2006 1771 2032 αὑτοὶ

979 2052 1106 2085 λέγοντες
1128 2051 1208 2078 ἄλλον
1229 2051 1279 2086 μὲν
1293 2048 1363 2077 εἶναι
1379 2050 1425 2077 τὸν
1441 2050 1557 2085 οὐρανοῦ
1572 2051 1700 2086 ποιητὴν,
1721 2051 1769 2085 δη-

981 2099 1112 2134 μιουργὸν
1126 2097 1154 2124 δὲ
1162 2099 1211 2133 τῆς
1222 2096 1274 2132 γῆς
1286 2097 1392 2131 ἕτερον,
1401 2096 1461 2123 οὐδὲ
1474 2095 1555 2123 τοῦτο
1564 2096 1592 2123 δὲ
1602 2097 1771 2128 ἀναΰοὼντος

980 2146 1111 2181 ἥκουσαν,
1130 2145 1173 2171 ὃτι
1191 2145 1343 2178 Ἔπρεπεν·
1357 2142 1454 2176 αὐτῷ,
1471 2143 1594 2170 τουτέστι
1610 2143 1649 2178 τῷ
1672 2143 1770 2179 Πατρὶ,

979 2191 1017 2218 δι’
1031 2190 1067 2218 ὃν
1082 2191 1118 2217 τὰ
1131 2190 1239 2222 πάντα,
1256 2189 1305 2216 καὶ
1319 2189 1357 2216 δι’
1371 2186 1407 2216 οὗ
1419 2188 1456 2216 τὰ
1471 2188 1582 2220 πάντα,
1597 2189 1671 2221 ὅπως
1683 2189 1713 2215 οὐ
1729 2198 1770 2216 τι-

136 2239 182 2274 qui
193 2239 262 2274 ﬁlios
278 2239 373 2266 multos
406 2239 435 2265 in
459 2238 572 2274 gloriam
597 2238 701 2265 duxerit
720 2238 811 2265 ducem
833 2238 928 2265 salutis

982 2236 1035 2264 νῶν
1046 2237 1106 2272 μὲν,
1122 2236 1203 2262 τινῶν
1216 2235 1244 2262 δὲ
1256 2235 1298 2268 οὓ,
1314 2234 1382 2262 ἀλλὰ
1399 2234 1507 2261 πάντων
1517 2234 1620 2269 ὁμοίιος
1635 2235 1772 2270 Δημιουρ-

136 2292 238 2317 eorum,
248 2292 294 2318 per
306 2284 439 2319 passiones
452 2283 757 2316 consummasse".Quis
770 2282 844 2311 enim
859 2291 930 2318 pra:-

138 2336 180 2359 ter
201 2339 298 2359 verum
320 2330 405 2358 Deum
436 2335 464 2358 et
489 2329 597 2357 Patrem
621 2328 729 2356 Domini
754 2329 840 2357 nostri
864 2328 930 2356 Jesu

137 2377 250 2409 Christi,
262 2376 306 2403 vel
316 2376 415 2403 multos
427 2375 496 2403 lilios
504 2374 665 2407 introduxit,
676 2374 719 2402 vel
729 2374 825 2401 ducem
834 2381 930 2401 eorum

138 2430 186 2457 per
200 2422 343 2457 passiones
358 2421 493 2456 perfecit?
527 2421 601 2448 Idem
630 2428 696 2448 vero
719 2420 761 2447 vir
775 2420 883 2448 divinus
902 2425 931 2448 et

138 2472 258 2498 sanctus.
283 2476 346 2495 eum
374 2467 519 2495 Dominum
539 2471 664 2494 nostrum
681 2466 775 2494 Iesum
790 2466 930 2495 Christum

137 2519 233 2542 nosset
246 2514 347 2541 habere
359 2519 520 2549 potestatem
536 2519 563 2541 et
574 2513 718 2548 imperium
730 2520 745 2540 a
757 2512 837 2540 Patre
859 2513 931 2540 indi-

138 2559 238 2591 visum,
256 2559 319 2586 alibi
331 2559 364 2586 de
374 2567 408 2586 eo
423 2561 461 2587 ait
475 2569 480 2586 :
498 2560 574 2593 Quod
589 2567 621 2586 ea;
636 2559 702 2593 ipso,
726 2561 751 2585 et
770 2566 817 2593 per
833 2560 930 2593 ipsum,

176 2640 289 2668 "Hebr.
302 2649 321 2673 I,
340 2640 363 2666 Ι.
403 2639 448 2666 ¹⁸1
470 2639 560 2671 Com,
580 2638 624 2672 12,
642 2639 686 2665 15.
726 2638 748 2654 ⁸⁸
763 2623 945 2674 llebr.,ii,10.

980 2282 1028 2316 γὸν
1043 2281 1229 2317 καταγγέλλῃ.
1243 2281 1297 2307 Καὶ
1312 2280 1394 2307 πόθεν
1408 2280 1498 2315 δῆλον,
1518 2280 1560 2306 ὅτι
1574 2280 1637 2315 περὶ
1653 2280 1701 2306 τοῦ
1718 2280 1772 2306 Πα-

979 2328 1044 2364 τρὸς
1074 2327 1153 2354 τοῦτό
1190 2336 1290 2363 φησιν;
1329 2327 1362 2353 Ἢ
1393 2327 1448 2354 τῶν
1482 2326 1614 2362 ῥημάτων
1645 2325 1771 2360 συνέχεια

980 2375 1113 2410 παριστᾷ,
1129 2373 1265 2406 πολλοὺς
1282 2373 1366 2406 υἱοὺς
1380 2374 1422 2406 εις
1439 2372 1534 2403 δόξαν
1553 2371 1703 2406 ἀγαγόντα
1719 2371 1773 2396 τὸν

980 2421 1117 2456 ἀρχηγὸν
1146 2420 1201 2454 τῆς
1227 2420 1376 2454 σωτηρίας
1395 2419 1495 2446 αὐτῶν
1519 2418 1568 2445 διὰ
1591 2417 1773 2452 παθημάτων

981 2466 1149 2495 τελειῶσαι.
1172 2466 1220 2498 Τίς
1238 2466 1293 2501 γὰρ
1312 2465 1389 2500 παρὰ
1413 2465 1460 2491 τὸν
1479 2463 1607 2500 ἀληθινὸν
1631 2463 1698 2490 Θεδν
1725 2464 1774 2489 καὶ

980 2514 1093 2550 Πατέρα
1107 2514 1155 2540 τοῦ
1171 2513 1276 2549 Κυρίου
1287 2512 1367 2548 ἡμῶν
1384 2511 1470 2546 Ίησοῦ
1481 2510 1611 2546 Χριστοῦ,
1626 2510 1643 2546 ἦ
1659 2510 1774 2541 πολλοὺς

980 2560 1130 2595 εἰσήγαγεν
1144 2559 1229 2590 υίοὺς,
1243 2558 1260 2593 ἦ
1274 2558 1320 2584 τὸν
1332 2557 1453 2593 ἀρχηγὸν
1467 2556 1558 2584 αὐτῶν
1571 2556 1682 2583 ἔτελείω
1689 2565 1714 2582 τε
1729 2556 1775 2582 διὰ

703 2694 821 2722 VARI/EI
842 2693 1033 2722 LECTIONES
1052 2693 1096 2722 ET
1116 2692 1231 2721 ΝΟΤΑΕ.

173 2747 229 2781 (58)
248 2743 444 2781 Θεογπάτορος.
471 2741 509 2781 lla
530 2741 683 2781 appellatur
699 2741 783 2768 David
804 2745 929 2781 respeftu

137 2775 251 2812 Christi,
261 2780 306 2814 qui
321 2787 354 2806 ex
366 2775 554 2814 semiuecjus,
571 2780 600 2814 ut.
613 2777 704 2808 homo,
714 2775 929 2814 _nattts‘est.__lt_3_q-

139 2816 200 2843 dem
210 2810 320 2842 nomine
330 2816 352 2840 is
365 2813 436 2840 venit
448 2811 575 2847 Dionysio
588 2812 757 2847 Areopagitae
766 2812 846 2847 epist.
860 2810 930 2847 Vlll,

139 2857 166 2877 et
188 2848 258 2877 aliis.
282 2849 414 2876 Similiter
436 2846 521 2874 Maria
537 2847 688 2881 Θεομήτωρ
701 2846 780 2874 audit
799 2846 930 2881 Gregorio

139 2885 261 2921 Nysseno
272 2884 299 2910 in
312 2883 387 2911 Orat.
402 2884 436 2911 de
448 2890 562 2911 occursu
580 2881 698 2909 Domini.

1019 2740 1075 2775 (59)
1092 2739 1321 2775 Ἑπιγρὰρονται
1330 2739 1448 2766 τοῦτον.
1459 2738 1526 2767 Ilinc
1536 2740 1605 2767 forte
1612 2747 1666 2767 non
1676 2737 1776 2775 printer

984 2783 1042 2802 rem
1057 2775 1191 2809 colligas,
1219 2775 1391 2802 Paulicianos
1417 2782 1516 2802 nomen
1543 2783 1621 2802 suum
1647 2783 1661 2802 a
1692 2776 1774 2803 l’aulo

983 2810 1273 2849 apostolorepctiisse,
1286 2810 1331 2849 qui
1346 2817 1410 2849 vere
1420 2831 1427 2841 ,
1445 2814 1473 2836 ut
1484 2818 1564 2849 supra
1578 2810 1707 2838 traditum
1719 2816 1772 2844 est,

983 2854 999 2873 ιι
1015 2845 1099 2873 Pauli)
1113 2845 1192 2880 longe
1206 2845 1358 2872 recentiore
1375 2846 1410 2872 ita
1430 2845 1647 2879 appellabantur.
