1931 3082
176 117 228 151 145

689 121 839 152 CONTRA
856 122 1088 154 MANICH/EOS
1105 124 1221 154 LIBER
1234 124 1290 155 Ill.

1754 121 1803 154 146

175 175 363 210 acomnith
385 174 414 201 '0
434 175 516 207 αὐτὸς
531 175 559 202 δὲ
584 175 730 212 μετάρσιος
753 177 801 204 καὶ
830 177 900 212 ίερδς
916 178 964 205 άν-

1023 184 1041 207 zt
1067 180 1094 207 in
1121 181 1177 214 ipso
1203 180 1293 208 omnia
1322 185 1401 208 sunt:
1416 181 1440 208 ei
1462 181 1495 207 sit
1519 179 1603 216 gloria
1624 181 1652 207 in
1670 185 1807 208 (alternum.

175 220 283 256 ορωπος
296 221 344 247 καὶ
357 220 403 248 τὸν
418 221 521 256 Κύριον
534 222 613 257 ἡμῶν
631 221 736 257 Ἰησοῦν
748 223 865 258 Χριστὸν
879 224 966 251 άδιαί-

177 275 254 302 ρετον
276 266 356 298 εἰδὼς
379 266 476 302 ἔχοντα
503 268 534 294 τὺ
557 268 658 302 κράτος
682 268 730 295 καὶ
754 268 806 304 τὴν
826 268 966 304 βασιλείαν

175 311 244 346 πρὸς
260 311 308 338 τὸν
323 311 445 348 Πατέρα,
463 312 492 339 ὲν
507 312 611 348 ἑτέροις
623 313 688 348 περὶ
702 313 785 340 αὑτοῦ
799 313 885 348 λέγει,
906 314 967 342 Ὅτι

175 358 209 390 ἐξ
223 358 318 385 αὺτοῦ
334 358 385 385 καὶ
399 358 436 385 δι’
454 358 547 386 αὑτοῦ
561 358 613 386 καὶ
628 360 672 392 εἰς
687 359 781 387 αὐτὸν
799 360 834 387 τὰ
857 361 965 388 πάντα·

174 401 255 434 αὐτῷ
267 401 286 435 ἡ
301 401 377 434 δόξα
392 403 436 435 εἰς
457 402 529 436 τοὺς
545 403 668 437 αἰῶνας.
690 404 789 439 Ἀμήν.
805 405 846 432 Τὰ
860 405 966 438 πάντα,

176 449 269 482 φησὶν,
285 447 347 482 οὐχὶ
358 447 394 474 τὰ
407 448 491 483 νοητὰ
509 448 600 484 μόνον,
614 449 653 481 ὡς
671 449 696 476 οι
714 451 885 486 μεμηνότες,
900 451 968 478 ἀλλὰ

176 493 224 520 καὶ
237 493 272 520 τὰ
285 493 390 529 ἀόρατα
403 495 493 521 πάντα
502 494 551 530 τῆς
561 494 763 531 δημιουργικῆς
778 496 862 523 αὐτοῦ
881 497 968 524 παλά-

176 548 231 575 μης
247 539 329 574 ἔργον
342 538 406 566 εἰσι.
420 539 476 566 Καὶ
489 540 505 575 ἡ
523 539 628 567 τούτων
643 540 753 568 πάντων
769 541 903 576 βασιλεία,
920 543 968 570 καὶ

175 586 192 621 ἠ
206 586 316 618 ἐξουσία
335 587 382 612 καὶ
394 585 427 612 τὺ
446 586 547 622 κράτος
561 586 609 613 καὶ
629 587 645 622 ἡ
665 587 779 622 πρόνοια
789 587 837 615 τοῦ
859 589 968 625 Πατρός

175 632 233 658 ἐστι
255 632 303 658 καὶ
323 631 371 658 τοῦ
386 631 452 658 Υίοῦ
470 631 517 658 καὶ
532 632 580 658 τοῦ
598 632 677 666 ἁγίου
699 632 868 668 Πνεῦματος.
887 635 923 661 Σὺ
939 634 968 661 δέ

176 685 223 711 μοι
237 676 286 712 τὴν
298 675 413 712 θεωρίαν
428 677 598 713 παράπεμπε
618 677 665 706 καὶ
687 678 730 713 ἐφ’
741 678 839 714 ἑτέρας
854 680 969 707 ἀποστο-

175 722 254 753 λικᾶς
270 722 361 756 φωνὰς
373 742 383 754 ι
400 721 431 749 αἳ
451 722 516 754 τοὺς
542 723 764 755 πεπιστευκότας
785 723 917 758 ἀδελφούς
937 733 967 751 τε

175 766 365 802 ὀνομάζουσιν,
382 767 478 801 ἁγίους
491 767 540 794 καὶ
552 769 684 803 μετόχους
695 768 744 804 τῆς
759 769 885 804 οὐρανίου
900 770 968 805 κλή-

176 822 262 845 σεως.
295 813 370 845 ὅπως
403 813 586 849 παρατιθέασι
615 814 732 849 Χριστὸν
762 815 809 842 τὸν
840 816 969 851 ἀληθινὸν

175 860 255 895 ἡμῶν
266 860 332 887 Θεὸν
345 860 385 895 τῷ
400 859 547 896 θεράποντι
561 869 608 887 σου
625 860 682 896 (40)
698 861 737 897 τῷ
749 862 853 888 Μωσεῖ·
872 849 968 889 πιστὸν
985 849 1006 879 Β

178 906 229 942 μὲν
254 906 310 941 γὰρ
331 906 462 942 ἑκάτερον
484 906 642 941 εἰσάγουσιν
659 907 699 943 τῷ
720 907 780 943 Θεῷ
802 909 850 935 καὶ
870 909 968 944 Πατρί.

176 952 258 986 Λέγει
271 952 325 988 γὰρ
341 953 355 979 ὁ
376 952 483 984 Παῦλος
493 953 591 984 αὐτοῖς
613 953 717 989 ῥήμασι
730 962 737 969 ·
754 955 970 989 Κατανοήσατε

176 998 230 1026 τεν
266 998 442 1025 ἀπόστολον
473 998 523 1025 καὶ
553 999 692 1034 ἀρχιερέα
723 998 778 1033 τῆς
807 1001 969 1036 ὁμολογίας

175 1043 261 1078 ἡμῶν
279 1044 402 1078 Ἰησοῦν
427 1044 574 1079 Χριστὸν,
588 1045 698 1072 πιστὸν
722 1045 795 1073 ὄντα
819 1045 860 1079 τῷ
884 1046 970 1080 ποιή-

175 1098 264 1118 σαντι
290 1090 385 1120 αὑτὸν
395 1111 404 1124 ,
415 1091 539 1126 δηλονότι
555 1091 688 1128 ἀρχιερέα
700 1091 767 1128 (41).
783 1091 850 1121 Εἶτα
866 1093 925 1126 πῶς
935 1092 971 1130 ἦν

177 1138 284 1170 πιστὸς,
302 1138 540 1173 ἑπεξηγούμενος,
557 1137 602 1165 διὰ
622 1137 669 1165 τοῦ
692 1137 815 1170 Μωσέως
835 1138 968 1173 δεικνύει,

175 1186 216 1218 ὡς
228 1184 278 1212 καὶ
293 1183 416 1218 Μωσῆς,
432 1184 526 1219 φησιν,
545 1184 580 1211 ἐν
593 1184 655 1216 ὅλῳ
665 1183 705 1217 τῷ
718 1184 791 1217 οἴκῳ
804 1185 909 1213 αὐτοῦ.
922 1185 971 1212 Τί-

176 1240 222 1263 νος
244 1231 327 1266 οῐκιρ;
342 1230 360 1266 ἢ
383 1230 506 1265 δηλονὰτι
527 1231 576 1257 τοῦ
590 1230 753 1265 ποιήσαντος
772 1231 904 1266 ἀρχιερέα
924 1231 970 1258 τὸν

176 1278 280 1314 Κύριον
299 1278 380 1314 ἡμῶν
401 1277 506 1313 Ἰησοῦν
520 1277 653 1313 Χριστόν;
669 1275 738 1305 Εῐτα
755 1277 803 1304 καὶ
817 1277 868 1312 τὴν
882 1278 970 1312 ἀσύγ-

177 1333 270 1360 κριτον
292 1323 427 1359 διαφορὰν
445 1322 493 1350 τοῦ
515 1323 653 1349 Δεσπότον
669 1323 738 1358 πρὸς
752 1323 798 1351 τὸν
811 1322 904 1350 δοῦλον
928 1324 971 1352 δι-

176 1371 300 1403 δάσκων,
312 1371 359 1397 τὸν
377 1369 427 1405 μὲν
440 1369 595 1405 θεράποντα
611 1369 690 1397 καλεῖ
704 1370 753 1396 καὶ
765 1370 861 1397 πιστὸν
874 1370 903 1396 ὲν
917 1370 970 1406 ὅλῳ

176 1417 216 1452 τῷ
240 1418 308 1453 οἴκῳ
322 1416 369 1444 τοῦ
384 1416 465 1450 Θεοῦ,
492 1416 537 1442 τὸν
560 1415 590 1443 δὲ
613 1417 817 1444 κατασκευάσαι
843 1416 901 1451 (42)
925 1416 971 1444 τὸν

177 1463 262 1492 οἷκον.
276 1463 349 1491 Διότι
361 1464 375 1490 ὁ
389 1463 479 1490 πάντα
493 1461 707 1494 κατασκευάζων
719 1462 796 1495 Θεὸς,
808 1463 913 1494 ἐκεῖνος
923 1463 971 1490 καὶ

176 1510 226 1544 τὴν
241 1508 416 1544 κατασκευὴν
426 1508 568 1541 διετάξατο
581 1508 628 1535 τοῦ
644 1507 766 1542 ἐπιγείου
781 1508 866 1535 αὐτοῦ
882 1507 969 1535 οἴκουσ

183 1555 211 1582 Ὀ
227 1555 282 1590 γὰρ
296 1555 334 1582 τὰ
349 1554 458 1587 πάντα,
483 1554 563 1589 φησὶ,
583 1553 816 1586 κατασκευάσας
834 1553 924 1587 Θεὸς,
939 1550 970 1582 οὗ

177 1601 290 1637 γνήσιος
308 1600 346 1630 ὢν
360 1599 424 1632 Υίὺς
446 1599 550 1634 Ἰησοῦς
573 1600 588 1626 ὁ
608 1598 735 1634 Χριστὸς,
756 1598 802 1625 διὰ
824 1598 903 1626 τοῦτο
925 1599 971 1627 καὶ

177 1647 282 1683 Κύριος
297 1646 344 1674 τοῦ
360 1646 448 1679 οἴκου,
465 1645 523 1672 ἀλλ’
538 1645 600 1681 οὐχὶ
613 1645 752 1681 θεράπων,
768 1644 864 1680 ὥσπερ
877 1645 892 1672 ὁ
905 1645 972 1672 Μω-

180 1693 241 1728 σῆς.
259 1692 327 1720 Μετ’
345 1691 437 1727 ὀλίγον
454 1691 494 1726 δὲ,
508 1691 543 1719 Τὸ
555 1692 698 1727 καύχημα
712 1691 768 1726 τῆς
783 1691 909 1726 ἐλπίδος
922 1693 972 1720 καί

148 1733 152 1737 ”
178 1739 237 1774 τὴν
247 1739 420 1774 παρῤησίαν
430 1738 518 1774 μέχρι
530 1738 588 1774 (45)
601 1738 719 1772 τέλους,
735 1737 790 1765 ἐὰν
803 1738 932 1771 βεϐαίαν
945 1740 973 1768 οι

178 1786 416 1818 πεπιστευκότες
435 1784 651 1820 κατάσχωμεν,
674 1782 749 1811 οἷκον
764 1785 839 1820 ἡμᾶς
854 1785 971 1819 εὐαγγε-

179 1830 321 1864 λιζόμενος
332 1829 503 1866 χρηματίσαι
515 1830 572 1865 (lui)
589 1829 637 1856 τοῦ
659 1829 744 1862 Θεοῦ,
759 1831 809 1862 τὰς
827 1830 973 1862 Δαυῐδικὰς

179 1873 272 1909 φωνὰς
291 1874 330 1906 εὶς
353 1874 446 1903 πίστιν
469 1874 524 1901 τῶν
552 1874 706 1911 είρημένων
726 1875 919 1910 προσάλλεται,
943 1875 972 1901 ἐν

180 1918 226 1952 οἷς
239 1919 348 1956 πρῶτον
364 1920 415 1956 μὲν
429 1921 459 1947 τὺ
476 1920 590 1956 Πνεῦμα
604 1921 634 1948 τὸ
649 1920 727 1955 ἅγιον
738 1921 858 1956 λαλῆσαι
874 1921 924 1957 βοᾷ
938 1921 972 1948 δι’

179 1966 276 2000 αὑτοῦ,
291 1966 386 1994 ἔπειτα
397 1966 426 1993 δὲ
441 1966 491 2003 τὴν
510 1967 571 2002 ἴσην
587 1967 761 1994 ἀπαιτεῖσθαι
775 1967 853 2004 δίκην
866 1967 930 2000 τούς
943 1976 973 1995 τε

179 2011 230 2040 νῦν
244 2013 360 2048 ἀνήκων
376 2013 528 2048 ὑπέχοντας
541 2014 601 2045 ταῖς
612 2014 792 2046 Δεσποτικατς
807 2014 928 2046 ἐντολαῖς
942 2015 973 2041 τὸ

180 2055 240 2090 οὖς,
261 2059 309 2086 καὶ
325 2059 388 2091 τοὺς
402 2059 432 2086 ὲν
445 2059 486 2095 τῷ
500 2059 727 2095 παραπικρασμῷ
747 2059 830 2087 πάλαι
854 2060 973 2096 σκληρύ-

182 2113 284 2137 ναντας
299 2105 349 2140 τὴν
370 2106 485 2141 καρδίαν
501 2105 603 2133 αὐτῶν.
617 2101 668 2132 Ὧν
687 2105 716 2132 δὲ
735 2106 753 2141 ἡ
772 2106 893 2141 τιμωρία
917 2106 973 2142 ἴση,

184 2152 245 2178 οὐδὲ
260 2152 291 2178 τὸ
310 2152 462 2187 ἁμάρτημα
481 2151 616 2187 διαφέρει·
633 2147 671 2179 ὧν
687 2152 716 2178 δὲ
731 2152 923 2188 παραπλήσιον
943 2153 975 2180 τὸ

1019 228 1102 254 Amm
1120 227 1152 254 ¹⁶.
1166 226 1273 259 Omnia,
1304 226 1402 261 inquit,
1430 234 1485 254 non
1496 225 1677 262 intelligibilia
1691 230 1807 258 tantum,

1019 277 1048 301 ut
1066 273 1103 300 illi
1123 273 1276 305 insaniunt,
1290 273 1374 300 sedet
1384 272 1500 300 visibilia
1509 272 1704 305 etinvisibilia,
1716 272 1808 300 omnia

1017 327 1032 346 a
1043 319 1132 353 Qmanu
1146 319 1205 353 ejus
1222 323 1333 347 creante
1351 318 1472 354 profecta
1481 323 1554 346 sunt.
1567 318 1656 354 Atque
1664 318 1808 354 imperium

1019 365 1045 391 in
1057 364 1116 392 haec
1129 363 1231 396 omnia,
1258 367 1287 391 et
1297 367 1429 398 potestas,
1454 368 1482 390 et
1496 363 1547 395 vis,
1569 367 1598 390 et
1618 370 1683 390 cura
1698 362 1810 398 provida

1018 409 1105 437 Patris
1116 414 1189 442 sunt,
1202 413 1230 437 et
1245 408 1317 442 Filii,
1329 413 1356 436 et
1368 408 1488 444 Spiritus
1502 408 1599 436 sancti.
1619 408 1661 435 Tu
1676 415 1740 436 vero
1750 408 1810 435 ani-

1018 464 1093 484 mum
1108 456 1190 484 etiam
1211 455 1246 483 ad
1261 456 1314 483 alia
1330 455 1453 490 Apostoli
1466 455 1538 483 dicta
1554 459 1694 488 converte,
1710 454 1810 490 quibus

1018 502 1162 530 credentes
1173 501 1270 530 fratres
1293 501 1422 537 appellat,
1445 505 1473 529 et
1495 505 1604 528 sanctos
1620 505 1648 528 et
1661 500 1810 536 participes

1018 549 1169 577 vocationis
1184 549 1313 580 caelestis,
1339 556 1400 583 qum
1428 552 1457 576 et
1478 547 1537 583 ipsa
1558 547 1697 574 Christum
1712 553 1808 573 verum

1021 594 1104 622 Deum
1121 599 1245 622 nostrum
1262 594 1341 627 Mosi,
1357 594 1403 621 Dei
1418 601 1508 625 servo,
1524 593 1556 620 ad
1568 593 1639 620 latus
1651 593 1788 620 collocant
1801 601 1808 623 ;

1019 639 1126 666 ﬁdelem
1140 639 1212 666 enim
1232 642 1429 674 repraesentant
1443 642 1588 673 utrumque
1606 637 1661 664 Deo
1677 641 1704 665 et
1723 637 1807 667 Patri.

1018 685 1118 713 Paulus
1130 685 1202 712 enim
1225 685 1321 712 iisdem
1337 684 1428 711 verbis
1440 684 1506 711 dicit
1523 693 1530 711 :
1548 684 1718 710 Considerate
1743 691 1809 717 apo-

1018 731 1114 758 stolum
1136 735 1159 757 et
1177 731 1339 758 sacerdotem
1363 730 1508 764 principem
1523 729 1690 764 confessionis
1703 733 1808 760 nostrw,

1018 777 1108 805 Jesum
1121 777 1266 810 Christum,
1284 777 1328 811 qui
1342 776 1427 811 ﬁdelis
1442 777 1491 812 fuit
1505 777 1529 803 ei
1546 776 1592 811 qui
1611 775 1699 810 ipsum
1714 775 1811 802 consli-

1021 824 1070 852 tuit
1084 824 1116 857 ”,
1135 823 1239 851 scilicet
1252 823 1435 850 sacerdotem.
1456 822 1553 850 Postea
1570 821 1654 854 idem,
1674 820 1812 855 quomodo

1021 869 1108 897 ﬁdelis
1123 869 1213 903 fuerit,
1228 869 1413 904 explicaturos
1431 876 1479 903 per
1493 867 1587 896 Mosen
1603 867 1629 894 id
1644 865 1710 894 facit
1724 875 1730 893 :
1752 865 1811 895 Sic-

1020 919 1058 946 ut,
1074 915 1212 950 inquiens,
1230 914 1315 942 Moses
1335 915 1364 941 in
1382 918 1437 941 tota
1454 914 1530 941 domo
1553 913 1620 947 ejus.
1649 911 1733 947 Cujus
1746 919 1812 939 vero

1019 960 1111 993 domo,
1140 959 1193 987 nisi
1216 960 1287 995 ejus,
1315 960 1361 995 qui
1387 958 1533 987 Dominum
1558 962 1682 986 nostrum
1718 957 1811 984 Iesum

1019 1005 1159 1033 Christum
1174 1005 1344 1033 sacerdotem
1364 1004 1516 1040 principem
1532 1003 1694 1032 constituit?
1710 1002 1813 1033 Deinde

1020 1051 1091 1079 idem
1103 1051 1355 1087 incomparabilem,
1370 1058 1430 1086 quae
1441 1049 1603 1082 intercedat,
1630 1049 1812 1077 dill‘crentiam

1019 1102 1192 1131 ostensurus,
1220 1097 1338 1125 alterum
1363 1097 1474 1131 quidem
1497 1103 1605 1124 servum
1629 1099 1657 1122 et
1680 1094 1766 1122 ﬁlium
1785 1094 1813 1122 in

1021 1148 1077 1171 tota
1091 1143 1173 1171 domo
1193 1143 1241 1170 Dei
1257 1148 1347 1174 vocat,
1363 1143 1479 1170 alterum
1489 1150 1555 1170 vero
1566 1142 1604 1169 ait
1616 1142 1727 1169 domum
1740 1141 1813 1169 illam

1020 1189 1164 1218 struxisse.
1181 1189 1274 1224 Itaque
1288 1189 1360 1216 Deus
1373 1189 1463 1216 omnia
1474 1189 1630 1224 pcrﬁciens,
1646 1192 1813 1216 structuram

1020 1243 1129 1271 quoque
1143 1235 1282 1263 terrestris
1294 1235 1392 1263 domus
1400 1242 1457 1262 sua:
1468 1235 1609 1270 prmcepit.
1621 1233 1717 1261 Omnia
1731 1233 1812 1266 enim,

1021 1281 1119 1318 inquit,
1136 1282 1247 1317 efﬁciens
1265 1281 1334 1308 Deus
1348 1285 1395 1314 est,
1409 1281 1488 1316 cujus
1507 1280 1642 1316 genuinus
1653 1279 1738 1307 Filius
1751 1287 1814 1306 eum

1019 1327 1101 1355 Jesus
1114 1326 1239 1355 Christus
1254 1327 1299 1360 sit,
1325 1327 1396 1354 idem
1419 1327 1462 1354 vel
1485 1326 1547 1353 ideo
1566 1325 1696 1353 Dominus
1717 1325 1814 1352 domus

1020 1377 1074 1405 est,
1090 1380 1145 1400 non
1158 1380 1223 1400 vero
1237 1380 1345 1405 servus,
1373 1377 1403 1399 ut
1426 1371 1526 1399 Moses.
1553 1371 1618 1399 Post
1629 1377 1715 1406 pauca
1730 1377 1812 1398 vero:

1021 1418 1157 1454 Siquidem
1177 1419 1312 1445 credentes
1326 1418 1481 1453 prasidium
1495 1417 1550 1452 spei
1569 1421 1595 1444 et
1618 1415 1746 1451 ﬁduciam
1767 1423 1814 1442 ua-

1021 1473 1071 1499 que
1084 1464 1119 1491 ad
1141 1464 1219 1499 ﬁnem
1238 1464 1345 1498 ﬁrmam
1361 1463 1603 1490 conservaverimus
1618 1461 1650 1487 ιδ.
1666 1460 1816 1489 Pollicetur

1023 1519 1073 1539 nos
1084 1511 1196 1539 domum
1211 1509 1259 1538 Dei
1274 1514 1400 1537 vocatum
1418 1509 1462 1541 iri,
1479 1513 1507 1535 et
1520 1508 1548 1535 iu
1572 1507 1653 1534 ﬁdem
1679 1506 1816 1534 dictorum

1023 1557 1133 1585 Davidis
1154 1556 1234 1584 aﬁ‘ert
1249 1556 1343 1589 verba,
1369 1555 1396 1582 in
1424 1555 1524 1590 quibus
1552 1553 1671 1588 primum
1704 1552 1815 1587 quidem

1023 1603 1154 1639 Spiritqu
1170 1607 1295 1631 sanctum
1313 1610 1361 1638 per
1376 1602 1452 1628 illum
1466 1599 1540 1635 loqui
1562 1599 1610 1632 ait,
1636 1599 1735 1626 deinde
1750 1606 1815 1625 vero

1022 1648 1320 1682 conﬁrmat,eamdem
1344 1648 1379 1675 ab
1405 1646 1460 1675 illis
1483 1645 1552 1681 exigi
1578 1652 1698 1680 poenam,
1716 1644 1762 1679 qui
1788 1647 1816 1671 et

1022 1703 1096 1723 nunc
1109 1694 1254 1730 praeceptis
1283 1693 1390 1721 Domini
1418 1692 1607 1727 immorigeras
1636 1698 1718 1718 aures
1744 1698 1815 1726 pra:-

1023 1742 1116 1774 beant,
1141 1746 1170 1769 et
1195 1740 1242 1776 qui
1262 1740 1326 1768 olim
1357 1744 1482 1774 tempore
1519 1737 1739 1766 exacerbationis
1768 1744 1816 1764 cor

1023 1786 1290 1814 suumobﬁrmarint.
1321 1785 1443 1818 Quorum
1469 1792 1533 1812 vero
1557 1791 1638 1819 poena
1652 1788 1695 1810 est
1707 1783 1814 1814 eadem,

1023 1840 1118 1861 eorum
1131 1840 1184 1860 nec
1199 1831 1301 1860 delicta
1323 1831 1467 1864 differunt;
1502 1837 1620 1866 quorum
1639 1836 1704 1856 vero
1726 1828 1816 1855 simile

1024 1881 1066 1904 est
1080 1880 1222 1912 peccatum
1238 1897 1247 1910 ,
1278 1883 1375 1903 eorum
1400 1881 1520 1910 utraque
1546 1882 1609 1910 pars
1633 1873 1660 1901 in
1685 1873 1815 1900 eumdem

1024 1921 1109 1949 Deum
1135 1928 1264 1956 peccasse
1291 1920 1475 1948 convincitur.
1494 1920 1529 1947 At
1557 1924 1689 1946 strenuus
1715 1918 1760 1945 ille
1788 1922 1816 1946 et

1024 1967 1146 1996 fervidus
1159 1967 1284 1995 veritatis
1296 1971 1402 1994 amator
1430 1973 1467 1994 ne
1481 1965 1509 1993 in
1526 1965 1569 1993 his
1584 1965 1695 2000 quidem
1707 1964 1817 1999 acquie-

1025 2013 1088 2046 scit,
1103 2017 1134 2041 ut
1148 2013 1241 2050 gratiae
1254 2013 1342 2049 legem
1357 2013 1465 2049 jungat,
1477 2017 1560 2048 atque
1587 2013 1645 2040 haec
1661 2010 1817 2040 communia

1025 2059 1113 2087 Patris
1129 2063 1157 2087 et
1167 2059 1229 2087 Filii
1242 2066 1304 2088 esse
1316 2059 1454 2092 ostendat,
1468 2059 1516 2087 sed
1529 2063 1634 2091 mouet,
1651 2057 1817 2086 exacerban-

1026 2109 1066 2132 tes
1093 2104 1159 2132 olim
1175 2103 1268 2132 Mosen
1281 2124 1289 2137 .
1315 2109 1343 2132 et
1367 2111 1416 2139 per
1436 2112 1499 2132 eum
1522 2104 1606 2131 Deum
1629 2103 1718 2139 ipsum
1732 2123 1739 2135 ,
1760 2109 1816 2129 non

1026 2153 1108 2180 alium
1124 2157 1255 2185 tentasse,
1273 2159 1354 2187 quam
1371 2152 1446 2179 illum
1460 2159 1541 2186 quem
1563 2151 1683 2186 Spiritus
1704 2153 1816 2176 sanctus

184 2196 349 2233 ἁμάρτημα,
360 2197 463 2224 τούτων
474 2197 592 2232 ἑκατέρα
607 2198 686 2232 μερὶς
698 2198 738 2230 είς
753 2197 798 2224 τὸν
812 2198 894 2225 αὑτὸν
905 2198 971 2225 Θεὸν

1026 2199 1186 2228 annuutiet:
1198 2198 1230 2226 1η
1243 2199 1285 2227 die
1299 2198 1386 2232 enim,
1401 2198 1499 2233 inquit,
1511 2197 1675 2230 tentatiom‘s,
1688 2196 1716 2222 in
1729 2196 1817 2223 deser-

223 2257 244 2274 "
257 2258 337 2286 Rom.
353 2265 392 2290 xi,
406 2257 441 2285 56
491 2257 514 2273 "
531 2256 614 2285 llebr.
634 2264 677 2289 Ill,
693 2256 721 2284 2.
760 2257 783 2274 ¹⁸
794 2256 878 2285 Hebr.
896 2265 937 2291 ιιι,
954 2258 982 2286 6.

736 2325 854 2354 νΑιὶιλΕ
875 2326 1066 2355 LECTIONES
1085 2327 1129 2354 ET
1144 2326 1262 2355 NOT/E.

220 2387 277 2423 (40)
288 2386 327 2415 Ita
335 2393 400 2420 ιηεά
409 2387 459 2423 sed
471 2387 542 2423 forte
552 2386 696 2423 legendum
706 2389 748 2413 est
760 2385 838 2423 θεοῦ,
847 2386 919 2423 quod
933 2394 966 2414 ev

1023 2387 1088 2423 sitas
1110 2386 1357 2423 Animadversiqnes
1376 2385 1412 2423 a_d
1426 2384 1461 2423 N_.
1478 2384 1506 2411 Τ.
1527 2390 1609 2418 super
1636 2382 1717 2410 llebr.
1729 2391 1772 2423 in,
1787 2384 1816 2411 2.

183 2421 349 2458 compendio
361 2422 560 2458 scriptionisqin
573 2421 638 2458 mss.
650 2422 750 2458 usitato
763 2421 794 2458 ep
809 2421 888 2458 facile
899 2422 975 2448 nasci

185 2456 283 2493 potuit.
302 2457 395 2492 Neque
416 2456 490 2485 enim
505 2456 536 2483 τὸ
556 2456 603 2483 σοῦ
627 2456 717 2484 locum
741 2456 842 2484 habere
862 2456 907 2484 hic
928 2465 976 2492 per

185 2493 321 2521 sermonis
337 2492 436 2520 seriem
450 2496 552 2527 potest.

221 2528 277 2562 (41)
293 2528 438 2561 Δηλονότι
452 2525 604 2562 ὒρχιερέα.
622 2526 707 2554 Recte
800 2526 887 2554 eludit
907 2525 979 2554 Pho-

187 2562 242 2593 tius
257 2561 410 2590 ealunmias
423 2561 520 2590 omnes
534 2570 596 2597 quae
615 2561 691 2589 nasci
706 2561 827 2596 alioquin
839 2567 976 2597 poterant,

186 2598 209 2624 si
234 2597 265 2624 τὸ
281 2598 368 2624 ποιεῖν
390 2597 472 2624 αὑτὸν
490 2597 523 2624 ad
544 2596 685 2624 Christum
710 2597 800 2631 ipsum
818 2597 977 2624 referretur.

188 2632 302 2660 Scilicet
321 2632 434 2660 verbum
451 2633 538 2659 ποιεῖν
558 2632 602 2659 hic
619 2632 691 2659 idem
713 2636 767 2665 est.
787 2632 859 2665 quod
881 2633 979 2659 consti-

188 2673 277 2701 tuere,
293 2668 468 2702 inaugurare.
484 2667 542 2695 Hoc
558 2674 641 2694 sensu
656 2666 774 2702 Joannis
793 2675 850 2698 xtx,
869 2667 919 2698 12,
937 2667 979 2694 di-

188 2702 260 2730 citur
278 2703 366 2729 ποιεῖν
388 2703 486 2729 ἑαυτὸν
509 2702 633 2737 βασιλέα,
654 2706 682 2729 et
697 2701 731 2729 de
745 2701 856 2729 Christo
873 2702 980 2730 Marcus

187 2738 227 2767 ait
238 2745 263 2765 c.
282 2745 323 2770 In,
340 2737 385 2770 14,
400 2737 473 2772 quod
486 2737 597 2773 ἐποίησε
608 2736 722 2773 Wagn,
739 2736 766 2764 id
777 2741 828 2769 est,
842 2736 918 2773 elegit
931 2745 979 2765 seu

190 2772 325 2799 constituit
338 2773 486 2800 duodecim.
502 2772 573 2807 Lege
587 2779 648 2806 qua:
664 2772 699 2799 ad
712 2772 785 2800 hunc
797 2772 978 2807 posteriorem

190 2807 282 2835 locum
299 2807 441 2835 adnotavit
455 2808 489 2834 cl.
508 2806 566 2835 Jac.
584 2807 724 2839 Elsnerus,
738 2807 767 2834 in
784 2806 860 2835 Notis
875 2807 931 2835 suis
947 2808 973 2834 iu

191 2842 222 2870 Ν.
238 2842 270 2870 Τ.
284 2851 292 2875 ;
308 2850 340 2870 ac
352 2841 446 2871 confer
462 2847 592 2877 prmtcrca
609 2842 714 2871 Erasmi
734 2841 867 2870 Schmidii
882 2842 975 2877 exqui-

1061 2422 1118 2457 (42)
1134 2421 1374 2449 Κατασκευάσαι.
1390 2420 1430 2449 Ita
1445 2420 1504 2455 lego
1519 2426 1569 2454 pro
1583 2418 1815 2452 κατεσκευάσθαι,

1065 2457 1099 2484 od
1115 2461 1174 2484 erat
1187 2457 1214 2484 in
1231 2464 1282 2484 ms.

1046 2457 1099 2484 uod
1115 2461 1174 2484 erat
1187 2457 1214 2484 in
1231 2464 1282 2484 ms.

1026 2465 1099 2492 quou
1115 2465 1174 2484 erat
1187 2465 1214 2484 In
1231 2465 1282 2484 ms.

1063 2492 1119 2527 (L5)
1143 2492 1262 2525 Τέλους.
1281 2491 1319 2519 [ta
1335 2490 1449 2527 restituo
1463 2497 1496 2517 ex
1517 2488 1577 2527 ipso
1591 2489 1651 2517 loco
1676 2489 1791 2518 Paulino
1809 2498 1817 2517 :

1027 2525 1079 2555 ms.
1101 2527 1174 2554 enim
1192 2526 1323 2554 mendose
1339 2525 1486 2554 exhibebat
1499 2525 1605 2552 τοῦτον.

1065 2562 1121 2597 (tt)
1145 2562 1341 2596 Χρηματίσαι.
1369 2560 1470 2597 Eadem
1495 2561 1615 2597 notione
1628 2560 1743 2597 verbum
1766 2560 1819 2588 hoc

1030 2595 1178 2632 usurpatur
1190 2595 1216 2623 iu
1226 2596 1337 2632 Actibus
1346 2595 1461 2632 opostol.
1472 2595 1561 2632 “,26.
1572 2595 1616 2632 ubi
1624 2596 1702 2632 Joan.
1714 2595 1818 2632 Grego-

1030 2630 1149 2665 rius,'vir
1161 2631 1345 2664 doctissimus,
1358 2631 1385 2658 in
1397 2630 1469 2658 notis
1482 2631 1514 2658 ad
1528 2631 1651 2665 quasdam
1669 2631 1818 2665 Scriptura:

1029 2664 1099 2698 loca,
1114 2675 1141 2702 p.
1158 2667 1220 2699 162,
1230 2666 1370 2702 observat,
1383 2666 1517 2702 ejusmodi
1531 2664 1649 2702 nominis
1664 2664 1817 2702 irnpositio-

1030 2710 1093 2730 nem
1104 2699 1214 2736 proprie
1228 2701 1353 2736 indicari,
1369 2699 1429 2735 qua:
1439 2701 1597 2736 solemniter
1610 2701 1666 2728 ﬁat.
1681 2699 1780 2736 t_lonicr
1791 2703 1819 2726 et

1029 2734 1167 2764 Lamberti
1197 2736 1250 2763 Bos
1273 2734 1470 2763 Observationes
1499 2737 1534 2762 ad
1561 2734 1665 2762 Nouum
1682 2734 1817 2766 Tcs!am.,

1030 2780 1057 2808 p.
1075 2772 1136 2805 107,
1150 2772 1196 2807 qui
1213 2772 1284 2808 facta
1300 2771 1437 2807 inprimis,
1457 2771 1556 2806 quibus
1574 2778 1673 2798 nomen
1697 2773 1817 2804 paretur,

1030 2807 1107 2835 innui
1125 2807 1276 2835 contendit.
