  <div class='ocr_page' id='page_1' title='image "/cluster/home/n/w/nwhite01/storage/ocr_20150623/102/njp.32101010943874/086.png"; bbox 0 0 1931 3082; ppageno 0'>
   <div class='ocr_carea' id='block_1_1' title="bbox 146 111 197 143">
    <p class='ocr_par' dir='ltr' id='par_1_1' title="bbox 146 111 197 143">
     <span class='ocr_line' id='line_1_1' title="bbox 146 111 197 143; baseline 0.02 -1"><span class='ocrx_word' id='word_1_1' title='bbox 146 111 197 143; x_wconf 71' lang='grc'><strong>149</strong></span> 
     </span>
    </p>
   </div>
   <div class='ocr_carea' id='block_1_2' title="bbox 654 116 1261 148">
    <p class='ocr_par' dir='ltr' id='par_1_2' title="bbox 654 116 1261 148">
     <span class='ocr_line' id='line_1_2' title="bbox 654 116 1261 148; baseline 0.002 -3"><span class='ocrx_word' id='word_1_2' title='bbox 654 116 802 146; x_wconf 74' lang='lat' dir='ltr'><strong>CONTRA</strong></span> <span class='ocrx_word' id='word_1_3' title='bbox 822 116 1050 146; x_wconf 67' lang='lat' dir='ltr'><strong>MANICleEOS</strong></span> <span class='ocrx_word' id='word_1_4' title='bbox 1070 118 1186 147; x_wconf 78' lang='lat' dir='ltr'><strong>LIBER</strong></span> <span class='ocrx_word' id='word_1_5' title='bbox 1203 119 1261 148; x_wconf 85' lang='grc' dir='ltr'>ΙΙΙ..</span> 
     </span>
    </p>
   </div>
   <div class='ocr_carea' id='block_1_3' title="bbox 1724 115 1775 147">
    <p class='ocr_par' dir='ltr' id='par_1_3' title="bbox 1724 115 1775 147">
     <span class='ocr_line' id='line_1_3' title="bbox 1724 115 1775 147; baseline 0 -1"><span class='ocrx_word' id='word_1_6' title='bbox 1724 115 1775 147; x_wconf 75' lang='grc'><strong>150</strong></span> 
     </span>
    </p>
   </div>
   <div class='ocr_carea' id='block_1_4' title="bbox 152 167 940 206">
    <p class='ocr_par' dir='ltr' id='par_1_4' title="bbox 152 167 934 206">
     <span class='ocr_line' id='line_1_4' title="bbox 152 167 934 206; baseline 0.005 -12"><span class='ocrx_word' id='word_1_7' title='bbox 152 167 257 202; x_wconf 77' lang='grc' dir='ltr'>Ἀαρὼν</span> <span class='ocrx_word' id='word_1_8' title='bbox 277 167 321 194; x_wconf 71' lang='grc' dir='ltr'><strong>διὰ</strong></span> <span class='ocrx_word' id='word_1_9' title='bbox 336 167 457 199; x_wconf 82' lang='grc' dir='ltr'><strong>Μωσέως</strong></span> <span class='ocrx_word' id='word_1_10' title='bbox 472 169 579 204; x_wconf 78' lang='grc' dir='ltr'><strong>χρίσας,</strong></span> <span class='ocrx_word' id='word_1_11' title='bbox 609 170 657 196; x_wconf 75' lang='grc' dir='ltr'>καὶ</span> <span class='ocrx_word' id='word_1_12' title='bbox 681 171 822 206; x_wconf 77' lang='grc' dir='ltr'><strong>οὐδέτερος</strong></span> <span class='ocrx_word' id='word_1_13' title='bbox 837 171 934 198; x_wconf 79' lang='grc' dir='ltr'>ἑαυτὸν</span> 
     </span>
    </p>
   </div>
   <div class='ocr_carea' id='block_1_5' title="bbox 992 167 1773 206">
    <p class='ocr_par' dir='ltr' id='par_1_5' title="bbox 992 171 1773 202">
     <span class='ocr_line' id='line_1_5' title="bbox 992 171 1773 202; baseline -0.001 -4"><span class='ocrx_word' id='word_1_14' title='bbox 992 179 1028 199; x_wconf 65' lang='grc' dir='ltr'>ιιιι-</span> <span class='ocrx_word' id='word_1_15' title='bbox 1044 180 1138 199; x_wconf 89' lang='lat' dir='ltr'><strong>corum</strong></span> <span class='ocrx_word' id='word_1_16' title='bbox 1163 173 1313 200; x_wconf 78' lang='lat' dir='ltr'><strong>sacerdotis</strong></span> <span class='ocrx_word' id='word_1_17' title='bbox 1337 172 1433 199; x_wconf 87' lang='lat' dir='ltr'><strong>summi</strong></span> <span class='ocrx_word' id='word_1_18' title='bbox 1451 171 1554 198; x_wconf 82' lang='lat' dir='ltr'><strong>honore</strong></span> <span class='ocrx_word' id='word_1_19' title='bbox 1577 177 1606 197; x_wconf 90' lang='lat' dir='ltr'><strong>se</strong></span> <span class='ocrx_word' id='word_1_20' title='bbox 1628 171 1773 202; x_wconf 85' lang='lat' dir='ltr'><strong>mactavit,</strong></span> 
     </span>
    </p>
   </div>
   <div class='ocr_carea' id='block_1_6' title="bbox 144 213 933 251">
    <p class='ocr_par' dir='ltr' id='par_1_6' title="bbox 144 213 933 251">
     <span class='ocr_line' id='line_1_6' title="bbox 144 213 933 251; baseline 0.005 -12"><span class='ocrx_word' id='word_1_21' title='bbox 144 213 271 245; x_wconf 73' lang='grc' dir='ltr'>ἐδόξασεν</span> <span class='ocrx_word' id='word_1_22' title='bbox 286 214 426 249; x_wconf 75' lang='grc' dir='ltr'><strong>ἀρχιερέα,</strong></span> <span class='ocrx_word' id='word_1_23' title='bbox 443 213 499 240; x_wconf 81' lang='grc' dir='ltr'><strong>ἀλλ’</strong></span> <span class='ocrx_word' id='word_1_24' title='bbox 515 216 528 241; x_wconf 78' lang='grc' dir='ltr'>ὁ</span> <span class='ocrx_word' id='word_1_25' title='bbox 538 215 655 247; x_wconf 77' lang='grc' dir='ltr'>καλέσας</span> <span class='ocrx_word' id='word_1_26' title='bbox 668 215 782 247; x_wconf 76' lang='grc' dir='ltr'>αὐτούς·</span> <span class='ocrx_word' id='word_1_27' title='bbox 798 216 856 247; x_wconf 83' lang='grc' dir='ltr'><strong>πῶς</strong></span> <span class='ocrx_word' id='word_1_28' title='bbox 873 216 933 251; x_wconf 77' lang='grc' dir='ltr'>οὐχὶ</span> 
     </span>
    </p>
   </div>
   <div class='ocr_carea' id='block_1_7' title="bbox 145 259 934 297">
    <p class='ocr_par' dir='ltr' id='par_1_7' title="bbox 145 259 934 297">
     <span class='ocr_line' id='line_1_7' title="bbox 145 259 934 297; baseline 0.003 -11"><span class='ocrx_word' id='word_1_29' title='bbox 145 260 192 286; x_wconf 71' lang='grc' dir='ltr'>καὶ</span> <span class='ocrx_word' id='word_1_30' title='bbox 204 259 239 285; x_wconf 69' lang='grc' dir='ltr'>τὰ</span> <span class='ocrx_word' id='word_1_31' title='bbox 249 259 299 294; x_wconf 84' lang='grc' dir='ltr'>τῆς</span> <span class='ocrx_word' id='word_1_32' title='bbox 310 259 381 290; x_wconf 79' lang='grc' dir='ltr'>Νέας</span> <span class='ocrx_word' id='word_1_33' title='bbox 396 260 443 286; x_wconf 69' lang='grc' dir='ltr'><strong>καὶ</strong></span> <span class='ocrx_word' id='word_1_34' title='bbox 453 260 486 286; x_wconf 78' lang='grc' dir='ltr'>τὰ</span> <span class='ocrx_word' id='word_1_35' title='bbox 508 260 557 295; x_wconf 83' lang='grc' dir='ltr'>τῆς</span> <span class='ocrx_word' id='word_1_36' title='bbox 570 261 690 297; x_wconf 79' lang='grc' dir='ltr'>[Ιαλοιιᾶς</span> <span class='ocrx_word' id='word_1_37' title='bbox 704 261 750 287; x_wconf 81' lang='grc' dir='ltr'>τοῦ</span> <span class='ocrx_word' id='word_1_38' title='bbox 765 262 848 288; x_wconf 78' lang='grc' dir='ltr'>αὐτοῦ</span> <span class='ocrx_word' id='word_1_39' title='bbox 865 262 934 289; x_wconf 83' lang='grc' dir='ltr'>εἰσιν</span> 
     </span>
    </p>
   </div>
   <div class='ocr_carea' id='block_1_8' title="bbox 153 304 934 342">
    <p class='ocr_par' dir='ltr' id='par_1_8' title="bbox 153 304 934 342">
     <span class='ocr_line' id='line_1_8' title="bbox 153 304 934 342; baseline 0.004 -12"><span class='ocrx_word' id='word_1_40' title='bbox 153 304 269 338; x_wconf 78' lang='grc' dir='ltr'><strong>Ἀγαθοῦ</strong></span> <span class='ocrx_word' id='word_1_41' title='bbox 281 304 328 330; x_wconf 76' lang='grc' dir='ltr'>καὶ</span> <span class='ocrx_word' id='word_1_42' title='bbox 350 304 419 340; x_wconf 77' lang='grc' dir='ltr'>ἔργα</span> <span class='ocrx_word' id='word_1_43' title='bbox 436 306 483 332; x_wconf 73' lang='grc' dir='ltr'>καὶ</span> <span class='ocrx_word' id='word_1_44' title='bbox 495 305 591 340; x_wconf 75' lang='grc' dir='ltr'>νόμοις</span> <span class='ocrx_word' id='word_1_45' title='bbox 612 305 685 342; x_wconf 75' lang='grc' dir='ltr'>Ἀρα</span> <span class='ocrx_word' id='word_1_46' title='bbox 709 307 737 334; x_wconf 78' lang='grc' dir='ltr'><strong>δὲ</strong></span> <span class='ocrx_word' id='word_1_47' title='bbox 752 307 768 342; x_wconf 84' lang='grc' dir='ltr'><strong>ἡ</strong></span> <span class='ocrx_word' id='word_1_48' title='bbox 782 307 934 334; x_wconf 81' lang='grc' dir='ltr'><strong>ἀποστασία</strong></span> 
     </span>
    </p>
   </div>
   <div class='ocr_carea' id='block_1_9' title="bbox 146 350 936 388">
    <p class='ocr_par' dir='ltr' id='par_1_9' title="bbox 146 350 936 388">
     <span class='ocr_line' id='line_1_9' title="bbox 146 350 936 388; baseline 0.005 -13"><span class='ocrx_word' id='word_1_49' title='bbox 146 350 193 376; x_wconf 74' lang='grc' dir='ltr'><strong>ἐπὶ</strong></span> <span class='ocrx_word' id='word_1_50' title='bbox 207 350 287 376; x_wconf 83' lang='grc' dir='ltr'>πλέον</span> <span class='ocrx_word' id='word_1_51' title='bbox 302 351 521 385; x_wconf 83' lang='grc' dir='ltr'>ἀναισχυντοῦσα</span> <span class='ocrx_word' id='word_1_52' title='bbox 534 353 582 378; x_wconf 71' lang='grc' dir='ltr'>καὶ</span> <span class='ocrx_word' id='word_1_53' title='bbox 594 351 642 387; x_wconf 84' lang='grc' dir='ltr'>τὴν</span> <span class='ocrx_word' id='word_1_54' title='bbox 654 352 784 388; x_wconf 84' lang='grc' dir='ltr'>ἀλήθειαν</span> <span class='ocrx_word' id='word_1_55' title='bbox 804 352 850 379; x_wconf 81' lang='grc' dir='ltr'><strong>τὸν</strong></span> <span class='ocrx_word' id='word_1_56' title='bbox 869 353 936 387; x_wconf 85' lang='grc' dir='ltr'>Χρι-</span> 
     </span>
    </p>
   </div>
   <div class='ocr_carea' id='block_1_10' title="bbox 123 395 936 432">
    <p class='ocr_par' dir='ltr' id='par_1_10' title="bbox 123 395 936 432">
     <span class='ocr_line' id='line_1_10' title="bbox 123 395 936 432; baseline 0.004 -12"><span class='ocrx_word' id='word_1_57' title='bbox 123 428 128 432; x_wconf 30' lang='lat' dir='ltr'>V</span> <span class='ocrx_word' id='word_1_58' title='bbox 148 395 210 422; x_wconf 75' lang='grc' dir='ltr'>στὸν</span> <span class='ocrx_word' id='word_1_59' title='bbox 224 395 403 429; x_wconf 69' lang='grc' dir='ltr'>ψευδολογίας</span> <span class='ocrx_word' id='word_1_60' title='bbox 440 396 572 430; x_wconf 77' lang='grc' dir='ltr'><strong>γράφοιτο</strong></span> <span class='ocrx_word' id='word_1_61' title='bbox 600 398 729 432; x_wconf 80' lang='grc' dir='ltr'>γραφήν;</span> <span class='ocrx_word' id='word_1_62' title='bbox 762 397 791 423; x_wconf 86' lang='lat'><strong>‘0</strong></span> <span class='ocrx_word' id='word_1_63' title='bbox 813 397 863 430; x_wconf 82' lang='grc' dir='ltr'><strong>μὲν</strong></span> <span class='ocrx_word' id='word_1_64' title='bbox 881 396 936 432; x_wconf 76' lang='grc' dir='ltr'><strong>γὰρ</strong></span> 
     </span>
    </p>
   </div>
   <div class='ocr_carea' id='block_1_11' title="bbox 147 438 936 475">
    <p class='ocr_par' dir='ltr' id='par_1_11' title="bbox 147 438 936 475">
     <span class='ocr_line' id='line_1_11' title="bbox 147 438 936 475; baseline 0.005 -11"><span class='ocrx_word' id='word_1_65' title='bbox 147 438 221 472; x_wconf 79' lang='grc' dir='ltr'>λέγει</span> <span class='ocrx_word' id='word_1_66' title='bbox 233 445 240 452; x_wconf 83' lang='grc'><strong>”</strong></span> <span class='ocrx_word' id='word_1_67' title='bbox 262 440 436 466; x_wconf 73' lang='grc' dir='ltr'>Ἐλεύσεται</span> <span class='ocrx_word' id='word_1_68' title='bbox 454 441 470 467; x_wconf 85' lang='grc' dir='ltr'><strong>ό</strong></span> <span class='ocrx_word' id='word_1_69' title='bbox 487 440 540 467; x_wconf 88' lang='grc' dir='ltr'>τοῦ</span> <span class='ocrx_word' id='word_1_70' title='bbox 556 442 673 474; x_wconf 82' lang='grc' dir='ltr'><strong>κόσμου</strong></span> <span class='ocrx_word' id='word_1_71' title='bbox 692 441 802 475; x_wconf 78' lang='grc' dir='ltr'><strong>ἅρχων,</strong></span> <span class='ocrx_word' id='word_1_72' title='bbox 829 441 877 468; x_wconf 74' lang='grc' dir='ltr'><strong>καὶ</strong></span> <span class='ocrx_word' id='word_1_73' title='bbox 902 441 936 468; x_wconf 80' lang='grc' dir='ltr'><strong>ἐν·</strong></span> 
     </span>
    </p>
   </div>
   <div class='ocr_carea' id='block_1_12' title="bbox 147 483 937 520">
    <p class='ocr_par' dir='ltr' id='par_1_12' title="bbox 147 483 937 520">
     <span class='ocr_line' id='line_1_12' title="bbox 147 483 937 520; baseline 0.005 -12"><span class='ocrx_word' id='word_1_74' title='bbox 147 483 212 517; x_wconf 78' lang='grc' dir='ltr'>ἐμοὶ</span> <span class='ocrx_word' id='word_1_75' title='bbox 230 483 354 517; x_wconf 80' lang='grc' dir='ltr'><strong>εὑρήσει</strong></span> <span class='ocrx_word' id='word_1_76' title='bbox 372 484 472 511; x_wconf 76' lang='grc' dir='ltr'><strong>οὐδέν.</strong></span> <span class='ocrx_word' id='word_1_77' title='bbox 496 485 528 510; x_wconf 84' lang='lat' dir='ltr'><strong>&#39;ll</strong></span> <span class='ocrx_word' id='word_1_78' title='bbox 554 485 582 511; x_wconf 78' lang='grc' dir='ltr'><strong>δὲ</strong></span> <span class='ocrx_word' id='word_1_79' title='bbox 605 485 720 519; x_wconf 75' lang='grc' dir='ltr'><strong>λέγουσα</strong></span> <span class='ocrx_word' id='word_1_80' title='bbox 746 486 777 512; x_wconf 81' lang='grc' dir='ltr'>τὸ</span> <span class='ocrx_word' id='word_1_81' title='bbox 803 486 893 520; x_wconf 78' lang='grc' dir='ltr'>σῶμα,</span> <span class='ocrx_word' id='word_1_82' title='bbox 923 486 937 511; x_wconf 80' lang='grc' dir='ltr'>ὃ</span> 
     </span>
    </p>
   </div>
   <div class='ocr_carea' id='block_1_13' title="bbox 148 528 936 568">
    <p class='ocr_par' dir='ltr' id='par_1_13' title="bbox 148 528 936 568">
     <span class='ocr_line' id='line_1_13' title="bbox 148 528 936 568; baseline 0.005 -13"><span class='ocrx_word' id='word_1_83' title='bbox 148 529 254 565; x_wconf 73' lang='grc' dir='ltr'>ἐφόρει.</span> <span class='ocrx_word' id='word_1_84' title='bbox 271 529 384 565; x_wconf 83' lang='grc' dir='ltr'>πλάσμα</span> <span class='ocrx_word' id='word_1_85' title='bbox 398 528 467 557; x_wconf 75' lang='grc' dir='ltr'>εἶναι</span> <span class='ocrx_word' id='word_1_86' title='bbox 491 530 539 557; x_wconf 75' lang='grc' dir='ltr'>τοῦ</span> <span class='ocrx_word' id='word_1_87' title='bbox 565 532 699 567; x_wconf 81' lang='grc' dir='ltr'>Πονηροῦ,</span> <span class='ocrx_word' id='word_1_88' title='bbox 722 532 771 567; x_wconf 80' lang='grc' dir='ltr'>τῆς</span> <span class='ocrx_word' id='word_1_89' title='bbox 794 533 936 568; x_wconf 77' lang='grc' dir='ltr'><strong>Ἀληθείας</strong></span> 
     </span>
    </p>
   </div>
   <div class='ocr_carea' id='block_1_14' title="bbox 150 574 938 612">
    <p class='ocr_par' dir='ltr' id='par_1_14' title="bbox 150 574 938 612">
     <span class='ocr_line' id='line_1_14' title="bbox 150 574 938 612; baseline 0.005 -12"><span class='ocrx_word' id='word_1_90' title='bbox 150 575 180 600; x_wconf 66' lang='grc' dir='ltr'>τὴ</span> <span class='ocrx_word' id='word_1_91' title='bbox 204 574 302 609; x_wconf 75' lang='grc' dir='ltr'>ψεῦδος</span> <span class='ocrx_word' id='word_1_92' title='bbox 319 575 449 610; x_wconf 75' lang='grc' dir='ltr'><strong>καταχέει</strong></span> <span class='ocrx_word' id='word_1_93' title='bbox 475 576 592 612; x_wconf 77' lang='grc' dir='ltr'><strong>πικρῶς.</strong></span> <span class='ocrx_word' id='word_1_94' title='bbox 611 577 665 603; x_wconf 83' lang='grc' dir='ltr'><strong>Καὶ</strong></span> <span class='ocrx_word' id='word_1_95' title='bbox 684 577 698 603; x_wconf 87' lang='grc' dir='ltr'>ὁ</span> <span class='ocrx_word' id='word_1_96' title='bbox 721 578 770 612; x_wconf 72' lang='grc' dir='ltr'><strong>μὲν</strong></span> <span class='ocrx_word' id='word_1_97' title='bbox 786 578 824 609; x_wconf 87' lang='grc' dir='ltr'>ὡς</span> <span class='ocrx_word' id='word_1_98' title='bbox 841 579 938 604; x_wconf 86' lang='grc' dir='ltr'>Δεσπό-</span> 
     </span>
    </p>
   </div>
   <div class='ocr_carea' id='block_1_15' title="bbox 148 620 937 660">
    <p class='ocr_par' dir='ltr' id='par_1_15' title="bbox 148 620 937 660">
     <span class='ocr_line' id='line_1_15' title="bbox 148 620 937 660; baseline 0.005 -15"><span class='ocrx_word' id='word_1_99' title='bbox 148 628 199 654; x_wconf 84' lang='grc' dir='ltr'><strong>της</strong></span> <span class='ocrx_word' id='word_1_100' title='bbox 211 620 323 646; x_wconf 80' lang='grc' dir='ltr'>πάντων</span> <span class='ocrx_word' id='word_1_101' title='bbox 338 621 385 647; x_wconf 78' lang='grc' dir='ltr'>καὶ</span> <span class='ocrx_word' id='word_1_102' title='bbox 410 621 512 655; x_wconf 81' lang='grc' dir='ltr'>Κύριος</span> <span class='ocrx_word' id='word_1_103' title='bbox 527 622 574 648; x_wconf 76' lang='grc' dir='ltr'>καὶ</span> <span class='ocrx_word' id='word_1_104' title='bbox 602 622 778 657; x_wconf 78' lang='grc' dir='ltr'>δημιουργὸς,</span> <span class='ocrx_word' id='word_1_105' title='bbox 804 623 848 649; x_wconf 83' lang='grc' dir='ltr'><strong>ὅτε</strong></span> <span class='ocrx_word' id='word_1_106' title='bbox 869 623 937 660; x_wconf 73' lang='grc' dir='ltr'>πρὸς</span> 
     </span>
    </p>
   </div>
   <div class='ocr_carea' id='block_1_16' title="bbox 149 664 938 704">
    <p class='ocr_par' dir='ltr' id='par_1_16' title="bbox 149 664 938 704">
     <span class='ocr_line' id='line_1_16' title="bbox 149 664 938 704; baseline 0.006 -14"><span class='ocrx_word' id='word_1_107' title='bbox 149 664 274 691; x_wconf 79' lang='grc' dir='ltr'>ἑκούσιον</span> <span class='ocrx_word' id='word_1_108' title='bbox 286 666 334 692; x_wconf 72' lang='grc' dir='ltr'>καὶ</span> <span class='ocrx_word' id='word_1_109' title='bbox 358 667 492 702; x_wconf 82' lang='grc' dir='ltr'>σωτήριον</span> <span class='ocrx_word' id='word_1_110' title='bbox 517 667 564 694; x_wconf 80' lang='grc' dir='ltr'>τοῦ</span> <span class='ocrx_word' id='word_1_111' title='bbox 589 669 694 703; x_wconf 82' lang='grc' dir='ltr'>κόσμου</span> <span class='ocrx_word' id='word_1_112' title='bbox 712 668 800 701; x_wconf 76' lang='grc' dir='ltr'>πάθος</span> <span class='ocrx_word' id='word_1_113' title='bbox 819 669 938 704; x_wconf 84' lang='grc' dir='ltr'>παρεγέ-</span> 
     </span>
    </p>
   </div>
   <div class='ocr_carea' id='block_1_17' title="bbox 149 712 936 750">
    <p class='ocr_par' dir='ltr' id='par_1_17' title="bbox 149 712 936 750">
     <span class='ocr_line' id='line_1_17' title="bbox 149 712 936 750; baseline 0.004 -12"><span class='ocrx_word' id='word_1_114' title='bbox 149 721 219 743; x_wconf 86' lang='grc' dir='ltr'>νετο,</span> <span class='ocrx_word' id='word_1_115' title='bbox 237 712 340 748; x_wconf 82' lang='grc' dir='ltr'><strong>Κύριον</strong></span> <span class='ocrx_word' id='word_1_116' title='bbox 368 714 464 740; x_wconf 76' lang='grc' dir='ltr'>ἑαυτὸν</span> <span class='ocrx_word' id='word_1_117' title='bbox 484 714 531 741; x_wconf 66' lang='grc' dir='ltr'><strong>καὶ</strong></span> <span class='ocrx_word' id='word_1_118' title='bbox 556 714 606 750; x_wconf 76' lang='grc' dir='ltr'>τῆς</span> <span class='ocrx_word' id='word_1_119' title='bbox 623 715 684 741; x_wconf 75' lang='grc' dir='ltr'>ὄνου</span> <span class='ocrx_word' id='word_1_120' title='bbox 706 716 753 741; x_wconf 75' lang='grc' dir='ltr'><strong>καὶ</strong></span> <span class='ocrx_word' id='word_1_121' title='bbox 781 714 828 741; x_wconf 83' lang='grc' dir='ltr'>τοῦ</span> <span class='ocrx_word' id='word_1_122' title='bbox 847 714 936 742; x_wconf 78' lang='grc' dir='ltr'>πώλου</span> 
     </span>
    </p>
   </div>
   <div class='ocr_carea' id='block_1_18' title="bbox 151 758 939 796">
    <p class='ocr_par' dir='ltr' id='par_1_18' title="bbox 151 758 939 796">
     <span class='ocr_line' id='line_1_18' title="bbox 151 758 939 796; baseline 0.004 -12"><span class='ocrx_word' id='word_1_123' title='bbox 151 758 276 793; x_wconf 79' lang='grc' dir='ltr'><strong>ἀπέφηνε</strong></span> <span class='ocrx_word' id='word_1_124' title='bbox 289 758 357 794; x_wconf 81' lang='grc' dir='ltr'>πρὸς</span> <span class='ocrx_word' id='word_1_125' title='bbox 373 759 437 790; x_wconf 78' lang='grc' dir='ltr'>τοὺς</span> <span class='ocrx_word' id='word_1_126' title='bbox 453 759 588 795; x_wconf 77' lang='grc' dir='ltr'>μαθητάς.</span> <span class='ocrx_word' id='word_1_127' title='bbox 614 760 667 786; x_wconf 80' lang='grc' dir='ltr'><strong>Καὶ</strong></span> <span class='ocrx_word' id='word_1_128' title='bbox 692 760 746 795; x_wconf 80' lang='grc' dir='ltr'>γὰρ</span> <span class='ocrx_word' id='word_1_129' title='bbox 771 760 939 796; x_wconf 86' lang='grc' dir='ltr'>δημιουργή-</span> 
     </span>
    </p>
   </div>
   <div class='ocr_carea' id='block_1_19' title="bbox 152 804 936 841">
    <p class='ocr_par' dir='ltr' id='par_1_19' title="bbox 152 804 936 841">
     <span class='ocr_line' id='line_1_19' title="bbox 152 804 936 841; baseline 0.003 -11"><span class='ocrx_word' id='word_1_130' title='bbox 152 812 225 838; x_wconf 77' lang='grc' dir='ltr'>ματα</span> <span class='ocrx_word' id='word_1_131' title='bbox 250 805 298 831; x_wconf 69' lang='grc' dir='ltr'><strong>καὶ</strong></span> <span class='ocrx_word' id='word_1_132' title='bbox 323 805 374 839; x_wconf 80' lang='grc' dir='ltr'><strong>τῆς</strong></span> <span class='ocrx_word' id='word_1_133' title='bbox 390 804 488 832; x_wconf 79' lang='grc' dir='ltr'>ἑαυτοῦ</span> <span class='ocrx_word' id='word_1_134' title='bbox 507 805 668 841; x_wconf 78' lang='grc' dir='ltr'><strong>κυριότητος</strong></span> <span class='ocrx_word' id='word_1_135' title='bbox 694 807 742 832; x_wconf 82' lang='grc' dir='ltr'>καὶ</span> <span class='ocrx_word' id='word_1_136' title='bbox 764 806 936 837; x_wconf 82' lang='grc' dir='ltr'>δεσποτείας,</span> 
     </span>
    </p>
   </div>
   <div class='ocr_carea' id='block_1_20' title="bbox 151 849 936 886">
    <p class='ocr_par' dir='ltr' id='par_1_20' title="bbox 151 849 936 886">
     <span class='ocr_line' id='line_1_20' title="bbox 151 849 936 886; baseline 0.004 -11"><span class='ocrx_word' id='word_1_137' title='bbox 151 849 247 885; x_wconf 79' lang='grc' dir='ltr'>ὥσπερ</span> <span class='ocrx_word' id='word_1_138' title='bbox 261 850 275 876; x_wconf 80' lang='grc'>6</span> <span class='ocrx_word' id='word_1_139' title='bbox 287 850 390 885; x_wconf 69' lang='grc' dir='ltr'>κόσμτις</span> <span class='ocrx_word' id='word_1_140' title='bbox 405 851 452 877; x_wconf 69' lang='grc' dir='ltr'>καὶ</span> <span class='ocrx_word' id='word_1_141' title='bbox 467 851 501 877; x_wconf 76' lang='grc' dir='ltr'>τὰ</span> <span class='ocrx_word' id='word_1_142' title='bbox 515 853 545 877; x_wconf 84' lang='grc' dir='ltr'>ὲν</span> <span class='ocrx_word' id='word_1_143' title='bbox 560 851 645 886; x_wconf 76' lang='grc' dir='ltr'>αὐτῷ,</span> <span class='ocrx_word' id='word_1_144' title='bbox 663 851 737 878; x_wconf 73' lang='grc' dir='ltr'>οὕτω</span> <span class='ocrx_word' id='word_1_145' title='bbox 761 852 808 878; x_wconf 61' lang='grc' dir='ltr'><strong>καὶ⁸</strong></span> <span class='ocrx_word' id='word_1_146' title='bbox 838 852 936 879; x_wconf 82' lang='grc' dir='ltr'>ταῦτα.</span> 
     </span>
    </p>
   </div>
   <div class='ocr_carea' id='block_1_21' title="bbox 149 895 939 932">
    <p class='ocr_par' dir='ltr' id='par_1_21' title="bbox 149 895 939 932">
     <span class='ocr_line' id='line_1_21' title="bbox 149 895 939 932; baseline 0.004 -10"><span class='ocrx_word' id='word_1_147' title='bbox 149 896 196 922; x_wconf 85' lang='grc' dir='ltr'>Διό</span> <span class='ocrx_word' id='word_1_148' title='bbox 209 904 308 931; x_wconf 79' lang='grc' dir='ltr'>φησιν·</span> <span class='ocrx_word' id='word_1_149' title='bbox 331 895 402 923; x_wconf 76' lang='grc' dir='ltr'><em>Ἐιὶν</em></span> <span class='ocrx_word' id='word_1_150' title='bbox 417 905 461 930; x_wconf 83' lang='grc' dir='ltr'><strong>τις</strong></span> <span class='ocrx_word' id='word_1_151' title='bbox 473 896 543 930; x_wconf 77' lang='grc' dir='ltr'>εἴπῃ</span> <span class='ocrx_word' id='word_1_152' title='bbox 561 897 632 932; x_wconf 76' lang='grc' dir='ltr'>ὑμῖν</span> <span class='ocrx_word' id='word_1_153' title='bbox 659 906 700 930; x_wconf 70' lang='grc' dir='ltr'>τι,</span> <span class='ocrx_word' id='word_1_154' title='bbox 708 898 810 931; x_wconf 81' lang='grc' dir='ltr'>ἐρεῖτε,</span> <span class='ocrx_word' id='word_1_155' title='bbox 837 898 881 925; x_wconf 80' lang='grc' dir='ltr'>ὅτι</span> <span class='ocrx_word' id='word_1_156' title='bbox 908 899 939 925; x_wconf 92' lang='lat'><strong>&#39;0</strong></span> 
     </span>
    </p>
   </div>
   <div class='ocr_carea' id='block_1_22' title="bbox 150 941 940 976">
    <p class='ocr_par' dir='ltr' id='par_1_22' title="bbox 150 941 940 976">
     <span class='ocr_line' id='line_1_22' title="bbox 150 941 940 976; baseline 0.004 -9"><span class='ocrx_word' id='word_1_157' title='bbox 150 942 258 976; x_wconf 79' lang='grc' dir='ltr'>Κύριος</span> <span class='ocrx_word' id='word_1_158' title='bbox 270 941 371 968; x_wconf 83' lang='grc' dir='ltr'>αὐτῶν</span> <span class='ocrx_word' id='word_1_159' title='bbox 385 942 491 976; x_wconf 77' lang='grc' dir='ltr'>χρείαν</span> <span class='ocrx_word' id='word_1_160' title='bbox 514 941 586 976; x_wconf 76' lang='grc' dir='ltr'>ἔχει.</span> <span class='ocrx_word' id='word_1_161' title='bbox 608 942 730 975; x_wconf 79' lang='grc' dir='ltr'><strong>Εὐθέως</strong></span> <span class='ocrx_word' id='word_1_162' title='bbox 749 943 783 969; x_wconf 80' lang='grc' dir='ltr'><strong>δὲ</strong></span> <span class='ocrx_word' id='word_1_163' title='bbox 812 944 940 971; x_wconf 83' lang='grc' dir='ltr'>ἀποστε-</span> 
     </span>
    </p>
   </div>
   <div class='ocr_carea' id='block_1_23' title="bbox 149 987 939 1023">
    <p class='ocr_par' dir='ltr' id='par_1_23' title="bbox 149 987 939 1023">
     <span class='ocr_line' id='line_1_23' title="bbox 149 987 939 1023; baseline 0.003 -10"><span class='ocrx_word' id='word_1_164' title='bbox 149 987 261 1022; x_wconf 66' lang='grc' dir='ltr'><strong>λεῗμτ)</strong></span> <span class='ocrx_word' id='word_1_165' title='bbox 280 987 366 1014; x_wconf 76' lang='grc' dir='ltr'>αὐτά.</span> <span class='ocrx_word' id='word_1_166' title='bbox 380 988 456 1014; x_wconf 82' lang='grc' dir='ltr'><strong>Καὶὸ</strong></span> <span class='ocrx_word' id='word_1_167' title='bbox 478 987 527 1023; x_wconf 77' lang='grc' dir='ltr'><strong>μὲν</strong></span> <span class='ocrx_word' id='word_1_168' title='bbox 546 988 664 1023; x_wconf 83' lang='grc' dir='ltr'>Χριστὸς</span> <span class='ocrx_word' id='word_1_169' title='bbox 675 988 777 1023; x_wconf 80' lang='grc' dir='ltr'><strong>Κύριον</strong></span> <span class='ocrx_word' id='word_1_170' title='bbox 793 989 888 1015; x_wconf 81' lang='grc' dir='ltr'>ἑαυτὸν</span> <span class='ocrx_word' id='word_1_171' title='bbox 901 989 939 1021; x_wconf 85' lang='grc' dir='ltr'><strong>ὡς</strong></span> 
     </span>
    </p>
   </div>
   <div class='ocr_carea' id='block_1_24' title="bbox 149 1033 938 1069">
    <p class='ocr_par' dir='ltr' id='par_1_24' title="bbox 149 1033 938 1069">
     <span class='ocr_line' id='line_1_24' title="bbox 149 1033 938 1069; baseline 0.003 -10"><span class='ocrx_word' id='word_1_172' title='bbox 149 1033 263 1068; x_wconf 76' lang='grc' dir='ltr'>κτίστης</span> <span class='ocrx_word' id='word_1_173' title='bbox 277 1033 327 1068; x_wconf 83' lang='grc' dir='ltr'><strong>τῆς</strong></span> <span class='ocrx_word' id='word_1_174' title='bbox 343 1042 372 1059; x_wconf 83' lang='grc' dir='ltr'><strong>τε</strong></span> <span class='ocrx_word' id='word_1_175' title='bbox 395 1033 456 1060; x_wconf 79' lang='grc' dir='ltr'>ὄνου</span> <span class='ocrx_word' id='word_1_176' title='bbox 483 1034 531 1060; x_wconf 71' lang='grc' dir='ltr'><strong>καὶ</strong></span> <span class='ocrx_word' id='word_1_177' title='bbox 562 1034 610 1060; x_wconf 76' lang='grc' dir='ltr'>τοῦ</span> <span class='ocrx_word' id='word_1_178' title='bbox 629 1033 721 1061; x_wconf 82' lang='grc' dir='ltr'>πώλου</span> <span class='ocrx_word' id='word_1_179' title='bbox 744 1034 838 1068; x_wconf 80' lang='grc' dir='ltr'><strong>λέγει·</strong></span> <span class='ocrx_word' id='word_1_180' title='bbox 870 1035 886 1069; x_wconf 84' lang='grc' dir='ltr'><strong>ἡ</strong></span> <span class='ocrx_word' id='word_1_181' title='bbox 910 1035 938 1061; x_wconf 84' lang='grc' dir='ltr'><strong>δὲ</strong></span> 
     </span>
    </p>
   </div>
   <div class='ocr_carea' id='block_1_25' title="bbox 149 1078 938 1114">
    <p class='ocr_par' dir='ltr' id='par_1_25' title="bbox 149 1078 938 1114">
     <span class='ocr_line' id='line_1_25' title="bbox 149 1078 938 1114; baseline 0 -9"><span class='ocrx_word' id='word_1_182' title='bbox 149 1078 304 1105; x_wconf 77' lang='grc' dir='ltr'>ἀποστασία</span> <span class='ocrx_word' id='word_1_183' title='bbox 337 1079 386 1105; x_wconf 75' lang='grc' dir='ltr'>οὐκ</span> <span class='ocrx_word' id='word_1_184' title='bbox 405 1079 531 1114; x_wconf 78' lang='grc' dir='ltr'>ἀνέχεται</span> <span class='ocrx_word' id='word_1_185' title='bbox 558 1078 648 1111; x_wconf 82' lang='grc' dir='ltr'>τοῦτο,</span> <span class='ocrx_word' id='word_1_186' title='bbox 681 1079 751 1106; x_wconf 77' lang='grc' dir='ltr'>ἀλλὰ</span> <span class='ocrx_word' id='word_1_187' title='bbox 777 1079 828 1114; x_wconf 81' lang='grc' dir='ltr'>τῆς</span> <span class='ocrx_word' id='word_1_188' title='bbox 855 1079 938 1106; x_wconf 82' lang='grc' dir='ltr'>αὑτοῦ</span> 
     </span>
    </p>
   </div>
   <div class='ocr_carea' id='block_1_26' title="bbox 149 1124 937 1160">
    <p class='ocr_par' dir='ltr' id='par_1_26' title="bbox 149 1124 937 1160">
     <span class='ocr_line' id='line_1_26' title="bbox 149 1124 937 1160; baseline 0.001 -10"><span class='ocrx_word' id='word_1_189' title='bbox 149 1124 274 1155; x_wconf 72' lang='grc' dir='ltr'>ἐξουσίας</span> <span class='ocrx_word' id='word_1_190' title='bbox 283 1124 444 1159; x_wconf 77' lang='grc' dir='ltr'>ἁρπάζουσα</span> <span class='ocrx_word' id='word_1_191' title='bbox 459 1124 512 1150; x_wconf 79' lang='grc' dir='ltr'><strong>ὑπὸ</strong></span> <span class='ocrx_word' id='word_1_192' title='bbox 523 1125 573 1160; x_wconf 84' lang='grc' dir='ltr'>τὴν</span> <span class='ocrx_word' id='word_1_193' title='bbox 584 1124 767 1160; x_wconf 78' lang='grc' dir='ltr'>δημιουργίαν</span> <span class='ocrx_word' id='word_1_194' title='bbox 783 1125 875 1152; x_wconf 82' lang='grc' dir='ltr'>τάττει</span> <span class='ocrx_word' id='word_1_195' title='bbox 891 1125 937 1151; x_wconf 83' lang='grc' dir='ltr'>τοῦ</span> 
     </span>
    </p>
   </div>
   <div class='ocr_carea' id='block_1_27' title="bbox 157 1170 938 1207">
    <p class='ocr_par' dir='ltr' id='par_1_27' title="bbox 157 1170 938 1207">
     <span class='ocr_line' id='line_1_27' title="bbox 157 1170 938 1207; baseline 0.003 -11"><span class='ocrx_word' id='word_1_196' title='bbox 157 1170 281 1206; x_wconf 82' lang='grc' dir='ltr'>Ἐχθροῦ.</span> <span class='ocrx_word' id='word_1_197' title='bbox 301 1171 374 1197; x_wconf 85' lang='grc' dir='ltr'>Ἐδει</span> <span class='ocrx_word' id='word_1_198' title='bbox 389 1170 460 1204; x_wconf 76' lang='grc' dir='ltr'><strong>δὲ,εξ</strong></span> <span class='ocrx_word' id='word_1_199' title='bbox 485 1172 549 1206; x_wconf 80' lang='grc' dir='ltr'>μήτι</span> <span class='ocrx_word' id='word_1_200' title='bbox 562 1171 636 1202; x_wconf 76' lang='grc' dir='ltr'>ἄλλο.</span> <span class='ocrx_word' id='word_1_201' title='bbox 658 1172 853 1207; x_wconf 65' lang='grc' dir='ltr'>δυσωπηθῐψαι</span> <span class='ocrx_word' id='word_1_202' title='bbox 875 1172 938 1204; x_wconf 82' lang='grc' dir='ltr'>τοὺς</span> 
     </span>
    </p>
   </div>
   <div class='ocr_carea' id='block_1_28' title="bbox 149 1216 938 1252">
    <p class='ocr_par' dir='ltr' id='par_1_28' title="bbox 149 1216 938 1252">
     <span class='ocr_line' id='line_1_28' title="bbox 149 1216 938 1252; baseline 0.001 -10"><span class='ocrx_word' id='word_1_203' title='bbox 149 1217 346 1252; x_wconf 81' lang='grc' dir='ltr'>ἁδυσωπὴτους</span> <span class='ocrx_word' id='word_1_204' title='bbox 365 1217 474 1249; x_wconf 76' lang='grc' dir='ltr'>καὶτὰς</span> <span class='ocrx_word' id='word_1_205' title='bbox 491 1217 573 1249; x_wconf 78' lang='grc' dir='ltr'>ἄλλας</span> <span class='ocrx_word' id='word_1_206' title='bbox 591 1216 639 1243; x_wconf 82' lang='grc' dir='ltr'>τοῦ</span> <span class='ocrx_word' id='word_1_207' title='bbox 660 1217 805 1244; x_wconf 82' lang='grc' dir='ltr'>θεσπεσίου</span> <span class='ocrx_word' id='word_1_208' title='bbox 832 1217 938 1244; x_wconf 77' lang='grc' dir='ltr'>Παύλου</span> 
     </span>
    </p>
   </div>
   <div class='ocr_carea' id='block_1_29' title="bbox 150 1259 938 1298">
    <p class='ocr_par' dir='ltr' id='par_1_29' title="bbox 150 1259 938 1298">
     <span class='ocr_line' id='line_1_29' title="bbox 150 1259 938 1298; baseline 0.001 -10"><span class='ocrx_word' id='word_1_209' title='bbox 150 1263 252 1295; x_wconf 67' lang='grc' dir='ltr'><strong>φωνάς.</strong></span> <span class='ocrx_word' id='word_1_210' title='bbox 273 1262 390 1296; x_wconf 77' lang='grc' dir='ltr'>Λέγουσι</span> <span class='ocrx_word' id='word_1_211' title='bbox 415 1262 470 1297; x_wconf 79' lang='grc' dir='ltr'>γὰρ</span> <span class='ocrx_word' id='word_1_212' title='bbox 494 1259 585 1295; x_wconf 73' lang='grc' dir='ltr'>αὗται,</span> <span class='ocrx_word' id='word_1_213' title='bbox 604 1262 718 1298; x_wconf 78' lang='grc' dir='ltr'>μείζονα</span> <span class='ocrx_word' id='word_1_214' title='bbox 731 1263 780 1297; x_wconf 81' lang='grc' dir='ltr'>μὲν</span> <span class='ocrx_word' id='word_1_215' title='bbox 791 1261 839 1288; x_wconf 83' lang='grc' dir='ltr'>τοῦ</span> <span class='ocrx_word' id='word_1_216' title='bbox 870 1263 938 1298; x_wconf 77' lang='grc' dir='ltr'>ὀμω-</span> 
     </span>
    </p>
   </div>
   <div class='ocr_carea' id='block_1_30' title="bbox 150 1307 939 1345">
    <p class='ocr_par' dir='ltr' id='par_1_30' title="bbox 150 1307 939 1345">
     <span class='ocr_line' id='line_1_30' title="bbox 150 1307 939 1345; baseline 0.001 -11"><span class='ocrx_word' id='word_1_217' title='bbox 150 1308 266 1342; x_wconf 78' lang='grc' dir='ltr'>μοκότος</span> <span class='ocrx_word' id='word_1_218' title='bbox 287 1308 327 1343; x_wconf 82' lang='grc' dir='ltr'>τῷ</span> <span class='ocrx_word' id='word_1_219' title='bbox 351 1307 476 1344; x_wconf 80' lang='grc' dir='ltr'>’Δόραὰμ</span> <span class='ocrx_word' id='word_1_220' title='bbox 503 1310 540 1345; x_wconf 83' lang='grc' dir='ltr'><strong>μὴ</strong></span> <span class='ocrx_word' id='word_1_221' title='bbox 565 1308 634 1335; x_wconf 84' lang='grc' dir='ltr'>εἶναι</span> <span class='ocrx_word' id='word_1_222' title='bbox 662 1309 753 1344; x_wconf 75' lang='grc' dir='ltr'>ἕτερον</span> <span class='ocrx_word' id='word_1_223' title='bbox 781 1309 863 1341; x_wconf 81' lang='grc' dir='ltr'>Θεὸν,</span> <span class='ocrx_word' id='word_1_224' title='bbox 893 1308 939 1336; x_wconf 80' lang='grc' dir='ltr'>καὶ</span> 
     </span>
    </p>
   </div>
   <div class='ocr_carea' id='block_1_31' title="bbox 149 1354 938 1389">
    <p class='ocr_par' dir='ltr' id='par_1_31' title="bbox 149 1354 938 1389">
     <span class='ocr_line' id='line_1_31' title="bbox 149 1354 938 1389; baseline -0.001 -7"><span class='ocrx_word' id='word_1_225' title='bbox 149 1355 319 1389; x_wconf 77' lang='grc' dir='ltr'>ἀμετάθετον</span> <span class='ocrx_word' id='word_1_226' title='bbox 333 1355 363 1382; x_wconf 81' lang='grc' dir='ltr'><strong>ἐν</strong></span> <span class='ocrx_word' id='word_1_227' title='bbox 374 1356 435 1386; x_wconf 87' lang='grc' dir='ltr'>ταῖς</span> <span class='ocrx_word' id='word_1_228' title='bbox 455 1354 633 1389; x_wconf 74' lang='grc' dir='ltr'>ἐπαγγελίαις</span> <span class='ocrx_word' id='word_1_229' title='bbox 645 1374 652 1386; x_wconf 86' lang='lat'><strong>,</strong></span> <span class='ocrx_word' id='word_1_230' title='bbox 677 1355 724 1381; x_wconf 73' lang='grc' dir='ltr'>καὶ</span> <span class='ocrx_word' id='word_1_231' title='bbox 743 1354 874 1381; x_wconf 83' lang='grc' dir='ltr'>ἀδύνατον</span> <span class='ocrx_word' id='word_1_232' title='bbox 889 1355 938 1381; x_wconf 81' lang='grc' dir='ltr'>αύ-</span> 
     </span>
    </p>
   </div>
   <div class='ocr_carea' id='block_1_32' title="bbox 150 1399 940 1435">
    <p class='ocr_par' dir='ltr' id='par_1_32' title="bbox 150 1399 940 1435">
     <span class='ocr_line' id='line_1_32' title="bbox 150 1399 940 1435; baseline 0 -9"><span class='ocrx_word' id='word_1_233' title='bbox 150 1399 358 1434; x_wconf 65' lang='grc' dir='ltr'>τδιιψεύσασθαι</span> <span class='ocrx_word' id='word_1_234' title='bbox 375 1399 479 1435; x_wconf 80' lang='grc' dir='ltr'>(οὓτως</span> <span class='ocrx_word' id='word_1_235' title='bbox 492 1400 567 1434; x_wconf 84' lang='grc' dir='ltr'>αὐτῷ</span> <span class='ocrx_word' id='word_1_236' title='bbox 581 1399 611 1426; x_wconf 86' lang='grc' dir='ltr'><strong>τὸ</strong></span> <span class='ocrx_word' id='word_1_237' title='bbox 630 1400 679 1435; x_wconf 79' lang='grc' dir='ltr'><strong>τῆς</strong></span> <span class='ocrx_word' id='word_1_238' title='bbox 688 1399 822 1435; x_wconf 68' lang='grc' dir='ltr'>ἀληθείας-ι</span> <span class='ocrx_word' id='word_1_239' title='bbox 831 1400 940 1435; x_wconf 79' lang='grc' dir='ltr'>ἀξίωμα</span> 
     </span>
    </p>
   </div>
   <div class='ocr_carea' id='block_1_33' title="bbox 151 1444 940 1480">
    <p class='ocr_par' dir='ltr' id='par_1_33' title="bbox 151 1444 940 1480">
     <span class='ocr_line' id='line_1_33' title="bbox 151 1444 940 1480; baseline 0.001 -9"><span class='ocrx_word' id='word_1_240' title='bbox 151 1444 352 1480; x_wconf 83' lang='grc' dir='ltr'>συνουσίωται)</span> <span class='ocrx_word' id='word_1_241' title='bbox 368 1445 414 1471; x_wconf 73' lang='grc' dir='ltr'><strong>καὶ</strong></span> <span class='ocrx_word' id='word_1_242' title='bbox 429 1446 478 1480; x_wconf 85' lang='grc' dir='ltr'>τῆς</span> <span class='ocrx_word' id='word_1_243' title='bbox 495 1445 574 1480; x_wconf 82' lang='grc' dir='ltr'>ἡμῶν</span> <span class='ocrx_word' id='word_1_244' title='bbox 587 1445 643 1472; x_wconf 85' lang='grc' dir='ltr'><strong>τῶν</strong></span> <span class='ocrx_word' id='word_1_245' title='bbox 671 1445 842 1480; x_wconf 78' lang='grc' dir='ltr'>Χριστιανῶν</span> <span class='ocrx_word' id='word_1_246' title='bbox 865 1445 940 1472; x_wconf 79' lang='grc' dir='ltr'>ἐλπί-</span> 
     </span>
    </p>
   </div>
   <div class='ocr_carea' id='block_1_34' title="bbox 149 1490 974 1543">
    <p class='ocr_par' dir='ltr' id='par_1_34' title="bbox 149 1490 974 1543">
     <span class='ocr_line' id='line_1_34' title="bbox 149 1490 974 1543; baseline 0 -26"><span class='ocrx_word' id='word_1_247' title='bbox 149 1492 196 1523; x_wconf 78' lang='grc' dir='ltr'>δος</span> <span class='ocrx_word' id='word_1_248' title='bbox 210 1491 341 1526; x_wconf 80' lang='grc' dir='ltr'>παροχέα.</span> <span class='ocrx_word' id='word_1_249' title='bbox 358 1491 412 1517; x_wconf 78' lang='grc' dir='ltr'><strong>Καὶ</strong></span> <span class='ocrx_word' id='word_1_250' title='bbox 428 1491 482 1526; x_wconf 85' lang='grc' dir='ltr'><strong>γάρ</strong></span> <span class='ocrx_word' id='word_1_251' title='bbox 496 1500 563 1525; x_wconf 80' lang='grc' dir='ltr'>φησι</span> <span class='ocrx_word' id='word_1_252' title='bbox 574 1499 580 1506; x_wconf 87' lang='grc'><em>’</em></span> <span class='ocrx_word' id='word_1_253' title='bbox 599 1491 640 1523; x_wconf 82' lang='grc' dir='ltr'><em>Τῷ</em></span> <span class='ocrx_word' id='word_1_254' title='bbox 653 1490 688 1517; x_wconf 81' lang='grc' dir='ltr'><em>δὲ</em></span> <span class='ocrx_word' id='word_1_255' title='bbox 709 1490 838 1526; x_wconf 75' lang='grc' dir='ltr'>Ἀϐραὰμ</span> <span class='ocrx_word' id='word_1_256' title='bbox 848 1491 940 1526; x_wconf 80' lang='grc' dir='ltr'>ἐπαγ-</span> <span class='ocrx_word' id='word_1_257' title='bbox 953 1514 974 1543; x_wconf 74' lang='lat' dir='ltr'>c</span> 
     </span>
    </p>
   </div>
   <div class='ocr_carea' id='block_1_35' title="bbox 151 1536 940 1575">
    <p class='ocr_par' dir='ltr' id='par_1_35' title="bbox 151 1536 940 1575">
     <span class='ocr_line' id='line_1_35' title="bbox 151 1536 940 1575; baseline -0.004 -8"><span class='ocrx_word' id='word_1_258' title='bbox 151 1539 328 1575; x_wconf 59' lang='grc' dir='ltr'>στειλάμενος</span> <span class='ocrx_word' id='word_1_259' title='bbox 345 1541 361 1566; x_wconf 82' lang='grc' dir='ltr'><em>ὁ</em></span> <span class='ocrx_word' id='word_1_260' title='bbox 385 1539 467 1571; x_wconf 68' lang='grc' dir='ltr'>Θεὸς,</span> <span class='ocrx_word' id='word_1_261' title='bbox 482 1538 546 1566; x_wconf 75' lang='grc' dir='ltr'>ἐπεὶ</span> <span class='ocrx_word' id='word_1_262' title='bbox 573 1539 638 1566; x_wconf 77' lang='grc' dir='ltr'>κατ’</span> <span class='ocrx_word' id='word_1_263' title='bbox 652 1538 777 1571; x_wconf 77' lang='grc' dir='ltr'>οὐδενὸς</span> <span class='ocrx_word' id='word_1_264' title='bbox 804 1536 867 1572; x_wconf 78' lang='grc' dir='ltr'>εἶχε</span> <span class='ocrx_word' id='word_1_265' title='bbox 877 1539 940 1573; x_wconf 82' lang='grc' dir='ltr'>μει-</span> 
     </span>
    </p>
   </div>
   <div class='ocr_carea' id='block_1_36' title="bbox 154 1584 940 1620">
    <p class='ocr_par' dir='ltr' id='par_1_36' title="bbox 154 1584 940 1620">
     <span class='ocr_line' id='line_1_36' title="bbox 154 1584 940 1620; baseline -0.004 -7"><span class='ocrx_word' id='word_1_266' title='bbox 154 1587 240 1619; x_wconf 78' lang='grc' dir='ltr'>ζονος</span> <span class='ocrx_word' id='word_1_267' title='bbox 267 1585 384 1620; x_wconf 81' lang='grc' dir='ltr'><strong>ὀμόσαι,</strong></span> <span class='ocrx_word' id='word_1_268' title='bbox 397 1584 496 1619; x_wconf 86' lang='grc' dir='ltr'>ὤμοσε</span> <span class='ocrx_word' id='word_1_269' title='bbox 507 1584 572 1612; x_wconf 81' lang='grc' dir='ltr'>καθ’</span> <span class='ocrx_word' id='word_1_270' title='bbox 581 1584 692 1611; x_wconf 74' lang='grc' dir='ltr'>ἑαυτοῦ</span> <span class='ocrx_word' id='word_1_271' title='bbox 704 1585 813 1618; x_wconf 74' lang='grc' dir='ltr'><strong>λέγων,</strong></span> <span class='ocrx_word' id='word_1_272' title='bbox 828 1593 856 1611; x_wconf 89' lang='grc' dir='ltr'><strong>κ.</strong></span> <span class='ocrx_word' id='word_1_273' title='bbox 875 1593 901 1611; x_wconf 86' lang='grc' dir='ltr'>τ.</span> <span class='ocrx_word' id='word_1_274' title='bbox 914 1584 940 1611; x_wconf 92' lang='grc' dir='ltr'><strong>λ.</strong></span> 
     </span>
    </p>
   </div>
   <div class='ocr_carea' id='block_1_37' title="bbox 152 1630 940 1666">
    <p class='ocr_par' dir='ltr' id='par_1_37' title="bbox 152 1630 940 1666">
     <span class='ocr_line' id='line_1_37' title="bbox 152 1630 940 1666; baseline -0.003 -8"><span class='ocrx_word' id='word_1_275' title='bbox 152 1632 202 1659; x_wconf 81' lang='grc' dir='ltr'><strong>καὶ</strong></span> <span class='ocrx_word' id='word_1_276' title='bbox 213 1631 252 1663; x_wconf 83' lang='grc' dir='ltr'>ὠς</span> <span class='ocrx_word' id='word_1_277' title='bbox 276 1630 514 1666; x_wconf 74' lang='grc' dir='ltr'>μακροθυμήσας</span> <span class='ocrx_word' id='word_1_278' title='bbox 545 1631 561 1657; x_wconf 85' lang='grc' dir='ltr'><strong>ό</strong></span> <span class='ocrx_word' id='word_1_279' title='bbox 590 1630 717 1664; x_wconf 74' lang='grc' dir='ltr'>Ἀϐραὰμ</span> <span class='ocrx_word' id='word_1_280' title='bbox 743 1630 871 1664; x_wconf 76' lang='grc' dir='ltr'>ἐπέτυχε</span> <span class='ocrx_word' id='word_1_281' title='bbox 885 1630 940 1664; x_wconf 81' lang='grc' dir='ltr'>τῆς</span> 
     </span>
    </p>
   </div>
   <div class='ocr_carea' id='block_1_38' title="bbox 155 1673 941 1711">
    <p class='ocr_par' dir='ltr' id='par_1_38' title="bbox 155 1673 941 1711">
     <span class='ocr_line' id='line_1_38' title="bbox 155 1673 941 1711; baseline -0.006 -7"><span class='ocrx_word' id='word_1_282' title='bbox 155 1676 354 1711; x_wconf 73' lang='grc' dir='ltr'>ἐπαγγελίας·</span> <span class='ocrx_word' id='word_1_283' title='bbox 380 1675 427 1701; x_wconf 71' lang='grc' dir='ltr'>καὶ</span> <span class='ocrx_word' id='word_1_284' title='bbox 450 1675 502 1706; x_wconf 84' lang='grc' dir='ltr'>ὅτι,</span> <span class='ocrx_word' id='word_1_285' title='bbox 517 1674 708 1708; x_wconf 75' lang='grc' dir='ltr'>,βουλόμενος</span> <span class='ocrx_word' id='word_1_286' title='bbox 724 1674 741 1700; x_wconf 81' lang='grc' dir='ltr'><strong>ό</strong></span> <span class='ocrx_word' id='word_1_287' title='bbox 756 1673 849 1706; x_wconf 76' lang='grc' dir='ltr'>αὐτὸς</span> <span class='ocrx_word' id='word_1_288' title='bbox 869 1673 941 1706; x_wconf 80' lang='grc' dir='ltr'>Θεὸς</span> 
     </span>
    </p>
   </div>
   <div class='ocr_carea' id='block_1_39' title="bbox 154 1718 942 1756">
    <p class='ocr_par' dir='ltr' id='par_1_39' title="bbox 154 1718 942 1756">
     <span class='ocr_line' id='line_1_39' title="bbox 154 1718 942 1756; baseline -0.006 -6"><span class='ocrx_word' id='word_1_289' title='bbox 154 1722 373 1756; x_wconf 75' lang='grc' dir='ltr'>περισσότερον</span> <span class='ocrx_word' id='word_1_290' title='bbox 399 1719 547 1752; x_wconf 77' lang='grc' dir='ltr'>ἐπιδεῖξαι</span> <span class='ocrx_word' id='word_1_291' title='bbox 576 1719 638 1752; x_wconf 82' lang='grc' dir='ltr'>τοῖς</span> <span class='ocrx_word' id='word_1_292' title='bbox 659 1719 862 1754; x_wconf 78' lang='grc' dir='ltr'><strong>κληρονόμοις</strong></span> <span class='ocrx_word' id='word_1_293' title='bbox 887 1718 942 1753; x_wconf 80' lang='grc' dir='ltr'>τῆς</span> 
     </span>
    </p>
   </div>
   <div class='ocr_carea' id='block_1_40' title="bbox 153 1763 942 1804">
    <p class='ocr_par' dir='ltr' id='par_1_40' title="bbox 153 1763 942 1804">
     <span class='ocr_line' id='line_1_40' title="bbox 153 1763 942 1804; baseline -0.006 -9"><span class='ocrx_word' id='word_1_294' title='bbox 153 1767 346 1804; x_wconf 75' lang='grc' dir='ltr'>ἐπαγγελίας,</span> <span class='ocrx_word' id='word_1_295' title='bbox 358 1766 457 1797; x_wconf 80' lang='grc' dir='ltr'>οιτινές</span> <span class='ocrx_word' id='word_1_296' title='bbox 482 1766 566 1800; x_wconf 83' lang='grc' dir='ltr'>ὲσμεν</span> <span class='ocrx_word' id='word_1_297' title='bbox 581 1765 673 1800; x_wconf 82' lang='grc' dir='ltr'>ἡμεῖς,</span> <span class='ocrx_word' id='word_1_298' title='bbox 700 1764 734 1791; x_wconf 79' lang='grc' dir='ltr'>τὸ</span> <span class='ocrx_word' id='word_1_299' title='bbox 759 1763 942 1799; x_wconf 75' lang='grc' dir='ltr'>ἀμετάθετον</span> 
     </span>
    </p>
   </div>
   <div class='ocr_carea' id='block_1_41' title="bbox 154 1809 942 1849">
    <p class='ocr_par' dir='ltr' id='par_1_41' title="bbox 154 1809 942 1849">
     <span class='ocr_line' id='line_1_41' title="bbox 154 1809 942 1849; baseline -0.006 -8"><span class='ocrx_word' id='word_1_300' title='bbox 154 1813 210 1849; x_wconf 83' lang='grc' dir='ltr'>τῆς</span> <span class='ocrx_word' id='word_1_301' title='bbox 225 1812 346 1847; x_wconf 78' lang='grc' dir='ltr'>βουλῆς</span> <span class='ocrx_word' id='word_1_302' title='bbox 361 1811 454 1839; x_wconf 83' lang='grc' dir='ltr'>αὑτοῦ</span> <span class='ocrx_word' id='word_1_303' title='bbox 474 1810 670 1846; x_wconf 81' lang='grc' dir='ltr'>ἐμεσίτευσεν</span> <span class='ocrx_word' id='word_1_304' title='bbox 699 1809 795 1844; x_wconf 82' lang='grc' dir='ltr'><strong>ὅρκῳ·</strong></span> <span class='ocrx_word' id='word_1_305' title='bbox 821 1809 871 1837; x_wconf 64' lang='grc' dir='ltr'><strong>ἵνα</strong></span> <span class='ocrx_word' id='word_1_306' title='bbox 892 1809 942 1837; x_wconf 77' lang='grc' dir='ltr'><strong>διὰ</strong></span> 
     </span>
    </p>
   </div>
   <div class='ocr_carea' id='block_1_42' title="bbox 155 1854 944 1894">
    <p class='ocr_par' dir='ltr' id='par_1_42' title="bbox 155 1854 944 1894">
     <span class='ocr_line' id='line_1_42' title="bbox 155 1854 944 1894; baseline -0.008 -7"><span class='ocrx_word' id='word_1_307' title='bbox 155 1861 210 1887; x_wconf 83' lang='grc' dir='ltr'><strong>δύο</strong></span> <span class='ocrx_word' id='word_1_308' title='bbox 235 1857 414 1894; x_wconf 71' lang='grc' dir='ltr'>πραγμάτιον</span> <span class='ocrx_word' id='word_1_309' title='bbox 440 1857 636 1891; x_wconf 81' lang='grc' dir='ltr'>ἀμεταθέτων,</span> <span class='ocrx_word' id='word_1_310' title='bbox 664 1856 699 1882; x_wconf 81' lang='grc' dir='ltr'><strong>ἐν</strong></span> <span class='ocrx_word' id='word_1_311' title='bbox 726 1854 771 1889; x_wconf 82' lang='grc' dir='ltr'>οἷς</span> <span class='ocrx_word' id='word_1_312' title='bbox 792 1855 944 1883; x_wconf 77' lang='grc' dir='ltr'>ἀδύνατον</span> 
     </span>
    </p>
   </div>
   <div class='ocr_carea' id='block_1_43' title="bbox 155 1901 939 1942">
    <p class='ocr_par' dir='ltr' id='par_1_43' title="bbox 155 1901 939 1942">
     <span class='ocr_line' id='line_1_43' title="bbox 155 1901 939 1942; baseline -0.005 -9"><span class='ocrx_word' id='word_1_313' title='bbox 155 1906 329 1942; x_wconf 56' lang='grc' dir='ltr'><strong>⁸ψεύσασθαι</strong></span> <span class='ocrx_word' id='word_1_314' title='bbox 350 1903 436 1936; x_wconf 84' lang='grc' dir='ltr'><strong>Θεὸν,</strong></span> <span class='ocrx_word' id='word_1_315' title='bbox 457 1904 585 1938; x_wconf 80' lang='grc' dir='ltr'>ἰσχυρὰν</span> <span class='ocrx_word' id='word_1_316' title='bbox 596 1901 790 1937; x_wconf 74' lang='grc' dir='ltr'>παράκλησιν</span> <span class='ocrx_word' id='word_1_317' title='bbox 810 1902 939 1936; x_wconf 74' lang='grc' dir='ltr'><strong>ἔχωμεν.</strong></span> 
     </span>
    </p>
   </div>
   <div class='ocr_carea' id='block_1_44' title="bbox 155 1947 944 1986">
    <p class='ocr_par' dir='ltr' id='par_1_44' title="bbox 155 1947 944 1986">
     <span class='ocr_line' id='line_1_44' title="bbox 155 1947 944 1986; baseline -0.008 -7"><span class='ocrx_word' id='word_1_318' title='bbox 155 1952 234 1983; x_wconf 78' lang='grc' dir='ltr'>Τίνες</span> <span class='ocrx_word' id='word_1_319' title='bbox 244 1951 299 1986; x_wconf 71' lang='lat'><strong>(48)</strong></span> <span class='ocrx_word' id='word_1_320' title='bbox 309 1958 316 1982; x_wconf 89' lang='lat'>;</span> <span class='ocrx_word' id='word_1_321' title='bbox 332 1950 427 1984; x_wconf 82' lang='grc' dir='ltr'>Ἡμεῖς</span> <span class='ocrx_word' id='word_1_322' title='bbox 436 1949 460 1976; x_wconf 79' lang='grc' dir='ltr'><strong>οἱ</strong></span> <span class='ocrx_word' id='word_1_323' title='bbox 467 1948 670 1982; x_wconf 77' lang='grc' dir='ltr'>καταφυγόντες</span> <span class='ocrx_word' id='word_1_324' title='bbox 679 1947 816 1983; x_wconf 80' lang='grc' dir='ltr'>κρατῆσαι</span> <span class='ocrx_word' id='word_1_325' title='bbox 825 1947 873 1982; x_wconf 82' lang='grc' dir='ltr'>τῆς</span> <span class='ocrx_word' id='word_1_326' title='bbox 881 1956 944 1983; x_wconf 88' lang='grc' dir='ltr'>προ-</span> 
     </span>
    </p>
   </div>
   <div class='ocr_carea' id='block_1_45' title="bbox 156 1992 944 2031">
    <p class='ocr_par' dir='ltr' id='par_1_45' title="bbox 156 1992 944 2031">
     <span class='ocr_line' id='line_1_45' title="bbox 156 1992 944 2031; baseline -0.005 -9"><span class='ocrx_word' id='word_1_327' title='bbox 156 1996 287 2031; x_wconf 82' lang='grc' dir='ltr'><strong>κειμένης</strong></span> <span class='ocrx_word' id='word_1_328' title='bbox 301 1995 420 2026; x_wconf 79' lang='grc' dir='ltr'>ὲλπιδος.</span> <span class='ocrx_word' id='word_1_329' title='bbox 433 1994 586 2030; x_wconf 78' lang='grc' dir='ltr'>Προσέσχες</span> <span class='ocrx_word' id='word_1_330' title='bbox 598 1993 653 2029; x_wconf 71' lang='grc'><strong>(49)</strong></span> <span class='ocrx_word' id='word_1_331' title='bbox 667 1994 740 2024; x_wconf 83' lang='grc' dir='ltr'>ὅπως</span> <span class='ocrx_word' id='word_1_332' title='bbox 755 1992 867 2027; x_wconf 74' lang='grc' dir='ltr'>μείζονα</span> <span class='ocrx_word' id='word_1_333' title='bbox 878 1992 944 2019; x_wconf 77' lang='grc' dir='ltr'>Θεὸν</span> 
     </span>
    </p>
   </div>
   <div class='ocr_carea' id='block_1_46' title="bbox 155 2037 944 2076">
    <p class='ocr_par' dir='ltr' id='par_1_46' title="bbox 155 2037 944 2076">
     <span class='ocr_line' id='line_1_46' title="bbox 155 2037 944 2076; baseline -0.005 -7"><span class='ocrx_word' id='word_1_334' title='bbox 155 2042 252 2069; x_wconf 72' lang='grc' dir='ltr'>οὐδένα</span> <span class='ocrx_word' id='word_1_335' title='bbox 265 2040 339 2076; x_wconf 76' lang='grc' dir='ltr'>λέγει</span> <span class='ocrx_word' id='word_1_336' title='bbox 351 2040 444 2076; x_wconf 73' lang='grc' dir='ltr'>ἕτερον</span> <span class='ocrx_word' id='word_1_337' title='bbox 463 2039 510 2066; x_wconf 82' lang='grc' dir='ltr'>τοῦ</span> <span class='ocrx_word' id='word_1_338' title='bbox 533 2039 721 2074; x_wconf 83' lang='grc' dir='ltr'>παρασχόντος</span> <span class='ocrx_word' id='word_1_339' title='bbox 730 2038 783 2071; x_wconf 76' lang='grc' dir='ltr'><strong>τὸν</strong></span> <span class='ocrx_word' id='word_1_340' title='bbox 808 2039 889 2072; x_wconf 86' lang='grc' dir='ltr'>ὅρκον</span> <span class='ocrx_word' id='word_1_341' title='bbox 905 2037 944 2073; x_wconf 82' lang='grc' dir='ltr'>τῷ</span> 
     </span>
    </p>
   </div>
   <div class='ocr_carea' id='block_1_47' title="bbox 163 2084 942 2123">
    <p class='ocr_par' dir='ltr' id='par_1_47' title="bbox 163 2084 942 2123">
     <span class='ocr_line' id='line_1_47' title="bbox 163 2084 942 2123; baseline -0.005 -8"><span class='ocrx_word' id='word_1_342' title='bbox 163 2088 306 2123; x_wconf 75' lang='grc' dir='ltr'>Ἀϐραάμς</span> <span class='ocrx_word' id='word_1_343' title='bbox 329 2087 388 2119; x_wconf 85' lang='grc' dir='ltr'><strong>πῶς</strong></span> <span class='ocrx_word' id='word_1_344' title='bbox 407 2086 435 2113; x_wconf 79' lang='grc' dir='ltr'><strong>δὲ</strong></span> <span class='ocrx_word' id='word_1_345' title='bbox 461 2086 552 2120; x_wconf 85' lang='grc' dir='ltr'>πάσης</span> <span class='ocrx_word' id='word_1_346' title='bbox 577 2086 659 2112; x_wconf 81' lang='grc' dir='ltr'>αὐτὸν</span> <span class='ocrx_word' id='word_1_347' title='bbox 687 2084 816 2120; x_wconf 82' lang='grc' dir='ltr'>ἀληθείας</span> <span class='ocrx_word' id='word_1_348' title='bbox 838 2085 942 2119; x_wconf 83' lang='grc' dir='ltr'>ἀνακη-</span> 
     </span>
    </p>
   </div>
   <div class='ocr_carea' id='block_1_48' title="bbox 157 2131 944 2170">
    <p class='ocr_par' dir='ltr' id='par_1_48' title="bbox 157 2131 944 2170">
     <span class='ocr_line' id='line_1_48' title="bbox 157 2131 944 2170; baseline -0.005 -9"><span class='ocrx_word' id='word_1_349' title='bbox 157 2135 248 2170; x_wconf 80' lang='grc' dir='ltr'>ρύττει</span> <span class='ocrx_word' id='word_1_350' title='bbox 263 2134 355 2169; x_wconf 80' lang='grc' dir='ltr'>πηγήν</span> <span class='ocrx_word' id='word_1_351' title='bbox 368 2142 375 2166; x_wconf 87' lang='lat'><strong>;</strong></span> <span class='ocrx_word' id='word_1_352' title='bbox 388 2134 461 2164; x_wconf 80' lang='grc' dir='ltr'>ὅπως</span> <span class='ocrx_word' id='word_1_353' title='bbox 473 2132 501 2158; x_wconf 74' lang='grc' dir='ltr'><strong>δὲ</strong></span> <span class='ocrx_word' id='word_1_354' title='bbox 517 2132 597 2166; x_wconf 83' lang='grc' dir='ltr'>ἡμεῖς</span> <span class='ocrx_word' id='word_1_355' title='bbox 619 2131 643 2157; x_wconf 74' lang='grc' dir='ltr'>οἱ</span> <span class='ocrx_word' id='word_1_356' title='bbox 659 2131 876 2162; x_wconf 76' lang='grc' dir='ltr'>πεπιστευκότες</span> <span class='ocrx_word' id='word_1_357' title='bbox 903 2132 944 2162; x_wconf 82' lang='grc' dir='ltr'><strong>είς</strong></span> 
     </span>
    </p>
   </div>
   <div class='ocr_carea' id='block_1_49' title="bbox 989 214 1777 252">
    <p class='ocr_par' dir='ltr' id='par_1_49' title="bbox 989 214 1777 252">
     <span class='ocr_line' id='line_1_49' title="bbox 989 214 1777 252; baseline -0.004 -8"><span class='ocrx_word' id='word_1_358' title='bbox 989 218 1036 244; x_wconf 84' lang='lat' dir='ltr'><strong>sed</strong></span> <span class='ocrx_word' id='word_1_359' title='bbox 1057 218 1078 244; x_wconf 89' lang='lat' dir='ltr'><strong>is</strong></span> <span class='ocrx_word' id='word_1_360' title='bbox 1091 218 1137 252; x_wconf 97' lang='lat' dir='ltr'><strong>qui</strong></span> <span class='ocrx_word' id='word_1_361' title='bbox 1161 226 1208 245; x_wconf 87' lang='lat' dir='ltr'><strong>eos</strong></span> <span class='ocrx_word' id='word_1_362' title='bbox 1224 218 1346 249; x_wconf 77' lang='lat' dir='ltr'><strong>vacavit,</strong></span> <span class='ocrx_word' id='word_1_363' title='bbox 1369 217 1506 251; x_wconf 88' lang='lat' dir='ltr'><strong>quomodo</strong></span> <span class='ocrx_word' id='word_1_364' title='bbox 1524 224 1578 243; x_wconf 92' lang='lat' dir='ltr'><strong>non</strong></span> <span class='ocrx_word' id='word_1_365' title='bbox 1593 223 1636 242; x_wconf 86' lang='lat' dir='ltr'><strong>res</strong></span> <span class='ocrx_word' id='word_1_366' title='bbox 1656 214 1724 242; x_wconf 74' lang='lat' dir='ltr'><strong>Novi</strong></span> <span class='ocrx_word' id='word_1_367' title='bbox 1749 220 1777 242; x_wconf 84' lang='lat' dir='ltr'><strong>et</strong></span> 
     </span>
    </p>
   </div>
   <div class='ocr_carea' id='block_1_50' title="bbox 989 261 1776 297">
    <p class='ocr_par' dir='ltr' id='par_1_50' title="bbox 989 261 1776 297">
     <span class='ocr_line' id='line_1_50' title="bbox 989 261 1776 297; baseline -0.003 -9"><span class='ocrx_word' id='word_1_368' title='bbox 989 261 1094 290; x_wconf 78' lang='lat' dir='ltr'><strong>Veteris</strong></span> <span class='ocrx_word' id='word_1_369' title='bbox 1110 262 1274 290; x_wconf 86' lang='lat' dir='ltr'><strong>Testamcnli</strong></span> <span class='ocrx_word' id='word_1_370' title='bbox 1291 262 1411 297; x_wconf 81' lang='lat' dir='ltr'><strong>ejusdem</strong></span> <span class='ocrx_word' id='word_1_371' title='bbox 1424 261 1486 289; x_wconf 87' lang='lat' dir='ltr'><strong>boni</strong></span> <span class='ocrx_word' id='word_1_372' title='bbox 1502 261 1548 288; x_wconf 87' lang='lat' dir='ltr'><strong>Dei</strong></span> <span class='ocrx_word' id='word_1_373' title='bbox 1564 265 1591 288; x_wconf 91' lang='lat' dir='ltr'><strong>et</strong></span> <span class='ocrx_word' id='word_1_374' title='bbox 1605 268 1686 295; x_wconf 80' lang='lat' dir='ltr'><strong>opera</strong></span> <span class='ocrx_word' id='word_1_375' title='bbox 1713 264 1776 287; x_wconf 82' lang='lat' dir='ltr'><strong>sunt</strong></span> 
     </span>
    </p>
   </div>
   <div class='ocr_carea' id='block_1_51' title="bbox 989 306 1775 343">
    <p class='ocr_par' dir='ltr' id='par_1_51' title="bbox 989 306 1775 343">
     <span class='ocr_line' id='line_1_51' title="bbox 989 306 1775 343; baseline -0.004 -8"><span class='ocrx_word' id='word_1_376' title='bbox 989 312 1016 335; x_wconf 90' lang='lat' dir='ltr'><strong>et</strong></span> <span class='ocrx_word' id='word_1_377' title='bbox 1031 308 1200 343; x_wconf 68' lang='lat' dir='ltr'><strong>legcsiNum</strong></span> <span class='ocrx_word' id='word_1_378' title='bbox 1218 316 1282 336; x_wconf 92' lang='lat' dir='ltr'><strong>vero</strong></span> <span class='ocrx_word' id='word_1_379' title='bbox 1293 307 1452 335; x_wconf 86' lang='lat' dir='ltr'><strong>deiectionis</strong></span> <span class='ocrx_word' id='word_1_380' title='bbox 1469 307 1546 334; x_wconf 90' lang='lat' dir='ltr'><strong>turba</strong></span> <span class='ocrx_word' id='word_1_381' title='bbox 1560 327 1568 340; x_wconf 89' lang='lat'><strong>,</strong></span> <span class='ocrx_word' id='word_1_382' title='bbox 1595 306 1665 334; x_wconf 83' lang='lat' dir='ltr'><strong>facta</strong></span> <span class='ocrx_word' id='word_1_383' title='bbox 1683 306 1775 340; x_wconf 87' lang='lat' dir='ltr'><strong>impu-</strong></span> 
     </span>
    </p>
   </div>
   <div class='ocr_carea' id='block_1_52' title="bbox 989 352 1775 388">
    <p class='ocr_par' dir='ltr' id='par_1_52' title="bbox 989 352 1775 388">
     <span class='ocr_line' id='line_1_52' title="bbox 989 352 1775 388; baseline -0.004 -7"><span class='ocrx_word' id='word_1_384' title='bbox 989 353 1107 385; x_wconf 85' lang='lat' dir='ltr'><strong>dcntior,</strong></span> <span class='ocrx_word' id='word_1_385' title='bbox 1120 353 1269 386; x_wconf 88' lang='lat' dir='ltr'><strong>Christum,</strong></span> <span class='ocrx_word' id='word_1_386' title='bbox 1287 353 1428 380; x_wconf 76' lang='lat' dir='ltr'><strong>veritatem</strong></span> <span class='ocrx_word' id='word_1_387' title='bbox 1441 353 1539 388; x_wconf 83' lang='lat' dir='ltr'><strong>ipsam,</strong></span> <span class='ocrx_word' id='word_1_388' title='bbox 1555 352 1689 380; x_wconf 81' lang='lat' dir='ltr'><strong>mendacii</strong></span> <span class='ocrx_word' id='word_1_389' title='bbox 1711 355 1775 378; x_wconf 85' lang='lat' dir='ltr'><strong>nota</strong></span> 
     </span>
    </p>
   </div>
   <div class='ocr_carea' id='block_1_53' title="bbox 989 398 1775 432">
    <p class='ocr_par' dir='ltr' id='par_1_53' title="bbox 989 398 1775 432">
     <span class='ocr_line' id='line_1_53' title="bbox 989 398 1775 432; baseline -0.001 -7"><span class='ocrx_word' id='word_1_390' title='bbox 989 399 1145 426; x_wconf 78' lang='lat' dir='ltr'><strong>insimulare</strong></span> <span class='ocrx_word' id='word_1_391' title='bbox 1158 399 1336 426; x_wconf 89' lang='lat' dir='ltr'><strong>audeat?lllc</strong></span> <span class='ocrx_word' id='word_1_392' title='bbox 1364 399 1435 426; x_wconf 85' lang='lat' dir='ltr'><strong>enim</strong></span> <span class='ocrx_word' id='word_1_393' title='bbox 1465 398 1522 426; x_wconf 83' lang='lat' dir='ltr'><strong>ait:</strong></span> <span class='ocrx_word' id='word_1_394' title='bbox 1544 398 1629 425; x_wconf 77' lang='lat' dir='ltr'><strong>Veniet</strong></span> <span class='ocrx_word' id='word_1_395' title='bbox 1655 398 1775 432; x_wconf 75' lang='lat' dir='ltr'><strong>princeps</strong></span> 
     </span>
    </p>
   </div>
   <div class='ocr_carea' id='block_1_54' title="bbox 989 444 1774 478">
    <p class='ocr_par' dir='ltr' id='par_1_54' title="bbox 989 444 1774 478">
     <span class='ocr_line' id='line_1_54' title="bbox 989 444 1774 478; baseline -0.001 -8"><span class='ocrx_word' id='word_1_396' title='bbox 989 445 1090 477; x_wconf 85' lang='lat' dir='ltr'><strong>mundi,</strong></span> <span class='ocrx_word' id='word_1_397' title='bbox 1102 449 1125 471; x_wconf 85' lang='lat' dir='ltr'><strong>et</strong></span> <span class='ocrx_word' id='word_1_398' title='bbox 1141 446 1168 471; x_wconf 90' lang='lat' dir='ltr'><strong>in</strong></span> <span class='ocrx_word' id='word_1_399' title='bbox 1184 453 1224 471; x_wconf 89' lang='lat' dir='ltr'><strong>me</strong></span> <span class='ocrx_word' id='word_1_400' title='bbox 1241 445 1355 472; x_wconf 78' lang='lat' dir='ltr'><strong>inveniet</strong></span> <span class='ocrx_word' id='word_1_401' title='bbox 1371 444 1436 470; x_wconf 83' lang='lat' dir='ltr'><strong>nihil</strong></span> <span class='ocrx_word' id='word_1_402' title='bbox 1451 445 1483 470; x_wconf 79' lang='grc'><strong>²².</strong></span> <span class='ocrx_word' id='word_1_403' title='bbox 1502 444 1561 478; x_wconf 89' lang='lat' dir='ltr'><strong>Ipsa</strong></span> <span class='ocrx_word' id='word_1_404' title='bbox 1577 451 1643 470; x_wconf 77' lang='lat' dir='ltr'><strong>vero</strong></span> <span class='ocrx_word' id='word_1_405' title='bbox 1665 450 1774 478; x_wconf 90' lang='lat' dir='ltr'><strong>corpus,</strong></span> 
     </span>
    </p>
   </div>
   <div class='ocr_carea' id='block_1_55' title="bbox 990 488 1777 524">
    <p class='ocr_par' dir='ltr' id='par_1_55' title="bbox 990 488 1777 524">
     <span class='ocr_line' id='line_1_55' title="bbox 990 488 1777 524; baseline -0.004 -7"><span class='ocrx_word' id='word_1_406' title='bbox 990 490 1062 524; x_wconf 91' lang='lat' dir='ltr'><strong>quod</strong></span> <span class='ocrx_word' id='word_1_407' title='bbox 1075 489 1294 523; x_wconf 80' lang='lat' dir='ltr'><strong>circumferebat,</strong></span> <span class='ocrx_word' id='word_1_408' title='bbox 1307 494 1459 517; x_wconf 81' lang='lat' dir='ltr'><strong>creaturam</strong></span> <span class='ocrx_word' id='word_1_409' title='bbox 1474 489 1537 516; x_wconf 82' lang='lat' dir='ltr'><strong>mali</strong></span> <span class='ocrx_word' id='word_1_410' title='bbox 1554 489 1708 521; x_wconf 85' lang='lat' dir='ltr'><strong>vcnditans,</strong></span> <span class='ocrx_word' id='word_1_411' title='bbox 1724 488 1777 515; x_wconf 81' lang='lat' dir='ltr'><strong>Vc-</strong></span> 
     </span>
    </p>
   </div>
   <div class='ocr_carea' id='block_1_56' title="bbox 991 533 1777 570">
    <p class='ocr_par' dir='ltr' id='par_1_56' title="bbox 991 533 1777 570">
     <span class='ocr_line' id='line_1_56' title="bbox 991 533 1777 570; baseline -0.004 -8"><span class='ocrx_word' id='word_1_412' title='bbox 991 535 1097 562; x_wconf 83' lang='lat' dir='ltr'><strong>ritalcm</strong></span> <span class='ocrx_word' id='word_1_413' title='bbox 1118 535 1252 562; x_wconf 85' lang='lat' dir='ltr'><strong>virulente</strong></span> <span class='ocrx_word' id='word_1_414' title='bbox 1266 535 1399 562; x_wconf 77' lang='lat' dir='ltr'><strong>mendacii</strong></span> <span class='ocrx_word' id='word_1_415' title='bbox 1424 534 1524 570; x_wconf 78' lang='lat' dir='ltr'><strong>arguit.</strong></span> <span class='ocrx_word' id='word_1_416' title='bbox 1554 535 1643 568; x_wconf 80' lang='lat' dir='ltr'><strong>Atque</strong></span> <span class='ocrx_word' id='word_1_417' title='bbox 1657 534 1700 560; x_wconf 87' lang='lat' dir='ltr'><strong>ille</strong></span> <span class='ocrx_word' id='word_1_418' title='bbox 1715 533 1777 567; x_wconf 92' lang='lat' dir='ltr'><strong>qui-</strong></span> 
     </span>
    </p>
   </div>
   <div class='ocr_carea' id='block_1_57' title="bbox 990 578 1776 614">
    <p class='ocr_par' dir='ltr' id='par_1_57' title="bbox 990 578 1776 614">
     <span class='ocr_line' id='line_1_57' title="bbox 990 578 1776 614; baseline -0.004 -7"><span class='ocrx_word' id='word_1_419' title='bbox 990 580 1063 612; x_wconf 91' lang='lat' dir='ltr'><strong>dem,</strong></span> <span class='ocrx_word' id='word_1_420' title='bbox 1076 585 1105 607; x_wconf 93' lang='lat' dir='ltr'><strong>ut</strong></span> <span class='ocrx_word' id='word_1_421' title='bbox 1124 580 1254 607; x_wconf 88' lang='lat' dir='ltr'><strong>Dominus</strong></span> <span class='ocrx_word' id='word_1_422' title='bbox 1269 581 1389 608; x_wconf 90' lang='lat' dir='ltr'><strong>omnium</strong></span> <span class='ocrx_word' id='word_1_423' title='bbox 1403 585 1429 607; x_wconf 91' lang='lat' dir='ltr'><strong>ct</strong></span> <span class='ocrx_word' id='word_1_424' title='bbox 1446 580 1579 614; x_wconf 86' lang='lat' dir='ltr'><strong>superior,</strong></span> <span class='ocrx_word' id='word_1_425' title='bbox 1596 583 1622 606; x_wconf 87' lang='lat' dir='ltr'><strong>et</strong></span> <span class='ocrx_word' id='word_1_426' title='bbox 1635 578 1776 610; x_wconf 82' lang='lat' dir='ltr'><strong>Conditor,</strong></span> 
     </span>
    </p>
   </div>
   <div class='ocr_carea' id='block_1_58' title="bbox 990 625 1778 660">
    <p class='ocr_par' dir='ltr' id='par_1_58' title="bbox 990 625 1778 660">
     <span class='ocr_line' id='line_1_58' title="bbox 990 625 1778 660; baseline -0.001 -8"><span class='ocrx_word' id='word_1_427' title='bbox 990 626 1098 660; x_wconf 83' lang='lat' dir='ltr'><strong>quando</strong></span> <span class='ocrx_word' id='word_1_428' title='bbox 1113 625 1146 652; x_wconf 88' lang='lat' dir='ltr'><strong>ad</strong></span> <span class='ocrx_word' id='word_1_429' title='bbox 1161 625 1327 660; x_wconf 82' lang='lat' dir='ltr'><strong>passionem,</strong></span> <span class='ocrx_word' id='word_1_430' title='bbox 1355 626 1458 653; x_wconf 89' lang='lat' dir='ltr'><strong>mundo</strong></span> <span class='ocrx_word' id='word_1_431' title='bbox 1474 625 1646 660; x_wconf 77' lang='lat' dir='ltr'><strong>profuturam</strong></span> <span class='ocrx_word' id='word_1_432' title='bbox 1658 645 1665 656; x_wconf 96' lang='lat'><strong>,</strong></span> <span class='ocrx_word' id='word_1_433' title='bbox 1682 629 1778 659; x_wconf 89' lang='lat' dir='ltr'><strong>sponte</strong></span> 
     </span>
    </p>
   </div>
   <div class='ocr_carea' id='block_1_59' title="bbox 991 669 1778 704">
    <p class='ocr_par' dir='ltr' id='par_1_59' title="bbox 991 669 1778 704">
     <span class='ocr_line' id='line_1_59' title="bbox 991 669 1778 704; baseline -0.003 -7"><span class='ocrx_word' id='word_1_434' title='bbox 991 678 1038 698; x_wconf 85' lang='lat' dir='ltr'><strong>sua</strong></span> <span class='ocrx_word' id='word_1_435' title='bbox 1050 669 1184 701; x_wconf 74' lang='lat' dir='ltr'><strong>veniebat,</strong></span> <span class='ocrx_word' id='word_1_436' title='bbox 1199 677 1229 696; x_wconf 88' lang='lat' dir='ltr'><strong>se</strong></span> <span class='ocrx_word' id='word_1_437' title='bbox 1242 673 1269 696; x_wconf 86' lang='lat' dir='ltr'><strong>et</strong></span> <span class='ocrx_word' id='word_1_438' title='bbox 1283 670 1366 698; x_wconf 69' lang='lat' dir='ltr'><strong>asina:</strong></span> <span class='ocrx_word' id='word_1_439' title='bbox 1377 673 1403 696; x_wconf 86' lang='lat' dir='ltr'><strong>et</strong></span> <span class='ocrx_word' id='word_1_440' title='bbox 1414 670 1478 704; x_wconf 88' lang='lat' dir='ltr'><strong>pulli</strong></span> <span class='ocrx_word' id='word_1_441' title='bbox 1493 670 1633 696; x_wconf 90' lang='lat' dir='ltr'><strong>dominum</strong></span> <span class='ocrx_word' id='word_1_442' title='bbox 1647 669 1778 696; x_wconf 83' lang='lat' dir='ltr'><strong>adversus</strong></span> 
     </span>
    </p>
   </div>
   <div class='ocr_carea' id='block_1_60' title="bbox 991 714 1779 751">
    <p class='ocr_par' dir='ltr' id='par_1_60' title="bbox 991 714 1779 751">
     <span class='ocr_line' id='line_1_60' title="bbox 991 714 1779 751; baseline -0.004 -8"><span class='ocrx_word' id='word_1_443' title='bbox 991 716 1138 751; x_wconf 80' lang='lat' dir='ltr'><strong>discipulos</strong></span> <span class='ocrx_word' id='word_1_444' title='bbox 1165 716 1329 743; x_wconf 84' lang='lat' dir='ltr'><strong>declarabat.</strong></span> <span class='ocrx_word' id='word_1_445' title='bbox 1358 715 1424 742; x_wconf 83' lang='lat' dir='ltr'><strong>Nam</strong></span> <span class='ocrx_word' id='word_1_446' title='bbox 1438 719 1576 742; x_wconf 73' lang='lat' dir='ltr'><strong>creaturas</strong></span> <span class='ocrx_word' id='word_1_447' title='bbox 1593 714 1715 742; x_wconf 88' lang='lat' dir='ltr'><strong>dominio</strong></span> <span class='ocrx_word' id='word_1_448' title='bbox 1729 722 1779 742; x_wconf 87' lang='lat' dir='ltr'><strong>suo</strong></span> 
     </span>
    </p>
   </div>
   <div class='ocr_carea' id='block_1_61' title="bbox 991 761 1777 797">
    <p class='ocr_par' dir='ltr' id='par_1_61' title="bbox 991 761 1777 797">
     <span class='ocr_line' id='line_1_61' title="bbox 991 761 1777 797; baseline 0 -9"><span class='ocrx_word' id='word_1_449' title='bbox 991 767 1019 789; x_wconf 90' lang='lat' dir='ltr'><strong>et</strong></span> <span class='ocrx_word' id='word_1_450' title='bbox 1036 762 1149 797; x_wconf 89' lang='lat' dir='ltr'><strong>imperio</strong></span> <span class='ocrx_word' id='word_1_451' title='bbox 1164 770 1240 797; x_wconf 74' lang='lat' dir='ltr'><strong>teque</strong></span> <span class='ocrx_word' id='word_1_452' title='bbox 1255 763 1384 794; x_wconf 84' lang='lat' dir='ltr'><strong>vindicat,</strong></span> <span class='ocrx_word' id='word_1_453' title='bbox 1405 770 1436 789; x_wconf 82' lang='lat' dir='ltr'><strong>ac</strong></span> <span class='ocrx_word' id='word_1_454' title='bbox 1460 762 1602 793; x_wconf 86' lang='lat' dir='ltr'><strong>mundum,</strong></span> <span class='ocrx_word' id='word_1_455' title='bbox 1619 765 1646 788; x_wconf 87' lang='lat' dir='ltr'><strong>et</strong></span> <span class='ocrx_word' id='word_1_456' title='bbox 1669 770 1730 796; x_wconf 77' lang='lat' dir='ltr'><strong>qua:</strong></span> <span class='ocrx_word' id='word_1_457' title='bbox 1750 761 1777 788; x_wconf 94' lang='lat' dir='ltr'><strong>in</strong></span> 
     </span>
    </p>
   </div>
   <div class='ocr_carea' id='block_1_62' title="bbox 992 807 1781 843">
    <p class='ocr_par' dir='ltr' id='par_1_62' title="bbox 992 807 1781 843">
     <span class='ocr_line' id='line_1_62' title="bbox 992 807 1781 843; baseline -0.001 -8"><span class='ocrx_word' id='word_1_458' title='bbox 992 816 1024 835; x_wconf 86' lang='lat' dir='ltr'><strong>eo</strong></span> <span class='ocrx_word' id='word_1_459' title='bbox 1037 813 1110 835; x_wconf 92' lang='lat' dir='ltr'><strong>sunt.</strong></span> <span class='ocrx_word' id='word_1_460' title='bbox 1125 807 1188 835; x_wconf 88' lang='lat' dir='ltr'><strong>ideo</strong></span> <span class='ocrx_word' id='word_1_461' title='bbox 1203 808 1253 835; x_wconf 86' lang='lat' dir='ltr'><strong>ait:</strong></span> <span class='ocrx_word' id='word_1_462' title='bbox 1271 808 1301 835; x_wconf 86' lang='lat' dir='ltr'><strong>Si</strong></span> <span class='ocrx_word' id='word_1_463' title='bbox 1313 809 1371 843; x_wconf 81' lang='lat' dir='ltr'><strong>quis</strong></span> <span class='ocrx_word' id='word_1_464' title='bbox 1384 808 1529 842; x_wconf 79' lang='lat' dir='ltr'><strong>quidquam</strong></span> <span class='ocrx_word' id='word_1_465' title='bbox 1549 807 1618 834; x_wconf 80' lang='lat' dir='ltr'><strong>vobis</strong></span> <span class='ocrx_word' id='word_1_466' title='bbox 1632 807 1728 834; x_wconf 69' lang='lat' dir='ltr'><strong>dixerit</strong></span> <span class='ocrx_word' id='word_1_467' title='bbox 1740 807 1781 834; x_wconf 55' lang='lat' dir='ltr'><strong>diu</strong></span> 
     </span>
    </p>
   </div>
   <div class='ocr_carea' id='block_1_63' title="bbox 956 850 1778 888">
    <p class='ocr_par' dir='ltr' id='par_1_63' title="bbox 956 850 1778 888">
     <span class='ocr_line' id='line_1_63' title="bbox 956 850 1778 888; baseline -0.001 -8"><span class='ocrx_word' id='word_1_468' title='bbox 956 850 975 875; x_wconf 71' lang='grc' dir='ltr'><strong>Β</strong></span> <span class='ocrx_word' id='word_1_469' title='bbox 989 854 1055 880; x_wconf 87' lang='lat' dir='ltr'><strong>cite:</strong></span> <span class='ocrx_word' id='word_1_470' title='bbox 1072 853 1198 880; x_wconf 83' lang='lat' dir='ltr'><strong>Dominus</strong></span> <span class='ocrx_word' id='word_1_471' title='bbox 1219 854 1272 880; x_wconf 85' lang='lat' dir='ltr'><strong>illis</strong></span> <span class='ocrx_word' id='word_1_472' title='bbox 1288 862 1352 888; x_wconf 79' lang='lat' dir='ltr'><strong>opus</strong></span> <span class='ocrx_word' id='word_1_473' title='bbox 1377 853 1464 880; x_wconf 82' lang='lat' dir='ltr'><strong>habet.</strong></span> <span class='ocrx_word' id='word_1_474' title='bbox 1481 853 1577 879; x_wconf 84' lang='lat' dir='ltr'><strong>Statim</strong></span> <span class='ocrx_word' id='word_1_475' title='bbox 1592 861 1651 880; x_wconf 82' lang='lat' dir='ltr'><strong>vero</strong></span> <span class='ocrx_word' id='word_1_476' title='bbox 1666 853 1778 879; x_wconf 78' lang='lat' dir='ltr'><strong>dimittet</strong></span> 
     </span>
    </p>
   </div>
   <div class='ocr_carea' id='block_1_64' title="bbox 990 898 1779 934">
    <p class='ocr_par' dir='ltr' id='par_1_64' title="bbox 990 898 1779 934">
     <span class='ocr_line' id='line_1_64' title="bbox 990 898 1779 934; baseline 0 -9"><span class='ocrx_word' id='word_1_477' title='bbox 990 899 1037 925; x_wconf 83' lang='lat' dir='ltr'><strong>illa</strong></span> <span class='ocrx_word' id='word_1_478' title='bbox 1052 899 1086 926; x_wconf 82' lang='lat'><strong>“.</strong></span> <span class='ocrx_word' id='word_1_479' title='bbox 1105 900 1139 926; x_wconf 89' lang='lat' dir='ltr'><strong>Et</strong></span> <span class='ocrx_word' id='word_1_480' title='bbox 1152 899 1277 927; x_wconf 77' lang='lat' dir='ltr'><strong>Christus</strong></span> <span class='ocrx_word' id='word_1_481' title='bbox 1294 899 1415 934; x_wconf 85' lang='lat' dir='ltr'><strong>quidem,</strong></span> <span class='ocrx_word' id='word_1_482' title='bbox 1433 903 1462 926; x_wconf 92' lang='lat' dir='ltr'><strong>ut</strong></span> <span class='ocrx_word' id='word_1_483' title='bbox 1477 899 1613 931; x_wconf 88' lang='lat' dir='ltr'><strong>conditor,</strong></span> <span class='ocrx_word' id='word_1_484' title='bbox 1633 898 1779 925; x_wconf 84' lang='lat' dir='ltr'><strong>Dominum</strong></span> 
     </span>
    </p>
   </div>
   <div class='ocr_carea' id='block_1_65' title="bbox 990 943 1778 980">
    <p class='ocr_par' dir='ltr' id='par_1_65' title="bbox 990 943 1778 980">
     <span class='ocr_line' id='line_1_65' title="bbox 990 943 1778 980; baseline -0.001 -8"><span class='ocrx_word' id='word_1_485' title='bbox 990 953 1019 972; x_wconf 85' lang='lat' dir='ltr'><strong>se</strong></span> <span class='ocrx_word' id='word_1_486' title='bbox 1031 950 1058 973; x_wconf 87' lang='lat' dir='ltr'><strong>et</strong></span> <span class='ocrx_word' id='word_1_487' title='bbox 1070 946 1153 973; x_wconf 79' lang='lat' dir='ltr'><strong>asinae</strong></span> <span class='ocrx_word' id='word_1_488' title='bbox 1164 949 1192 974; x_wconf 89' lang='lat' dir='ltr'><strong>et</strong></span> <span class='ocrx_word' id='word_1_489' title='bbox 1203 946 1269 980; x_wconf 87' lang='lat' dir='ltr'><strong>pulli</strong></span> <span class='ocrx_word' id='word_1_490' title='bbox 1284 951 1378 973; x_wconf 83' lang='lat' dir='ltr'><strong>vocat:</strong></span> <span class='ocrx_word' id='word_1_491' title='bbox 1393 950 1421 972; x_wconf 89' lang='lat' dir='ltr'><strong>at</strong></span> <span class='ocrx_word' id='word_1_492' title='bbox 1436 949 1620 980; x_wconf 87' lang='lat' dir='ltr'><strong>apostatarum</strong></span> <span class='ocrx_word' id='word_1_493' title='bbox 1636 943 1778 972; x_wconf 83' lang='lat' dir='ltr'><strong>factiohoc</strong></span> 
     </span>
    </p>
   </div>
   <div class='ocr_carea' id='block_1_66' title="bbox 990 990 1779 1027">
    <p class='ocr_par' dir='ltr' id='par_1_66' title="bbox 990 990 1779 1027">
     <span class='ocr_line' id='line_1_66' title="bbox 990 990 1779 1027; baseline 0 -10"><span class='ocrx_word' id='word_1_494' title='bbox 990 998 1045 1027; x_wconf 82' lang='lat' dir='ltr'><strong>non</strong></span> <span class='ocrx_word' id='word_1_495' title='bbox 1055 990 1118 1023; x_wconf 84' lang='lat' dir='ltr'><strong>fert,</strong></span> <span class='ocrx_word' id='word_1_496' title='bbox 1132 991 1179 1019; x_wconf 87' lang='lat' dir='ltr'><strong>sed</strong></span> <span class='ocrx_word' id='word_1_497' title='bbox 1191 991 1317 1026; x_wconf 87' lang='lat' dir='ltr'><strong>potestati</strong></span> <span class='ocrx_word' id='word_1_498' title='bbox 1335 991 1393 1026; x_wconf 88' lang='lat' dir='ltr'><strong>ejus</strong></span> <span class='ocrx_word' id='word_1_499' title='bbox 1411 991 1563 1026; x_wconf 88' lang='lat' dir='ltr'><strong>surripiens</strong></span> <span class='ocrx_word' id='word_1_500' title='bbox 1579 991 1706 1025; x_wconf 79' lang='lat' dir='ltr'><strong>potestati</strong></span> <span class='ocrx_word' id='word_1_501' title='bbox 1731 991 1779 1017; x_wconf 91' lang='lat' dir='ltr'><strong>ho-</strong></span> 
     </span>
    </p>
   </div>
   <div class='ocr_carea' id='block_1_67' title="bbox 990 1036 1779 1071">
    <p class='ocr_par' dir='ltr' id='par_1_67' title="bbox 990 1036 1779 1071">
     <span class='ocr_line' id='line_1_67' title="bbox 990 1036 1779 1071; baseline -0.001 -8"><span class='ocrx_word' id='word_1_502' title='bbox 990 1036 1038 1064; x_wconf 90' lang='lat' dir='ltr'><strong>stis</strong></span> <span class='ocrx_word' id='word_1_503' title='bbox 1046 1036 1165 1071; x_wconf 88' lang='lat' dir='ltr'><strong>subjicit.</strong></span> <span class='ocrx_word' id='word_1_504' title='bbox 1177 1037 1212 1064; x_wconf 88' lang='lat' dir='ltr'><strong>At</strong></span> <span class='ocrx_word' id='word_1_505' title='bbox 1227 1037 1349 1064; x_wconf 85' lang='lat' dir='ltr'><strong>homines</strong></span> <span class='ocrx_word' id='word_1_506' title='bbox 1364 1036 1437 1063; x_wconf 92' lang='lat' dir='ltr'><strong>omni</strong></span> <span class='ocrx_word' id='word_1_507' title='bbox 1449 1036 1553 1071; x_wconf 85' lang='lat' dir='ltr'><strong>pudore</strong></span> <span class='ocrx_word' id='word_1_508' title='bbox 1562 1043 1663 1063; x_wconf 77' lang='lat' dir='ltr'><strong>vacuos</strong></span> <span class='ocrx_word' id='word_1_509' title='bbox 1677 1036 1779 1070; x_wconf 86' lang='lat' dir='ltr'><strong>pudere</strong></span> 
     </span>
    </p>
   </div>
   <div class='ocr_carea' id='block_1_68' title="bbox 990 1080 1778 1109">
    <p class='ocr_par' dir='ltr' id='par_1_68' title="bbox 990 1080 1778 1109">
     <span class='ocr_line' id='line_1_68' title="bbox 990 1080 1778 1109; baseline -0.001 -2"><span class='ocrx_word' id='word_1_510' title='bbox 990 1081 1104 1108; x_wconf 84' lang='lat' dir='ltr'><strong>debebat</strong></span> <span class='ocrx_word' id='word_1_511' title='bbox 1116 1081 1158 1108; x_wconf 85' lang='lat' dir='ltr'><strong>vel</strong></span> <span class='ocrx_word' id='word_1_512' title='bbox 1172 1081 1206 1108; x_wconf 89' lang='lat' dir='ltr'><strong>ob</strong></span> <span class='ocrx_word' id='word_1_513' title='bbox 1219 1081 1302 1108; x_wconf 89' lang='lat' dir='ltr'><strong>divini</strong></span> <span class='ocrx_word' id='word_1_514' title='bbox 1318 1081 1394 1108; x_wconf 85' lang='lat' dir='ltr'><strong>Pauli</strong></span> <span class='ocrx_word' id='word_1_515' title='bbox 1405 1081 1524 1109; x_wconf 87' lang='lat' dir='ltr'><strong>oracula.</strong></span> <span class='ocrx_word' id='word_1_516' title='bbox 1546 1081 1592 1108; x_wconf 88' lang='lat' dir='ltr'><strong>Illa</strong></span> <span class='ocrx_word' id='word_1_517' title='bbox 1605 1081 1679 1108; x_wconf 91' lang='lat' dir='ltr'><strong>cnim</strong></span> <span class='ocrx_word' id='word_1_518' title='bbox 1706 1080 1778 1107; x_wconf 81' lang='lat' dir='ltr'><strong>aliir-</strong></span> 
     </span>
    </p>
   </div>
   <div class='ocr_carea' id='block_1_69' title="bbox 989 1126 1779 1161">
    <p class='ocr_par' dir='ltr' id='par_1_69' title="bbox 989 1126 1779 1161">
     <span class='ocr_line' id='line_1_69' title="bbox 989 1126 1779 1161; baseline 0 -9"><span class='ocrx_word' id='word_1_519' title='bbox 989 1131 1075 1158; x_wconf 85' lang='lat' dir='ltr'><strong>mant,</strong></span> <span class='ocrx_word' id='word_1_520' title='bbox 1094 1127 1225 1161; x_wconf 84' lang='lat' dir='ltr'><strong>majorem</strong></span> <span class='ocrx_word' id='word_1_521' title='bbox 1241 1134 1285 1159; x_wconf 88' lang='lat' dir='ltr'><strong>eo,</strong></span> <span class='ocrx_word' id='word_1_522' title='bbox 1309 1127 1355 1161; x_wconf 89' lang='lat' dir='ltr'><strong>qui</strong></span> <span class='ocrx_word' id='word_1_523' title='bbox 1371 1127 1505 1161; x_wconf 85' lang='lat' dir='ltr'><strong>juravcrit</strong></span> <span class='ocrx_word' id='word_1_524' title='bbox 1518 1126 1674 1154; x_wconf 83' lang='lat' dir='ltr'><strong>Abrahamo</strong></span> <span class='ocrx_word' id='word_1_525' title='bbox 1691 1147 1698 1160; x_wconf 86' lang='lat'><strong>,</strong></span> <span class='ocrx_word' id='word_1_526' title='bbox 1723 1134 1779 1153; x_wconf 89' lang='lat' dir='ltr'><strong>non</strong></span> 
     </span>
    </p>
   </div>
   <div class='ocr_carea' id='block_1_70' title="bbox 989 1170 1779 1205">
    <p class='ocr_par' dir='ltr' id='par_1_70' title="bbox 989 1170 1779 1205">
     <span class='ocr_line' id='line_1_70' title="bbox 989 1170 1779 1205; baseline 0.001 -8"><span class='ocrx_word' id='word_1_527' title='bbox 989 1177 1051 1197; x_wconf 88' lang='lat' dir='ltr'><strong>esse</strong></span> <span class='ocrx_word' id='word_1_528' title='bbox 1066 1170 1148 1197; x_wconf 89' lang='lat' dir='ltr'><strong>alium</strong></span> <span class='ocrx_word' id='word_1_529' title='bbox 1169 1170 1266 1203; x_wconf 86' lang='lat' dir='ltr'><strong>Deum,</strong></span> <span class='ocrx_word' id='word_1_530' title='bbox 1280 1178 1396 1205; x_wconf 88' lang='lat' dir='ltr'><strong>eumque</strong></span> <span class='ocrx_word' id='word_1_531' title='bbox 1412 1171 1439 1197; x_wconf 92' lang='lat' dir='ltr'><strong>in</strong></span> <span class='ocrx_word' id='word_1_532' title='bbox 1466 1171 1696 1205; x_wconf 86' lang='lat' dir='ltr'><strong>promissionibus</strong></span> <span class='ocrx_word' id='word_1_533' title='bbox 1722 1171 1779 1198; x_wconf 91' lang='lat' dir='ltr'><strong>suis</strong></span> 
     </span>
    </p>
   </div>
   <div class='ocr_carea' id='block_1_71' title="bbox 989 1215 1779 1251">
    <p class='ocr_par' dir='ltr' id='par_1_71' title="bbox 989 1215 1779 1251">
     <span class='ocr_line' id='line_1_71' title="bbox 989 1215 1779 1251; baseline 0.001 -9"><span class='ocrx_word' id='word_1_534' title='bbox 989 1215 1196 1248; x_wconf 84' lang='lat' dir='ltr'><strong>immutabilem,</strong></span> <span class='ocrx_word' id='word_1_535' title='bbox 1215 1219 1243 1243; x_wconf 87' lang='lat' dir='ltr'><strong>et</strong></span> <span class='ocrx_word' id='word_1_536' title='bbox 1269 1216 1313 1250; x_wconf 93' lang='lat' dir='ltr'><strong>qui</strong></span> <span class='ocrx_word' id='word_1_537' title='bbox 1328 1215 1437 1242; x_wconf 89' lang='lat' dir='ltr'><strong>mcnliri</strong></span> <span class='ocrx_word' id='word_1_538' title='bbox 1465 1223 1519 1242; x_wconf 91' lang='lat' dir='ltr'><strong>non</strong></span> <span class='ocrx_word' id='word_1_539' title='bbox 1538 1216 1624 1250; x_wconf 91' lang='lat' dir='ltr'><strong>possit</strong></span> <span class='ocrx_word' id='word_1_540' title='bbox 1640 1216 1705 1250; x_wconf 92' lang='lat' dir='ltr'><strong>(quo</strong></span> <span class='ocrx_word' id='word_1_541' title='bbox 1718 1216 1779 1251; x_wconf 91' lang='lat' dir='ltr'><strong>ipso</strong></span> 
     </span>
    </p>
   </div>
   <div class='ocr_carea' id='block_1_72' title="bbox 990 1262 1778 1297">
    <p class='ocr_par' dir='ltr' id='par_1_72' title="bbox 990 1262 1778 1297">
     <span class='ocr_line' id='line_1_72' title="bbox 990 1262 1778 1297; baseline 0.001 -8"><span class='ocrx_word' id='word_1_542' title='bbox 990 1262 1090 1290; x_wconf 86' lang='lat' dir='ltr'><strong>veritas</strong></span> <span class='ocrx_word' id='word_1_543' title='bbox 1112 1267 1239 1297; x_wconf 86' lang='lat' dir='ltr'><strong>tanquam</strong></span> <span class='ocrx_word' id='word_1_544' title='bbox 1255 1262 1288 1289; x_wconf 85' lang='lat' dir='ltr'><strong>ad</strong></span> <span class='ocrx_word' id='word_1_545' title='bbox 1304 1262 1449 1289; x_wconf 86' lang='lat' dir='ltr'><strong>essentiam</strong></span> <span class='ocrx_word' id='word_1_546' title='bbox 1462 1263 1520 1297; x_wconf 88' lang='lat' dir='ltr'><strong>ejus</strong></span> <span class='ocrx_word' id='word_1_547' title='bbox 1532 1262 1673 1297; x_wconf 85' lang='lat' dir='ltr'><strong>pertinens</strong></span> <span class='ocrx_word' id='word_1_548' title='bbox 1688 1263 1778 1291; x_wconf 83' lang='lat' dir='ltr'><strong>decla-</strong></span> 
     </span>
    </p>
   </div>
   <div class='ocr_carea' id='block_1_73' title="bbox 991 1308 1780 1343">
    <p class='ocr_par' dir='ltr' id='par_1_73' title="bbox 991 1308 1780 1343">
     <span class='ocr_line' id='line_1_73' title="bbox 991 1308 1780 1343; baseline 0.001 -9"><span class='ocrx_word' id='word_1_549' title='bbox 991 1308 1083 1343; x_wconf 87' lang='lat' dir='ltr'><strong>ratur)</strong></span> <span class='ocrx_word' id='word_1_550' title='bbox 1106 1312 1259 1343; x_wconf 68' lang='lat' dir='ltr'><strong>nostrzequc</strong></span> <span class='ocrx_word' id='word_1_551' title='bbox 1279 1308 1497 1335; x_wconf 88' lang='lat' dir='ltr'><strong>Christianorum</strong></span> <span class='ocrx_word' id='word_1_552' title='bbox 1514 1308 1571 1342; x_wconf 90' lang='lat' dir='ltr'><strong>spci</strong></span> <span class='ocrx_word' id='word_1_553' title='bbox 1598 1312 1692 1335; x_wconf 86' lang='lat' dir='ltr'><strong>auctor</strong></span> <span class='ocrx_word' id='word_1_554' title='bbox 1708 1309 1780 1335; x_wconf 84' lang='lat' dir='ltr'><strong>exsi-</strong></span> 
     </span>
    </p>
   </div>
   <div class='ocr_carea' id='block_1_74' title="bbox 990 1353 1778 1389">
    <p class='ocr_par' dir='ltr' id='par_1_74' title="bbox 990 1353 1778 1389">
     <span class='ocr_line' id='line_1_74' title="bbox 990 1353 1778 1389; baseline 0 -10"><span class='ocrx_word' id='word_1_555' title='bbox 990 1357 1053 1380; x_wconf 86' lang='lat' dir='ltr'><strong>stat.</strong></span> <span class='ocrx_word' id='word_1_556' title='bbox 1069 1353 1111 1380; x_wconf 86' lang='lat' dir='ltr'><strong>Ait</strong></span> <span class='ocrx_word' id='word_1_557' title='bbox 1123 1353 1196 1380; x_wconf 89' lang='lat' dir='ltr'><strong>enim</strong></span> <span class='ocrx_word' id='word_1_558' title='bbox 1217 1361 1223 1380; x_wconf 92' lang='lat'><strong>:</strong></span> <span class='ocrx_word' id='word_1_559' title='bbox 1238 1353 1386 1380; x_wconf 73' lang='lat' dir='ltr'><strong>Abrahamo</strong></span> <span class='ocrx_word' id='word_1_560' title='bbox 1402 1361 1461 1380; x_wconf 75' lang='lat' dir='ltr'><strong>vero</strong></span> <span class='ocrx_word' id='word_1_561' title='bbox 1476 1353 1608 1387; x_wconf 81' lang='lat' dir='ltr'><strong>pollicitus</strong></span> <span class='ocrx_word' id='word_1_562' title='bbox 1622 1353 1699 1386; x_wconf 85' lang='lat' dir='ltr'><strong>Deus,</strong></span> <span class='ocrx_word' id='word_1_563' title='bbox 1716 1354 1778 1389; x_wconf 85' lang='lat' dir='ltr'><strong>quia</strong></span> 
     </span>
    </p>
   </div>
   <div class='ocr_carea' id='block_1_75' title="bbox 990 1398 1780 1434">
    <p class='ocr_par' dir='ltr' id='par_1_75' title="bbox 990 1398 1780 1434">
     <span class='ocr_line' id='line_1_75' title="bbox 990 1398 1780 1434; baseline 0.001 -9"><span class='ocrx_word' id='word_1_564' title='bbox 990 1407 1036 1432; x_wconf 71' lang='lat' dir='ltr'><strong>per</strong></span> <span class='ocrx_word' id='word_1_565' title='bbox 1049 1398 1176 1433; x_wconf 74' lang='lat' dir='ltr'><strong>majorem</strong></span> <span class='ocrx_word' id='word_1_566' title='bbox 1186 1399 1280 1433; x_wconf 84' lang='lat' dir='ltr'><strong>jurure</strong></span> <span class='ocrx_word' id='word_1_567' title='bbox 1300 1407 1351 1426; x_wconf 88' lang='lat' dir='ltr'><strong>non</strong></span> <span class='ocrx_word' id='word_1_568' title='bbox 1377 1400 1472 1434; x_wconf 84' lang='lat' dir='ltr'><strong>potuit,</strong></span> <span class='ocrx_word' id='word_1_569' title='bbox 1490 1408 1537 1433; x_wconf 85' lang='lat' dir='ltr'><strong>per</strong></span> <span class='ocrx_word' id='word_1_570' title='bbox 1569 1401 1684 1434; x_wconf 73' lang='lat' dir='ltr'><strong>seipsum</strong></span> <span class='ocrx_word' id='word_1_571' title='bbox 1699 1400 1780 1434; x_wconf 70' lang='lat' dir='ltr'><strong>jnra&lt;</strong></span> 
     </span>
    </p>
   </div>
   <div class='ocr_carea' id='block_1_76' title="bbox 991 1443 1780 1479">
    <p class='ocr_par' dir='ltr' id='par_1_76' title="bbox 991 1443 1780 1479">
     <span class='ocr_line' id='line_1_76' title="bbox 991 1443 1780 1479; baseline 0.004 -10"><span class='ocrx_word' id='word_1_572' title='bbox 991 1443 1037 1476; x_wconf 84' lang='lat' dir='ltr'><strong>vit,</strong></span> <span class='ocrx_word' id='word_1_573' title='bbox 1051 1444 1140 1470; x_wconf 84' lang='lat' dir='ltr'><strong>dicens</strong></span> <span class='ocrx_word' id='word_1_574' title='bbox 1156 1443 1198 1477; x_wconf 79' lang='lat'><strong>“;</strong></span> <span class='ocrx_word' id='word_1_575' title='bbox 1215 1448 1280 1477; x_wconf 90' lang='lat' dir='ltr'><strong>etc.;</strong></span> <span class='ocrx_word' id='word_1_576' title='bbox 1293 1444 1357 1471; x_wconf 90' lang='lat' dir='ltr'><strong>item</strong></span> <span class='ocrx_word' id='word_1_577' title='bbox 1369 1444 1441 1478; x_wconf 90' lang='lat' dir='ltr'><strong>quod</strong></span> <span class='ocrx_word' id='word_1_578' title='bbox 1459 1445 1634 1476; x_wconf 79' lang='lat' dir='ltr'><strong>Abraltamus,</strong></span> <span class='ocrx_word' id='word_1_579' title='bbox 1651 1445 1780 1479; x_wconf 77' lang='lat' dir='ltr'><strong>patientia</strong></span> 
     </span>
    </p>
   </div>
   <div class='ocr_carea' id='block_1_77' title="bbox 990 1489 1780 1527">
    <p class='ocr_par' dir='ltr' id='par_1_77' title="bbox 990 1489 1780 1527">
     <span class='ocr_line' id='line_1_77' title="bbox 990 1489 1780 1527; baseline 0.003 -11"><span class='ocrx_word' id='word_1_580' title='bbox 990 1489 1100 1524; x_wconf 84' lang='lat' dir='ltr'><strong>probata</strong></span> <span class='ocrx_word' id='word_1_581' title='bbox 1114 1490 1312 1523; x_wconf 80' lang='lat' dir='ltr'><strong>promissionem</strong></span> <span class='ocrx_word' id='word_1_582' title='bbox 1328 1495 1420 1517; x_wconf 82' lang='lat' dir='ltr'><strong>nactus</strong></span> <span class='ocrx_word' id='word_1_583' title='bbox 1440 1495 1476 1517; x_wconf 78' lang='lat' dir='ltr'><strong>est</strong></span> <span class='ocrx_word' id='word_1_584' title='bbox 1494 1491 1535 1523; x_wconf 75' lang='grc'><strong>²⁸;</strong></span> <span class='ocrx_word' id='word_1_585' title='bbox 1558 1499 1609 1518; x_wconf 87' lang='lat' dir='ltr'><strong>nec</strong></span> <span class='ocrx_word' id='word_1_586' title='bbox 1624 1499 1692 1523; x_wconf 88' lang='lat' dir='ltr'><strong>non,</strong></span> <span class='ocrx_word' id='word_1_587' title='bbox 1708 1492 1780 1527; x_wconf 88' lang='lat' dir='ltr'><strong>quod</strong></span> 
     </span>
    </p>
   </div>
   <div class='ocr_carea' id='block_1_78' title="bbox 993 1535 1781 1572">
    <p class='ocr_par' dir='ltr' id='par_1_78' title="bbox 993 1535 1781 1572">
     <span class='ocr_line' id='line_1_78' title="bbox 993 1535 1781 1572; baseline 0.001 -9"><span class='ocrx_word' id='word_1_588' title='bbox 993 1536 1064 1563; x_wconf 87' lang='lat' dir='ltr'><strong>idem</strong></span> <span class='ocrx_word' id='word_1_589' title='bbox 1079 1535 1157 1567; x_wconf 85' lang='lat' dir='ltr'><strong>Deus,</strong></span> <span class='ocrx_word' id='word_1_590' title='bbox 1175 1536 1261 1562; x_wconf 81' lang='lat' dir='ltr'><strong>adhuc</strong></span> <span class='ocrx_word' id='word_1_591' title='bbox 1273 1536 1358 1571; x_wconf 82' lang='lat' dir='ltr'><strong>magis</strong></span> <span class='ocrx_word' id='word_1_592' title='bbox 1372 1537 1516 1564; x_wconf 76' lang='lat' dir='ltr'><strong>hwredibus</strong></span> <span class='ocrx_word' id='word_1_593' title='bbox 1529 1538 1719 1571; x_wconf 77' lang='lat' dir='ltr'><strong>promissionis,</strong></span> <span class='ocrx_word' id='word_1_594' title='bbox 1736 1538 1781 1572; x_wconf 90' lang='lat' dir='ltr'><strong>qui</strong></span> 
     </span>
    </p>
   </div>
   <div class='ocr_carea' id='block_1_79' title="bbox 992 1581 1781 1613">
    <p class='ocr_par' dir='ltr' id='par_1_79' title="bbox 992 1581 1781 1613">
     <span class='ocr_line' id='line_1_79' title="bbox 992 1581 1781 1613; baseline 0.003 -5"><span class='ocrx_word' id='word_1_595' title='bbox 992 1589 1043 1608; x_wconf 91' lang='lat' dir='ltr'><strong>nos</strong></span> <span class='ocrx_word' id='word_1_596' title='bbox 1057 1589 1162 1613; x_wconf 88' lang='lat' dir='ltr'><strong>sumus,</strong></span> <span class='ocrx_word' id='word_1_597' title='bbox 1179 1581 1319 1608; x_wconf 76' lang='lat' dir='ltr'><strong>consilium</strong></span> <span class='ocrx_word' id='word_1_598' title='bbox 1330 1590 1406 1609; x_wconf 78' lang='lat' dir='ltr'><strong>sintut</strong></span> <span class='ocrx_word' id='word_1_599' title='bbox 1424 1587 1451 1609; x_wconf 90' lang='lat' dir='ltr'><strong>ut</strong></span> <span class='ocrx_word' id='word_1_600' title='bbox 1468 1591 1517 1609; x_wconf 85' lang='lat' dir='ltr'><strong>non</strong></span> <span class='ocrx_word' id='word_1_601' title='bbox 1533 1583 1661 1610; x_wconf 86' lang='lat' dir='ltr'><strong>mutabile</strong></span> <span class='ocrx_word' id='word_1_602' title='bbox 1674 1584 1781 1610; x_wconf 76' lang='lat' dir='ltr'><strong>demou-</strong></span> 
     </span>
    </p>
   </div>
   <div class='ocr_carea' id='block_1_80' title="bbox 992 1627 1781 1662">
    <p class='ocr_par' dir='ltr' id='par_1_80' title="bbox 992 1627 1781 1662">
     <span class='ocr_line' id='line_1_80' title="bbox 992 1627 1781 1662; baseline 0.003 -9"><span class='ocrx_word' id='word_1_603' title='bbox 992 1631 1134 1659; x_wconf 79' lang='lat' dir='ltr'><strong>straturus,</strong></span> <span class='ocrx_word' id='word_1_604' title='bbox 1152 1627 1344 1661; x_wconf 78' lang='lat' dir='ltr'><strong>jusjurandum</strong></span> <span class='ocrx_word' id='word_1_605' title='bbox 1367 1628 1533 1662; x_wconf 77' lang='lat' dir='ltr'><strong>interposuit,</strong></span> <span class='ocrx_word' id='word_1_606' title='bbox 1554 1632 1582 1654; x_wconf 87' lang='lat' dir='ltr'><strong>ut</strong></span> <span class='ocrx_word' id='word_1_607' title='bbox 1598 1637 1644 1662; x_wconf 82' lang='lat' dir='ltr'><strong>per</strong></span> <span class='ocrx_word' id='word_1_608' title='bbox 1658 1629 1710 1655; x_wconf 84' lang='lat' dir='ltr'><strong>duo</strong></span> <span class='ocrx_word' id='word_1_609' title='bbox 1731 1636 1781 1655; x_wconf 85' lang='lat' dir='ltr'><strong>non</strong></span> 
     </span>
    </p>
   </div>
   <div class='ocr_carea' id='block_1_81' title="bbox 993 1672 1782 1708">
    <p class='ocr_par' dir='ltr' id='par_1_81' title="bbox 993 1672 1782 1708">
     <span class='ocr_line' id='line_1_81' title="bbox 993 1672 1782 1708; baseline 0.003 -10"><span class='ocrx_word' id='word_1_610' title='bbox 993 1672 1142 1704; x_wconf 83' lang='lat' dir='ltr'><strong>mutabilia,</strong></span> <span class='ocrx_word' id='word_1_611' title='bbox 1153 1673 1180 1699; x_wconf 82' lang='lat' dir='ltr'><strong>in</strong></span> <span class='ocrx_word' id='word_1_612' title='bbox 1191 1672 1283 1707; x_wconf 84' lang='lat' dir='ltr'><strong>quibus</strong></span> <span class='ocrx_word' id='word_1_613' title='bbox 1298 1673 1391 1708; x_wconf 79' lang='lat' dir='ltr'><strong>fallere</strong></span> <span class='ocrx_word' id='word_1_614' title='bbox 1406 1673 1476 1700; x_wconf 83' lang='lat' dir='ltr'><strong>Deus</strong></span> <span class='ocrx_word' id='word_1_615' title='bbox 1488 1682 1539 1700; x_wconf 86' lang='lat' dir='ltr'><strong>non</strong></span> <span class='ocrx_word' id='word_1_616' title='bbox 1554 1678 1648 1708; x_wconf 79' lang='lat' dir='ltr'><strong>potest,</strong></span> <span class='ocrx_word' id='word_1_617' title='bbox 1675 1674 1782 1708; x_wconf 84' lang='lat' dir='ltr'><strong>ﬁrmum</strong></span> 
     </span>
    </p>
   </div>
   <div class='ocr_carea' id='block_1_82' title="bbox 992 1717 1779 1754">
    <p class='ocr_par' dir='ltr' id='par_1_82' title="bbox 992 1717 1779 1754">
     <span class='ocr_line' id='line_1_82' title="bbox 992 1717 1779 1754; baseline 0.004 -11"><span class='ocrx_word' id='word_1_618' title='bbox 992 1717 1117 1744; x_wconf 82' lang='lat' dir='ltr'><strong>solatium</strong></span> <span class='ocrx_word' id='word_1_619' title='bbox 1135 1717 1279 1745; x_wconf 74' lang='lat' dir='ltr'><strong>habeamus</strong></span> <span class='ocrx_word' id='word_1_620' title='bbox 1295 1718 1328 1744; x_wconf 80' lang='lat'><strong>“.</strong></span> <span class='ocrx_word' id='word_1_621' title='bbox 1349 1718 1486 1751; x_wconf 83' lang='lat' dir='ltr'><strong>Quinam?</strong></span> <span class='ocrx_word' id='word_1_622' title='bbox 1507 1718 1563 1745; x_wconf 86' lang='lat' dir='ltr'><strong>Nos</strong></span> <span class='ocrx_word' id='word_1_623' title='bbox 1582 1719 1710 1751; x_wconf 87' lang='lat' dir='ltr'><strong>omnino,</strong></span> <span class='ocrx_word' id='word_1_624' title='bbox 1734 1720 1779 1754; x_wconf 89' lang='lat' dir='ltr'><strong>qui</strong></span> 
     </span>
    </p>
   </div>
   <div class='ocr_carea' id='block_1_83' title="bbox 994 1762 1783 1799">
    <p class='ocr_par' dir='ltr' id='par_1_83' title="bbox 994 1762 1783 1799">
     <span class='ocr_line' id='line_1_83' title="bbox 994 1762 1783 1799; baseline 0 -8"><span class='ocrx_word' id='word_1_625' title='bbox 994 1762 1166 1798; x_wconf 83' lang='lat' dir='ltr'><strong>confugimus</strong></span> <span class='ocrx_word' id='word_1_626' title='bbox 1181 1763 1214 1791; x_wconf 88' lang='lat' dir='ltr'><strong>ad</strong></span> <span class='ocrx_word' id='word_1_627' title='bbox 1226 1763 1371 1791; x_wconf 85' lang='lat' dir='ltr'><strong>tenendam</strong></span> <span class='ocrx_word' id='word_1_628' title='bbox 1387 1771 1463 1799; x_wconf 91' lang='lat' dir='ltr'><strong>spem</strong></span> <span class='ocrx_word' id='word_1_629' title='bbox 1480 1765 1664 1799; x_wconf 86' lang='lat' dir='ltr'><strong>propositam?</strong></span> <span class='ocrx_word' id='word_1_630' title='bbox 1683 1765 1783 1792; x_wconf 83' lang='lat' dir='ltr'><strong>Obser-</strong></span> 
     </span>
    </p>
   </div>
   <div class='ocr_carea' id='block_1_84' title="bbox 993 1809 1783 1846">
    <p class='ocr_par' dir='ltr' id='par_1_84' title="bbox 993 1809 1783 1846">
     <span class='ocr_line' id='line_1_84' title="bbox 993 1809 1783 1846; baseline -0.003 -7"><span class='ocrx_word' id='word_1_631' title='bbox 993 1810 1099 1839; x_wconf 80' lang='lat' dir='ltr'><strong>vastine</strong></span> <span class='ocrx_word' id='word_1_632' title='bbox 1123 1810 1197 1846; x_wconf 88' lang='lat' dir='ltr'><strong>quod</strong></span> <span class='ocrx_word' id='word_1_633' title='bbox 1211 1810 1297 1838; x_wconf 86' lang='lat' dir='ltr'><strong>Deum</strong></span> <span class='ocrx_word' id='word_1_634' title='bbox 1310 1809 1375 1838; x_wconf 88' lang='lat' dir='ltr'><strong>dicit</strong></span> <span class='ocrx_word' id='word_1_635' title='bbox 1391 1817 1445 1837; x_wconf 90' lang='lat' dir='ltr'><strong>non</strong></span> <span class='ocrx_word' id='word_1_636' title='bbox 1461 1809 1543 1836; x_wconf 84' lang='lat' dir='ltr'><strong>alium</strong></span> <span class='ocrx_word' id='word_1_637' title='bbox 1558 1810 1592 1837; x_wconf 81' lang='lat' dir='ltr'><strong>ab</strong></span> <span class='ocrx_word' id='word_1_638' title='bbox 1608 1817 1641 1837; x_wconf 87' lang='lat' dir='ltr'><strong>eo</strong></span> <span class='ocrx_word' id='word_1_639' title='bbox 1665 1811 1710 1844; x_wconf 91' lang='lat' dir='ltr'><strong>qui</strong></span> <span class='ocrx_word' id='word_1_640' title='bbox 1724 1811 1783 1845; x_wconf 89' lang='lat' dir='ltr'><strong>jus-</strong></span> 
     </span>
    </p>
   </div>
   <div class='ocr_carea' id='block_1_85' title="bbox 992 1856 1782 1894">
    <p class='ocr_par' dir='ltr' id='par_1_85' title="bbox 992 1856 1782 1894">
     <span class='ocr_line' id='line_1_85' title="bbox 992 1856 1782 1894; baseline -0.003 -9"><span class='ocrx_word' id='word_1_641' title='bbox 992 1857 1139 1894; x_wconf 90' lang='lat' dir='ltr'><strong>jurandum</strong></span> <span class='ocrx_word' id='word_1_642' title='bbox 1154 1857 1309 1884; x_wconf 85' lang='lat' dir='ltr'><strong>Abrahamo</strong></span> <span class='ocrx_word' id='word_1_643' title='bbox 1324 1857 1467 1892; x_wconf 70' lang='lat' dir='ltr'><strong>praastitit;</strong></span> <span class='ocrx_word' id='word_1_644' title='bbox 1481 1856 1554 1891; x_wconf 88' lang='lat' dir='ltr'><strong>quod</strong></span> <span class='ocrx_word' id='word_1_645' title='bbox 1570 1856 1695 1884; x_wconf 84' lang='lat' dir='ltr'><strong>eumdem</strong></span> <span class='ocrx_word' id='word_1_646' title='bbox 1710 1856 1782 1884; x_wconf 83' lang='lat' dir='ltr'><strong>veri-</strong></span> 
     </span>
    </p>
   </div>
   <div class='ocr_carea' id='block_1_86' title="bbox 997 1902 1783 1937">
    <p class='ocr_par' dir='ltr' id='par_1_86' title="bbox 997 1902 1783 1937">
     <span class='ocr_line' id='line_1_86' title="bbox 997 1902 1783 1937; baseline 0 -7"><span class='ocrx_word' id='word_1_647' title='bbox 997 1904 1060 1930; x_wconf 86' lang='lat' dir='ltr'><strong>tatis</strong></span> <span class='ocrx_word' id='word_1_648' title='bbox 1076 1903 1179 1930; x_wconf 88' lang='lat' dir='ltr'><strong>fontem</strong></span> <span class='ocrx_word' id='word_1_649' title='bbox 1196 1902 1344 1937; x_wconf 80' lang='lat' dir='ltr'><strong>praedicat;</strong></span> <span class='ocrx_word' id='word_1_650' title='bbox 1368 1902 1438 1937; x_wconf 91' lang='lat' dir='ltr'><strong>quod</strong></span> <span class='ocrx_word' id='word_1_651' title='bbox 1455 1905 1484 1929; x_wconf 78' lang='lat' dir='ltr'><strong>et</strong></span> <span class='ocrx_word' id='word_1_652' title='bbox 1500 1910 1561 1934; x_wconf 87' lang='lat' dir='ltr'><strong>nos,</strong></span> <span class='ocrx_word' id='word_1_653' title='bbox 1577 1902 1623 1937; x_wconf 91' lang='lat' dir='ltr'><strong>qui</strong></span> <span class='ocrx_word' id='word_1_654' title='bbox 1647 1902 1783 1930; x_wconf 86' lang='lat' dir='ltr'><strong>credimus</strong></span> 
     </span>
    </p>
   </div>
   <div class='ocr_carea' id='block_1_87' title="bbox 994 1948 1783 1983">
    <p class='ocr_par' dir='ltr' id='par_1_87' title="bbox 994 1948 1783 1983">
     <span class='ocr_line' id='line_1_87' title="bbox 994 1948 1783 1983; baseline -0.001 -7"><span class='ocrx_word' id='word_1_655' title='bbox 994 1949 1023 1976; x_wconf 90' lang='lat' dir='ltr'><strong>in</strong></span> <span class='ocrx_word' id='word_1_656' title='bbox 1042 1949 1192 1981; x_wconf 83' lang='lat' dir='ltr'><strong>Christum,</strong></span> <span class='ocrx_word' id='word_1_657' title='bbox 1209 1948 1273 1976; x_wconf 87' lang='lat' dir='ltr'><strong>inde</strong></span> <span class='ocrx_word' id='word_1_658' title='bbox 1287 1949 1422 1976; x_wconf 85' lang='lat' dir='ltr'><strong>habemus</strong></span> <span class='ocrx_word' id='word_1_659' title='bbox 1437 1949 1564 1976; x_wconf 87' lang='lat' dir='ltr'><strong>solatium</strong></span> <span class='ocrx_word' id='word_1_660' title='bbox 1580 1953 1608 1976; x_wconf 88' lang='lat' dir='ltr'><strong>et</strong></span> <span class='ocrx_word' id='word_1_661' title='bbox 1621 1948 1694 1975; x_wconf 86' lang='lat' dir='ltr'><strong>vires</strong></span> <span class='ocrx_word' id='word_1_662' title='bbox 1707 1956 1783 1983; x_wconf 87' lang='lat' dir='ltr'><strong>spem</strong></span> 
     </span>
    </p>
   </div>
   <div class='ocr_carea' id='block_1_88' title="bbox 995 1994 1784 2031">
    <p class='ocr_par' dir='ltr' id='par_1_88' title="bbox 995 1994 1784 2031">
     <span class='ocr_line' id='line_1_88' title="bbox 995 1994 1784 2031; baseline -0.001 -9"><span class='ocrx_word' id='word_1_663' title='bbox 995 1995 1162 2031; x_wconf 86' lang='lat' dir='ltr'><strong>propositam</strong></span> <span class='ocrx_word' id='word_1_664' title='bbox 1180 1995 1383 2030; x_wconf 85' lang='lat' dir='ltr'><strong>consequendi?</strong></span> <span class='ocrx_word' id='word_1_665' title='bbox 1398 1994 1449 2022; x_wconf 90' lang='lat' dir='ltr'><strong>Ubi</strong></span> <span class='ocrx_word' id='word_1_666' title='bbox 1475 1995 1558 2030; x_wconf 79' lang='lat' dir='ltr'><strong>igitur</strong></span> <span class='ocrx_word' id='word_1_667' title='bbox 1576 1995 1668 2021; x_wconf 83' lang='lat' dir='ltr'><strong>Bonus</strong></span> <span class='ocrx_word' id='word_1_668' title='bbox 1693 1995 1739 2021; x_wconf 89' lang='lat' dir='ltr'><strong>ille</strong></span> <span class='ocrx_word' id='word_1_669' title='bbox 1756 1999 1784 2021; x_wconf 88' lang='lat' dir='ltr'><strong>et</strong></span> 
     </span>
    </p>
   </div>
   <div class='ocr_carea' id='block_1_89' title="bbox 994 2040 1784 2072">
    <p class='ocr_par' dir='ltr' id='par_1_89' title="bbox 994 2040 1784 2072">
     <span class='ocr_line' id='line_1_89' title="bbox 994 2040 1784 2072; baseline -0.001 -4"><span class='ocrx_word' id='word_1_670' title='bbox 994 2040 1081 2068; x_wconf 80' lang='lat' dir='ltr'><strong>Malus</strong></span> <span class='ocrx_word' id='word_1_671' title='bbox 1096 2045 1149 2072; x_wconf 82' lang='lat' dir='ltr'><strong>est,</strong></span> <span class='ocrx_word' id='word_1_672' title='bbox 1164 2041 1210 2068; x_wconf 91' lang='lat' dir='ltr'><strong>ubi</strong></span> <span class='ocrx_word' id='word_1_673' title='bbox 1235 2045 1278 2068; x_wconf 86' lang='lat' dir='ltr'><strong>est</strong></span> <span class='ocrx_word' id='word_1_674' title='bbox 1299 2040 1345 2067; x_wconf 88' lang='lat' dir='ltr'><strong>illa</strong></span> <span class='ocrx_word' id='word_1_675' title='bbox 1364 2041 1466 2068; x_wconf 84' lang='lat' dir='ltr'><strong>veteris</strong></span> <span class='ocrx_word' id='word_1_676' title='bbox 1487 2044 1514 2068; x_wconf 90' lang='lat' dir='ltr'><strong>et</strong></span> <span class='ocrx_word' id='word_1_677' title='bbox 1541 2040 1605 2067; x_wconf 83' lang='lat' dir='ltr'><strong>novi</strong></span> <span class='ocrx_word' id='word_1_678' title='bbox 1628 2040 1784 2068; x_wconf 76' lang='lat' dir='ltr'><strong>testamenti</strong></span> 
     </span>
    </p>
   </div>
   <div class='ocr_carea' id='block_1_90' title="bbox 994 2086 1783 2121">
    <p class='ocr_par' dir='ltr' id='par_1_90' title="bbox 994 2086 1783 2121">
     <span class='ocr_line' id='line_1_90' title="bbox 994 2086 1783 2121; baseline -0.003 -7"><span class='ocrx_word' id='word_1_679' title='bbox 994 2087 1114 2115; x_wconf 85' lang='lat' dir='ltr'><strong>divisio?</strong></span> <span class='ocrx_word' id='word_1_680' title='bbox 1130 2086 1197 2120; x_wconf 87' lang='lat' dir='ltr'><strong>Quis</strong></span> <span class='ocrx_word' id='word_1_681' title='bbox 1211 2094 1277 2114; x_wconf 83' lang='lat' dir='ltr'><strong>vero</strong></span> <span class='ocrx_word' id='word_1_682' title='bbox 1305 2090 1364 2118; x_wconf 84' lang='lat' dir='ltr'><strong>est.</strong></span> <span class='ocrx_word' id='word_1_683' title='bbox 1393 2086 1438 2121; x_wconf 89' lang='lat' dir='ltr'><strong>qui</strong></span> <span class='ocrx_word' id='word_1_684' title='bbox 1469 2094 1569 2113; x_wconf 88' lang='lat' dir='ltr'><strong>n0vum</strong></span> <span class='ocrx_word' id='word_1_685' title='bbox 1589 2090 1783 2114; x_wconf 85' lang='lat' dir='ltr'><strong>testamentum</strong></span> 
     </span>
    </p>
   </div>
   <div class='ocr_carea' id='block_1_91' title="bbox 996 2130 1783 2166">
    <p class='ocr_par' dir='ltr' id='par_1_91' title="bbox 996 2130 1783 2166">
     <span class='ocr_line' id='line_1_91' title="bbox 996 2130 1783 2166; baseline -0.004 -7"><span class='ocrx_word' id='word_1_686' title='bbox 996 2132 1076 2159; x_wconf 88' lang='lat' dir='ltr'><strong>etiam</strong></span> <span class='ocrx_word' id='word_1_687' title='bbox 1098 2139 1180 2166; x_wconf 86' lang='lat' dir='ltr'><strong>super</strong></span> <span class='ocrx_word' id='word_1_688' title='bbox 1203 2131 1313 2158; x_wconf 90' lang='lat' dir='ltr'><strong>domum</strong></span> <span class='ocrx_word' id='word_1_689' title='bbox 1338 2131 1407 2158; x_wconf 80' lang='lat' dir='ltr'><strong>Juda</strong></span> <span class='ocrx_word' id='word_1_690' title='bbox 1424 2131 1560 2165; x_wconf 82' lang='lat' dir='ltr'><strong>perfecit?</strong></span> <span class='ocrx_word' id='word_1_691' title='bbox 1583 2130 1641 2157; x_wconf 86' lang='lat' dir='ltr'><strong>Nisi</strong></span> <span class='ocrx_word' id='word_1_692' title='bbox 1668 2130 1718 2165; x_wconf 88' lang='lat' dir='ltr'><strong>ipsi</strong></span> <span class='ocrx_word' id='word_1_693' title='bbox 1736 2130 1783 2156; x_wconf 88' lang='lat' dir='ltr'><strong>tibi</strong></span> 
     </span>
    </p>
   </div>
   <div class='ocr_carea' id='block_1_92' title="bbox 155 2175 940 2214">
    <p class='ocr_par' dir='ltr' id='par_1_92' title="bbox 155 2176 940 2214">
     <span class='ocr_line' id='line_1_92' title="bbox 155 2176 940 2214; baseline -0.005 -8"><span class='ocrx_word' id='word_1_694' title='bbox 155 2180 274 2214; x_wconf 80' lang='grc' dir='ltr'>Χριστὸν</span> <span class='ocrx_word' id='word_1_695' title='bbox 290 2178 395 2205; x_wconf 80' lang='grc' dir='ltr'>ἐκεῖθεν</span> <span class='ocrx_word' id='word_1_696' title='bbox 405 2178 504 2213; x_wconf 72' lang='grc' dir='ltr'>ἔχομεν</span> <span class='ocrx_word' id='word_1_697' title='bbox 528 2176 700 2212; x_wconf 75' lang='grc' dir='ltr'>παράκλησιν</span> <span class='ocrx_word' id='word_1_698' title='bbox 713 2177 762 2203; x_wconf 76' lang='grc' dir='ltr'>καὶ</span> <span class='ocrx_word' id='word_1_699' title='bbox 789 2176 866 2211; x_wconf 84' lang='grc' dir='ltr'>ἰσχὺν</span> <span class='ocrx_word' id='word_1_700' title='bbox 894 2177 940 2211; x_wconf 82' lang='grc' dir='ltr'>τῆς</span> 
     </span>
    </p>
   </div>
   <div class='ocr_carea' id='block_1_93' title="bbox 992 2175 1782 2214">
    <p class='ocr_par' dir='ltr' id='par_1_93' title="bbox 997 2175 1782 2212">
     <span class='ocr_line' id='line_1_93' title="bbox 997 2175 1782 2212; baseline -0.003 -9"><span class='ocrx_word' id='word_1_701' title='bbox 997 2176 1161 2212; x_wconf 87' lang='lat' dir='ltr'><strong>respondere</strong></span> <span class='ocrx_word' id='word_1_702' title='bbox 1177 2176 1274 2210; x_wconf 88' lang='lat' dir='ltr'><strong>placet,</strong></span> <span class='ocrx_word' id='word_1_703' title='bbox 1290 2176 1354 2203; x_wconf 89' lang='lat' dir='ltr'><strong>audi</strong></span> <span class='ocrx_word' id='word_1_704' title='bbox 1371 2175 1484 2202; x_wconf 86' lang='lat' dir='ltr'><strong>Paulum</strong></span> <span class='ocrx_word' id='word_1_705' title='bbox 1508 2175 1650 2202; x_wconf 89' lang='lat' dir='ltr'><strong>doctorem</strong></span> <span class='ocrx_word' id='word_1_706' title='bbox 1667 2182 1782 2208; x_wconf 84' lang='lat' dir='ltr'><strong>respon-</strong></span> 
     </span>
    </p>
   </div>
   <div class='ocr_carea' id='block_1_94' title="bbox 156 2222 945 2261">
    <p class='ocr_par' dir='ltr' id='par_1_94' title="bbox 156 2222 945 2261">
     <span class='ocr_line' id='line_1_94' title="bbox 156 2222 945 2261; baseline -0.005 -8"><span class='ocrx_word' id='word_1_707' title='bbox 156 2225 343 2261; x_wconf 79' lang='grc' dir='ltr'>προκειμένης</span> <span class='ocrx_word' id='word_1_708' title='bbox 377 2224 484 2255; x_wconf 74' lang='grc' dir='ltr'>ἐλπίδος</span> <span class='ocrx_word' id='word_1_709' title='bbox 520 2223 677 2259; x_wconf 84' lang='grc' dir='ltr'>κρατῆσαι;</span> <span class='ocrx_word' id='word_1_710' title='bbox 709 2222 764 2249; x_wconf 82' lang='grc' dir='ltr'><strong>Ποῦ</strong></span> <span class='ocrx_word' id='word_1_711' title='bbox 800 2223 890 2249; x_wconf 83' lang='grc' dir='ltr'>τοίνυν</span> <span class='ocrx_word' id='word_1_712' title='bbox 930 2223 945 2249; x_wconf 86' lang='grc' dir='ltr'>ὁ</span> 
     </span>
    </p>
   </div>
   <div class='ocr_carea' id='block_1_95' title="bbox 162 2269 946 2306">
    <p class='ocr_par' dir='ltr' id='par_1_95' title="bbox 162 2269 946 2306">
     <span class='ocr_line' id='line_1_95' title="bbox 162 2269 946 2306; baseline -0.005 -7"><span class='ocrx_word' id='word_1_713' title='bbox 162 2271 277 2306; x_wconf 83' lang='grc' dir='ltr'>’Δγαθδς</span> <span class='ocrx_word' id='word_1_714' title='bbox 291 2272 337 2298; x_wconf 79' lang='grc' dir='ltr'>καὶ</span> <span class='ocrx_word' id='word_1_715' title='bbox 349 2271 364 2297; x_wconf 81' lang='grc' dir='ltr'>ὁ</span> <span class='ocrx_word' id='word_1_716' title='bbox 390 2269 523 2305; x_wconf 78' lang='grc' dir='ltr'>Πονηρὸς,</span> <span class='ocrx_word' id='word_1_717' title='bbox 540 2270 586 2296; x_wconf 67' lang='grc' dir='ltr'>καὶ</span> <span class='ocrx_word' id='word_1_718' title='bbox 599 2270 616 2304; x_wconf 84' lang='grc' dir='ltr'>ὴ</span> <span class='ocrx_word' id='word_1_719' title='bbox 637 2269 687 2303; x_wconf 82' lang='grc' dir='ltr'>τῆς</span> <span class='ocrx_word' id='word_1_720' title='bbox 713 2269 835 2300; x_wconf 84' lang='grc' dir='ltr'>Παλαιᾶς</span> <span class='ocrx_word' id='word_1_721' title='bbox 862 2277 946 2296; x_wconf 79' lang='grc' dir='ltr'>κατα-</span> 
     </span>
    </p>
   </div>
   <div class='ocr_carea' id='block_1_96' title="bbox 155 2314 945 2352">
    <p class='ocr_par' dir='ltr' id='par_1_96' title="bbox 155 2314 945 2352">
     <span class='ocr_line' id='line_1_96' title="bbox 155 2314 945 2352; baseline -0.005 -8"><span class='ocrx_word' id='word_1_722' title='bbox 155 2317 246 2352; x_wconf 84' lang='grc' dir='ltr'>τομή;</span> <span class='ocrx_word' id='word_1_723' title='bbox 271 2316 319 2348; x_wconf 81' lang='grc' dir='ltr'>Τίς</span> <span class='ocrx_word' id='word_1_724' title='bbox 344 2315 373 2342; x_wconf 82' lang='grc' dir='ltr'><strong>δὲ</strong></span> <span class='ocrx_word' id='word_1_725' title='bbox 394 2315 475 2342; x_wconf 86' lang='grc' dir='ltr'>πάλιν</span> <span class='ocrx_word' id='word_1_726' title='bbox 498 2315 571 2341; x_wconf 77' lang='grc' dir='ltr'>ἐστὶν</span> <span class='ocrx_word' id='word_1_727' title='bbox 587 2315 601 2341; x_wconf 87' lang='grc' dir='ltr'>ὁ</span> <span class='ocrx_word' id='word_1_728' title='bbox 626 2314 674 2349; x_wconf 85' lang='grc' dir='ltr'><strong>τὴν</strong></span> <span class='ocrx_word' id='word_1_729' title='bbox 690 2314 786 2349; x_wconf 83' lang='grc' dir='ltr'>καινὴν</span> <span class='ocrx_word' id='word_1_730' title='bbox 811 2314 945 2349; x_wconf 79' lang='grc' dir='ltr'>διαθήκην</span> 
     </span>
    </p>
   </div>
   <div class='ocr_carea' id='block_1_97' title="bbox 157 2358 945 2395">
    <p class='ocr_par' dir='ltr' id='par_1_97' title="bbox 157 2358 945 2395">
     <span class='ocr_line' id='line_1_97' title="bbox 157 2358 945 2395; baseline -0.004 -6"><span class='ocrx_word' id='word_1_731' title='bbox 157 2363 330 2394; x_wconf 64' lang='grc' dir='ltr'>συντελέσας,</span> <span class='ocrx_word' id='word_1_732' title='bbox 345 2361 392 2388; x_wconf 74' lang='grc' dir='ltr'><strong>καὶ</strong></span> <span class='ocrx_word' id='word_1_733' title='bbox 409 2361 456 2387; x_wconf 76' lang='grc' dir='ltr'><strong>ἐπὶ</strong></span> <span class='ocrx_word' id='word_1_734' title='bbox 468 2361 514 2387; x_wconf 82' lang='grc' dir='ltr'><strong>τὸν</strong></span> <span class='ocrx_word' id='word_1_735' title='bbox 531 2358 604 2387; x_wconf 80' lang='grc' dir='ltr'>οἷκον</span> <span class='ocrx_word' id='word_1_736' title='bbox 626 2360 710 2387; x_wconf 78' lang='grc' dir='ltr'>’ἰούδα</span> <span class='ocrx_word' id='word_1_737' title='bbox 723 2369 730 2393; x_wconf 86' lang='grc'><strong>;</strong></span> <span class='ocrx_word' id='word_1_738' title='bbox 743 2361 774 2387; x_wconf 88' lang='grc' dir='ltr'><strong>Εἰ</strong></span> <span class='ocrx_word' id='word_1_739' title='bbox 798 2360 837 2395; x_wconf 84' lang='grc' dir='ltr'>μὴ</span> <span class='ocrx_word' id='word_1_740' title='bbox 855 2359 945 2395; x_wconf 82' lang='grc' dir='ltr'>βούλει</span> 
     </span>
    </p>
   </div>
   <div class='ocr_carea' id='block_1_98' title="bbox 156 2405 941 2443">
    <p class='ocr_par' dir='ltr' id='par_1_98' title="bbox 156 2405 941 2443">
     <span class='ocr_line' id='line_1_98' title="bbox 156 2405 941 2443; baseline -0.005 -7"><span class='ocrx_word' id='word_1_741' title='bbox 156 2409 249 2443; x_wconf 75' lang='grc' dir='ltr'>λέγειν</span> <span class='ocrx_word' id='word_1_742' title='bbox 275 2407 365 2440; x_wconf 70' lang='grc' dir='ltr'>αὐτὸς,</span> <span class='ocrx_word' id='word_1_743' title='bbox 389 2407 506 2434; x_wconf 76' lang='grc' dir='ltr'>ἄκουσον</span> <span class='ocrx_word' id='word_1_744' title='bbox 534 2405 581 2432; x_wconf 84' lang='grc' dir='ltr'>τοῦ</span> <span class='ocrx_word' id='word_1_745' title='bbox 614 2405 795 2441; x_wconf 84' lang='grc' dir='ltr'>μυσταγωγοῦ</span> <span class='ocrx_word' id='word_1_746' title='bbox 816 2406 941 2440; x_wconf 75' lang='grc' dir='ltr'>λὲγοντος</span> 
     </span>
    </p>
   </div>
   <div class='ocr_carea' id='block_1_99' title="bbox 159 2450 942 2488">
    <p class='ocr_par' dir='ltr' id='par_1_99' title="bbox 159 2450 942 2488">
     <span class='ocr_line' id='line_1_99' title="bbox 159 2450 942 2488; baseline -0.005 -7"><span class='ocrx_word' id='word_1_747' title='bbox 159 2454 266 2484; x_wconf 77' lang='grc' dir='ltr'>Παύλου</span> <span class='ocrx_word' id='word_1_748' title='bbox 279 2461 287 2468; x_wconf 92' lang='grc'><strong>·</strong></span> <span class='ocrx_word' id='word_1_749' title='bbox 308 2453 383 2488; x_wconf 79' lang='grc' dir='ltr'>λέγει</span> <span class='ocrx_word' id='word_1_750' title='bbox 409 2451 464 2488; x_wconf 85' lang='grc' dir='ltr'>γὰρ</span> <span class='ocrx_word' id='word_1_751' title='bbox 488 2451 538 2483; x_wconf 84' lang='grc' dir='ltr'>τὰς</span> <span class='ocrx_word' id='word_1_752' title='bbox 561 2451 735 2487; x_wconf 69' lang='grc' dir='ltr'>προφητικὰς</span> <span class='ocrx_word' id='word_1_753' title='bbox 754 2450 942 2486; x_wconf 77' lang='grc' dir='ltr'>οἰκειούμενος</span> 
     </span>
    </p>
   </div>
   <div class='ocr_carea' id='block_1_100' title="bbox 195 2522 940 2558">
    <p class='ocr_par' dir='ltr' id='par_1_100' title="bbox 195 2522 925 2558">
     <span class='ocr_line' id='line_1_100' title="bbox 195 2522 925 2558; baseline -0.007 -3"><span class='ocrx_word' id='word_1_754' title='bbox 195 2527 217 2542; x_wconf 86' lang='grc'><strong>¹²</strong></span> <span class='ocrx_word' id='word_1_755' title='bbox 231 2525 310 2555; x_wconf 74' lang='lat' dir='ltr'><strong>loan.</strong></span> <span class='ocrx_word' id='word_1_756' title='bbox 323 2533 379 2558; x_wconf 77' lang='lat' dir='ltr'><strong>xxv,</strong></span> <span class='ocrx_word' id='word_1_757' title='bbox 396 2524 442 2553; x_wconf 77' lang='lat'><strong>50.</strong></span> <span class='ocrx_word' id='word_1_758' title='bbox 481 2525 504 2540; x_wconf 83' lang='grc'><strong>³³</strong></span> <span class='ocrx_word' id='word_1_759' title='bbox 512 2523 607 2551; x_wconf 78' lang='lat' dir='ltr'><strong>Matth.</strong></span> <span class='ocrx_word' id='word_1_760' title='bbox 624 2530 661 2556; x_wconf 73' lang='grc' dir='ltr'><strong>χι,</strong></span> <span class='ocrx_word' id='word_1_761' title='bbox 678 2522 705 2550; x_wconf 79' lang='grc'><strong>5.</strong></span> <span class='ocrx_word' id='word_1_762' title='bbox 745 2523 767 2538; x_wconf 67' lang='grc' dir='ltr'>¹ι</span> <span class='ocrx_word' id='word_1_763' title='bbox 782 2522 865 2550; x_wconf 83' lang='lat' dir='ltr'><strong>Hebr.</strong></span> <span class='ocrx_word' id='word_1_764' title='bbox 887 2531 925 2555; x_wconf 83' lang='grc' dir='ltr'><strong>νι,</strong></span> 
     </span>
    </p>
   </div>
   <div class='ocr_carea' id='block_1_101' title="bbox 992 2522 1191 2558">
    <p class='ocr_par' dir='ltr' id='par_1_101' title="bbox 1024 2523 1191 2551">
     <span class='ocr_line' id='line_1_101' title="bbox 1024 2523 1191 2551; baseline -0.012 0"><span class='ocrx_word' id='word_1_765' title='bbox 1024 2524 1047 2540; x_wconf 79' lang='grc'><strong>’³</strong></span> <span class='ocrx_word' id='word_1_766' title='bbox 1060 2524 1127 2551; x_wconf 87' lang='lat' dir='ltr'><strong>ibid.</strong></span> <span class='ocrx_word' id='word_1_767' title='bbox 1147 2523 1191 2551; x_wconf 77' lang='grc'><strong>15.</strong></span> 
     </span>
    </p>
   </div>
   <div class='ocr_carea' id='block_1_102' title="bbox 994 2220 1784 2257">
    <p class='ocr_par' dir='ltr' id='par_1_102' title="bbox 994 2220 1784 2257">
     <span class='ocr_line' id='line_1_102' title="bbox 994 2220 1784 2257; baseline -0.006 -6"><span class='ocrx_word' id='word_1_768' title='bbox 994 2224 1125 2256; x_wconf 87' lang='lat' dir='ltr'><strong>dentem;</strong></span> <span class='ocrx_word' id='word_1_769' title='bbox 1142 2222 1288 2257; x_wconf 85' lang='lat' dir='ltr'><strong>respondet</strong></span> <span class='ocrx_word' id='word_1_770' title='bbox 1299 2222 1370 2249; x_wconf 85' lang='lat' dir='ltr'><strong>enim</strong></span> <span class='ocrx_word' id='word_1_771' title='bbox 1391 2221 1550 2256; x_wconf 84' lang='lat' dir='ltr'><strong>prophetica</strong></span> <span class='ocrx_word' id='word_1_772' title='bbox 1566 2220 1694 2248; x_wconf 85' lang='lat' dir='ltr'><strong>vaticinia</strong></span> <span class='ocrx_word' id='word_1_773' title='bbox 1705 2220 1784 2247; x_wconf 87' lang='lat' dir='ltr'><strong>adhi-</strong></span> 
     </span>
    </p>
   </div>
   <div class='ocr_carea' id='block_1_103' title="bbox 995 2265 1784 2299">
    <p class='ocr_par' dir='ltr' id='par_1_103' title="bbox 995 2265 1784 2299">
     <span class='ocr_line' id='line_1_103' title="bbox 995 2265 1784 2299; baseline -0.006 -3"><span class='ocrx_word' id='word_1_774' title='bbox 995 2269 1082 2296; x_wconf 83' lang='lat' dir='ltr'><strong>bens:</strong></span> <span class='ocrx_word' id='word_1_775' title='bbox 1100 2267 1165 2295; x_wconf 88' lang='lat' dir='ltr'><strong>Ecce</strong></span> <span class='ocrx_word' id='word_1_776' title='bbox 1178 2268 1232 2294; x_wconf 75' lang='lat' dir='ltr'><strong>dies</strong></span> <span class='ocrx_word' id='word_1_777' title='bbox 1252 2267 1368 2299; x_wconf 78' lang='lat' dir='ltr'><strong>veniunt,</strong></span> <span class='ocrx_word' id='word_1_778' title='bbox 1385 2267 1424 2293; x_wconf 80' lang='lat' dir='ltr'><strong>ait</strong></span> <span class='ocrx_word' id='word_1_779' title='bbox 1440 2265 1577 2297; x_wconf 80' lang='lat' dir='ltr'><strong>Dominus,</strong></span> <span class='ocrx_word' id='word_1_780' title='bbox 1594 2269 1619 2292; x_wconf 91' lang='lat' dir='ltr'><strong>et</strong></span> <span class='ocrx_word' id='word_1_781' title='bbox 1645 2265 1784 2299; x_wconf 82' lang='lat' dir='ltr'><strong>perﬁciam</strong></span> 
     </span>
    </p>
   </div>
   <div class='ocr_carea' id='block_1_104' title="bbox 994 2311 1784 2349">
    <p class='ocr_par' dir='ltr' id='par_1_104' title="bbox 994 2311 1784 2349">
     <span class='ocr_line' id='line_1_104' title="bbox 994 2311 1784 2349; baseline -0.003 -8"><span class='ocrx_word' id='word_1_782' title='bbox 994 2323 1071 2349; x_wconf 80' lang='lat' dir='ltr'><strong>super</strong></span> <span class='ocrx_word' id='word_1_783' title='bbox 1085 2314 1190 2341; x_wconf 86' lang='lat' dir='ltr'><strong>dmnum</strong></span> <span class='ocrx_word' id='word_1_784' title='bbox 1205 2314 1276 2341; x_wconf 83' lang='lat' dir='ltr'><strong>Juda</strong></span> <span class='ocrx_word' id='word_1_785' title='bbox 1291 2317 1476 2340; x_wconf 80' lang='lat' dir='ltr'><strong>testamentum</strong></span> <span class='ocrx_word' id='word_1_786' title='bbox 1500 2320 1604 2338; x_wconf 89' lang='lat' dir='ltr'><strong>novum.</strong></span> <span class='ocrx_word' id='word_1_787' title='bbox 1619 2311 1728 2338; x_wconf 76' lang='lat' dir='ltr'><strong>Adhibe</strong></span> <span class='ocrx_word' id='word_1_788' title='bbox 1741 2331 1749 2343; x_wconf 87' lang='lat'><strong>,</strong></span> <span class='ocrx_word' id='word_1_789' title='bbox 1767 2319 1784 2339; x_wconf 93' lang='lat'><strong>0</strong></span> 
     </span>
    </p>
   </div>
   <div class='ocr_carea' id='block_1_105' title="bbox 995 2359 1785 2392">
    <p class='ocr_par' dir='ltr' id='par_1_105' title="bbox 995 2359 1785 2392">
     <span class='ocr_line' id='line_1_105' title="bbox 995 2359 1785 2392; baseline -0.008 -3"><span class='ocrx_word' id='word_1_790' title='bbox 995 2362 1088 2392; x_wconf 86' lang='lat' dir='ltr'><strong>homo,</strong></span> <span class='ocrx_word' id='word_1_791' title='bbox 1105 2361 1244 2388; x_wconf 81' lang='lat' dir='ltr'><strong>mentem!</strong></span> <span class='ocrx_word' id='word_1_792' title='bbox 1259 2359 1319 2387; x_wconf 87' lang='lat' dir='ltr'><strong>Non</strong></span> <span class='ocrx_word' id='word_1_793' title='bbox 1338 2359 1482 2386; x_wconf 84' lang='lat' dir='ltr'><strong>secundum</strong></span> <span class='ocrx_word' id='word_1_794' title='bbox 1506 2362 1691 2385; x_wconf 79' lang='lat' dir='ltr'><strong>testamentum</strong></span> <span class='ocrx_word' id='word_1_795' title='bbox 1714 2359 1785 2392; x_wconf 83' lang='lat' dir='ltr'><strong>quod</strong></span> 
     </span>
    </p>
   </div>
   <div class='ocr_carea' id='block_1_106' title="bbox 997 2404 1785 2443">
    <p class='ocr_par' dir='ltr' id='par_1_106' title="bbox 997 2404 1785 2443">
     <span class='ocr_line' id='line_1_106' title="bbox 997 2404 1785 2443; baseline -0.008 -8"><span class='ocrx_word' id='word_1_796' title='bbox 997 2408 1045 2443; x_wconf 75' lang='lat' dir='ltr'><strong>feci</strong></span> <span class='ocrx_word' id='word_1_797' title='bbox 1062 2408 1180 2441; x_wconf 82' lang='lat' dir='ltr'><strong>patribus</strong></span> <span class='ocrx_word' id='word_1_798' title='bbox 1203 2414 1292 2434; x_wconf 86' lang='lat' dir='ltr'><strong>eorum</strong></span> <span class='ocrx_word' id='word_1_799' title='bbox 1303 2426 1310 2438; x_wconf 91' lang='lat'><strong>,</strong></span> <span class='ocrx_word' id='word_1_800' title='bbox 1327 2406 1353 2432; x_wconf 85' lang='lat' dir='ltr'><strong>in</strong></span> <span class='ocrx_word' id='word_1_801' title='bbox 1368 2405 1410 2432; x_wconf 81' lang='lat' dir='ltr'><strong>die</strong></span> <span class='ocrx_word' id='word_1_802' title='bbox 1428 2404 1474 2431; x_wconf 87' lang='lat' dir='ltr'><strong>illo</strong></span> <span class='ocrx_word' id='word_1_803' title='bbox 1487 2423 1495 2436; x_wconf 92' lang='lat'><strong>,</strong></span> <span class='ocrx_word' id='word_1_804' title='bbox 1515 2411 1565 2439; x_wconf 88' lang='lat' dir='ltr'><strong>quo</strong></span> <span class='ocrx_word' id='word_1_805' title='bbox 1590 2411 1684 2430; x_wconf 85' lang='lat' dir='ltr'><strong>manus</strong></span> <span class='ocrx_word' id='word_1_806' title='bbox 1695 2411 1785 2430; x_wconf 85' lang='lat' dir='ltr'><strong>eorum</strong></span> 
     </span>
    </p>
   </div>
   <div class='ocr_carea' id='block_1_107' title="bbox 998 2448 1784 2487">
    <p class='ocr_par' dir='ltr' id='par_1_107' title="bbox 998 2448 1784 2487">
     <span class='ocr_line' id='line_1_107' title="bbox 998 2448 1784 2487; baseline -0.005 -7"><span class='ocrx_word' id='word_1_807' title='bbox 998 2452 1174 2487; x_wconf 77' lang='lat' dir='ltr'><strong>apprehendi,</strong></span> <span class='ocrx_word' id='word_1_808' title='bbox 1195 2460 1253 2478; x_wconf 87' lang='lat' dir='ltr'><strong>cum</strong></span> <span class='ocrx_word' id='word_1_809' title='bbox 1273 2452 1421 2478; x_wconf 80' lang='lat' dir='ltr'><strong>reducerent</strong></span> <span class='ocrx_word' id='word_1_810' title='bbox 1444 2457 1487 2476; x_wconf 84' lang='lat' dir='ltr'><strong>eos</strong></span> <span class='ocrx_word' id='word_1_811' title='bbox 1506 2457 1538 2477; x_wconf 70' lang='lat' dir='ltr'><strong>ea:</strong></span> <span class='ocrx_word' id='word_1_812' title='bbox 1563 2449 1678 2484; x_wconf 80' lang='lat' dir='ltr'><strong>/Egypto</strong></span> <span class='ocrx_word' id='word_1_813' title='bbox 1693 2457 1701 2475; x_wconf 89' lang='lat'><em>:</em></span> <span class='ocrx_word' id='word_1_814' title='bbox 1715 2448 1784 2484; x_wconf 83' lang='lat' dir='ltr'><strong>quod</strong></span> 
     </span>
    </p>
   </div>
   <div class='ocr_carea' id='block_1_108' title="bbox 1230 2522 1392 2549">
    <p class='ocr_par' dir='ltr' id='par_1_108' title="bbox 1230 2522 1392 2549">
     <span class='ocr_line' id='line_1_108' title="bbox 1230 2522 1392 2549; baseline -0.006 0"><span class='ocrx_word' id='word_1_815' title='bbox 1230 2522 1253 2538; x_wconf 80' lang='lat'>&quot;</span> <span class='ocrx_word' id='word_1_816' title='bbox 1268 2522 1332 2549; x_wconf 86' lang='lat' dir='ltr'><strong>ibid.</strong></span> <span class='ocrx_word' id='word_1_817' title='bbox 1349 2522 1392 2549; x_wconf 79' lang='grc'><strong>17.</strong></span> 
     </span>
    </p>
   </div>
   <div class='ocr_carea' id='block_1_109' title="bbox 669 2588 1201 2618">
    <p class='ocr_par' dir='ltr' id='par_1_109' title="bbox 669 2588 1201 2618">
     <span class='ocr_line' id='line_1_109' title="bbox 669 2588 1201 2618; baseline 0.004 -3"><span class='ocrx_word' id='word_1_818' title='bbox 669 2588 788 2616; x_wconf 61' lang='grc' dir='ltr'>νΑιιιΕ</span> <span class='ocrx_word' id='word_1_819' title='bbox 810 2588 1003 2618; x_wconf 85' lang='lat' dir='ltr'><strong>LECTIONES</strong></span> <span class='ocrx_word' id='word_1_820' title='bbox 1024 2590 1068 2618; x_wconf 74' lang='lat' dir='ltr'>ET</span> <span class='ocrx_word' id='word_1_821' title='bbox 1082 2589 1201 2618; x_wconf 68' lang='grc' dir='ltr'><strong>ΝΟΤίΕ.</strong></span> 
     </span>
    </p>
   </div>
   <div class='ocr_carea' id='block_1_110' title="bbox 159 2647 948 2686">
    <p class='ocr_par' dir='ltr' id='par_1_110' title="bbox 159 2647 948 2686">
     <span class='ocr_line' id='line_1_110' title="bbox 159 2647 948 2686; baseline -0.004 -9"><span class='ocrx_word' id='word_1_822' title='bbox 159 2664 162 2667; x_wconf 93' lang='lat'><strong><em>-</em></strong></span> <span class='ocrx_word' id='word_1_823' title='bbox 197 2648 475 2686; x_wconf 39' lang='lat' dir='ltr'><strong>(“placat-8.1g.</strong></span> <span class='ocrx_word' id='word_1_824' title='bbox 505 2647 664 2686; x_wconf 67' lang='lat' dir='ltr'><strong>“ascripsi</strong></span> <span class='ocrx_word' id='word_1_825' title='bbox 699 2653 731 2686; x_wconf 75' lang='lat' dir='ltr'><strong>ex</strong></span> <span class='ocrx_word' id='word_1_826' title='bbox 751 2648 826 2686; x_wconf 77' lang='lat' dir='ltr'><strong>textu</strong></span> <span class='ocrx_word' id='word_1_827' title='bbox 855 2647 948 2686; x_wconf 51' lang='lat' dir='ltr'><strong>‘sancti</strong></span> 
     </span>
    </p>
   </div>
   <div class='ocr_carea' id='block_1_111' title="bbox 158 2679 946 2721">
    <p class='ocr_par' dir='ltr' id='par_1_111' title="bbox 158 2679 946 2721">
     <span class='ocr_line' id='line_1_111' title="bbox 158 2679 946 2721; baseline -0.005 -8"><span class='ocrx_word' id='word_1_828' title='bbox 158 2679 408 2721; x_wconf 58' lang='lat' dir='ltr'><strong>evangelistzepro</strong></span> <span class='ocrx_word' id='word_1_829' title='bbox 436 2683 606 2721; x_wconf 66' lang='grc' dir='ltr'>ᾀποστελλει,</span> <span class='ocrx_word' id='word_1_830' title='bbox 624 2679 710 2721; x_wconf 58' lang='lat' dir='ltr'><strong>:quod</strong></span> <span class='ocrx_word' id='word_1_831' title='bbox 738 2687 789 2721; x_wconf 74' lang='lat' dir='ltr'><strong>ms.</strong></span> <span class='ocrx_word' id='word_1_832' title='bbox 814 2679 946 2721; x_wconf 68' lang='lat' dir='ltr'><strong>habebat.</strong></span> 
     </span>
    </p>
   </div>
   <div class='ocr_carea' id='block_1_112' title="bbox 158 2714 984 2754">
    <p class='ocr_par' dir='ltr' id='par_1_112' title="bbox 158 2714 984 2754">
     <span class='ocr_line' id='line_1_112' title="bbox 158 2714 984 2754; baseline -0.007 -6"><span class='ocrx_word' id='word_1_833' title='bbox 158 2714 289 2754; x_wconf 65' lang='lat' dir='ltr'><strong>Quamvis</strong></span> <span class='ocrx_word' id='word_1_834' title='bbox 301 2714 374 2747; x_wconf 80' lang='lat' dir='ltr'><strong>enim</strong></span> <span class='ocrx_word' id='word_1_835' title='bbox 395 2719 464 2754; x_wconf 21' lang='lat' dir='ltr'><strong>etrin</strong></span> <span class='ocrx_word' id='word_1_836' title='bbox 481 2718 594 2754; x_wconf 81' lang='lat' dir='ltr'><strong>reliquis</strong></span> <span class='ocrx_word' id='word_1_837' title='bbox 609 2714 711 2754; x_wconf 72' lang='lat' dir='ltr'><strong>aliquid</strong></span> <span class='ocrx_word' id='word_1_838' title='bbox 733 2719 821 2754; x_wconf 76' lang='lat' dir='ltr'><strong>mutet</strong></span> <span class='ocrx_word' id='word_1_839' title='bbox 839 2714 945 2754; x_wconf 83' lang='lat' dir='ltr'><strong>Noster,</strong></span> <span class='ocrx_word' id='word_1_840' title='bbox 980 2731 984 2736; x_wconf 73' lang='grc' dir='ltr'>ι</span> 
     </span>
    </p>
   </div>
   <div class='ocr_carea' id='block_1_113' title="bbox 159 2749 943 2784">
    <p class='ocr_par' dir='ltr' id='par_1_113' title="bbox 159 2749 943 2784">
     <span class='ocr_line' id='line_1_113' title="bbox 159 2749 943 2784; baseline -0.005 -2"><span class='ocrx_word' id='word_1_841' title='bbox 159 2749 218 2783; x_wconf 59' lang='lat' dir='ltr'><strong>haec</strong></span> <span class='ocrx_word' id='word_1_842' title='bbox 231 2760 322 2782; x_wconf 81' lang='lat' dir='ltr'><strong>tamen</strong></span> <span class='ocrx_word' id='word_1_843' title='bbox 337 2754 363 2780; x_wconf 88' lang='lat' dir='ltr'><strong>in</strong></span> <span class='ocrx_word' id='word_1_844' title='bbox 381 2753 463 2781; x_wconf 87' lang='lat' dir='ltr'><strong>verbo</strong></span> <span class='ocrx_word' id='word_1_845' title='bbox 479 2749 696 2781; x_wconf 51' lang='lat' dir='ltr'><strong>isto—diversitas</strong></span> <span class='ocrx_word' id='word_1_846' title='bbox 716 2749 750 2777; x_wconf 84' lang='lat' dir='ltr'><strong>ab</strong></span> <span class='ocrx_word' id='word_1_847' title='bbox 769 2750 829 2784; x_wconf 86' lang='lat' dir='ltr'><strong>ejus</strong></span> <span class='ocrx_word' id='word_1_848' title='bbox 854 2752 943 2778; x_wconf 89' lang='lat' dir='ltr'><strong>consi-</strong></span> 
     </span>
    </p>
   </div>
   <div class='ocr_carea' id='block_1_114' title="bbox 158 2789 532 2823">
    <p class='ocr_par' dir='ltr' id='par_1_114' title="bbox 158 2789 532 2823">
     <span class='ocr_line' id='line_1_114' title="bbox 158 2789 532 2823; baseline -0.013 -4"><span class='ocrx_word' id='word_1_849' title='bbox 158 2792 196 2819; x_wconf 88' lang='lat' dir='ltr'><strong>lio</strong></span> <span class='ocrx_word' id='word_1_850' title='bbox 208 2798 261 2816; x_wconf 93' lang='lat' dir='ltr'><strong>non</strong></span> <span class='ocrx_word' id='word_1_851' title='bbox 280 2789 399 2823; x_wconf 83' lang='lat' dir='ltr'><strong>profecta</strong></span> <span class='ocrx_word' id='word_1_852' title='bbox 415 2789 532 2815; x_wconf 82' lang='lat' dir='ltr'><strong>videtur.</strong></span> 
     </span>
    </p>
   </div>
   <div class='ocr_carea' id='block_1_115' title="bbox 196 2823 943 2858">
    <p class='ocr_par' dir='ltr' id='par_1_115' title="bbox 196 2823 943 2858">
     <span class='ocr_line' id='line_1_115' title="bbox 196 2823 943 2858; baseline -0.001 -7"><span class='ocrx_word' id='word_1_853' title='bbox 196 2825 252 2855; x_wconf 62' lang='lat'><strong>(.55)</strong></span> <span class='ocrx_word' id='word_1_854' title='bbox 269 2825 372 2856; x_wconf 69' lang='lat' dir='ltr'><strong>&#39;I‘trsc;</strong></span> <span class='ocrx_word' id='word_1_855' title='bbox 388 2823 424 2851; x_wconf 87' lang='lat' dir='ltr'><strong>Ita</strong></span> <span class='ocrx_word' id='word_1_856' title='bbox 446 2823 692 2858; x_wconf 79' lang='lat' dir='ltr'><strong>interpungcndam</strong></span> <span class='ocrx_word' id='word_1_857' title='bbox 713 2832 813 2852; x_wconf 84' lang='lat' dir='ltr'><strong>ccusco</strong></span> <span class='ocrx_word' id='word_1_858' title='bbox 838 2823 943 2851; x_wconf 84' lang='lat' dir='ltr'><strong>oratio-</strong></span> 
     </span>
    </p>
   </div>
   <div class='ocr_carea' id='block_1_116' title="bbox 999 2646 1784 2682">
    <p class='ocr_par' dir='ltr' id='par_1_116' title="bbox 999 2646 1784 2682">
     <span class='ocr_line' id='line_1_116' title="bbox 999 2646 1784 2682; baseline -0.001 -8"><span class='ocrx_word' id='word_1_859' title='bbox 999 2656 1060 2674; x_wconf 88' lang='lat' dir='ltr'><strong>nem</strong></span> <span class='ocrx_word' id='word_1_860' title='bbox 1081 2648 1153 2675; x_wconf 86' lang='lat' dir='ltr'><strong>hanc</strong></span> <span class='ocrx_word' id='word_1_861' title='bbox 1169 2655 1218 2682; x_wconf 85' lang='lat' dir='ltr'><strong>pro</strong></span> <span class='ocrx_word' id='word_1_862' title='bbox 1228 2654 1271 2678; x_wconf 82' lang='lat' dir='ltr'><strong>eo,</strong></span> <span class='ocrx_word' id='word_1_863' title='bbox 1290 2647 1362 2682; x_wconf 90' lang='lat' dir='ltr'><strong>quod</strong></span> <span class='ocrx_word' id='word_1_864' title='bbox 1376 2654 1428 2673; x_wconf 91' lang='lat' dir='ltr'><strong>ms.</strong></span> <span class='ocrx_word' id='word_1_865' title='bbox 1445 2651 1542 2682; x_wconf 85' lang='lat' dir='ltr'><strong>notam</strong></span> <span class='ocrx_word' id='word_1_866' title='bbox 1563 2646 1784 2681; x_wconf 81' lang='lat' dir='ltr'><strong>interrogationis</strong></span> 
     </span>
    </p>
   </div>
   <div class='ocr_carea' id='block_1_117' title="bbox 998 2681 1548 2716">
    <p class='ocr_par' dir='ltr' id='par_1_117' title="bbox 998 2681 1548 2716">
     <span class='ocr_line' id='line_1_117' title="bbox 998 2681 1548 2716; baseline -0.004 -7"><span class='ocrx_word' id='word_1_867' title='bbox 998 2682 1083 2709; x_wconf 80' lang='lat' dir='ltr'><strong>refert</strong></span> <span class='ocrx_word' id='word_1_868' title='bbox 1098 2682 1131 2709; x_wconf 91' lang='lat' dir='ltr'><strong>ad</strong></span> <span class='ocrx_word' id='word_1_869' title='bbox 1147 2681 1305 2716; x_wconf 80' lang='lat' dir='ltr'><strong>sequentem</strong></span> <span class='ocrx_word' id='word_1_870' title='bbox 1322 2690 1416 2709; x_wconf 88' lang='lat' dir='ltr'><strong>vocem</strong></span> <span class='ocrx_word' id='word_1_871' title='bbox 1430 2681 1548 2713; x_wconf 76' lang='grc' dir='ltr'>ἐλπίδος.</span> 
     </span>
    </p>
   </div>
   <div class='ocr_carea' id='block_1_118' title="bbox 1033 2715 1782 2752">
    <p class='ocr_par' dir='ltr' id='par_1_118' title="bbox 1033 2715 1782 2752">
     <span class='ocr_line' id='line_1_118' title="bbox 1033 2715 1782 2752; baseline -0.003 -8"><span class='ocrx_word' id='word_1_872' title='bbox 1033 2718 1088 2752; x_wconf 61' lang='lat'><strong>(59)</strong></span> <span class='ocrx_word' id='word_1_873' title='bbox 1102 2715 1286 2751; x_wconf 74' lang='grc' dir='ltr'>Προσέσχες.</span> <span class='ocrx_word' id='word_1_874' title='bbox 1302 2716 1428 2744; x_wconf 83' lang='lat' dir='ltr'><strong>Fortasse</strong></span> <span class='ocrx_word' id='word_1_875' title='bbox 1451 2717 1596 2752; x_wconf 76' lang='lat' dir='ltr'><strong>legendum</strong></span> <span class='ocrx_word' id='word_1_876' title='bbox 1614 2715 1782 2752; x_wconf 82' lang='lat' dir='ltr'><strong>imperative.</strong></span> 
     </span>
    </p>
   </div>
   <div class='ocr_carea' id='block_1_119' title="bbox 997 2751 1784 2813">
    <p class='ocr_par' dir='ltr' id='par_1_119' title="bbox 997 2751 1784 2813">
     <span class='ocr_line' id='line_1_119' title="bbox 997 2751 1784 2813; baseline -0.003 -35"><span class='ocrx_word' id='word_1_877' title='bbox 997 2753 1126 2813; x_wconf 45' lang='lat'><strong>(396515;,</strong></span> <span class='ocrx_word' id='word_1_878' title='bbox 1155 2752 1180 2778; x_wconf 87' lang='lat' dir='ltr'><strong>id</strong></span> <span class='ocrx_word' id='word_1_879' title='bbox 1210 2757 1248 2779; x_wconf 81' lang='lat' dir='ltr'><strong>cst</strong></span> <span class='ocrx_word' id='word_1_880' title='bbox 1277 2752 1391 2784; x_wconf 71' lang='lat' dir='ltr'><strong>(tm-nde,</strong></span> <span class='ocrx_word' id='word_1_881' title='bbox 1423 2751 1564 2787; x_wconf 47' lang='lat' dir='ltr'><strong>qua&#39;vocc</strong></span> <span class='ocrx_word' id='word_1_882' title='bbox 1596 2758 1668 2784; x_wconf 75' lang='lat' dir='ltr'><strong>stupe</strong></span> <span class='ocrx_word' id='word_1_883' title='bbox 1699 2751 1784 2780; x_wconf 81' lang='lat' dir='ltr'><strong>utitur</strong></span> 
     </span>
     <span class='ocr_line' id='line_1_120' title="bbox 997 2793 1102 2813; baseline 0 0"><span class='ocrx_word' id='word_1_884' title='bbox 997 2793 1102 2813; x_wconf 71' lang='lat' dir='ltr'><strong>Lttstet&#39;.</strong></span> 
     </span>
    </p>
   </div>
   <div class='ocr_carea' id='block_1_120' title="bbox 995 2793 1102 2816">
    <p class='ocr_par' dir='ltr' id='par_1_120' title="bbox 995 2793 1102 2816">
     <span class='ocr_line' id='line_1_121' title="bbox 995 2793 1102 2816; baseline 0 -2"><span class='ocrx_word' id='word_1_885' title='bbox 995 2793 1102 2816; x_wconf 62' lang='lat' dir='ltr'><strong>Noster.</strong></span> 
     </span>
    </p>
   </div>
  </div>
