1931 3082
136 110 188 148 153

650 111 798 142 CONTRA
816 110 1045 142 MANICHAEOS
1064 110 1180 141 LIBER
1194 111 1250 144 III.

1720 112 1770 144 154

135 178 182 196 σαι
201 170 248 197 τὸν
262 169 482 204 προσερχόμενον
493 167 532 203 τῷ
551 167 624 203 Θεῷ,
648 167 687 203 τῷ
706 167 794 195 ταῦτα
809 169 924 204 ἐνεργη-

989 167 1113 199 Iosuissc,
1125 175 1208 202 seque
1220 167 1380 203 peregrinos
1390 173 1418 195 ct
1435 167 1556 196 advenas
1568 168 1671 203 fragilis
1687 168 1769 203 hujus

136 217 207 249 κότι,
224 215 332 250 πρῶτον
350 214 400 249 μὲν
415 215 456 240 ὄτι
468 213 549 244 αὐτός
572 214 647 241 ἐστιν
660 214 674 240 ὁ
693 213 795 248 κυρίως
813 212 863 245 ὢν,
878 213 927 240 καὶ

135 263 177 289 δτι
195 259 398 297 μισθαποδότης
422 258 539 292 γίνεται,
555 258 579 285 εὶ
589 257 708 293 πονηρὸς
729 255 764 292 ἦν
780 257 828 283 καὶ
844 265 928 292 πονη-

139 308 194 343 ρῶν
211 306 301 342 ἔργων
311 303 483 339 αὒτουργός;
503 303 559 331 Καὶ
571 303 596 329 τί
608 304 649 329 δεῖ
662 302 723 329 καθ’
737 302 853 328 ἕκαστον
884 300 928 327 λέ-

137 362 197 388 γειν
212 353 267 380 τῶν
282 353 311 379 ὲν
325 353 358 387 τῇ
376 351 484 386 Παλαιᾷ
500 349 721 384 διαπρεψάντων,
740 357 777 375 ων
799 348 929 377 ἁπάντων

139 400 230 426 πίστιν
246 397 468 434 ὲπιμαρτύρεται
481 396 530 432 τὴν
543 397 582 427 εἰς
601 396 647 422 τὸν
663 395 740 426 Θεὸν,
755 394 802 421 τοῦ
817 403 846 421 τε
859 394 922 421 Νῶε

139 445 222 480 φημὶ,
237 445 285 472 καὶ
299 444 346 472 τοῦ
371 443 506 478 ’Ᾱῆραὰμ,
523 442 571 470 καὶ
605 441 709 474 Ἰσαὰκ,
730 442 778 468 καὶ
799 441 830 468 οὑ
848 441 929 476 μόνον

137 491 252 523 πιστοὺς
268 491 297 517 ἐν
316 490 370 525 ὅλῳ
383 489 422 525 τῷ
438 489 498 525 βίῳ,
514 488 582 517 ἀλλὰ
603 489 652 515 καὶ
666 488 738 515 κατὰ
752 487 802 523 τὴν
816 487 929 526 πίστιν,

138 536 239 568 αὐτοὺς
262 535 405 563 ἀπολιπεῖν
429 535 480 570 τὴν
505 534 647 569 παροῦσαν
673 533 758 568 ζωὴν,
776 533 823 560 καὶ
837 533 930 566 ξένους

139 582 254 613 ἑαυτοὺς
270 581 316 607 καὶ
327 579 480 615 παροίκους
493 580 543 614 τῆς
567 579 703 615 ὲπικήρου
718 578 840 614 νομίζειν
852 579 929 606 πολι-

976 213 1200 241 commorationis
1214 213 1375 246 credidisse,
1387 222 1476 249 neque
1489 215 1577 242 vereri
1588 214 1683 246 Deum,
1695 214 1769 249 ipsos

977 259 1143 286 domesticos
1156 266 1221 287 suos
1237 267 1345 292 vocare,
1362 264 1410 287 aut
1427 263 1456 287 ut
1475 260 1597 295 ipsorum
1616 260 1703 287 Deum
1727 261 1770 288 in-

977 305 1084 338 vocari;
1100 313 1181 340 quem
1198 306 1307 332 autem?
1330 313 1404 338 eum,
1421 306 1468 340 qui
1482 306 1548 341 ipsis
1566 307 1706 335 etnlostcm
1729 307 1769 334 oi-

978 351 1088 378 vitatem
1104 356 1256 386 paraverat.
1270 351 1412 384 Quomodo
1424 359 1490 379 vero
1506 352 1561 379 illis
1588 353 1701 379 caeleste
1723 360 1770 379 re-

980 405 1063 432 gnum
1078 400 1210 431 parasset,
1227 397 1280 424 nisi
1296 398 1324 425 in
1336 397 1390 425 vita
1410 401 1440 425 ut
1458 397 1528 425 servi
1540 397 1601 433 ejus
1618 404 1771 433 praecepto-

980 451 1096 479 rumque
1108 444 1168 479 eius
1184 445 1376 473 observatores
1393 445 1478 480 agniti
1490 444 1618 478 fuissent,
1635 445 1772 480 (idemque

982 489 1059 525 ipsi,
1092 498 1209 526 quorum
1226 491 1341 520 omnino
1363 491 1485 519 ecelestis
1508 491 1604 519 civitas
1627 492 1771 527 pnemium

982 541 1034 569 est,
1050 544 1113 565 cum
1130 545 1197 573 pura
1222 542 1249 566 et
1273 537 1435 566 intemerata
1463 537 1637 566 confessione
1663 546 1773 566 servas-

983 582 1067 610 sent?

138 627 226 660 τείας,
250 626 352 662 καὶμὴ
375 625 589 660 ἐπαισχύνεσθαι
615 625 662 652 τὸν
692 625 769 658 Θεδν,
798 625 918 658 οἰκείους
935 636 965 654 τε
983 628 1039 664 (55)
1063 625 1298 666 αὐτοῦ’νομιζειν,
1312 629 1360 657 καὶ
1391 630 1459 666 Θεὸν
1478 630 1561 657 αὑτὸν
1584 630 1642 666 (5t)
1674 630 1773 656 ἐπικα-

139 673 246 700 λεῖσθαι
259 681 267 690 ο
296 673 388 706 ποῖον;
412 672 458 699 τὸν
485 671 656 707 ἡτοιμακότα
684 671 735 706 τὴν
760 671 924 707 ἐπουράνιον
946 673 1023 701 πόλιν
1038 675 1141 708 αὐτοῖς.
1154 676 1218 708 Πῶς
1233 676 1289 712 γὰρ
1304 676 1398 709 αὐτοῖς
1419 676 1470 712 τὴν
1502 676 1630 712 οὐράνιον
1660 675 1775 711 ἡτοιμάο

141 731 209 749 σατο
228 721 378 757 βασιλείαν,
409 720 435 747 εί
451 720 489 757 μὴ
512 719 608 746 τούτου
629 719 677 746 καὶ
695 719 862 754 θεράποντες
887 721 934 748 καὶ
951 721 1007 749 τῶν
1038 724 1261 759 προσταγμάτων
1277 723 1399 758 φύλακες
1424 723 1606 759 ἑγνωρίζοντο
1626 723 1672 750 διὰ
1705 722 1774 757 βίου,

103 791 108 794 .
141 768 190 795 καὶ
217 767 268 803 τὴν
295 767 387 793 πίστιν
410 765 485 801 αὑτῷ
510 765 685 798 διεσώσαντο,
708 762 750 796 οἷς
776 764 894 794 ἔπαθλον
911 767 928 802 ἡ
966 767 1094 804 οὐράνιος
1119 769 1208 802 πόλις,
1233 769 1358 805 καθαράν
1377 778 1407 796 τε
1431 769 1481 796 καὶ
1504 769 1622 805 ἄμικτον
1657 768 1776 804 ἀμφιϐο-

140 815 201 845 λίαν
215 814 291 850 (55);

178 863 228 891 ΙΓί.
241 863 278 890 Σὺ
289 863 317 890 δὲ
328 862 396 898 μηδὲ
405 862 455 897 τὴν
463 861 562 889 ἄθυτον
572 862 619 888 καὶ
630 862 787 897 θαυμασίαν
807 863 933 898 Ἀϐραὰμ

1019 861 1093 889 XIII.
1110 861 1151 889 Τιι
1167 869 1233 889 vero
1242 869 1294 889 nec
1304 861 1431 889 mirabile
1443 860 1510 888 illud
1522 864 1550 887 et
1562 867 1616 887 non
1628 864 1774 888 mactatum

142 908 240 936 ουσίαν
254 907 450 943 παραδράμῃς,
479 906 548 933 θεοῦ
571 907 622 942 μὲν
649 906 851 942 ἐκζητήσαντος
867 907 933 934 ταύ-

141 961 206 988 την,
222 952 270 979 καὶ
286 952 335 987 τὴν
347 950 462 987 γνώμην
480 951 686 986 ἀποδεξαμένου
701 960 708 967 ο
723 952 771 978 τοῦ
785 952 814 978 δὲ
828 952 932 987 προθύη

143 1007 204 1034 μως
228 998 396 1030 πεισθέντος,
413 997 460 1024 καὶ
480 997 510 1024 οὺ
526 998 685 1029 πεισθέντος
698 998 790 1032 μόνον,
805 997 874 1026 ἀλλὰ
887 999 934 1024 καὶ

143 1043 351 1074 πιστεύσαντος,
367 1043 408 1070 ὄτι
421 1043 534 1075 δυνατός
548 1043 623 1069 ἐστιν
642 1043 656 1069 6
671 1043 738 1075 Θεὸς
755 1043 803 1069 καὶ
818 1044 933 1080 νεκροὺς

143 1090 261 1124 ἐγεῖραι.
277 1089 327 1116 Διὰ
340 1089 421 1116 τοῦτο
438 1089 577 1122 λογίζεται
591 1089 640 1123 μὲν
654 1089 730 1124 αὐτῷ
744 1089 783 1120 είς
794 1089 934 1116 δικαιοσύ-

143 1144 205 1170 νην,
220 1135 250 1161 τδ
267 1135 401 1171 πατρικὸν
413 1134 442 1163 δὲ
457 1135 569 1170 ἀξίωμα
581 1134 611 1160 οὺ
629 1133 700 1162 κατὰ
715 1135 765 1169 τῆς
778 1134 839 1160 τότε
854 1134 935 1169 μόνον

143 1182 252 1214 γενεᾶς,
284 1181 352 1207 ἀλλὰ
381 1181 427 1207 καὶ
444 1180 513 1216 μετὰ
539 1180 638 1210 ταῦτα.
667 1180 813 1215 λαμϐάνει,
844 1179 936 1210 καθὼς

144 1227 315 1262 γέγραπται,
329 1227 370 1253 ὃτι
383 1226 500 1260 Πατέρα
519 1225 646 1253 πολλῶν
653 1225 749 1254 ἐθνῶν
762 1225 879 1252 τέθεικά
887 1233 934 1259 σε,

144 1274 304 1300 κατέναντι
319 1271 356 1300 οὗ
371 1273 536 1299 ἐπίστευσε
559 1269 628 1306 Θεῷ.
647 1272 703 1299 Καὶ
719 1271 840 1307 πρόσχες
856 1272 936 1306 ἀκρι-

145 1320 213 1352 ϐῶς,
229 1320 302 1352 τίνος
321 1320 396 1354 λέγει
418 1319 498 1346 Θεοῦ.
539 1319 653 1352 Ἐπάγει
678 1318 733 1354 γὰρ
759 1318 893 1345 διδάσκων
922 1319 936 1344 6

145 1367 262 1399 Παῦλος,
276 1366 329 1393 τοῦ
343 1365 559 1399 ζωοποιοῦντος
569 1365 642 1398 τοὺς
659 1364 796 1399 νεκροὺς,
815 1365 865 1391 καὶ
884 1373 937 1391 κα-

144 1412 275 1445 λοῦντος
284 1411 320 1438 τὰ
331 1412 375 1446 μὴ
392 1411 465 1438 ὄντα
478 1411 517 1444 ὡς
541 1410 630 1437 ὄντα·
646 1410 695 1439 καὶ
712 1410 793 1438 πάλιν
808 1418 814 1425 ·
832 1412 887 1443 Εἰς
903 1409 938 1436 δὲ

145 1458 205 1490 τὴν
220 1457 402 1492 ἐπαγγελίαν
412 1457 464 1483 τοῦ
477 1455 552 1483 Θεοῦ
565 1457 601 1482 οὺ
611 1455 743 1490 διεκρίθη
753 1455 791 1489 τῇ
799 1455 937 1489 ἀπιστίᾳ,

146 1503 215 1532 ἀλλ’
231 1501 442 1537 ἐνεδυναμώθη
470 1501 507 1536 τῇ
534 1502 646 1534 πίστει,
676 1501 749 1534 δοὺς
780 1500 876 1532 δόξαν
898 1500 938 1533 τῷ

147 1547 220 1581 Θεῷ.
237 1548 329 1584 Ὁρᾷς,
345 1547 387 1578 τίς
406 1544 440 1582 ἦν
453 1547 468 1573 6
482 1547 511 1573 ὲν
522 1546 598 1582 νόμῳ
617 1545 665 1572 καὶ
678 1546 836 1581 προφήταις
851 1545 937 1580 λαλή-
952 1541 972 1568 C

147 1604 209 1627 σας,
224 1595 265 1621 ὅτι
280 1594 330 1621 οὐκ
348 1593 427 1625 ἄλλος
442 1593 516 1628 παρὰ
540 1593 585 1620 τὸν
607 1592 793 1628 χαρισάμενον
805 1593 872 1627 ἡμῖν
886 1592 936 1628 τὴν

147 1641 239 1679 χάριν,
247 1640 303 1667 ἀλλ’
317 1640 409 1671 αὑτός.
429 1639 544 1673 Ἐπάγει
556 1640 610 1674 γάρ
623 1648 629 1655 ι
643 1648 653 1665 ‹
667 1639 724 1665 Οὐκ
737 1639 846 1674 Eumer,
861 1639 889 1664 δὲ
904 1638 938 1664 δι’

147 1687 231 1714 αὑτὸν
251 1686 342 1722 μόνον,
355 1685 423 1713 ἀλλὰ
435 1684 484 1712 καὶ
499 1685 532 1712 δι’
560 1686 644 1720 ἡμᾶς,
661 1682 702 1716 οἷς
728 1684 820 1719 μέλλει
833 1685 940 1718 λογίζεο

148 1732 212 1759 σθαι
227 1732 282 1763 τοῖς
299 1731 494 1758 πιστεύσουσιν
510 1731 557 1757 ἐπὶ
571 1731 616 1757 τὸν
638 1730 785 1765 ὲγείραντα
807 1730 852 1756 τὸν
881 1730 939 1757 Κύ-

150 1786 208 1815 ριον
226 1776 305 1813 ἡμῶν
333 1776 439 1812 Ἰησοῦν
463 1776 582 1812 Χριστὸν
596 1777 628 1803 ἐκ
655 1775 771 1811 νεκρῶν.
788 1785 797 1801 ι
811 1775 940 1802 Οὐκοῦνὸ

150 1823 257 1858 πατέρα
271 1822 377 1849 πολλῶν
393 1822 480 1849 ἐθνῶν
503 1822 616 1858 Θέμενος
631 1821 678 1848 τὸν
699 1820 837 1856 ’Δὸραάμ,
855 1821 939 1856 ὅρκον

151 1868 278 1904 ὑποσχὼν
294 1867 381 1904 αὐτῷ,
396 1868 411 1894 6
429 1868 459 1895 ἐν
472 1868 533 1899 ταῖς
549 1866 732 1901 ἐπαγγελίαις
746 1865 939 1900 ἀδιάψευστος,

149 1916 165 1942 6
189 1915 224 1942 τὰ
239 1914 278 1950 μὴ
303 1914 369 1941 ὄντα
393 1913 486 1941 καλῶν
501 1913 540 1946 ὡς
564 1913 640 1946 ὄντα,
670 1913 684 1938 6
711 1911 852 1945 ζωοποιῶν
876 1912 940 1943 τοὺς

150 1961 287 1997 νεκροὺς,
301 1960 384 1992 αὑτός
398 1961 472 1987 ἐστιν
494 1960 510 1986 6
529 1959 640 1994 ἐγείρας
665 1958 711 1985 τὸν
733 1958 836 1993 Κύριον
861 1957 941 1993 ἡμῶν

157 2007 263 2043 Ἰησοῦν
279 2006 397 2042 Χριστὸν
413 2007 444 2033 ὲκ
454 2006 570 2041 νεκρῶν·
587 2005 640 2032 κᾶν
654 2005 693 2035 ,τὸ
704 2004 754 2040 τῆς
769 2004 942 2036 ἀποστασίας

148 2053 273 2088 ὀλέθριον
292 2052 420 2088 φρόνημα
433 2052 473 2083 είς
488 2051 534 2078 δύο
545 2050 706 2082 δεσποτείας
725 2051 772 2077 καὶ
796 2050 875 2082 θεοὺς
891 2058 942 2077 κα-

149 2098 288 2134 τᾳμερίζῃ
314 2097 424 2128 αὐτούς.
443 2092 484 2124 ¹Σὺ
500 2097 528 2124 δέ
547 2105 592 2131 μοι
619 2096 667 2124 καὶ
686 2097 750 2128 τοὺς
774 2096 899 2129 λοιποὺς,
915 2095 941 2122 οἳ

152 2144 311 2180 περιφανῶς
332 2144 493 2179 ἐδείχθησαν
514 2144 543 2169 ὲν
569 2144 602 2178 τῇ
630 2142 740 2178 ΙΙαλαιᾷ
767 2141 942 2177 βεϐιωκότες,

151 2191 322 2225 ὲπιλογίζου,
340 2190 386 2217 τὸν
407 2189 545 2225 ’Δὸραὰμ,
567 2189 612 2216 τὸν
636 2188 746 2221 Ἰακὼϐ,
764 2187 810 2214 τὸν
831 2187 941 2223 Ἰωσὴφ,

152 2238 234 2271 αὐτὴν
251 2237 296 2263 τὸν
307 2236 419 2268 Μωσέα,
438 2235 483 2266 οὒς
499 2235 528 2261 ὲν
545 2235 649 2270 ἐπαίνῳ
665 2233 826 2269 ποιούμενος
844 2233 858 2259 6
871 2232 943 2259 nas.
956 2228 982 2257 D

152 2284 198 2315 λος
214 2284 260 2311 καὶ
271 2285 321 2318 τὴν
345 2282 437 2309 πίστιν
465 2281 556 2308 αὐτῶν
573 2280 709 2316 ὲξυμνῶν,
735 2280 799 2316 περὶ
814 2279 862 2306 τοῦ
879 2280 944 2306 Μω-

152 2330 223 2361 σέως
233 2329 423 2365 προστίθησινο
437 2328 503 2354 Ὅτι
515 2327 565 2354 καὶ
581 2327 635 2354 τὸν
647 2326 820 2361 ὀνειδισμὸν
827 2325 944 2359 ὑπέστη

150 2377 207 2407 τοῦ
222 2377 363 2412 Χριστοῦ.
391 2377 475 2411 Λέγει
493 2376 547 2412 γὰρ
571 2376 691 2413 ῥήμασιν
710 2375 803 2406 αὐτοῖς
828 2374 945 2410 μείζονα

110 2447 113 2450 .
152 2425 210 2451 τῶν
236 2423 375 2459 Αἰγύπτου
402 2423 549 2459 θησαυρῶν
575 2421 753 2458 ἡγησάμενος
779 2421 825 2448 τὸν
846 2421 945 2449 ὀνειδι-

155 2470 225 2506 σμὸν
239 2469 287 2497 τοῦ
303 2469 433 2505 Χριστοῦ,
463 2469 511 2496 καὶ
535 2469 585 2504 τὴν
608 2468 718 2494 αἰτίαν·
736 2467 876 2495 ἀπέϐλεπε
890 2467 944 2502 γὰρ

153 2517 197 2548 εἰς
220 2515 269 2551 τὴν
307 2514 532 2551 μισθαποδοσίαν,
558 2514 594 2549 ἢν
619 2513 742 2548 δηλονότι
772 2512 886 2544 δυνατὸς
908 2510 943 2548 ἦν

984 908 1131 936 Abrahami
1147 907 1309 935 sacriﬁcium
1326 907 1482 943 praeterito,
1510 907 1583 942 quod
1598 907 1670 934 Deus
1683 907 1777 942 rcqui-

984 955 1071 987 rebat,
1085 955 1311 990 propositumque
1328 954 1388 989 ejus
1402 953 1535 989 probabat
1548 962 1556 987 ;
1571 953 1643 980 sicut
1654 952 1776 980 vicissim

984 1000 1007 1028 is
1020 1000 1212 1035 (Abrahamus)
1230 1007 1285 1026 non
1299 999 1403 1027 invitus
1422 999 1555 1034 parebat,
1586 1007 1638 1026 nec
1663 999 1776 1033 parebat

984 1045 1083 1078 solum,
1094 1044 1142 1072 sed
1156 1048 1183 1071 et
1194 1044 1334 1076 credebat,
1346 1044 1433 1071 Deum
1450 1048 1478 1071 et
1507 1048 1631 1071 mortuos
1658 1043 1777 1070 excitare

984 1099 1075 1127 posse.
1092 1091 1239 1126 Propterea
1256 1091 1408 1126 imputatur
1423 1091 1474 1118 hoc
1485 1090 1509 1118 ei
1524 1089 1696 1126 in'justitiam
1711 1109 1718 1121 ,
1735 1090 1777 1124 ip-

985 1145 1068 1172 seque
1080 1142 1210 1172 praeterea
1227 1138 1312 1172 patris
1334 1137 1442 1164 titulum
1459 1144 1514 1164 non
1534 1137 1562 1163 in
1580 1137 1654 1164 illam
1670 1140 1776 1163 tantum

986 1183 1032 1210 sed
1051 1187 1078 1210 et
1107 1188 1251 1210 secuturas
1276 1183 1470 1217 generationes
1490 1182 1599 1216 accipit,
1614 1181 1685 1209 sicut
1708 1181 1777 1208 scri-

987 1233 1061 1262 ptum
1087 1232 1129 1255 est
1146 1236 1153 1254 :
1168 1227 1317 1255 Multarum
1339 1227 1456 1262 gentium
1471 1231 1574 1261 patrem
1598 1231 1622 1252 te
1643 1225 1776 1252 constitui.

987 1274 1039 1300 Pro
1051 1281 1102 1308 quo
1116 1273 1226 1300 credidit
1243 1273 1297 1299 Deo
1326 1273 1359 1300 ³⁵.
1379 1272 1420 1300 Τιι
1445 1280 1510 1300 vero
1535 1272 1619 1308 probe
1647 1272 1775 1303 observa,

987 1328 1066 1354 quem
1080 1320 1124 1347 hic
1144 1320 1271 1354 loquatur
1287 1319 1383 1346 Deum.
1402 1318 1549 1354 Subjungit
1575 1319 1648 1346 enim
1677 1318 1780 1345 docens

989 1365 1103 1392 Paulus:
1123 1364 1271 1398 Viviﬁcanti
1291 1367 1420 1395 mortuos,
1436 1368 1460 1391 et
1478 1364 1582 1391 vocanti
1597 1372 1628 1391 ea
1651 1370 1710 1400 quae
1728 1370 1780 1389 non

987 1416 1059 1443 sunt,
1072 1416 1201 1445 tanquam
1224 1411 1277 1437 sint
1290 1411 1323 1437 ³³.
1343 1409 1376 1436 Et
1405 1410 1523 1437 iterum:
1551 1409 1588 1436 De
1608 1409 1782 1443 promissione

988 1465 1047 1484 vero
1062 1456 1108 1483 Dei
1122 1464 1173 1483 non
1185 1456 1317 1483 dubitavit
1333 1464 1380 1490 per
1393 1455 1620 1484 incredulitatem,
1632 1455 1677 1481 sed
1695 1455 1782 1489 potius

990 1502 1161 1536 conﬁrmatus
1180 1506 1216 1528 est
1230 1501 1291 1536 ﬁde,
1312 1502 1379 1528 dans
1397 1501 1452 1528 Deo
1467 1500 1583 1536 gloriam
1600 1500 1633 1526 ³⁸.
1651 1499 1781 1531 Videsne,

990 1549 1052 1583 quis
1069 1548 1194 1580 fueritis,
1212 1548 1259 1583 qui
1280 1547 1307 1574 in
1319 1547 1378 1583 lege
1399 1552 1428 1574 et
1446 1547 1589 1582 prophetis
1604 1546 1713 1573 locutus
1729 1550 1782 1577 est,

991 1594 1096 1622 scilicet
1108 1602 1164 1621 non
1182 1594 1307 1621 diversus
1325 1594 1360 1621 ab
1377 1601 1421 1626 eo,
1445 1593 1492 1628 qui
1507 1593 1588 1620 nobis
1607 1592 1722 1627 largitus
1741 1595 1785 1618 est

991 1640 1114 1676 gratiam,
1130 1640 1178 1667 sed
1191 1640 1274 1667 idem.
1290 1639 1373 1667 Addit
1393 1640 1483 1666 enim:
1498 1648 1508 1665 ι
1524 1638 1583 1666 Non
1598 1647 1663 1666 vero
1682 1638 1784 1673 scripta

991 1687 1126 1714 haecsunt
1139 1690 1252 1721 propter
1267 1686 1358 1720 ipsum
1374 1686 1476 1719 solum,
1489 1685 1536 1713 sed
1550 1688 1578 1712 et
1593 1689 1705 1720 propter
1721 1691 1783 1717 nos,

990 1733 1090 1768 quibus
1109 1732 1239 1767 imputari
1263 1732 1355 1763 debet.
1371 1731 1518 1759 crcdituris
1542 1738 1644 1765 nempe
1659 1731 1687 1757 in
1707 1738 1783 1763 eum,

991 1778 1035 1813 qui
1049 1777 1194 1805 Dominum
1207 1781 1334 1804 nostrum
1351 1777 1445 1804 Jesum
1459 1776 1599 1804 Christum
1617 1783 1650 1804 ex
1666 1775 1785 1805 mortuis

991 1825 1120 1852 excitavit
1133 1824 1183 1853 ³⁵⁸.
1198 1833 1207 1850 ι
1219 1823 1353 1859 Itaqueis,
1365 1823 1410 1858 qui
1425 1822 1610 1851 Abrahamum
1637 1823 1785 1850 multarum

991 1870 1111 1906 gentium
1135 1874 1241 1905 patrem
1262 1869 1416 1901 constituit,
1433 1869 1481 1903 qui
1512 1867 1706 1904 jusjurandum
1732 1868 1785 1902 ipsi

992 1915 1127 1951 praestitit,
1141 1916 1188 1951 qui
1202 1915 1230 1942 in
1245 1914 1476 1951 promissionibus
1491 1922 1547 1942 non
1562 1914 1641 1945 fallit,
1663 1914 1710 1949 qui
1727 1921 1785 1941 non

992 1961 1152 1995 exsistentia
1167 1965 1246 1988 vocat
1259 1965 1290 1988 ut
1305 1960 1484 1993 exsistentia,
1505 1960 1552 1995 qui
1573 1958 1694 1987 viviﬁcat
1711 1967 1786 1986 mor-

993 2011 1064 2038 tuos,
1077 2006 1148 2034 idem
1162 2011 1213 2038 est,
1226 2006 1272 2042 qui
1288 2005 1433 2034 suscitavit
1445 2005 1591 2033 Dominum
1605 2009 1731 2032 nostrum
1741 2004 1787 2032 Jc-

993 2061 1052 2081 sum
1064 2053 1202 2081 Christum
1216 2061 1248 2080 ex
1262 2052 1379 2080 mortuis
1402 2061 1409 2080 :
1423 2051 1531 2079 etiamsi
1545 2052 1699 2087 perniciosa
1724 2051 1783 2077 lucc

993 2103 1175 2135 apostatarum
1189 2099 1313 2127 doctrina
1327 2099 1355 2126 in
1367 2099 1421 2126 duo
1437 2098 1551 2134 imperia
1569 2103 1598 2126 et
1613 2097 1680 2125 deos
1691 2096 1788 2124 distiu-

993 2152 1066 2181 guat.
1086 2145 1128 2173 Tu
1140 2153 1205 2173 vero
1219 2150 1247 2173 et
1259 2145 1390 2180 reliquos,
1402 2145 1449 2180 qui
1465 2145 1493 2172 in
1512 2144 1599 2172 veteri
1619 2145 1786 2171 testamento

994 2200 1050 2227 pra:
1066 2192 1172 2219 caeteris
1183 2196 1435 2224 commonstrantur
1449 2211 1456 2224 ,
1483 2190 1633 2226 perpende,
1657 2188 1784 2217 Abraha-

995 2245 1080 2269 mum,
1097 2236 1241 2269 Jacobum,
1265 2235 1416 2271 Josephum
1435 2256 1443 2269 ,
1466 2235 1556 2270 ipsum
1579 2233 1662 2261 etiam
1680 2232 1786 2263 Mosen,

994 2291 1063 2319 quos
1073 2283 1161 2318 dignis
1177 2282 1304 2310 laudibus
1316 2282 1460 2316 excipiens
1487 2280 1588 2307 Paulus
1599 2299 1607 2312 ,
1634 2284 1787 2311 eorumque

994 2330 1075 2357 ﬁdem
1091 2329 1243 2361 celebrans,
1253 2328 1287 2355 de
1299 2327 1373 2355 Illose
1389 2327 1464 2354 addit
1474 2335 1480 2353 :
1489 2326 1565 2359 Quod
1576 2330 1600 2352 et
1613 2322 1789 2360 ignominiam

994 2376 1091 2404 Christi
1105 2375 1242 2409 pertulerit
1254 2375 1286 2401 ".
1305 2374 1376 2401 Dicit
1392 2373 1465 2401 enim
1478 2392 1485 2404 ,
1513 2371 1586 2406 quod
1607 2368 1787 2405 ignominiam

993 2421 1096 2450 Christi
1114 2421 1250 2449 thesauris
1263 2419 1372 2456 )Egypti
1386 2419 1520 2455 potiorem
1533 2417 1669 2450 habuerit,
1692 2423 1724 2443 ea
1752 2416 1786 2442 de

997 2477 1089 2501 causa,
1108 2468 1171 2503 quia
1197 2466 1349 2503 respexerit
1373 2465 1547 2498 mercedem,
1573 2472 1655 2499 quam
1683 2463 1790 2496 scilicet

997 2513 1070 2541 Deus
1081 2513 1131 2548 ipsi
1146 2518 1275 2549 praestare
1285 2511 1417 2548 potuerit.
1436 2511 1491 2539 Sed
1506 2510 1577 2539 nihil
1592 2510 1701 2543 attinet,
1716 2509 1792 2541 viros

188 2589 211 2606 "
222 2589 303 2618 Rom.
318 2597 356 2623 tv,
368 2589 414 2618 17.
446 2588 469 2605 ³⁸
480 2587 547 2616 ἱὺίἁε
565 2587 609 2616 l9.
648 2587 671 2604 ³⁸
686 2587 753 2615 ibid.
765 2587 811 2614 20.
849 2586 882 2602 ³⁸⁸
895 2586 937 2614 ibit

989 2586 1022 2619 Β,
1061 2586 1083 2604 ³⁷
1099 2585 1183 2613 Hebr.
1195 2593 1232 2619 ιιι,
1247 2584 1294 2612 26.

684 2645 821 2673 .VARIJE
838 2643 1034 2673 LECTIONES
1048 2643 1092 2671 ET
1107 2642 1226 2672 NOT/E.

192 2693 249 2726 (53)
278 2693 414 2726 οὶκείους
425 2701 467 2720 τε.
498 2692 660 2721 Subindicat
695 2692 784 2719 locum
799 2690 944 2718 Paulinum

153 2729 258 2765 Ephes.
276 2736 306 2760 ιι,
322 2728 366 2755 19.

192 2763 250 2799 (54)
269 2763 375 2799 Λρτόν.
395 2763 485 2791 Malim
511 2764 602 2799 legere
618 2762 719 2799 αὐτῶν.
735 2761 763 2789 Id
789 2761 863 2799 enim
881 2759 944 2799 sibi,

154 2799 184 2827 ni
195 2795 284 2830 tollor,
300 2798 414 2826 Photius
435 2799 503 2832 vult,
519 2795 604 2826 DEum
617 2797 762 2825 credentes
780 2795 947 2832 domesticos

156 2842 222 2864 suos
241 2834 389 2869 appellare,
407 2841 436 2861 sc
454 2830 520 2862 vero
535 2841 629 2862 eorum
649 2833 732 2866 Deum
749 2831 841 2864 vocari
866 2830 946 2863 velle.

245 2891 389 2901 om

1033 2689 1088 2724 (55)
1111 2687 1310 2724 misqté’oliqr.
1326 2684 1427 2724 Nescio
1442 2683 1506 2724 quid
1530 2683 1586 2724 sibi
1599 2682 1650 2723 hoc
1663 2679 1790 2724 loco

997 2714 1147 2752 vos‘v’elit.’
1157 2714 1248 2750 Malim
1264 2722 1355 2757 legere
1367 2714 1526 2757 ὁμολογίαν..
1543 2722 1591 2745 aut
1611 2716 1699 2757 simile
1711 2714 1790 2749 quid,

998 2759 1128 2823 peiquod
1146 2755 1402 2795 confessio,scilicct
1416 2755 1488 2789 lidei,
1503 2755 1537 2784 dc
1545 2760 1598 2789 qua
1613 2756 1790 2787 ante'sermo,

1000 2804 1027 2823 ιιι
1050 2799 1146 2823 tcetur.
