1931 3082
112 158 165 193 157

612 161 760 193 CONTRA
780 161 1011 192 MANICHEOS
1031 160 1150 191 LIBER
1170 160 1229 191 ΙΙΙ.

1689 157 1740 190 158

109 217 189 252 ἁγία,
209 216 276 252 ἄλλη
287 217 315 244 δὲ
324 216 428 249 δικαίαν
447 216 514 253 ἄλλη
536 216 564 244 δὲ
576 217 676 252 ἀγαθὴ,
689 217 748 245 ἀλλ’
768 218 785 253 ἡ
802 216 899 243 “αὒτοῦ

952 215 1032 242 aliam
1042 214 1154 250 justam,
1165 214 1243 240 aliam
1256 213 1364 246 bonam,
1381 219 1461 248 quam
1475 211 1566 247 ipsum
1581 211 1649 247 legis
1668 220 1740 248 pne-

109 263 159 290 τοῦ
173 263 257 298 νόμου
266 263 361 298 ἐντολὴ
369 263 414 290 καὶ
428 261 476 289 τοῦ
491 263 573 290 αὑτοῦ
584 263 652 290 Θεοῦ
666 264 712 289 καὶ
721 262 840 294 δικαίου,
852 262 899 289 καὶ

111 309 204 344 ἁγίου,
222 309 269 336 καὶ⁵
281 309 397 343 ἀγαθοῦ.
416 309 462 341 ἘΞ
480 306 509 336 οὗ
523 309 577 344 γὰρ
594 308 671 345 βρύει
690 309 721 335 τὸ
745 308 823 343 ἅγιον
854 307 902 334 καὶ

110 354 216 382 δίκαιον
228 354 275 381 καὶ
284 354 397 388 ἀγαθὸν,
415 354 531 389 χορηγὸς
553 354 604 389 μέν
618 354 676 379 ἐστι
703 352 804 379 τούτων
820 352 902 384 αὐτὸς

112 402 161 429 καὶ
177 401 271 436 δοτήρ.
288 401 368 427 Κατὰ
381 400 411 427 τὺ
423 401 510 427 αἴτιον
524 400 552 427 δὲ
568 400 620 435 πρὸ
634 400 754 432 πάντων,
765 396 801 426 ὧν
810 398 902 430 ἄλλοις

112 448 262 483 μετασχεῖν
278 447 426 482 παρέσχεν,
443 446 525 478 αὐτὸς
540 446 658 481 ὑπάρχει
683 445 782 478 ταῦτα,
801 445 831 472 οὐ
853 453 902 480 με·

111 493 232 528 τασχὼν,
247 489 278 519 οὗ
296 491 330 519 δι’
349 490 572 526 ὑπερϐλύζουσαν
592 490 749 525 ἀγαθότητα
779 490 899 525 μετέχει,

111 538 161 565 καὶ
175 538 194 565 ἃ
211 538 336 573 μετέσχε,
352 537 498 573 μετουσίας
507 536 682 571 ἀγαθοειδοῦς
695 536 762 571 (59).
781 535 837 562 Καὶ
853 535 901 562 ἀλ-

111 583 197 619 λαχοῦ
212 583 242 610 δὲ
253 583 335 610 πάλιν
348 584 363 610 ὸ
382 583 463 614 αὐτὸς
477 582 527 617 τῆς
540 581 669 617 ἀληθείας
680 581 768 616 κήρυξ
786 580 851 615 βοᾷ“,
865 580 900 606 Τὸ

112 629 258 664 δικαίωμα
271 628 460 663 πληροῦσθαι
474 628 528 655 τοῦ
541 629 636 662 νόμου
650 628 685 654 ἐν
698 619 760 660 τοῖς
767 626 809 661 μὴ
825 626 901 653 κατὰ

112 675 213 708 σάρκα
229 674 456 708 περιπατοῦσιν,
477 674 559 701 ἀλλὰ
580 673 656 700 κατὰ
670 673 899 707 πνεῦμιι,’τουτ-

112 721 201 752 ἐστιν,
217 721 247 747 ὲν
262 717 302 752 οἷς
315 721 343 747 αἱ
357 720 476 756 πονηραὶ
488 719 603 756 πράξεις
621 720 667 746 καὶ
683 719 839 754 ὑποσποραὶ
852 718 898 744 τοῦ

118 767 247 803 Ἐχθροῦξ,
265 768 312 794 καὶ
325 767 359 795 τὰ
376 767 565 803 ἁμαρτήματα
579 767 654 802 ἰσχὺν
670 767 719 793 οὐκ
730 767 798 802 ἔχει,
815 767 900 802 ἀλλ’ἢ

112 812 185 839 κατὰ
209 812 329 847 πνεῦμα,
350 812 491 839 τουτέστιν
515 813 532 848 ἡ
559 812 619 840 κατ’
648 812 808 848 ἀρετὴνκαὶ
825 813 901 840 θείαν

112 857 273 892 συνέργειαν
289 857 470 892 κατορθοῦται
482 856 615 884 πολιτεία.
633 857 664 884 Et
678 857 747 884 δὲτὸ
762 857 900 892 δικαίωμα

953 265 1074 295 ceptum,
1090 264 1117 287 et
1131 259 1252 295 ejusdem
1265 259 1313 285 Dei
1329 258 1472 293 tnmjusti,
1487 263 1543 285 tum
1565 259 1665 291 sancti,
1682 264 1739 286 tum

952 306 1027 333 boni.
1042 305 1080 332 Ex
1091 304 1342 340 quoenimscalurit
1354 308 1488 337 sanctum,
1499 308 1526 331 ct
1534 303 1649 339 justum,
1658 308 1686 331 et
1693 304 1741 331 bo-

951 358 1029 384 num,
1037 351 1108 378 idem
1120 355 1161 377 est
1174 350 1280 376 illorum
1291 353 1386 376 auctor
1392 353 1419 376 et
1431 349 1551 384 largitor.
1567 350 1597 376 ln
1605 352 1739 384 quantum

951 405 1018 425 vero
1029 405 1111 424 causa
1123 401 1174 429 est,
1184 396 1255 423 idem
1268 403 1323 430 pra:
1331 395 1459 423 omnibus
1468 403 1499 422 ea
1511 395 1603 422 omnia
1614 400 1666 428 est,
1677 404 1741 431 quo.

951 451 1012 470 rum
1024 442 1092 469 alios
1104 441 1253 477 participes
1265 440 1340 473 fecit,
1352 440 1459 467 etiamsi
1471 448 1526 467 non
1547 441 1644 467 eodem
1658 441 1739 467 modo

952 487 1090 523 possideat
1102 495 1109 520 ;
1125 494 1159 514 ex
1172 487 1250 521 cujus
1260 485 1341 512 etiam
1354 485 1476 512 bonitate
1500 485 1740 520 superabundante

953 533 983 561 lit
994 537 1034 564 ut.
1055 531 1188 568 quidquid
1203 532 1263 566 ejus
1287 531 1425 566 particeps
1442 535 1494 563 est,
1508 531 1535 557 in
1547 528 1740 558 communione

951 577 1229 606 Bonil'ormiexsistat.
1241 577 1275 603 Et
1285 576 1348 604 alibi
1359 576 1431 603 idem
1444 576 1568 602 veritatis
1581 583 1671 610 przeeo
1682 576 1739 603 cla—

951 628 1018 655 mat.
1033 628 1163 658 prazcepta
1183 623 1246 658 legis
1257 622 1362 657 impleri
1379 623 1407 649 in
1421 622 1465 654 iis,
1477 623 1521 657 qui
1535 630 1585 649 non
1598 623 1740 649 secundum

951 679 1059 698 carnem
1067 670 1214 703 ambulant,
1221 670 1265 696 sed
1271 669 1413 696 secundum
1419 669 1541 703 spiritum
1548 669 1583 702 "’,
1590 668 1641 695 hoc
1650 672 1701 701 est,
1712 667 1739 694 in

951 717 1050 751 quibus
1060 715 1181 743 actiones
1187 716 1264 743 malae
1274 719 1301 742 et
1312 715 1416 742 semina
1423 714 1519 745 hostis,
1528 718 1555 741 et
1563 717 1674 749 peccata
1686 712 1740 740 vim

950 770 1005 790 non
1016 762 1127 791 habent.
1136 761 1183 789 sed
1196 761 1264 788 ratio
1272 761 1334 788 vitae
1343 760 1493 788 secundum
1511 759 1650 795 spiritum,
1660 759 1686 786 id
1698 762 1740 786 est

951 809 1079 836 virtutem
1090 812 1117 835 et
1125 807 1171 835 Dei
1180 807 1310 834 auxilium
1319 805 1555 839 ordinatur.Quod
1566 805 1589 833 si
1598 812 1662 832 vero
1668 812 1741 840 pra:-

953 857 1031 889 cepta
1044 853 1110 888 legis
1125 861 1181 881 non
1195 861 1210 880 a
1226 853 1413 887 peccatoribus
1428 856 1456 880 et
1469 851 1549 887 genio
1577 849 1742 886 indulgenti-

109 903 159 930 τοῦ
173 887 258 939 νόμου
271 903 322 930 οὐκ
333 887 366 930 ὲν.
380 904 437 936 τοῖς
451 903 590 938 ὲμπαθέσι
604 903 652 930 καὶ
666 903 841 939 ἁμαρτωλοῖς
852 887 898 930 τε·

952 887 1004 926 ὺιιέ
1017 887 1175 933 implentur,
1192 898 1241 925 sed
1256 905 1271 924 a
1285 896 1472 931 spiritualibus
1495 900 1521 923 et
1536 895 1628 922 divino
1641 894 1742 921 auxilio

109 949 209 980 λεῖται,
226 948 283 975 ἀλλ’
312 949 341 975 ὲν
358 950 415 980 τοῖς
431 950 626 984 πνευματικοῖς
652 949 698 976 καὶ
716 949 900 985 Θεοσυνεργή-

108 1003 176 1028 τοις,
193 994 252 1026 πῶς
263 994 293 1021 οὒ
308 994 452 1029 φρίττουσι
471 995 562 1029 λέγειν
579 994 645 1021 αὐτὸ
671 996 795 1030 πονηρᾶς
820 1004 900 1030 νομο-

109 1040 221 1073 θεσίαςς
239 1040 322 1067 Πάλιν
332 1040 360 1067 δὲ
373 1041 401 1066 ὲν
412 1040 502 1072 ἄλλοις
519 1040 549 1067 τὸ
563 1040 696 1074 διάπυρον
715 1041 767 1076 τῆς
781 1041 900 1073 πίστεως

109 1085 192 1112 αὑτοῦ
209 1086 256 1113 καὶ
270 1086 318 1112 τοῦ
348 1086 453 1118 πάντας
476 1086 602 1113 σπεύδειν
626 1086 757 1122 σωθῆναι,
786 1087 834 1113 καὶ
857 1087 898 1118 εἰς

109 1132 179 1167 ὅπερ
207 1131 290 1170 αὐτὴν
314 1132 328 1159 ὁ
345 1132 461 1167 σφοδρὸς
484 1132 554 1167 ἔρως
576 1132 670 1165 ἐκίνει,
695 1132 822 1168 κατέχειν
849 1132 900 1159 οὐκ

110 1177 191 1212 ἔχων,
201 1177 346 1204 ’τουτέστιν
358 1178 398 1209 εἰς
412 1177 443 1204 τὺ
454 1178 560 1209 πάντας
573 1177 612 1212 τῷ
628 1178 739 1214 Χριστῷ
757 1186 899 1214 προσαγα-

109 1225 179 1257 γεῖν*
200 1224 347 1258 ΙΙῦχόμην
360 1223 418 1258 ἐγὼ
427 1223 519 1257 αὐτὸς
536 1223 669 1258 ἀνάθεμα
683 1221 759 1250 εἶναι
774 1223 834 1251 ἀπὸ
845 1222 898 1251 τοῦ

109 1269 240 1303 Χριστοῦ
252 1269 328 1303 ὑπὲρ
343 1268 403 1296 τῶν
419 1268 560 1304 ἀδελφῶν
580 1278 640 1303 μου
661 1269 721 1296 τῶν
744 1269 901 1304 συγγενῶν

107 1325 168 1351 μου
182 1315 258 1343 κατὰ
274 1315 383 1350 σάρκα,
405 1315 513 1352 μεγάλῃ
528 1315 625 1351 κράζει
637 1317 670 1351 τῇ
681 1317 756 1351 φωνῇ
772 1323 779 1330 °
801 1313 845 1342 ὦν
870 1317 900 1343 al

109 1361 251 1397 διαθῆκαι
274 1362 324 1389 καί
347 1363 377 1389 αι
400 1362 574 1397 νομοθεσίαι
593 1362 644 1389 καὶ
670 1364 700 1390 αι
726 1362 900 1397 ἐπαγγελίαι

110 1409 160 1435 καὶ
174 1409 205 1435 al
221 1407 365 1442 λατρεῒαι,
385 1409 434 1436 καὶ
449 1408 674 1444 περιφανέστατα
685 1409 804 1440 δεικνὺς,
818 1408 900 1435 πόθεν

109 1454 199 1482 ταῦτα
215 1455 262 1481 καὶ
276 1454 348 1486 τίνος
362 1454 480 1490 ἤρτηται
494 1455 638 1489 προνοίας·
658 1455 691 1481 '0
702 1453 745 1481 ὢν
756 1453 806 1481 ἐπὶ
821 1453 900 1481 πάν-

110 1508 171 1527 των
199 1499 272 1532 Θεὸς
298 1500 463 1535 εὐλογητὸς
489 1502 533 1533 εἰς
558 1500 630 1533 τοὺς
653 1499 775 1533 αἰῶνας.
800 1499 899 1535 Ἀμήν.

950 943 1031 977 nixis,
1047 943 1184 978 quomodo
1194 950 1249 969 non
1268 942 1383 969 horrent
1396 941 1440 968 illa
1452 941 1485 968 ad
1500 940 1599 967 Malum
1623 939 1743 967 referre?

950 989 1021 1017 Alibi
1035 989 1108 1016 idem
1124 988 1261 1016 fervorem
1274 987 1336 1015 ﬁdei
1348 994 1416 1018 sure.
1433 986 1607 1021 studiumque
1620 985 1741 1013 omnium

950 1037 1064 1065 salutem
1080 1035 1270 1070 promovendi,
1285 1033 1426 1061 continere
1438 1040 1495 1060 non
1511 1033 1615 1064 valens,
1631 1036 1678 1059 aut
1695 1039 1741 1059 re-

950 1082 1070 1117 primere
1086 1081 1124 1113 id,
1141 1081 1174 1108 ad
1190 1080 1263 1115 quod
1277 1079 1367 1115 ipsum
1382 1079 1532 1106 vehemens
1544 1085 1621 1105 amor
1631 1084 1742 1112 permo-

950 1128 1041 1159 vebat,
1056 1126 1178 1154 studium
1196 1125 1302 1153 scilicet
1319 1131 1416 1151 omnes
1432 1123 1466 1150 ad
1481 1123 1620 1150 Christum
1642 1122 1742 1156 perdu-

950 1172 1041 1204 cendi,
1055 1172 1124 1198 elata
1137 1178 1203 1198 voce
1215 1170 1315 1197 clamat
1328 1178 1334 1196 :
1351 1168 1472 1204 Optarim
1485 1176 1530 1203 ego
1537 1168 1592 1202 ipse
1600 1167 1742 1194 anathema

950 1226 1006 1246 esse
1018 1226 1034 1245 a
1045 1217 1148 1245 Christo
1163 1224 1210 1252 pro
1230 1215 1356 1251 fratribus
1372 1215 1436 1241 meis
1446 1234 1453 1246 ,
1472 1214 1536 1241 milii
1549 1213 1618 1248 quod
1632 1213 1667 1239 ad
1684 1221 1744 1239 car-

951 1272 1007 1292 nem
1018 1263 1145 1299 cognatis,
1164 1270 1274 1297 quorum
1287 1266 1347 1288 sunt
1360 1265 1527 1291 testamenta,
1541 1251 1706 1294 et'legislatio
1718 1263 1743 1285 ει

950 1310 1135 1344 promissiones
1148 1313 1170 1335 et
1187 1307 1274 1335 cultus
1289 1306 1322 1339 ⁸⁸,
1348 1306 1413 1339 Quae
1427 1305 1518 1333 omnia
1536 1305 1608 1332 unde
1620 1303 1743 1339 profecta

951 1359 1006 1387 sint
1018 1363 1046 1385 et
1057 1366 1072 1385 a
1088 1357 1167 1392 cujus
1180 1363 1246 1383 cura
1259 1354 1407 1390 pendeant,
1424 1352 1576 1380 clarissime
1587 1351 1676 1384 docet,
1700 1351 1743 1378 in—

950 1405 1047 1440 quiens
1060 1411 1069 1430 :
1087 1402 1138 1435 Qui
1150 1406 1187 1429 est
1202 1409 1281 1436 super
1300 1400 1389 1427 omnia
1404 1399 1473 1426 Deus
1489 1397 1637 1425 benedictus
1650 1397 1678 1423 in
1694 1404 1744 1424 sw-

951 1452 1022 1480 rula.
1039 1451 1122 1477 Amen
1139 1449 1172 1476 δ’.
1191 1448 1284 1483 Itaque
1296 1447 1354 1480 Dei,
1369 1454 1451 1479 super
1463 1444 1564 1473 'omnia
1576 1442 1743 1475 exsistentis,

952 1501 1016 1526 sunt
1030 1500 1058 1524 et
1074 1496 1158 1532 leges,
1175 1498 1203 1522 et
1216 1494 1306 1522 cultus
1319 1497 1346 1520 et
1359 1491 1565 1528 promissioncs,
1596 1490 1625 1517 in
1646 1489 1745 1524 quibus

112 1546 196 1572 ’Ὥστε
212 1545 260 1572 τοῦ
275 1546 322 1573 ἐπὶ
334 1546 444 1573 πάντων
455 1545 523 1572 Θεοῦ
536 1547 584 1572 καὶ
597 1547 627 1572 al
638 1547 795 1582 νομοθεσίαι
812 1547 859 1573 καὶ
869 1547 898 1574 al

955 1549 1045 1580 patres
1059 1544 1222 1579 placuerunt
1240 1540 1306 1572 Deo,
1324 1544 1352 1568 et
1376 1547 1408 1566 ex
1423 1538 1535 1574 quibus,
1550 1536 1623 1572 quod
1642 1535 1676 1563 ad
1692 1535 1745 1562 hu-

111 1592 236 1627 λατρεῐαι
257 1593 304 1619 καὶ
318 1593 348 1619 αἱ
365 1593 540 1627 ἐπαγγελίαι,
554 1594 583 1620 ὲν
610 1591 655 1625 αἷς
678 1593 703 1620 οῑ
717 1593 834 1629 πατέρες
854 1594 901 1621 εὑ-

109 1638 270 1675 ηρέστησαν
285 1638 356 1674 Θεῷ,
373 1639 421 1666 καὶ
435 1639 465 1672 ἐξ
477 1636 514 1665 ὧν
531 1639 602 1666 κατὰ
617 1639 647 1665 τὸ
660 1638 831 1674 ἀνθρώπινον
855 1640 902 1667 ἀν-

111 1684 281 1719 εϐλάστησεν
300 1686 313 1711 ὀ
335 1685 463 1720 Χριστός.
477 1685 533 1712 Καὶ
548 1686 577 1712 ὲν
603 1686 694 1718 ἄλλοις
706 1686 734 1713 δὲ
749 1686 827 1721 λόγον
851 1687 901 1723 μὲν

111 1730 287 1759 ἀδιάπτωτον
300 1730 354 1766 τοῦ.
370 1731 438 1758 Θεοῦ
454 1731 500 1758 τὸν
527 1732 676 1758 Muta-aibe
705 1733 786 1767 νόμον
801 1733 899 1768 ὑμνεῖ·

114 1776 157 1802 οὐ
167 1775 224 1810 γὰρ
234 1774 418 1808 ἐκπέπτωκε,
433 1774 527 1811 φησὶν,
539 1776 556 1802 ὁ
568 1775 660 1810 λόγος
674 1776 727 1803 τοῦ
738 1776 822 1803 Θεοῦ.
834 1776 902 1812 Περὶ

112 1820 143 1847 δέ
153 1828 186 1855 γε
200 1820 247 1847 τοῦ
264 1820 361 1847 Ἰακὼὸ
373 1821 420 1848 καὶ
443 1820 490 1847 τοῦ
508 1820 595 1848 Ἡσαῦ
621 1821 812 1857 διαλαμϐάνων
834 1822 901 1858 (60),

112 1867 154 1900 ὡς
168 1868 185 1894 ό
188 1866 297 1902 μείζων
307 1867 466 1894 δουλεύσει
475 1866 514 1899 τῷ
524 1866 672 1900 ἐλάττονι,
693 1867 835 1903 μονονουχὶ
856 1868 903 1894 καὶ

112 1914 178 1945 τοὺς
190 1913 330 1947 παλαιῆς
342 1913 447 1947 πλάνης
471 1913 611 1948 ὑπηρέτας
630 1913 812 1949 ἐπιστομίζει.
834 1915 903 1949 Φησὶ

113 1959 170 1995 γάρ
181 1967 188 1975 ·
204 1959 252 1994 Μὴ
267 1959 380 1994 κάδικία
405 1960 487 1993 παρὰ
503 1959 542 1993 τῷ
561 1959 621 1993 Θεῷ
633 1967 643 1992 ;
657 1959 700 1994 μὴ
719 1959 844 1994 γένοιτο.
861 1960 903 1992 Τῷ

112 2006 170 2043 τὰρ
187 2005 290 2034 Μωσεῖ
298 2005 390 2041 λέγει·
406 2006 549 2039 Ἐλεήσω.
564 2006 600 2033 ὃν
624 2006 662 2033 ἂν
674 2005 759 2039 ἐλεῶ,
783 2006 832 2033 καὶ
860 2007 902 2033 ol-

112 2051 273 2087 πειρήσω,
284 2051 319 2079 ὃν
327 2051 366 2079 ἂν
378 2052 520 2086 οὶκτεΙρω.
534 2052 590 2079 Καὶ
612 2051 655 2078 ἵνα
672 2051 709 2087 μὴ
725 2051 789 2088 δόξῃ
810 2060 854 2083 τις
873 2051 903 2084 ἐξ

111 2098 224 2126 οἰκείων
239 2098 327 2124 πόνων
342 2098 390 2124 καὶ
408 2097 527 2132 ἱδρώτων
546 2098 630 2133 χωρὶς
642 2098 693 2133 τῆς
715 2098 819 2125 ἄνωθεν
841 2107 904 2125 συν-

113 2143 226 2182 εργείας
238 2143 269 2170 τὸ
283 2144 337 2170 πᾶν
355 2144 474 2170 ἐκτελεῖν
490 2143 544 2170 τῶν
562 2144 781 2179 κατορθωμάτων
791 2166 798 2177 ,
817 2146 904 2171 συνεί-

113 2197 172 2226 ρει·
183 2191 252 2227 Ἆρα
261 2187 327 2221 οὖν,
335 2189 371 2216 ὃν
381 2188 470 2218 θέλει.
477 2189 563 2221 ἐλεεῖ,
574 2190 610 2216 ὃν
620 2189 709 2222 θέλει,
724 2191 901 2224 σκληρύνει.

112 2236 168 2263 Τὸν
182 2236 266 2262 αὐτὸν
283 2236 350 2263 Θεὸν
364 2237 412 2263 καὶ
424 2236 471 2263 τοῦ
485 2236 577 2267 ἐλέους
594 2237 650 2267 τοῖς
661 2236 729 2269 πρὸς
737 2236 817 2262 αὑτὸν
831 2236 901 2272 ὁρῶ-

112 2290 157 2309 σιν
168 2281 326 2317 ὑπάρχοντα
342 2282 446 2318 πηγὴν,
462 2281 571 2309 καὶτῶν
581 2282 622 2314 είς
639 2282 727 2317 ὀφρὺν
739 2283 902 2317 ἐπηρμένων

110 2326 296 2361 διελέγχοντα,
321 2327 368 2354 καὶ
381 2326 599 2358 καταῦάλλοντα,
624 2326 654 2353 τδ
678 2325 836 2357 ἀλαζονικὸν
857 2326 903 2352 καὶ

112 2372 232 2408 σκληρόν
247 2380 254 2388 ·
272 2373 318 2399 τὸν
331 2373 413 2400 αὺτδν
425 2372 454 2400 δὲ
469 2373 546 2406 Θεὸν,
556 2373 589 2405 ’ὃς
601 2373 659 2400 ἐστι
676 2372 769 2408 Πατὴρ
787 2372 834 2398 τοῦ
844 2373 902 2399 Ku-

111 2418 173 2454 ρίου
185 2419 264 2454 ἡμῶν
286 2419 373 2455 Ἰησοῦ
382 2420 501 2455 Χριστοῦ
517 2419 710 2454 φιλάνθρωπον
735 2419 783 2446 καὶ
800 2418 903 2453 ἀγαθὸν

111 2464 253 2500 ἁνυμνῶν,
263 2465 312 2492 καὶ
325 2466 484 2501 πειθαρχεῖν
505 2466 554 2501 μὲν
567 2465 642 2501 αὑτῷ
668 2466 782 2498 πάντας,
803 2465 905 2501 μηδένα

110 2510 141 2536 δὲ
156 2510 406 2543 κατεξανίστασοαι
420 2512 464 2539 διὰ
482 2512 536 2539 τῶν
555 2512 662 2539 οἴκοθεν
685 2512 825 2546 λογισμῶν
853 2512 903 2548 τῆς

109 2557 269 2592 ἀπορρήτου
278 2558 470 2594 κυϐερνήσεως
479 2559 561 2585 αὑτοῦ
569 2558 696 2595 ἐπιφέρει
706 2567 713 2574 ·
724 2558 845 2586 Μενοῦν
855 2567 899 2594 γε,

109 2597 135 2632 ὦ
151 2600 299 2636 ἄνθρωπε,
318 2603 359 2630 σὺ
385 2604 430 2636 τίς
444 2602 475 2630 εἴ
501 2605 518 2631 ὀ
548 2603 845 2639 ἀνταποκρινόμενος
860 2603 900 2637 τῷ

952 1590 1123 1621 inanitatem,
1144 1593 1221 1615 ortus
1235 1591 1277 1615 est
1288 1586 1425 1613 Christus.
1439 1583 1511 1611 Alibi
1532 1582 1677 1610 Mosaicam
1703 1581 1744 1608 le-

952 1643 1012 1672 gem
1020 1638 1051 1662 ut
1064 1634 1177 1662 verbum
1186 1632 1295 1660 Dcinon
1309 1631 1415 1658 irritum
1424 1629 1555 1657 celebrat.
1565 1627 1655 1662 Neque
1664 1626 1743 1658 enim,

953 1671 1053 1716 inquit,
1073 1680 1166 1707 cecidit
1180 1678 1286 1706 verbum
1302 1677 1359 1704 Dci.
1377 1675 1449 1704 Idem
1471 1673 1574 1710 aliquid
1594 1673 1630 1710 de
1642 1671 1745 1699 Jacobo

952 1731 979 1755 et
991 1727 1238 1760 Esauooccupans,
1255 1728 1323 1761 quod
1339 1725 1437 1751 scilicet
1453 1722 1542 1758 major
1563 1721 1673 1748 serviret
1694 1718 1745 1747 mi-

953 1773 1021 1805 nori,
1039 1771 1140 1800 erroris
1159 1771 1336 1798 administros
1348 1774 1403 1797 tam
1421 1774 1539 1800 veteres,
1556 1774 1637 1802 quam
1648 1773 1746 1793 recens

952 1822 1073 1848 exortes.
1088 1816 1221 1844 confutat.
1236 1816 1282 1843 Ait
1293 1815 1366 1843 enim
1376 1825 1383 1842 :
1395 1815 1464 1842 Num
1480 1813 1612 1848 injustitia
1625 1816 1662 1839 est
1673 1810 1745 1845 apud

954 1864 1058 1891 Deum?
1079 1863 1173 1889 Absit!
1188 1862 1253 1889 Mosi
1269 1862 1338 1889 enim
1353 1861 1438 1896 inquit
1464 1868 1472 1887 :
1502 1857 1651 1889 Miserebor,
1667 1856 1745 1890 cujus

954 1909 1105 1941 miserebor,
1116 1912 1141 1935 et
1153 1909 1263 1936 clemens
1274 1915 1328 1939 ero,
1338 1907 1380 1933 cui
1389 1906 1500 1932 clemens
1511 1913 1554 1931 era
1562 1903 1594 1932 ’°.
1604 1903 1677 1930 Etne
1685 1901 1746 1936 quis

953 1957 1080 1993 opinetur
1091 1964 1120 1984 se
1138 1963 1188 1984 suo
1197 1954 1290 1982 labore
1305 1956 1332 1980 et
1347 1951 1449 1979 sudore
1466 1950 1526 1978 sine
1541 1949 1634 1977 divino
1645 1947 1746 1975 auxilio

953 2007 1088 2039 praecepta
1101 2002 1193 2030 omnia
1206 1999 1339 2036 perﬁcere
1351 2005 1442 2034 posse,
1460 1995 1600 2031 subjungit
1618 2003 1625 2022 :
1642 1993 1746 2028 Itaque,

953 2049 1029 2084 cujus
1043 2048 1110 2081 vult,
1129 2048 1276 2077 miseretur.
1285 2050 1309 2072 et
1325 2053 1401 2080 quem
1414 2043 1479 2076 vult,
1495 2041 1603 2069 indurat
1617 2041 1651 2067 ⁵¹.
1668 2039 1746 2067 Eum-

954 2095 1016 2122 dem
1032 2095 1124 2130 itaque
1139 2093 1223 2120 Deum
1240 2091 1396 2122 celebrans,
1423 2093 1551 2123 tanquam
1577 2087 1622 2122 qui
1641 2085 1748 2113 miseri-

954 2142 1055 2169 cordia:
1068 2141 1096 2168 in
1112 2138 1228 2174 illosqui
1240 2138 1329 2173 ipSum
1352 2135 1509 2171 respiciant,
1535 2133 1595 2161 fons
1623 2132 1745 2163 exsistat,

955 2188 1136 2223 superborum
1157 2193 1222 2214 vero
1245 2188 1273 2211 et
1300 2183 1434 2210 elatorum
1455 2181 1555 2208 fastum
1574 2186 1606 2206 ac
1621 2177 1746 2212 superci-

955 2234 1020 2261 lium
1051 2233 1186 2267 deprimat
1212 2236 1239 2258 at
1268 2233 1409 2260 coerceat;
1447 2225 1589 2255 eumdem,
1622 2223 1743 2258 inquam,

951 2279 1048 2310 Deum,
1076 2266 1122 2313 qui
1144 2280 1187 2304 est
1216 2275 1296 2302 Pater
1316 2272 1424 2300 Domini
1443 2269 1530 2298 nostri
1544 2268 1611 2296 Jcsu
1630 2266 1744 2295 Christi.

951 2327 1089 2352 amantem
1104 2322 1247 2351 hominum
1260 2326 1287 2348 et
1297 2320 1400 2347 bonum
1409 2317 1562 2347 celebrans,
1580 2319 1743 2347 omnesque,

952 2376 982 2398 ut
995 2370 1046 2405 ipsi
1062 2369 1204 2400 obediant,
1235 2366 1326 2394 nullus
1341 2371 1406 2392 vero
1434 2362 1554 2394 resistat,
1578 2357 1744 2394 argumentis

955 2404 1114 2445 domesticis
1137 2418 1165 2442 et
1192 2421 1226 2441 ex
1250 2411 1408 2440 abscondita
1430 2415 1521 2437 rerum
1544 2404 1744 2441 gubernatione

955 2463 1046 2491 ductis
1056 2462 1264 2491 exhortaturus,
1281 2456 1421 2492 subjungit
1438 2464 1444 2482 :
1465 2453 1615 2484 Enimvero,
1631 2459 1646 2478 ο
1657 2451 1744 2483 homo,

952 2512 1010 2548 quis
1027 2516 1055 2537 tu
1072 2519 1098 2537 es
1112 2508 1269 2544 respondens
1283 2506 1336 2532 Deo
1349 2504 1392 2529 "‘i
1416 2502 1540 2536 Cumque
1557 2503 1650 2535 postea
1669 2505 1745 2524 eum-

951 2544 1013 2586 dem
1029 2557 1101 2584 clare
1111 2555 1289 2582 Conditorem
1299 2549 1495 2579 renuntiassct,
1507 2554 1560 2574 nec
1567 2544 1744 2573 Conditorem

950 2603 1049 2636 solum,
1068 2602 1117 2630 sed
1132 2599 1289 2636 etjudicem
1301 2596 1467 2626 absolutum,
1483 2597 1511 2620 et
1535 2591 1581 2628 qui
1598 2590 1745 2624 unicuique

148 2680 172 2696 "
185 2679 266 2707 Rom.
286 2687 344 2711 un,
358 2680 384 2707 ι.
423 2679 446 2696 ⁸⁸
463 2680 543 2708 Rom.
559 2689 598 2715 ιχ,
610 2681 637 2714 5,
675 2681 697 2698 ⁵⁹
711 2681 777 2709 ibid.
793 2682 820 2709 5.
858 2681 880 2698 ⁸⁸

952 2681 966 2708 Ι.
984 2680 1028 2708 15.
1067 2679 1089 2696 ⁸¹
1105 2678 1171 2706 ibid.
1191 2677 1234 2706 18.
1272 2677 1294 2693 ⁵³
1308 2673 1375 2703 ibid.
1391 2673 1438 2702 20.

654 2769 771 2797 νΑιιιιΕ
791 2768 983 2797 LECTIONES
1014 2767 1058 2795 ET
1078 2765 1195 2794 NOT/E.

110 2813 439 2878 εέξξῗὶ)έιέγαθοειδοῦς,
451 2814 490 2842 lla
504 2814 564 2849 lego
577 2822 628 2849 pro
641 2815 817 2850 ἀγαθοειδῶς,
828 2816 900 2850 quod

151 2884 208 2920 (60)
230 2885 455 2920 Διανιαμΰάνων,
472 2894 612 2922 orcupaus.
627 2886 735 2915 Scilicet
758 2885 895 2922 exceptio-

957 2821 1030 2845 nem,
1044 2820 1104 2848 quae
1119 2811 1176 2839 ﬁeri
1194 2813 1310 2846 poterat.
1328 2807 1494 2848 Hancncnim
1510 2804 1584 2848 νειιή
1595 2802 1676 2848 _is_lip_s
1689 2802 1743 2848 hoc

955 2838 1175 2876 loco-notionem
1192 2838 1253 2873 csse
1272 2851 1383 2872 censeo.
1396 2843 1498 2870 Confer
1527 2838 1664 2876 Lamberti
1689 2838 1742 2867 Bos

952 2873 1196 2912 duintalluersiones
1206 2881 1241 2908 ad
1252 2880 1400 2914 Scriptores
1415 2878 1528 2909 Graecos,
1546 2882 1573 2910 p.
1589 2873 1633 2902 86.
