1931 3082
199 135 250 169 159

764 139 906 181 ΡΗΟΤΙΙ¹
919 138 1173 170 PATRIARCHE
1191 138 1247 173 (ΞΡ.

1777 134 1830 168 160

197 196 235 229 id,
255 193 329 230 quod
348 193 478 229 judicium
494 193 583 227 all'ert,
609 195 730 231 irrogare
745 196 842 231 possit,
866 195 992 223 eumdem

1055 194 1127 228 ῑεῷ;
1144 193 1212 222 Εἶτα
1228 194 1324 221 τοῦτον
1346 194 1468 230 πλάστην
1493 194 1627 229 λαμπρῶς
1652 193 1827 228 ἀνακράζων.

199 241 237 268 ait
252 240 290 267 ira
303 239 367 266 ferri
384 239 411 266 in
424 247 497 272 vasa,
514 239 542 266 in
558 239 672 268 exltium
685 245 788 276 parata,
808 241 917 268 divitias
939 249 990 268 au-

201 285 356 321 temgloriae
382 293 438 312 suae
453 285 566 321 largiter
584 285 726 321 impertire
748 286 802 314 illis
823 287 869 322 qui
884 287 992 315 miseri-

199 332 293 360 cordia
307 339 356 359 sua
369 330 442 366 digni
456 330 522 359 sint.
538 331 627 366 Atque
642 331 723 367 hujus
737 332 818 360 etiam
836 340 890 360 non
905 332 991 368 parti-

200 377 275 412 cipes
287 377 373 404 factos
383 384 444 404 esse
459 377 579 409 nuntiat,
592 381 760 413 praeparatos
774 377 879 405 scilicet
891 382 918 405 et
929 382 992 405 ante

200 426 310 451 vocatos
316 422 349 448 ad
358 421 515 449 lruitioncm
525 422 671 455 bonorum,
678 427 806 458 tanquam
815 423 861 458 qui
874 423 994 451 credide-

202 468 255 494 rint
265 467 292 494 in
303 467 447 494 Dominum
457 467 682 496 nostrumlesum
693 468 918 497 Christum.Alibi
927 477 993 497 vero

201 513 301 541 iterum
313 513 449 546 scribens,
457 514 529 548 quod
541 522 636 542 verum
646 515 730 542 Dcum
741 515 833 551 gratia:
841 523 896 543 suae
905 515 994 550 pceni-

201 563 259 586 tere
268 567 322 586 non
331 559 428 594 possit,
437 563 466 587 et
477 560 549 595 quod
561 560 621 594 ejus
633 560 677 587 lue
683 559 717 587 rit
729 561 846 596 populus
864 561 994 589 israeliti-

201 611 262 636 cus,
273 609 300 631 et
309 605 362 636 lex,
373 608 402 632 et
411 609 557 640 prtecepta,
573 609 601 632 et
617 606 689 640 quod
708 613 762 634 non
780 614 876 634 omnes
883 611 996 642 propter

204 650 446 684 transgressionem
459 658 474 677 a
485 650 601 678 ﬁliorum
610 651 673 686 jure
687 652 842 684 removerit,
855 651 894 679 ait
906 661 912 679 :
922 651 995 679 Nam

1042 241 1089 267 καὶ
1106 241 1137 267 οὐ
1153 240 1277 276 πλάστην
1287 240 1453 275 μόνον,ὰλλὰ
1465 239 1513 268 καὶ
1529 240 1626 276 κριτὴν
1643 239 1830 273 αὐτεξούσιον,

1043 287 1090 314 καὶ
1103 285 1151 313 τοῦ
1165 285 1303 321 διανέμειν
1317 285 1426 320 ἑκάστῳ
1438 285 1506 321 (6i),
1523 285 1557 312 ἂν
1573 285 1590 321 ἠ
1604 285 1697 321 κρίσις
1718 285 1829 320 ἤνεγκε,

1042 331 1187 366 δεσπότην,
1199 331 1249 366 τὴν
1266 331 1315 366 μὲν
1331 330 1416 366 ὀργὴν
1429 330 1522 366 φέρειν
1541 331 1707 365 ἐκδιδάσκει,
1732 331 1779 358 ἐπὶ
1797 332 1832 359 τὰ

1045 377 1129 413 σκεύη
1140 377 1174 404 τὰ
1187 377 1394 413 κατηρτισμένα
1407 378 1447 409 είς
1463 376 1600 404 ἀπώλειαν
1609 384 1617 393 ⁸
1631 377 1677 403 τὸν
1703 377 1732 404 δὲ
1750 377 1832 404 πλοῦ-

1043 433 1089 451 τον
1104 424 1153 459 τῆς
1166 424 1245 459 δόξης
1259 423 1342 451 αὐτοῦ
1356 424 1412 455 τοῖς
1427 423 1474 450 τοῦ
1487 423 1580 455 ὲλέους
1589 423 1831 458 ὲπιδαψιλεύεσθαι

1045 471 1140 504 ἀξίοις.
1156 467 1194 498 οὗ
1207 470 1253 497 καὶ
1264 471 1337 506 ἡμᾶς
1363 469 1495 504 μετόχους
1524 468 1731 503 εὐαγγελίζεται
1757 467 1829 496 εἶναι

1046 517 1093 545 ἅτε
1109 516 1142 552 δὴ
1156 515 1432 552 προητοιμασμένους
1455 515 1503 542 καὶ
1525 514 1764 550 προκεκλημένους
1792 514 1832 545 εἰς

1045 563 1094 599 τὴν
1110 563 1263 590 ἀπόλαυσιν
1278 561 1333 588 τῶν
1344 561 1467 596 ἀγαθῶν,
1478 562 1542 593 τοὺς
1558 561 1776 592 πεπιστευκότας
1792 560 1833 591 είς

1044 609 1090 636 τὸν
1111 608 1215 645 Κύριον
1239 608 1318 644 ἡμῶν
1343 607 1449 644 Ἰησοῦν
1469 607 1598 643 Χριστόν.
1625 606 1669 633 Ἑν
1686 606 1778 638 ἄλλοις
1804 605 1833 632 δὲ

1045 653 1126 680 πάλιν
1137 652 1348 689 ἀμεταμέλητον
1364 651 1444 688 χάριν
1459 651 1625 686 ἀναγράφων
1640 651 1688 678 τοῦ
1700 649 1830 686 ἀληθινοῦ

204 696 298 729 repulit
319 695 387 723 Deus
403 696 528 731 populum
540 705 627 727 suum.
646 705 722 732 quem
741 699 915 733 prrecognovit
930 698 991 724 "“l

203 741 437 777 l’crspicuumque
453 742 566 776 faciens,
577 751 658 778 quem
675 743 763 770 Deum
787 743 869 774 dicat.
882 749 910 772 et
921 745 995 772 unde

1055 744 1202 780 νομοθεσία,
1221 743 1315 771 καὶτὰ
1335 743 1544 779 προστάγματα,
1569 742 1617 769 καὶ
1637 743 1679 769 ὅτι
1705 741 1742 776 μὴ
1764 741 1832 767 πάν-

206 786 273 814 lides
289 787 334 814 liat
349 788 422 823 quod
437 788 567 823 populum
581 797 660 816 suum
676 797 730 816 non
748 789 888 825 repulcrit,
899 790 994 819 addit:

1055 799 1089 823 :5;
1108 791 1152 818 διὰ
1181 791 1230 826 τὴν
1251 789 1330 816 ὲνίων
1361 788 1517 824 παράϐασιν
1542 787 1592 822 τῆς
1623 786 1757 817 υἱοθεσίας
1791 785 1834 818 ἐξ·

205 831 278 860 Ναηι
298 837 322 860 et
334 834 389 867 ipse
407 842 453 870 ego
471 833 582 861 Iraelita
591 842 698 866 summa:
709 835 807 862 semine
820 835 959 869 Abraami,
971 840 996 863 et

1055 835 1175 871 ικήρυξε,
1188 835 1270 871 φησίν
1280 843 1287 850 ·
1302 836 1330 861 Μ
1334 834 1350 869 ὶι
1368 833 1509 862 ἀπώσατο
1520 834 1536 860 ὁ
1546 832 1615 865 Θεὸς
1629 833 1683 859 τὸν
1693 830 1769 858 λαὸν
1779 830 1833 857 αὐ-

206 879 276 906 tribu
290 879 453 914 Benjaminis
464 881 497 908 “.
514 880 606 915 Itaque
617 881 662 916 qui
682 889 735 909 non
753 881 853 917 repulit
866 881 990 916 Paulum,

1055 882 1112 915 τοῦ,
1125 881 1161 909 ὃν
1176 880 1329 916 προέγνω;
1346 879 1400 906 Καὶ
1423 879 1529 910 δεικνὺς
1543 878 1666 914 ἐναργῶς
1688 877 1749 904 τινα
1769 875 1834 901 Θεὸν

205 924 252 951 sed
265 933 327 952 eum
354 926 462 954 vocavit
487 926 515 953 in
549 927 722 960 electionem,
736 927 806 954 idem
825 933 879 960 est,
893 928 940 963 qui
966 933 994 956 et

1055 927 1134 962 λέγει,
1148 928 1195 954 καὶ
1208 926 1289 953 πόθεν
1299 927 1316 961 ἡ
1328 926 1432 958 πίστις,
1441 925 1482 952 ὅτι
1492 924 1539 952 τὸν
1551 923 1615 950 λαὸν
1630 921 1714 950 αὐτοῦ
1733 921 1772 957 μὴ
1784 921 1836 947 ἁπ-

206 969 342 1002 lsraclem.
360 972 490 1007 populum
503 980 595 1005 suum,
610 973 639 1000 in
660 973 732 1001 idem
752 974 855 1008 posuit,
876 982 995 1010 eumque

1055 972 1148 999 ὤσατο.
1165 971 1220 999 Καὶ
1243 971 1298 1006 γὰρ
1321 971 1390 1005 ἐγὼ,
1408 969 1695 1005 φησὶν,“ισραηλίτης
1721 967 1779 1002 ειμι
1801 965 1835 993 ἐκ

206 1023 260 1043 non
273 1016 381 1051 repulit,
397 1017 443 1044 sed
463 1024 512 1052 per
526 1017 605 1044 (idem
632 1017 659 1044 in
675 1017 815 1046 Christum
836 1018 958 1053 perfecit.

1055 1018 1222 1053 σπέρματος
1241 1016 1379 1051 Ἀϐραὰμ,
1392 1016 1493 1052 φυλῆς
1503 1015 1654 1049 Βενιαμίν,
1680 1014 1760 1040 Ὥστε
1771 1013 1785 1040 ὁ
1797 1011 1835 1048 μὴ

206 1062 387 1097 ἀπωσάμενος
401 1063 517 1096 Παῦλον,
535 1063 603 1091 ἀλλὰ
617 1063 735 1095 καλέσας
746 1064 835 1098 ιαὑτὸν
854 1065 895 1097 είς
916 1066 1041 1102 ἐκλογὴν,
1058 1062 1137 1096 οὗτός
1148 1065 1223 1090 ἔστιν
1240 1063 1311 1090 ὁκαὶ
1324 1062 1386 1095 Ἳτὸν
1423 1061 1530 1097 Ἰσραὴλ
1559 1060 1641 1095 λαὸνξ
1652 1058 1734 1088 αὑτοῦ
1753 1059 1834 1095 θέμεο

1044 699 1123 732 Θεοῦ,
1136 699 1182 726 καὶ
1193 699 1234 725 ὅτι
1251 698 1356 725 ἐκείνου
1374 696 1409 734 ἦν
1423 698 1437 724 ὁ
1459 697 1630 734 Ὶσραηλίτης
1650 696 1725 729 λαὸς,
1748 696 1796 722 καὶ
1815 695 1832 729 ἡ

207 1116 262 1139 νος,
276 1107 323 1134 καὶ
347 1108 384 1144 μὴ
400 1108 582 1145 ἀπωσάμενος
600 1109 705 1143 τοῦτον,
721 1109 789 1137 ἀλλὰ
813 1110 856 1138 διὰ
877 1112 926 1147 τῆς
952 1113 1072 1144 πίστεως
1093 1111 1143 1146 τῆς
1159 1111 1199 1142 εἰς
1214 1109 1331 1145 Χριστὸν
1339 1108 1485 1140 τελειώσας
1502 1107 1610 1139 αὐτούς.

245 1152 302 1180 Χν.
317 1153 386 1181 Alibi
405 1154 527 1189 ejusdem
542 1155 589 1182 Dei
611 1160 639 1182 et
657 1159 736 1183 vetus
750 1160 777 1183 ct
792 1163 892 1184 novum
917 1161 1001 1185 testa-

209 1202 330 1226 mentum
346 1206 406 1226 esse
417 1199 599 1234 proclamans,
616 1200 653 1228 ita
684 1205 715 1228 ut
735 1201 788 1228 hoc
804 1205 935 1238 tanquam
965 1211 998 1231 ex

209 1244 282 1271 illius
295 1244 385 1272 radice
399 1246 618 1280 progerminarit,
634 1251 786 1283 utrumque
800 1256 866 1276 vero
894 1249 998 1276 sancti-

211 1288 273 1317 tatis
281 1288 316 1316 sit
329 1289 473 1325 particeps,
486 1290 525 1318 ait
539 1290 582 1318 :Si
592 1299 652 1319 vero
662 1293 788 1327 primitice
796 1298 907 1325 sancta’,
918 1294 999 1321 etiam

210 1341 298 1360 massa
310 1333 358 1360 erit
373 1342 380 1360 :
396 1338 419 1361 et
430 1334 453 1361 si
467 1335 546 1362 radix
567 1339 673 1369 sancta,
688 1337 769 1364 etiam
801 1338 871 1364 rami
885 1337 920 1364 δ”.
937 1338 970 1365 Ει
990 1346 997 1365 :

209 1378 270 1405 Non
282 1383 310 1405 tu
321 1378 436 1406 radicem
449 1379 565 1414 fers,sed
576 1380 654 1408 radix
665 1385 689 1408 te
698 1382 730 1415 ⁵⁸;
741 1381 806 1409 item
817 1391 823 1409 :
833 1381 862 1409 Si
875 1382 943 1410 Deus
955 1391 1000 1410 ra-

211 1423 271 1455 mis,
283 1428 380 1450 natura
406 1424 513 1458 talibus,
527 1433 579 1452 non
597 1427 711 1461 pepercit
731 1427 901 1461 (ceciderunt
927 1428 1001 1455 enim

212 1468 332 1496 membra
351 1467 436 1497 Deum
453 1471 616 1498 tentantium
629 1472 656 1499 in
671 1472 790 1505 deserto,
811 1478 838 1500 et
856 1481 918 1501 rcos
947 1473 1001 1501 cri—

212 1514 294 1542 minis
308 1514 400 1542 multa:
416 1521 612 1550 oppresserunt
624 1518 734 1553 paenae),
754 1526 816 1546 cave
827 1526 859 1546 ne
872 1518 942 1546 idem
954 1527 1000 1546 nec
1013 1505 1035 1536 α

214 1560 261 1588 tibi
285 1568 389 1596 parcat,
414 1569 498 1596 seque
516 1570 569 1589 non
587 1562 671 1590 alium
687 1562 746 1595 tibi,
772 1562 856 1590 alium
873 1563 935 1597 illis,
952 1563 1001 1592 sed

213 1609 338 1636 eumdem
356 1616 480 1644 prorsus,
493 1608 628 1636 exhibeat.
643 1608 676 1635 Et
689 1608 807 1636 iterum:
829 1608 892 1636 Vide
912 1609 1003 1644 itaque

215 1654 401 1690 benignitatem
419 1660 444 1683 et
455 1655 620 1682 severitatem
632 1655 642 1682 .'
657 1654 742 1690 Cujus
757 1655 866 1682 autem?
880 1655 982 1683 Christi
995 1675 1002 1688 ,

215 1701 381 1727 severitatem
397 1700 502 1739 quidem
525 1700 554 1727 in
575 1700 672 1735 lapsos,
688 1701 716 1728 in
738 1705 762 1728 te
773 1709 834 1728 vero
857 1701 1004 1736 benignita-

217 1751 267 1774 tem
278 1747 311 1774 ".
324 1746 393 1781 Quid
403 1754 467 1774 vero
480 1747 530 1775 sibi
545 1747 640 1775 volunt
650 1747 787 1782 primitiaz,
803 1752 832 1775 et
861 1755 962 1780 massa,
978 1751 1006 1774 et

218 1794 307 1826 radix.
325 1799 353 1822 et
378 1794 456 1828 rami,
470 1799 498 1822 et
523 1799 621 1829 sponte
648 1794 716 1828 nati,
731 1798 758 1822 et
777 1801 826 1830 per
847 1793 1005 1822 insitionem

217 1840 296 1873 tales,
316 1840 370 1868 nisi
397 1841 470 1876 quod
495 1840 713 1868 convenientiam
741 1845 769 1868 et
789 1840 958 1872 afﬁnitatem,
979 1844 1008 1867 et

218 1886 352 1922 originem
373 1886 408 1913 ab
425 1885 521 1914 eodem
537 1886 692 1921 legislatore
706 1885 895 1919 derivandam,
913 1885 1008 1914 claris-

219 1932 288 1959 sima
304 1939 371 1960 voce
384 1932 543 1960 inculcant?
554 1932 675 1960 Aitvero
689 1932 788 1960 iterum
799 1932 833 1960 de
850 1932 903 1960 illis
921 1932 1009 1960 Israe-

219 1977 285 2009 litis,
301 1977 346 2011 qui
376 1977 410 2005 ad
438 1977 540 2006 Christi
568 1978 647 2006 ﬁdem
676 1978 799 2006 nondum
817 1979 1008 2006 accesserint:

221 2021 371 2050 Secundum
384 2023 557 2058 Euangelium
577 2024 684 2059 quidem
705 2024 807 2051 inimici
822 2029 882 2051 sunt
903 2029 1011 2059 propter

222 2075 278 2100 nos,
285 2068 426 2095 secundum
434 2068 584 2095 electionem
592 2077 652 2096 vero
663 2068 750 2096 dilecti
760 2074 866 2104 propter
880 2074 969 2104 patres
977 2069 1010 2095 ".

223 2112 263 2140 lbi
277 2121 343 2141 sane
356 2121 404 2141 eos
434 2113 548 2142 dilectos
575 2114 763 2142 declaraturus
779 2115 950 2142 vocationem
965 2114 1012 2142 Dei

223 2165 367 2193 memorat,
391 2168 473 2195 quem
499 2161 632 2188 donorum
653 2168 765 2188 suorum
795 2161 928 2196 poenitere
956 2168 1022 2188 non.

223 2205 321 2241 possit.
333 2205 468 2232 Donorum
479 2206 547 2232 enim
560 2210 700 2233 suorumet
710 2206 854 2232 vocationis
865 2205 948 2233 Deum
959 2213 1013 2240 pte—

224 2251 307 2279 nitere
321 2259 372 2278 non
382 2256 464 2286 potest
476 2251 511 2278 ".
521 2251 553 2278 Et.
565 2260 572 2278 :
587 2251 651 2283 Qua:
662 2256 723 2278 ante
737 2252 835 2286 scripta
846 2256 917 2283 sunt,
932 2251 959 2278 in
971 2259 1014 2279 ve-

223 2302 307 2325 stram
315 2298 462 2330 dogtn’nam
471 2298 569 2332 scripta
580 2303 650 2325 sunt.
665 2297 739 2325 Cur?
752 2302 779 2324 ut
791 2305 838 2333 per
853 2298 1014 2332 patientiam

224 2347 249 2377 et
262 2343 465 2371 consolationem
478 2343 687 2378 Scripturarum,
704 2343 755 2370 sub
768 2343 869 2378 quibus
882 2349 961 2370 vetus
971 2343 1015 2370 in-

226 2389 354 2426 telligitur
377 2393 582 2423 testamentum,
603 2397 676 2424 spem
698 2389 842 2416 habeamus
853 2389 887 2416 ".
911 2388 1015 2416 Deinde

225 2443 319 2463 verum
340 2435 426 2463 Deum
442 2435 578 2471 patientia:
595 2440 623 2462 et
638 2435 832 2463 consolationis
855 2434 939 2462 Deum
955 2442 1016 2462 esse

227 2482 438 2511 conﬁrmaturus
451 2482 541 2518 (absit
555 2481 638 2515 enim,
656 2486 685 2509 ut
701 2481 771 2509 servi
784 2481 846 2511 Mali
860 2482 928 2509 adeo
942 2482 1016 2509 insa-

229 2527 314 2560 niant,
345 2533 375 2556 ut
387 2529 493 2556 hostem
509 2528 594 2557 Deum
610 2527 805 2558 consolationis
821 2531 847 2553 rt
877 2526 1016 2562 patientia:

229 2573 387 2608 appellent),
403 2574 495 2602 addit:
512 2574 582 2601 Deus
593 2582 652 2601 vero
666 2573 801 2608 patientia:
812 2577 836 2599 et
851 2572 1017 2600 consolatio-

230 2617 270 2651 nis
279 2617 321 2644 det
331 2617 412 2650 vobis,
425 2624 452 2645 ut
473 2619 542 2646 idem
567 2621 636 2647 inter
664 2628 708 2648 vos
727 2621 859 2654 sentiatis,
875 2621 1018 2648 secundum

231 2662 365 2697 Christum
387 2662 488 2697 Iesum,
503 2670 532 2692 ut
556 2673 607 2692 uno
619 2666 710 2693 animo
730 2671 756 2693 et
778 2674 830 2694 uno
840 2674 884 2694 ore
905 2666 1018 2694 laudetis

1085 1158 1134 1184 lE'.
1152 1157 1236 1184 Πάλιν
1254 1155 1283 1183 δὲ
1307 1154 1353 1182 τοῦ
1371 1155 1431 1186 ἑνὸς
1445 1153 1513 1181 Θεοῦ
1534 1153 1585 1188 τήν
1598 1161 1628 1179 τε
1654 1151 1775 1179 Παλαιὰν
1790 1149 1833 1178 καὶ

1046 1203 1097 1239 τὴν
1112 1202 1215 1238 Καινὴν
1231 1200 1438 1236 ἀνακηρύττων,
1454 1200 1501 1226 καὶ
1525 1199 1564 1230 ὡς
1589 1199 1621 1226 ὲκ
1638 1198 1716 1234 ῥίζης
1730 1197 1834 1233 ἐκείνης

1046 1249 1148 1285 ταύτην
1158 1247 1299 1285 προελθεῖν
1318 1247 1366 1274 καὶ
1375 1246 1518 1281 ἁγιότητος
1530 1246 1666 1280 ἑκατέραν
1680 1244 1835 1279 μετασχεῖν,

1046 1293 1119 1320 οὕτω
1131 1293 1214 1328 φησίν
1225 1299 1232 1306 ·
1243 1294 1277 1319 Et
1288 1292 1322 1318 δὲ
1332 1291 1351 1326 ὴ
1363 1291 1485 1326 ἀπαρχὴ
1497 1291 1577 1325 ἁγία,
1591 1290 1641 1318 καί
1660 1290 1692 1316 τὸ
1707 1290 1836 1324 φύραμιυ

1051 1340 1099 1367 καὶ
1114 1340 1141 1366 ει
1154 1339 1247 1374 ήρίζα
1256 1339 1335 1373 ἁγία,
1349 1338 1399 1365 καὶ
1412 1339 1440 1364 οι
1450 1337 1556 1364 κλάδοι
1568 1344 1575 1351 ”
1591 1336 1639 1362 καί
1649 1343 1657 1351 ⁸
1672 1336 1713 1362 Οὐ
1726 1334 1767 1362 σὺ
1782 1334 1839 1368 τὴν

1048 1384 1134 1420 ῥίζαν
1145 1383 1319 1417 βαστάζεις,
1337 1383 1406 1410 ἀλλ’
1419 1383 1438 1416 ἡ
1450 1381 1516 1416 ῥίζα
1532 1381 1569 1408 σέ
1579 1389 1586 1396 ·
1604 1380 1651 1408 καί
1663 1389 1669 1396 ·
1683 1381 1719 1407 El
1733 1381 1750 1407 ὁ
1768 1380 1839 1413 Θεὸς

1052 1431 1112 1460 τῶν
1142 1431 1218 1458 κατὰ
1242 1430 1337 1465 φύσιν
1354 1428 1474 1456 κλάδων
1498 1429 1553 1455 οὐκ
1572 1428 1714 1463 ἐφείσατο
1741 1427 1842 1462 (ἔπεσε

1053 1478 1108 1512 γὰρ
1122 1476 1176 1503 τῶν
1194 1474 1469 1511 ὲκπειρασάντοξνὲτὰ
1485 1473 1559 1500 κῶλα
1575 1474 1604 1499 ὲν
1615 1474 1649 1509 τῇ
1667 1473 1773 1508 ἐρήμῳ,
1794 1472 1841 1498 καὶ

1052 1521 1138 1549 πολλὰ
1153 1521 1219 1548 ἄλλα
1242 1519 1359 1556 μετῆλθε
1374 1519 1448 1554 πάθη
1468 1519 1532 1550 τοὺς
1549 1518 1721 1553 ὑπαιτίους),
1735 1517 1841 1553 μήπως

1053 1570 1070 1596 ὁ
1082 1568 1174 1601 αὐτὸς
1184 1566 1255 1594 οὐδὲ
1265 1566 1324 1593 σοῦ
1334 1566 1486 1601 φείσηται,
1498 1564 1547 1592 οὐκ
1560 1565 1638 1596 ἄλλος
1654 1564 1705 1600 μὲν
1720 1563 1841 1594 ἐκείνων,

1053 1613 1133 1645 ἄλλος
1148 1613 1178 1639 δὲ
1201 1611 1248 1638 σοῦ
1260 1631 1267 1645 ,
1284 1611 1342 1638 ἀλλ’
1366 1611 1380 1638 ὁ
1395 1610 1488 1642 αὐτός.
1512 1609 1566 1637 Καὶ
1587 1610 1668 1637 πάλιν
1680 1615 1689 1624 ⁸
1706 1608 1767 1636 Ἰὃε
1787 1605 1844 1636 οὖν·

1055 1658 1245 1694 χρηστότητα
1259 1658 1308 1685 καὶ
1326 1657 1504 1692 ἀποτομίαν.
1526 1656 1623 1689 Τίνος;
1639 1654 1757 1691 Χριστοῦ
1768 1675 1776 1688 ,
1795 1655 1845 1681 ἐπὶ

1051 1703 1111 1739 μὲν
1131 1703 1202 1736 τοὺς
1227 1702 1377 1733 πεσόντας
1397 1700 1576 1736 ἀποτομίαν,
1595 1699 1646 1726 ἐπὶ
1660 1698 1696 1726 δὲ
1717 1698 1755 1726 σὲ
1769 1707 1844 1734 χρη-

1056 1749 1197 1783 στότητα.
1217 1749 1250 1775 Τί
1263 1748 1286 1775 δ’
1300 1748 1334 1775 ἂν
1349 1747 1487 1783 βούλοιντο
1503 1747 1520 1780 ἡ
1535 1745 1648 1782 ἀπαρχὴ
1659 1765 1666 1777 ,
1689 1745 1735 1771 καὶ
1749 1745 1780 1771 τὸ
1794 1743 1845 1778 φύ-

1059 1803 1144 1831 ραμα,
1161 1793 1237 1829 καὶὴ
1254 1792 1327 1830 ῥίζα,
1348 1792 1396 1819 καὶ
1413 1792 1438 1819 οἱ
1456 1791 1559 1824 κλάδοι,
1580 1791 1628 1817 καὶ
1641 1791 1666 1817 οἱ
1683 1790 1845 1824 αὐτοφυεῖς,

1057 1840 1106 1867 καὶ
1120 1840 1145 1867 οί
1162 1840 1197 1867 δι’
1211 1838 1424 1875 ὲγκεντρίσεως,
1440 1838 1464 1865 εἱ
1483 1838 1521 1873 μὴ
1539 1838 1588 1872 τὴν
1606 1835 1786 1872 ἀλληλουχίαν
1800 1835 1847 1862 καὶ

1060 1886 1220 1921 συγγένειαν
1231 1905 1239 1920 ,
1261 1885 1307 1912 καὶ
1325 1885 1366 1912 ὅτι
1386 1884 1438 1916 τοῦ,
1454 1883 1537 1911 αὑτοῦ
1558 1882 1705 1918 νομοθέτου
1718 1902 1726 1915 ,
1746 1882 1848 1916 φωναῖς

1059 1932 1185 1968 δηλοῦσιν
1210 1931 1439 1967 ὲναργεστάταιςς
1458 1929 1527 1965 Φησὶ
1551 1929 1580 1955 δὲ
1604 1928 1687 1955 πάλιν
1709 1928 1773 1963 περὶ
1793 1926 1848 1954 τῶν

1060 1979 1136 2006 οὔπω
1149 1979 1182 2014 τῇ
1202 1978 1294 2004 πίστει
1309 1975 1428 2013 Χριστοῦ
1443 1974 1724 2011 προσδεδραμηκότων
1744 1972 1849 2007 Ἰσραη-

1060 2023 1152 2050 λιτῶν·
1172 2022 1253 2051 Κατὰ
1264 2021 1323 2056 μὲν
1341 2020 1375 2047 τὸ
1387 2019 1572 2055 Εὺαηέλιον
1585 2018 1684 2054 ἐχθροὶ
1707 2017 1745 2044 δι’
1757 2016 1848 2052 ἡμᾶς,

1062 2069 1137 2096 κατὰ
1161 2067 1195 2094 δὲ
1222 2066 1354 2101 ἐκλογὴν
1377 2065 1525 2100 ἀγαπητοὶ
1550 2064 1600 2092 διὰ
1619 2063 1690 2097 τοὺς
1708 2063 1849 2096 πατέρας.

1064 2114 1147 2142 Ὅθεν
1172 2112 1260 2149 δηλῶν
1285 2112 1326 2138 ὅτι
1341 2111 1496 2147 ἀγαπητοὶ,
1518 2110 1550 2137 τὸ
1570 2109 1777 2145 ἀμεταμέλητον
1795 2109 1852 2136 τῶν

1027 2173 1049 2202 D
1067 2159 1243 2197 χαρισμάτων
1275 2158 1321 2185 καὶ
1352 2157 1401 2192 τὴν
1430 2156 1526 2192 κλῆσιν
1553 2157 1675 2192 παράγει
1696 2155 1743 2183 τοῦ
1772 2155 1850 2202 Θεοῦ.

1067 2205 1289 2242 Ἀμεταμέλητα
1314 2203 1387 2239 γὰρ,
1410 2202 1488 2238 φησὶ,
1513 2205 1550 2229 τὰ
1570 2203 1742 2237 χαρίσματα
1761 2201 1810 2228 καὶ
1833 2202 1853 2236 ἡ

1062 2253 1174 2288 κλῆσις
1184 2251 1238 2279 τοῦ
1250 2250 1335 2277 Θεοῦ.
1358 2248 1412 2276 Καί
1424 2257 1431 2264 ’
1448 2248 1527 2275 'Oa'a
1543 2247 1726 2283 προεγράφη,
1738 2248 1781 2280 εις
1797 2247 1855 2280 τὴν

1062 2298 1208 2335 ἡμετέραν
1221 2295 1423 2323 διδασκαλίαν
1434 2293 1606 2329 προεγράφη
1617 2302 1623 2308 ·
1637 2293 1708 2320 διατί
1719 2302 1726 2324 ;
1741 2294 1791 2320 ἵνα
1806 2293 1856 2320 διὰ

1062 2346 1118 2381 τῆς
1140 2341 1298 2378 ὑπομονῆς
1319 2340 1368 2368 καί
1384 2340 1439 2374 τῆς
1458 2339 1680 2374 παρακλήσεως·
1700 2338 1760 2365 τῶν
1780 2339 1856 2372 Γρα-

1067 2391 1142 2427 φῶν,
1160 2390 1178 2417 ὅ,
1198 2389 1296 2422 ἐστινὴ
1315 2387 1431 2419 Παλαιὰ,
1446 2386 1504 2420 τὴν
1517 2385 1627 2413 ἐλπίδα
1643 2385 1769 2419 ἔχωμεν.
1790 2382 1856 2411 Εἶτα

1066 2436 1117 2472 τῆς
1129 2432 1268 2468 ὑπομονῆς
1282 2432 1330 2458 καλ⁸
1341 2431 1390 2466 τῆς
1406 2429 1606 2466 παρακλήσεως
1616 2428 1681 2454 Θεὸν
1701 2427 1857 2462 ἀνακηρύτ-

1068 2490 1121 2509 των
1131 2480 1177 2507 τὸν
1191 2478 1318 2514 ἀληθινὸν
1329 2477 1395 2502 Θεὸν
1413 2476 1453 2511 (οὺ
1468 2476 1522 2511 γὰρ
1533 2475 1566 2502 ἂν
1579 2473 1622 2509 εῐη
1636 2474 1704 2505 Θεὸς
1713 2473 1858 2508 παρακλή-

1068 2536 1137 2559 σεως
1152 2525 1198 2553 καὶ
1214 2523 1353 2557 ὑπομονῆς
1363 2541 1370 2555 ,
1387 2521 1442 2548 οὐδ’
1457 2521 1490 2547 ἂν
1504 2521 1584 2547 πλέον
1603 2521 1746 2554 ὲκμανοῖεν
1769 2520 1793 2545 oi
1810 2518 1860 2545 τοῦ

1069 2570 1192 2607 Πονηροῦ
1207 2567 1409 2605 οεράποντες,ό
1429 2565 1560 2602 Ἐχθρὸς),
1579 2565 1610 2592 'O
1627 2565 1662 2592 δὲ
1679 2565 1761 2598 Θεὸς,
1779 2564 1857 2598 φησι,

1071 2618 1126 2652 τῆς
1137 2613 1294 2650 ὑπομονῆς
1309 2612 1359 2640 καί
1377 2611 1433 2646 τῆς
1452 2611 1672 2651 παρακλήσεως
1693 2610 1753 2645 δῴη
1769 2609 1858 2644 ὑμῖν,

1072 2663 1105 2691 τὸ
1133 2661 1206 2689 αὐτὸ
1230 2657 1354 2696 φρονεῖν
1378 2657 1414 2684 ἐν
1437 2656 1600 2690 ἀλλήλοις,
1629 2655 1704 2683 κατὰ
1729 2653 1861 2689 Χριστὸν

265 2732 401 2760 ⁸³⁸1ὶοιῐι.
417 2740 455 2766 Il,
476 2733 502 2760 1.
541 2733 564 2750 ⁵³
578 2733 644 2762 ibid.
682 2734 705 2751 "
716 2734 782 2762 ibid.
803 2733 846 2762 16.
885 2734 908 2750 ⁵⁵
929 2734 995 2762 ibid.

1090 2730 1113 2747 "
1126 2729 1192 2757 ibid.
1210 2727 1256 2755 22.
1294 2725 1403 2754 "ibid.
1420 2724 1466 2753 28.
1505 2725 1528 2741 ³³
1557 2723 1622 2751 ibid.
1639 2722 1684 2750 ‘29.
1715 2721 1739 2738 ”
1777 2720 1858 2750 Rom.

773 2801 892 2830 VARIIE
913 2799 1105 2829 LECTIONES
1124 2799 1168 2827 ET
1188 2796 1305 2826 ΝΟΤᾸΞ.

272 2850 328 2887 (lii)
342 2850 482 2887 'Ettdp’rtp.
494 2849 575 2880 Forte
588 2848 633 2879 hic
641 2850 740 2879 excidit
752 2851 776 2884 ὃ,
786 2851 858 2886 quod
865 2850 899 2878 ad
913 2857 1023 2878 sensum
1039 2848 1207 2887 implendum
1222 2845 1323 2881 requiri
1338 2844 1454 2872 videtur.

232 2775 276 2802 xv,
289 2767 317 2796 4.
