1931 3082
76 124 117 157 161

558 122 707 155 CONTRA
727 121 957 153 MANICHEOS
974 119 1090 152 LIBER
1110 120 1167 152 ΙΙΙ.

1643 125 1693 158 162

81 184 202 220 Ἰησοῦν,
215 184 266 212 ἵνα
277 183 468 220 ὁμοθυμαδὸν
479 183 514 211 ἐν
523 183 569 210 ἐνὶ
582 183 708 218 στόματι
719 181 857 215 δοξάζητε

913 179 1024 208 Patrem
1037 180 1144 207 Domini
1153 179 1236 207 nostri
1241 178 1305 206 Iesu
1314 179 1409 208 Christi
1419 179 1516 209 “.Non
1527 181 1610 209 alium
1617 187 1698 218 atque

76 231 123 258 τὸν
141 230 255 263 Πατέρα
276 230 330 257 τοῦ
354 229 467 264 Κυρίου
485 228 572 264 ήμῶν
590 228 694 262 Ἰησοῦ
713 227 856 262 Χριστοῦ.

76 277 127 303 οὐκ
141 275 218 303 ἄλλον
242 276 290 302 καὶ
309 275 407 307 ἄλλον,
425 274 494 303 ἀλλὰ
512 275 558 302 τὸν
581 274 858 310 προκαταγγείλαντα

76 322 121 357 μὲν
138 322 185 357 τὴν
196 322 303 349 ἐλευσιν
319 321 368 348 τοῦ
385 321 469 354 Υἱοῦ,
486 321 663 356 παρασχόντα
677 321 706 348 δὲ
720 320 772 352 τὰς
783 321 857 355 Γρα-

74 368 132 402 φάς,
146 368 298 395 καλέσαντα
308 367 338 394 δὲ
353 368 393 399 είς
405 367 513 403 τὴνλτοῦ
528 366 593 394 Υεοῦ
607 366 689 394 αὐτοῦ
700 367 803 398 πίστιν,
812 366 858 393 τὸν

74 414 121 448 τῆς
132 414 333 449 παρακλήσεως
347 414 394 440 καὶ
415 413 555 449 ὑπομονῆς
571 412 648 446 Θεὸν,
664 413 712 440 τὸν
723 412 774 448 τῆς
790 413 857 448 ὁμο-

75 458 204 494 φροσύνης
229 459 347 494 δοτῆρα,
371 454 402 486 οῦ
421 460 461 491 είς
486 459 565 492 δοξαν
587 458 755 494 προσέλαϐεν
783 459 858 494 ἡμᾶς

74 505 87 531 ὁ
109 505 242 540 Χριστὸς,
257 505 382 536 διάκονος
410 505 595 540 γεγενημένος
618 505 669 540 τῆς
692 503 856 540 περιτομῆς.

80 551 119 576 Ἐν
143 550 233 582 ἄλλοις
258 550 287 576 δὲ
305 550 388 577 πάλιν
409 549 508 585 φησιν·
531 549 787 584 Περιτετμημένος
813 557 859 582 τις

73 595 201 629 suam;
226 595 269 630 μὴ
301 594 498 622 ἐπισπάσθω·
532 594 568 621 ἐν
596 594 781 628 ἀκροϐυστίᾳ
812 602 859 626 τις

73 642 196 676 duritia;
210 641 254 676 μὴ
278 641 514 676 περιτεμνέσθω·
546 640 565 674 ἡ
594 639 738 675 περιτομὴ
768 639 859 667 οὐδέν

71 687 132 713 ἐστι
142 695 148 701 ·
165 686 214 713 καί
235 687 254 720 νὴ
267 686 462 721 ίάκροϐυστία
477 685 568 713 οὐδέν
589 686 675 712 ἐστιν
686 694 693 702 ⁸
715 683 776 712 εἶτα
790 685 857 720 πρό-

73 732 148 767 σχεςί
163 731 244 758 ἀλλὰ
256 731 383 765 τήρησις
397 729 531 757 ἐντολῶν
547 730 634 757 Θεοῦ.
650 730 687 757 Οὺ
703 729 781 756 θεῶν.
796 730 858 756 Τῶν

70 778 97 805 δὲ
119 778 233 805 ἐντολῶν
255 779 273 813 ὴ
302 777 352 813 μὲν
375 777 503 804 ἐκέλευσε
525 776 758 813 περιτέμνεσθαι,
784 777 800 812 ὴ
828 776 857 802 δὲ

71 824 123 860 μή·
139 821 177 851 ὧν
200 823 333 859 ἑκάτερον
351 817 410 858 (62)
423 823 520 850 ἀνεῖπε
534 822 582 848 τοῦ
605 822 689 850 αὐτοῦ
705 822 785 855 Θεοῦ,
799 821 857 849 ἀλλ’

69 871 125 906 οὐχὶ
139 869 217 897 θεῶν.
234 869 317 896 Ὠστε
333 867 374 901 εἷς
385 868 452 900 Θεὸς
466 869 480 895 ὁ
494 868 625 903 ἀληθινὸς
639 869 687 895 καὶ
702 867 798 903 Πατὴρ
809 867 855 894 τοῦ

70 916 167 952 Κυρίου
187 915 265 951 ἡμῶν
286 914 374 951 Ἰησοῦ
390 914 522 950 Χριστοῦ,
538 915 553 941 ὁ
569 914 618 941 καὶ
636 913 686 950 τὴν
705 913 856 949 περιτομὴν

68 962 110 990 διὰ
131 962 178 989 τοῦ
202 961 329 998 Ἀϐραὰμ
345 962 385 993 είς
410 960 563 997 μυστηρίου
580 959 721 987 τελείωσιν
748 960 855 995 χρόνοις

67 1009 227 1045 ὡρισμένοις
249 1008 326 1041 δοὺς,
350 1008 399 1034 καὶ
422 1008 487 1039 τοὺς
506 1007 536 1034 ὲν
554 1006 725 1043 ἀκροϐυστίᾳ
743 1006 787 1033 διὰ
808 1006 856 1033 τοῦ

69 1056 130 1082 Υῐοῦ
144 1054 228 1082 αὑτοῦ
242 1053 447 1090 προσειληφώς.

101 1101 150 1128 ιε’.
180 1099 312 1136 Ἐτέρωθι
331 1100 360 1126 δὲ
384 1100 459 1134 λέγει
470 1100 545 1133 κΔεῖ
555 1100 590 1128 τὸ
611 1099 746 1135 φθαρτὸν
768 1098 857 1126 τοῦτο

67 1148 158 1182 (ποῖον
177 1147 195 1182 ἢ
212 1147 244 1173 τὸ
258 1146 395 1182 ἡμέτερον
410 1145 523 1182 σῶμας)
539 1146 727 1173 ἐνδύσασθαι
744 1145 857 1180 ἀφθαρ-

67 1195 148 1227 σίαν,
163 1193 231 1228 φησὶ
242 1192 312 1229 (65),
326 1193 378 1220 καὶ
390 1192 423 1220 τὸ
437 1192 550 1227 θνητὸν
564 1192 654 1220 τοῦτο
669 1192 857 1220 ἐνδύσασθαι

65 1239 244 1268 ἀθανασίαν.
260 1239 317 1266 Καὶ
329 1239 388 1271 πῶς
402 1239 477 1266 ἔστιν
490 1238 594 1272 ἀγαθοῦ
610 1237 690 1271 Θεοῦ,
704 1239 727 1265 εἰ
743 1238 858 1273 πλάσμα

65 1284 97 1322 ἦν
112 1286 143 1312 τὸ
157 1285 238 1320 σῶμα
256 1284 305 1311 τοῦ
325 1285 451 1320 Πονηροῦ
465 1304 473 1318 ,
494 1285 528 1311 ἐκ
544 1276 666 1320 φθαρτοῦ
684 1285 734 1319 μὲν
745 1284 858 1320 ἀφθαρ-

65 1340 126 1364 τον,
144 1331 178 1358 ἐκ
205 1331 234 1358 δὲ
256 1330 356 1366 θνητοῦ
383 1329 520 1358 ἀθάνατον
542 1330 610 1357 αὐτὸ
636 1331 857 1366 μετασκευάσαι;

66 1377 129 1404 Ὅτε
144 1377 200 1412 γὰρ
213 1376 244 1402 τὺ
256 1375 376 1411 πονηρὸν
392 1375 474 1411 σῶμα
485 1375 533 1402 καὶ
547 1375 662 1411 πλάσμα
674 1375 721 1402 τοῦ
734 1375 857 1412 Πονηρλῦ

64 1424 95 1450 ὲκ
116 1422 217 1458 θνητοῦ
239 1422 291 1455 μὲν
312 1422 353 1453 είς
370 1421 538 1456 ἀθανασίαν,
554 1423 594 1454 είς
611 1421 768 1458 ἀφθαρσίαν
782 1422 811 1448 δὲ
827 1423 859 1449 ὲκ

65 1469 185 1505 φθαρτοῦ
197 1469 274 1505 παρὰ
281 1468 329 1496 τοῦ
340 1468 445 1503 ἀγαθοῦ
457 1469 629 1505 μεταποιηθῇ
640 1469 719 1502 Θεοῦ,
732 1469 763 1496 οὐ
778 1469 858 1504 μόνον

63 1517 113 1544 οὐκ
133 1516 282 1552 ἀληθεύσει
307 1517 321 1543 ὁ
341 1515 423 1551 λόγος
446 1516 461 1543 ὁ
483 1516 696 1552 γεγραμμένος,
714 1516 755 1543 ὃτι
780 1517 858 1544 Κατ-

62 1564 157 1598 επόθη
179 1564 196 1590 ό
214 1562 342 1597 θάνατος
355 1564 399 1596 εις
413 1562 508 1596 νῖκος,
524 1563 572 1589 καὶ
588 1563 629 1589 ὅτι
645 1563 691 1589 ἐπὶ
711 1562 785 1589 τέλει
804 1562 859 1589 τῶν

62 1610 170 1637 αἰώνων
197 1609 307 1637 πάντων
323 1610 500 1642 ἐκπεσεῖται,
524 1609 572 1635 καὶ
597 1605 635 1635 ὧν
659 1609 734 1640 ὅπως
757 1608 859 1644 δήποτε

61 1653 168 1692 ἦρχενὸ
181 1655 306 1691 Ἐχθρὸς,
318 1653 363 1683 οἷα
376 1654 584 1692 προσκειμένων
596 1654 681 1682 αὑτοῦ
695 1656 752 1686 τοῖς
768 1654 860 1692 ἔργοις

61 1703 109 1729 τοῦ
131 1702 276 1738 Πονηροῦ·
294 1702 364 1729 ἀλλά
385 1702 434 1729 καὶ
450 1702 480 1728 τὺ
502 1700 639 1728 ἀνάπαλιν
662 1700 814 1737 τηνικαῦτα
829 1701 860 1727 τὸ

61 1750 167 1785 κράτος
186 1749 398 1785 ἁναμφήριστόν
414 1757 444 1775 τε
463 1749 511 1776 καὶ
527 1747 669 1783 ἀδιὰδοχον
684 1748 793 1783 σχήσει,
811 1745 859 1773 τοῦ

61 1794 163 1830 θνητοῦ
180 1795 229 1821 καὶ
252 1794 374 1830 φθαρτοῦ
398 1795 561 1830 πλάσματος
581 1793 666 1821 αὐτοῦ
694 1794 735 1825 είς
758 1793 860 1820 ἀθανα-

61 1841 126 1867 σίαν
153 1840 202 1867 καὶ
218 1840 375 1875 ἀφθαρσίαν
400 1840 569 1875 ἀνηγμένου.
593 1839 667 1875 Ὅρα
687 1839 716 1866 δέ
734 1847 780 1875 μοι
795 1839 860 1865 κάν-

58 1886 159 1914 τεῦθεν
184 1886 229 1913 τὸν
261 1886 377 1914 πλοῦτον
402 1887 452 1922 τῆς
482 1886 579 1921 σοφίας
607 1885 728 1917 Παύλου,
745 1885 795 1920 ἢν,
821 1884 860 1917 ὡς

58 1932 151 1959 ἔοικεν
161 1951 170 1963 ,
183 1931 279 1967 ἀρθεὶς
289 1931 335 1958 τὸν
347 1931 438 1967 τρίτον
448 1930 504 1967 (64)
515 1931 642 1968 ούρανοῦ,
653 1930 775 1966 δμυήθη,
785 1930 860 1962 ὅπως

56 1978 195 2014 διαφορὰν
217 1978 266 2014 μὲν
288 1978 338 2012 τῆς
353 1978 459 2013 Καινῆς
476 1977 524 2004 καὶ
536 1977 587 2013 τῆς
610 1977 730 2008 “alata;
744 1976 859 2010 εἰσάγει.

60 2024 233 2059 Προσλέπων
259 2024 288 2050 δὲ
314 2023 364 2060 τὴν
391 2024 562 2051 ἀποστασίαν
584 2023 631 2050 καὶ
654 2024 745 2049 πᾶσαν
773 2022 860 2058 αὐτῆς

58 2070 208 2096 ἐκκόπτων
235 2069 445 2105 ματαιολογίαν,
469 2069 551 2101 εὐθὺς
573 2069 657 2096 πάλιν
680 2069 768 2095 ταῦτα
797 2077 860 2095 συν-

58 2118 202 2154 επιφέρει.
230 2117 313 2152 Λέγει
341 2118 390 2153 μὲν
420 2117 474 2153 γὰρ
494 2117 569 2152 (65),
596 2118 667 2146 ὥστε
691 2116 728 2142 El
755 2124 801 2150 τις
824 2116 860 2142 ἐν

56 2163 182 2203 Χοιστῷ
206 2164 298 2198 καινὴ
323 2164 434 2197 κτίσις,
449 2163 671 2195 ἀνακαινίζεσθε¹
692 2162 728 2190 τὰ
749 2162 860 2197 ἀρχαῖα

55 2209 222 2244 παρῆλθεν
234 2230 241 2242 ,
271 2210 336 2237 ιᾶοὺ
351 2211 456 2245 γέγονε
475 2211 511 2237 τὰ
531 2210 631 2237 πάντα
651 2209 750 2237 καινά.
787 2208 858 2235 Ἀλλ’

55 2256 109 2290 ὅρα
125 2256 158 2282 τὸ
172 2255 339 2291 δραστήριον
354 2256 401 2282 καὶ
416 2256 498 2290 σοφὴν
514 2256 561 2282 καὶ
579 2255 731 2291 περιδέξιον
745 2254 793 2282 τοῦ
809 2255 858 2282 ἁν-

54 2301 134 2335 δρός.
155 2302 195 2328 Τὰ
211 2301 246 2327 δέ
256 2301 366 2335 πάντα,
388 2302 465 2337 φησὶ,
481 2302 556 2337 καὶὴ
574 2301 631 2327 Νέα
642 2300 764 2337 δηλονότι
779 2300 826 2327 καὶ
841 2300 859 2336 ἡ

55 2348 182 2380 Παλαιὰ,
200 2347 235 2374 ἐκ
249 2347 302 2374 τοῦ
323 2347 409 2380 Θεοῦ,
433 2348 488 2375 τοῦ
510 2346 759 2379 καταλλάξαντος
780 2344 861 2380 ἡμᾶς

53 2391 178 2425 ἐαυτῷ,
203 2392 254 2420 διὰ
275 2393 329 2420 τοῦ
350 2393 462 2427 Κυρίου
478 2393 564 2427 ἡμῶν
593 2391 691 2426 Ἰησοῦ
717 2391 859 2425 Χριστοῦ.

53 2438 172 2464 Οὐκοῦν
188 2439 239 2465 καὶ
266 2439 323 2466 τῶν
339 2439 532 2475 παρελθόντων
555 2439 602 2465 καὶ
615 2438 670 2465 τῶν
685 2438 829 2474 παρόντων
847 2437 861 2463 ὁ

51 2483 103 2510 τοῦ
121 2484 255 2520 Σωτῆρος
278 2484 357 2520 ἡμῶν
376 2485 465 2520 Ἰησοῦ
482 2484 603 2520 Χριστοῦ
626 2483 729 2518 ἀγαθὸς
746 2483 860 2518 Πατὴρ,

909 226 1004 259 alium,
1019 227 1066 254 sed
1081 233 1156 260 eum,
1172 226 1218 261 qui
1238 230 1302 253 ante
1321 227 1459 255 nuntiavit
1478 227 1626 255 adventrum
1639 228 1700 258 Filii

909 271 1022 306 sui,qui
1045 271 1203 306 Scripturas
1227 271 1348 305 tradidit,
1369 272 1471 307 quique
1498 273 1532 300 ad
1565 274 1645 302 ﬁdem
1671 275 1698 303 in

909 315 1008 344 Filium
1026 325 1106 344 suum
1139 316 1258 351 vocavit,
1277 317 1362 345 Deum
1379 318 1575 347 consolationis
1591 324 1620 347 et
1651 328 1700 356 pa-

909 362 1022 396 tientiae,
1039 364 1194 391 concordiae
1207 364 1341 398 datorem,
1357 364 1385 392 in
1409 366 1487 401 cujus
1512 366 1625 402 gloriam
1650 374 1699 395 uos

909 411 1059 446 assumpsit
1078 410 1218 443 Christus,
1231 411 1358 440 minister
1368 411 1584 441 circumcisionis
1600 413 1697 441 factus.

908 455 980 484 Alibi
997 464 1061 483 vero
1076 455 1173 484 iterum
1193 456 1232 483 ait
1251 465 1258 484 :
1279 456 1456 484 Circumcisus
1476 457 1573 493 aliquis
1591 462 1699 485 vocatus

908 506 956 533 cst,
979 510 1011 528 ne
1030 502 1172 534 attrahat;
1185 502 1372 538 (praeputium)
1394 503 1422 530 iu
1451 503 1580 537 prazputio
1603 503 1700 538 aliquis

908 551 1015 574 vocatus
1038 552 1087 581 est,
1104 556 1135 575 ne
1145 549 1368 576 circumcidatur:
1381 549 1543 576 circumcisio
1557 549 1623 576 nihil
1650 554 1698 580 est.

909 598 933 620 et
948 594 1107 628 prwputium
1121 593 1188 621 nihil
1206 599 1243 621 est
1256 594 1277 610 ⁸¹
1295 603 1302 622 :
1318 595 1429 622 attende
1442 602 1507 622 vero
1528 594 1562 622 ad
1580 602 1698 630 sequen-

909 638 1018 666 tiazsed
1032 639 1178 666 observatio
1203 640 1390 667 mandatorum
1406 640 1454 667 Dei
1466 641 1499 673 “,
1509 648 1563 667 non
1574 640 1697 668 deorum.

908 684 1064 713 Mandatum
1086 693 1152 713 vero
1172 686 1340 721 aliudjussit
1355 686 1613 719 circumcidi,aliud
1643 694 1700 713 non

908 730 973 758 item
990 739 997 758 :
1014 735 1041 758 et
1052 734 1201 766 utrumque
1212 735 1302 759 tamen
1317 732 1440 767 ejusdem
1452 733 1490 760 ait
1504 740 1564 760 esse
1576 732 1634 765 Dei,
1645 740 1700 760 non

907 781 999 804 autem
1018 777 1142 805 deorum.
1158 778 1252 813 Itaque
1267 785 1339 805 unus
1349 778 1420 806 Deus
1436 786 1517 806 verus
1528 782 1579 812 est,
1593 783 1621 806 et
1645 778 1699 806 Pa-

909 826 951 849 ter
962 821 1069 850 Domini
1084 823 1170 850 nostri
1180 822 1245 851 Jcsu
1266 824 1377 858 Christi,
1392 825 1439 860 qui
1465 829 1493 853 et
1512 824 1700 853 circumcisio-

873 862 894 891 Β
908 876 971 896 nem
988 876 1036 904 per
1049 870 1236 897 Abraliamum
1255 869 1283 897 in
1295 871 1416 906 mysterii
1432 871 1699 899 consummationem

909 919 1033 950 tempore
1060 915 1174 943 deﬁnito
1193 916 1294 949 sanxit,
1307 924 1420 952 eosque,
1432 917 1479 952 qui
1510 917 1539 946 in
1565 917 1700 954 praeputio

909 965 1001 995 erant,
1018 969 1068 997 per
1080 961 1181 990 Filium
1198 969 1280 991 suum
1296 962 1330 991 ad
1347 970 1378 991 se
1392 963 1505 1000 recepit.

944 1101 1003 1129 XV.
1019 1101 1090 1131 Alibi
1101 1110 1169 1131 vero
1194 1111 1202 1131 :
1233 1103 1338 1139 Oportet
1348 1105 1518 1141 corruptibile
1531 1106 1580 1134 hoc
1603 1106 1701 1142 (quod—

907 1156 970 1176 nam
989 1156 1055 1176 vero
1073 1149 1147 1177 aliud
1163 1157 1246 1185 quam
1260 1157 1361 1186 corpus
1379 1152 1534 1188 nostrum?)
1544 1153 1652 1181 induere
1663 1154 1702 1181 in-

908 1195 1164 1230 corruptibilitatem,
1179 1201 1204 1223 et
1221 1197 1333 1224 mortale
1355 1198 1403 1224 hoc
1428 1198 1656 1226 immortalitatem
1667 1200 1700 1226 ⁸³.

908 1240 1051 1273 Quomodo
1063 1248 1129 1268 vero
1145 1241 1223 1269 decet
1235 1241 1319 1269 Deum
1332 1242 1446 1276 bonum,
1461 1243 1485 1271 si
1503 1250 1603 1279 corpus
1623 1252 1702 1272 crea-

909 1291 970 1314 tura
979 1286 1041 1314 Mali
1048 1291 1131 1320 esset,
1142 1294 1176 1315 ex
1183 1288 1352 1324 corruptibili
1362 1289 1471 1324 quidem
1480 1290 1700 1326 incorruptibile,

908 1340 943 1361 ex
958 1333 1067 1360 mortali
1084 1340 1150 1360 vero
1174 1332 1264 1361 facere
1284 1335 1456 1363 immortale?
1468 1335 1497 1363 Si
1512 1336 1586 1364 enim
1603 1343 1702 1372 corpus

909 1378 1010 1406 malum
1021 1383 1049 1406 et
1057 1383 1182 1406 creatura
1191 1379 1253 1407 mali
1262 1388 1295 1407 ex
1304 1380 1411 1408 mortali
1420 1382 1447 1408 in
1456 1381 1701 1417 immortalitatem,

910 1432 943 1452 ex
954 1425 1125 1460 corruptibili
1134 1432 1199 1453 vero
1209 1424 1236 1452 in
1246 1425 1534 1462 incorruptibilitatcm
1542 1435 1557 1454 a
1567 1427 1622 1455 Deo
1630 1428 1703 1457 bono

911 1470 1118 1503 transferretur,
1137 1478 1190 1498 non
1220 1471 1309 1498 solum
1331 1479 1387 1499 non
1410 1480 1506 1501 verum
1523 1472 1605 1507 foret,
1629 1475 1701 1510 quod

872 1530 894 1560 ο
910 1518 1043 1553 scriptum
1056 1523 1114 1546 est:
1125 1517 1198 1546 Mors
1206 1519 1329 1554 absorpta
1340 1524 1377 1546 est
1391 1519 1418 1546 in
1425 1520 1563 1546 victoriam
1572 1520 1605 1554 “,
1614 1529 1704 1556 quoti-

910 1571 964 1598 que
986 1564 1012 1591 in
1031 1563 1085 1591 line
1101 1564 1263 1592 saeculorum
1280 1564 1387 1592 excidet
1402 1564 1436 1593 iis
1450 1565 1588 1599 omnibus,
1604 1566 1631 1594 in
1642 1575 1704 1602 qua:

910 1608 974 1636 olim
991 1613 1154 1644 potestatem
1182 1609 1278 1637 habuit
1291 1609 1388 1643 hostis,
1405 1614 1534 1646 tanquam
1547 1611 1623 1644 talia,
1643 1620 1704 1647 qua:

910 1656 1038 1691 operibus
1048 1656 1108 1690 ejus
1126 1655 1206 1683 malis
1224 1656 1428 1684 accommodata
1440 1657 1514 1690 sint;
1531 1657 1579 1685 sed
1600 1663 1626 1685 et
1639 1665 1705 1685 con-

911 1701 995 1728 traria
1020 1701 1074 1729 illis
1102 1701 1194 1728 omnia
1211 1701 1363 1729 certissime
1389 1701 1600 1737 ﬁrmissimeque
1614 1703 1704 1730 locum

910 1747 1062 1779 habebunt.
1076 1747 1098 1775 si
1113 1746 1237 1775 mortalis
1250 1751 1279 1774 et
1292 1747 1479 1782 corruptibilis
1493 1748 1554 1783 ejus
1577 1753 1705 1776 creatura

911 1793 1074 1821 immortalis
1085 1796 1111 1820 el
1122 1801 1137 1820 a
1146 1793 1323 1828 corruptione
1342 1793 1429 1820 li—bcra
1442 1793 1547 1821 reddita
1558 1793 1649 1822 fuerit.
1663 1794 1704 1821 Tu

910 1847 977 1868 vero
987 1840 1049 1867 vide
1066 1839 1134 1867 mihi
1145 1843 1173 1867 et
1181 1839 1227 1867 hic
1238 1839 1348 1867 divitias
1360 1839 1500 1874 sapientia:
1517 1839 1593 1867 Pauli
1610 1840 1704 1875 (quam

913 1886 941 1913 in
957 1886 1069 1913 tertium
1082 1885 1182 1913 ctelum
1194 1885 1319 1913 sublatus
1335 1885 1466 1913 didicisse
1493 1885 1624 1921 videtur),
1636 1894 1706 1921 quo.

911 1930 994 1958 modo
1014 1930 1198 1958 differentiam
1213 1929 1278 1957 novi
1291 1934 1318 1957 et
1333 1930 1432 1958 veteris
1445 1930 1601 1958 testamenti
1619 1938 1704 1966 espo-

912 1981 970 2004 nat.
984 1975 1142 2004 Praevidens
1153 1982 1220 2003 vero
1235 1975 1402 2010 apostasiam
1425 1976 1506 2009 hanc,
1518 1975 1633 2011 ejusque
1659 1985 1705 2004 va-

912 2021 1033 2057 niloquia
1060 2021 1152 2049 omnia
1180 2029 1338 2052 eversurus.
1352 2021 1442 2048 statim
1474 2021 1526 2049 ista
1553 2022 1704 2057 subjungit.

913 2068 958 2095 Ait
970 2067 1043 2095 enim
1063 2076 1070 2095 :
1089 2066 1119 2095 Si
1136 2067 1194 2102 quis
1213 2067 1242 2094 in
1255 2066 1370 2099 Christo,
1385 2072 1481 2094 natura
1497 2076 1575 2100 nova,
1590 2076 1706 2096 renove-

913 2112 1093 2145 mini,vetcra
1109 2112 1282 2144 transierunt,
1301 2119 1359 2138 ecce
1381 2112 1470 2138 omnia
1482 2113 1555 2148 facta
1576 2116 1636 2139 sunt
1658 2122 1705 2140 no-

912 2159 986 2186 va“.
997 2158 1039 2186 Tu
1053 2166 1118 2186 vero
1131 2158 1193 2185 vide
1203 2157 1388 2193 prudentiam,
1401 2159 1561 2193 sapientiam
1573 2163 1599 2186 et
1610 2159 1704 2186 dexte-

872 2203 899 2233 D
912 2205 1020 2233 ritatem
1034 2205 1098 2233 viri.
1116 2206 1211 2232 Omnia
1227 2213 1298 2237 vero,
1312 2204 1411 2239 inquit,
1430 2205 1456 2232 id
1473 2210 1515 2232 est
1541 2210 1569 2232 et
1583 2209 1660 2232 vetus
1676 2210 1704 2233 et

909 2260 1010 2281 novum
1033 2257 1240 2285 testamentum,
1258 2261 1290 2280 ex
1303 2251 1357 2279 Deo
1373 2256 1444 2286 sunt,
1462 2253 1506 2288 qui
1525 2253 1703 2279 reconciliavit

909 2307 955 2326 nos
965 2299 1016 2326 sibi
1027 2299 1078 2334 ipsi
1085 2306 1131 2333 per
1139 2298 1283 2325 Demittunt
1297 2298 1513 2326 nostrumlesum
1524 2298 1656 2326 Christum
1668 2300 1702 2326 ⁸⁸.

909 2345 1003 2380 Itaque
1027 2345 1116 2372 bonus
1136 2343 1218 2372 Pater
1233 2344 1387 2372 Servatoris
1408 2345 1494 2372 nostri
1512 2345 1576 2373 Jesu
1602 2345 1702 2373 Christi

910 2391 983 2418 idem
995 2395 1054 2418 erat
1074 2395 1101 2418 et
1123 2390 1201 2418 dator
1223 2396 1251 2418 et
1272 2395 1432 2426 procurator
1452 2395 1480 2418 et
1497 2396 1592 2418 auctor
1613 2399 1703 2418 rerum

910 2436 1110 2471 praeteritarum
1126 2440 1154 2463 et
1176 2437 1366 2472 prtesentium.
1391 2436 1534 2470 Quomodo
1561 2444 1626 2464 vero
1643 2444 1705 2464 cor-

910 2490 963 2517 pus
989 2486 1114 2510 creatura
1148 2482 1235 2510 liostis
1264 2482 1434 2516 fuerit,cum
1469 2482 1540 2510 idem
1564 2491 1579 2510 a
1600 2483 1703 2519 Spiritu

89 2562 117 2578 ⁸⁸
136 2559 219 2590 Rom.
236 2569 282 2593 xv,
295 2561 321 2588 5.
359 2559 405 2588 "l
421 2559 485 2588 Cor.
501 2567 550 2593 vn,
562 2560 606 2586 13.
645 2559 668 2576 "
679 2559 745 2586 ibid.
783 2558 807 2574 "
829 2557 837 2585 I
852 2560 857 2582 t

912 2577 915 2584 .
931 2565 978 2590 xv,
992 2557 1036 2584 55.
1076 2556 1174 2583 “ibid.
1190 2555 1233 2582 54.
1272 2554 1294 2571 ⁸⁸
1310 2556 1332 2583 ll
1343 2555 1407 2583 Cor.
1420 2564 1445 2589 ν,
1458 2556 1502 2583 17.
1541 2556 1564 2572 ⁶⁶
1581 2557 1647 2585 ibid.
1659 2559 1702 2586 18.

637 2626 755 2655 VARI/ﬁ
775 2624 968 2653 LECTIONES
991 2623 1035 2650 ET
1056 2621 1173 2650 NOTAE.

95 2681 160 2717 (62)
181 2679 354 2717 Ἑκάτερον.
370 2676 411 2704 lta
421 2673 594 2702 scribendum
609 2679 651 2702 est
662 2681 711 2708 pro
725 2673 860 2707 ἑκατέρω,

51 2715 133 2752 ,μιύὸ
153 2724 207 2742 ms.
224 2715 317 2752 habet.

92 2739 402 2786 ἶξόῖὲἱιησῖίῇοιξὺυιη
422 2749 474 2786 hoc
488 2748 577 2786 locum
600 2745 646 2772 hic
664 2742 766 2786 librarii
782 2742 857 2786 culpa

912 2739 1026 2786 έωξξθδ

52 2778 199 2818 motasse,
211 2778 239 2811 cl
254 2784 287 2811 ad
305 2783 384 2818 σῶμα
399 2783 651 2818 τρίετεηιιιιηινεξςο
667 2780 766 2818 credo._
776 2778 863 2818 Αρισ-

51 2812 263 2849 get—ierisrenim
279 2812 353 2853 λέγει
369 2819 438 2855 regit
454 2818 566 2854 phrasin
580 2814 742 2843 ἐνδύσασθαι
756 2812 862 2848 ἀφθαρ-

51 2857 133 2885 clay.

946 2670 1003 2705 (64)
1022 2669 1078 2695 Τὸν
1097 2669 1208 2705 τρίτον.
1222 2667 1259 2695 ita
1274 2675 1326 2694 ms.
1337 2668 1377 2705 _F._t
1387 2667 1569 2705 grammatica:
1584 2669 1704 2705 rationes

912 2710 939 2733 et
951 2702 1055 2733 sensus
1070 2704 1121 2738 legi
1143 2704 1251 2738 jubent,
1270 2703 1343 2738 quod
1358 2702 1378 2729 ll
1393 2702 1464 2730 Cor.
1477 2711 1525 2736 xu,
1543 2704 1572 2735 2,
1593 2704 1703 2739 legitur,

1040 2738 1272 2774 τρίτουοὺρανοῦ.
1312 2773 1333 2774 η
1365 2772 1372 2774 ν
1448 2773 1454 2774 7
1570 2772 1575 2774 ν

948 2775 1003 2810 (65)
1039 2772 1288 2810 ‘Arouatuié'eo'os.
1312 2772 1431 2800 Verbum
1448 2773 1503 2810 hoc
1516 2772 1705 2810 explicationis

914 2808 972 2838 loco
988 2817 1003 2836 a
1019 2808 1119 2836 Photio
1132 2808 1253 2835 additum
1272 2815 1332 2835 esse
1350 2814 1426 2843 puto,
1448 2812 1478 2835 ut
1498 2808 1706 2843 intelligeretur,

913 2850 1039 2873 sanctum
1055 2843 1215 2878 Apostolum
1225 2851 1303 2872 nova:
1315 2847 1448 2871 creatura:
1462 2843 1582 2871 studium
1596 2851 1705 2880 urgere,
