  <div class='ocr_page' id='page_1' title='image "/cluster/home/n/w/nwhite01/storage/ocr_20150623/102/njp.32101010943874/093.png"; bbox 0 0 1931 3082; ppageno 0'>
   <div class='ocr_carea' id='block_1_1' title="bbox 237 102 289 136">
    <p class='ocr_par' dir='ltr' id='par_1_1' title="bbox 237 102 289 136">
     <span class='ocr_line' id='line_1_1' title="bbox 237 102 289 136; baseline 0.019 -1"><span class='ocrx_word' id='word_1_1' title='bbox 237 102 289 136; x_wconf 82' lang='lat'><strong>163</strong></span> 
     </span>
    </p>
   </div>
   <div class='ocr_carea' id='block_1_2' title="bbox 806 104 1025 144">
    <p class='ocr_par' dir='ltr' id='par_1_2' title="bbox 806 104 1025 136">
     <span class='ocr_line' id='line_1_2' title="bbox 806 104 1025 136; baseline -0.005 -1"><span class='ocrx_word' id='word_1_2' title='bbox 806 105 938 136; x_wconf 88' lang='grc' dir='ltr'><strong>ΡΗΟΤΙΙ</strong></span> <span class='ocrx_word' id='word_1_3' title='bbox 958 104 1025 134; x_wconf 82' lang='lat' dir='ltr'><strong>PA&#39;I</strong></span> 
     </span>
    </p>
   </div>
   <div class='ocr_carea' id='block_1_3' title="bbox 1079 104 1853 144">
    <p class='ocr_par' dir='ltr' id='par_1_3' title="bbox 1079 105 1853 144">
     <span class='ocr_line' id='line_1_3' title="bbox 1079 105 1853 144; baseline 0.009 -9"><span class='ocrx_word' id='word_1_4' title='bbox 1079 105 1212 137; x_wconf 81' lang='lat' dir='ltr'><strong>ARCHIE</strong></span> <span class='ocrx_word' id='word_1_5' title='bbox 1233 107 1286 139; x_wconf 80' lang='lat' dir='ltr'><strong>CP.</strong></span> <span class='ocrx_word' id='word_1_6' title='bbox 1811 106 1853 144; x_wconf 73' lang='lat' dir='ltr'><strong>lat</strong></span> 
     </span>
    </p>
   </div>
   <div class='ocr_carea' id='block_1_4' title="bbox 237 160 1025 204">
    <p class='ocr_par' dir='ltr' id='par_1_4' title="bbox 237 160 1025 195">
     <span class='ocr_line' id='line_1_4' title="bbox 237 160 1025 195; baseline 0 -7"><span class='ocrx_word' id='word_1_7' title='bbox 237 166 316 188; x_wconf 85' lang='lat' dir='ltr'><strong>actus</strong></span> <span class='ocrx_word' id='word_1_8' title='bbox 328 160 503 188; x_wconf 68' lang='lat' dir='ltr'><strong>orator-Isaiae</strong></span> <span class='ocrx_word' id='word_1_9' title='bbox 513 160 671 189; x_wconf 86' lang='lat' dir='ltr'><strong>vaticinium</strong></span> <span class='ocrx_word' id='word_1_10' title='bbox 682 161 821 195; x_wconf 83' lang='lat' dir='ltr'><strong>adhibeat,</strong></span> <span class='ocrx_word' id='word_1_11' title='bbox 829 166 857 189; x_wconf 88' lang='lat' dir='ltr'><strong>el</strong></span> <span class='ocrx_word' id='word_1_12' title='bbox 867 162 957 190; x_wconf 85' lang='lat' dir='ltr'><strong>dicat:</strong></span> <span class='ocrx_word' id='word_1_13' title='bbox 974 161 1025 188; x_wconf 72' lang='lat' dir='ltr'><strong>Vos</strong></span> 
     </span>
    </p>
   </div>
   <div class='ocr_carea' id='block_1_5' title="bbox 1079 160 1852 204">
    <p class='ocr_par' dir='ltr' id='par_1_5' title="bbox 1079 162 1852 204">
     <span class='ocr_line' id='line_1_5' title="bbox 1079 162 1852 204; baseline 0.009 -15"><span class='ocrx_word' id='word_1_14' title='bbox 1079 163 1160 195; x_wconf 75' lang='grc' dir='ltr'>αὐτὸς</span> <span class='ocrx_word' id='word_1_15' title='bbox 1175 162 1209 201; x_wconf 83' lang='grc' dir='ltr'>ἦν</span> <span class='ocrx_word' id='word_1_16' title='bbox 1222 166 1270 192; x_wconf 77' lang='grc' dir='ltr'>καὶ</span> <span class='ocrx_word' id='word_1_17' title='bbox 1285 165 1378 202; x_wconf 81' lang='grc' dir='ltr'><strong>δοτὴρ,</strong></span> <span class='ocrx_word' id='word_1_18' title='bbox 1395 166 1443 194; x_wconf 80' lang='grc' dir='ltr'>καὶ</span> <span class='ocrx_word' id='word_1_19' title='bbox 1458 164 1613 203; x_wconf 76' lang='grc' dir='ltr'>προνοητῆς</span> <span class='ocrx_word' id='word_1_20' title='bbox 1628 167 1677 195; x_wconf 71' lang='grc' dir='ltr'>καὶ</span> <span class='ocrx_word' id='word_1_21' title='bbox 1692 168 1852 204; x_wconf 76' lang='grc' dir='ltr'>δημιουργός.</span> 
     </span>
    </p>
   </div>
   <div class='ocr_carea' id='block_1_6' title="bbox 236 206 1024 242">
    <p class='ocr_par' dir='ltr' id='par_1_6' title="bbox 236 206 1024 242">
     <span class='ocr_line' id='line_1_6' title="bbox 236 206 1024 242; baseline 0 -9"><span class='ocrx_word' id='word_1_22' title='bbox 236 207 307 234; x_wconf 82' lang='lat' dir='ltr'><strong>enim</strong></span> <span class='ocrx_word' id='word_1_23' title='bbox 336 207 459 242; x_wconf 80' lang='lat' dir='ltr'><strong>templum</strong></span> <span class='ocrx_word' id='word_1_24' title='bbox 491 206 538 234; x_wconf 75' lang='lat' dir='ltr'><strong>Dei</strong></span> <span class='ocrx_word' id='word_1_25' title='bbox 571 208 623 234; x_wconf 76' lang='lat' dir='ltr'><strong>vivi</strong></span> <span class='ocrx_word' id='word_1_26' title='bbox 647 208 730 240; x_wconf 73' lang='lat' dir='ltr'><strong>estis;</strong></span> <span class='ocrx_word' id='word_1_27' title='bbox 753 208 820 235; x_wconf 81' lang='lat' dir='ltr'><strong>sicut</strong></span> <span class='ocrx_word' id='word_1_28' title='bbox 848 207 914 234; x_wconf 74' lang='lat' dir='ltr'><strong>dixit</strong></span> <span class='ocrx_word' id='word_1_29' title='bbox 946 207 1024 240; x_wconf 78' lang='lat' dir='ltr'><strong>Deus,</strong></span> 
     </span>
    </p>
   </div>
   <div class='ocr_carea' id='block_1_7' title="bbox 237 251 1027 284">
    <p class='ocr_par' dir='ltr' id='par_1_7' title="bbox 237 251 1027 284">
     <span class='ocr_line' id='line_1_7' title="bbox 237 251 1027 284; baseline -0.001 -6"><span class='ocrx_word' id='word_1_30' title='bbox 237 251 306 284; x_wconf 79' lang='lat' dir='ltr'><strong>Quia</strong></span> <span class='ocrx_word' id='word_1_31' title='bbox 328 252 449 278; x_wconf 74' lang='lat' dir='ltr'><strong>habitabo</strong></span> <span class='ocrx_word' id='word_1_32' title='bbox 474 252 501 278; x_wconf 87' lang='lat' dir='ltr'><strong>in</strong></span> <span class='ocrx_word' id='word_1_33' title='bbox 519 251 582 284; x_wconf 74' lang='lat' dir='ltr'><strong>illis,</strong></span> <span class='ocrx_word' id='word_1_34' title='bbox 596 257 620 279; x_wconf 77' lang='lat' dir='ltr'><strong>et</strong></span> <span class='ocrx_word' id='word_1_35' title='bbox 644 251 797 283; x_wconf 87' lang='lat' dir='ltr'><strong>ambulabo,</strong></span> <span class='ocrx_word' id='word_1_36' title='bbox 812 257 836 278; x_wconf 74' lang='lat' dir='ltr'><strong>at</strong></span> <span class='ocrx_word' id='word_1_37' title='bbox 850 260 893 278; x_wconf 80' lang='lat' dir='ltr'><strong>ero</strong></span> <span class='ocrx_word' id='word_1_38' title='bbox 921 251 1027 278; x_wconf 84' lang='lat' dir='ltr'><strong>illorum</strong></span> 
     </span>
    </p>
   </div>
   <div class='ocr_carea' id='block_1_8' title="bbox 240 296 1026 333">
    <p class='ocr_par' dir='ltr' id='par_1_8' title="bbox 240 296 1026 333">
     <span class='ocr_line' id='line_1_8' title="bbox 240 296 1026 333; baseline -0.001 -8"><span class='ocrx_word' id='word_1_39' title='bbox 240 299 318 331; x_wconf 76' lang='lat' dir='ltr'><strong>Deus,</strong></span> <span class='ocrx_word' id='word_1_40' title='bbox 328 299 379 333; x_wconf 76' lang='lat' dir='ltr'><strong>ipsi</strong></span> <span class='ocrx_word' id='word_1_41' title='bbox 388 306 448 325; x_wconf 84' lang='lat' dir='ltr'><strong>vero</strong></span> <span class='ocrx_word' id='word_1_42' title='bbox 460 303 536 325; x_wconf 81' lang='lat' dir='ltr'><strong>erunt</strong></span> <span class='ocrx_word' id='word_1_43' title='bbox 549 298 613 325; x_wconf 82' lang='lat' dir='ltr'><strong>nti/ii</strong></span> <span class='ocrx_word' id='word_1_44' title='bbox 624 298 735 333; x_wconf 79' lang='lat' dir='ltr'><strong>populus</strong></span> <span class='ocrx_word' id='word_1_45' title='bbox 744 298 777 324; x_wconf 76' lang='lat'><strong>‘7.</strong></span> <span class='ocrx_word' id='word_1_46' title='bbox 790 297 819 325; x_wconf 89' lang='lat' dir='ltr'><strong>Si</strong></span> <span class='ocrx_word' id='word_1_47' title='bbox 831 298 912 333; x_wconf 79' lang='lat' dir='ltr'><strong>igitur</strong></span> <span class='ocrx_word' id='word_1_48' title='bbox 926 296 1026 324; x_wconf 86' lang='lat' dir='ltr'><strong>Christi</strong></span> 
     </span>
    </p>
   </div>
   <div class='ocr_carea' id='block_1_9' title="bbox 234 344 1026 379">
    <p class='ocr_par' dir='ltr' id='par_1_9' title="bbox 234 344 1026 379">
     <span class='ocr_line' id='line_1_9' title="bbox 234 344 1026 379; baseline -0.003 -7"><span class='ocrx_word' id='word_1_49' title='bbox 234 353 284 372; x_wconf 90' lang='lat' dir='ltr'><strong>nos</strong></span> <span class='ocrx_word' id='word_1_50' title='bbox 298 352 393 372; x_wconf 90' lang='lat' dir='ltr'><strong>sumus</strong></span> <span class='ocrx_word' id='word_1_51' title='bbox 410 344 552 379; x_wconf 87' lang='lat' dir='ltr'><strong>templum,</strong></span> <span class='ocrx_word' id='word_1_52' title='bbox 573 350 654 379; x_wconf 89' lang='lat' dir='ltr'><strong>prout</strong></span> <span class='ocrx_word' id='word_1_53' title='bbox 678 344 779 371; x_wconf 82' lang='lat' dir='ltr'><strong>Paulus</strong></span> <span class='ocrx_word' id='word_1_54' title='bbox 804 344 912 376; x_wconf 84' lang='lat' dir='ltr'><strong>clamat,</strong></span> <span class='ocrx_word' id='word_1_55' title='bbox 931 348 1026 371; x_wconf 86' lang='lat' dir='ltr'><strong>testem</strong></span> 
     </span>
    </p>
   </div>
   <div class='ocr_carea' id='block_1_10' title="bbox 234 389 1025 425">
    <p class='ocr_par' dir='ltr' id='par_1_10' title="bbox 234 389 1025 425">
     <span class='ocr_line' id='line_1_10' title="bbox 234 389 1025 425; baseline -0.003 -7"><span class='ocrx_word' id='word_1_56' title='bbox 234 390 352 418; x_wconf 75' lang='lat' dir='ltr'><strong>ali‘crens</strong></span> <span class='ocrx_word' id='word_1_57' title='bbox 366 390 477 423; x_wconf 87' lang='lat' dir='ltr'><strong>Isaiam,</strong></span> <span class='ocrx_word' id='word_1_58' title='bbox 493 397 582 424; x_wconf 87' lang='lat' dir='ltr'><strong>neque</strong></span> <span class='ocrx_word' id='word_1_59' title='bbox 591 390 661 417; x_wconf 87' lang='lat' dir='ltr'><strong>alius</strong></span> <span class='ocrx_word' id='word_1_60' title='bbox 671 389 1025 425; x_wconf 80' lang='lat' dir='ltr'><strong>fuitDeus,quiperlsaiam</strong></span> 
     </span>
    </p>
   </div>
   <div class='ocr_carea' id='block_1_11' title="bbox 233 434 1028 471">
    <p class='ocr_par' dir='ltr' id='par_1_11' title="bbox 233 434 1028 471">
     <span class='ocr_line' id='line_1_11' title="bbox 233 434 1028 471; baseline -0.004 -7"><span class='ocrx_word' id='word_1_61' title='bbox 233 437 341 464; x_wconf 80' lang='lat' dir='ltr'><strong>loculus</strong></span> <span class='ocrx_word' id='word_1_62' title='bbox 348 441 399 470; x_wconf 88' lang='lat' dir='ltr'><strong>est,</strong></span> <span class='ocrx_word' id='word_1_63' title='bbox 412 444 493 471; x_wconf 90' lang='lat' dir='ltr'><strong>quam</strong></span> <span class='ocrx_word' id='word_1_64' title='bbox 501 436 560 471; x_wconf 85' lang='lat' dir='ltr'><strong>ipse</strong></span> <span class='ocrx_word' id='word_1_65' title='bbox 566 436 614 463; x_wconf 80' lang='lat' dir='ltr'><strong>Dei</strong></span> <span class='ocrx_word' id='word_1_66' title='bbox 622 436 717 468; x_wconf 82' lang='lat' dir='ltr'><strong>Filius,</strong></span> <span class='ocrx_word' id='word_1_67' title='bbox 732 436 811 471; x_wconf 89' lang='lat' dir='ltr'><strong>cujus</strong></span> <span class='ocrx_word' id='word_1_68' title='bbox 818 435 948 470; x_wconf 87' lang='lat' dir='ltr'><strong>templum</strong></span> <span class='ocrx_word' id='word_1_69' title='bbox 956 434 1028 461; x_wconf 89' lang='lat' dir='ltr'><strong>divi-</strong></span> 
     </span>
    </p>
   </div>
   <div class='ocr_carea' id='block_1_12' title="bbox 232 481 1028 514">
    <p class='ocr_par' dir='ltr' id='par_1_12' title="bbox 232 481 1028 514">
     <span class='ocr_line' id='line_1_12' title="bbox 232 481 1028 514; baseline -0.003 -4"><span class='ocrx_word' id='word_1_70' title='bbox 232 491 285 511; x_wconf 88' lang='lat' dir='ltr'><strong>nus</strong></span> <span class='ocrx_word' id='word_1_71' title='bbox 299 483 400 510; x_wconf 77' lang='lat' dir='ltr'><strong>Paulus</strong></span> <span class='ocrx_word' id='word_1_72' title='bbox 413 490 463 510; x_wconf 91' lang='lat' dir='ltr'><strong>nos</strong></span> <span class='ocrx_word' id='word_1_73' title='bbox 477 489 538 510; x_wconf 89' lang='lat' dir='ltr'><strong>esse</strong></span> <span class='ocrx_word' id='word_1_74' title='bbox 560 482 647 514; x_wconf 85' lang='lat' dir='ltr'><strong>novit,</strong></span> <span class='ocrx_word' id='word_1_75' title='bbox 661 487 688 509; x_wconf 89' lang='lat' dir='ltr'><strong>et</strong></span> <span class='ocrx_word' id='word_1_76' title='bbox 699 483 767 510; x_wconf 87' lang='lat' dir='ltr'><strong>tales</strong></span> <span class='ocrx_word' id='word_1_77' title='bbox 792 487 881 514; x_wconf 86' lang='lat' dir='ltr'><strong>vocat,</strong></span> <span class='ocrx_word' id='word_1_78' title='bbox 894 481 938 509; x_wconf 89' lang='lat' dir='ltr'><strong>ubi</strong></span> <span class='ocrx_word' id='word_1_79' title='bbox 968 486 1028 508; x_wconf 87' lang='lat' dir='ltr'><strong>tan-</strong></span> 
     </span>
    </p>
   </div>
   <div class='ocr_carea' id='block_1_13' title="bbox 232 526 1026 563">
    <p class='ocr_par' dir='ltr' id='par_1_13' title="bbox 232 526 1026 563">
     <span class='ocr_line' id='line_1_13' title="bbox 232 526 1026 563; baseline -0.005 -6"><span class='ocrx_word' id='word_1_80' title='bbox 232 529 294 557; x_wconf 75' lang='lat' dir='ltr'><strong>dem</strong></span> <span class='ocrx_word' id='word_1_81' title='bbox 310 534 352 557; x_wconf 89' lang='lat' dir='ltr'><strong>est</strong></span> <span class='ocrx_word' id='word_1_82' title='bbox 363 533 488 557; x_wconf 75' lang='lat' dir='ltr'><strong>creatura</strong></span> <span class='ocrx_word' id='word_1_83' title='bbox 508 527 590 555; x_wconf 85' lang='lat' dir='ltr'><strong>Mali?</strong></span> <span class='ocrx_word' id='word_1_84' title='bbox 604 528 651 556; x_wconf 92' lang='lat' dir='ltr'><strong>ubi</strong></span> <span class='ocrx_word' id='word_1_85' title='bbox 662 528 716 556; x_wconf 89' lang='lat' dir='ltr'><strong>duo</strong></span> <span class='ocrx_word' id='word_1_86' title='bbox 733 532 759 556; x_wconf 84' lang='lat' dir='ltr'><strong>et</strong></span> <span class='ocrx_word' id='word_1_87' title='bbox 774 527 900 563; x_wconf 88' lang='lat' dir='ltr'><strong>opposita</strong></span> <span class='ocrx_word' id='word_1_88' title='bbox 918 526 969 554; x_wconf 85' lang='lat' dir='ltr'><strong>sibi</strong></span> <span class='ocrx_word' id='word_1_89' title='bbox 983 526 1026 554; x_wconf 89' lang='lat' dir='ltr'><strong>in-</strong></span> 
     </span>
    </p>
   </div>
   <div class='ocr_carea' id='block_1_14' title="bbox 232 573 493 608">
    <p class='ocr_par' dir='ltr' id='par_1_14' title="bbox 232 573 493 608">
     <span class='ocr_line' id='line_1_14' title="bbox 232 573 493 608; baseline -0.004 -7"><span class='ocrx_word' id='word_1_90' title='bbox 232 574 318 601; x_wconf 72' lang='lat' dir='ltr'><strong>vicem</strong></span> <span class='ocrx_word' id='word_1_91' title='bbox 337 573 493 608; x_wconf 85' lang='lat' dir='ltr'><strong>principia?</strong></span> 
     </span>
    </p>
   </div>
   <div class='ocr_carea' id='block_1_15' title="bbox 1076 208 1854 250">
    <p class='ocr_par' dir='ltr' id='par_1_15' title="bbox 1076 208 1854 250">
     <span class='ocr_line' id='line_1_15' title="bbox 1076 208 1854 250; baseline 0.012 -16"><span class='ocrx_word' id='word_1_92' title='bbox 1076 208 1138 240; x_wconf 76' lang='grc' dir='ltr'>Πῶς</span> <span class='ocrx_word' id='word_1_93' title='bbox 1153 209 1175 236; x_wconf 87' lang='grc' dir='ltr'><strong>δ’</strong></span> <span class='ocrx_word' id='word_1_94' title='bbox 1189 209 1222 237; x_wconf 84' lang='grc' dir='ltr'>ἂν</span> <span class='ocrx_word' id='word_1_95' title='bbox 1238 211 1282 247; x_wconf 80' lang='grc' dir='ltr'><strong>εἴη</strong></span> <span class='ocrx_word' id='word_1_96' title='bbox 1296 212 1409 248; x_wconf 83' lang='grc' dir='ltr'><strong>πλάσμα</strong></span> <span class='ocrx_word' id='word_1_97' title='bbox 1418 213 1448 239; x_wconf 85' lang='grc' dir='ltr'>τὸ</span> <span class='ocrx_word' id='word_1_98' title='bbox 1464 213 1545 248; x_wconf 86' lang='grc' dir='ltr'>σῶμα</span> <span class='ocrx_word' id='word_1_99' title='bbox 1556 213 1604 240; x_wconf 88' lang='grc' dir='ltr'><strong>τοῦ</strong></span> <span class='ocrx_word' id='word_1_100' title='bbox 1626 214 1749 250; x_wconf 83' lang='grc' dir='ltr'>Ἐχθροῦ,</span> <span class='ocrx_word' id='word_1_101' title='bbox 1758 215 1799 242; x_wconf 89' lang='grc' dir='ltr'><strong>τοῦ</strong></span> <span class='ocrx_word' id='word_1_102' title='bbox 1811 216 1854 243; x_wconf 73' lang='grc' dir='ltr'><strong>αὺ-</strong></span> 
     </span>
    </p>
   </div>
   <div class='ocr_carea' id='block_1_16' title="bbox 1076 253 1854 296">
    <p class='ocr_par' dir='ltr' id='par_1_16' title="bbox 1076 253 1854 296">
     <span class='ocr_line' id='line_1_16' title="bbox 1076 253 1854 296; baseline 0.01 -16"><span class='ocrx_word' id='word_1_103' title='bbox 1076 253 1122 280; x_wconf 81' lang='grc' dir='ltr'><strong>τοῦ</strong></span> <span class='ocrx_word' id='word_1_104' title='bbox 1136 258 1361 294; x_wconf 77' lang='grc' dir='ltr'>πνευματοφόρου</span> <span class='ocrx_word' id='word_1_105' title='bbox 1374 259 1500 295; x_wconf 76' lang='grc' dir='ltr'><strong>ῥήτορος,</strong></span> <span class='ocrx_word' id='word_1_106' title='bbox 1512 259 1562 294; x_wconf 80' lang='grc' dir='ltr'>τὴν</span> <span class='ocrx_word' id='word_1_107' title='bbox 1579 260 1692 287; x_wconf 78' lang='grc' dir='ltr'><strong>Ἡσαΐου</strong></span> <span class='ocrx_word' id='word_1_108' title='bbox 1701 261 1854 296; x_wconf 78' lang='grc' dir='ltr'><strong>προφητείαν</strong></span> 
     </span>
    </p>
   </div>
   <div class='ocr_carea' id='block_1_17' title="bbox 1075 299 1854 341">
    <p class='ocr_par' dir='ltr' id='par_1_17' title="bbox 1075 299 1854 341">
     <span class='ocr_line' id='line_1_17' title="bbox 1075 299 1854 341; baseline 0.012 -16"><span class='ocrx_word' id='word_1_109' title='bbox 1075 299 1264 336; x_wconf 79' lang='grc' dir='ltr'>οἰκειουμένου</span> <span class='ocrx_word' id='word_1_110' title='bbox 1280 303 1327 329; x_wconf 75' lang='grc' dir='ltr'>καὶ</span> <span class='ocrx_word' id='word_1_111' title='bbox 1351 303 1476 338; x_wconf 86' lang='grc' dir='ltr'>λέγοντος</span> <span class='ocrx_word' id='word_1_112' title='bbox 1487 312 1494 320; x_wconf 90' lang='grc'><strong>·</strong></span> <span class='ocrx_word' id='word_1_113' title='bbox 1513 305 1613 339; x_wconf 80' lang='grc' dir='ltr'><strong>Ὑμεῖς</strong></span> <span class='ocrx_word' id='word_1_114' title='bbox 1630 305 1704 339; x_wconf 81' lang='grc' dir='ltr'>ναὸς</span> <span class='ocrx_word' id='word_1_115' title='bbox 1720 305 1773 341; x_wconf 61' lang='grc' dir='ltr'>γὰρ</span> <span class='ocrx_word' id='word_1_116' title='bbox 1790 303 1854 334; x_wconf 78' lang='grc' dir='ltr'>Θεοῦ</span> 
     </span>
    </p>
   </div>
   <div class='ocr_carea' id='block_1_18' title="bbox 1075 345 1854 385">
    <p class='ocr_par' dir='ltr' id='par_1_18' title="bbox 1075 345 1854 385">
     <span class='ocr_line' id='line_1_18' title="bbox 1075 345 1854 385; baseline 0.009 -13"><span class='ocrx_word' id='word_1_117' title='bbox 1075 345 1146 373; x_wconf 85' lang='grc' dir='ltr'>ἐστε</span> <span class='ocrx_word' id='word_1_118' title='bbox 1162 345 1283 381; x_wconf 76' lang='grc' dir='ltr'><strong>ζῶντος·</strong></span> <span class='ocrx_word' id='word_1_119' title='bbox 1299 350 1396 383; x_wconf 79' lang='grc' dir='ltr'>καθὼς</span> <span class='ocrx_word' id='word_1_120' title='bbox 1411 348 1496 378; x_wconf 79' lang='grc' dir='ltr'>εἶπεν</span> <span class='ocrx_word' id='word_1_121' title='bbox 1508 351 1524 378; x_wconf 86' lang='grc' dir='ltr'><strong><em>ὀ</em></strong></span> <span class='ocrx_word' id='word_1_122' title='bbox 1543 351 1626 384; x_wconf 78' lang='grc' dir='ltr'>Θεὸς,</span> <span class='ocrx_word' id='word_1_123' title='bbox 1643 351 1704 378; x_wconf 86' lang='grc' dir='ltr'><strong>Ὅτι</strong></span> <span class='ocrx_word' id='word_1_124' title='bbox 1720 351 1854 385; x_wconf 78' lang='grc' dir='ltr'>ἐνοικήσω</span> 
     </span>
    </p>
   </div>
   <div class='ocr_carea' id='block_1_19' title="bbox 1075 391 1855 432">
    <p class='ocr_par' dir='ltr' id='par_1_19' title="bbox 1075 391 1855 432">
     <span class='ocr_line' id='line_1_19' title="bbox 1075 391 1855 432; baseline 0.009 -14"><span class='ocrx_word' id='word_1_125' title='bbox 1075 391 1111 418; x_wconf 75' lang='grc' dir='ltr'><strong>ἐν</strong></span> <span class='ocrx_word' id='word_1_126' title='bbox 1126 393 1230 427; x_wconf 72' lang='grc' dir='ltr'>αὐτοῖς</span> <span class='ocrx_word' id='word_1_127' title='bbox 1243 395 1292 422; x_wconf 76' lang='grc' dir='ltr'>καὶ</span> <span class='ocrx_word' id='word_1_128' title='bbox 1315 395 1563 431; x_wconf 76' lang='grc' dir='ltr'>ἐμπεριπατήσω⁸</span> <span class='ocrx_word' id='word_1_129' title='bbox 1579 398 1629 424; x_wconf 77' lang='grc' dir='ltr'>καὶ</span> <span class='ocrx_word' id='word_1_130' title='bbox 1643 399 1749 432; x_wconf 78' lang='grc' dir='ltr'>ἔσομαι</span> <span class='ocrx_word' id='word_1_131' title='bbox 1768 397 1855 425; x_wconf 81' lang='grc' dir='ltr'>αὐτῶν</span> 
     </span>
    </p>
   </div>
   <div class='ocr_carea' id='block_1_20' title="bbox 1078 438 1855 478">
    <p class='ocr_par' dir='ltr' id='par_1_20' title="bbox 1078 438 1855 478">
     <span class='ocr_line' id='line_1_20' title="bbox 1078 438 1855 478; baseline 0.008 -13"><span class='ocrx_word' id='word_1_132' title='bbox 1078 438 1159 471; x_wconf 81' lang='grc' dir='ltr'>Θεὸς,</span> <span class='ocrx_word' id='word_1_133' title='bbox 1180 440 1229 466; x_wconf 82' lang='grc' dir='ltr'>καὶ</span> <span class='ocrx_word' id='word_1_134' title='bbox 1252 441 1337 468; x_wconf 79' lang='grc' dir='ltr'>αὐτοὶ</span> <span class='ocrx_word' id='word_1_135' title='bbox 1363 442 1487 470; x_wconf 77' lang='grc' dir='ltr'>ἔσονταί</span> <span class='ocrx_word' id='word_1_136' title='bbox 1498 452 1550 478; x_wconf 82' lang='grc' dir='ltr'><strong>μοι</strong></span> <span class='ocrx_word' id='word_1_137' title='bbox 1570 442 1668 476; x_wconf 76' lang='grc' dir='ltr'>λαός’;</span> <span class='ocrx_word' id='word_1_138' title='bbox 1683 443 1714 469; x_wconf 79' lang='lat' dir='ltr'><strong>Ei</strong></span> <span class='ocrx_word' id='word_1_139' title='bbox 1740 443 1783 470; x_wconf 67' lang='grc' dir='ltr'><strong>οὖν</strong></span> <span class='ocrx_word' id='word_1_140' title='bbox 1797 443 1855 478; x_wconf 85' lang='grc' dir='ltr'>Χρι-</span> 
     </span>
    </p>
   </div>
   <div class='ocr_carea' id='block_1_21' title="bbox 1078 483 1855 524">
    <p class='ocr_par' dir='ltr' id='par_1_21' title="bbox 1078 483 1855 524">
     <span class='ocr_line' id='line_1_21' title="bbox 1078 483 1855 524; baseline 0.005 -15"><span class='ocrx_word' id='word_1_141' title='bbox 1078 483 1141 510; x_wconf 82' lang='grc' dir='ltr'>στοῦ</span> <span class='ocrx_word' id='word_1_142' title='bbox 1159 485 1209 519; x_wconf 84' lang='grc' dir='ltr'>μὲν</span> <span class='ocrx_word' id='word_1_143' title='bbox 1233 487 1314 521; x_wconf 78' lang='grc' dir='ltr'>ἡμεῖς</span> <span class='ocrx_word' id='word_1_144' title='bbox 1325 487 1398 521; x_wconf 74' lang='grc' dir='ltr'>ναὸς,</span> <span class='ocrx_word' id='word_1_145' title='bbox 1422 487 1459 519; x_wconf 85' lang='grc' dir='ltr'>ὡς</span> <span class='ocrx_word' id='word_1_146' title='bbox 1477 488 1582 521; x_wconf 80' lang='grc' dir='ltr'>Παῦλος</span> <span class='ocrx_word' id='word_1_147' title='bbox 1602 488 1661 524; x_wconf 79' lang='grc' dir='ltr'>βοᾷ,</span> <span class='ocrx_word' id='word_1_148' title='bbox 1682 488 1804 523; x_wconf 79' lang='grc' dir='ltr'>μάρτυρα</span> <span class='ocrx_word' id='word_1_149' title='bbox 1814 487 1855 514; x_wconf 77' lang='grc' dir='ltr'>τὸν</span> 
     </span>
    </p>
   </div>
   <div class='ocr_carea' id='block_1_22' title="bbox 1083 527 1856 569">
    <p class='ocr_par' dir='ltr' id='par_1_22' title="bbox 1083 527 1856 569">
     <span class='ocr_line' id='line_1_22' title="bbox 1083 527 1856 569; baseline 0.005 -15"><span class='ocrx_word' id='word_1_150' title='bbox 1083 527 1198 556; x_wconf 78' lang='grc' dir='ltr'><strong>Ἡσαΐαν</strong></span> <span class='ocrx_word' id='word_1_151' title='bbox 1228 532 1373 565; x_wconf 80' lang='grc' dir='ltr'>προῖστὰς,</span> <span class='ocrx_word' id='word_1_152' title='bbox 1399 533 1447 559; x_wconf 72' lang='grc' dir='ltr'>καὶ</span> <span class='ocrx_word' id='word_1_153' title='bbox 1473 532 1522 560; x_wconf 76' lang='grc' dir='ltr'>οὐκ</span> <span class='ocrx_word' id='word_1_154' title='bbox 1544 531 1623 564; x_wconf 77' lang='grc' dir='ltr'>ἄλλος</span> <span class='ocrx_word' id='word_1_155' title='bbox 1648 531 1683 569; x_wconf 84' lang='grc' dir='ltr'>ἦν</span> <span class='ocrx_word' id='word_1_156' title='bbox 1705 533 1779 564; x_wconf 68' lang='grc' dir='ltr'>Θεδς,</span> <span class='ocrx_word' id='word_1_157' title='bbox 1800 533 1812 558; x_wconf 83' lang='grc' dir='ltr'><strong>ό</strong></span> <span class='ocrx_word' id='word_1_158' title='bbox 1830 532 1856 559; x_wconf 79' lang='grc' dir='ltr'>ὲν</span> 
     </span>
    </p>
   </div>
   <div class='ocr_carea' id='block_1_23' title="bbox 1084 573 1855 613">
    <p class='ocr_par' dir='ltr' id='par_1_23' title="bbox 1084 573 1855 613">
     <span class='ocr_line' id='line_1_23' title="bbox 1084 573 1855 613; baseline 0.009 -13"><span class='ocrx_word' id='word_1_159' title='bbox 1084 573 1183 611; x_wconf 78' lang='grc' dir='ltr'>Ἡσαΐᾳ</span> <span class='ocrx_word' id='word_1_160' title='bbox 1194 575 1323 611; x_wconf 77' lang='grc' dir='ltr'><strong>λαλήσας,</strong></span> <span class='ocrx_word' id='word_1_161' title='bbox 1337 578 1395 605; x_wconf 82' lang='grc' dir='ltr'>ἀλλ’</span> <span class='ocrx_word' id='word_1_162' title='bbox 1407 579 1490 611; x_wconf 76' lang='grc' dir='ltr'>αὐτὸς</span> <span class='ocrx_word' id='word_1_163' title='bbox 1502 580 1515 606; x_wconf 84' lang='grc' dir='ltr'>ὁ</span> <span class='ocrx_word' id='word_1_164' title='bbox 1526 579 1573 606; x_wconf 84' lang='grc' dir='ltr'><strong>τοῦ</strong></span> <span class='ocrx_word' id='word_1_165' title='bbox 1589 579 1656 606; x_wconf 84' lang='grc' dir='ltr'>Θεοῦ</span> <span class='ocrx_word' id='word_1_166' title='bbox 1672 578 1746 613; x_wconf 75' lang='grc' dir='ltr'>Υἱὸς,</span> <span class='ocrx_word' id='word_1_167' title='bbox 1757 576 1785 607; x_wconf 75' lang='grc' dir='ltr'>οὗ</span> <span class='ocrx_word' id='word_1_168' title='bbox 1799 578 1855 605; x_wconf 70' lang='grc' dir='ltr'>ναὸν</span> 
     </span>
    </p>
   </div>
   <div class='ocr_carea' id='block_1_24' title="bbox 231 615 1855 661">
    <p class='ocr_par' dir='ltr' id='par_1_24' title="bbox 231 615 1855 661">
     <span class='ocr_line' id='line_1_24' title="bbox 231 615 1855 661; baseline 0.004 -15"><span class='ocrx_word' id='word_1_169' title='bbox 231 620 306 654; x_wconf 84' lang='grc' dir='ltr'>ἡμᾶς</span> <span class='ocrx_word' id='word_1_170' title='bbox 328 621 342 646; x_wconf 83' lang='grc' dir='ltr'>ὁ</span> <span class='ocrx_word' id='word_1_171' title='bbox 370 619 515 650; x_wconf 74' lang='grc' dir='ltr'><strong>Θεσπέσιος</strong></span> <span class='ocrx_word' id='word_1_172' title='bbox 532 617 638 651; x_wconf 79' lang='grc' dir='ltr'>Παῦλος</span> <span class='ocrx_word' id='word_1_173' title='bbox 662 617 715 646; x_wconf 79' lang='grc' dir='ltr'>οῐδε</span> <span class='ocrx_word' id='word_1_174' title='bbox 732 619 780 646; x_wconf 67' lang='grc' dir='ltr'><strong>καὶ¹</strong></span> <span class='ocrx_word' id='word_1_175' title='bbox 802 616 945 646; x_wconf 80' lang='grc' dir='ltr'><strong>ἀποκαλεῖ.</strong></span> <span class='ocrx_word' id='word_1_176' title='bbox 971 615 1022 643; x_wconf 83' lang='grc' dir='ltr'><strong>ποῦ</strong></span> <span class='ocrx_word' id='word_1_177' title='bbox 1042 618 1072 645; x_wconf 81' lang='grc' dir='ltr'>τὸ</span> <span class='ocrx_word' id='word_1_178' title='bbox 1090 620 1204 657; x_wconf 85' lang='grc' dir='ltr'>πλάσμα</span> <span class='ocrx_word' id='word_1_179' title='bbox 1224 622 1272 649; x_wconf 84' lang='grc' dir='ltr'><strong>τοῦ</strong></span> <span class='ocrx_word' id='word_1_180' title='bbox 1289 624 1433 660; x_wconf 79' lang='grc' dir='ltr'>Πονηροῦ;</span> <span class='ocrx_word' id='word_1_181' title='bbox 1457 625 1509 652; x_wconf 87' lang='grc' dir='ltr'><strong>ποῦ</strong></span> <span class='ocrx_word' id='word_1_182' title='bbox 1527 625 1556 652; x_wconf 76' lang='grc' dir='ltr'><strong>δὲ</strong></span> <span class='ocrx_word' id='word_1_183' title='bbox 1592 626 1609 661; x_wconf 77' lang='grc' dir='ltr'><strong>ἠ</strong></span> <span class='ocrx_word' id='word_1_184' title='bbox 1637 624 1718 652; x_wconf 78' lang='grc' dir='ltr'>διπλῦ</span> <span class='ocrx_word' id='word_1_185' title='bbox 1750 626 1794 652; x_wconf 80' lang='grc' dir='ltr'>καὶ</span> <span class='ocrx_word' id='word_1_186' title='bbox 1813 626 1855 653; x_wconf 77' lang='grc' dir='ltr'><strong>ἁν-</strong></span> 
     </span>
    </p>
   </div>
   <div class='ocr_carea' id='block_1_25' title="bbox 230 666 476 703">
    <p class='ocr_par' dir='ltr' id='par_1_25' title="bbox 230 666 476 703">
     <span class='ocr_line' id='line_1_25' title="bbox 230 666 476 703; baseline 0.004 -11"><span class='ocrx_word' id='word_1_187' title='bbox 230 666 373 702; x_wconf 76' lang='grc' dir='ltr'>τικειμένη</span> <span class='ocrx_word' id='word_1_188' title='bbox 387 666 457 703; x_wconf 82' lang='grc' dir='ltr'>ἀρχή</span> <span class='ocrx_word' id='word_1_189' title='bbox 468 674 476 699; x_wconf 83' lang='lat'><strong>;</strong></span> 
     </span>
    </p>
   </div>
   <div class='ocr_carea' id='block_1_26' title="bbox 265 712 1023 749">
    <p class='ocr_par' dir='ltr' id='par_1_26' title="bbox 265 712 1023 749">
     <span class='ocr_line' id='line_1_26' title="bbox 265 712 1023 749; baseline -0.005 -9"><span class='ocrx_word' id='word_1_190' title='bbox 265 713 337 740; x_wconf 74' lang='lat' dir='ltr'><strong>XVI.</strong></span> <span class='ocrx_word' id='word_1_191' title='bbox 349 713 433 741; x_wconf 82' lang='lat' dir='ltr'><strong>Porro</strong></span> <span class='ocrx_word' id='word_1_192' title='bbox 443 714 514 741; x_wconf 87' lang='lat' dir='ltr'><strong>idem</strong></span> <span class='ocrx_word' id='word_1_193' title='bbox 522 719 648 749; x_wconf 79' lang='lat' dir='ltr'><strong>retegcns</strong></span> <span class='ocrx_word' id='word_1_194' title='bbox 663 712 787 740; x_wconf 83' lang='lat' dir='ltr'><strong>veritatis</strong></span> <span class='ocrx_word' id='word_1_195' title='bbox 799 712 900 742; x_wconf 83' lang='lat' dir='ltr'><strong>lucem,</strong></span> <span class='ocrx_word' id='word_1_196' title='bbox 917 716 1023 744; x_wconf 85' lang='lat' dir='ltr'><strong>nosque</strong></span> 
     </span>
    </p>
   </div>
   <div class='ocr_carea' id='block_1_27' title="bbox 232 756 1022 795">
    <p class='ocr_par' dir='ltr' id='par_1_27' title="bbox 232 756 1022 795">
     <span class='ocr_line' id='line_1_27' title="bbox 232 756 1022 795; baseline -0.005 -8"><span class='ocrx_word' id='word_1_197' title='bbox 232 760 265 787; x_wconf 86' lang='lat' dir='ltr'><strong>ad</strong></span> <span class='ocrx_word' id='word_1_198' title='bbox 282 760 428 795; x_wconf 75' lang='lat' dir='ltr'><strong>puritatem</strong></span> <span class='ocrx_word' id='word_1_199' title='bbox 450 765 477 787; x_wconf 83' lang='lat' dir='ltr'><strong>et</strong></span> <span class='ocrx_word' id='word_1_200' title='bbox 490 759 673 787; x_wconf 85' lang='lat' dir='ltr'><strong>secessionem</strong></span> <span class='ocrx_word' id='word_1_201' title='bbox 689 759 723 786; x_wconf 91' lang='lat' dir='ltr'><strong>ab</strong></span> <span class='ocrx_word' id='word_1_202' title='bbox 742 757 858 793; x_wconf 83' lang='lat' dir='ltr'><strong>impuris</strong></span> <span class='ocrx_word' id='word_1_203' title='bbox 871 756 1022 784; x_wconf 83' lang='lat' dir='ltr'><strong>faciendam</strong></span> 
     </span>
    </p>
   </div>
   <div class='ocr_carea' id='block_1_28' title="bbox 231 801 1021 837">
    <p class='ocr_par' dir='ltr' id='par_1_28' title="bbox 231 801 1021 837">
     <span class='ocr_line' id='line_1_28' title="bbox 231 801 1021 837; baseline -0.005 -4"><span class='ocrx_word' id='word_1_204' title='bbox 231 806 400 837; x_wconf 78' lang='lat' dir='ltr'><strong>cohortatuS,</strong></span> <span class='ocrx_word' id='word_1_205' title='bbox 415 805 480 832; x_wconf 90' lang='lat' dir='ltr'><strong>utin</strong></span> <span class='ocrx_word' id='word_1_206' title='bbox 497 805 568 832; x_wconf 86' lang='lat' dir='ltr'><strong>ﬁlios</strong></span> <span class='ocrx_word' id='word_1_207' title='bbox 582 810 610 832; x_wconf 88' lang='lat' dir='ltr'><strong>et</strong></span> <span class='ocrx_word' id='word_1_208' title='bbox 623 805 693 832; x_wconf 84' lang='lat' dir='ltr'><strong>ﬁlias</strong></span> <span class='ocrx_word' id='word_1_209' title='bbox 712 804 758 831; x_wconf 84' lang='lat' dir='ltr'><strong>Dei</strong></span> <span class='ocrx_word' id='word_1_210' title='bbox 788 804 949 834; x_wconf 79' lang='lat' dir='ltr'><strong>referamur,</strong></span> <span class='ocrx_word' id='word_1_211' title='bbox 965 801 1021 829; x_wconf 88' lang='lat' dir='ltr'><strong>ait:</strong></span> 
     </span>
    </p>
   </div>
   <div class='ocr_carea' id='block_1_29' title="bbox 1110 707 1854 750">
    <p class='ocr_par' dir='ltr' id='par_1_29' title="bbox 1110 707 1854 750">
     <span class='ocr_line' id='line_1_29' title="bbox 1110 707 1854 750; baseline 0.008 -15"><span class='ocrx_word' id='word_1_212' title='bbox 1110 707 1169 742; x_wconf 73' lang='grc' dir='ltr'>ις’.</span> <span class='ocrx_word' id='word_1_213' title='bbox 1197 710 1256 737; x_wconf 89' lang='grc' dir='ltr'><strong>Ἐτι</strong></span> <span class='ocrx_word' id='word_1_214' title='bbox 1272 710 1299 737; x_wconf 82' lang='grc' dir='ltr'><strong>δὲ</strong></span> <span class='ocrx_word' id='word_1_215' title='bbox 1322 711 1523 741; x_wconf 81' lang='grc' dir='ltr'>ἀνακαλύπτων</span> <span class='ocrx_word' id='word_1_216' title='bbox 1540 713 1571 740; x_wconf 78' lang='grc' dir='ltr'>τὸ</span> <span class='ocrx_word' id='word_1_217' title='bbox 1587 713 1637 749; x_wconf 82' lang='grc' dir='ltr'>τῆς</span> <span class='ocrx_word' id='word_1_218' title='bbox 1652 713 1779 749; x_wconf 80' lang='grc' dir='ltr'><strong>ἀληθείας</strong></span> <span class='ocrx_word' id='word_1_219' title='bbox 1797 714 1854 750; x_wconf 80' lang='grc' dir='ltr'>φέγ-</span> 
     </span>
    </p>
   </div>
   <div class='ocr_carea' id='block_1_30' title="bbox 1074 754 1856 796">
    <p class='ocr_par' dir='ltr' id='par_1_30' title="bbox 1074 754 1856 796">
     <span class='ocr_line' id='line_1_30' title="bbox 1074 754 1856 796; baseline 0.008 -16"><span class='ocrx_word' id='word_1_220' title='bbox 1074 761 1132 788; x_wconf 82' lang='grc' dir='ltr'>γος,</span> <span class='ocrx_word' id='word_1_221' title='bbox 1149 754 1195 781; x_wconf 79' lang='grc' dir='ltr'><strong>καὶ</strong></span> <span class='ocrx_word' id='word_1_222' title='bbox 1214 755 1352 791; x_wconf 83' lang='grc' dir='ltr'>καθαροὺς</span> <span class='ocrx_word' id='word_1_223' title='bbox 1367 757 1441 793; x_wconf 83' lang='grc' dir='ltr'>ἡμᾶς</span> <span class='ocrx_word' id='word_1_224' title='bbox 1463 759 1510 785; x_wconf 75' lang='grc' dir='ltr'>καὶ</span> <span class='ocrx_word' id='word_1_225' title='bbox 1532 758 1743 794; x_wconf 79' lang='grc' dir='ltr'>ἀφωρισμένους</span> <span class='ocrx_word' id='word_1_226' title='bbox 1757 768 1856 796; x_wconf 81' lang='grc' dir='ltr'>παραγ-</span> 
     </span>
    </p>
   </div>
   <div class='ocr_carea' id='block_1_31' title="bbox 1073 799 1856 840">
    <p class='ocr_par' dir='ltr' id='par_1_31' title="bbox 1073 799 1856 840">
     <span class='ocr_line' id='line_1_31' title="bbox 1073 799 1856 840; baseline 0.008 -14"><span class='ocrx_word' id='word_1_227' title='bbox 1073 799 1177 834; x_wconf 86' lang='grc' dir='ltr'>γέλλων</span> <span class='ocrx_word' id='word_1_228' title='bbox 1192 799 1260 829; x_wconf 77' lang='grc' dir='ltr'>εἶναι</span> <span class='ocrx_word' id='word_1_229' title='bbox 1275 803 1330 829; x_wconf 82' lang='grc' dir='ltr'><strong>τῶν</strong></span> <span class='ocrx_word' id='word_1_230' title='bbox 1349 803 1512 840; x_wconf 78' lang='grc' dir='ltr'><strong>ἀκαθάρτων</strong></span> <span class='ocrx_word' id='word_1_231' title='bbox 1524 824 1532 837; x_wconf 86' lang='grc'><strong>,</strong></span> <span class='ocrx_word' id='word_1_232' title='bbox 1547 805 1588 838; x_wconf 87' lang='grc' dir='ltr'><strong>ὡς</strong></span> <span class='ocrx_word' id='word_1_233' title='bbox 1601 805 1640 831; x_wconf 83' lang='grc' dir='ltr'><strong>ἂν</strong></span> <span class='ocrx_word' id='word_1_234' title='bbox 1655 806 1699 838; x_wconf 76' lang='grc' dir='ltr'>εις</span> <span class='ocrx_word' id='word_1_235' title='bbox 1718 805 1800 838; x_wconf 81' lang='grc' dir='ltr'>υἱοὺς</span> <span class='ocrx_word' id='word_1_236' title='bbox 1812 803 1856 832; x_wconf 75' lang='grc' dir='ltr'>καί.</span> 
     </span>
    </p>
   </div>
   <div class='ocr_carea' id='block_1_32' title="bbox 238 847 1025 889">
    <p class='ocr_par' dir='ltr' id='par_1_32' title="bbox 238 849 1024 885">
     <span class='ocr_line' id='line_1_32' title="bbox 238 849 1024 885; baseline -0.004 -7"><span class='ocrx_word' id='word_1_237' title='bbox 238 851 286 878; x_wconf 74' lang='lat' dir='ltr'><strong>Vos</strong></span> <span class='ocrx_word' id='word_1_238' title='bbox 299 852 369 878; x_wconf 73' lang='lat' dir='ltr'><strong>enim</strong></span> <span class='ocrx_word' id='word_1_239' title='bbox 380 851 454 878; x_wconf 80' lang='lat' dir='ltr'><strong>eritis</strong></span> <span class='ocrx_word' id='word_1_240' title='bbox 475 851 538 877; x_wconf 70' lang='lat' dir='ltr'><strong>milii</strong></span> <span class='ocrx_word' id='word_1_241' title='bbox 551 851 578 877; x_wconf 88' lang='lat' dir='ltr'><strong>in</strong></span> <span class='ocrx_word' id='word_1_242' title='bbox 592 851 661 885; x_wconf 81' lang='lat' dir='ltr'><strong>ﬁlios</strong></span> <span class='ocrx_word' id='word_1_243' title='bbox 680 856 703 877; x_wconf 85' lang='lat' dir='ltr'><strong>et</strong></span> <span class='ocrx_word' id='word_1_244' title='bbox 720 850 790 885; x_wconf 73' lang='lat' dir='ltr'><strong>filias</strong></span> <span class='ocrx_word' id='word_1_245' title='bbox 799 850 832 876; x_wconf 68' lang='grc' dir='ltr'><strong>δ’.</strong></span> <span class='ocrx_word' id='word_1_246' title='bbox 850 849 1024 876; x_wconf 88' lang='lat' dir='ltr'><strong>Commemo-</strong></span> 
     </span>
    </p>
   </div>
   <div class='ocr_carea' id='block_1_33' title="bbox 1079 847 1856 889">
    <p class='ocr_par' dir='ltr' id='par_1_33' title="bbox 1079 847 1856 887">
     <span class='ocr_line' id='line_1_33' title="bbox 1079 847 1856 887; baseline 0.008 -14"><span class='ocrx_word' id='word_1_247' title='bbox 1079 847 1255 882; x_wconf 71' lang='grc' dir='ltr'>θυγατέρας,</span> <span class='ocrx_word' id='word_1_248' title='bbox 1271 849 1369 884; x_wconf 78' lang='grc' dir='ltr'>ἐπάγει</span> <span class='ocrx_word' id='word_1_249' title='bbox 1385 851 1431 877; x_wconf 79' lang='grc' dir='ltr'>καὶ</span> <span class='ocrx_word' id='word_1_250' title='bbox 1446 851 1490 877; x_wconf 89' lang='grc' dir='ltr'>τὸν</span> <span class='ocrx_word' id='word_1_251' title='bbox 1505 851 1741 887; x_wconf 73' lang='grc' dir='ltr'>ἐπαγγειλάμενον</span> <span class='ocrx_word' id='word_1_252' title='bbox 1758 851 1856 886; x_wconf 84' lang='grc' dir='ltr'>ταῦτα,</span> 
     </span>
    </p>
   </div>
   <div class='ocr_carea' id='block_1_34' title="bbox 230 892 1025 932">
    <p class='ocr_par' dir='ltr' id='par_1_34' title="bbox 230 894 1021 932">
     <span class='ocr_line' id='line_1_34' title="bbox 230 894 1021 932; baseline -0.004 -8"><span class='ocrx_word' id='word_1_253' title='bbox 230 902 272 925; x_wconf 81' lang='lat' dir='ltr'><strong>rat</strong></span> <span class='ocrx_word' id='word_1_254' title='bbox 287 905 352 925; x_wconf 91' lang='lat' dir='ltr'><strong>vero</strong></span> <span class='ocrx_word' id='word_1_255' title='bbox 370 897 452 925; x_wconf 85' lang='lat' dir='ltr'><strong>etiam</strong></span> <span class='ocrx_word' id='word_1_256' title='bbox 461 905 534 931; x_wconf 89' lang='lat' dir='ltr'><strong>eum,</strong></span> <span class='ocrx_word' id='word_1_257' title='bbox 545 897 591 932; x_wconf 89' lang='lat' dir='ltr'><strong>qui</strong></span> <span class='ocrx_word' id='word_1_258' title='bbox 605 898 663 925; x_wconf 73' lang='lat' dir='ltr'><strong>[nec</strong></span> <span class='ocrx_word' id='word_1_259' title='bbox 682 896 875 932; x_wconf 89' lang='lat' dir='ltr'><strong>sitpollicitus,</strong></span> <span class='ocrx_word' id='word_1_260' title='bbox 887 895 959 930; x_wconf 89' lang='lat' dir='ltr'><strong>quod</strong></span> <span class='ocrx_word' id='word_1_261' title='bbox 968 894 1021 922; x_wconf 90' lang='lat' dir='ltr'><strong>sci-</strong></span> 
     </span>
    </p>
   </div>
   <div class='ocr_carea' id='block_1_35' title="bbox 1079 892 1858 932">
    <p class='ocr_par' dir='ltr' id='par_1_35' title="bbox 1079 892 1858 932">
     <span class='ocr_line' id='line_1_35' title="bbox 1079 892 1858 932; baseline 0.008 -13"><span class='ocrx_word' id='word_1_262' title='bbox 1079 892 1116 919; x_wconf 70' lang='grc' dir='ltr'>ὅτι</span> <span class='ocrx_word' id='word_1_263' title='bbox 1138 893 1241 929; x_wconf 82' lang='grc' dir='ltr'>Κύριός</span> <span class='ocrx_word' id='word_1_264' title='bbox 1260 895 1319 922; x_wconf 78' lang='grc' dir='ltr'>ἐστι</span> <span class='ocrx_word' id='word_1_265' title='bbox 1334 897 1547 932; x_wconf 84' lang='grc' dir='ltr'>παντοκράτωρ·</span> <span class='ocrx_word' id='word_1_266' title='bbox 1566 897 1757 925; x_wconf 85' lang='grc' dir='ltr'>συνδιαπλέκει</span> <span class='ocrx_word' id='word_1_267' title='bbox 1770 898 1796 924; x_wconf 84' lang='grc' dir='ltr'><strong>δὲ</strong></span> <span class='ocrx_word' id='word_1_268' title='bbox 1813 898 1858 925; x_wconf 75' lang='grc' dir='ltr'>καὶ</span> 
     </span>
    </p>
   </div>
   <div class='ocr_carea' id='block_1_36' title="bbox 231 938 1025 979">
    <p class='ocr_par' dir='ltr' id='par_1_36' title="bbox 231 941 1021 978">
     <span class='ocr_line' id='line_1_36' title="bbox 231 941 1021 978; baseline -0.004 -8"><span class='ocrx_word' id='word_1_269' title='bbox 231 944 294 971; x_wconf 89' lang='lat' dir='ltr'><strong>licet</strong></span> <span class='ocrx_word' id='word_1_270' title='bbox 307 943 437 971; x_wconf 86' lang='lat' dir='ltr'><strong>Dominus</strong></span> <span class='ocrx_word' id='word_1_271' title='bbox 457 943 493 971; x_wconf 90' lang='lat' dir='ltr'><strong>sit</strong></span> <span class='ocrx_word' id='word_1_272' title='bbox 508 943 695 978; x_wconf 85' lang='lat' dir='ltr'><strong>omnipotens.</strong></span> <span class='ocrx_word' id='word_1_273' title='bbox 711 942 798 970; x_wconf 88' lang='lat' dir='ltr'><strong>Simul</strong></span> <span class='ocrx_word' id='word_1_274' title='bbox 817 942 899 970; x_wconf 89' lang='lat' dir='ltr'><strong>etiam</strong></span> <span class='ocrx_word' id='word_1_275' title='bbox 922 941 1021 974; x_wconf 84' lang='lat' dir='ltr'><strong>innuit,</strong></span> 
     </span>
    </p>
   </div>
   <div class='ocr_carea' id='block_1_37' title="bbox 1079 938 1858 979">
    <p class='ocr_par' dir='ltr' id='par_1_37' title="bbox 1079 938 1858 979">
     <span class='ocr_line' id='line_1_37' title="bbox 1079 938 1858 979; baseline 0.008 -15"><span class='ocrx_word' id='word_1_276' title='bbox 1079 938 1142 973; x_wconf 80' lang='grc' dir='ltr'>πρὸς</span> <span class='ocrx_word' id='word_1_277' title='bbox 1163 939 1240 971; x_wconf 87' lang='grc' dir='ltr'>τίνας</span> <span class='ocrx_word' id='word_1_278' title='bbox 1265 941 1294 967; x_wconf 78' lang='grc' dir='ltr'>αἱ</span> <span class='ocrx_word' id='word_1_279' title='bbox 1317 941 1497 977; x_wconf 71' lang='grc' dir='ltr'>ἐπαγγελίαι,</span> <span class='ocrx_word' id='word_1_280' title='bbox 1521 943 1562 970; x_wconf 80' lang='grc' dir='ltr'>ὅτι</span> <span class='ocrx_word' id='word_1_281' title='bbox 1590 942 1636 970; x_wconf 79' lang='grc' dir='ltr'>διὰ</span> <span class='ocrx_word' id='word_1_282' title='bbox 1662 943 1717 970; x_wconf 86' lang='grc' dir='ltr'>τῶν</span> <span class='ocrx_word' id='word_1_283' title='bbox 1739 944 1858 979; x_wconf 83' lang='grc' dir='ltr'>πατέρων</span> 
     </span>
    </p>
   </div>
   <div class='ocr_carea' id='block_1_38' title="bbox 229 982 1025 1026">
    <p class='ocr_par' dir='ltr' id='par_1_38' title="bbox 229 988 1023 1026">
     <span class='ocr_line' id='line_1_38' title="bbox 229 988 1023 1026; baseline -0.005 -8"><span class='ocrx_word' id='word_1_284' title='bbox 229 991 264 1018; x_wconf 90' lang='lat' dir='ltr'><strong>ad</strong></span> <span class='ocrx_word' id='word_1_285' title='bbox 276 998 346 1026; x_wconf 88' lang='lat' dir='ltr'><strong>quos</strong></span> <span class='ocrx_word' id='word_1_286' title='bbox 361 990 518 1026; x_wconf 82' lang='lat' dir='ltr'><strong>pertineant</strong></span> <span class='ocrx_word' id='word_1_287' title='bbox 534 990 576 1018; x_wconf 67' lang='lat' dir='ltr'><strong>hae</strong></span> <span class='ocrx_word' id='word_1_288' title='bbox 589 989 796 1026; x_wconf 80' lang='lat' dir='ltr'><strong>promissiones,</strong></span> <span class='ocrx_word' id='word_1_289' title='bbox 809 996 908 1023; x_wconf 84' lang='lat' dir='ltr'><strong>nempe</strong></span> <span class='ocrx_word' id='word_1_290' title='bbox 922 988 956 1015; x_wconf 85' lang='lat' dir='ltr'><strong>ad</strong></span> <span class='ocrx_word' id='word_1_291' title='bbox 972 995 1023 1014; x_wconf 87' lang='lat' dir='ltr'><strong>nos</strong></span> 
     </span>
    </p>
   </div>
   <div class='ocr_carea' id='block_1_39' title="bbox 1079 982 1859 1026">
    <p class='ocr_par' dir='ltr' id='par_1_39' title="bbox 1079 982 1859 1024">
     <span class='ocr_line' id='line_1_39' title="bbox 1079 982 1859 1024; baseline 0.006 -13"><span class='ocrx_word' id='word_1_292' title='bbox 1079 982 1142 1018; x_wconf 68' lang='lat' dir='ltr'><strong>rrpr</strong></span> <span class='ocrx_word' id='word_1_293' title='bbox 1158 984 1232 1020; x_wconf 79' lang='grc' dir='ltr'>ἡμᾶς</span> <span class='ocrx_word' id='word_1_294' title='bbox 1244 992 1252 1000; x_wconf 91' lang='grc'>·</span> <span class='ocrx_word' id='word_1_295' title='bbox 1278 986 1403 1022; x_wconf 81' lang='grc' dir='ltr'>ἐπιφέρει</span> <span class='ocrx_word' id='word_1_296' title='bbox 1433 987 1507 1023; x_wconf 85' lang='grc' dir='ltr'>γάρ·</span> <span class='ocrx_word' id='word_1_297' title='bbox 1531 988 1644 1022; x_wconf 81' lang='grc' dir='ltr'>Ταύτας</span> <span class='ocrx_word' id='word_1_298' title='bbox 1671 984 1729 1016; x_wconf 81' lang='grc' dir='ltr'><strong>οὖν</strong></span> <span class='ocrx_word' id='word_1_299' title='bbox 1741 989 1859 1024; x_wconf 81' lang='grc' dir='ltr'>ἔχοντες</span> 
     </span>
    </p>
   </div>
   <div class='ocr_carea' id='block_1_40' title="bbox 230 1029 1025 1072">
    <p class='ocr_par' dir='ltr' id='par_1_40' title="bbox 230 1033 1022 1072">
     <span class='ocr_line' id='line_1_40' title="bbox 230 1033 1022 1072; baseline -0.006 -8"><span class='ocrx_word' id='word_1_300' title='bbox 230 1045 279 1072; x_wconf 87' lang='lat' dir='ltr'><strong>per</strong></span> <span class='ocrx_word' id='word_1_301' title='bbox 287 1041 390 1072; x_wconf 79' lang='lat' dir='ltr'><strong>patres.</strong></span> <span class='ocrx_word' id='word_1_302' title='bbox 407 1036 553 1072; x_wconf 79' lang='lat' dir='ltr'><strong>Subjungit</strong></span> <span class='ocrx_word' id='word_1_303' title='bbox 564 1036 638 1064; x_wconf 88' lang='lat' dir='ltr'><strong>enim</strong></span> <span class='ocrx_word' id='word_1_304' title='bbox 651 1045 658 1064; x_wconf 85' lang='lat'><strong>:</strong></span> <span class='ocrx_word' id='word_1_305' title='bbox 669 1036 731 1064; x_wconf 67' lang='lat' dir='ltr'><strong>Haec</strong></span> <span class='ocrx_word' id='word_1_306' title='bbox 741 1037 822 1071; x_wconf 81' lang='lat' dir='ltr'><strong>igitur</strong></span> <span class='ocrx_word' id='word_1_307' title='bbox 833 1034 962 1070; x_wconf 72' lang='lat' dir='ltr'><strong>promissa</strong></span> <span class='ocrx_word' id='word_1_308' title='bbox 973 1033 1022 1060; x_wconf 86' lang='grc' dir='ltr'>Ιιιι-</span> 
     </span>
    </p>
   </div>
   <div class='ocr_carea' id='block_1_41' title="bbox 1079 1029 1858 1072">
    <p class='ocr_par' dir='ltr' id='par_1_41' title="bbox 1079 1029 1858 1071">
     <span class='ocr_line' id='line_1_41' title="bbox 1079 1029 1858 1071; baseline 0.01 -15"><span class='ocrx_word' id='word_1_309' title='bbox 1079 1029 1126 1063; x_wconf 77' lang='grc' dir='ltr'><strong>τὰς</strong></span> <span class='ocrx_word' id='word_1_310' title='bbox 1136 1031 1328 1067; x_wconf 74' lang='grc' dir='ltr'>ἐπαγγελίας,</span> <span class='ocrx_word' id='word_1_311' title='bbox 1342 1033 1502 1069; x_wconf 77' lang='grc' dir='ltr'>ἀγαπητοὶ,</span> <span class='ocrx_word' id='word_1_312' title='bbox 1518 1034 1727 1071; x_wconf 80' lang='grc' dir='ltr'><strong>καθαρίσωμεν</strong></span> <span class='ocrx_word' id='word_1_313' title='bbox 1737 1033 1858 1070; x_wconf 75' lang='grc' dir='ltr'>ἑαυτοὺς</span> 
     </span>
    </p>
   </div>
   <div class='ocr_carea' id='block_1_42' title="bbox 229 1076 1025 1118">
    <p class='ocr_par' dir='ltr' id='par_1_42' title="bbox 229 1081 1024 1118">
     <span class='ocr_line' id='line_1_42' title="bbox 229 1081 1024 1118; baseline -0.004 -8"><span class='ocrx_word' id='word_1_314' title='bbox 229 1086 326 1117; x_wconf 65' lang='lat' dir='ltr'><strong>Dentes,</strong></span> <span class='ocrx_word' id='word_1_315' title='bbox 343 1083 441 1116; x_wconf 77' lang='lat' dir='ltr'><strong>dilecti,</strong></span> <span class='ocrx_word' id='word_1_316' title='bbox 453 1083 620 1118; x_wconf 67' lang='lat' dir='ltr'><strong>puri/iremus</strong></span> <span class='ocrx_word' id='word_1_317' title='bbox 632 1091 677 1110; x_wconf 77' lang='lat' dir='ltr'><strong>nos</strong></span> <span class='ocrx_word' id='word_1_318' title='bbox 702 1083 772 1117; x_wconf 75' lang='lat' dir='ltr'><strong>ipsos</strong></span> <span class='ocrx_word' id='word_1_319' title='bbox 791 1081 825 1108; x_wconf 85' lang='lat' dir='ltr'><strong>ab</strong></span> <span class='ocrx_word' id='word_1_320' title='bbox 836 1081 955 1108; x_wconf 76' lang='lat' dir='ltr'><strong>omnibus</strong></span> <span class='ocrx_word' id='word_1_321' title='bbox 969 1088 1024 1107; x_wconf 75' lang='lat' dir='ltr'><strong>sor-</strong></span> 
     </span>
    </p>
   </div>
   <div class='ocr_carea' id='block_1_43' title="bbox 1079 1076 1857 1118">
    <p class='ocr_par' dir='ltr' id='par_1_43' title="bbox 1079 1076 1857 1117">
     <span class='ocr_line' id='line_1_43' title="bbox 1079 1076 1857 1117; baseline 0.009 -14"><span class='ocrx_word' id='word_1_322' title='bbox 1079 1076 1132 1103; x_wconf 78' lang='grc' dir='ltr'><strong>ὶπὸ</strong></span> <span class='ocrx_word' id='word_1_323' title='bbox 1149 1078 1265 1112; x_wconf 79' lang='grc' dir='ltr'>παντὸς</span> <span class='ocrx_word' id='word_1_324' title='bbox 1278 1081 1441 1115; x_wconf 79' lang='grc' dir='ltr'><strong>μολυσμοῦ</strong></span> <span class='ocrx_word' id='word_1_325' title='bbox 1462 1082 1576 1115; x_wconf 80' lang='grc' dir='ltr'>σαρκὸς</span> <span class='ocrx_word' id='word_1_326' title='bbox 1597 1081 1648 1108; x_wconf 72' lang='grc' dir='ltr'>καὶ</span> <span class='ocrx_word' id='word_1_327' title='bbox 1673 1083 1857 1117; x_wconf 80' lang='grc' dir='ltr'>πνεύματος,</span> 
     </span>
    </p>
   </div>
   <div class='ocr_carea' id='block_1_44' title="bbox 229 1121 1025 1165">
    <p class='ocr_par' dir='ltr' id='par_1_44' title="bbox 229 1128 1022 1165">
     <span class='ocr_line' id='line_1_44' title="bbox 229 1128 1022 1165; baseline -0.004 -8"><span class='ocrx_word' id='word_1_328' title='bbox 229 1130 304 1157; x_wconf 80' lang='lat' dir='ltr'><strong>dibus</strong></span> <span class='ocrx_word' id='word_1_329' title='bbox 320 1131 408 1157; x_wconf 78' lang='lat' dir='ltr'><strong>carnis</strong></span> <span class='ocrx_word' id='word_1_330' title='bbox 425 1135 450 1157; x_wconf 80' lang='lat' dir='ltr'><strong>et</strong></span> <span class='ocrx_word' id='word_1_331' title='bbox 476 1130 594 1165; x_wconf 76' lang='lat' dir='ltr'><strong>spiritus,</strong></span> <span class='ocrx_word' id='word_1_332' title='bbox 612 1129 774 1164; x_wconf 74' lang='lat' dir='ltr'><strong>perﬁcientes</strong></span> <span class='ocrx_word' id='word_1_333' title='bbox 785 1128 1022 1162; x_wconf 75' lang='lat' dir='ltr'><strong>aancliﬁcationem</strong></span> 
     </span>
    </p>
   </div>
   <div class='ocr_carea' id='block_1_45' title="bbox 1079 1121 1857 1165">
    <p class='ocr_par' dir='ltr' id='par_1_45' title="bbox 1079 1121 1857 1162">
     <span class='ocr_line' id='line_1_45' title="bbox 1079 1121 1857 1162; baseline 0.009 -14"><span class='ocrx_word' id='word_1_334' title='bbox 1079 1121 1284 1158; x_wconf 62' lang='grc' dir='ltr'>ἐπιτελοῦντες</span> <span class='ocrx_word' id='word_1_335' title='bbox 1306 1125 1479 1161; x_wconf 72' lang='grc' dir='ltr'><strong>ἁγιωσύνην</strong></span> <span class='ocrx_word' id='word_1_336' title='bbox 1503 1126 1538 1154; x_wconf 76' lang='grc' dir='ltr'><strong>ἐν</strong></span> <span class='ocrx_word' id='word_1_337' title='bbox 1561 1128 1643 1162; x_wconf 71' lang='grc' dir='ltr'><strong>φόϐῳ</strong></span> <span class='ocrx_word' id='word_1_338' title='bbox 1666 1128 1751 1155; x_wconf 82' lang='grc' dir='ltr'>Θεοῦ.</span> <span class='ocrx_word' id='word_1_339' title='bbox 1780 1128 1857 1155; x_wconf 67' lang='grc' dir='ltr'>’Ὥστε</span> 
     </span>
    </p>
   </div>
   <div class='ocr_carea' id='block_1_46' title="bbox 228 1169 1025 1212">
    <p class='ocr_par' dir='ltr' id='par_1_46' title="bbox 228 1174 1021 1212">
     <span class='ocr_line' id='line_1_46' title="bbox 228 1174 1021 1212; baseline -0.003 -9"><span class='ocrx_word' id='word_1_340' title='bbox 228 1178 257 1204; x_wconf 88' lang='lat' dir='ltr'><strong>in</strong></span> <span class='ocrx_word' id='word_1_341' title='bbox 269 1177 361 1204; x_wconf 83' lang='lat' dir='ltr'><strong>timore</strong></span> <span class='ocrx_word' id='word_1_342' title='bbox 373 1177 421 1204; x_wconf 85' lang='lat' dir='ltr'><strong>Dei</strong></span> <span class='ocrx_word' id='word_1_343' title='bbox 442 1177 582 1212; x_wconf 81' lang='lat' dir='ltr'><strong>&quot;.llaque</strong></span> <span class='ocrx_word' id='word_1_344' title='bbox 609 1176 690 1204; x_wconf 89' lang='lat' dir='ltr'><strong>nobis</strong></span> <span class='ocrx_word' id='word_1_345' title='bbox 712 1175 771 1203; x_wconf 65' lang='lat' dir='ltr'><strong>haec</strong></span> <span class='ocrx_word' id='word_1_346' title='bbox 795 1175 928 1210; x_wconf 86' lang='lat' dir='ltr'><strong>promissa</strong></span> <span class='ocrx_word' id='word_1_347' title='bbox 950 1174 1021 1201; x_wconf 78' lang='lat' dir='ltr'><strong>facta</strong></span> 
     </span>
    </p>
   </div>
   <div class='ocr_carea' id='block_1_47' title="bbox 1079 1169 1858 1212">
    <p class='ocr_par' dir='ltr' id='par_1_47' title="bbox 1079 1169 1858 1210">
     <span class='ocr_line' id='line_1_47' title="bbox 1079 1169 1858 1210; baseline 0.009 -15"><span class='ocrx_word' id='word_1_348' title='bbox 1079 1169 1154 1204; x_wconf 66' lang='grc' dir='ltr'>ἡμεῖς</span> <span class='ocrx_word' id='word_1_349' title='bbox 1167 1170 1216 1206; x_wconf 81' lang='grc' dir='ltr'>μὲν</span> <span class='ocrx_word' id='word_1_350' title='bbox 1227 1171 1423 1207; x_wconf 80' lang='grc' dir='ltr'>ὲπηγγέλμεθα</span> <span class='ocrx_word' id='word_1_351' title='bbox 1437 1173 1535 1207; x_wconf 84' lang='grc' dir='ltr'>ταῦτα,</span> <span class='ocrx_word' id='word_1_352' title='bbox 1547 1173 1706 1210; x_wconf 78' lang='grc' dir='ltr'>ἀρξαμένης</span> <span class='ocrx_word' id='word_1_353' title='bbox 1716 1173 1765 1210; x_wconf 84' lang='grc' dir='ltr'>τῆς</span> <span class='ocrx_word' id='word_1_354' title='bbox 1776 1176 1858 1209; x_wconf 75' lang='grc' dir='ltr'>ἑπαγ-</span> 
     </span>
    </p>
   </div>
   <div class='ocr_carea' id='block_1_48' title="bbox 229 1215 1025 1258">
    <p class='ocr_par' dir='ltr' id='par_1_48' title="bbox 229 1219 1021 1258">
     <span class='ocr_line' id='line_1_48' title="bbox 229 1219 1021 1258; baseline -0.004 -9"><span class='ocrx_word' id='word_1_355' title='bbox 229 1226 304 1255; x_wconf 85' lang='lat' dir='ltr'><strong>sunt,</strong></span> <span class='ocrx_word' id='word_1_356' title='bbox 322 1221 400 1249; x_wconf 90' lang='lat' dir='ltr'><strong>initio</strong></span> <span class='ocrx_word' id='word_1_357' title='bbox 413 1221 486 1249; x_wconf 81' lang='lat' dir='ltr'><strong>facto</strong></span> <span class='ocrx_word' id='word_1_358' title='bbox 514 1229 529 1249; x_wconf 88' lang='lat' dir='ltr'><strong>a</strong></span> <span class='ocrx_word' id='word_1_359' title='bbox 549 1221 683 1258; x_wconf 84' lang='lat' dir='ltr'><strong>patribus.</strong></span> <span class='ocrx_word' id='word_1_360' title='bbox 699 1220 732 1248; x_wconf 86' lang='lat' dir='ltr'><strong>Et</strong></span> <span class='ocrx_word' id='word_1_361' title='bbox 756 1220 836 1255; x_wconf 88' lang='lat' dir='ltr'><strong>cujus</strong></span> <span class='ocrx_word' id='word_1_362' title='bbox 847 1220 895 1247; x_wconf 79' lang='lat' dir='ltr'><strong>Dei</strong></span> <span class='ocrx_word' id='word_1_363' title='bbox 920 1219 965 1246; x_wconf 89' lang='lat' dir='ltr'><strong>ille</strong></span> <span class='ocrx_word' id='word_1_364' title='bbox 979 1223 1021 1246; x_wconf 88' lang='lat' dir='ltr'><strong>est</strong></span> 
     </span>
    </p>
   </div>
   <div class='ocr_carea' id='block_1_49' title="bbox 1079 1215 1858 1258">
    <p class='ocr_par' dir='ltr' id='par_1_49' title="bbox 1079 1215 1858 1255">
     <span class='ocr_line' id='line_1_49' title="bbox 1079 1215 1858 1255; baseline 0.008 -14"><span class='ocrx_word' id='word_1_365' title='bbox 1079 1215 1165 1248; x_wconf 71' lang='grc' dir='ltr'>τελίας</span> <span class='ocrx_word' id='word_1_366' title='bbox 1180 1216 1236 1243; x_wconf 78' lang='grc' dir='ltr'>ἀπὸ</span> <span class='ocrx_word' id='word_1_367' title='bbox 1249 1217 1304 1245; x_wconf 84' lang='grc' dir='ltr'>τῶν</span> <span class='ocrx_word' id='word_1_368' title='bbox 1319 1218 1458 1254; x_wconf 83' lang='grc' dir='ltr'>πατέρων.</span> <span class='ocrx_word' id='word_1_369' title='bbox 1473 1220 1529 1246; x_wconf 82' lang='grc' dir='ltr'><strong>Καὶ</strong></span> <span class='ocrx_word' id='word_1_370' title='bbox 1545 1216 1631 1255; x_wconf 76' lang='grc' dir='ltr'>οὗπερ</span> <span class='ocrx_word' id='word_1_371' title='bbox 1648 1221 1752 1252; x_wconf 77' lang='grc' dir='ltr'>ἐκεῖνος</span> <span class='ocrx_word' id='word_1_372' title='bbox 1764 1220 1778 1246; x_wconf 86' lang='grc' dir='ltr'><strong>ό</strong></span> <span class='ocrx_word' id='word_1_373' title='bbox 1796 1217 1858 1252; x_wconf 76' lang='grc' dir='ltr'>λαὸς</span> 
     </span>
    </p>
   </div>
   <div class='ocr_carea' id='block_1_50' title="bbox 227 1260 1025 1304">
    <p class='ocr_par' dir='ltr' id='par_1_50' title="bbox 227 1266 1020 1304">
     <span class='ocr_line' id='line_1_50' title="bbox 227 1266 1020 1304; baseline -0.003 -9"><span class='ocrx_word' id='word_1_374' title='bbox 227 1267 359 1304; x_wconf 88' lang='lat' dir='ltr'><strong>populus,</strong></span> <span class='ocrx_word' id='word_1_375' title='bbox 376 1267 499 1303; x_wconf 83' lang='lat' dir='ltr'><strong>ejusdem</strong></span> <span class='ocrx_word' id='word_1_376' title='bbox 512 1275 607 1295; x_wconf 86' lang='lat' dir='ltr'><strong>sumus</strong></span> <span class='ocrx_word' id='word_1_377' title='bbox 622 1271 649 1294; x_wconf 85' lang='lat' dir='ltr'><strong>et</strong></span> <span class='ocrx_word' id='word_1_378' title='bbox 662 1275 733 1295; x_wconf 91' lang='lat' dir='ltr'><strong>nos:</strong></span> <span class='ocrx_word' id='word_1_379' title='bbox 759 1271 787 1294; x_wconf 89' lang='lat' dir='ltr'><strong>et</strong></span> <span class='ocrx_word' id='word_1_380' title='bbox 802 1267 874 1294; x_wconf 88' lang='lat' dir='ltr'><strong>sicut</strong></span> <span class='ocrx_word' id='word_1_381' title='bbox 895 1266 1020 1294; x_wconf 84' lang='lat' dir='ltr'><strong>homines</strong></span> 
     </span>
    </p>
   </div>
   <div class='ocr_carea' id='block_1_51' title="bbox 1079 1260 1858 1304">
    <p class='ocr_par' dir='ltr' id='par_1_51' title="bbox 1079 1260 1858 1301">
     <span class='ocr_line' id='line_1_51' title="bbox 1079 1260 1858 1301; baseline 0.008 -14"><span class='ocrx_word' id='word_1_382' title='bbox 1079 1260 1149 1295; x_wconf 66' lang='grc' dir='ltr'>ὒεοῦ,</span> <span class='ocrx_word' id='word_1_383' title='bbox 1160 1262 1207 1289; x_wconf 78' lang='grc' dir='ltr'><strong>τοῦ</strong></span> <span class='ocrx_word' id='word_1_384' title='bbox 1221 1262 1304 1290; x_wconf 83' lang='grc' dir='ltr'>αὑτοῦ</span> <span class='ocrx_word' id='word_1_385' title='bbox 1316 1263 1363 1290; x_wconf 72' lang='grc' dir='ltr'><strong>καὶ</strong></span> <span class='ocrx_word' id='word_1_386' title='bbox 1374 1265 1455 1299; x_wconf 82' lang='grc' dir='ltr'>ἡμεῖς</span> <span class='ocrx_word' id='word_1_387' title='bbox 1464 1273 1471 1280; x_wconf 93' lang='grc'><strong>·</strong></span> <span class='ocrx_word' id='word_1_388' title='bbox 1485 1265 1532 1292; x_wconf 73' lang='grc' dir='ltr'>καὶ</span> <span class='ocrx_word' id='word_1_389' title='bbox 1544 1265 1582 1297; x_wconf 86' lang='grc' dir='ltr'><strong>ὡς</strong></span> <span class='ocrx_word' id='word_1_390' title='bbox 1597 1265 1651 1292; x_wconf 85' lang='grc' dir='ltr'><strong>τῶν</strong></span> <span class='ocrx_word' id='word_1_391' title='bbox 1665 1266 1695 1292; x_wconf 84' lang='grc' dir='ltr'>ἐν</span> <span class='ocrx_word' id='word_1_392' title='bbox 1709 1267 1742 1301; x_wconf 83' lang='grc' dir='ltr'>τῇ</span> <span class='ocrx_word' id='word_1_393' title='bbox 1755 1265 1858 1301; x_wconf 78' lang='grc' dir='ltr'>Παλαιᾷ</span> 
     </span>
    </p>
   </div>
   <div class='ocr_carea' id='block_1_52' title="bbox 228 1308 1025 1350">
    <p class='ocr_par' dir='ltr' id='par_1_52' title="bbox 228 1312 1018 1350">
     <span class='ocr_line' id='line_1_52' title="bbox 228 1312 1018 1350; baseline -0.004 -8"><span class='ocrx_word' id='word_1_394' title='bbox 228 1315 290 1350; x_wconf 88' lang='lat' dir='ltr'><strong>puri</strong></span> <span class='ocrx_word' id='word_1_395' title='bbox 305 1314 428 1349; x_wconf 83' lang='lat' dir='ltr'><strong>castique</strong></span> <span class='ocrx_word' id='word_1_396' title='bbox 446 1313 549 1342; x_wconf 88' lang='lat' dir='ltr'><strong>veteris</strong></span> <span class='ocrx_word' id='word_1_397' title='bbox 562 1314 716 1341; x_wconf 85' lang='lat' dir='ltr'><strong>testamenti</strong></span> <span class='ocrx_word' id='word_1_398' title='bbox 738 1313 867 1348; x_wconf 89' lang='lat' dir='ltr'><strong>templum</strong></span> <span class='ocrx_word' id='word_1_399' title='bbox 879 1316 944 1340; x_wconf 83' lang='lat' dir='ltr'><strong>sunt</strong></span> <span class='ocrx_word' id='word_1_400' title='bbox 959 1312 1018 1345; x_wconf 89' lang='lat' dir='ltr'><strong>Dei,</strong></span> 
     </span>
    </p>
   </div>
   <div class='ocr_carea' id='block_1_53' title="bbox 1079 1308 1858 1350">
    <p class='ocr_par' dir='ltr' id='par_1_53' title="bbox 1079 1308 1858 1348">
     <span class='ocr_line' id='line_1_53' title="bbox 1079 1308 1858 1348; baseline 0.006 -14"><span class='ocrx_word' id='word_1_401' title='bbox 1079 1308 1095 1334; x_wconf 63' lang='lat' dir='ltr'><strong>tl</strong></span> <span class='ocrx_word' id='word_1_402' title='bbox 1110 1309 1229 1344; x_wconf 77' lang='grc' dir='ltr'>καθαροὶ</span> <span class='ocrx_word' id='word_1_403' title='bbox 1244 1309 1308 1342; x_wconf 78' lang='grc' dir='ltr'>ναὸς</span> <span class='ocrx_word' id='word_1_404' title='bbox 1323 1309 1370 1337; x_wconf 82' lang='grc' dir='ltr'><strong>τοῦ</strong></span> <span class='ocrx_word' id='word_1_405' title='bbox 1381 1310 1459 1343; x_wconf 82' lang='grc' dir='ltr'>Θεοῦ,</span> <span class='ocrx_word' id='word_1_406' title='bbox 1472 1311 1543 1338; x_wconf 79' lang='grc' dir='ltr'>οὕτω</span> <span class='ocrx_word' id='word_1_407' title='bbox 1556 1313 1603 1338; x_wconf 80' lang='grc' dir='ltr'>καὶ</span> <span class='ocrx_word' id='word_1_408' title='bbox 1617 1312 1642 1338; x_wconf 82' lang='grc' dir='ltr'>οἱ</span> <span class='ocrx_word' id='word_1_409' title='bbox 1656 1312 1684 1339; x_wconf 76' lang='grc' dir='ltr'>ἐν</span> <span class='ocrx_word' id='word_1_410' title='bbox 1698 1313 1731 1348; x_wconf 81' lang='grc' dir='ltr'><strong>τῇ</strong></span> <span class='ocrx_word' id='word_1_411' title='bbox 1742 1312 1797 1348; x_wconf 76' lang='grc' dir='ltr'>Νέᾳ</span> <span class='ocrx_word' id='word_1_412' title='bbox 1809 1321 1858 1339; x_wconf 86' lang='grc' dir='ltr'>κα-</span> 
     </span>
    </p>
   </div>
   <div class='ocr_carea' id='block_1_54' title="bbox 228 1353 1025 1394">
    <p class='ocr_par' dir='ltr' id='par_1_54' title="bbox 228 1357 1019 1394">
     <span class='ocr_line' id='line_1_54' title="bbox 228 1357 1019 1394; baseline -0.004 -7"><span class='ocrx_word' id='word_1_413' title='bbox 228 1360 265 1387; x_wconf 86' lang='lat' dir='ltr'><strong>ita</strong></span> <span class='ocrx_word' id='word_1_414' title='bbox 279 1367 386 1394; x_wconf 88' lang='lat' dir='ltr'><strong>quoque</strong></span> <span class='ocrx_word' id='word_1_415' title='bbox 400 1359 462 1394; x_wconf 86' lang='lat' dir='ltr'><strong>puri</strong></span> <span class='ocrx_word' id='word_1_416' title='bbox 476 1359 505 1386; x_wconf 91' lang='lat' dir='ltr'><strong>in</strong></span> <span class='ocrx_word' id='word_1_417' title='bbox 519 1367 591 1387; x_wconf 88' lang='lat' dir='ltr'><strong>novo</strong></span> <span class='ocrx_word' id='word_1_418' title='bbox 606 1363 770 1386; x_wconf 85' lang='lat' dir='ltr'><strong>testamento</strong></span> <span class='ocrx_word' id='word_1_419' title='bbox 794 1358 924 1393; x_wconf 84' lang='lat' dir='ltr'><strong>templum</strong></span> <span class='ocrx_word' id='word_1_420' title='bbox 945 1357 1019 1392; x_wconf 85' lang='lat' dir='ltr'><strong>ejus-</strong></span> 
     </span>
    </p>
   </div>
   <div class='ocr_carea' id='block_1_55' title="bbox 1079 1353 1858 1394">
    <p class='ocr_par' dir='ltr' id='par_1_55' title="bbox 1079 1354 1858 1393">
     <span class='ocr_line' id='line_1_55' title="bbox 1079 1354 1858 1393; baseline 0.006 -13"><span class='ocrx_word' id='word_1_421' title='bbox 1079 1354 1149 1389; x_wconf 77' lang='lat' dir='ltr'><strong>Iapol.</strong></span> <span class='ocrx_word' id='word_1_422' title='bbox 1164 1355 1225 1386; x_wconf 78' lang='grc' dir='ltr'>ναὸς</span> <span class='ocrx_word' id='word_1_423' title='bbox 1238 1354 1286 1382; x_wconf 87' lang='grc' dir='ltr'><strong>τοῦ</strong></span> <span class='ocrx_word' id='word_1_424' title='bbox 1300 1355 1383 1383; x_wconf 85' lang='grc' dir='ltr'>αὐτοῦ</span> <span class='ocrx_word' id='word_1_425' title='bbox 1399 1356 1479 1384; x_wconf 86' lang='grc' dir='ltr'>Θεοῦ.</span> <span class='ocrx_word' id='word_1_426' title='bbox 1496 1357 1618 1393; x_wconf 77' lang='grc' dir='ltr'>κτίστην</span> <span class='ocrx_word' id='word_1_427' title='bbox 1631 1357 1660 1385; x_wconf 77' lang='grc' dir='ltr'><strong>δὲ</strong></span> <span class='ocrx_word' id='word_1_428' title='bbox 1678 1357 1788 1386; x_wconf 83' lang='grc' dir='ltr'>πάντων</span> <span class='ocrx_word' id='word_1_429' title='bbox 1806 1358 1858 1385; x_wconf 79' lang='grc' dir='ltr'>πά-</span> 
     </span>
    </p>
   </div>
   <div class='ocr_carea' id='block_1_56' title="bbox 228 1399 1025 1440">
    <p class='ocr_par' dir='ltr' id='par_1_56' title="bbox 228 1405 1020 1433">
     <span class='ocr_line' id='line_1_56' title="bbox 228 1405 1020 1433; baseline -0.003 0"><span class='ocrx_word' id='word_1_430' title='bbox 228 1406 290 1433; x_wconf 89' lang='lat' dir='ltr'><strong>dem</strong></span> <span class='ocrx_word' id='word_1_431' title='bbox 314 1406 360 1432; x_wconf 87' lang='lat' dir='ltr'><strong>Dei</strong></span> <span class='ocrx_word' id='word_1_432' title='bbox 376 1410 451 1433; x_wconf 87' lang='lat' dir='ltr'><strong>sunt.</strong></span> <span class='ocrx_word' id='word_1_433' title='bbox 466 1405 534 1432; x_wconf 89' lang='lat' dir='ltr'><strong>Dum</strong></span> <span class='ocrx_word' id='word_1_434' title='bbox 562 1411 654 1432; x_wconf 86' lang='lat' dir='ltr'><strong>autem</strong></span> <span class='ocrx_word' id='word_1_435' title='bbox 686 1413 748 1432; x_wconf 92' lang='lat' dir='ltr'><strong>eum</strong></span> <span class='ocrx_word' id='word_1_436' title='bbox 765 1405 937 1432; x_wconf 83' lang='lat' dir='ltr'><strong>conditorem</strong></span> <span class='ocrx_word' id='word_1_437' title='bbox 959 1412 1020 1431; x_wconf 92' lang='lat' dir='ltr'><strong>0m-</strong></span> 
     </span>
    </p>
   </div>
   <div class='ocr_carea' id='block_1_57' title="bbox 1079 1399 1858 1440">
    <p class='ocr_par' dir='ltr' id='par_1_57' title="bbox 1079 1400 1858 1440">
     <span class='ocr_line' id='line_1_57' title="bbox 1079 1400 1858 1440; baseline 0.005 -14"><span class='ocrx_word' id='word_1_438' title='bbox 1079 1408 1111 1426; x_wconf 84' lang='lat' dir='ltr'><strong>.tv</strong></span> <span class='ocrx_word' id='word_1_439' title='bbox 1123 1400 1275 1433; x_wconf 81' lang='grc' dir='ltr'>πολλὰκιςὸ</span> <span class='ocrx_word' id='word_1_440' title='bbox 1286 1402 1368 1434; x_wconf 83' lang='grc' dir='ltr'>αὐτὸς</span> <span class='ocrx_word' id='word_1_441' title='bbox 1379 1402 1430 1437; x_wconf 78' lang='grc' dir='ltr'>τῆς</span> <span class='ocrx_word' id='word_1_442' title='bbox 1443 1403 1572 1438; x_wconf 82' lang='grc' dir='ltr'>ἀληθείας</span> <span class='ocrx_word' id='word_1_443' title='bbox 1583 1403 1750 1438; x_wconf 84' lang='grc' dir='ltr'>διαγγέλλων</span> <span class='ocrx_word' id='word_1_444' title='bbox 1761 1404 1858 1440; x_wconf 74' lang='grc' dir='ltr'>κῆρυξ,</span> 
     </span>
    </p>
   </div>
   <div class='ocr_carea' id='block_1_58' title="bbox 229 1447 1025 1486">
    <p class='ocr_par' dir='ltr' id='par_1_58' title="bbox 229 1450 1018 1486">
     <span class='ocr_line' id='line_1_58' title="bbox 229 1450 1018 1486; baseline -0.001 -8"><span class='ocrx_word' id='word_1_445' title='bbox 229 1451 305 1478; x_wconf 92' lang='lat' dir='ltr'><strong>nium</strong></span> <span class='ocrx_word' id='word_1_446' title='bbox 319 1451 390 1478; x_wconf 92' lang='lat' dir='ltr'><strong>idem</strong></span> <span class='ocrx_word' id='word_1_447' title='bbox 406 1450 528 1479; x_wconf 85' lang='lat' dir='ltr'><strong>veritatis</strong></span> <span class='ocrx_word' id='word_1_448' title='bbox 541 1459 629 1486; x_wconf 65' lang='lat' dir='ltr'><strong>praeco</strong></span> <span class='ocrx_word' id='word_1_449' title='bbox 653 1451 804 1486; x_wconf 51' lang='lat' dir='ltr'><strong>saspissime</strong></span> <span class='ocrx_word' id='word_1_450' title='bbox 816 1450 945 1486; x_wconf 82' lang='lat' dir='ltr'><strong>appellat,</strong></span> <span class='ocrx_word' id='word_1_451' title='bbox 961 1458 1018 1477; x_wconf 88' lang='lat' dir='ltr'><strong>non</strong></span> 
     </span>
    </p>
   </div>
   <div class='ocr_carea' id='block_1_59' title="bbox 1079 1447 1860 1486">
    <p class='ocr_par' dir='ltr' id='par_1_59' title="bbox 1079 1447 1860 1486">
     <span class='ocr_line' id='line_1_59' title="bbox 1079 1447 1860 1486; baseline 0.006 -13"><span class='ocrx_word' id='word_1_452' title='bbox 1079 1447 1116 1474; x_wconf 80' lang='lat' dir='ltr'><strong>:6v</strong></span> <span class='ocrx_word' id='word_1_453' title='bbox 1130 1455 1160 1474; x_wconf 85' lang='grc' dir='ltr'><strong>τε</strong></span> <span class='ocrx_word' id='word_1_454' title='bbox 1174 1447 1285 1483; x_wconf 82' lang='grc' dir='ltr'>Πατέρα</span> <span class='ocrx_word' id='word_1_455' title='bbox 1293 1448 1341 1475; x_wconf 88' lang='grc' dir='ltr'><strong>τοῦ</strong></span> <span class='ocrx_word' id='word_1_456' title='bbox 1357 1449 1460 1484; x_wconf 84' lang='grc' dir='ltr'>Κυρίου</span> <span class='ocrx_word' id='word_1_457' title='bbox 1469 1449 1548 1484; x_wconf 83' lang='grc' dir='ltr'>ἡμῶν</span> <span class='ocrx_word' id='word_1_458' title='bbox 1565 1449 1653 1485; x_wconf 80' lang='grc' dir='ltr'>Ἰησοῦ</span> <span class='ocrx_word' id='word_1_459' title='bbox 1667 1450 1796 1486; x_wconf 78' lang='grc' dir='ltr'>Χριστοῦ,</span> <span class='ocrx_word' id='word_1_460' title='bbox 1811 1451 1860 1478; x_wconf 75' lang='grc' dir='ltr'>καὶ</span> 
     </span>
    </p>
   </div>
   <div class='ocr_carea' id='block_1_60' title="bbox 229 1492 1025 1533">
    <p class='ocr_par' dir='ltr' id='par_1_60' title="bbox 229 1496 1016 1533">
     <span class='ocr_line' id='line_1_60' title="bbox 229 1496 1016 1533; baseline 0 -9"><span class='ocrx_word' id='word_1_461' title='bbox 229 1498 319 1525; x_wconf 87' lang='lat' dir='ltr'><strong>minus</strong></span> <span class='ocrx_word' id='word_1_462' title='bbox 342 1498 453 1525; x_wconf 89' lang='lat' dir='ltr'><strong>Patrem</strong></span> <span class='ocrx_word' id='word_1_463' title='bbox 477 1497 586 1525; x_wconf 89' lang='lat' dir='ltr'><strong>Domini</strong></span> <span class='ocrx_word' id='word_1_464' title='bbox 611 1498 697 1526; x_wconf 87' lang='lat' dir='ltr'><strong>nostri</strong></span> <span class='ocrx_word' id='word_1_465' title='bbox 724 1498 789 1525; x_wconf 86' lang='lat' dir='ltr'><strong>Jesu</strong></span> <span class='ocrx_word' id='word_1_466' title='bbox 807 1496 920 1531; x_wconf 87' lang='lat' dir='ltr'><strong>Christi,</strong></span> <span class='ocrx_word' id='word_1_467' title='bbox 935 1504 1016 1533; x_wconf 86' lang='lat' dir='ltr'><strong>quam</strong></span> 
     </span>
    </p>
   </div>
   <div class='ocr_carea' id='block_1_61' title="bbox 1079 1492 1860 1533">
    <p class='ocr_par' dir='ltr' id='par_1_61' title="bbox 1079 1492 1860 1532">
     <span class='ocr_line' id='line_1_61' title="bbox 1079 1492 1860 1532; baseline 0.008 -13"><span class='ocrx_word' id='word_1_468' title='bbox 1079 1492 1152 1520; x_wconf 83' lang='grc' dir='ltr'>ιὺτδν</span> <span class='ocrx_word' id='word_1_469' title='bbox 1170 1493 1215 1521; x_wconf 77' lang='grc' dir='ltr'><strong>τὸν</strong></span> <span class='ocrx_word' id='word_1_470' title='bbox 1230 1493 1358 1529; x_wconf 78' lang='grc' dir='ltr'>ἀληθινὸν</span> <span class='ocrx_word' id='word_1_471' title='bbox 1376 1493 1459 1521; x_wconf 83' lang='grc' dir='ltr'><strong>αὐτοῦ</strong></span> <span class='ocrx_word' id='word_1_472' title='bbox 1479 1495 1544 1521; x_wconf 74' lang='grc' dir='ltr'><strong>Υξδν</strong></span> <span class='ocrx_word' id='word_1_473' title='bbox 1561 1495 1638 1523; x_wconf 83' lang='grc' dir='ltr'>οὐδὲν</span> <span class='ocrx_word' id='word_1_474' title='bbox 1655 1492 1738 1531; x_wconf 84' lang='grc' dir='ltr'>ἦττον</span> <span class='ocrx_word' id='word_1_475' title='bbox 1755 1505 1860 1532; x_wconf 85' lang='grc' dir='ltr'>καταγ-</span> 
     </span>
    </p>
   </div>
   <div class='ocr_carea' id='block_1_62' title="bbox 227 1532 1025 1580">
    <p class='ocr_par' dir='ltr' id='par_1_62' title="bbox 227 1543 1018 1579">
     <span class='ocr_line' id='line_1_62' title="bbox 227 1543 1018 1579; baseline 0 -7"><span class='ocrx_word' id='word_1_476' title='bbox 227 1551 323 1572; x_wconf 65' lang='lat' dir='ltr'><strong>verum</strong></span> <span class='ocrx_word' id='word_1_477' title='bbox 338 1543 398 1578; x_wconf 79' lang='lat' dir='ltr'><strong>eius</strong></span> <span class='ocrx_word' id='word_1_478' title='bbox 411 1543 509 1571; x_wconf 84' lang='lat' dir='ltr'><strong>Filium</strong></span> <span class='ocrx_word' id='word_1_479' title='bbox 531 1544 671 1579; x_wconf 65' lang='lat' dir='ltr'><strong>praedicat,</strong></span> <span class='ocrx_word' id='word_1_480' title='bbox 685 1545 712 1571; x_wconf 91' lang='lat' dir='ltr'><strong>in</strong></span> <span class='ocrx_word' id='word_1_481' title='bbox 727 1544 761 1572; x_wconf 87' lang='lat' dir='ltr'><strong>iis</strong></span> <span class='ocrx_word' id='word_1_482' title='bbox 780 1552 889 1579; x_wconf 90' lang='lat' dir='ltr'><strong>quoque</strong></span> <span class='ocrx_word' id='word_1_483' title='bbox 901 1544 979 1578; x_wconf 86' lang='lat' dir='ltr'><strong>locis,</strong></span> <span class='ocrx_word' id='word_1_484' title='bbox 991 1544 1018 1571; x_wconf 91' lang='lat' dir='ltr'><strong>in</strong></span> 
     </span>
    </p>
   </div>
   <div class='ocr_carea' id='block_1_63' title="bbox 1079 1532 1859 1580">
    <p class='ocr_par' dir='ltr' id='par_1_63' title="bbox 1079 1537 1859 1580">
     <span class='ocr_line' id='line_1_63' title="bbox 1079 1537 1859 1580; baseline 0.006 -14"><span class='ocrx_word' id='word_1_485' title='bbox 1079 1540 1169 1574; x_wconf 60' lang='grc' dir='ltr'>τέλλει,</span> <span class='ocrx_word' id='word_1_486' title='bbox 1182 1539 1230 1568; x_wconf 76' lang='grc' dir='ltr'><strong>καὶ</strong></span> <span class='ocrx_word' id='word_1_487' title='bbox 1241 1540 1270 1569; x_wconf 83' lang='grc' dir='ltr'>ὲν</span> <span class='ocrx_word' id='word_1_488' title='bbox 1284 1537 1325 1573; x_wconf 76' lang='grc' dir='ltr'>οἷς</span> <span class='ocrx_word' id='word_1_489' title='bbox 1337 1541 1416 1576; x_wconf 82' lang='grc' dir='ltr'>ὑμνεῖ</span> <span class='ocrx_word' id='word_1_490' title='bbox 1426 1541 1476 1577; x_wconf 84' lang='grc' dir='ltr'><strong>τὴν</strong></span> <span class='ocrx_word' id='word_1_491' title='bbox 1487 1542 1567 1578; x_wconf 86' lang='grc' dir='ltr'>χάριν</span> <span class='ocrx_word' id='word_1_492' title='bbox 1577 1543 1626 1579; x_wconf 85' lang='grc' dir='ltr'>τὴν</span> <span class='ocrx_word' id='word_1_493' title='bbox 1637 1542 1762 1571; x_wconf 84' lang='grc' dir='ltr'>δοθεῖσαν</span> <span class='ocrx_word' id='word_1_494' title='bbox 1772 1544 1859 1580; x_wconf 79' lang='grc' dir='ltr'>αὐτῷ,</span> 
     </span>
    </p>
   </div>
   <div class='ocr_carea' id='block_1_64' title="bbox 229 1585 1025 1627">
    <p class='ocr_par' dir='ltr' id='par_1_64' title="bbox 229 1589 1018 1627">
     <span class='ocr_line' id='line_1_64' title="bbox 229 1589 1018 1627; baseline 0.004 -11"><span class='ocrx_word' id='word_1_495' title='bbox 229 1590 332 1625; x_wconf 85' lang='lat' dir='ltr'><strong>quibus</strong></span> <span class='ocrx_word' id='word_1_496' title='bbox 346 1590 461 1624; x_wconf 75' lang='lat' dir='ltr'><strong>gratiam</strong></span> <span class='ocrx_word' id='word_1_497' title='bbox 490 1589 543 1617; x_wconf 86' lang='lat' dir='ltr'><strong>sibi</strong></span> <span class='ocrx_word' id='word_1_498' title='bbox 565 1590 667 1624; x_wconf 88' lang='lat' dir='ltr'><strong>datam,</strong></span> <span class='ocrx_word' id='word_1_499' title='bbox 684 1595 712 1618; x_wconf 90' lang='lat' dir='ltr'><strong>et</strong></span> <span class='ocrx_word' id='word_1_500' title='bbox 741 1591 797 1618; x_wconf 91' lang='lat' dir='ltr'><strong>vim</strong></span> <span class='ocrx_word' id='word_1_501' title='bbox 824 1591 947 1627; x_wconf 89' lang='lat' dir='ltr'><strong>mysterii</strong></span> <span class='ocrx_word' id='word_1_502' title='bbox 967 1590 1018 1619; x_wconf 84' lang='lat' dir='ltr'><strong>sibi</strong></span> 
     </span>
    </p>
   </div>
   <div class='ocr_carea' id='block_1_65' title="bbox 1079 1585 1859 1627">
    <p class='ocr_par' dir='ltr' id='par_1_65' title="bbox 1079 1585 1859 1625">
     <span class='ocr_line' id='line_1_65' title="bbox 1079 1585 1859 1625; baseline 0.006 -13"><span class='ocrx_word' id='word_1_503' title='bbox 1079 1586 1116 1613; x_wconf 65' lang='lat' dir='ltr'><strong>ea!</strong></span> <span class='ocrx_word' id='word_1_504' title='bbox 1140 1585 1187 1613; x_wconf 84' lang='grc' dir='ltr'><strong>τοῦ</strong></span> <span class='ocrx_word' id='word_1_505' title='bbox 1207 1586 1473 1618; x_wconf 79' lang='grc' dir='ltr'>καταπιστευθέντος</span> <span class='ocrx_word' id='word_1_506' title='bbox 1490 1589 1643 1624; x_wconf 78' lang='grc' dir='ltr'>μυστηρίου</span> <span class='ocrx_word' id='word_1_507' title='bbox 1666 1589 1716 1625; x_wconf 87' lang='grc' dir='ltr'>τὴν</span> <span class='ocrx_word' id='word_1_508' title='bbox 1732 1589 1859 1625; x_wconf 89' lang='grc' dir='ltr'>δύναμιν.</span> 
     </span>
    </p>
   </div>
   <div class='ocr_carea' id='block_1_66' title="bbox 230 1630 1025 1672">
    <p class='ocr_par' dir='ltr' id='par_1_66' title="bbox 230 1635 1018 1670">
     <span class='ocr_line' id='line_1_66' title="bbox 230 1635 1018 1670; baseline 0.004 -8"><span class='ocrx_word' id='word_1_509' title='bbox 230 1635 326 1663; x_wconf 86' lang='lat' dir='ltr'><strong>crediti</strong></span> <span class='ocrx_word' id='word_1_510' title='bbox 347 1636 477 1663; x_wconf 86' lang='lat' dir='ltr'><strong>celebrat.</strong></span> <span class='ocrx_word' id='word_1_511' title='bbox 503 1635 616 1664; x_wconf 85' lang='lat' dir='ltr'><strong>Monens</strong></span> <span class='ocrx_word' id='word_1_512' title='bbox 643 1637 728 1670; x_wconf 90' lang='lat' dir='ltr'><strong>enim,</strong></span> <span class='ocrx_word' id='word_1_513' title='bbox 742 1637 804 1670; x_wconf 89' lang='lat' dir='ltr'><strong>sibi,</strong></span> <span class='ocrx_word' id='word_1_514' title='bbox 824 1637 937 1665; x_wconf 88' lang='lat' dir='ltr'><strong>minimo</strong></span> <span class='ocrx_word' id='word_1_515' title='bbox 956 1645 1018 1665; x_wconf 92' lang='lat' dir='ltr'><strong>om-</strong></span> 
     </span>
    </p>
   </div>
   <div class='ocr_carea' id='block_1_67' title="bbox 1079 1630 1862 1672">
    <p class='ocr_par' dir='ltr' id='par_1_67' title="bbox 1079 1630 1862 1672">
     <span class='ocr_line' id='line_1_67' title="bbox 1079 1630 1862 1672; baseline 0.008 -15"><span class='ocrx_word' id='word_1_516' title='bbox 1079 1630 1162 1658; x_wconf 78' lang='grc' dir='ltr'>Ξίπὼν</span> <span class='ocrx_word' id='word_1_517' title='bbox 1168 1631 1232 1667; x_wconf 79' lang='grc' dir='ltr'>γὰρ,</span> <span class='ocrx_word' id='word_1_518' title='bbox 1241 1631 1280 1663; x_wconf 87' lang='grc' dir='ltr'>ὠς</span> <span class='ocrx_word' id='word_1_519' title='bbox 1291 1641 1300 1658; x_wconf 81' lang='grc' dir='ltr'><strong>ι</strong></span> <span class='ocrx_word' id='word_1_520' title='bbox 1309 1630 1389 1668; x_wconf 72' lang='grc' dir='ltr'>Ἐμοὶ</span> <span class='ocrx_word' id='word_1_521' title='bbox 1403 1632 1441 1669; x_wconf 87' lang='grc' dir='ltr'>τῷ</span> <span class='ocrx_word' id='word_1_522' title='bbox 1449 1633 1649 1670; x_wconf 78' lang='grc' dir='ltr'>ἐλαχιστοτέρῳ</span> <span class='ocrx_word' id='word_1_523' title='bbox 1660 1634 1770 1662; x_wconf 86' lang='grc' dir='ltr'>πάντων</span> <span class='ocrx_word' id='word_1_524' title='bbox 1780 1635 1862 1672; x_wconf 72' lang='grc' dir='ltr'><strong>ἐδόθη</strong></span> 
     </span>
    </p>
   </div>
   <div class='ocr_carea' id='block_1_68' title="bbox 229 1676 1025 1719">
    <p class='ocr_par' dir='ltr' id='par_1_68' title="bbox 229 1681 1018 1719">
     <span class='ocr_line' id='line_1_68' title="bbox 229 1681 1018 1719; baseline 0.004 -11"><span class='ocrx_word' id='word_1_525' title='bbox 229 1681 317 1714; x_wconf 89' lang='lat' dir='ltr'><strong>nium,</strong></span> <span class='ocrx_word' id='word_1_526' title='bbox 344 1681 436 1708; x_wconf 90' lang='lat' dir='ltr'><strong>datam</strong></span> <span class='ocrx_word' id='word_1_527' title='bbox 451 1689 512 1709; x_wconf 87' lang='lat' dir='ltr'><strong>esse</strong></span> <span class='ocrx_word' id='word_1_528' title='bbox 532 1682 644 1717; x_wconf 76' lang='lat' dir='ltr'><strong>gratiam</strong></span> <span class='ocrx_word' id='word_1_529' title='bbox 667 1683 849 1711; x_wconf 85' lang='lat' dir='ltr'><strong>annuntiandi</strong></span> <span class='ocrx_word' id='word_1_530' title='bbox 869 1683 1018 1719; x_wconf 79' lang='lat' dir='ltr'><strong>gentilibus</strong></span> 
     </span>
    </p>
   </div>
   <div class='ocr_carea' id='block_1_69' title="bbox 1079 1676 1862 1719">
    <p class='ocr_par' dir='ltr' id='par_1_69' title="bbox 1079 1676 1862 1715">
     <span class='ocr_line' id='line_1_69' title="bbox 1079 1676 1862 1715; baseline 0.008 -12"><span class='ocrx_word' id='word_1_531' title='bbox 1079 1678 1084 1713; x_wconf 52' lang='grc' dir='ltr'>ὴ</span> <span class='ocrx_word' id='word_1_532' title='bbox 1105 1677 1186 1712; x_wconf 83' lang='grc' dir='ltr'>χάρις</span> <span class='ocrx_word' id='word_1_533' title='bbox 1208 1676 1278 1712; x_wconf 79' lang='grc' dir='ltr'>αὕτη</span> <span class='ocrx_word' id='word_1_534' title='bbox 1305 1678 1336 1705; x_wconf 84' lang='grc' dir='ltr'>ὲν</span> <span class='ocrx_word' id='word_1_535' title='bbox 1353 1679 1410 1710; x_wconf 83' lang='grc' dir='ltr'>τοῖς</span> <span class='ocrx_word' id='word_1_536' title='bbox 1432 1678 1538 1706; x_wconf 72' lang='grc' dir='ltr'>ἔθνεσιν</span> <span class='ocrx_word' id='word_1_537' title='bbox 1558 1680 1790 1715; x_wconf 75' lang='grc' dir='ltr'>εὐαγγελίσασθαι</span> <span class='ocrx_word' id='word_1_538' title='bbox 1813 1681 1862 1709; x_wconf 73' lang='grc' dir='ltr'><strong>τὸν</strong></span> 
     </span>
    </p>
   </div>
   <div class='ocr_carea' id='block_1_70' title="bbox 228 1723 1025 1763">
    <p class='ocr_par' dir='ltr' id='par_1_70' title="bbox 228 1726 1016 1763">
     <span class='ocr_line' id='line_1_70' title="bbox 228 1726 1016 1763; baseline 0.003 -9"><span class='ocrx_word' id='word_1_539' title='bbox 228 1726 338 1754; x_wconf 85' lang='lat' dir='ltr'><strong>divitias</strong></span> <span class='ocrx_word' id='word_1_540' title='bbox 355 1726 606 1761; x_wconf 87' lang='lat' dir='ltr'><strong>imperscrutabiles</strong></span> <span class='ocrx_word' id='word_1_541' title='bbox 621 1727 732 1761; x_wconf 86' lang='lat' dir='ltr'><strong>Christi,</strong></span> <span class='ocrx_word' id='word_1_542' title='bbox 742 1733 769 1756; x_wconf 84' lang='lat' dir='ltr'><strong>et</strong></span> <span class='ocrx_word' id='word_1_543' title='bbox 784 1728 901 1756; x_wconf 89' lang='lat' dir='ltr'><strong>docendi</strong></span> <span class='ocrx_word' id='word_1_544' title='bbox 911 1735 1016 1763; x_wconf 88' lang='lat' dir='ltr'><strong>omnes,</strong></span> 
     </span>
    </p>
   </div>
   <div class='ocr_carea' id='block_1_71' title="bbox 1079 1723 1861 1763">
    <p class='ocr_par' dir='ltr' id='par_1_71' title="bbox 1079 1723 1861 1763">
     <span class='ocr_line' id='line_1_71' title="bbox 1079 1723 1861 1763; baseline 0.009 -14"><span class='ocrx_word' id='word_1_545' title='bbox 1079 1723 1271 1759; x_wconf 77' lang='grc' dir='ltr'>ινεξιχνίαστον</span> <span class='ocrx_word' id='word_1_546' title='bbox 1300 1723 1415 1752; x_wconf 86' lang='grc' dir='ltr'>πλοῦτον</span> <span class='ocrx_word' id='word_1_547' title='bbox 1441 1723 1490 1752; x_wconf 84' lang='grc' dir='ltr'><strong>τοῦ</strong></span> <span class='ocrx_word' id='word_1_548' title='bbox 1517 1726 1637 1761; x_wconf 80' lang='grc' dir='ltr'>Χριστοῦ</span> <span class='ocrx_word' id='word_1_549' title='bbox 1665 1728 1712 1754; x_wconf 80' lang='grc' dir='ltr'>καὶ</span> <span class='ocrx_word' id='word_1_550' title='bbox 1741 1728 1861 1763; x_wconf 77' lang='grc' dir='ltr'>φωτίσαι</span> 
     </span>
    </p>
   </div>
   <div class='ocr_carea' id='block_1_72' title="bbox 227 1769 1025 1809">
    <p class='ocr_par' dir='ltr' id='par_1_72' title="bbox 227 1772 1016 1809">
     <span class='ocr_line' id='line_1_72' title="bbox 227 1772 1016 1809; baseline 0.004 -10"><span class='ocrx_word' id='word_1_551' title='bbox 227 1779 289 1808; x_wconf 60' lang='lat' dir='ltr'><strong>quae</strong></span> <span class='ocrx_word' id='word_1_552' title='bbox 323 1772 359 1799; x_wconf 85' lang='lat' dir='ltr'><strong>sit</strong></span> <span class='ocrx_word' id='word_1_553' title='bbox 391 1773 543 1801; x_wconf 78' lang='lat' dir='ltr'><strong>oeconomia</strong></span> <span class='ocrx_word' id='word_1_554' title='bbox 572 1774 692 1809; x_wconf 82' lang='lat' dir='ltr'><strong>mysterii</strong></span> <span class='ocrx_word' id='word_1_555' title='bbox 717 1782 732 1802; x_wconf 86' lang='lat' dir='ltr'><strong>a</strong></span> <span class='ocrx_word' id='word_1_556' title='bbox 760 1775 867 1802; x_wconf 80' lang='lat' dir='ltr'><strong>saeculis</strong></span> <span class='ocrx_word' id='word_1_557' title='bbox 902 1775 929 1802; x_wconf 89' lang='lat' dir='ltr'><strong>in</strong></span> <span class='ocrx_word' id='word_1_558' title='bbox 959 1774 1016 1802; x_wconf 87' lang='lat' dir='ltr'><strong>Deo</strong></span> 
     </span>
    </p>
   </div>
   <div class='ocr_carea' id='block_1_73' title="bbox 1079 1769 1862 1809">
    <p class='ocr_par' dir='ltr' id='par_1_73' title="bbox 1079 1769 1862 1807">
     <span class='ocr_line' id='line_1_73' title="bbox 1079 1769 1862 1807; baseline 0.006 -11"><span class='ocrx_word' id='word_1_559' title='bbox 1079 1769 1183 1802; x_wconf 81' lang='grc' dir='ltr'>ιάντας,</span> <span class='ocrx_word' id='word_1_560' title='bbox 1207 1769 1249 1802; x_wconf 82' lang='grc' dir='ltr'><strong>τίς</strong></span> <span class='ocrx_word' id='word_1_561' title='bbox 1264 1770 1280 1805; x_wconf 88' lang='grc' dir='ltr'>ὴ</span> <span class='ocrx_word' id='word_1_562' title='bbox 1298 1770 1442 1806; x_wconf 85' lang='grc' dir='ltr'>οἰκονομία</span> <span class='ocrx_word' id='word_1_563' title='bbox 1459 1769 1507 1797; x_wconf 91' lang='grc' dir='ltr'><strong>τοῦ</strong></span> <span class='ocrx_word' id='word_1_564' title='bbox 1525 1772 1678 1807; x_wconf 83' lang='grc' dir='ltr'>μυστηρίου</span> <span class='ocrx_word' id='word_1_565' title='bbox 1696 1773 1743 1800; x_wconf 83' lang='grc' dir='ltr'><strong>τοῦ</strong></span> <span class='ocrx_word' id='word_1_566' title='bbox 1757 1775 1862 1801; x_wconf 84' lang='grc' dir='ltr'>ἀποκε-</span> 
     </span>
    </p>
   </div>
   <div class='ocr_carea' id='block_1_74' title="bbox 227 1815 1025 1854">
    <p class='ocr_par' dir='ltr' id='par_1_74' title="bbox 227 1817 1016 1854">
     <span class='ocr_line' id='line_1_74' title="bbox 227 1817 1016 1854; baseline 0.003 -9"><span class='ocrx_word' id='word_1_567' title='bbox 227 1817 399 1851; x_wconf 86' lang='lat' dir='ltr'><strong>absconditi;</strong></span> <span class='ocrx_word' id='word_1_568' title='bbox 429 1818 520 1845; x_wconf 86' lang='lat' dir='ltr'><strong>statim</strong></span> <span class='ocrx_word' id='word_1_569' title='bbox 542 1818 636 1846; x_wconf 85' lang='lat' dir='ltr'><strong>addit:</strong></span> <span class='ocrx_word' id='word_1_570' title='bbox 653 1819 705 1852; x_wconf 83' lang='lat' dir='ltr'><strong>Qui</strong></span> <span class='ocrx_word' id='word_1_571' title='bbox 726 1820 815 1846; x_wconf 82' lang='lat' dir='ltr'><strong>omnia</strong></span> <span class='ocrx_word' id='word_1_572' title='bbox 846 1820 944 1847; x_wconf 80' lang='lat' dir='ltr'><strong>creavit</strong></span> <span class='ocrx_word' id='word_1_573' title='bbox 969 1828 1016 1854; x_wconf 77' lang='lat' dir='ltr'><strong>per</strong></span> 
     </span>
    </p>
   </div>
   <div class='ocr_carea' id='block_1_75' title="bbox 1079 1815 1863 1854">
    <p class='ocr_par' dir='ltr' id='par_1_75' title="bbox 1079 1815 1863 1854">
     <span class='ocr_line' id='line_1_75' title="bbox 1079 1815 1863 1854; baseline 0.008 -13"><span class='ocrx_word' id='word_1_574' title='bbox 1079 1815 1227 1851; x_wconf 79' lang='grc' dir='ltr'>ιρυμμὲνου</span> <span class='ocrx_word' id='word_1_575' title='bbox 1242 1815 1297 1842; x_wconf 80' lang='grc' dir='ltr'><strong>ἀπὸ</strong></span> <span class='ocrx_word' id='word_1_576' title='bbox 1311 1816 1366 1843; x_wconf 84' lang='grc' dir='ltr'><strong>τῶν</strong></span> <span class='ocrx_word' id='word_1_577' title='bbox 1382 1816 1488 1844; x_wconf 74' lang='grc' dir='ltr'>αἰώνων</span> <span class='ocrx_word' id='word_1_578' title='bbox 1496 1818 1525 1845; x_wconf 76' lang='grc' dir='ltr'>ἐν</span> <span class='ocrx_word' id='word_1_579' title='bbox 1534 1818 1573 1852; x_wconf 86' lang='grc' dir='ltr'>τῷ</span> <span class='ocrx_word' id='word_1_580' title='bbox 1582 1817 1667 1854; x_wconf 79' lang='grc' dir='ltr'><strong>Θεῷ.)</strong></span> <span class='ocrx_word' id='word_1_581' title='bbox 1682 1818 1782 1847; x_wconf 79' lang='grc' dir='ltr'>αὐτίκα</span> <span class='ocrx_word' id='word_1_582' title='bbox 1795 1828 1863 1847; x_wconf 88' lang='grc' dir='ltr'>συν-</span> 
     </span>
    </p>
   </div>
   <div class='ocr_carea' id='block_1_76' title="bbox 225 1861 1025 1900">
    <p class='ocr_par' dir='ltr' id='par_1_76' title="bbox 225 1863 1016 1899">
     <span class='ocr_line' id='line_1_76' title="bbox 225 1863 1016 1899; baseline 0.003 -9"><span class='ocrx_word' id='word_1_583' title='bbox 225 1863 316 1890; x_wconf 77' lang='lat' dir='ltr'><strong>Iesum</strong></span> <span class='ocrx_word' id='word_1_584' title='bbox 341 1863 485 1891; x_wconf 80' lang='lat' dir='ltr'><strong>Christum.</strong></span> <span class='ocrx_word' id='word_1_585' title='bbox 510 1864 604 1899; x_wconf 85' lang='lat' dir='ltr'><strong>Itaque</strong></span> <span class='ocrx_word' id='word_1_586' title='bbox 636 1865 758 1892; x_wconf 87' lang='lat' dir='ltr'><strong>omnium</strong></span> <span class='ocrx_word' id='word_1_587' title='bbox 790 1865 915 1893; x_wconf 87' lang='lat' dir='ltr'><strong>conditor</strong></span> <span class='ocrx_word' id='word_1_588' title='bbox 936 1865 1016 1893; x_wconf 86' lang='lat' dir='ltr'><strong>Pater</strong></span> 
     </span>
    </p>
   </div>
   <div class='ocr_carea' id='block_1_77' title="bbox 1079 1861 1861 1900">
    <p class='ocr_par' dir='ltr' id='par_1_77' title="bbox 1079 1861 1861 1900">
     <span class='ocr_line' id='line_1_77' title="bbox 1079 1861 1861 1900; baseline 0.009 -13"><span class='ocrx_word' id='word_1_589' title='bbox 1079 1869 1149 1888; x_wconf 83' lang='grc' dir='ltr'>ιπτει</span> <span class='ocrx_word' id='word_1_590' title='bbox 1160 1870 1167 1876; x_wconf 93' lang='grc'><strong>·</strong></span> <span class='ocrx_word' id='word_1_591' title='bbox 1178 1861 1216 1896; x_wconf 86' lang='grc' dir='ltr'>τῷ</span> <span class='ocrx_word' id='word_1_592' title='bbox 1229 1861 1265 1888; x_wconf 82' lang='grc' dir='ltr'>τὰ</span> <span class='ocrx_word' id='word_1_593' title='bbox 1273 1861 1372 1889; x_wconf 80' lang='grc' dir='ltr'>πάντα</span> <span class='ocrx_word' id='word_1_594' title='bbox 1385 1863 1523 1890; x_wconf 75' lang='grc' dir='ltr'>κτίσαντι</span> <span class='ocrx_word' id='word_1_595' title='bbox 1532 1863 1581 1890; x_wconf 82' lang='grc' dir='ltr'><strong>διὰ</strong></span> <span class='ocrx_word' id='word_1_596' title='bbox 1596 1864 1695 1898; x_wconf 81' lang='grc' dir='ltr'><strong>Ἰησοῦ</strong></span> <span class='ocrx_word' id='word_1_597' title='bbox 1709 1865 1842 1900; x_wconf 75' lang='grc' dir='ltr'>Χριστοῦ</span> <span class='ocrx_word' id='word_1_598' title='bbox 1853 1875 1861 1882; x_wconf 90' lang='grc'><strong>·</strong></span> 
     </span>
    </p>
   </div>
   <div class='ocr_carea' id='block_1_78' title="bbox 226 1907 1025 1945">
    <p class='ocr_par' dir='ltr' id='par_1_78' title="bbox 226 1909 1016 1941">
     <span class='ocr_line' id='line_1_78' title="bbox 226 1909 1016 1941; baseline 0.005 -6"><span class='ocrx_word' id='word_1_599' title='bbox 226 1913 278 1941; x_wconf 85' lang='lat' dir='ltr'><strong>est,</strong></span> <span class='ocrx_word' id='word_1_600' title='bbox 304 1909 427 1936; x_wconf 92' lang='lat' dir='ltr'><strong>omnium</strong></span> <span class='ocrx_word' id='word_1_601' title='bbox 450 1917 516 1937; x_wconf 87' lang='lat' dir='ltr'><strong>vero</strong></span> <span class='ocrx_word' id='word_1_602' title='bbox 545 1910 672 1938; x_wconf 87' lang='lat' dir='ltr'><strong>conditor</strong></span> <span class='ocrx_word' id='word_1_603' title='bbox 696 1911 777 1938; x_wconf 86' lang='lat' dir='ltr'><strong>etiam</strong></span> <span class='ocrx_word' id='word_1_604' title='bbox 813 1911 907 1939; x_wconf 88' lang='lat' dir='ltr'><strong>Filius.</strong></span> <span class='ocrx_word' id='word_1_605' title='bbox 940 1911 1016 1939; x_wconf 86' lang='lat' dir='ltr'><strong>Sicut</strong></span> 
     </span>
    </p>
   </div>
   <div class='ocr_carea' id='block_1_79' title="bbox 1079 1907 1860 1945">
    <p class='ocr_par' dir='ltr' id='par_1_79' title="bbox 1079 1907 1860 1945">
     <span class='ocr_line' id='line_1_79' title="bbox 1079 1907 1860 1945; baseline 0.008 -11"><span class='ocrx_word' id='word_1_606' title='bbox 1079 1907 1137 1934; x_wconf 63' lang='grc' dir='ltr'>ὅστε</span> <span class='ocrx_word' id='word_1_607' title='bbox 1155 1907 1264 1934; x_wconf 83' lang='grc' dir='ltr'>πάντων</span> <span class='ocrx_word' id='word_1_608' title='bbox 1282 1907 1332 1942; x_wconf 87' lang='grc' dir='ltr'>μὲν</span> <span class='ocrx_word' id='word_1_609' title='bbox 1345 1908 1458 1943; x_wconf 85' lang='grc' dir='ltr'>κτίστης</span> <span class='ocrx_word' id='word_1_610' title='bbox 1469 1909 1484 1935; x_wconf 80' lang='grc' dir='ltr'><strong>ὁ</strong></span> <span class='ocrx_word' id='word_1_611' title='bbox 1502 1907 1607 1945; x_wconf 83' lang='grc' dir='ltr'>Πατὴρ,</span> <span class='ocrx_word' id='word_1_612' title='bbox 1624 1911 1733 1938; x_wconf 71' lang='grc' dir='ltr'>πάντων</span> <span class='ocrx_word' id='word_1_613' title='bbox 1748 1912 1777 1938; x_wconf 81' lang='grc' dir='ltr'><strong>δὲ</strong></span> <span class='ocrx_word' id='word_1_614' title='bbox 1801 1913 1860 1940; x_wconf 71' lang='grc' dir='ltr'>κτίι</span> 
     </span>
    </p>
   </div>
   <div class='ocr_carea' id='block_1_80' title="bbox 226 1953 1025 1993">
    <p class='ocr_par' dir='ltr' id='par_1_80' title="bbox 226 1955 1016 1993">
     <span class='ocr_line' id='line_1_80' title="bbox 226 1955 1016 1993; baseline 0.003 -11"><span class='ocrx_word' id='word_1_615' title='bbox 226 1955 300 1982; x_wconf 88' lang='lat' dir='ltr'><strong>enim</strong></span> <span class='ocrx_word' id='word_1_616' title='bbox 328 1959 434 1988; x_wconf 83' lang='lat' dir='ltr'><strong>natura,</strong></span> <span class='ocrx_word' id='word_1_617' title='bbox 459 1956 495 1983; x_wconf 88' lang='lat' dir='ltr'><strong>ita</strong></span> <span class='ocrx_word' id='word_1_618' title='bbox 527 1960 555 1983; x_wconf 90' lang='lat' dir='ltr'><strong>et</strong></span> <span class='ocrx_word' id='word_1_619' title='bbox 587 1961 726 1992; x_wconf 82' lang='lat' dir='ltr'><strong>poteslas,</strong></span> <span class='ocrx_word' id='word_1_620' title='bbox 758 1961 786 1984; x_wconf 87' lang='lat' dir='ltr'><strong>et</strong></span> <span class='ocrx_word' id='word_1_621' title='bbox 819 1957 975 1993; x_wconf 88' lang='lat' dir='ltr'><strong>imperium,</strong></span> <span class='ocrx_word' id='word_1_622' title='bbox 989 1962 1016 1984; x_wconf 89' lang='lat' dir='ltr'><strong>et</strong></span> 
     </span>
    </p>
   </div>
   <div class='ocr_carea' id='block_1_81' title="bbox 1079 1953 1862 1993">
    <p class='ocr_par' dir='ltr' id='par_1_81' title="bbox 1079 1953 1862 1993">
     <span class='ocr_line' id='line_1_81' title="bbox 1079 1953 1862 1993; baseline 0.005 -13"><span class='ocrx_word' id='word_1_623' title='bbox 1079 1962 1133 1989; x_wconf 78' lang='grc' dir='ltr'>ιτης</span> <span class='ocrx_word' id='word_1_624' title='bbox 1141 1954 1155 1981; x_wconf 86' lang='grc' dir='ltr'>ὁ</span> <span class='ocrx_word' id='word_1_625' title='bbox 1163 1954 1238 1987; x_wconf 77' lang='grc' dir='ltr'>Υἱός.</span> <span class='ocrx_word' id='word_1_626' title='bbox 1247 1953 1344 1981; x_wconf 67' lang='grc' dir='ltr'>Κοινὺν</span> <span class='ocrx_word' id='word_1_627' title='bbox 1355 1954 1409 1990; x_wconf 84' lang='grc' dir='ltr'><strong>γὰρ</strong></span> <span class='ocrx_word' id='word_1_628' title='bbox 1420 1955 1467 1982; x_wconf 72' lang='grc' dir='ltr'>καὶ</span> <span class='ocrx_word' id='word_1_629' title='bbox 1477 1954 1624 1991; x_wconf 84' lang='grc' dir='ltr'>ἀδιάφορον</span> <span class='ocrx_word' id='word_1_630' title='bbox 1634 1956 1729 1993; x_wconf 87' lang='grc' dir='ltr'>ὥσπερ</span> <span class='ocrx_word' id='word_1_631' title='bbox 1737 1957 1754 1992; x_wconf 83' lang='grc' dir='ltr'>ὴ</span> <span class='ocrx_word' id='word_1_632' title='bbox 1764 1957 1862 1992; x_wconf 71' lang='grc' dir='ltr'>φύσις,</span> 
     </span>
    </p>
   </div>
   <div class='ocr_carea' id='block_1_82' title="bbox 227 1999 1025 2039">
    <p class='ocr_par' dir='ltr' id='par_1_82' title="bbox 227 2002 1015 2035">
     <span class='ocr_line' id='line_1_82' title="bbox 227 2002 1015 2035; baseline 0.003 -7"><span class='ocrx_word' id='word_1_633' title='bbox 227 2002 356 2035; x_wconf 83' lang='lat' dir='ltr'><strong>potentia,</strong></span> <span class='ocrx_word' id='word_1_634' title='bbox 371 2007 398 2028; x_wconf 89' lang='lat' dir='ltr'><strong>et</strong></span> <span class='ocrx_word' id='word_1_635' title='bbox 419 2002 520 2029; x_wconf 82' lang='lat' dir='ltr'><strong>creatio</strong></span> <span class='ocrx_word' id='word_1_636' title='bbox 539 2002 687 2030; x_wconf 89' lang='lat' dir='ltr'><strong>visibilium</strong></span> <span class='ocrx_word' id='word_1_637' title='bbox 707 2003 829 2030; x_wconf 92' lang='lat' dir='ltr'><strong>omnium</strong></span> <span class='ocrx_word' id='word_1_638' title='bbox 849 2007 877 2031; x_wconf 86' lang='lat' dir='ltr'><strong>et</strong></span> <span class='ocrx_word' id='word_1_639' title='bbox 892 2003 1015 2031; x_wconf 86' lang='lat' dir='ltr'><strong>invisibi-</strong></span> 
     </span>
    </p>
   </div>
   <div class='ocr_carea' id='block_1_83' title="bbox 1079 1999 1864 2039">
    <p class='ocr_par' dir='ltr' id='par_1_83' title="bbox 1079 1999 1864 2039">
     <span class='ocr_line' id='line_1_83' title="bbox 1079 1999 1864 2039; baseline 0.005 -12"><span class='ocrx_word' id='word_1_640' title='bbox 1079 2001 1115 2027; x_wconf 71' lang='grc' dir='ltr'>ια).</span> <span class='ocrx_word' id='word_1_641' title='bbox 1129 2001 1146 2036; x_wconf 81' lang='grc' dir='ltr'>ἡ</span> <span class='ocrx_word' id='word_1_642' title='bbox 1161 2000 1274 2033; x_wconf 72' lang='grc' dir='ltr'>ἐξουσία</span> <span class='ocrx_word' id='word_1_643' title='bbox 1289 2001 1336 2028; x_wconf 77' lang='grc' dir='ltr'>καὶ</span> <span class='ocrx_word' id='word_1_644' title='bbox 1349 2002 1366 2037; x_wconf 87' lang='grc' dir='ltr'><strong>ἡ</strong></span> <span class='ocrx_word' id='word_1_645' title='bbox 1380 1999 1516 2036; x_wconf 85' lang='grc' dir='ltr'>βασιλεία,</span> <span class='ocrx_word' id='word_1_646' title='bbox 1534 2003 1609 2037; x_wconf 75' lang='grc' dir='ltr'>καὶὴ</span> <span class='ocrx_word' id='word_1_647' title='bbox 1624 2003 1793 2039; x_wconf 82' lang='grc' dir='ltr'>δημιουργία</span> <span class='ocrx_word' id='word_1_648' title='bbox 1804 2005 1864 2031; x_wconf 79' lang='grc' dir='ltr'><strong>τῶν</strong></span> 
     </span>
    </p>
   </div>
   <div class='ocr_carea' id='block_1_84' title="bbox 227 2046 1025 2083">
    <p class='ocr_par' dir='ltr' id='par_1_84' title="bbox 227 2047 1013 2079">
     <span class='ocr_line' id='line_1_84' title="bbox 227 2047 1013 2079; baseline 0.004 -6"><span class='ocrx_word' id='word_1_649' title='bbox 227 2047 304 2079; x_wconf 81' lang='lat' dir='ltr'><strong>lium,</strong></span> <span class='ocrx_word' id='word_1_650' title='bbox 314 2055 347 2074; x_wconf 86' lang='lat' dir='ltr'><strong>ac</strong></span> <span class='ocrx_word' id='word_1_651' title='bbox 359 2055 450 2074; x_wconf 89' lang='lat' dir='ltr'><strong>rerum</strong></span> <span class='ocrx_word' id='word_1_652' title='bbox 467 2055 499 2075; x_wconf 81' lang='lat' dir='ltr'><strong>ex</strong></span> <span class='ocrx_word' id='word_1_653' title='bbox 510 2055 565 2075; x_wconf 90' lang='lat' dir='ltr'><strong>non</strong></span> <span class='ocrx_word' id='word_1_654' title='bbox 577 2048 772 2076; x_wconf 81' lang='lat' dir='ltr'><strong>exsistentibus</strong></span> <span class='ocrx_word' id='word_1_655' title='bbox 783 2048 817 2076; x_wconf 84' lang='lat' dir='ltr'><strong>ad</strong></span> <span class='ocrx_word' id='word_1_656' title='bbox 826 2048 1013 2076; x_wconf 82' lang='lat' dir='ltr'><strong>exsistcntiam</strong></span> 
     </span>
    </p>
   </div>
   <div class='ocr_carea' id='block_1_85' title="bbox 1079 2046 1864 2083">
    <p class='ocr_par' dir='ltr' id='par_1_85' title="bbox 1082 2046 1864 2083">
     <span class='ocr_line' id='line_1_85' title="bbox 1082 2046 1864 2083; baseline 0.004 -9"><span class='ocrx_word' id='word_1_657' title='bbox 1082 2046 1173 2082; x_wconf 83' lang='grc' dir='ltr'>ρατῶν</span> <span class='ocrx_word' id='word_1_658' title='bbox 1185 2055 1215 2073; x_wconf 88' lang='grc' dir='ltr'><strong>τε</strong></span> <span class='ocrx_word' id='word_1_659' title='bbox 1231 2047 1340 2074; x_wconf 88' lang='grc' dir='ltr'>πάντων</span> <span class='ocrx_word' id='word_1_660' title='bbox 1352 2047 1399 2074; x_wconf 62' lang='grc' dir='ltr'>καὶ</span> <span class='ocrx_word' id='word_1_661' title='bbox 1417 2047 1552 2081; x_wconf 83' lang='grc' dir='ltr'>ἀοράτων,</span> <span class='ocrx_word' id='word_1_662' title='bbox 1569 2048 1616 2074; x_wconf 80' lang='grc' dir='ltr'><strong>καὶ</strong></span> <span class='ocrx_word' id='word_1_663' title='bbox 1635 2048 1652 2083; x_wconf 83' lang='grc' dir='ltr'>ἡ</span> <span class='ocrx_word' id='word_1_664' title='bbox 1664 2048 1694 2081; x_wconf 73' lang='grc' dir='ltr'><strong>ἐξ</strong></span> <span class='ocrx_word' id='word_1_665' title='bbox 1706 2049 1757 2076; x_wconf 68' lang='grc' dir='ltr'><strong>οὐκ</strong></span> <span class='ocrx_word' id='word_1_666' title='bbox 1771 2050 1864 2077; x_wconf 74' lang='grc' dir='ltr'>ὄντων</span> 
     </span>
    </p>
   </div>
   <div class='ocr_carea' id='block_1_86' title="bbox 226 2089 1025 2131">
    <p class='ocr_par' dir='ltr' id='par_1_86' title="bbox 226 2092 1014 2128">
     <span class='ocr_line' id='line_1_86' title="bbox 226 2092 1014 2128; baseline 0.004 -9"><span class='ocrx_word' id='word_1_667' title='bbox 226 2092 369 2127; x_wconf 89' lang='lat' dir='ltr'><strong>productio</strong></span> <span class='ocrx_word' id='word_1_668' title='bbox 392 2093 550 2120; x_wconf 89' lang='lat' dir='ltr'><strong>communia</strong></span> <span class='ocrx_word' id='word_1_669' title='bbox 574 2093 684 2128; x_wconf 87' lang='lat' dir='ltr'><strong>utrique</strong></span> <span class='ocrx_word' id='word_1_670' title='bbox 708 2098 736 2121; x_wconf 88' lang='lat' dir='ltr'><strong>et</strong></span> <span class='ocrx_word' id='word_1_671' title='bbox 750 2094 864 2122; x_wconf 88' lang='lat' dir='ltr'><strong>indivisa</strong></span> <span class='ocrx_word' id='word_1_672' title='bbox 889 2099 964 2122; x_wconf 90' lang='lat' dir='ltr'><strong>sunt.</strong></span> <span class='ocrx_word' id='word_1_673' title='bbox 980 2094 1014 2122; x_wconf 87' lang='lat' dir='ltr'><strong>Et</strong></span> 
     </span>
    </p>
   </div>
   <div class='ocr_carea' id='block_1_87' title="bbox 1079 2089 1865 2131">
    <p class='ocr_par' dir='ltr' id='par_1_87' title="bbox 1083 2089 1865 2131">
     <span class='ocr_line' id='line_1_87' title="bbox 1083 2089 1865 2131; baseline 0.006 -13"><span class='ocrx_word' id='word_1_674' title='bbox 1083 2093 1105 2124; x_wconf 84' lang='lat' dir='ltr'><strong>l;</strong></span> <span class='ocrx_word' id='word_1_675' title='bbox 1119 2091 1150 2118; x_wconf 83' lang='grc' dir='ltr'>τδ</span> <span class='ocrx_word' id='word_1_676' title='bbox 1172 2089 1243 2119; x_wconf 75' lang='grc' dir='ltr'>εἶναι</span> <span class='ocrx_word' id='word_1_677' title='bbox 1258 2092 1409 2128; x_wconf 84' lang='grc' dir='ltr'>προαγωγὴ</span> <span class='ocrx_word' id='word_1_678' title='bbox 1422 2093 1468 2119; x_wconf 71' lang='grc' dir='ltr'><strong>καὶ</strong></span> <span class='ocrx_word' id='word_1_679' title='bbox 1482 2093 1618 2126; x_wconf 76' lang='grc' dir='ltr'>οὺσίωσις.</span> <span class='ocrx_word' id='word_1_680' title='bbox 1644 2095 1700 2121; x_wconf 75' lang='grc' dir='ltr'><strong>Καὶ</strong></span> <span class='ocrx_word' id='word_1_681' title='bbox 1719 2096 1779 2131; x_wconf 75' lang='grc' dir='ltr'>μετ’</span> <span class='ocrx_word' id='word_1_682' title='bbox 1802 2096 1865 2123; x_wconf 85' lang='grc' dir='ltr'>ὀλί-</span> 
     </span>
    </p>
   </div>
   <div class='ocr_carea' id='block_1_88' title="bbox 226 2137 1025 2175">
    <p class='ocr_par' dir='ltr' id='par_1_88' title="bbox 226 2138 1012 2174">
     <span class='ocr_line' id='line_1_88' title="bbox 226 2138 1012 2174; baseline 0.003 -9"><span class='ocrx_word' id='word_1_683' title='bbox 226 2142 289 2173; x_wconf 86' lang='lat' dir='ltr'><strong>post</strong></span> <span class='ocrx_word' id='word_1_684' title='bbox 301 2146 387 2173; x_wconf 88' lang='lat' dir='ltr'><strong>pauca</strong></span> <span class='ocrx_word' id='word_1_685' title='bbox 402 2147 409 2165; x_wconf 87' lang='lat'><strong>:</strong></span> <span class='ocrx_word' id='word_1_686' title='bbox 426 2138 571 2173; x_wconf 83' lang='lat' dir='ltr'><strong>Propterea</strong></span> <span class='ocrx_word' id='word_1_687' title='bbox 586 2140 662 2174; x_wconf 80' lang='lat' dir='ltr'><strong>ﬂecto</strong></span> <span class='ocrx_word' id='word_1_688' title='bbox 675 2147 761 2174; x_wconf 87' lang='lat' dir='ltr'><strong>genua</strong></span> <span class='ocrx_word' id='word_1_689' title='bbox 777 2148 834 2166; x_wconf 87' lang='lat' dir='ltr'><strong>mea</strong></span> <span class='ocrx_word' id='word_1_690' title='bbox 850 2140 885 2166; x_wconf 80' lang='lat' dir='ltr'><strong>ad</strong></span> <span class='ocrx_word' id='word_1_691' title='bbox 904 2139 1012 2167; x_wconf 84' lang='lat' dir='ltr'><strong>Patrem</strong></span> 
     </span>
    </p>
   </div>
   <div class='ocr_carea' id='block_1_89' title="bbox 1079 2137 1866 2175">
    <p class='ocr_par' dir='ltr' id='par_1_89' title="bbox 1079 2137 1866 2175">
     <span class='ocr_line' id='line_1_89' title="bbox 1079 2137 1866 2175; baseline 0.004 -10"><span class='ocrx_word' id='word_1_692' title='bbox 1079 2147 1126 2165; x_wconf 80' lang='grc' dir='ltr'><strong>ὀν’</strong></span> <span class='ocrx_word' id='word_1_693' title='bbox 1146 2139 1256 2166; x_wconf 81' lang='grc' dir='ltr'><strong>Τούτου</strong></span> <span class='ocrx_word' id='word_1_694' title='bbox 1270 2137 1358 2173; x_wconf 81' lang='grc' dir='ltr'>χάριν</span> <span class='ocrx_word' id='word_1_695' title='bbox 1386 2138 1509 2173; x_wconf 82' lang='grc' dir='ltr'>κάμπτω</span> <span class='ocrx_word' id='word_1_696' title='bbox 1526 2138 1561 2166; x_wconf 84' lang='grc' dir='ltr'>τὰ</span> <span class='ocrx_word' id='word_1_697' title='bbox 1581 2140 1692 2175; x_wconf 73' lang='grc' dir='ltr'><em>γόνατά</em></span> <span class='ocrx_word' id='word_1_698' title='bbox 1704 2150 1765 2175; x_wconf 82' lang='grc' dir='ltr'>μου</span> <span class='ocrx_word' id='word_1_699' title='bbox 1782 2142 1866 2175; x_wconf 78' lang='grc' dir='ltr'>πρὸς</span> 
     </span>
    </p>
   </div>
   <div class='ocr_carea' id='block_1_90' title="bbox 225 2184 1025 2230">
    <p class='ocr_par' dir='ltr' id='par_1_90' title="bbox 225 2184 1012 2221">
     <span class='ocr_line' id='line_1_90' title="bbox 225 2184 1012 2221; baseline 0.004 -10"><span class='ocrx_word' id='word_1_700' title='bbox 225 2184 333 2212; x_wconf 85' lang='lat' dir='ltr'><strong>Domini</strong></span> <span class='ocrx_word' id='word_1_701' title='bbox 348 2184 430 2212; x_wconf 73' lang='lat' dir='ltr'><strong>nostri</strong></span> <span class='ocrx_word' id='word_1_702' title='bbox 451 2184 514 2212; x_wconf 76' lang='lat' dir='ltr'><strong>Jesu</strong></span> <span class='ocrx_word' id='word_1_703' title='bbox 528 2184 635 2218; x_wconf 71' lang='lat' dir='ltr'><strong>Christi,</strong></span> <span class='ocrx_word' id='word_1_704' title='bbox 650 2194 681 2213; x_wconf 69' lang='lat' dir='ltr'><strong>ex</strong></span> <span class='ocrx_word' id='word_1_705' title='bbox 694 2194 745 2221; x_wconf 86' lang='lat' dir='ltr'><strong>quo</strong></span> <span class='ocrx_word' id='word_1_706' title='bbox 761 2186 844 2213; x_wconf 83' lang='lat' dir='ltr'><strong>omnis</strong></span> <span class='ocrx_word' id='word_1_707' title='bbox 864 2187 1012 2221; x_wconf 76' lang='lat' dir='ltr'><strong>paternitas</strong></span> 
     </span>
    </p>
   </div>
   <div class='ocr_carea' id='block_1_91' title="bbox 1079 2184 1866 2230">
    <p class='ocr_par' dir='ltr' id='par_1_91' title="bbox 1082 2184 1866 2223">
     <span class='ocr_line' id='line_1_91' title="bbox 1082 2184 1866 2223; baseline 0.006 -12"><span class='ocrx_word' id='word_1_708' title='bbox 1082 2185 1119 2212; x_wconf 82' lang='grc' dir='ltr'><strong>ὸν</strong></span> <span class='ocrx_word' id='word_1_709' title='bbox 1130 2185 1246 2219; x_wconf 79' lang='grc' dir='ltr'>Πατέρα</span> <span class='ocrx_word' id='word_1_710' title='bbox 1256 2184 1310 2212; x_wconf 81' lang='grc' dir='ltr'><strong>τοῦ</strong></span> <span class='ocrx_word' id='word_1_711' title='bbox 1324 2186 1434 2219; x_wconf 82' lang='grc' dir='ltr'>Κυρίου</span> <span class='ocrx_word' id='word_1_712' title='bbox 1447 2186 1531 2221; x_wconf 79' lang='grc' dir='ltr'><strong>ἡμῶν</strong></span> <span class='ocrx_word' id='word_1_713' title='bbox 1550 2187 1652 2221; x_wconf 85' lang='grc' dir='ltr'>Ἰησοῦ</span> <span class='ocrx_word' id='word_1_714' title='bbox 1669 2189 1814 2223; x_wconf 83' lang='grc' dir='ltr'>Χριστοῦ,</span> <span class='ocrx_word' id='word_1_715' title='bbox 1826 2190 1866 2222; x_wconf 79' lang='grc' dir='ltr'><strong>ἐξ</strong></span> 
     </span>
    </p>
   </div>
   <div class='ocr_carea' id='block_1_92' title="bbox 224 2229 1025 2269">
    <p class='ocr_par' dir='ltr' id='par_1_92' title="bbox 224 2232 1012 2269">
     <span class='ocr_line' id='line_1_92' title="bbox 224 2232 1012 2269; baseline 0.004 -11"><span class='ocrx_word' id='word_1_716' title='bbox 224 2233 252 2258; x_wconf 87' lang='lat' dir='ltr'><strong>in</strong></span> <span class='ocrx_word' id='word_1_717' title='bbox 267 2232 329 2259; x_wconf 76' lang='lat' dir='ltr'><strong>caelo</strong></span> <span class='ocrx_word' id='word_1_718' title='bbox 344 2237 368 2258; x_wconf 84' lang='lat' dir='ltr'><strong>et</strong></span> <span class='ocrx_word' id='word_1_719' title='bbox 382 2232 410 2258; x_wconf 86' lang='lat' dir='ltr'><strong>in</strong></span> <span class='ocrx_word' id='word_1_720' title='bbox 423 2236 494 2258; x_wconf 83' lang='lat' dir='ltr'><strong>terra</strong></span> <span class='ocrx_word' id='word_1_721' title='bbox 515 2233 669 2259; x_wconf 84' lang='lat' dir='ltr'><strong>nominatur</strong></span> <span class='ocrx_word' id='word_1_722' title='bbox 689 2233 721 2260; x_wconf 85' lang='lat'><strong>&quot;°.</strong></span> <span class='ocrx_word' id='word_1_723' title='bbox 738 2232 834 2260; x_wconf 90' lang='lat' dir='ltr'><strong>Omnis</strong></span> <span class='ocrx_word' id='word_1_724' title='bbox 852 2233 1012 2269; x_wconf 76' lang='lat' dir='ltr'><strong>patet-nitas,</strong></span> 
     </span>
    </p>
   </div>
   <div class='ocr_carea' id='block_1_93' title="bbox 1079 2229 1867 2269">
    <p class='ocr_par' dir='ltr' id='par_1_93' title="bbox 1079 2229 1867 2269">
     <span class='ocr_line' id='line_1_93' title="bbox 1079 2229 1867 2269; baseline 0.004 -10"><span class='ocrx_word' id='word_1_725' title='bbox 1079 2229 1101 2259; x_wconf 62' lang='lat'><strong>&gt;15</strong></span> <span class='ocrx_word' id='word_1_726' title='bbox 1117 2231 1202 2259; x_wconf 84' lang='grc' dir='ltr'>πᾶσα</span> <span class='ocrx_word' id='word_1_727' title='bbox 1216 2230 1324 2265; x_wconf 78' lang='grc' dir='ltr'>πατριὰ</span> <span class='ocrx_word' id='word_1_728' title='bbox 1341 2231 1376 2258; x_wconf 76' lang='grc' dir='ltr'><strong>ἐν</strong></span> <span class='ocrx_word' id='word_1_729' title='bbox 1390 2231 1508 2266; x_wconf 82' lang='grc' dir='ltr'>οὐρανῷ</span> <span class='ocrx_word' id='word_1_730' title='bbox 1521 2233 1570 2259; x_wconf 77' lang='grc' dir='ltr'>καὶ</span> <span class='ocrx_word' id='word_1_731' title='bbox 1587 2233 1636 2259; x_wconf 76' lang='grc' dir='ltr'><strong>ἐπὶ</strong></span> <span class='ocrx_word' id='word_1_732' title='bbox 1650 2233 1706 2268; x_wconf 77' lang='grc' dir='ltr'>γῆς</span> <span class='ocrx_word' id='word_1_733' title='bbox 1719 2234 1867 2269; x_wconf 59' lang='lat' dir='ltr'><strong>67&#39;0de-</strong></span> 
     </span>
    </p>
   </div>
   <div class='ocr_carea' id='block_1_94' title="bbox 225 2276 1025 2314">
    <p class='ocr_par' dir='ltr' id='par_1_94' title="bbox 225 2277 1012 2313">
     <span class='ocr_line' id='line_1_94' title="bbox 225 2277 1012 2313; baseline 0.004 -9"><span class='ocrx_word' id='word_1_734' title='bbox 225 2277 330 2312; x_wconf 87' lang='lat' dir='ltr'><strong>inquit,</strong></span> <span class='ocrx_word' id='word_1_735' title='bbox 346 2284 402 2304; x_wconf 91' lang='lat' dir='ltr'><strong>non</strong></span> <span class='ocrx_word' id='word_1_736' title='bbox 432 2282 524 2305; x_wconf 89' lang='lat' dir='ltr'><strong>autem</strong></span> <span class='ocrx_word' id='word_1_737' title='bbox 541 2286 549 2304; x_wconf 89' lang='lat'><strong>:</strong></span> <span class='ocrx_word' id='word_1_738' title='bbox 567 2278 669 2313; x_wconf 89' lang='lat' dir='ltr'><strong>aliqua,</strong></span> <span class='ocrx_word' id='word_1_739' title='bbox 694 2278 747 2305; x_wconf 84' lang='lat' dir='ltr'><strong>alia</strong></span> <span class='ocrx_word' id='word_1_740' title='bbox 770 2286 836 2306; x_wconf 89' lang='lat' dir='ltr'><strong>vero</strong></span> <span class='ocrx_word' id='word_1_741' title='bbox 857 2287 912 2307; x_wconf 83' lang='lat' dir='ltr'><strong>non</strong></span> <span class='ocrx_word' id='word_1_742' title='bbox 936 2279 1012 2307; x_wconf 88' lang='lat' dir='ltr'><strong>item.</strong></span> 
     </span>
    </p>
   </div>
   <div class='ocr_carea' id='block_1_95' title="bbox 1079 2276 1867 2314">
    <p class='ocr_par' dir='ltr' id='par_1_95' title="bbox 1081 2276 1867 2314">
     <span class='ocr_line' id='line_1_95' title="bbox 1081 2276 1867 2314; baseline 0.004 -9"><span class='ocrx_word' id='word_1_743' title='bbox 1081 2287 1121 2306; x_wconf 85' lang='grc' dir='ltr'>αι.</span> <span class='ocrx_word' id='word_1_744' title='bbox 1134 2294 1168 2298; x_wconf 92' lang='grc'><strong>-</strong></span> <span class='ocrx_word' id='word_1_745' title='bbox 1183 2276 1272 2305; x_wconf 86' lang='grc' dir='ltr'>Πᾶσα</span> <span class='ocrx_word' id='word_1_746' title='bbox 1288 2278 1408 2312; x_wconf 83' lang='grc' dir='ltr'>πατριὰ,</span> <span class='ocrx_word' id='word_1_747' title='bbox 1423 2279 1516 2313; x_wconf 68' lang='grc' dir='ltr'>φησὶν,</span> <span class='ocrx_word' id='word_1_748' title='bbox 1532 2278 1609 2313; x_wconf 84' lang='grc' dir='ltr'>οὐχί·</span> <span class='ocrx_word' id='word_1_749' title='bbox 1635 2279 1677 2311; x_wconf 80' lang='grc' dir='ltr'>τὶς</span> <span class='ocrx_word' id='word_1_750' title='bbox 1693 2280 1754 2314; x_wconf 79' lang='grc' dir='ltr'>μὲν,</span> <span class='ocrx_word' id='word_1_751' title='bbox 1774 2281 1821 2313; x_wconf 78' lang='grc' dir='ltr'>τὶς</span> <span class='ocrx_word' id='word_1_752' title='bbox 1841 2281 1867 2308; x_wconf 73' lang='grc' dir='ltr'><strong>δ’</strong></span> 
     </span>
    </p>
   </div>
   <div class='ocr_carea' id='block_1_96' title="bbox 222 2320 1025 2361">
    <p class='ocr_par' dir='ltr' id='par_1_96' title="bbox 222 2320 1013 2360">
     <span class='ocr_line' id='line_1_96' title="bbox 222 2320 1013 2360; baseline 0.005 -10"><span class='ocrx_word' id='word_1_753' title='bbox 222 2322 318 2357; x_wconf 84' lang='lat' dir='ltr'><strong>Neque</strong></span> <span class='ocrx_word' id='word_1_754' title='bbox 338 2323 373 2350; x_wconf 86' lang='lat' dir='ltr'><strong>de</strong></span> <span class='ocrx_word' id='word_1_755' title='bbox 398 2323 471 2351; x_wconf 90' lang='lat' dir='ltr'><strong>omni</strong></span> <span class='ocrx_word' id='word_1_756' title='bbox 497 2323 601 2351; x_wconf 68' lang='lat' dir='ltr'><strong>cmlesti</strong></span> <span class='ocrx_word' id='word_1_757' title='bbox 627 2325 716 2352; x_wconf 87' lang='lat' dir='ltr'><strong>solum</strong></span> <span class='ocrx_word' id='word_1_758' title='bbox 744 2325 880 2360; x_wconf 89' lang='lat' dir='ltr'><strong>loquitur,</strong></span> <span class='ocrx_word' id='word_1_759' title='bbox 903 2320 956 2353; x_wconf 75' lang='lat' dir='ltr'><strong>sed</strong></span> <span class='ocrx_word' id='word_1_760' title='bbox 979 2327 1013 2354; x_wconf 88' lang='lat' dir='ltr'><strong>de</strong></span> 
     </span>
    </p>
   </div>
   <div class='ocr_carea' id='block_1_97' title="bbox 1079 2320 1868 2361">
    <p class='ocr_par' dir='ltr' id='par_1_97' title="bbox 1079 2323 1868 2361">
     <span class='ocr_line' id='line_1_97' title="bbox 1079 2323 1868 2361; baseline 0.005 -11"><span class='ocrx_word' id='word_1_761' title='bbox 1079 2323 1104 2358; x_wconf 82' lang='grc' dir='ltr'>ὓ,</span> <span class='ocrx_word' id='word_1_762' title='bbox 1118 2323 1179 2350; x_wconf 78' lang='grc' dir='ltr'><strong>οὐδὲ</strong></span> <span class='ocrx_word' id='word_1_763' title='bbox 1196 2324 1300 2358; x_wconf 80' lang='grc' dir='ltr'>πᾶσαή</span> <span class='ocrx_word' id='word_1_764' title='bbox 1324 2324 1449 2358; x_wconf 81' lang='grc' dir='ltr'>οὐράνιος</span> <span class='ocrx_word' id='word_1_765' title='bbox 1474 2324 1554 2359; x_wconf 86' lang='grc' dir='ltr'>μόνη,</span> <span class='ocrx_word' id='word_1_766' title='bbox 1569 2324 1637 2351; x_wconf 86' lang='grc' dir='ltr'><strong>ἀλλά</strong></span> <span class='ocrx_word' id='word_1_767' title='bbox 1658 2325 1709 2351; x_wconf 79' lang='grc' dir='ltr'><strong>κᾶν</strong></span> <span class='ocrx_word' id='word_1_768' title='bbox 1728 2326 1868 2361; x_wconf 79' lang='grc' dir='ltr'>οὐράνιον</span> 
     </span>
    </p>
   </div>
   <div class='ocr_carea' id='block_1_98' title="bbox 223 2368 1025 2406">
    <p class='ocr_par' dir='ltr' id='par_1_98' title="bbox 223 2370 1012 2406">
     <span class='ocr_line' id='line_1_98' title="bbox 223 2370 1012 2406; baseline 0.004 -9"><span class='ocrx_word' id='word_1_769' title='bbox 223 2370 310 2402; x_wconf 83' lang='lat' dir='ltr'><strong>omni,</strong></span> <span class='ocrx_word' id='word_1_770' title='bbox 321 2370 381 2398; x_wconf 88' lang='lat' dir='ltr'><strong>sive</strong></span> <span class='ocrx_word' id='word_1_771' title='bbox 392 2370 532 2398; x_wconf 73' lang='lat' dir='ltr'><strong>ctelestem</strong></span> <span class='ocrx_word' id='word_1_772' title='bbox 542 2370 626 2404; x_wconf 85' lang='lat' dir='ltr'><strong>dicas,</strong></span> <span class='ocrx_word' id='word_1_773' title='bbox 636 2371 695 2398; x_wconf 75' lang='lat' dir='ltr'><strong>sive</strong></span> <span class='ocrx_word' id='word_1_774' title='bbox 705 2375 873 2406; x_wconf 85' lang='lat' dir='ltr'><strong>terrestrem,</strong></span> <span class='ocrx_word' id='word_1_775' title='bbox 884 2372 942 2400; x_wconf 85' lang='lat' dir='ltr'><strong>sive</strong></span> <span class='ocrx_word' id='word_1_776' title='bbox 951 2380 1012 2400; x_wconf 94' lang='lat' dir='ltr'><strong>om-</strong></span> 
     </span>
    </p>
   </div>
   <div class='ocr_carea' id='block_1_99' title="bbox 1079 2368 1869 2406">
    <p class='ocr_par' dir='ltr' id='par_1_99' title="bbox 1079 2368 1869 2405">
     <span class='ocr_line' id='line_1_99' title="bbox 1079 2368 1869 2405; baseline 0.006 -10"><span class='ocrx_word' id='word_1_777' title='bbox 1079 2370 1155 2405; x_wconf 78' lang='grc' dir='ltr'>ῐπῃς,</span> <span class='ocrx_word' id='word_1_778' title='bbox 1181 2368 1233 2396; x_wconf 83' lang='grc' dir='ltr'>κᾶν</span> <span class='ocrx_word' id='word_1_779' title='bbox 1259 2369 1390 2402; x_wconf 76' lang='grc' dir='ltr'>ἐπίγειον,</span> <span class='ocrx_word' id='word_1_780' title='bbox 1421 2369 1474 2396; x_wconf 82' lang='grc' dir='ltr'>κᾶν</span> <span class='ocrx_word' id='word_1_781' title='bbox 1490 2370 1583 2405; x_wconf 86' lang='grc' dir='ltr'>μέρος,</span> <span class='ocrx_word' id='word_1_782' title='bbox 1608 2371 1712 2398; x_wconf 81' lang='grc' dir='ltr'>τούτων</span> <span class='ocrx_word' id='word_1_783' title='bbox 1726 2372 1869 2400; x_wconf 79' lang='grc' dir='ltr'>ἁπάντων</span> 
     </span>
    </p>
   </div>
   <div class='ocr_carea' id='block_1_100' title="bbox 222 2413 1025 2453">
    <p class='ocr_par' dir='ltr' id='par_1_100' title="bbox 222 2416 1012 2452">
     <span class='ocr_line' id='line_1_100' title="bbox 222 2416 1012 2452; baseline 0.004 -9"><span class='ocrx_word' id='word_1_784' title='bbox 222 2423 296 2450; x_wconf 82' lang='lat' dir='ltr'><strong>nem,</strong></span> <span class='ocrx_word' id='word_1_785' title='bbox 322 2416 380 2444; x_wconf 87' lang='lat' dir='ltr'><strong>sive</strong></span> <span class='ocrx_word' id='word_1_786' title='bbox 402 2421 507 2452; x_wconf 87' lang='lat' dir='ltr'><strong>partem</strong></span> <span class='ocrx_word' id='word_1_787' title='bbox 526 2425 532 2443; x_wconf 89' lang='lat'>:</span> <span class='ocrx_word' id='word_1_788' title='bbox 551 2417 674 2444; x_wconf 89' lang='lat' dir='ltr'><strong>omnium</strong></span> <span class='ocrx_word' id='word_1_789' title='bbox 700 2418 810 2445; x_wconf 90' lang='lat' dir='ltr'><strong>illorum</strong></span> <span class='ocrx_word' id='word_1_790' title='bbox 833 2418 958 2446; x_wconf 84' lang='lat' dir='ltr'><strong>conditor</strong></span> <span class='ocrx_word' id='word_1_791' title='bbox 971 2422 1012 2446; x_wconf 90' lang='lat' dir='ltr'><strong>est</strong></span> 
     </span>
    </p>
   </div>
   <div class='ocr_carea' id='block_1_101' title="bbox 1079 2413 1870 2453">
    <p class='ocr_par' dir='ltr' id='par_1_101' title="bbox 1080 2413 1870 2453">
     <span class='ocr_line' id='line_1_101' title="bbox 1080 2413 1870 2453; baseline 0.004 -11"><span class='ocrx_word' id='word_1_792' title='bbox 1080 2416 1123 2442; x_wconf 75' lang='grc' dir='ltr'>στὶ</span> <span class='ocrx_word' id='word_1_793' title='bbox 1135 2414 1303 2451; x_wconf 79' lang='grc' dir='ltr'>δημιουργὸς</span> <span class='ocrx_word' id='word_1_794' title='bbox 1317 2415 1331 2441; x_wconf 83' lang='grc' dir='ltr'>ὁ</span> <span class='ocrx_word' id='word_1_795' title='bbox 1347 2413 1412 2445; x_wconf 78' lang='grc' dir='ltr'>Θεὸς</span> <span class='ocrx_word' id='word_1_796' title='bbox 1424 2415 1471 2442; x_wconf 71' lang='grc' dir='ltr'>καὶ</span> <span class='ocrx_word' id='word_1_797' title='bbox 1487 2415 1582 2450; x_wconf 79' lang='grc' dir='ltr'>Πατὴρ</span> <span class='ocrx_word' id='word_1_798' title='bbox 1593 2415 1641 2442; x_wconf 85' lang='grc' dir='ltr'><strong>τοῦ</strong></span> <span class='ocrx_word' id='word_1_799' title='bbox 1655 2417 1758 2452; x_wconf 83' lang='grc' dir='ltr'>Κυρίου</span> <span class='ocrx_word' id='word_1_800' title='bbox 1776 2418 1870 2453; x_wconf 81' lang='grc' dir='ltr'>ἡμῶν</span> 
     </span>
    </p>
   </div>
   <div class='ocr_carea' id='block_1_102' title="bbox 223 2461 1025 2498">
    <p class='ocr_par' dir='ltr' id='par_1_102' title="bbox 223 2461 1013 2493">
     <span class='ocr_line' id='line_1_102' title="bbox 223 2461 1013 2493; baseline 0.005 -4"><span class='ocrx_word' id='word_1_801' title='bbox 223 2461 296 2489; x_wconf 84' lang='lat' dir='ltr'><strong>Deus</strong></span> <span class='ocrx_word' id='word_1_802' title='bbox 309 2466 338 2490; x_wconf 88' lang='lat' dir='ltr'><strong>et</strong></span> <span class='ocrx_word' id='word_1_803' title='bbox 349 2461 431 2490; x_wconf 85' lang='lat' dir='ltr'><strong>Pater</strong></span> <span class='ocrx_word' id='word_1_804' title='bbox 454 2462 563 2490; x_wconf 89' lang='lat' dir='ltr'><strong>Domini</strong></span> <span class='ocrx_word' id='word_1_805' title='bbox 589 2464 677 2490; x_wconf 89' lang='lat' dir='ltr'><strong>nostri</strong></span> <span class='ocrx_word' id='word_1_806' title='bbox 702 2463 766 2491; x_wconf 88' lang='lat' dir='ltr'><strong>Jesu</strong></span> <span class='ocrx_word' id='word_1_807' title='bbox 790 2464 893 2493; x_wconf 88' lang='lat' dir='ltr'><strong>Christi</strong></span> <span class='ocrx_word' id='word_1_808' title='bbox 912 2473 967 2493; x_wconf 82' lang='lat' dir='ltr'><strong>:ex</strong></span> <span class='ocrx_word' id='word_1_809' title='bbox 981 2472 1013 2493; x_wconf 85' lang='lat' dir='ltr'><strong>eo</strong></span> 
     </span>
    </p>
   </div>
   <div class='ocr_carea' id='block_1_103' title="bbox 1079 2461 1869 2498">
    <p class='ocr_par' dir='ltr' id='par_1_103' title="bbox 1080 2461 1869 2498">
     <span class='ocr_line' id='line_1_103' title="bbox 1080 2461 1869 2498; baseline 0.004 -10"><span class='ocrx_word' id='word_1_810' title='bbox 1080 2462 1159 2497; x_wconf 83' lang='grc' dir='ltr'>Ιησοῦ</span> <span class='ocrx_word' id='word_1_811' title='bbox 1170 2461 1288 2497; x_wconf 82' lang='grc' dir='ltr'>Χριστοῦ</span> <span class='ocrx_word' id='word_1_812' title='bbox 1302 2469 1309 2476; x_wconf 89' lang='grc'>·</span> <span class='ocrx_word' id='word_1_813' title='bbox 1327 2461 1357 2493; x_wconf 78' lang='grc' dir='ltr'><strong>ἐξ</strong></span> <span class='ocrx_word' id='word_1_814' title='bbox 1369 2461 1452 2488; x_wconf 81' lang='grc' dir='ltr'>αὐτοῦ</span> <span class='ocrx_word' id='word_1_815' title='bbox 1465 2461 1520 2496; x_wconf 80' lang='grc' dir='ltr'><strong>γὰρ</strong></span> <span class='ocrx_word' id='word_1_816' title='bbox 1542 2461 1618 2488; x_wconf 83' lang='grc' dir='ltr'>πᾶσα</span> <span class='ocrx_word' id='word_1_817' title='bbox 1634 2463 1738 2498; x_wconf 79' lang='grc' dir='ltr'>πατριά</span> <span class='ocrx_word' id='word_1_818' title='bbox 1762 2463 1796 2491; x_wconf 88' lang='grc' dir='ltr'>ὲν</span> <span class='ocrx_word' id='word_1_819' title='bbox 1814 2464 1869 2490; x_wconf 84' lang='grc' dir='ltr'><strong>οὓ-</strong></span> 
     </span>
    </p>
   </div>
   <div class='ocr_carea' id='block_1_104' title="bbox 222 2505 1025 2543">
    <p class='ocr_par' dir='ltr' id='par_1_104' title="bbox 222 2506 1012 2543">
     <span class='ocr_line' id='line_1_104' title="bbox 222 2506 1012 2543; baseline 0.005 -10"><span class='ocrx_word' id='word_1_820' title='bbox 222 2506 295 2533; x_wconf 89' lang='lat' dir='ltr'><strong>enim</strong></span> <span class='ocrx_word' id='word_1_821' title='bbox 320 2507 410 2534; x_wconf 87' lang='lat' dir='ltr'><strong>omnis</strong></span> <span class='ocrx_word' id='word_1_822' title='bbox 434 2507 584 2542; x_wconf 85' lang='lat' dir='ltr'><strong>paternitas</strong></span> <span class='ocrx_word' id='word_1_823' title='bbox 608 2507 635 2534; x_wconf 93' lang='lat' dir='ltr'><strong>in</strong></span> <span class='ocrx_word' id='word_1_824' title='bbox 659 2508 728 2535; x_wconf 67' lang='lat' dir='ltr'><strong>coelo</strong></span> <span class='ocrx_word' id='word_1_825' title='bbox 742 2513 770 2536; x_wconf 88' lang='lat' dir='ltr'><strong>et</strong></span> <span class='ocrx_word' id='word_1_826' title='bbox 785 2509 810 2536; x_wconf 93' lang='lat' dir='ltr'><strong>in</strong></span> <span class='ocrx_word' id='word_1_827' title='bbox 830 2513 921 2543; x_wconf 82' lang='lat' dir='ltr'><strong>terra,</strong></span> <span class='ocrx_word' id='word_1_828' title='bbox 941 2509 1012 2537; x_wconf 91' lang='lat' dir='ltr'><strong>sicut</strong></span> 
     </span>
    </p>
   </div>
   <div class='ocr_carea' id='block_1_105' title="bbox 1079 2505 1871 2543">
    <p class='ocr_par' dir='ltr' id='par_1_105' title="bbox 1079 2505 1871 2542">
     <span class='ocr_line' id='line_1_105' title="bbox 1079 2505 1871 2542; baseline 0.001 -8"><span class='ocrx_word' id='word_1_829' title='bbox 1079 2506 1140 2542; x_wconf 80' lang='grc' dir='ltr'><strong>ιανῷ</strong></span> <span class='ocrx_word' id='word_1_830' title='bbox 1155 2507 1203 2534; x_wconf 79' lang='grc' dir='ltr'><strong>καὶ</strong></span> <span class='ocrx_word' id='word_1_831' title='bbox 1217 2507 1265 2533; x_wconf 78' lang='grc' dir='ltr'><strong>ἐπὶ</strong></span> <span class='ocrx_word' id='word_1_832' title='bbox 1280 2506 1343 2541; x_wconf 84' lang='grc' dir='ltr'>γῆς,</span> <span class='ocrx_word' id='word_1_833' title='bbox 1356 2506 1394 2538; x_wconf 85' lang='grc' dir='ltr'><strong>ὡς</strong></span> <span class='ocrx_word' id='word_1_834' title='bbox 1418 2505 1603 2541; x_wconf 80' lang='grc' dir='ltr'>ἀνακηρύττει</span> <span class='ocrx_word' id='word_1_835' title='bbox 1623 2506 1759 2542; x_wconf 84' lang='grc' dir='ltr'>λαμπρῶς</span> <span class='ocrx_word' id='word_1_836' title='bbox 1775 2508 1791 2534; x_wconf 85' lang='grc' dir='ltr'>ὁ</span> <span class='ocrx_word' id='word_1_837' title='bbox 1806 2508 1871 2536; x_wconf 79' lang='grc' dir='ltr'>τῶν</span> 
     </span>
    </p>
   </div>
   <div class='ocr_carea' id='block_1_106' title="bbox 222 2550 1025 2589">
    <p class='ocr_par' dir='ltr' id='par_1_106' title="bbox 222 2550 1010 2586">
     <span class='ocr_line' id='line_1_106' title="bbox 222 2550 1010 2586; baseline 0.008 -9"><span class='ocrx_word' id='word_1_838' title='bbox 222 2551 295 2578; x_wconf 89' lang='lat' dir='ltr'><strong>clare</strong></span> <span class='ocrx_word' id='word_1_839' title='bbox 311 2550 411 2578; x_wconf 85' lang='lat' dir='ltr'><strong>Paulus</strong></span> <span class='ocrx_word' id='word_1_840' title='bbox 421 2572 427 2583; x_wconf 97' lang='lat'><strong>,</strong></span> <span class='ocrx_word' id='word_1_841' title='bbox 445 2556 582 2586; x_wconf 89' lang='lat' dir='ltr'><strong>spectator</strong></span> <span class='ocrx_word' id='word_1_842' title='bbox 604 2553 675 2581; x_wconf 92' lang='lat' dir='ltr'><strong>idem</strong></span> <span class='ocrx_word' id='word_1_843' title='bbox 689 2557 717 2581; x_wconf 90' lang='lat' dir='ltr'><strong>et</strong></span> <span class='ocrx_word' id='word_1_844' title='bbox 730 2553 827 2581; x_wconf 84' lang='lat' dir='ltr'><strong>doctor</strong></span> <span class='ocrx_word' id='word_1_845' title='bbox 842 2562 933 2582; x_wconf 89' lang='lat' dir='ltr'><strong>rerum</strong></span> <span class='ocrx_word' id='word_1_846' title='bbox 947 2555 1010 2583; x_wconf 86' lang='lat' dir='ltr'><strong>abs-</strong></span> 
     </span>
    </p>
   </div>
   <div class='ocr_carea' id='block_1_107' title="bbox 1079 2550 1870 2589">
    <p class='ocr_par' dir='ltr' id='par_1_107' title="bbox 1079 2551 1870 2589">
     <span class='ocr_line' id='line_1_107' title="bbox 1079 2551 1870 2589; baseline 0.004 -10"><span class='ocrx_word' id='word_1_847' title='bbox 1079 2554 1229 2589; x_wconf 80' lang='grc' dir='ltr'>.ποῤῥήτων</span> <span class='ocrx_word' id='word_1_848' title='bbox 1245 2553 1293 2580; x_wconf 76' lang='grc' dir='ltr'>καὶ</span> <span class='ocrx_word' id='word_1_849' title='bbox 1309 2552 1408 2588; x_wconf 81' lang='grc' dir='ltr'>θεατὴς</span> <span class='ocrx_word' id='word_1_850' title='bbox 1422 2552 1469 2578; x_wconf 61' lang='grc' dir='ltr'><strong>καὶ⁸</strong></span> <span class='ocrx_word' id='word_1_851' title='bbox 1492 2551 1663 2585; x_wconf 80' lang='grc' dir='ltr'>διδάσκαλος,</span> <span class='ocrx_word' id='word_1_852' title='bbox 1679 2553 1870 2588; x_wconf 74' lang='grc' dir='ltr'>ὀνομάζεται.</span> 
     </span>
    </p>
   </div>
   <div class='ocr_carea' id='block_1_108' title="bbox 222 2596 1025 2634">
    <p class='ocr_par' dir='ltr' id='par_1_108' title="bbox 222 2596 1012 2632">
     <span class='ocr_line' id='line_1_108' title="bbox 222 2596 1012 2632; baseline 0.005 -8"><span class='ocrx_word' id='word_1_853' title='bbox 222 2596 412 2629; x_wconf 87' lang='lat' dir='ltr'><strong>conditarum,</strong></span> <span class='ocrx_word' id='word_1_854' title='bbox 441 2598 620 2632; x_wconf 87' lang='lat' dir='ltr'><strong>pronuntiat,</strong></span> <span class='ocrx_word' id='word_1_855' title='bbox 650 2599 819 2626; x_wconf 88' lang='lat' dir='ltr'><strong>nominatur.</strong></span> <span class='ocrx_word' id='word_1_856' title='bbox 849 2599 921 2628; x_wconf 85' lang='lat' dir='ltr'><strong>Alibi</strong></span> <span class='ocrx_word' id='word_1_857' title='bbox 947 2608 1012 2628; x_wconf 85' lang='lat' dir='ltr'><strong>vero</strong></span> 
     </span>
    </p>
   </div>
   <div class='ocr_carea' id='block_1_109' title="bbox 1079 2596 1873 2634">
    <p class='ocr_par' dir='ltr' id='par_1_109' title="bbox 1079 2596 1873 2634">
     <span class='ocr_line' id='line_1_109' title="bbox 1079 2596 1873 2634; baseline 0.001 -8"><span class='ocrx_word' id='word_1_858' title='bbox 1079 2600 1118 2627; x_wconf 69' lang='grc' dir='ltr'><strong>ἰαὶ</strong></span> <span class='ocrx_word' id='word_1_859' title='bbox 1126 2601 1155 2627; x_wconf 81' lang='grc' dir='ltr'>ὲν</span> <span class='ocrx_word' id='word_1_860' title='bbox 1163 2599 1253 2631; x_wconf 82' lang='grc' dir='ltr'>ἄλλοις</span> <span class='ocrx_word' id='word_1_861' title='bbox 1266 2599 1336 2625; x_wconf 81' lang='grc' dir='ltr'>δὲτὰ</span> <span class='ocrx_word' id='word_1_862' title='bbox 1348 2598 1417 2625; x_wconf 78' lang='grc' dir='ltr'>αὐτὰ</span> <span class='ocrx_word' id='word_1_863' title='bbox 1430 2598 1576 2632; x_wconf 82' lang='grc' dir='ltr'>θεολογῶν,</span> <span class='ocrx_word' id='word_1_864' title='bbox 1585 2596 1638 2632; x_wconf 79' lang='grc' dir='ltr'><strong>Εἷς</strong></span> <span class='ocrx_word' id='word_1_865' title='bbox 1646 2600 1767 2634; x_wconf 82' lang='grc' dir='ltr'>Κύριος,</span> <span class='ocrx_word' id='word_1_866' title='bbox 1777 2601 1873 2634; x_wconf 67' lang='grc' dir='ltr'>φησι,</span> 
     </span>
    </p>
   </div>
   <div class='ocr_carea' id='block_1_110' title="bbox 222 2642 1025 2681">
    <p class='ocr_par' dir='ltr' id='par_1_110' title="bbox 222 2643 1010 2680">
     <span class='ocr_line' id='line_1_110' title="bbox 222 2643 1010 2680; baseline 0.003 -9"><span class='ocrx_word' id='word_1_867' title='bbox 222 2643 320 2671; x_wconf 88' lang='lat' dir='ltr'><strong>eodem</strong></span> <span class='ocrx_word' id='word_1_868' title='bbox 333 2643 414 2671; x_wconf 92' lang='lat' dir='ltr'><strong>modo</strong></span> <span class='ocrx_word' id='word_1_869' title='bbox 430 2643 462 2671; x_wconf 87' lang='lat' dir='ltr'><strong>de</strong></span> <span class='ocrx_word' id='word_1_870' title='bbox 480 2643 533 2672; x_wconf 88' lang='lat' dir='ltr'><strong>Deo</strong></span> <span class='ocrx_word' id='word_1_871' title='bbox 544 2644 684 2673; x_wconf 86' lang='lat' dir='ltr'><strong>disserens</strong></span> <span class='ocrx_word' id='word_1_872' title='bbox 700 2646 738 2673; x_wconf 87' lang='lat' dir='ltr'><strong>ait</strong></span> <span class='ocrx_word' id='word_1_873' title='bbox 754 2655 760 2672; x_wconf 90' lang='lat'>:</span> <span class='ocrx_word' id='word_1_874' title='bbox 777 2645 833 2674; x_wconf 83' lang='lat' dir='ltr'><strong>Una</strong></span> <span class='ocrx_word' id='word_1_875' title='bbox 849 2646 928 2680; x_wconf 71' lang='lat' dir='ltr'><strong>fidas,</strong></span> <span class='ocrx_word' id='word_1_876' title='bbox 944 2655 1010 2673; x_wconf 72' lang='lat' dir='ltr'><strong>unus</strong></span> 
     </span>
    </p>
   </div>
   <div class='ocr_carea' id='block_1_111' title="bbox 1079 2642 1875 2681">
    <p class='ocr_par' dir='ltr' id='par_1_111' title="bbox 1079 2642 1875 2680">
     <span class='ocr_line' id='line_1_111' title="bbox 1079 2642 1875 2680; baseline 0.001 -8"><span class='ocrx_word' id='word_1_877' title='bbox 1079 2647 1118 2674; x_wconf 86' lang='grc' dir='ltr'>ιίίι</span> <span class='ocrx_word' id='word_1_878' title='bbox 1133 2646 1245 2678; x_wconf 76' lang='grc' dir='ltr'>πίστις,</span> <span class='ocrx_word' id='word_1_879' title='bbox 1272 2644 1308 2671; x_wconf 79' lang='grc' dir='ltr'><em>ἒν</em></span> <span class='ocrx_word' id='word_1_880' title='bbox 1321 2643 1490 2679; x_wconf 77' lang='grc' dir='ltr'>βάπτισμα,</span> <span class='ocrx_word' id='word_1_881' title='bbox 1516 2642 1561 2678; x_wconf 78' lang='grc' dir='ltr'><strong>εἷς</strong></span> <span class='ocrx_word' id='word_1_882' title='bbox 1582 2645 1654 2678; x_wconf 82' lang='grc' dir='ltr'>Θεὸς</span> <span class='ocrx_word' id='word_1_883' title='bbox 1675 2645 1725 2672; x_wconf 71' lang='grc' dir='ltr'><strong>καί</strong></span> <span class='ocrx_word' id='word_1_884' title='bbox 1754 2646 1875 2680; x_wconf 81' lang='grc' dir='ltr'>Πατὴρ</span> 
     </span>
    </p>
   </div>
   <div class='ocr_carea' id='block_1_112' title="bbox 223 2688 1025 2727">
    <p class='ocr_par' dir='ltr' id='par_1_112' title="bbox 223 2688 1013 2727">
     <span class='ocr_line' id='line_1_112' title="bbox 223 2688 1013 2727; baseline 0.003 -10"><span class='ocrx_word' id='word_1_885' title='bbox 223 2691 386 2725; x_wconf 77' lang='lat' dir='ltr'><strong>baptismus,</strong></span> <span class='ocrx_word' id='word_1_886' title='bbox 410 2698 478 2716; x_wconf 77' lang='lat' dir='ltr'><strong>unus</strong></span> <span class='ocrx_word' id='word_1_887' title='bbox 497 2689 566 2718; x_wconf 67' lang='lat' dir='ltr'><strong>Deus</strong></span> <span class='ocrx_word' id='word_1_888' title='bbox 583 2695 608 2718; x_wconf 81' lang='lat' dir='ltr'><strong>ct</strong></span> <span class='ocrx_word' id='word_1_889' title='bbox 630 2690 714 2718; x_wconf 81' lang='lat' dir='ltr'><strong>Pater</strong></span> <span class='ocrx_word' id='word_1_890' title='bbox 742 2692 876 2725; x_wconf 82' lang='lat' dir='ltr'><strong>omnium,</strong></span> <span class='ocrx_word' id='word_1_891' title='bbox 903 2688 947 2727; x_wconf 68' lang='lat' dir='ltr'><strong>qui</strong></span> <span class='ocrx_word' id='word_1_892' title='bbox 976 2697 1013 2719; x_wconf 81' lang='lat' dir='ltr'><strong>est</strong></span> 
     </span>
    </p>
   </div>
   <div class='ocr_carea' id='block_1_113' title="bbox 1079 2688 1876 2727">
    <p class='ocr_par' dir='ltr' id='par_1_113' title="bbox 1079 2689 1876 2725">
     <span class='ocr_line' id='line_1_113' title="bbox 1079 2689 1876 2725; baseline -0.001 -6"><span class='ocrx_word' id='word_1_893' title='bbox 1079 2692 1196 2725; x_wconf 80' lang='grc' dir='ltr'>ιάντων,</span> <span class='ocrx_word' id='word_1_894' title='bbox 1214 2692 1230 2718; x_wconf 82' lang='grc' dir='ltr'><em>δ</em></span> <span class='ocrx_word' id='word_1_895' title='bbox 1249 2689 1299 2717; x_wconf 75' lang='grc' dir='ltr'><strong>ἐπὶ</strong></span> <span class='ocrx_word' id='word_1_896' title='bbox 1322 2689 1454 2723; x_wconf 76' lang='grc' dir='ltr'>πάντων,</span> <span class='ocrx_word' id='word_1_897' title='bbox 1469 2690 1520 2717; x_wconf 76' lang='grc' dir='ltr'>καὶ</span> <span class='ocrx_word' id='word_1_898' title='bbox 1543 2690 1593 2718; x_wconf 81' lang='grc' dir='ltr'><strong>διὰ</strong></span> <span class='ocrx_word' id='word_1_899' title='bbox 1613 2691 1744 2725; x_wconf 77' lang='grc' dir='ltr'>πάντων,</span> <span class='ocrx_word' id='word_1_900' title='bbox 1758 2691 1818 2718; x_wconf 71' lang='grc' dir='ltr'><strong>καὶ</strong></span> <span class='ocrx_word' id='word_1_901' title='bbox 1834 2692 1876 2718; x_wconf 79' lang='grc' dir='ltr'><strong>ἐν</strong></span> 
     </span>
    </p>
   </div>
   <div class='ocr_carea' id='block_1_114' title="bbox 221 2735 1025 2774">
    <p class='ocr_par' dir='ltr' id='par_1_114' title="bbox 221 2735 1012 2770">
     <span class='ocr_line' id='line_1_114' title="bbox 221 2735 1012 2770; baseline 0.003 -8"><span class='ocrx_word' id='word_1_902' title='bbox 221 2743 299 2770; x_wconf 73' lang='lat' dir='ltr'><strong>super</strong></span> <span class='ocrx_word' id='word_1_903' title='bbox 324 2735 412 2762; x_wconf 88' lang='lat' dir='ltr'><strong>omnia</strong></span> <span class='ocrx_word' id='word_1_904' title='bbox 432 2739 456 2762; x_wconf 82' lang='lat' dir='ltr'><strong>et</strong></span> <span class='ocrx_word' id='word_1_905' title='bbox 475 2743 521 2770; x_wconf 82' lang='lat' dir='ltr'><strong>per</strong></span> <span class='ocrx_word' id='word_1_906' title='bbox 536 2736 642 2769; x_wconf 87' lang='lat' dir='ltr'><strong>omnia,</strong></span> <span class='ocrx_word' id='word_1_907' title='bbox 659 2742 683 2764; x_wconf 78' lang='lat' dir='ltr'><strong>et</strong></span> <span class='ocrx_word' id='word_1_908' title='bbox 703 2737 731 2764; x_wconf 89' lang='lat' dir='ltr'><strong>in</strong></span> <span class='ocrx_word' id='word_1_909' title='bbox 751 2737 824 2764; x_wconf 71' lang='lat' dir='ltr'><strong>nobis</strong></span> <span class='ocrx_word' id='word_1_910' title='bbox 843 2737 962 2765; x_wconf 76' lang='lat' dir='ltr'><strong>carnibus</strong></span> <span class='ocrx_word' id='word_1_911' title='bbox 978 2738 1012 2765; x_wconf 89' lang='grc'><strong>⁷¹.</strong></span> 
     </span>
    </p>
   </div>
   <div class='ocr_carea' id='block_1_115' title="bbox 1079 2735 1877 2774">
    <p class='ocr_par' dir='ltr' id='par_1_115' title="bbox 1079 2736 1877 2774">
     <span class='ocr_line' id='line_1_115' title="bbox 1079 2736 1877 2774; baseline -0.001 -8"><span class='ocrx_word' id='word_1_912' title='bbox 1079 2738 1161 2766; x_wconf 69' lang='grc' dir='ltr'>πᾶσιν</span> <span class='ocrx_word' id='word_1_913' title='bbox 1173 2737 1256 2772; x_wconf 78' lang='grc' dir='ltr'><strong>ἡμῖν,</strong></span> <span class='ocrx_word' id='word_1_914' title='bbox 1278 2736 1453 2762; x_wconf 78' lang='grc' dir='ltr'>Ἀδιάστατον</span> <span class='ocrx_word' id='word_1_915' title='bbox 1471 2736 1499 2762; x_wconf 81' lang='grc' dir='ltr'><strong>δὲ</strong></span> <span class='ocrx_word' id='word_1_916' title='bbox 1514 2736 1561 2763; x_wconf 77' lang='grc' dir='ltr'>καὶ</span> <span class='ocrx_word' id='word_1_917' title='bbox 1585 2737 1745 2774; x_wconf 77' lang='grc' dir='ltr'>ἀμέριστον,</span> <span class='ocrx_word' id='word_1_918' title='bbox 1760 2736 1877 2774; x_wconf 79' lang='grc' dir='ltr'>ὥσπερ</span> 
     </span>
    </p>
   </div>
   <div class='ocr_carea' id='block_1_116' title="bbox 255 2816 1025 2870">
    <p class='ocr_par' dir='ltr' id='par_1_116' title="bbox 255 2816 996 2870">
     <span class='ocr_line' id='line_1_116' title="bbox 255 2816 996 2870; baseline 0.007 -15"><span class='ocrx_word' id='word_1_919' title='bbox 255 2826 277 2843; x_wconf 71' lang='grc' dir='ltr'>ετ</span> <span class='ocrx_word' id='word_1_920' title='bbox 296 2827 316 2855; x_wconf 86' lang='grc' dir='ltr'><strong>ιι</strong></span> <span class='ocrx_word' id='word_1_921' title='bbox 328 2827 390 2857; x_wconf 88' lang='lat' dir='ltr'><strong>Cor.</strong></span> <span class='ocrx_word' id='word_1_922' title='bbox 406 2837 442 2864; x_wconf 74' lang='grc' dir='ltr'>γι,</span> <span class='ocrx_word' id='word_1_923' title='bbox 461 2828 501 2857; x_wconf 77' lang='grc' dir='ltr'><strong>ιδ.</strong></span> <span class='ocrx_word' id='word_1_924' title='bbox 541 2830 562 2846; x_wconf 70' lang='grc' dir='ltr'>ιθ</span> <span class='ocrx_word' id='word_1_925' title='bbox 577 2829 644 2858; x_wconf 85' lang='lat' dir='ltr'><strong>ibid.</strong></span> <span class='ocrx_word' id='word_1_926' title='bbox 665 2830 706 2859; x_wconf 79' lang='lat' dir='ltr'><strong>is.</strong></span> <span class='ocrx_word' id='word_1_927' title='bbox 729 2823 766 2869; x_wconf 53' lang='grc' dir='ltr'><strong>,ἀς</strong></span> <span class='ocrx_word' id='word_1_928' title='bbox 786 2830 809 2858; x_wconf 89' lang='grc' dir='ltr'><strong>ιι</strong></span> <span class='ocrx_word' id='word_1_929' title='bbox 821 2830 884 2859; x_wconf 86' lang='lat' dir='ltr'><strong>Cor.</strong></span> <span class='ocrx_word' id='word_1_930' title='bbox 901 2816 950 2866; x_wconf 69' lang='grc' dir='ltr'>νιιῖ</span> <span class='ocrx_word' id='word_1_931' title='bbox 963 2820 996 2870; x_wconf 72' lang='grc' dir='ltr'><strong>ξι.</strong></span> 
     </span>
    </p>
   </div>
   <div class='ocr_carea' id='block_1_117' title="bbox 1079 2816 1556 2870">
    <p class='ocr_par' dir='ltr' id='par_1_117' title="bbox 1079 2830 1556 2868">
     <span class='ocr_line' id='line_1_117' title="bbox 1079 2830 1556 2868; baseline -0.006 -9"><span class='ocrx_word' id='word_1_932' title='bbox 1079 2832 1174 2868; x_wconf 74' lang='lat' dir='ltr'><strong>Ephcs.</strong></span> <span class='ocrx_word' id='word_1_933' title='bbox 1189 2839 1231 2866; x_wconf 88' lang='grc' dir='ltr'>ιιι,</span> <span class='ocrx_word' id='word_1_934' title='bbox 1245 2832 1288 2860; x_wconf 63' lang='lat' dir='ltr'><strong>id.</strong></span> <span class='ocrx_word' id='word_1_935' title='bbox 1327 2833 1348 2849; x_wconf 73' lang='grc' dir='ltr'>τί</span> <span class='ocrx_word' id='word_1_936' title='bbox 1370 2831 1470 2867; x_wconf 84' lang='lat' dir='ltr'><strong>Ephcs.</strong></span> <span class='ocrx_word' id='word_1_937' title='bbox 1488 2838 1525 2866; x_wconf 90' lang='lat' dir='ltr'><strong>Iv,</strong></span> <span class='ocrx_word' id='word_1_938' title='bbox 1540 2830 1556 2857; x_wconf 80' lang='lat'><strong>5</strong></span> 
     </span>
    </p>
   </div>
  </div>
