1931 3082
103 131 150 163 165

610 130 757 160 CONTRA
776 129 1006 160 MANIClI/EOS
1026 130 1140 159 LIBER
1159 129 1216 159 Ili.

1678 128 1728 161 166

99 189 145 223 τὴν
157 186 240 222 φύσιν
251 187 298 213 καὶ
314 186 344 213 τὸ
360 186 479 221 θέλημα,
498 185 571 213 οὕτω
584 186 630 212 καὶ
639 187 688 222 τὴν
703 186 887 222 δημιουργίαν

942 187 1061 221 Cumque
1089 187 1159 213 idem
1178 190 1272 212 nosset
1286 184 1392 212 Patrem
1406 190 1434 213 et
1447 185 1555 218 Filium,
1570 185 1642 213 sicut
1655 186 1727 221 quod

100 234 144 261 καὶ
158 234 190 259 τὸ
209 233 310 268 κράτος
337 231 414 263 εἰδὼς
430 231 477 258 τοῦ
495 232 612 268 Πατρδς,
628 234 676 259 καὶ
697 232 745 259 τοῦ
762 232 840 265 Υίοῦ,
853 233 888 259 τὰ

100 279 166 307 αὐτὰ
183 280 230 306 καὶ
245 279 311 314 περ)⁵
323 277 370 305 τοῦ
383 279 510 313 Σωτῆρος
531 279 803 314 πεπαρῥησιασμένῃ
819 279 888 313 κρά-

99 326 138 357 ζει
148 327 235 360 φωνῇ.
257 325 309 351 Ἐν
322 324 403 356 αὐτῷ
417 325 483 358 γὰρ,
498 325 576 359 φησὶ,
588 325 711 358 ἐκτίσθη
725 325 761 351 τὰ
778 326 886 352 πάντα.

100 371 217 405 Πρόσεχε
229 378 236 384 ·
250 370 287 397 Τὰ
301 370 411 401 πάντα,
421 370 455 396 τὰ
471 372 498 396 ἐν
515 371 572 401 τοῖς
593 371 718 405 οὐρανοῖς
734 371 781 397 καὶ
794 370 828 397 τὰ
841 371 888 397 ἐπὶ

98 416 146 450 τῆς
157 416 218 450 γῆς.
245 415 300 442 Καὶ
325 415 370 441 ἴνα
388 415 425 450 μὴ
447 417 463 450 ἡ
494 416 576 452 μανία
593 416 693 452 λήρους
710 416 806 448 ἄλλους
827 417 888 448 ταῖς

101 462 183 496 ἱεραῖς
200 462 302 495 φωναῖς
322 461 457 497 ὑποϐάλῃ,
484 461 524 488 ἔτι
552 463 621 490 κατὰ
646 463 786 497 συνέχειαν
807 462 888 496 ἐπεξ-

99 509 216 541 ηγεῖται,
226 507 285 533 τίνα
298 508 352 533 εἰσὶ
367 507 401 534 τὰ
415 507 444 534 ἐν
463 509 520 540 τοῖς
536 508 661 544 οὐρανοῖς
677 510 723 535 καὶ
735 509 768 535 τὰ
778 509 824 536 ἐπὶ
838 509 887 544 τῆς

100 553 160 587 γῆς,
178 553 219 579 δτι
233 553 267 579 τὰ
282 553 368 586 ὁρατὰ
379 553 428 580 καὶ
442 553 478 580 τὰ
494 554 609 589 ἀόρατα,
625 555 672 581 καὶ
695 554 783 581 ταῦτα
800 555 888 581 πάντα

100 599 128 624 ἐν
144 598 220 633 αὐτῷ
239 607 306 633 φησι
321 598 456 630 ἐκτίσθαι,
477 601 524 626 καὶ
537 600 571 625 δι’
585 600 667 626 αὐτοῦ
682 601 728 626 καὶ
744 601 782 632 είς
795 601 887 628 αὐτόν.

102 642 161 674 Πῶς
172 641 219 669 οὖν
236 643 253 678 ἡ
266 643 437 678 ἀποστατικὴ
449 644 535 671 λύσσα
554 645 609 672 τῶν
628 646 677 681 μὲν
688 647 794 681 ὁρατῶν
809 647 889 674 ἄλλον

102 688 215 723 πράττει
238 690 366 724 ποιητὴν,
393 690 471 716 ἄλλον
487 690 515 716 δὲ
540 691 593 717 τῶν
615 692 761 726 ὰοράτων;
781 693 812 719 Et
834 693 889 728 γὰρ

103 735 189 760 πὶντα
209 734 252 761 διὰ
277 735 396 769 Χριστοῦ
412 735 459 762 καὶ
483 737 522 767 είς
544 737 662 771 Χριστὸν
682 737 816 769 ἔκτισται,
842 739 890 765 καὶ

102 780 181 810 αὐτὸς
196 781 254 806 ἐστι
270 781 323 814 πρὸ
339 781 460 814 πάντων,
478 783 524 808 καὶ
540 782 575 808 τὰ
591 782 680 809 πάντα
696 784 723 809 ἐν
736 784 811 818 αὐτῷ
825 793 888 810 συν-

102 826 213 860 έστηκε,
230 825 281 852 ποῦ
305 827 322 862 ἡ
336 827 502 862 δημιουργία
522 828 569 854 τοῦ
594 828 706 864 Ἐχθροῦ
718 837 725 861 ;
739 830 792 856 Καὶ
808 830 890 862 αὺτὺς

103 870 152 906 μὲν
162 871 176 897 ὁ
190 871 303 905 ’Λγαθὸς
316 872 432 906 προάγει
443 880 449 887 ·
460 873 588 907 προάγων
602 874 630 900 δὲ
642 875 757 909 συνέχει,
771 876 889 911 συνέχων

100 916 188 942 δὲκαὶ
208 916 257 950 τῆς
282 917 413 952 διαμονῆς
435 919 601 953 προνοεῖται.
630 919 677 946 Ἐκ
701 921 782 952 ποίας
807 921 890 957 ἄλλης

100 961 240 996 ἐνεργείας
259 961 374 988 δώσουσι
404 962 458 988 τῶν
480 962 526 989 τοῦ
547 963 614 990 Θεοῦ
637 964 890 1000 δημιουργημάτων

101 1006 149 1040 ’τὴν
158 1006 282 1039 ἐξουσίαν
293 1006 331 1041 τῷ
348 1007 463 1043 Ἐχθρῷ,
473 1008 498 1034 εἰ
514 1009 551 1043 μὴ
565 1009 619 1044 ἄρα
635 1009 667 1036 δι’
677 1011 776 1044 αὐτῶν,
789 1008 847 1045 ὲνῷ
860 1021 890 1039 τε

102 1052 245 1086 πληρωταὶ
261 1053 313 1079 τῶν
322 1052 483 1088 θελημάτων
496 1055 550 1080 εἰσὶ
569 1055 616 1082 τοῦ
635 1056 748 1091 Ἐχθροῦ
758 1078 764 1090 ,
777 1058 824 1085 καὶ
831 1059 859 1085 ὲν
868 1055 890 1092 ᾧ

103 1097 140 1133 μὴ
155 1097 309 1134 πεφρίκασι
321 1098 466 1134 θεομαχεῖν
477 1108 484 1133 ;
496 1098 575 1127 Οὗτοι
590 1102 645 1138 γὰρ
660 1103 730 1130 κατὰ
741 1103 788 1130 τοῦ
799 1104 890 1131 κοινοῦ

101 1143 237 1170 Δεσπότου
255 1144 303 1170 καὶ
318 1144 439 1172 πλάστου
469 1147 557 1181 στόμα
579 1147 764 1181 πλατύναντες
785 1149 891 1185 δύσφη-

103 1198 163 1224 μον,
184 1190 232 1216 καὶ
246 1190 317 1216 κατὰ
328 1191 378 1226 τῆς
394 1191 595 1228 δημιουργικῆς
607 1194 690 1222 αὐτοῦ
704 1196 889 1232 ἐπανιστάμε-

101 1243 142 1261 νοι
159 1235 330 1270 κυριότητος,
355 1237 403 1263 καὶ
429 1239 486 1269 τοῖς
508 1238 636 1271 ὲκτόποις
656 1240 772 1267 πάθεσιν
785 1241 891 1269 ὑποκα-

101 1281 280 1313 τακλίναντες
302 1283 428 1316 ἑαυτοὺς,
449 1284 479 1316 ἐξ
498 1282 536 1311 ὧν
553 1294 582 1311 τε
604 1285 779 1321 θεομαχοῦσι,
796 1288 843 1314 καὶ
862 1288 891 1321 ἐξ

101 1324 139 1354 ὧν
149 1327 236 1362 δρῶσι
254 1329 288 1354 τὰ
302 1327 419 1364 ἄθεσμα.
440 1329 554 1361 ἑαυτοὺς
571 1330 765 1367 ὑπέφηνανεὼς
784 1332 892 1368 ἀληθῶς

101 1372 333 1408 δημιουργήματα
350 1374 397 1400 καὶ
409 1374 518 1406 δούλους
533 1375 579 1402 τοῦ
594 1376 719 1411 Ἑχθροῦ.
734 1374 769 1412 ᾮ
781 1378 835 1414 γάρ
850 1387 892 1410 τις

101 1417 228 1452 ἥττηται,
242 1418 330 1454 τούτῳ
343 1419 390 1445 καὶ
404 1420 573 1447 δεδούλωται.
594 1421 665 1448 Ἀλλ’
675 1421 770 1458 ὥσπερ
782 1423 893 1456 ἑκόντες

102 1463 172 1497 προς
186 1463 221 1489 τὰ
245 1463 319 1499 πάθη
337 1465 555 1500 κατασυρόμενοι
573 1466 641 1502 (66),
662 1469 709 1494 καὶ
730 1469 800 1495 κατὰ
815 1469 892 1496 τοῦτο

937 232 971 258 ad
991 235 1117 258 naturam
1132 235 1160 258 et
1173 230 1353 263 voluntatem,
1372 230 1409 257 ita
1426 235 1454 257 et
1472 230 1543 265 quod
1562 230 1594 257 ad
1610 231 1729 258 creatio-

938 284 999 304 nem
1020 281 1048 304 et
1060 277 1220 311 potentiam.
1240 275 1437 310 inseparabiles
1457 283 1517 303 esse
1531 280 1560 303 et
1584 276 1727 308 indivisos,

937 323 1032 350 eadem
1049 323 1131 350 etiam
1149 321 1183 348 de
1201 321 1346 348 Scrvatore
1359 321 1445 348 libera
1460 329 1525 349 voce
1546 321 1727 356 proloquitur.

937 370 968 397 In
980 370 1037 404 ipso
1047 370 1127 402 rm'm,
1137 368 1275 403 inquiens,
1286 372 1375 395 creata
1382 374 1441 394 sum
1453 368 1543 394 omnia
1554 369 1588 395 ".
1599 368 1726 396 Attende;

937 415 1044 448 Omnia,
1055 423 1115 449 qua:
1129 414 1156 442 in
1170 414 1247 442 cmlis
1261 419 1289 442 et
1311 415 1337 441 in
1351 418 1423 441 terra
1438 420 1513 441 sunt.
1530 414 1563 442 Et
1578 422 1613 441 ne
1632 414 1727 442 insana

938 461 1038 488 cohors
1051 468 1137 496 nugas
1161 468 1224 487 suas
1239 460 1329 488 verbis
1347 460 1432 487 sacris
1450 460 1599 493 aﬂ‘ricaret,
1616 459 1643 486 in
1657 461 1729 487 serie

937 507 1071 534 orationis
1094 506 1233 538 edisserit,
1258 513 1383 540 quzenam
1408 505 1463 532 sint
1477 513 1509 532 ea
1524 505 1550 532 in
1568 505 1644 533 caelis
1658 510 1685 533 et
1701 506 1727 532 in

939 557 1027 586 terra;
1042 552 1122 580 docet
1139 553 1212 579 enim
1231 551 1348 579 visibilia
1364 555 1391 578 et
1422 551 1581 583 invisibilia,
1597 555 1624 578 et
1636 551 1728 578 omnia

939 599 966 626 in
982 606 1015 625 eo
1028 602 1121 625 creata
1141 606 1211 630 esse,
1237 602 1264 625 et
1285 606 1333 632 per
1347 605 1420 630 eum,
1438 601 1467 624 et
1483 597 1510 623 in
1528 596 1627 632 ipsum.
1653 597 1730 630 Quo-

939 643 1020 671 modo
1039 643 1130 678 itaque
1151 647 1336 678 apostatarum
1355 642 1444 670 rabies
1469 642 1552 669 alium
1570 642 1729 675 visibilium,

939 690 1022 717 alium
1059 689 1238 716 invisibilium
1270 696 1361 716 rerum
1395 688 1565 715 conditorem
1591 687 1675 715 facit?
1701 688 1730 715 Si

939 735 1013 762 enim
1040 735 1132 762 omnia
1157 742 1205 769 per
1231 734 1369 761 Christum
1383 738 1411 760 et
1426 733 1452 759 in
1475 733 1614 760 Christum
1639 737 1731 760 creata

940 785 1016 812 sunt,
1032 783 1060 807 et
1075 780 1146 807 idern
1158 784 1200 807 est
1212 783 1275 806 ante
1288 779 1392 812 omnia,
1406 783 1433 805 et
1447 778 1538 805 omnia
1553 778 1579 805 in
1595 778 1654 813 ipso
1665 787 1730 806 con-

941 826 1051 858 sistunt,
1078 826 1123 853 ubi
1141 825 1249 852 tandem
1270 829 1312 852 est
1325 824 1429 852 creatio
1455 823 1560 851 hostis?
1586 824 1656 851 Sane
1674 825 1732 859 ipse

942 872 986 899 ille
997 872 1086 899 bonus
1099 872 1171 899 Deus
1182 871 1324 906 producit;
1340 871 1496 906 producens
1512 877 1575 897 vero
1590 870 1730 903 continet;

941 917 1086 945 continens
1110 925 1176 945 vero
1191 917 1323 952 prospicit
1339 922 1368 944 ut
1381 919 1576 952 'persevercnt.
1590 915 1650 948 Quo
1667 923 1733 943 vero

941 963 995 991 alio
1021 967 1184 999 argumento
1207 963 1279 990 hosti
1301 967 1463 998 potestatem
1484 963 1511 989 in
1526 965 1667 990 creaturas
1685 962 1733 990 hci

941 1010 1128 1043 vindicabunt,
1147 1017 1227 1045 quam
1242 1018 1276 1036 ex
1292 1017 1336 1041 eo,
1352 1009 1424 1044 quod
1449 1008 1500 1044 ipsi
1520 1008 1668 1044 perﬁciunt
1684 1016 1734 1036 vo-

941 1055 1073 1082 luntatem
1100 1055 1207 1088 hostis,
1231 1059 1260 1082 et
1282 1062 1338 1081 non
1365 1058 1496 1081 verentur
1523 1054 1609 1081 Deum
1643 1054 1733 1089 ipsum

941 1101 1114 1136 oppugnare?
1141 1100 1193 1136 Ipsi
1217 1101 1307 1133 enim,
1339 1100 1404 1127 dum
1435 1104 1531 1128 contra
1560 1108 1733 1128 communem

942 1146 1086 1174 Dominum
1102 1150 1128 1174 el
1152 1146 1326 1174 conditorem
1358 1145 1460 1173 infame
1476 1153 1507 1173 os
1523 1146 1667 1181 aperiunt,
1685 1146 1735 1173 do-

942 1192 1112 1226 miniumque
1130 1192 1190 1227 ejus
1203 1212 1210 1224 ,
1229 1193 1302 1226 quod
1331 1191 1453 1218 Creatori
1476 1192 1624 1226 competit,
1648 1199 1737 1226 oppu-

942 1243 1040 1274 gnant,
1066 1238 1302 1272 insolentibusque
1334 1236 1478 1264 aiiectibus
1511 1237 1615 1272 seipsos
1650 1238 1736 1272 subji-

942 1285 1028 1317 ciunt,
1053 1289 1111 1311 tum
1127 1291 1218 1319 pugna
1233 1291 1282 1311 sua
1298 1283 1326 1310 in
1342 1283 1438 1315 Deum,
1455 1288 1513 1310 tum
1529 1283 1632 1311 illicitis
1647 1283 1735 1311 actio-

942 1331 1024 1358 nibus
1043 1331 1168 1366 probant,
1190 1337 1219 1357 se
1237 1329 1313 1364 ipsos
1334 1336 1400 1357 vere
1422 1333 1563 1356 creaturas
1588 1333 1615 1356 et
1640 1336 1736 1356 servos

943 1376 1030 1404 hostis
1055 1384 1126 1403 esse.
1142 1376 1164 1402 A
1181 1383 1236 1410 quo
1262 1375 1334 1402 enim
1365 1375 1463 1410 aliquis
1494 1375 1585 1402 vietus
1611 1378 1674 1407 est.
1701 1375 1736 1402 ab

943 1421 1038 1448 eodem
1064 1421 1091 1447 in
1117 1421 1276 1448 servitutem
1302 1424 1344 1447 est
1372 1419 1510 1447 redactus.
1537 1419 1615 1446 Sicut
1644 1424 1735 1446 autent

944 1471 1040 1502 sponte
1056 1471 1150 1494 nostra
1165 1467 1191 1493 in
1207 1466 1321 1493 ail‘ectus
1341 1470 1451 1492 nostros
1467 1464 1574 1499 abrepti
1587 1464 1735 1499 providen-

100 1509 151 1558 τῇς
163 1509 363 1545 δημιουργικῆς
381 1511 514 1546 Προνοίας
530 1513 577 1539 καὶ
589 1513 636 1549 τῆς
653 1513 720 1549 πρὸς
735 1515 780 1541 τον
795 1515 891 1551 ἀληθι-

947 1513 982 1539 tia
999 1511 1135 1540 Creatoris
1159 1512 1273 1547 ejusque
1288 1516 1318 1538 nt
1331 1511 1387 1539 veri
1405 1511 1553 1538 conditoris
1564 1510 1738 1545 possessione

101 1554 148 1581 νὸν
163 1555 288 1590 πλάστην
314 1556 477 1588 οῐκειώσεως
496 1558 688 1594 διαπίπτομεν,
709 1560 754 1587 τὸν
772 1561 893 1597 Πονηρὸν

100 1599 129 1625 δὲ
143 1599 279 1635 δεσπότην
293 1601 401 1633 ἑαυτοῖς
418 1603 612 1638 ἑπεισάγομεν,
636 1606 684 1631 καὶ
700 1606 750 1641 τὴν
767 1607 894 1641 γλῶσσαν

101 1646 208 1678 ὀξύνειν
233 1646 304 1673 κατὰ
326 1647 374 1673 τοῦ
400 1649 544 1684 εὐεργέτου
569 1646 616 1677 καῖ
643 1651 761 1678 πλάστςυ
777 1654 829 1681 ὑπὸ
847 1655 894 1682 τοῦ

103 1691 240 1725 Πολεμίου
253 1693 476 1729 ὰναπεισθόμεθα
489 1703 496 1711 ·
512 1695 597 1728 οὕτως
620 1697 652 1724 ἆν
675 1698 730 1724 τῶν
754 1700 847 1728 παθῶν
864 1701 895 1728 τὺ

102 1735 201 1767 σκότος
212 1736 388 1772 ὲκφύγωμεν,
405 1739 454 1766 καὶ
478 1741 529 1775 τήν
553 1750 582 1767 τε
597 1742 686 1778 ψυχὴν
702 1745 748 1770 καὶ
764 1745 795 1772 τὸ
816 1746 895 1782 σῶμα

101 1780 172 1806 Θεοῦ
189 1781 421 1819 δημιουργήματα
439 1786 587 1821 ἐπιγνῶναι
611 1789 781 1825 θελήσωμεν,
796 1780 896 1820 autin

102 1826 155 1861 μὲν
167 1826 316 1862 ἐλαύνομεν
324 1829 373 1864 τῆς
384 1830 445 1857 καθ’
455 1832 534 1866 ἡμῶν
546 1835 705 1869 τυραννίδος
717 1836 762 1863 τὸν
771 1837 894 1874 Ἐχθρδν,

102 1874 153 1921 οιαὶ
182 1874 332 1921 ὀφθαλμοῖς
369 1877 477 1913 ὁρῶμεν
512 1881 730 1917 κεκαθαρμένοις
760 1885 895 1921 μηδεμίαν

101 1919 200 1954 ἔχοντα
213 1920 275 1947 καθ’
288 1922 366 1957 ἡμῶν
384 1925 452 1959 μήτε
468 1925 554 1960 ἰσχὺν,
570 1927 638 1962 μήτε
653 1919 812 1965 κυριότητα,
828 1919 895 1958 ἀλλὰ

89 1967 333 2007 ⁴ειημπατούμενον
343 1968 390 1995 καὶ
403 1969 603 2006 διαγελώμενον
618 1973 662 2007 ὑφ’
675 1973 764 2008 ἡμῶν,
776 1975 856 2002 αὐτόν
865 1985 895 2002 τε

99 2009 152 2036 καὶ
169 2011 260 2037 πᾶσαν
279 2012 363 2039 αὑτοῦ
388 2013 439 2048 τὴν
461 2014 587 2050 δύναμιν.
610 2017 672 2043 Ἐπὶ
698 2018 814 2046 ἀσπίδα
829 2020 893 2054 γὰρ,

101 2056 184 2090 φησὶ,
203 2056 251 2083 καί
268 2058 457 2089 ,βασιλίσκον
470 2060 600 2096 ἐπιϐήσῃ
611 2062 659 2088 καὶ
673 2064 895 2098 κιιτιιπατήσεις

100 2104 215 2130 λέοντα
226 2104 275 2130 καὶ
287 2103 447 2138 δράκοντα.
470 2107 542 2139 Ἕως
557 2108 578 2134 δ’
592 2108 624 2135 ἂν
635 2110 696 2140 ταῖς
712 2109 895 2146 ψυχοςρθόροις

101 2148 212 2182 ἡδοναῖς
226 2149 402 2185 ί).υσπώμεθα
415 2151 482 2186 (67),
503 2153 550 2179 καὶ
565 2153 653 2180 ὀπίσω
668 2155 721 2182 τῶν
730 2156 894 2192 ἐπιθυμιῶν,

945 1558 1105 1591 excidimus,
1132 1558 1253 1586 vicissim
1274 1565 1339 1585 vero
1363 1557 1466 1584 malum
1488 1556 1632 1584 dominum
1655 1556 1736 1584 nobis

945 1605 1116 1638 aseiseimus,
1140 1609 1169 1632 et
1191 1605 1225 1632 ad
1246 1604 1395 1632 acuendam
1417 1604 1445 1631 in
1467 1603 1668 1631 benefactorcm
1686 1603 1738 1630 lin-

945 1659 1023 1687 guam
1038 1651 1072 1678 ab
1086 1651 1164 1678 hoste
1177 1650 1273 1677 adduci
1285 1658 1336 1677 nos
1351 1649 1486 1684 patimur;
1497 1648 1578 1679 ita.si
1589 1647 1737 1676 aii'ectuum

945 1697 1087 1732 caliginem
1103 1695 1251 1731 fugiamus,
1265 1695 1346 1722 facile
1358 1699 1385 1722 et
1399 1695 1518 1721 animam
1532 1698 1560 1721 et
1572 1701 1673 1728 corpus
1687 1701 1737 1728 pro

945 1743 1076 1771 creaturis
1114 1742 1161 1770 Dei
1194 1749 1342 1777 agnoscere
1375 1741 1516 1774 velimus,
1552 1744 1610 1767 tum
1646 1739 1736 1767 statim

945 1790 1052 1817 hostem
1070 1797 1085 1816 a
1103 1789 1244 1824 lyrannico
1259 1788 1285 1814 in
1304 1795 1355 1814 nos
1381 1786 1495 1821 imperio
1515 1785 1692 1820 repellimus,
1709 1789 1738 1812 et

946 1836 1022 1871 puris
1037 1835 1123 1863 oculis
1132 1842 1193 1862 cum
1207 1834 1277 1860 milia
1294 1834 1426 1860 adversus
1440 1839 1491 1859 nos
1504 1832 1530 1858 vi
1541 1836 1590 1858 aut
1602 1835 1736 1866 potestate

947 1882 1133 1914 instructum,
1161 1881 1209 1907 sed
1236 1880 1425 1907 conculcatnm
1455 1877 1546 1912 potius
1565 1885 1580 1904 a
1601 1877 1682 1904 nobis
1709 1881 1738 1904 et

945 1934 1007 1954 cum
1023 1926 1098 1953 omni
1113 1933 1162 1953 sua
1182 1924 1304 1960 potentia
1322 1923 1440 1951 ludihrio
1454 1922 1577 1950 habitum
1599 1922 1736 1957 conspici-

946 1979 1017 1999 mns.
1040 1970 1125 2005 Super
1140 1971 1232 2005 aspide
1246 1971 1327 2002 enim,
1341 1969 1442 2004 inquit,
1455 1973 1480 1996 et
1495 1968 1617 1996 basilisca
1631 1969 1738 2003 gradie-

946 2019 993 2050 ris,
1013 2018 1163 2053 leonemque
1185 2022 1209 2044 et
1224 2018 1364 2044 draconem
1390 2015 1552 2042 conculcabis
1568 2015 1601 2042 ⁷³.
1622 2014 1737 2048 Quando

946 2071 1012 2091 vero
1027 2063 1052 2090 in
1069 2063 1269 2098 voluptatibus,
1292 2062 1390 2089 animae
1417 2061 1551 2096 pestibus,
1571 2061 1734 2092 volutamur,

947 2113 974 2135 et
989 2107 1162 2143 cupiditates,
1176 2108 1203 2134 in
1219 2115 1288 2142 quas
1311 2106 1398 2134 hostis
1420 2113 1472 2133 nos
1496 2105 1620 2140 impellit,
1646 2111 1736 2133 secta-

947 2163 1019 2188 mur,
1036 2162 1068 2182 ae
1087 2159 1144 2181 tum
1167 2153 1259 2189 lingua
1285 2157 1342 2180 tum
1361 2152 1417 2179 vita
1445 2151 1535 2178 minus
1551 2155 1578 2178 et
1595 2151 1660 2178 boni
1688 2151 1735 2178 Ι).νί

99 2192 173 2227 πρὸς
187 2193 221 2225 ἃς
242 2195 340 2229 ἡμεῖςὸ
361 2195 473 2231 Ἐχθρδς
497 2199 622 2229 συνωθεῖ,
638 2200 827 2236 πορευώμεθα,
848 2204 891 2229 καὶ

949 2200 1033 2227 nostri
1051 2204 1177 2226 naturam
1191 2204 1219 2226 et
1235 2199 1391 2234 imperium,
1407 2203 1434 2226 et
1450 2199 1561 2226 creandi
1575 2198 1735 2235 dignitatem

99 2238 249 2274 τέμνωμεν
263 2241 295 2275 τῇ
309 2240 419 2278 γλώσσῃ
433 2242 480 2269 καὶ
499 2243 538 2278 τῷ
549 2243 610 2279 βίῳ,
623 2246 670 2271 καὶ
691 2246 845 2282 δικάζωμεν
857 2250 896 2281 εἰς

101 2285 266 2319 μαχομένας
283 2286 381 2321 μοίρας
401 2287 446 2314 τοῦ
473 2288 577 2323 ἀγαθοῦ
593 2291 640 2317 καὶ
658 2292 716 2324 ἑνὸς
730 2292 797 2318 Θεοῦ
819 2293 897 2328 ἡμῶν

98 2328 153 2363 τὴν
174 2329 256 2362 φύσιν
273 2331 319 2357 καὶ
339 2331 389 2367 τὴν
414 2332 563 2366 βασιλείαν,
581 2336 628 2362 καὶ
645 2337 676 2362 τὸ
691 2337 742 2371 τῆς
766 2337 897 2373 δημιουρ-

99 2373 168 2406 γίας
186 2374 305 2410 ἀξίωμα,
321 2376 453 2412 οὐμενοῦν
470 2379 520 2405 οὐκ
537 2379 570 2406 ἂν
587 2381 666 2415 ἡμῶν
679 2381 767 2408 οὐδενὶ
790 2383 895 2415 γένοιτο

97 2420 152 2454 τῆς
173 2420 402 2457 ὑπεξυυσιότητος
423 2423 471 2450 καὶ
492 2425 652 2460 τυραννίδος
677 2427 894 2463 ὲλευθερωθῆναι

96 2465 148 2493 τοῦ
169 2466 294 2503 Ἐχθροῦ,
320 2469 369 2495 καὶ
384 2470 451 2505 πρὸς
465 2470 511 2497 τὶν
533 2471 746 2508 ἀληθινὸνὴμῶν
762 2474 828 2500 Θεὸν
847 2474 894 2501 καὶ

97 2512 239 2548 πλάστην,
259 2514 306 2541 καὶ
320 2514 351 2541 τὸ
363 2514 421 2549 φῶς
438 2516 488 2551 τῆς
501 2517 542 2548 εἰς
557 2517 638 2545 αὑτὸν
661 2519 801 2551 εὐσεϐείας
815 2521 894 2546 ἐναυ-

95 2558 251 2594 γασθῆναι.
275 2560 324 2587 Διὰ
338 2560 392 2596 γὰρ
406 2561 452 2588 τοῦ
470 2561 562 2597 σχίσαι
579 2563 629 2598 τὴν
653 2564 717 2599 μίαν
730 2565 818 2600 ἀρχὴν
846 2565 893 2592 καὶ

134 2656 160 2673 ἠ
175 2655 277 2692 Ephes.
292 2666 329 2689 iv,
340 2658 366 2685 6.
404 2658 428 2675 ⁷³
439 2659 510 2686 Psal.
525 2668 567 2692 xc,
587 2660 627 2688 15.

946 2253 1071 2273 secamus
1088 2250 1117 2272 et
1133 2245 1160 2271 in
1178 2244 1318 2279 oppositas
1342 2248 1433 2278 partes
1449 2244 1606 2275 dividimus.
1632 2243 1736 2270 nemini

945 2296 1070 2318 nostrum
1094 2295 1148 2318 tam
1173 2290 1252 2318 beato
1270 2297 1331 2317 esse
1349 2289 1456 2322 licebit,
1471 2293 1501 2316 ut
1522 2289 1556 2316 ab
1578 2289 1664 2316 hostis
1688 2296 1736 2316 su-

946 2344 1038 2372 prema
1053 2340 1187 2371 potestate
1201 2340 1229 2363 et
1242 2335 1383 2371 tyrannide
1398 2335 1540 2367 liberetur,
1554 2339 1582 2362 et
1595 2335 1629 2362 ad
1641 2343 1735 2362 verum

946 2382 1031 2410 Deum
1056 2386 1182 2409 nostrum
1202 2389 1234 2409 ac
1253 2381 1424 2408 conditorem
1450 2381 1593 2416 lucemque
1616 2380 1736 2416 pietatis.

949 2428 1000 2462 ipsi
1021 2427 1185 2462 probandae,
1211 2427 1386 2461 perducatur.
1410 2426 1495 2453 Deum
1520 2427 1592 2453 enim
1612 2434 1737 2454 secamus

950 2481 1036 2501 unum
1051 2479 1079 2501 et
1093 2473 1163 2501 idem
1178 2473 1354 2507 principium,
1368 2476 1396 2499 et
1410 2480 1460 2499 nos
1473 2472 1507 2500 ab
1525 2472 1583 2508 ipso
1597 2473 1737 2501 abstrahi-

948 2528 1019 2551 mus,
1045 2524 1125 2555 atque
1151 2519 1221 2546 adeo
1244 2525 1338 2550 verum
1364 2522 1513 2545 creatorem
1540 2524 1567 2546 et
1591 2518 1735 2546 Dominum

948 2568 1128 2602 abrogamns,
1154 2565 1258 2598 hostis,
1285 2563 1337 2592 hoc
1354 2563 1413 2599 ipso
1429 2571 1560 2601 magnam
1577 2564 1603 2592 in
1621 2573 1671 2592 nos
1687 2573 1737 2600 po-

661 2729 777 2757 VAlile
799 2730 992 2758 LECTIONES
1015 2730 1058 2756 ΕΤ
1074 2728 1188 2757 NOTAE.

134 2782 195 2824 (6S3)
212 2784 464 2824 Κςιτασυρρμενοι.
481 2786 520 2824 Ita
534 2786 592 2824 lege
605 2795 653 2824 pro
667 2797 772 2815 κατασυ
778 2789 889 2824 ρὸμενα,

94 2818 174 2858 quod
191 2818 468 2858 eodexrlexliibet,»ac
491 2822 511 2848 si
538 2818 574 2849 ad
589 2818 662 2857 τάθη
679 2831 729 2851 vox
747 2818 889 2852 reicienda

95 2853 148 2886 sit,
163 2860 227 2881 cum
236 2853 327 2888 potius
338 2854 370 2882 ad
384 2855 491 2887 ἑκόντες
504 2858 643 2891 pertinere
656 2853 742 2887 nexus
757 2860 889 2888 orationis

945 2789 1272 2859 οεῖἳίῐῆιλνῖλυσπώμεθα.
1290 2822 1326 2850 De
1341 2823 1395 2851 hoc
1405 2822 1488 2850 verbo
1505 2821 1734 2859 lcge_Samuelem

944 2857 1107 2887 Bocliartum
1119 2859 1146 2886 in
1163 2859 1337 2894 llierozoim,
1354 2863 1424 2894 part.
1441 2866 1469 2890 ιι,
1486 2865 1512 2892 p.
1531 2857 1592 2884 798.
