1940 3081
205 137 253 171 16⁸7

786 139 919 173 ΡΙῙΟΤΙΙ
936 139 1190 172 ΡΛΤΗΙΑΒΟΗΑΞ
1211 135 1266 172 CP.

1782 135 1830 171 168

202 199 328 223 testatem
349 198 456 226 nactus.
473 200 535 222 cum
556 201 654 231 magna
673 195 792 225 eﬂicacia
807 204 857 224 nos
870 196 989 231 impellit,

1045 195 1148 230 ταύτης
1161 196 1233 230 ἡμᾶς
1244 194 1345 225 αὐτοὺς
1360 192 1527 230 ἀπορρῆξαι,
1538 190 1586 219 καὶ
1602 191 1648 218 ’τιν
1666 192 1715 228 μὲν
1736 191 1830 227 ἀληθι-

202 249 271 276 quns
299 242 404 269 scilicet
428 241 480 268 sibi
502 241 539 268 ita
563 242 618 276 jam
648 243 781 270 obnoxios
810 243 940 275 reddidit,
964 246 995 269 ut

203 292 313 315 creator
329 292 356 315 et
368 287 500 315 Dominus
515 289 678 323 appelletur.
696 288 755 322 Quo
773 289 837 324 quid
854 289 896 316 vel
911 288 995 316 mise-

203 341 262 361 rum
277 334 362 369 magis
380 333 423 361 vel
438 333 551 368 impium
568 335 682 370 cogitari
699 335 806 370 potest?
829 335 994 362 Accedimus

202 379 316 409 scilicet.
333 378 429 407 relicto
452 379 595 412 Creatdre.
611 381 644 408 ad
661 381 777 412 hostem,
795 385 821 408 et
837 381 994 408 deserentes

202 425 375 452 Servatorem
398 426 431 453 ad
454 426 623 460 perditorem
648 426 809 454 currimus:
828 426 993 461 despicimus

200 479 274 502 eum.
299 471 346 506 qui
370 479 483 506 regnum
509 471 639 499 caelorum
654 472 736 499 nobis
752 472 840 504 aﬂ'ert,
863 472 908 505 qui
929 479 993 499 vero

201 516 233 542 ad
255 524 362 551 pinnam
381 516 434 543 sibi
456 521 578 551 paratam
606 524 656 543 nos
683 517 826 551 pertrahit,
848 523 912 544 eum
931 524 993 543 cum

200 561 290 590 studio
312 566 460 595 sectamur,
477 566 503 589 et
521 569 583 590 cum
601 562 748 598 deceptore
767 562 874 597 decepti
897 561 948 597 ipsi
964 561 993 588 in

201 607 353 642 gehennam
368 608 439 643 ignis
453 608 547 635 aeterni
568 608 744 636 condemnari
762 608 900 636 volumus.

1044 241 1087 268 νὺν
1102 240 1218 276 ποιητὴν
1240 240 1286 267 καὶ
1302 240 1441 274 Δεσπότην
1459 239 1608 274 ἀθετῆσαι,
1626 238 1749 273 μεγάλην
1769 237 1829 264 καθ’

1042 286 1121 322 ἡμῶν
1150 286 1297 321 λαμϐάνων
1312 285 1361 320 τὴν
1384 285 1472 320 ἀρχὴν
1488 285 1503 310 ὁ
1523 283 1649 319 Ἐχθρὸς,
1666 282 1756 309 πείθει
1770 283 1829 310 τότε

1045 334 1113 369 μετὰ
1129 333 1230 368 πολλῆς
1254 332 1305 368 τῆς
1324 331 1459 365 ἐξουσίας,
1484 331 1530 362 οὒ;
1546 331 1595 367 ἤδη
1612 330 1707 357 ἔλασεν
1729 329 1830 356 ὑποκύ-

1042 379 1146 414 ψαντας
1157 379 1239 406 αὐτοῦ
1250 380 1309 409 ταῖς
1319 379 1429 414 ὁρμαῖς,
1442 378 1490 404 καὶ
1500 377 1616 412 ποιητὴν
1632 377 1680 403 καὶ
1692 376 1830 410 Δεσπότην

1042 425 1124 452 αὑτὸν
1139 425 1325 460 ἀνομολογεῖν.
1342 424 1396 450 Kal
1408 424 1435 449 τί
1447 424 1480 449 ἂν
1495 423 1538 458 εῐη
1550 421 1646 448 τούτου
1656 420 1829 456 ἀθλίώτερον;

1042 470 1244 502 Καταλιπόντες
1258 471 1305 497 τὸν
1331 469 1503 506 Δημιουργδν
1527 468 1704 503 προέλθωμεν
1721 467 1776 502 (68)
1793 466 1830 502 τῷ

1048 517 1163 552 Ἐχθρῷ,
1187 517 1234 543 καὶ
1261 516 1306 543 τὸν
1321 516 1435 552 Σωτῆρα
1461 514 1598 550 φυγόντας
1612 513 1651 549 τῷ
1677 512 1830 548 φθοροποιῷ

1042 562 1237 597 προσδραμεῖν,
1254 562 1301 588 καὶ
1315 561 1361 588 τὸν
1377 561 1532 596 παρέχοντα
1546 560 1596 596 μὲν
1607 559 1656 595 τὴν
1671 560 1726 586 τῶν
1741 559 1826 594 οὐρα-

1042 608 1095 636 νῶν
1116 608 1255 644 βασιλείαν
1281 607 1432 643 ὑπεριδεῖν,
1447 607 1487 642 τῷ
1505 607 1534 633 δὲ
1550 607 1619 642 πρὸς
1641 606 1691 642 τὴν
1716 606 1829 640 ἡτοιμα-

201 653 304 689 σμένην
314 653 389 688 αὺτῷ
407 653 516 681 κόλασιν
527 654 634 681 ἕλκοντι
655 653 808 685 σπουδαίως
821 653 1043 687 κατακολουθεῖν,
1070 655 1119 682 καὶ
1130 655 1171 686 εἰς
1183 654 1232 690 τὴν
1245 654 1358 689 γέενναν
1386 646 1442 688 ίτοῢ
1475 652 1657 683 ἀτελευτήτου
1691 651 1777 686 πυρὸς
1791 651 1829 686 τῷ

200 699 339 726 ἅπατεῶνι
353 699 417 730 τοὺς
432 699 624 734 ἀπατηθέντας
639 699 935 734 συγκαταδικάζεσθαι.

237 744 317 772 XVII.
338 745 386 777 At,
405 753 421 772 ο
439 753 488 773 vos
511 750 615 773 natura:
643 750 745 773 nostra:
770 750 798 773 et
822 746 989 778 creationis,

200 797 255 825 quo
269 795 358 817 tamen
376 791 448 818 dono
461 795 489 818 et
501 791 563 826 jure
579 791 731 824 eteidistis,
754 792 911 826 participes,
932 791 989 819 evi-

200 836 282 871 gilate
315 836 424 863 tandem
455 836 620 871 aliquando,
645 841 671 864 et
695 836 803 863 animas
832 840 936 863 vestras
955 835 987 863 ad
1006 856 1027 883 Β

200 888 375 908 communem
399 881 542 908 Dominutn
560 885 587 908 et
603 881 773 909 conditorem
789 885 925 912 nostrum.
944 881 990 908 be-

200 925 368 953 nefactorem
397 926 461 953 item
485 931 512 953 et
534 926 723 961 provisorem,
759 927 925 958 convertite,
956 926 988 953 ad

199 979 273 1005 eum,
299 972 420 1007 inquam,
446 972 492 1006 qui
516 980 617 1008 corpus
641 973 782 1006 formavit,
807 973 852 1008 qui
870 973 988 1000 animam

199 1017 360 1051 inspiravit,
379 1017 426 1052 qui
441 1022 552 1053 propter
570 1026 620 1046 vos
635 1026 745 1046 carnem
766 1018 925 1053 assumpsit,
943 1018 989 1053 qui

200 1063 283 1090 homo
298 1062 394 1096 Iactus
409 1069 466 1096 est,
483 1068 510 1090 et
528 1063 676 1091 crucilixus
688 1083 696 1095 ,
713 1067 741 1090 et
760 1063 989 1090 resurrectionem

200 1110 313 1144 proprio
333 1118 384 1138 suo
409 1117 525 1145 corpore
551 1110 682 1138 restituit.
712 1110 860 1145 Agnost-itc
888 1110 989 1137 bonum

201 1156 261 1190 ejus
289 1155 417 1188 Patrem,
444 1155 491 1191 qui
517 1163 565 1190 per
591 1155 689 1182 Filium
715 1159 741 1182 et
758 1154 889 1190 Spiritum
909 1161 989 1182 suum

201 1206 326 1228 sanctum
342 1201 433 1228 omnia
444 1210 478 1229 ex
491 1209 546 1229 non
559 1201 753 1229 exsistentihus
774 1201 910 1236 produxit,
924 1201 990 1229 visi-

202 1248 266 1275 bilia
288 1252 315 1275 ct
339 1247 504 1281 invisibilia,
530 1252 699 1282 potestates,
716 1252 744 1275 et
759 1248 929 1282 principatus
940 1265 948 1280 ,
964 1251 991 1274 et

201 1294 289 1328 ipsum
297 1302 406 1328 quoque
416 1294 532 1327 hostem;
543 1301 596 1321 non
606 1294 716 1328 quidem
723 1293 833 1320 malitiae
841 1294 990 1328 quidquam

202 1341 240 1367 illi
255 1340 378 1368 tribuens
392 1349 399 1367 :
416 1341 503 1367 absit!
520 1339 659 1374 quomodo
679 1339 752 1367 enim
770 1347 785 1366 a
798 1340 871 1367 bono
888 1341 990 1367 malum

201 1387 336 1421 proﬁcisci
347 1386 457 1421 posset?
474 1385 522 1413 sed
536 1385 667 1413 bonitatis
678 1385 838 1420 participem
854 1385 971 1412 reddens
981 1404 990 1418 ,

201 1441 283 1468 quam
300 1433 360 1468 ipse
376 1432 403 1459 in
415 1431 546 1459 malitiam
558 1431 704 1464 convertit,
720 1438 774 1458 non
791 1431 882 1458 minus
899 1431 990 1465 acilii,

201 1479 247 1514 qui
265 1479 315 1513 ipsi
337 1486 412 1505 nunc
433 1478 631 1513 obsequuntur.
648 1477 715 1504 Nam
733 1481 761 1505 et
780 1478 830 1511 illi,
847 1483 991 1512 postquam

1080 745 1130 772 IZ'.
1154 743 1234 776 ’Λλλ’,
1251 742 1274 771 ὦ
1292 743 1417 772 κοινωνοὶ
1439 744 1490 779 τῆς
1503 743 1583 779 ἡμῶν
1598 743 1706 778 φύσεως
1724 743 1771 771 καὶ
1785 743 1830 778 δη-

1043 789 1200 825 μιουργίας,
1216 790 1268 817 κᾶν
1282 789 1407 825 ὲξίστητε
1423 790 1473 825 τῆς
1491 789 1606 825 δωρεᾶς,
1625 788 1676 823 ὀψὲ
1688 787 1754 823 γοῦν
1765 788 1829 824 ᾲνα-

1042 836 1175 872 νήψαντες
1196 836 1380 872 ἐπιστρέψατε
1396 835 1445 868 τὰς
1465 835 1578 871 καρδίας
1598 835 1675 870 ὑμῶν
1693 834 1762 870 πρὸς
1783 834 1828 861 τὸν

1042 882 1131 909 κοινὸν
1143 882 1282 918 Δεσπότην
1293 885 1339 909 καὶ
1351 882 1532 917 Δημιουργὸν,
1546 881 1614 917 πρὸς
1624 881 1670 908 τὸν
1682 881 1828 917 εὐεργέτην

1041 928 1089 955 καὶ
1108 928 1272 964 προνοητὴν,
1284 928 1352 963 πρὺς
1361 929 1407 954 τὸν
1426 927 1613 955 διαπλάσαντα
1628 926 1659 953 τὸ
1675 926 1769 961 σῶμα,
1782 926 1829 953 καὶ

1041 974 1234 1009 ὲμπνεύσαντα
1247 974 1297 1010 τὴν
1313 974 1413 1009 ψυχὴν,
1435 973 1503 1009 πρὸς
1514 973 1560 1000 τὸν
1581 973 1616 1000 δι’
1631 973 1704 1008 ἡμᾶς
1720 981 1829 1008 σαρκω-

1042 1020 1133 1053 οέντα,
1149 1021 1196 1047 καὶ
1211 1020 1469 1055 ὲνανθρωπήσαντα,
1487 1019 1535 1046 καὶ
1551 1019 1755 1055 σταυρωθέντα,
1783 1019 1830 1045 καὶ

1041 1066 1090 1102 τὴν
1101 1067 1248 1094 ἀνάστασιν
1256 1066 1300 1093 διὰ
1308 1066 1355 1093 τοῦ
1369 1066 1472 1093 οἰκείου
1485 1066 1611 1100 σώματος
1624 1065 1828 1100 ὲγκαινίσαντα.

1048 1113 1198 1147 Ἐπίγνωτε
1220 1113 1267 1140 τὸν
1294 1112 1396 1146 ἀγαθὸν
1419 1112 1530 1148 Πατέρα
1556 1112 1651 1143 αὑτοῦ,
1667 1112 1697 1144 ὃς
1723 1111 1769 1138 διὰ
1781 1110 1829 1137 τοῦ

1041 1159 1107 1186 Υίοῦ
1126 1159 1175 1186 καὶ
1188 1158 1232 1186 διὰ
1250 1157 1297 1186 τοῦ
1309 1158 1387 1192 ἁγίου
1403 1157 1562 1193 Πνεύματος
1573 1158 1656 1185 αὐτοῦ
1671 1157 1761 1185 πάντα
1776 1157 1830 1184 ὕπε

1042 1203 1155 1239 ἐστησεν
1168 1205 1201 1230 ἐκ
1217 1204 1254 1239 μὴ
1278 1204 1374 1236 ὅντων,
1391 1204 1427 1231 τὰ
1439 1203 1525 1239 ὁρατὰ
1541 1203 1590 1230 καὶ
1603 1203 1637 1230 τὰ
1651 1203 1767 1238 ἀόρατα,
1781 1203 1831 1234 τὰς

1041 1248 1182 1283 δυνάμεις,
1193 1249 1244 1280 τὰς
1255 1248 1390 1282 ἐξουσίας,
1403 1249 1450 1275 καὶ
1461 1248 1543 1275 αὐτὸν
1554 1248 1600 1275 τὸν
1609 1248 1655 1284 sxa
1661 1247 1716 1283 ρδν,
1731 1249 1763 1275 οὐ
1780 1256 1830 1274 ποι-

1041 1294 1138 1328 νηρίας
1167 1294 1309 1328 μεταδούς.
1332 1294 1398 1330 μήτι
1423 1294 1551 1328 γένηταιῐ
1581 1293 1664 1321 πόθεν
1680 1293 1733 1329 γὰρ
1749 1292 1780 1320 ὲν
1791 1293 1831 1328 τῷ

1041 1339 1136 1374 ἀγαθῷ
1149 1340 1165 1374 ἡ
1183 1339 1324 1374 μετάδοσις
1336 1339 1383 1365 τοῦ
1399 1339 1501 1372 κακοῦ;
1514 1339 1572 1366 ἀλλ’
1585 1338 1753 1374 ἀγαθότητος
1764 1340 1831 1366 από-

1041 1385 1138 1412 λαυσιν
1151 1384 1312 1420 παρασχὼν,
1327 1386 1359 1420 ῆν
1374 1385 1480 1416 ἐκεῖνος
1499 1384 1648 1420 μετέσαλεν
1662 1386 1703 1417 είς
1719 1385 1830 1417 κακίαν,

1041 1431 1136 1467 ὥσπερ
1147 1431 1194 1458 καὶ
1207 1431 1232 1458 οι
1246 1431 1294 1458 νῦν
1310 1430 1522 1466 πειθαρχοῦντες
1542 1430 1627 1465 αὐτῷ.
1649 1430 1704 1456 Καὶ
1718 1430 1773 1465 γὰρ
1785 1429 1832 1456 καὶ

1042 1473 1116 1504 οὗτοι
1133 1476 1263 1508 λαϐόντες
1283 1476 1355 1512 μέγα
1384 1476 1486 1511 ἀγαθὸν
1505 1477 1536 1503 τδ
1563 1476 1761 1503 αὑτοδέσποτον
1778 1475 1832 1502 τῶν

202 1525 346 1560 imperium
359 1525 386 1552 in
401 1524 534 1552 rationem
546 1531 636 1557 suam,
646 1532 774 1559 magnum
791 1531 856 1551 sane
868 1524 969 1551 bonum
982 1543 989 1556 ,

1043 1523 1191 1559 λογισμῶν,
1208 1523 1242 1550 δι’
1256 1519 1287 1550 οὗ
1302 1523 1350 1550 καὶ
1363 1523 1485 1557 πλάστης
1500 1522 1676 1554 εἰκονιζεται,
1689 1521 1833 1557 μετέστρε-

202 1571 274 1598 naeti
294 1575 368 1604 sunt,
392 1577 439 1605 per
454 1570 527 1606 quod
542 1570 600 1606 ipse
613 1571 697 1598 etiam
712 1570 824 1598 Creator
839 1577 989 1605 reprmseu-

203 1622 285 1651 tatur,
300 1617 327 1644 id
341 1617 462 1652 quidem,
478 1624 558 1644 usunt
574 1616 634 1651 ejus
650 1621 848 1651 pervertentes,
863 1617 889 1643 in
903 1616 991 1643 maxi-

202 1669 276 1690 mum
291 1662 393 1689 malum
418 1661 659 1689 transformaruut.
674 1662 752 1695 Quod
767 1663 839 1690 enim
856 1663 891 1690 ad
906 1663 990 1690 Crea-

203 1712 288 1735 torem
313 1706 478 1734 laudandum
495 1711 677 1742 acceperant,
691 1714 725 1734 eo
742 1707 774 1734 ad
795 1707 989 1735 celebrandum

203 1753 307 1780 hostem
326 1753 367 1780 usi
394 1757 481 1780 sunt:
498 1757 526 1780 et
545 1760 599 1788 quo
620 1756 693 1780 recte
715 1753 758 1780 usi
782 1752 839 1780 fieri
865 1758 991 1788 poterant

203 1798 324 1826 ha-redes
342 1799 417 1834 regni
440 1799 575 1831 cmlcstis,
591 1806 624 1827 eo
637 1799 714 1826 abusi
738 1799 889 1834 gehennam
911 1799 990 1835 ignis,

201 1844 309 1872 diabolo
333 1845 441 1880 parati,
467 1845 570 1881 ingredi
596 1845 757 1872 allaborant.
783 1844 836 1872 Sed
866 1845 991 1880 evigilate

203 1892 321 1926 tandem,
337 1893 450 1929 surgite,
466 1893 587 1930 vigilate,
607 1898 637 1921 ut
651 1897 772 1929 potestas
793 1893 879 1920 hostis
899 1893 990 1929 repel-

202 1938 273 1965 latur
298 1946 313 1965 a
335 1939 432 1973 vobis;
460 1947 549 1975 neque
571 1939 603 1967 ad
619 1948 667 1967 vos
691 1940 776 1975 rapite
804 1939 927 1974 Apostoli
947 1939 990 1967 vel

201 1983 293 2017 potius
326 1983 444 2018 Spiritus
479 1985 567 2012 sancti
599 1985 791 2020 pra-dictiones
826 1985 988 2020 implendas.

202 2028 320 2063 Spiritus
335 2029 408 2056 enim
431 2029 534 2057 diserte
548 2030 586 2057 ait
609 2038 616 2057 :
638 2030 740 2058 Ultimis
757 2031 915 2065 temporibus
931 2032 989 2066 qui-

201 2075 265 2102 dam
277 2083 294 2102 α
320 2076 371 2110 ﬁde
393 2079 530 2109 recedent,
557 2076 720 2103 attendentes
735 2077 841 2111 spiritui
856 2077 953 2104 erroris
965 2082 990 2104 et

201 2122 327 2149 doctrinis
341 2122 541 2156 dwmoniorum,
558 2131 605 2157 per
625 2123 773 2158 hypocrisin
789 2123 988 2158 (alsiloquorum

202 2176 312 2204 quorum
323 2169 481 2196 conscientia
497 2170 617 2197 cauterio
630 2170 718 2197 inusta
731 2175 785 2197 est:
799 2170 989 2204 prohibentium

1043 1568 1097 1604 ψαν
1121 1568 1211 1601 τοῦτο,
1227 1569 1279 1604 τὴν
1300 1569 1399 1604 χρῆσιν
1427 1567 1510 1594 αὑτοῦ
1532 1567 1738 1603 διαφθείραντες
1763 1567 1833 1603 πρὸς

1044 1615 1157 1652 ἔσχατον
1167 1615 1252 1642 κακόν
1261 1623 1269 1631 ·
1278 1615 1313 1642 δι’
1323 1624 1354 1642 ου
1367 1615 1422 1650 γὰρ
1431 1615 1525 1650 ὑμνεῖν
1535 1614 1632 1642 Ελαὸον
1644 1614 1691 1641 τὸν
1703 1614 1833 1650 δημιουρδ

1044 1662 1102 1696 γὺν,
1116 1661 1203 1697 τούτῳ
1218 1662 1285 1698 πρὸς
1294 1653 1395 1697 ὕμνους
1409 1663 1560 1698 ἐχρήσαντο
1573 1661 1621 1688 τοῦ
1641 1659 1765 1698 Ἑχθροῦ.
1779 1661 1834 1690 Καὶ

1044 1705 1122 1742 ὃτιῷ
1145 1708 1304 1743 χρωμένους
1317 1707 1381 1743 ὲνῆν
1400 1708 1451 1743 τῆς
1476 1707 1530 1734 τῶν
1545 1707 1669 1742 οὐρανῶν
1694 1706 1834 1742 βασιλείας

1044 1755 1230 1790 κληρονόμους
1257 1754 1395 1789 γενέσθαι,
1410 1753 1498 1788 τούτῳ
1517 1752 1730 1788 παραχρώμενοι
1748 1760 1833 1778 σπου-

1044 1800 1154 1833 δάζουσι
1168 1800 1217 1835 τὴν
1226 1799 1338 1834 γέενναν
1349 1799 1396 1826 τοῦ
1411 1799 1507 1834 πυρὸς,
1520 1799 1534 1825 ὃ
1548 1799 1711 1834 ἡτοίμασται
1724 1797 1764 1834 τῷ
1773 1798 1834 1825 δια-ι

1045 1846 1126 1881 ΰόλῳ,
1139 1845 1276 1872 ὑπελθεῖν.
1292 1845 1361 1871 Ἀλλ’
1373 1844 1539 1880 ἀνανήψατε,
1549 1844 1722 1879 διανάστητε,
1731 1852 1834 1880 γρηγοα

1045 1894 1157 1929 ρήσατε,
1165 1892 1235 1919 ὥστε
1243 1892 1290 1919 τοῦ
1303 1891 1365 1927 Ἐχο
1371 1892 1417 1927 ροῡ
1425 1891 1475 1927 τὴν
1483 1891 1608 1924 ἐξουσίαν
1622 1891 1834 1926 ἀποσκευασοῆ-

1045 1946 1089 1966 ναι
1100 1938 1146 1974 ἀφ’
1163 1939 1251 1975 ὑμῶν,
1273 1938 1340 1973 μηδὲ
1356 1938 1398 1972 ἐφ’
1411 1938 1482 1973 ὑμᾶς
1494 1937 1688 1973 παραστήσατε
1701 1936 1750 1968 τὰς
1765 1936 1834 1963 ἀπο.

1045 1985 1170 2017 στολικὰς
1181 1985 1361 2021 προφητείας,
1372 1983 1471 2018 μᾶλλον
1481 1983 1510 2009 δὶ
1523 1983 1571 2014 τὰς
1590 1982 1637 2009 τοῦ
1657 1982 1832 2017 Πνεύματος,
1852 2007 1855 2010 ι

1046 2033 1247 2069 πληρουμένας.
1267 2031 1323 2059 Καὶ
1337 2032 1391 2066 γὰρ
1403 2031 1435 2056 τὸ
1450 2029 1561 2064 Πνεῦμα
1578 2028 1667 2064 ῥητῶς
1682 2028 1771 2062 λέγει·
1784 2027 1833 2054 Ἑν

1047 2081 1181 2113 ὑστέροις
1205 2077 1319 2112 καιροῖς
1342 2075 1573 2111 ἀποστήσονταί
1598 2083 1679 2108 τινες
1703 2074 1759 2109 τῆς
1783 2076 1833 2102 ali

1050 2133 1139 2158 ττεως
1150 2124 1512 2159 προσέχοντεςξπνεύμασι
1526 2121 1645 2156 πλάνης
1655 2121 1711 2157 (69)
1727 2121 1777 2147 καὶ
1790 2121 1834 2147 δι-

1044 2171 1224 2204 δασκαλίαις
1254 2171 1412 2205 δαιμόνων,
1447 2169 1604 2203 ὑποκρίσει
1636 2166 1834 2202 ψευδολόγων

202 2214 308 2247 nubere,
326 2215 475 2250 jubentium
503 2216 631 2243 abstinere
661 2225 677 2243 a
700 2215 762 2243 cibis
783 2224 846 2252 quos
872 2216 940 2244 Deus
964 2216 989 2243 in

1044 2217 1344 2252 κεκαυτηριιῖσμένων
1371 2215 1429 2250 τὴν
1453 2215 1533 2242 ὶδιαν
1558 2214 1747 2248 συνείδησιν,
1776 2221 1833 2239 κω-

202 2267 278 2286 uaum
292 2261 406 2288 condidit
423 2261 445 2278 ⁷¹⁸
464 2271 471 2295 ;
492 2270 563 2297 quae,
589 2262 686 2298 inquit,
714 2262 794 2294 Deus,
820 2270 874 2290 non
900 2268 991 2290 autem

203 2306 289 2334 hostis
308 2307 442 2335 condidit.
469 2308 576 2341 Quibus
598 2309 709 2336 autem?
735 2308 932 2345 Fidelibus._et
946 2309 990 2342 iis,

202 2352 248 2386 qui
270 2353 415 2381 veritatem
441 2359 622 2390 agnoverunt,
649 2355 721 2390 quod
737 2363 774 2382 ne
789 2355 861 2382 ullus
884 2355 929 2383 tibi
945 2363 989 2382 er-

201 2397 278 2424 randi
308 2402 458 2433 praatextus
485 2399 678 2435 relinquatur,
713 2400 806 2428 statim
839 2400 988 2436 subjungit.

237 2486 261 2503 ’⁵
279 2487 288 2514 l
310 2486 383 2515 Tim.
404 2497 441 2523 tv,
458 2490 515 2518 1-5.

1041 2265 1179 2292 λυόντων
1197 2263 1311 2299 γαμεῖν,
1332 2261 1498 2296 ἀπέχεσθαι
1510 2260 1675 2296 βρωμάτων
1694 2260 1713 2286 ᾰ
1727 2261 1744 2286 ό
1759 2258 1833 2290 Θεὸς

1041 2312 1162 2338 ἔκτισεν
1174 2312 1217 2343 εὶς
1237 2310 1422 2345 μετάληψιν.
1441 2310 1476 2335 "A
1486 2328 1494 2342 ,
1518 2308 1610 2344 φησὶν,
1626 2308 1640 2334 ὁ
1658 2306 1735 2338 Θεὸς,
1751 2305 1802 2340 οὐχ
1816 2304 1834 2330 6

1047 2356 1159 2392 Ἐχθρὸς
1176 2355 1277 2382 ἔκτισε.
1294 2355 1347 2382 Καὶ
1361 2354 1448 2387 τίσιν;
1469 2353 1512 2381 ἵνα
1529 2353 1648 2389 μηδεμία
1670 2359 1711 2378 σοι
1727 2349 1832 2384 πλάνης

1041 2404 1177 2438 πρόφασις
1189 2401 1338 2438 ὑπολειφθῇ
1355 2403 1412 2433 τοῖς
1429 2401 1536 2432 πιστοῖς
1553 2400 1634 2432 εὐθὺς
1649 2397 1831 2434 συναρμόττει

748 2544 864 2572 VARIAZ
891 2543 1084 2572 LECTlONES
1102 2545 1144 2572 ET
1160 2545 1276 2573 NOTAE.

240 2614 294 2648 (68)
313 2614 518 2648 Προέλθωμεν.
546 2614 636 2643 Series
656 2615 788 2642 orationis
804 2614 894 2650 legere
915 2615 993 2650 jubet

204 2651 346 2710 ἔροελίὲεῖν
364 2649 424 2684 μὲν,
440 2650 511 2678 sicut
526 2650 554 2678 in
576 2651 754 2685 sequentibus
766 2649 889 2678 occurrit,
904 2649 991 2686 προσ-

221 2694 290 2710 οααε
306 2694 333 2710 ν.
348 2690 401 2710 (τις.

220 2687 333 2719 ραμεῖν,
348 2690 401 2712 etc.

240 2721 296 2756 (69)
316 2720 447 2754 Πλὰνης.
465 2721 504 2748 Ita
520 2721 548 2748 in
570 2721 623 2748 hoc
637 2720 716 2748 Pauli
729 2721 790 2748 loco
812 2721 905 2755 legunt
923 2729 993 2748 non-

204 2756 270 2783 nulli
287 2763 319 2783 ex
333 2756 472 2783 veteribus
492 2756 650 2783 doctoribus
669 2764 717 2790 pro
734 2756 854 2788 πλάνοις,
872 2757 943 2791 quod
965 2756 992 2782 in

205 2791 344 2818 hodiernis
368 2791 508 2819 codicibus
535 2795 632 2826 exstat.
658 2791 704 2818 Sic
731 2795 758 2818 et
776 2792 854 2825 pauci
877 2791 987 2826 quidam

205 2832 287 2861 manu
299 2826 401 2853 exarati
411 2827 535 2854 eamdem
544 2825 695 2854 'lectiouem
709 2831 872 2861 sequuntur,
887 2825 944 2853 sive
956 2834 989 2853 ex

206 2860 277 2888 facili
306 2861 448 2896 utriusque
472 2862 556 2895 vocis,
585 2869 618 2889 ex
644 2860 989 2897 eadem’pronuntiatione

1041 2619 1112 2647 orta,
1128 2616 1337 2650 permutatione,
1352 2616 1410 2643 sive
1422 2623 1472 2650 per
1482 2616 1614 2651 glossema
1632 2624 1665 2644 ex
1680 2615 1780 2643 ann.
1792 2621 1831 2648 tv,

1042 2651 1068 2682 6,
1100 2652 1231 2685 petitum,
1258 2660 1319 2686 quae
1348 2651 1428 2678 Millit‘
1457 2656 1500 2679 est
1530 2652 1677 2679 sententia.
1703 2651 1833 2686 lbienim

1042 2686 1151 2720 πνεῦμα
1173 2685 1277 2721 πλάνης
1300 2691 1478 2714 memoratur.
1500 2687 1589 2714 Nolim
1611 2694 1675 2714 sane
1695 2693 1756 2713 cum
1772 2685 1832 2713 Jos.

1042 2721 1130 2757 Medo,
1140 2720 1179 2752 τὸ,
1190 2720 1304 2754 πλάνης,
1314 2729 1363 2756 pro
1375 2722 1494 2757 genuina
1508 2722 1625 2749 lectione
1642 2721 1741 2749 habere
1752 2725 1779 2748 et
1797 2721 1832 2757 de

1042 2756 1193 2783 idololatria
1214 2757 1365 2791 explicare,
1380 2756 1466 2791 'quod
1489 2762 1635 2791 utrumque
1662 2756 1684 2782 is
1708 2756 1772 2783 facit
1802 2756 1833 2791 ill

1042 2791 1214 2827 Fragmentis
1237 2790 1333 2819 sacris.
1360 2790 1421 2819 Non
1446 2797 1499 2818 tam
1524 2790 1598 2819 enini
1616 2792 1650 2819 de
1677 2790 1832 2827 idololatria

1044 2825 1195 2861 speciatim.
1217 2835 1298 2861 quam
1314 2827 1348 2854 de
1362 2827 1444 2854 rariis
1462 2827 1600 2854 erroribus
1618 2834 1772 2855 sermonem
1785 2825 1833 2854 hic

1044 2870 1114 2895 csso,
1130 2862 1272 2896 sequentia
1285 2867 1420 2892 commata
1431 2862 1573 2890 evincunt.
