1940 3081
128 135 171 170 169

632 136 781 167 CONTRA
797 134 1028 166 MANICII/EOS
1045 134 1161 165 LIBER
1180 133 1238 165 IlI.

1699 131 1750 166 170

127 195 168 222 καὶ
189 193 360 228 ἐπεγνωκόσι
374 192 424 228 τὴν
437 191 578 228 ἀλήθειαν.
591 191 674 218 Ὥστε
690 193 746 224 πᾶς
763 192 814 227 μὲν
833 192 847 218 ὁ
864 199 912 218 πι-

969 191 1057 225 itaque
1075 191 1162 218 ﬁdelis
1177 191 1278 222 omnis,
1301 194 1329 218 ct
1340 189 1387 225 qui
1402 190 1544 218 veritatem
1562 188 1683 226 agnovit.
1699 191 1752 219 scit

127 241 181 271 στδς
199 239 247 266 καὶ
271 238 437 273 ἐπεγνωκὼς
454 237 506 274 τὴν
529 238 661 273 ἀλήθειαν
672 232 727 265 ὂῐδε
756 237 847 265 πάντα
861 238 910 264 καὶ

129 285 189 320 μετὰ
207 285 327 318 πάντων,
344 285 391 312 καὶ
411 285 445 312 τὰ
464 284 599 320 βρώματα
620 284 757 319 κτίσματα
773 282 843 310 εἶναι
862 283 909 310 τοῦ

126 330 223 366 ἀγαθοῦ
239 330 318 358 Θεοῦ.
348 331 378 357 ’0
395 330 426 357 δὲ
443 331 483 361 τις
505 330 600 365 ῑτερον
617 330 762 365 ἀναφέρων
774 329 804 362 ἐξ
819 329 910 356 αὐτῶν

126 385 189 408 τινα,
217 373 295 407 οὗτός
321 376 380 402 ἐστι
405 376 471 411 περὶ
498 371 529 402 οὗ
549 375 581 402 τὸ
607 376 686 410 ἅγιον
702 373 762 402 εἷπε
779 374 908 410 Πνεῦμα·

129 423 227 448 Ἔστιν
253 423 270 448 ὁ
297 420 518 456 προσεσχηκώς
538 422 690 456 πνεύμασι
713 420 834 454 πλάνης
861 420 911 447 καὶ

126 467 331 500 διδασκαλίαις
347 467 520 501 δαιμονίων,
543 468 591 494 καὶ⁸
616 467 664 503 τῆς
691 467 808 502 ἀληθοῦς
831 466 911 502 ἡμῶν

127 514 174 540 τῶν
189 513 362 547 Χριστιανῶν
386 513 506 545 πίστεως
532 513 705 548 ἀποστάτηςι
733 512 797 548 περὶ
811 509 849 539 ὧν
865 513 912 540 καὶ

126 559 234 594 ἑτέρωθι
257 560 272 585 ὁ
293 558 340 585 τοῦ
364 558 525 593 Πνεύματος
552 558 695 594 ὑποφήτης
724 558 910 594 προφητεύει·

132 606 179 632 Ἐν
189 604 334 639 ἐσχάταις
343 604 479 639 ἡμέραις,
491 604 589 638 λέγων,
601 604 803 637 ἐνστήσονται
816 604 913 639 καιροὶ

127 650 263 684 χαλεποί·
280 649 403 676 ἔσονται
416 649 472 684 γὰρ
491 651 518 676 οἱ
536 648 684 683 ἅνθρωποι
696 649 847 684 φίλαυτοι,
865 658 912 683 φι-

126 693 275 727 λάργυροι,
289 693 433 726 ἀλαζόνες
442 714 450 726 ,
462 693 653 728 βλάσφημοι,
670 694 814 730 γονεῦσιν
830 695 914 721 ἀπει-

127 739 194 771 θεῖς.
211 739 266 765 Καὶ
284 739 319 765 τὰ
332 739 401 766 ἄλλα
422 739 558 766 ἀκόλουθα
583 740 743 774 καταλέγων
764 740 849 775 πάθη,
862 740 914 775 τῆς

127 784 292 818 προφητείας
319 785 406 820 πέρας
438 786 573 812 ποιεῖταιι
602 787 765 821 Μόρφωσιν
791 786 914 821 ἔχοντες

126 831 289 864 εὐσεϐείας,
302 830 360 864 τὴν
372 831 408 857 δὲ
418 831 548 866 δύναμιν
562 831 657 866 αὐτῆς
668 833 840 867 ἠρνημένοι.
859 832 914 859 Kal

960 236 1053 263 omnia
1077 241 1106 264 et
1124 244 1186 263 cum
1202 236 1329 268 omnibus
1344 236 1428 263 etiam
1441 236 1519 264 cibos
1534 240 1674 264 creaturas
1686 235 1751 265 boni

961 282 1010 310 Dei
1027 290 1100 310 esse.
1117 282 1169 316 Qui
1182 290 1249 310 vero
1261 282 1385 317 quaedam
1402 290 1435 310 ex
1448 282 1502 310 illis
1513 282 1547 310 ad
1558 282 1642 310 alium
1656 281 1752 314 refert.

961 329 985 356 is
997 332 1050 362 est,
1068 329 1102 357 de
1121 337 1174 364 quo
1188 329 1308 364 Spiritus
1322 332 1434 356 sanctus
1452 329 1490 356 ait
1506 338 1514 357 ι
1533 328 1590 361 Est,
1606 329 1651 364 qui
1666 334 1753 357 atteri.

961 375 999 402 dit
1020 375 1156 410 spiritibus
1189 376 1287 402 erroris
1316 380 1339 402 el
1363 375 1490 402 doctrinis
1511 378 1671 407 dwmonum,
1696 379 1753 403 eta

962 429 1026 448 vera
1041 421 1259 449 Christianorum
1278 421 1331 448 ﬁde
1343 420 1465 448 delector
1477 420 1490 446 ?
1503 421 1541 448 De
1558 421 1656 449 talibus
1670 421 1753 449 etiam

962 465 1026 492 alibi
1039 465 1158 501 Spiritus
1180 469 1294 492 sanctus
1312 472 1403 500 praeco
1425 465 1609 492 vaticinatur:
1634 464 1669 492 In
1687 465 1754 493 ulti-

962 510 1012 537 mis
1030 510 1130 542 diebus,
1157 509 1295 544 inquiens,
1317 514 1436 544 tempora
1460 509 1576 544 difﬁcilia
1603 510 1752 538 imminent.

964 555 1050 582 Erunt
1062 556 1132 583 enim
1147 556 1263 582 homines
1277 555 1318 582 sui
1333 560 1464 587 amantes,
1480 555 1568 588 avari,
1584 560 1752 591 arrogantes.

963 602 1116 636 blasphemi,
1131 601 1283 636 parentibus
1296 601 1469 635 immorigeri.
1488 601 1643 629 Recensitis
1655 602 1754 630 deinde

964 647 1024 674 aliis
1037 647 1173 674 similibus
1192 646 1312 682 ﬂagitiis,
1328 647 1449 674 vaticinii
1475 647 1548 674 hunc
1570 647 1635 674 facit
1649 647 1730 674 ﬁnem
1745 657 1753 675 :

964 693 1015 726 Qui
1025 693 1121 720 habent
1130 694 1243 729 formam
1254 694 1370 728 pietatis,
1380 695 1432 720 vim
1440 701 1500 720 vero
1511 693 1568 728 ejus
1579 694 1711 729 abnegrunt
1719 693 1753 720 "'.

966 739 998 765 Et
1020 739 1241 771 quemadmodum
1272 739 1374 766 Jannes
1405 743 1429 765 et
1452 739 1572 766 Jambrcs
1603 739 1755 766 restiterunt

965 783 1041 816 Mosi,
1057 784 1095 810 ita
1111 788 1136 811 et
1151 784 1193 810 illi
1208 785 1333 811 resistunt
1349 784 1383 811 ".
1402 784 1441 811 lbi
1455 784 1597 819 coniungit
1613 784 1754 811 veritatetn

966 838 1029 857 cum
1045 830 1131 863 Mose,
1149 838 1197 858 eos
1221 835 1313 858 autem
1332 831 1388 866 qui,
1407 831 1516 858 veritati
1539 831 1678 864 resistant,
1694 839 1756 858 cum

125 875 161 902 ὃν
184 861 296 909 τρόπον
331 861 455 911 ἤἸαννῆς
478 861 529 904 καὶ
563 861 702 912 Ἰαμέρῗίξ-
726 861 915 911 ἀνθέστηκεν

969 875 1053 904 Ianne
1069 882 1097 904 et
1110 876 1230 905 Jambre.
1240 877 1267 904 Si
1284 885 1348 905 vero
1362 877 1450 905 Moses
1466 882 1493 905 ct
1507 878 1607 905 veritas
1622 879 1648 905 in
1660 878 1756 906 eadem

125 921 232 952 Μωσεῖ,
246 921 324 948 οὕτω
341 922 391 948 καὶ
412 920 495 950 οὗτοι
512 923 708 949 ἀνθίστανται
724 922 761 956 τῇ
776 923 914 956 ἀληθείᾳ.

126 968 178 994 Καὶ
193 967 248 1002 γὰρ
270 968 412 994 συντάττει
435 967 485 1003 τὴν
511 968 560 1003 μὲν
582 969 713 1004 ἀλήθειαν
737 968 776 1003 τῷ
791 969 914 1004 Μωῡσῇ,

125 1014 186 1044 τοὺς
200 1013 229 1039 δὲ
247 1013 449 1048 ἀνθεστηκότας
473 1016 505 1050 τῇ
522 1014 637 1051 ἀληθεία
649 1014 690 1050 τῷ
711 1015 796 1051 Ἰαννῇ
814 1015 916 1051 καὶτῷ

131 1056 255 1092 Ἰαμὸρῇ,
288 1058 320 1084 Εἰ
348 1058 376 1084 δὲ
401 1059 523 1094 Μωῡσῆς
544 1060 593 1094 μὲν
607 1060 654 1086 καὶ
671 1061 687 1095 ἡ
708 1060 821 1096 ἀλήθεια
838 1063 867 1088 ἐν
881 1063 914 1097 τῇ

125 1103 192 1138 αὐτῇ
208 1103 296 1136 τάξει,
326 1105 431 1140 Ἰαννῆς
451 1105 479 1132 δὲ
495 1106 541 1132 καὶ
561 1107 691 1142 Ἰαμϐρῆς
705 1107 762 1142 (70)
778 1107 916 1143 σύστοιχοι

125 1151 179 1181 τοῖς
195 1149 403 1185 ἀνθισταμένοις
422 1152 456 1186 τῇ
477 1152 607 1188 ἀληθείᾳ,
629 1153 687 1184 πῶς
704 1153 734 1179 οὐ
751 1153 812 1180 κατ’
827 1154 916 1180 αὐτῶν

125 1193 141 1227 ὴ
154 1192 311 1228 προφητεία
329 1194 417 1221 ταῦτα
430 1196 579 1231 προεῖπεν;
596 1197 628 1223 οι
641 1197 696 1233 γὰρ
710 1198 781 1224 κατὰ
794 1198 917 1230 Μωσέως

125 1238 278 1271 λυττῶντες
287 1239 465 1268 ἀνθίστανται
480 1241 531 1277 μὲν
545 1243 578 1277 τῇ
595 1242 721 1279 ἀληθείᾳ,
743 1243 917 1271 συνίστανται

124 1284 154 1311 δὲ
175 1286 222 1312 καὶ
247 1286 471 1322 συνδυσφημοῦσι
493 1288 533 1323 τῷ
553 1289 641 1324 Ἰαννῇ
659 1289 707 1317 καὶ
727 1289 767 1325 τῷ
790 1290 915 1326 Ὶαμϐρῇ.

125 1330 182 1357 Καὶ
194 1331 223 1363 ἐξ
240 1329 270 1357 οὗ
283 1330 399 1365 ψεύδους
416 1332 577 1369 ἐπήρθησαν
593 1334 618 1360 ol
640 1334 754 1361 παλαιοὶ
764 1336 917 1362 ἀποστάται

126 1375 222 1402 στάσιν
237 1375 309 1403 κατὰ
321 1376 444 1409 Μωσέως
459 1378 628 1413 ἀναστῆσαι,
648 1378 693 1406 διὰ
708 1379 756 1406 τοῦ
770 1380 853 1407 αὐτοῦ
870 1381 918 1407 καὶ

124 1421 149 1446 οἱ
163 1420 219 1447 νέοι
233 1420 449 1455 ἡλαζονεύσαντο
463 1423 536 1450 κατὰ
546 1432 576 1451 τε
591 1423 646 1451 τῶν
660 1425 815 1452 Μωσαῑκῶν
825 1433 917 1460 γραμ-

126 1467 232 1500 μάτων,
249 1467 297 1494 καὶ
310 1467 357 1494 τοῦ
372 1467 459 1495 ταῦτα
473 1469 708 1505 νομοθετήσαντος
716 1471 861 1506 τυραννίδα
875 1480 918 1498 κι-

966 922 1054 949 classe
1068 927 1144 952 sunt,
1167 921 1270 949 Jannes
1286 926 1377 949 autem
1395 927 1424 950 ct
1440 922 1565 950 Jambres
1590 923 1758 958 respondent

967 968 1000 996 iis
1014 968 1060 1003 qui
1076 969 1207 995 resistunt
1223 968 1342 1001 veritati,
1371 969 1509 1003 quomodo
1535 977 1590 996 non
1615 969 1700 996 etiam
1723 970 1758 997 de

966 1015 1019 1042 illis
1033 1011 1176 1050 prophetia
1191 1015 1249 1042 haec
1273 1015 1434 1050 accipienda
1453 1019 1494 1042 est
1508 1015 1520 1042 ?
1544 1014 1585 1042 llli
1603 1015 1676 1043 enim
1691 1015 1757 1044 dum

967 1059 994 1087 in
1023 1060 1115 1087 Mosen
1144 1060 1307 1093 insaniunt,
1334 1060 1468 1088 resistunt
1495 1060 1606 1095 quidem
1631 1061 1755 1092 veritati.

966 1106 1106 1142 conjuncti
1121 1114 1187 1134 vero
1203 1111 1268 1134 sunt
1281 1114 1343 1134 cum
1357 1105 1446 1134 Janne
1461 1111 1488 1134 et
1498 1106 1621 1139 Jambre,
1640 1114 1758 1142 cumque

967 1152 1001 1180 iis
1020 1152 1234 1180 calumniantur.
1256 1152 1314 1179 lmo
1339 1153 1418 1188 cujus
1441 1153 1576 1180 mendacii
1601 1153 1626 1180 vi
1651 1158 1758 1181 veteres

968 1200 1005 1227 illi
1025 1205 1156 1235 apostatae
1170 1200 1204 1227 ad
1225 1199 1402 1227 rebellionem
1417 1204 1512 1227 contra
1529 1200 1621 1227 Mosen
1635 1200 1758 1228 excitan-

967 1244 1029 1272 dam
1050 1245 1166 1280 permoti
1183 1249 1256 1276 sunt,
1284 1244 1379 1272 eadem
1403 1248 1430 1272 et
1446 1244 1615 1271 recentiores
1630 1251 1660 1271 se
1677 1249 1758 1273 extu—

967 1291 1060 1318 lerunt
1078 1291 1112 1318 ad
1128 1289 1310 1325 oppugnanda
1337 1289 1419 1317 Mosis
1443 1289 1546 1324 scripta
1563 1289 1687 1325 ejusque,
1712 1289 1759 1324 qui

968 1338 1012 1365 illa
1035 1338 1121 1366 instar
1154 1337 1244 1373 legum
1282 1336 1409 1368 tradidit,
1436 1335 1599 1363 dominium.
1632 1335 1759 1364 Attamen

968 1384 1041 1411 inter
1064 1391 1112 1411 eos
1134 1390 1166 1410 ea
1194 1387 1235 1410 est
1258 1380 1423 1411 differentia.
1442 1388 1503 1416 quae
1520 1381 1692 1407 recentiores
1709 1379 1760 1407 hos

968 1429 1078 1463 pejores
1093 1428 1193 1455 reddit.
1216 1427 1296 1462 Apud
1316 1427 1424 1462 priores
1438 1426 1512 1454 enim
1531 1425 1636 1456 malitia
1650 1425 1678 1453 in
1692 1432 1760 1453 con—

969 1475 1030 1502 silio
1044 1474 1219 1507 subsistebat,
1247 1473 1312 1508 quia
1326 1472 1490 1508 supplicium
1506 1477 1570 1499 ante
1584 1476 1761 1500 consecutam

124 1513 192 1539 νεῖν.
208 1512 281 1548 Πλὴν
307 1513 354 1540 ἐπὶ
377 1514 408 1540 τὸ
428 1515 518 1550 χεῖρον
533 1515 639 1548 τούτοις
665 1517 682 1551 ή
696 1516 823 1552 διαφορά.
850 1517 913 1549 Τοῖς

969 1521 1104 1548 actionem
1116 1527 1175 1552 eos,
1188 1519 1234 1555 qui
1249 1518 1350 1553 aliquid
1364 1517 1549 1554 perpetraturi
1560 1517 1660 1544 malum
1671 1521 1761 1546 erant.

125 1558 178 1592 μὲν
194 1558 249 1594 γὰρ
264 1559 293 1585 ὲν
313 1559 414 1595 μελέτῃ
433 1560 490 1595 (71)
504 1560 534 1587 τὸ
551 1562 635 1588 κακὸν
649 1561 731 1597 ἐστηο
747 1563 797 1598 τῆς
810 1564 917 1598 πληγῆς

126 1603 180 1638 πρὸ
193 1603 244 1638 τῆς
254 1604 382 1640 πράξεως
391 1606 453 1638 τοὺς
464 1606 622 1641 πράξαντας
636 1607 679 1640 ἂν,
692 1609 716 1636 εί
734 1609 771 1645 μὴ
788 1610 916 1645 μετῆλθε,

124 1650 175 1684 τῆς
201 1651 387 1686 ἐγχειρήσεως
415 1653 585 1689 ἀπαγούσης.
612 1655 643 1681 Οἱ
659 1654 689 1681 δὲ
715 1656 918 1691 μεμελετήκασί

123 1696 276 1729 δυσσεϐῶς,
290 1697 341 1732 τῆς
354 1698 562 1735 φιλανθρωπίας
578 1700 640 1727 ἀντὶ
656 1700 703 1727 τοῦ
718 1702 854 1737 τιμωρὶαν
868 1702 917 1729 λα-

123 1740 185 1768 ϐεῖν
207 1742 257 1777 τὴν
279 1742 425 1777 μετάνοιαν
446 1744 653 1780 ἀναμενούσης,
670 1742 713 1772 οἷα
727 1745 759 1781 δὴ
780 1755 919 1782 καταφρο-

125 1787 207 1821 νηταὶ
222 1788 269 1814 καὶ
283 1788 403 1824 δευτέρῳ
418 1790 496 1825 κακῷ
510 1791 540 1816 τὺ
554 1791 689 1826 προλαὸὸν
704 1792 795 1827 χεῖρον
810 1793 920 1821 ποιοῦν-

124 1841 184 1865 τες,
201 1833 248 1860 καὶ
261 1833 312 1869 τὴν
322 1834 449 1868 γλῶσσαν
463 1835 584 1869 ὁπλίζειν
597 1837 668 1864 κατὰ
681 1837 729 1864 τοῦ
742 1839 918 1874 Δημιουργοῦ

126 1879 183 1906 τῶν
197 1879 266 1907 ὅλων
282 1881 314 1908 οὺ
339 1881 567 1917 διαλιμπάνουσι,
592 1883 637 1910 διὰ
660 1883 709 1919 μὲν
732 1884 787 1912 τῶν
801 1885 918 1921 ὕόρεων,

124 1923 161 1956 ὣς
177 1925 342 1960 καταχέουσι
356 1926 404 1954 τοῦ
423 1927 496 1954 θείου
515 1927 696 1964 θεράποντος,
714 1929 919 1965 συνεξυ6ρίζον-

124 1979 184 2002 τες,
203 1973 250 1998 καὶ
266 1972 301 2004 ἃς
315 1972 440 2005 ἐδέξαντο
452 1974 614 2009 νομοθεσίας
630 1976 813 2008 Δεσποτικὰς,
830 1976 874 2004 διὰ
890 1976 919 2003 δὲ

123 2017 183 2044 τῶν
205 2019 246 2049 εἰς
266 2018 317 2050 τὰς
340 2019 501 2054 νομοθεσίας
516 2021 665 2057 παροινιῶν
688 2022 749 2049 κατ’
769 2022 852 2050 αὑτοῦ
872 2022 918 2050 τοῦ

123 2063 277 2098 νομοθέτου
305 2065 352 2092 καὶ
379 2065 488 2093 πάντων
519 2066 687 2102 δημιουργοῦ
715 2069 765 2100 τὰς
793 2068 919 2102 ἀσελγεῖς

123 2108 238 2140 ἐκείνας
261 2110 310 2136 καὶ
323 2110 437 2143 ἁθέτους
447 2112 665 2147 ἀπορῤίπτοντες
679 2114 782 2147 φωνάς.
800 2114 919 2149 Τοιαύτη

122 2156 180 2190 τῆς
192 2156 363 2188 ἀποστασίας
377 2158 393 2193 ἡ
409 2158 457 2185 νέα
475 2159 525 2185 καὶ
539 2160 696 2194 πρόσφατος
718 2161 790 2186 κατὰ
808 2160 855 2187 τοῦ
868 2162 920 2196 Δη-

968 1565 1021 1593 nisi
1043 1573 1057 1592 a
1082 1569 1183 1592 conatu
1208 1564 1333 1596 retraxit,
1357 1563 1471 1591 omnino
1495 1561 1616 1590 sustulit.
1637 1561 1674 1588 At
1692 1561 1762 1589 hiet

969 1609 1090 1638 meditati
1109 1614 1173 1637 sunt
1192 1609 1304 1641 malum,
1318 1613 1419 1636 etcum
1433 1607 1528 1635 divina
1547 1606 1702 1642 benignitas
1712 1613 1763 1641 pro

968 1664 1050 1692 pinna
1067 1655 1210 1691 irroganda
1226 1654 1417 1690 paenitentiam
1442 1654 1565 1689 ipsorum
1578 1656 1761 1688 exspectaret,

970 1707 1099 1737 tanquam
1114 1705 1329 1736 contemptores,
1355 1701 1512 1735 malumque
1536 1700 1708 1736 geminantr‘s
1724 1699 1764 1726 fa—

969 1748 1049 1776 cinus
1072 1747 1238 1775 destinatum
1273 1750 1454 1782 perpetrant,
1483 1746 1660 1781 linguamque
1684 1752 1763 1772 suam

969 1798 1064 1822 contra
1086 1793 1262 1821 Conditorem
1283 1792 1406 1819 omnium
1426 1799 1525 1818 acuere
1543 1798 1596 1817 non
1620 1790 1761 1822 desinunt,

970 1840 1066 1867 iisdem
1076 1838 1208 1866 conviciis
1223 1859 1230 1871 ,
1247 1845 1307 1873 qua!
1323 1838 1351 1864 in
1365 1837 1490 1864 divinum
1503 1836 1660 1863 ministrum
1672 1835 1762 1863 eﬂ'unv

970 1885 1039 1913 dunt
1055 1884 1137 1912 etiam
1155 1884 1229 1919 leges
1246 1882 1366 1915 Domini,
1394 1887 1462 1917 quas
1486 1885 1672 1916 receperunt,
1700 1888 1763 1916 pro-

970 1930 1137 1961 seindentes,
1153 1936 1257 1963 suaque
1270 1928 1298 1955 in
1307 1929 1382 1963 leges
1396 1927 1541 1955 insolentia
1554 1927 1642 1962 ipsum
1653 1934 1763 1961 quoque

970 1976 1154 2012 legislatorcm
1167 1974 1347 2009 omniumque
1372 1972 1519 2000 Dominum
1546 1971 1660 1999 vocibus
1681 1976 1762 2006 petu-

969 2022 1089 2050 lantibus
1107 2025 1135 2048 et
1147 2020 1238 2056 impiis
1251 2024 1386 2059 petentes.
1400 2018 1489 2054 Atque
1504 2018 1540 2045 ita
1561 2018 1671 2053 quidem
1687 2026 1763 2045 com-

970 2074 1063 2103 parata
1079 2072 1123 2096 est
1141 2074 1213 2095 nova
1225 2066 1271 2094 illa
1288 2070 1316 2094 et
1334 2072 1433 2093 recens
1460 2069 1648 2100 apostatarum
1666 2068 1762 2091 contra

969 2115 1130 2142 Creatorem
1157 2113 1279 2141 omnium
1308 2111 1466 2146 insolentia,
1494 2112 1538 2138 vel
1568 2111 1661 2146 potius
1686 2111 1763 2138 varia

970 2165 1180 2195 monstrosaque
1207 2167 1241 2187 ex
1260 2163 1392 2194 serpente
1405 2157 1549 2194 progenita
1565 2157 1670 2192 vipera.
1700 2164 1762 2191 quae

125 2201 263 2236 μιουργοῦ
282 2203 337 2230 τῶν
357 2203 427 2230 ὅλων
449 2205 589 2240 τυραννὶς,
603 2206 704 2240 μᾶλλον
725 2207 754 2233 δὲ
769 2207 799 2233 τὸ
811 2207 854 2233 διὰ
868 2195 916 2242 τῆς

973 2212 1098 2235 ventrem
1124 2206 1221 2234 matris
1248 2205 1367 2239 coniicit,
1393 2209 1422 2232 et
1437 2204 1575 2240 copiosius
1589 2202 1764 2238 blasphemiae

125 2246 257 2278 Παλαιᾶς
279 2248 399 2284 ἐκείνης,
415 2249 511 2285 ὥσπερ
530 2251 559 2283 ἐξ
574 2251 681 2286 ἐχίδνης
703 2251 877 2287 πολύμορφόν
892 2261 919 2278 τι

974 2260 1114 2281 venenum
1131 2252 1160 2279 in
1178 2251 1337 2279 Creatorem
1351 2250 1459 2278 alludit.
1476 2249 1530 2277 Sed
1545 2249 1579 2276 de
1594 2249 1639 2275 his
1656 2251 1762 2282 postea.

123 2295 176 2321 καὶ
200 2295 345 2322 ἀλλόκοτον
370 2297 520 2333 ἁποτεχθὲν
542 2296 637 2333 θηρίον
666 2299 733 2334 (72),
762 2299 923 2333 καταφαγδν
943 2301 993 2336 μὲν
1007 2300 1056 2335 τὴν
1067 2299 1189 2335 γαστέρα
1201 2299 1251 2333 τῆς
1265 2298 1410 2335 τεκούσης,
1429 2297 1511 2326 πλέον
1541 2296 1571 2326 δὲ
1597 2295 1643 2324 τὸν
1661 2295 1701 2323 ιὺν
1712 2295 1763 2330 τῆς

123 2341 309 2376 βλασφημίας
325 2342 467 2370 ἁποπτύον
484 2345 555 2371 κατὰ
569 2344 617 2371 τοῦ
634 2345 818 2381 Δημιουργοῧ.
843 2345 923 2373 Ἀλλὰ
941 2346 1026 2375 ταῦτα
1040 2346 1091 2382 μὲν
1107 2346 1154 2376 καὶ
1167 2345 1290 2384 ὕστερον.

162 2402 188 2418 ⁷⁵
201 2401 224 2429 ll
239 2401 310 2429 Tim.
328 2408 360 2429 Ill
386 2400 413 2428 5.
451 2402 473 2418 ⁷⁸
488 2402 554 2430 ibid.
569 2402 597 2430 8.

688 2447 806 2475 VARl/E
824 2447 1016 2476 LECTIONES
1036 2448 1080 2476 ET
1099 2448 1216 2477 ΝΟΤκΕ.

163 2506 224 2541 (70)
244 2507 416 2540 Σύστοιχοι.
439 2505 496 2533 Vox
514 2507 565 2534 ista
578 2507 701 2535 eamdem
717 2507 761 2534 hic
776 2507 859 2534 habet
873 2515 923 2534 no-

120 2543 246 2574 tionem,
263 2549 344 2576 quam
359 2543 474 2568 verbum
491 2543 655 2576 συστοιχεῖν,
672 2550 686 2568 τι
705 2550 760 2576 quo
771 2543 923 2573 derivatur,

121 2581 225 2604 tuetur
241 2576 332 2612 Calat.
352 2577 453 2612 “Las,
465 2577 498 2603 ad
513 2585 594 2611 quem
610 2577 700 2604 locum
715 2577 774 2604 vide
788 2577 925 2612 interpre-

120 2617 180 2642 tes.
197 2615 226 2638 et
240 2611 267 2638 in
280 2611 374 2645 primis
389 2611 533 2639 Erasmum
547 2612 729 2644 Sehmidium,
746 2611 909 2639 nostratem.

163 2647 225 2708 ἕῚΙ)
260 2646 312 2673 Ἐν
333 2646 458 2687 μελέτῃ.
486 2646 586 2687 hieme
605 2647 712 2688 scilicet
731 2647 808 2681 quasi
829 2647 926 2688 adhuc

176 2682 296 2708 vehatur
314 2681 432 2708 facinus.
447 2686 476 2708 et
495 2689 522 2708 in
547 2690 642 2708 Dl'lmlS
658 2683 815 2708 versabatur
829 2687 924 2708 muns.

118 2681 296 2717 volvebatur
314 2681 432 2713 facinus,
447 2686 476 2709 et
495 2682 522 2709 in
547 2682 642 2717 primis
658 2683 815 2711 versabatur
829 2682 924 2711 initiis.

118 2717 167 2744 lta
181 2715 318 2752 Libanius
325 2724 392 2744 voce
405 2717 457 2744 hac
467 2715 555 2752 utitur
560 2718 619 2744 loco
631 2725 692 2744 mox
702 2717 811 2744 citando
821 2725 849 2752 p.
864 2717 924 2750 I68,

121 2752 175 2778 ubi
204 2751 228 2788 is
250 2751 305 2788 ita:
321 2752 452 2788 Λεία-αντα
474 2751 525 2786 τὴν
539 2752 587 2788 τοῦ
608 2753 773 2788 πράγματος
798 2751 924 2788 μελέτην,

120 2788 174 2823 μὴΔ
183 2786 314 2823 abripi);
326 2787 357 2813 τδ
375 2786 506 2822 μέγιστον
515 2787 570 2814 ἀπὸ
585 2786 640 2813 τῶν
653 2786 804 2814 ἐλαττόνων
817 2787 923 2823 βαδίσῃ.

120 2821 210 2849 Solet
220 2821 290 2848 alias
303 2822 362 2849 haec
374 2830 426 2849 vox
441 2823 567 2857 usurpari
581 2830 595 2849 a
610 2823 766 2850 rhetoribus
783 2821 822 2850 de
833 2821 924 2849 decla-

118 2856 300 2885 mationibus
311 2857 412 2891 quibus
434 2856 564 2892 juventus
575 2858 610 2885 ad
626 2857 774 2886 masculum
791 2857 924 2892 eloquen-

313 2903 451 2934 Pnnoc.
472 2903 532 2934 Ca.
555 2904 616 2935 CII.

973 2508 1038 2535 tiam
1058 2508 1161 2544 erudiri
1178 2508 1269 2544 solet:
1295 2508 1357 2535 vide
1373 2508 1496 2541 omnino,
1516 2509 1617 2537 Exech.
1640 2509 1765 2544 Spanhe-

973 2543 1070 2579 mium,
1089 2543 1122 2570 ad
1142 2543 1247 2579 Juli_ani
1265 2547 1332 2570 orat.
1355 2543 1378 2576 Ι,
1393 2552 1419 2578 p.
1438 2544 1471 2572 14
1493 2551 1583 2579 seqq.,
1599 2549 1628 2571 et
1639 2543 1763 2572 Godl'rid.

973 2577 1111 2640 gleigilum
1135 2579 1169 2606 ad
1190 2577 1400 2611 Philostratum,’
1426 2579 1464 2606 De
1483 2577 1763 2614 vitii—sophistarum,

1011 2647 1080 2685 (72L
1088 2647 1259 2685 Θηρίονηῡο
1277 2648 1421 2676 venenatis
1432 2649 1529 2677 bestiis
1541 2649 1667 2685 usurpari
1684 2649 1763 2685 solet.

975 2681 1044 2718 Vide
1064 2683 1139 2710 Sam.
1151 2682 1328 2716 Bochartum,
1342 2689 1419 2718 parte
1434 2693 1465 2717 ιι,
1481 2681 1643 2717 Hierozoici,
1654 2692 1682 2718 p.
1693 2683 1741 2711 571
1754 2691 1762 2716 ;

975 2722 1003 2745 et
1023 2717 1198 2745 Lambertum
1225 2718 1295 2751 Bos,
1320 2717 1439 2747 in'Notis
1457 2720 1491 2747 ad
1516 2720 1621 2748 Novum
1646 2717 1763 2749 Foedus.

996 2773 1003 2779 .
1030 2753 1074 2780 90.
1097 2751 1271 2781 Transfertur
1293 2753 1392 2783 deinde
1418 2755 1452 2782 ad
1480 2755 1604 2782 homines
1628 2754 1656 2781 in
1680 2754 1764 2780 Deum

996 2773 1003 2779 .
1030 2761 1074 2780 νυ.
1101 2761 1271 2781 transtertur
1293 2761 1392 2783 uernae
1418 2761 1452 2782 ad
1480 2761 1604 2782 nomines
1628 2762 1656 2781 in
1680 2761 1764 2780 Deum

975 2761 1140 2824 liornincsve
1162 2789 1291 2824 maxime
1301 2790 1427 2824 injurios.
1443 2789 1513 2824 Lege
1528 2790 1662 2817 Joannem
1682 2788 1765 2815 Pear-

976 2823 1084 2860 sonitim
1103 2824 1136 2850 ad
1157 2823 1254 2860 lg‘natii
1272 2823 1419 2859 Epistolas,
1435 2834 1462 2860 p.
1484 2823 1535 2858 id;
1556 2830 1584 2852 et
1604 2824 1765 2860 Godl‘ridum

976 2857 1113 2886 Olearium
1127 2860 1161 2888 ad
1173 2857 1330 2888 Orationem
1346 2857 1452 2888 Libanii
1464 2868 1514 2896 pro
1525 2857 1682 2888 ulciscenda
1690 2859 1766 2887 caede

1526 2906 1544 2940 θ
