1930 3079
171 142 217 175 171

758 139 888 170 ΡΗΟΤΙΙ
909 139 1162 172 ΡΑΤΒΙΑΒΕἨΕ
1179 141 1234 173 C’P.

1753 139 1812 174 172‘

206 199 300 228 XVIII.
315 198 384 232 Quia
397 204 464 226 vero
477 202 567 224 sermo
583 203 663 223 meus
679 199 808 230 tanquam
825 195 852 222 in
871 199 962 222 trans—

1049 194 1101 222 lIl'.
1129 195 1206 222 Ἐπεὶ
1228 195 1256 221 δὲ
1271 193 1320 226 τὰς
1342 195 1491 232 ῑερολογὶας
1505 195 1520 222 ὁ
1535 195 1613 230 λόγος
1634 196 1672 227 ὡς
1693 196 1723 222 ἐν
1741 197 1802 223 ἐπι-

170 254 252 275 cursu
276 247 434 281 persecutus
456 247 499 270 est
522 242 630 270 oracula
652 249 728 269 sacra
742 261 750 274 ,
773 249 833 276 quae
858 241 961 268 bonum

170 294 280 320 Patrem
295 289 402 317 Domini
418 287 506 315 nostri
521 287 586 315 Jcsu
602 287 721 319 Christi,
746 291 774 314 et
789 287 878 322 ipsum
895 286 963 314 dile—

170 334 528 366 ctixniFiliumconditorem
539 333 621 368 hujus
633 332 765 364 universi,
775 336 803 359 et
811 336 963 359 creatorem

172 383 306 415 omnium,
321 388 383 416 quae
396 380 470 407 inter
485 379 627 407 sensibilia
653 383 682 406 et
706 378 885 414 intelligibilia
910 385 963 404 nu-

172 433 322 460 merantur,
347 427 421 455 clare
442 425 622 461 pronuntiant
646 429 675 451 et
687 424 837 457 celebrant,
851 423 964 451 consul-

173 481 230 503 tum
256 473 323 500 mihi
353 472 465 499 videtur
491 471 580 498 adhuc
605 469 781 497 manifestius
806 469 961 504 ostendere,

172 521 297 554 quisnam
317 518 423 554 primus
437 522 465 545 et
479 521 571 544 mente
583 520 611 543 et
625 515 717 543 verbis
730 515 815 550 hujus
830 515 858 542 in
877 514 963 542 Deum

173 564 327 592 insolentia
348 568 444 592 auctor
462 563 515 590 illis
525 562 649 594 exsistat,
668 561 715 596 qui
725 561 840 589 omnino
853 568 963 596 poenam

173 612 261 642 luent.
284 610 357 646 quod
370 617 460 645 regem
475 609 557 644 hujus
576 607 699 635 universi
711 614 794 642 super
807 614 836 635 se
850 613 964 642 regnare

174 656 281 689 nolunt,
297 655 345 683 sed
360 662 422 682 cum
436 654 497 681 aliis
514 653 597 681 rebus
612 651 789 680 sensibilibus
803 651 885 678 etiam
903 658 965 678 cor-

174 710 240 737 pora
253 709 302 729 sua
316 700 457 729 Conditori
470 699 649 731 subtrahunt,
664 702 692 725 et
705 697 778 725 hosti
795 697 963 732 mancipant.

174 746 234 774 Non
263 753 329 772 vero
356 744 466 771 aliunde
497 744 555 770 haec
595 740 792 770 commentatio
832 740 967 775 repetitur

175 797 256 825 quam
268 796 301 816 ex
313 789 366 815 illis
379 787 446 822 ipsis
462 786 547 814 sacris
565 789 593 813 et
609 793 624 812 a
645 785 701 812 Deo
715 784 856 819 inspiratis
868 783 966 811 Oracu-

176 836 220 863 lis.
237 834 307 861 Audi
322 833 413 868 itaque
439 830 635 866 evangelistam
664 830 784 857 Lucam:
807 829 876 856 nihil
890 828 965 856 enim

175 880 303 916 prohibet
319 878 407 913 ipsum
433 877 538 904 audire.
565 875 589 903 Is
612 875 686 903 enim
702 874 895 907 tentationem,
912 881 966 909 qua
979 868 1003 898 Β

175 931 270 954 noster
283 924 346 952 inde
363 924 396 950 ab
407 922 511 958 origine
532 929 624 948 rerum
638 920 827 956 supplantator
841 927 967 947 commu-

176 980 240 999 nem
255 970 377 998 omnium
392 969 570 996 Conditorem
595 968 623 994 in
647 971 790 1002 assumpto
806 966 903 993 habitu
915 973 970 993 ποι

176 1022 234 1045 stro
248 1016 406 1051 despectum
418 1021 561 1050 aggressus
569 1017 620 1045 est,
633 1012 661 1039 in
674 1019 750 1040 sacra
760 1011 874 1040 historia
885 1019 967 1039 enar-

177 1067 298 1095 raturus,
316 1065 343 1088 et
360 1065 423 1096 post
437 1060 599 1087 recensitam
615 1058 730 1094 primam
739 1058 835 1091 -1'llam,
852 1057 968 1085 alteram

177 1109 352 1144 expositurus
371 1115 378 1134 :
406 1106 440 1133 Et
463 1106 597 1133 adduceus
617 1105 717 1140 ipsum,
729 1104 833 1140 inquit,
847 1104 968 1131 diabolus

178 1156 207 1182 in
223 1158 336 1181 montem
353 1151 495 1184 excelsum,
509 1150 621 1178 ostendit
635 1151 659 1177 ei
677 1151 767 1177 omnia
787 1158 869 1185 regna
885 1150 966 1178 orbis.

180 1200 214 1228 Et
228 1199 295 1227 dixit
320 1199 343 1226 ei
368 1197 488 1225 diabolus
502 1197 536 1225 ".
562 1196 681 1223 Adverte
699 1201 832 1227 mentem,
845 1203 863 1222 ο
875 1196 967 1229 homo,

180 1251 211 1273 ut
228 1246 309 1279 scias,
330 1244 403 1272 unde
419 1243 538 1279 primum
557 1250 608 1270 vox
622 1242 681 1269 haec
697 1242 754 1269 Deo
771 1242 887 1269 adversa
902 1249 968 1276 pro-

180 1292 250 1320 fecta
264 1292 311 1325 sit,
331 1295 359 1318 et
381 1290 517 1325 quodnam
547 1289 584 1317 sit
595 1288 810 1316 abominandum
825 1287 970 1322 apostasize

180 1339 300 1366 initium.
334 1336 401 1370 Quis
425 1336 530 1371 primus
554 1333 694 1362 terrestria
715 1340 786 1368 opus
813 1338 841 1361 et
855 1340 969 1369 regnum

180 1381 269 1409 hostis
283 1381 376 1408 dicere
390 1386 472 1407 ausus
495 1378 558 1406 est?
583 1386 682 1413 nempe
697 1383 772 1406 sator
788 1378 967 1410 zizaniorum,

180 1427 228 1462 qui
241 1424 378 1453 homicida
399 1423 451 1451 fuit
469 1424 503 1451 ab
519 1423 609 1456 initio,
630 1423 677 1458 qui
700 1424 806 1458 primus
827 1424 856 1451 in
881 1424 969 1452 Deum

180 1471 316 1500 cervicem
341 1470 453 1502 extulit,
477 1469 524 1504 qui
547 1477 596 1505 per
621 1469 720 1497 fastum
745 1474 774 1497 et
787 1471 969 1506 arrogantiam

182 1518 270 1545 instar
283 1516 398 1552 fulguris
418 1523 450 1543 ex
468 1515 538 1542 caelo
558 1515 703 1550 prolapsus
718 1520 770 1543 est.
803 1515 878 1543 Dixit
895 1516 969 1544 enim

181 1562 221 1589 illi
236 1561 355 1589 diabolus
379 1568 388 1588 :
414 1560 469 1587 Tibi
495 1560 562 1586 dabo
586 1561 654 1586 hanc
675 1560 875 1594 potestatem".
891 1560 969 1594 Vide,

181 1615 328 1643 quemnam
348 1607 490 1634 doetorem
501 1605 545 1633 hic
558 1605 693 1633 malorum
709 1606 870 1640 constituat,
888 1615 971 1642 quem

182 1654 291 1686 ducena,
307 1659 388 1687 quem
405 1651 619 1686 praeceptorem!
636 1650 658 1678 Ο
674 1650 802 1679 miseram
817 1659 906 1679 meam
920 1660 973 1680 na-

183 1704 283 1731 turam,
299 1702 429 1733 quautam
446 1696 518 1724 hosti
532 1699 696 1731 potestatem
716 1696 744 1723 in
760 1704 805 1724 me
819 1697 885 1724 feci!
903 1698 972 1725 Cum

183 1744 330 1780 Evangelia
346 1747 400 1771 tam
416 1742 489 1770 clare
506 1742 634 1777 prodant,
649 1741 724 1776 unde
738 1743 895 1778 provenerit
912 1748 973 1771 tan-

185 1795 242 1818 tum
257 1789 401 1825 ap05tasia:
414 1788 526 1821 malum,
552 1792 580 1815 et
596 1788 658 1823 quis
675 1788 735 1824 ejus
751 1789 787 1816 sit
798 1794 910 1823 auctor;
925 1798 970 1818 er-

184 1836 260 1864 ronei
279 1841 370 1863 tamen
389 1833 525 1866 homines,
553 1837 682 1868 tanquam
701 1835 835 1863 obturalis
848 1836 972 1870 auribus,

183 1886 232 1909 aut
257 1888 351 1908 earum
381 1887 433 1907 usu
458 1879 569 1915 penitus
596 1879 696 1914 privati
729 1880 827 1908 nolunt
853 1881 947 1910 videre
963 1903 971 1916 ,

184 1928 263 1962 cujus
277 1935 306 1954 se
320 1926 422 1954 faciant
436 1925 585 1960 discipulos
595 1944 603 1958 ,
627 1929 655 1953 et
671 1925 751 1961 cujus
761 1934 842 1954 voces
858 1935 921 1955 suas
934 1928 974 1955 l'a-

184 1976 258 2003 ciant
281 1983 313 2003 ac
334 1974 477 2009 recipiant.
501 1973 536 2001 Et
555 1973 623 2000 dixit
637 1975 661 2001 ei
676 1975 816 2003 diabolus:
832 1976 889 2003 Tibi
906 1977 974 2003 dabo

185 2026 343 2056 potestatem
353 2021 422 2048 hanc
431 2028 542 2052 omnem,
561 2024 585 2046 et
600 2019 713 2054 gloriam
723 2029 824 2054 eorum,
835 2022 898 2056 quia
909 2022 975 2049 mihi

186 2068 287 2094 tradita
309 2072 389 2100 sunt,
414 2072 438 2095 et
461 2068 606 2104 cuicunque
621 2068 739 2101 voluero,
760 2069 816 2103 ipse
839 2070 916 2096 trado
938 2070 974 2098 ".

184 2112 313 2140 l’ercellit
336 2120 400 2145 vos,
420 2113 558 2141 auditores
576 2113 623 2141 Dei
641 2113 840 2146 amantissimi,
862 2114 975 2142 audacia

185 2159 340 2191 mendacii,
370 2163 399 2186 et
423 2159 576 2187 insolentiae
602 2159 762 2195 magnitudo
780 2159 808 2186 in
832 2159 974 2188 horrorem

1012 239 1098 274 δρομῇ
1121 239 1246 274 διῆλθεν,
1263 240 1292 266 αἱ
1313 240 1360 267 τὸν
1375 240 1478 275 ἀγαθὸν
1500 241 1612 275 Πατέρα
1630 240 1679 267 τοῦ
1701 240 1804 276 Κυρίου

1013 285 1092 320 ἡμῶν
1116 285 1204 320 Ἰησοῦ
1227 285 1364 321 Χριστοῦ,
1385 287 1435 313 καὶ
1455 286 1538 313 αὑτὸν
1556 286 1602 313 τὸν
1624 287 1805 322 ἠγαπημένον

1014 331 1078 358 Υίὺν
1093 331 1258 368 δημιουργὸν
1271 331 1319 359 τοῦ
1335 333 1436 364 παντὸς
1450 333 1498 359 καὶ
1522 332 1647 369 κτίστην,
1663 333 1714 360 ὅσα
1728 342 1758 360 τε
1775 334 1802 362 ἐν

1012 378 1070 410 τοῖς
1087 377 1227 413 αἰσθητοῖς
1251 377 1299 405 καὶ
1317 378 1368 406 ὅσα
1382 379 1412 405 ἐν
1432 380 1489 410 τοῖς
1509 379 1615 414 νοητοῖς
1627 377 1804 412 ἐξετάζεται,

1013 423 1172 458 περιφανῶς
1183 423 1294 450 ἀνεῖπόν
1305 432 1335 450 τε
1352 424 1400 451 καὶ¹
1414 424 1597 460 ἀνεκήρυξαν,
1618 424 1658 452 ἐτι
1674 433 1720 460 μοι
1732 425 1805 452 δοκεί

1013 469 1138 502 διελθεῖν,
1152 470 1200 496 καὶ
1219 470 1424 506 ἐμφανέστερον
1440 470 1586 504 ἐπιδεῖξαι,
1602 471 1644 503 τίς
1655 479 1686 498 τε
1707 469 1807 498 ἐστὶν’ὀ

1013 515 1122 550 πρῶτος
1143 515 1240 552 γνώμῃ
1264 516 1314 551 μὲν
1326 516 1463 552 τολμηρᾷ,
1481 517 1588 552 ῥήμασι
1602 516 1631 543 δὲ
1644 517 1702 548 τοῖς
1713 516 1807 548 αὐτοῖς

1014 562 1064 597 τῆς
1085 561 1236 596 θεομαχίας
1250 561 1422 596 διδάσκαλος,
1438 562 1543 598 ταύτης
1564 561 1655 597 ῥητῶς
1666 563 1715 597 τὴν
1729 562 1807 597 δίκην

1013 607 1180 642 τίσουσιν,ιοί
1189 607 1235 634 τδν
1241 606 1288 634 τοῦ
1301 607 1402 640 παντὸς
1409 608 1528 635 Βασιλέα
1542 607 1579 643 μὴ
1588 607 1752 643 θελήσαντες
1763 607 1808 643 βα·

1016 653 1133 680 σιλεύειν
1148 653 1192 688 ἐφ’
1206 653 1323 686 ἑαυτῶν,
1335 653 1404 681 ἀλλὰ
1415 653 1485 690 μετά
1495 653 1550 680 τῶν
1565 653 1654 681 ἄλλων
1669 653 1807 689 αἰσθητῶν

1015 699 1064 726 καὶ
1074 699 1109 726 τὰ
1125 699 1239 735 σώματα
1252 699 1343 728 αὐτῶν
1357 699 1404 726 τοῦ
1427 700 1550 727 utam»
1564 700 1614 735 μέν
1627 700 1806 732 διασπῶντες,

1017 747 1199 779 συνάπτοντες
1218 747 1247 774 δὲ
1263 746 1302 782 τῷ
1331 746 1448 782 Ἐχθρῷ.
1469 747 1526 773 Οὐκ
1548 746 1660 773 ἄλλοθεν
1671 745 1701 773 δέ
1716 746 1771 773 οὐδ’
1789 746 1807 781 η

1016 793 1082 827 περὶ
1100 791 1203 819 τούτων
1227 793 1352 827 πρόεισιν
1372 792 1527 826 ἀπόδειξις,
1547 792 1616 819 ἀλλὰ
1631 792 1675 819 διὰ
1689 792 1743 819 τῶν
1757 792 1808 818 αὺ-

1016 838 1072 864 τῶν
1091 837 1279 865 θεοπνεύστων
1291 839 1338 865 καὶ
1353 838 1433 873 ἱερῶν
1451 838 1568 872 Λογίων.
1594 838 1695 865 Ἄκουε
1717 837 1809 864 τοίνυν

1016 883 1063 911 τοῦ
1089 883 1285 918 εὐαγγελιστοῦ
1308 884 1402 910 Λουκᾶ
1415 891 1422 899 ’
1452 883 1530 910 οὐδὲν
1555 883 1610 919 γὰρ
1636 880 1693 910 οἷον
1725 881 1809 909 αὐτοῦ

1017 929 1137 959 ἀκούειν.
1149 929 1206 965 Τὴν
1218 931 1316 965 πεῖραν
1326 925 1414 962 οὗτος,
1440 929 1474 956 δι’
1488 926 1522 965 ἦς
1538 929 1552 956 ὀ
1571 929 1619 957 ἀπ’
1630 928 1718 964 ἀρχῆς
1729 927 1809 964 ἡμῶν

1017 976 1181 1012 πτερνιστὴς
1197 976 1375 1011 ἐπεχείρησεν
1391 976 1419 1002 ἐν
1435 975 1558 1011 ἡμετέρᾳ
1576 975 1666 1011 μορφῇ
1680 974 1808 1012 κατιδὼν,

1019 1010 1130 1052 καὶτὸν
1151 1010 1240 1049 κοινὸν
1249 1010 1386 1057 πειράσαι
1410 1010 1548 1057 Πλάστην,
1565 1010 1667 1056 ταύτην
1690 1019 1736 1047 διά
1751 1010 1810 1056 ’τῆς

1019 1068 1095 1104 ἱερᾶς
1111 1068 1232 1104 ἱστορίας
1246 1067 1400 1103 περιδιδοὺς
1413 1067 1468 1102 (7'5)
1480 1086 1487 1099 ,
1503 1072 1553 1095 καὶ
1574 1067 1644 1102 μετά
1666 1066 1717 1102 τὴν
1734 1065 1811 1102 πρώ-

1018 1122 1068 1149 την
1087 1114 1137 1150 τὴν
1155 1114 1286 1149 δευτέραν
1300 1113 1435 1146 ἐπεξιών⁸
1454 1113 1510 1141 Kal
1526 1112 1686 1148 ἀναγαγὼν
1705 1112 1810 1145 αὐτὸν,

1019 1160 1111 1195 φησιν,
1127 1159 1144 1186 ὁ
1156 1158 1296 1191 διάϐολος
1309 1159 1353 1191 εἰς
1367 1158 1438 1192 ὄρος
1448 1158 1581 1192 ὑψηλὸν,
1600 1157 1717 1190 ἔδειξεν
1730 1156 1812 1189 αὐτῷ

1019 1205 1121 1238 πάσας
1135 1204 1188 1238 τὰς
1199 1204 1362 1237 βασιλείας
1380 1202 1437 1238 τῆς
1451 1203 1639 1238 οἰκουμένης.
1655 1202 1711 1230 Kal
1726 1200 1813 1230 εἶπεν

1018 1251 1100 1284 αὐτῷ
1112 1252 1128 1277 ό
1147 1249 1296 1282 διάϐολος.
1317 1249 1439 1285 Πρόσεχε
1455 1248 1501 1275 τὸν
1518 1249 1592 1282 νοῦν,
1605 1248 1743 1284 ἄνθρωπε,
1761 1247 1811 1275 πό-

1020 1297 1067 1324 θεν
1089 1296 1199 1332 πρῶτον
1213 1295 1327 1331 ἐξῆλθεν
1345 1296 1362 1331 ἡ
1389 1294 1523 1330 θεομάχος
1537 1293 1607 1330 αὕτη
1625 1294 1713 1329 φωνὴ,
1733 1293 1776 1326 τίς
1794 1294 1812 1329 ἡ

1021 1343 1133 1379 μυσαρά
1143 1342 1194 1377 τῆς
1205 1341 1374 1373 ἀποστασίας
1388 1341 1512 1377 ἀπαρχὴ.
1531 1341 1580 1372 Τίς
1592 1340 1727 1376 ἐτόλμησε
1738 1339 1814 1376 πρῶο

1019 1398 1066 1421 τος
1086 1389 1121 1416 τὰ
1147 1390 1294 1424 περίγεια,
1317 1387 1398 1423 ἔργον
1423 1388 1471 1415 καὶ
1492 1378 1631 1423 βασιλείαν
1658 1387 1746 1414 εἰπεῖν
1763 1386 1811 1414 τοῦ

1026 1434 1158 1469 Ἐχθροῦ;
1177 1434 1219 1461 δτι
1233 1434 1288 1461 τῶν
1295 1433 1445 1466 ζιζανίωνό
1460 1432 1682 1469 ἀνθρωποκτόνος
1693 1432 1813 1467 γεγονὼς

1020 1480 1069 1508 ἀπ’
1086 1480 1185 1516 ἀρχῆς,
1200 1480 1215 1507 ὸ
1228 1479 1337 1516 πρῶτος
1353 1479 1541 1515 τραχηλιὰσας
1557 1478 1628 1506 κατὰ
1644 1478 1723 1511 Θεοῦ,
1736 1479 1751 1505 ὸ
1769 1478 1814 1505 διὰ

1020 1527 1052 1553 τδ
1066 1526 1237 1562 μεγάλαυχον
1258 1527 1306 1554 καὶ
1322 1526 1368 1553 τὸν
1390 1525 1509 1558 ἀλαζόνα
1529 1525 1593 1552 νοῦν
1610 1524 1689 1560 δίκην
1709 1525 1814 1560 ἀστρα-

1023 1573 1077 1608 πῆς
1093 1571 1185 1599 πεσὼν
1201 1573 1233 1598 ἐκ
1247 1571 1295 1599 τοῦ
1315 1571 1432 1608 οὐρανοῦ
1443 1580 1450 1588 ·
1469 1571 1516 1599 καὶ
1530 1569 1615 1599 εἶπεν
1625 1570 1706 1604 αὐτῷ
1717 1571 1735 1598 ό
1748 1569 1814 1597 διά.-

1024 1619 1123 1651 6ολος,
1150 1618 1201 1646 Σοὶ
1222 1617 1308 1645 δώσω
1331 1617 1389 1651 τὴν
1408 1617 1556 1651 ἐξουσίαν
1577 1617 1699 1651 ταύτην.
1724 1616 1814 1652 Ὅρα,

1022 1665 1083 1692 τίνα
1099 1664 1260 1692 διδάσκαλον
1282 1663 1314 1690 τὸ
1328 1665 1378 1698 τῆς
1389 1663 1522 1699 πονηρίας
1542 1663 1650 1695 καθίζει
1665 1662 1815 1698 συνέδριον,

1023 1711 1084 1739 τίνα
1111 1710 1294 1746 μυσταγωγὸν
1317 1709 1365 1736 καὶ
1392 1709 1558 1746 είσηγητήνῐ
1586 1710 1619 1735 Ὢ
1639 1707 1816 1744 ταλαιπώρου

1023 1757 1074 1793 τῆς
1095 1756 1166 1791 ἐμῆς
1184 1755 1303 1790 φύσεως,
1326 1755 1359 1791 ἠν
1380 1755 1519 1790 παρέσχον
1533 1755 1659 1788 ἐξουσίαν
1672 1754 1733 1782 κατ’
1746 1754 1816 1789 ἐμοῦ

1023 1801 1063 1838 τῷ
1085 1801 1206 1837 Ἐχθρῷῑ
1223 1801 1316 1834 Οὕτως
1331 1800 1468 1836 λαμπρῶς
1491 1800 1545 1827 τῶν
1556 1801 1741 1836 Εὐαγγελίων,
1754 1801 1817 1827 ὅθεν

1024 1846 1131 1883 ἐρράγη
1154 1846 1202 1874 καὶ
1221 1846 1359 1882 προῆλθε,
1382 1845 1583 1881 κηρυττόντων,
1603 1845 1633 1873 τὸ
1656 1845 1817 1882 τηλικοῦτον

1024 1893 1074 1928 τῆς
1091 1892 1263 1925 ἀποστασίας
1288 1891 1382 1925 κακὸν,
1400 1893 1448 1919 καὶ
1459 1892 1502 1924 τίς
1521 1892 1536 1918 ὁ
1551 1893 1705 1928 ἀρξάμενος
1721 1891 1817 1928 ὥσπερ

1026 1938 1158 1974 βύσαντες
1172 1939 1196 1965 οἱ
1212 1938 1397 1974 πλανηθέντες
1406 1938 1441 1965 τὰ
1458 1935 1526 1970 ὦτα,
1540 1938 1557 1973 ἢ
1573 1938 1714 1970 παντελῶς
1726 1938 1817 1964 αὐτῶν

1025 1983 1201 2020 ἀφῃρημένοι
1212 1985 1262 2018 τὴν
1273 1984 1384 2020 χρῆσιν,
1400 1984 1451 2010 οὐκ
1465 1983 1589 2010 ἐθέλουσι
1606 1983 1731 2017 συνιδεῖν,
1744 1983 1819 2016 τίνος

1025 2030 1141 2061 ἐαυτοὺς
1150 2029 1258 2055 ποιοῦσι
1278 2028 1414 2063 μαθητὰς,
1429 2028 1477 2054 καὶ
1492 2028 1565 2060 τινος
1584 2028 1748 2055 οἱκειοῦνται
1770 2029 1818 2055 καὶ
1831 2034 1839 2040 ‘

1026 2075 1229 2103 ὑποϐάλλονται
1245 2074 1348 2109 φωνάς.
1360 2074 1417 2101 Kal
1431 2071 1518 2101 εῇτεν
1537 2074 1618 2107 αὑτῷ
1631 2075 1649 2101 ὁ
1665 2074 1816 2107 διάϐολοςν

1026 2122 1172 2153 Σοὶδώσῳ
1182 2121 1240 2154 τὴν
1253 2120 1398 2153 ἐξουσίαν
1421 2121 1534 2154 ταύτην
1549 2120 1684 2153 ἅπασαν,
1696 2120 1745 2147 καὶ
1759 2120 1819 2153 τὴν

1026 2167 1121 2199 δόξαν
1143 2165 1253 2199 αὐτῶν,
1272 2166 1317 2192 ὅτι
1340 2166 1405 2200 ἐμοὶ
1424 2166 1634 2200 παραδέδοται,
1650 2166 1700 2193 καὶ
1720 2163 1745 2200 ᾧ
1762 2166 1819 2193 ἐὰν·

187 2206 359 2241 inopinatum
376 2205 490 2241 conjicit
502 2212 563 2234 :me
578 2213 644 2233 vero
653 2205 739 2233 multo
749 2206 835 2241 magis
851 2206 970 2241 percellit

1027 2211 1113 2243 θέλω,
1132 2211 1237 2246 δίδωμι
1257 2211 1365 2244 αὐτὴν.
1387 2211 1581 2246 Καταπλήττει
1606 2220 1636 2238 σε
1661 2211 1692 2239 τδ
1716 2212 1818 2247 θράσος

192 2251 374 2287 pessimorum
397 2250 509 2286 pessimi
520 2251 642 2286 magistri
661 2250 868 2286 discipulorum,
880 2258 980 2286 praece-

187 2302 292 2332 ptorem
307 2304 388 2325 suum
402 2295 550 2331 superandi
558 2295 691 2324 studium.
702 2295 751 2323 Ille
764 2296 849 2329 enim,
858 2296 977 2332 alioquin

187 2350 236 2378 per
252 2342 345 2370 omnia
361 2341 449 2369 audax
463 2361 470 2374 ,
489 2346 518 2368 et
528 2341 685 2376 impudens,
701 2345 729 2369 et
740 2342 872 2375 mendax,
891 2348 919 2370 et
935 2347 976 2371 te-

187 2389 338 2422 merarius,
349 2388 479 2423 praedicat
499 2392 588 2414 tamen
604 2394 634 2414 se
648 2387 682 2414 ab
695 2387 748 2414 alio
762 2387 846 2415 dante
863 2397 977 2424 regnum

188 2435 215 2462 in
233 2439 306 2462 terra
327 2439 438 2462 nactum
454 2441 526 2461 esse.
543 2433 609 2460 lvii-hi
625 2433 714 2466 enim,
732 2434 834 2468 inquit,
854 2435 898 2463 illa
915 2435 979 2464 data

187 2487 270 2515 sunt;
285 2489 340 2509 non
355 2489 437 2510 vero:
450 2489 501 2517 ego
515 2481 574 2509 haec
586 2489 619 2509 ex
632 2489 687 2509 non
704 2482 900 2512 exsistentibus
913 2492 978 2512 con-

187 2527 255 2556 didi.
282 2528 318 2555 At
340 2528 453 2563 genuini
476 2527 515 2555 illi
542 2532 570 2556 et
594 2533 761 2563 praeceptore
791 2536 841 2558 suo
870 2532 979 2567 pejores

223 2587 244 2602 ""
262 2585 358 2614 Matth.
375 2594 413 2619 tv,
425 2587 450 2614 8.
490 2587 514 2603 "
526 2586 592 2615 ibid.
630 2587 652 2603 τ’
667 2587 733 2615 ibid.
749 2587 777 2617 9.

1027 2256 1075 2284 τοῦ
1086 2253 1244 2292 ψεύδους,ὣ
1256 2256 1381 2291 φιλόθεον
1395 2257 1509 2294 θέατρον
1523 2257 1591 2292 (74),
1600 2257 1648 2284 καὶ
1663 2259 1704 2288 εἰς
1714 2257 1820 2292 θάμϐος

1027 2302 1147 2336 ἐξαίσιον
1169 2303 1273 2338 ἀπάγει
1298 2303 1351 2338 τῆς
1375 2301 1536 2335 ἀλαζονείας
1551 2303 1583 2330 τὺ
1610 2303 1725 2338 μέγεθος
1739 2312 1746 2318 ·
1766 2304 1819 2338 ἐμὲ

1025 2349 1054 2376 δὲ
1068 2348 1169 2384 μᾶλλον
1185 2340 1232 2376 τοῦ
1249 2348 1337 2376 κακοῦ
1355 2348 1517 2376 διδασκάλου
1533 2348 1589 2375 τῶν
1608 2348 1701 2375 κακῶν
1731 2349 1822 2384 μαθη-

1025 2396 1080 2421 τῶν
1093 2396 1110 2430 ὴ
1128 2395 1243 2431 σπουδὴ.
1259 2395 1305 2422 καὶ
1319 2394 1361 2427 οἷς
1375 2396 1423 2423 τὸν
1434 2395 1594 2423 διδάσκαλον
1613 2395 1822 2430 ἐφιλονείκησαν

1027 2442 1256 2477 ὑπερῦάλλεσθαι.
1280 2442 1310 2469 'O
1331 2443 1381 2477 μὲν
1396 2443 1462 2480 γὰρ,
1476 2443 1567 2469 καίτοι
1582 2442 1671 2472 πάντα
1685 2442 1822 2477 τολμηρὸς

1026 2488 1074 2515 καὶ
1085 2488 1264 2524 ἀναίσχυντος
1279 2489 1329 2516 καὶ
1338 2488 1457 2524 ψεύστης
1465 2489 1513 2516 καὶ
1526 2487 1628 2523 θρασὺς
1636 2488 1684 2520 ὢν,
1691 2488 1764 2522 ὅμως
1773 2488 1824 2515 ἆλ-

1027 2534 1075 2562 λου
1082 2534 1173 2567 δόντος
1184 2534 1278 2563 λασεῖν
1284 2534 1333 2571 τὴν
1344 2535 1483 2571 βασιλείαν
1498 2534 1548 2570 τὴν
1558 2534 1605 2562 ἐπὶ
1612 2534 1664 2570 γῆς
1677 2533 1825 2569 τερατεύε-

744 2655 864 2683 ΫΑΒΙΛΕ
876 2656 1071 2687 LECTIONES
1095 2659 1140 2686 ET
1158 2659 1277 2688 ΝΟΤιΕ.

189 2713 300 2744 Juliani,
316 2720 377 2747 quae
392 2716 482 2740 exstat
508 2711 537 2740 in
557 2712 644 2740 celeb.
673 2712 716 2741 Jo.
739 2713 844 2741 Alberti
863 2713 981 2742 Fabricii

191 2748 351 2775 Bibliothera
362 2747 466 2783 (It-tem.
479 2747 535 2783 vol,
547 2747 604 2779 VII,
618 2754 646 2783 p.
663 2748 725 2776 166.

226 2784 282 2817 (75)
311 2782 496 2817 Περιδιδούς.
527 2782 682 2819 Legendum
710 2788 776 2819 puto
805 2784 980 2819 παραδιδούς,

1030 2716 1081 2744 tari
1098 2717 1125 2743 in
1138 2724 1205 2744 mss.

1066 2752 1122 2786 (74)
1139 2751 1280 2794 Θέατρον.
1303 2752 1393 2794 Habes
1419 2754 1464 2782 hie
1485 2763 1586 2794 novum
1615 2762 1823 2794 argumentum,

1029 2793 1084 2826 quo
1109 2792 1235 2826 constare
1260 2791 1522 2826 possitrsermonem
1548 2792 1594 2819 hic
1624 2791 1687 2826 legi,
1713 2793 1825 2826 publice

192 2826 252 2862 qua:
266 2827 316 2846 vox
330 2819 393 2846 huic
404 2854 409 2859 _
415 2822 578 2862 argumento
587 2820 799 2862 accommodata
816 2824 868 2847 est.
886 2820 982 2847 Solent
1030 2819 1305 2862 oliuiuadaudienies
1315 2824 1448 2853 habitum.
1472 2819 1537 2855 Vide
1547 2834 1608 2862 qua:
1620 2819 1824 2857 inulilutinebu:

194 2858 283 2881 autem
296 2853 502 2889 praepositiones
522 2853 598 2889 παρὰ
615 2859 642 2881 et
659 2855 724 2890 περὶ
737 2855 809 2882 inter
827 2862 857 2882 se
870 2863 981 2890 permu—

1027 2856 1074 2892 jus
1092 2857 1176 2885 libelli
1188 2865 1204 2886 a
1216 2865 1260 2887 me
1280 2859 1424 2888 observata
1438 2865 1511 2888 sunt.
