1930 3079
190 130 242 163 175

760 130 892 161 ΡΠΟΤΙΙ
913 129 1167 162 PATRIARCHXE
1195 133 1250 163 CP.

1768 139 1815 172 176

189 189 298 216 bantur.
315 187 348 215 Et
363 187 399 214 illi
416 186 527 222 quidem
549 191 684 222 negarunt
707 193 820 221 regnum
839 186 909 220 ejus.
929 192 962 211 ne

1016 209 1018 212 .
1030 184 1177 212 ανάστασιν
1196 187 1340 222 ἠγνόησεν,
1353 187 1387 223 ἦν
1399 197 1471 221 τινες
1482 189 1536 216 τῶν
1552 190 1669 219 πολιτῶν
1685 192 1814 230 ἐμελέτη-

187 233 333 262 voluerunt
353 240 416 260 eum
435 239 519 267 super
543 240 573 260 se
601 240 725 268 regnare.
756 231 804 260 llic
833 231 975 258 hominum

187 279 391 307 amantissimus
402 300 408 310 .
425 279 513 306 bonus
536 278 624 306 Patris
639 278 733 311 Filius,
752 278 813 305 fons
828 277 975 305 commisc-

186 325 309 355 rationis,
323 325 392 351 Deus
407 324 610 356 misericordiae,
625 325 683 352 haec
694 324 888 352 misericordiae
901 332 975 351 nun-

185 379 267 406 quam
285 370 424 398 vacuanda
445 370 550 398 viscera
562 391 568 402 ,
587 379 642 398 non
668 371 756 405 potuit
781 371 853 398 ferre
869 375 973 398 tantam

184 417 286 444 civium
305 416 475 451 ingratorum
491 417 678 444 insolentiam.
696 417 790 452 Neque
811 417 884 444 cnim
908 424 973 452 pec-

183 467 307 490 catorum
328 462 510 490 humanorum
534 462 642 497 aliquod
666 462 725 490 ausi
748 468 828 490 erant
850 463 899 496 illi,
923 463 972 490 sed

183 512 279 535 contra
296 508 464 541 Creatorem,
481 513 575 536 contra
597 513 737 537 auctorem
748 530 756 543 ,
774 513 869 538 contra
885 510 972 537 bene-

183 553 326 585 factorcm,
353 558 448 581 contra
473 553 617 588 providum
642 555 761 582 amentia
781 555 937 590 insurgebat
962 563 970 582 :

183 601 239 627 imo
257 607 305 634 pro
325 600 403 627 hoste
427 600 461 628 ab
479 600 585 635 origine
600 600 681 631 malo.
697 608 747 636 pro
764 601 898 628 homicida
913 601 971 636 pri-

182 654 280 679 nnc-vo,
302 653 352 680 pro
372 646 530 674 adversario
559 646 678 673 studium
706 646 741 673 ab
756 646 789 674 iis
813 648 944 682 probatur
962 656 969 674 :

182 700 216 720 eo
234 692 297 725 fine,
315 697 345 720 ut
357 692 435 719 alteri
451 692 560 727 quidem
583 693 728 727 imperium
745 693 874 726 demant,
891 693 970 721 alteri

181 738 342 774 largiantur.
360 738 430 771 Quid
444 739 525 774 igitur
537 737 612 770 facit,
623 744 651 766 et
663 746 744 774 quam
756 747 864 774 poenam
878 740 970 774 justus

179 784 263 818 judcx
278 783 312 811 ab
331 784 463 818 apostatis
479 783 532 811 illis
551 784 670 818 repetit?
690 787 803 814 Praestat
825 785 898 812 enim
919 792 969 812 au-

180 829 239 857 dire
251 829 338 864 ipsam
352 829 425 856 illam
443 830 608 857 sententiam
619 838 626 857 :
636 829 763 857 Inimicos
775 839 855 864 meos,
869 831 967 865 inquit,

1028 240 1078 259 σαν
1095 234 1156 261 κατ’
1175 235 1270 262 αὑτοῦ.
1287 236 1342 262 Καὶ
1365 237 1518 272 ὴρνήσαντο
1535 238 1594 273 (75)
1609 239 1659 274 μὲν
1674 240 1724 276 τὴν
1739 241 1813 276 βασι-

1026 278 1101 307 λείαν
1132 281 1231 314 αὑτοῦ,
1253 283 1304 309 οὐκ
1332 283 1470 318 ἠθέλησαν
1495 284 1524 311 δὲ
1557 285 1711 320 βασιλεύειν
1735 289 1814 316 αὐτὸν

1025 325 1068 361 ἐφ’
1091 327 1206 354 ἑαυτῶν.
1221 324 1306 359 Οὗτος
1329 329 1344 355 6
1371 329 1574 365 φιλάνθρωπος,
1591 332 1606 358 6
1626 333 1729 366 ἀγαθὸς
1758 336 1809 362 Πα-

1025 373 1087 407 τρὸς
1103 373 1182 406 Παῖς,
1196 374 1213 408 ἠ
1236 375 1312 409 πηγὴ
1328 375 1379 410 τῆς
1404 377 1588 411 συμπαθείας,
1608 379 1623 405 6
1649 378 1697 406 τοῦ
1723 380 1814 413 ἐλέους

1024 417 1101 449 Θεὸς,
1115 418 1150 445 τὰ
1167 418 1221 445 τῶν
1244 419 1397 455 οἰκτιρμῶν
1419 421 1458 456 μὴ
1481 422 1635 458 κενούμενα
1659 425 1812 461 σπλάγχνα,

1023 464 1074 490 οὐκ
1095 464 1224 500 ἠνέσχετο
1249 465 1300 501 τὴν
1313 465 1449 502 τοσαύτην
1472 468 1617 503 παροινίαν
1642 469 1696 496 τῶν
1715 471 1813 506 ἀχαρί-

1024 518 1094 537 στων
1103 510 1187 538 αὑτοῦ
1199 511 1326 539 πολιτῶν.
1345 511 1413 539 Οὑδὶ
1420 513 1475 549 γὰρ
1491 513 1520 540 ἓν
1532 522 1559 542 τι
1569 514 1624 542 τῶν
1634 515 1812 550 ἀνθρωπίνων

1022 556 1230 592 ἁμαρτημάτων
1237 555 1272 593 ἦν
1286 558 1432 594 τολμηθὲν,
1446 559 1516 586 ἀλλὰ
1531 560 1601 588 κατὰ
1616 560 1665 589 τοῦ
1675 561 1810 594 Πλάστου.

1022 602 1094 629 κατὰ
1105 602 1152 629 τοῦ
1163 603 1347 639 Δημιουργοῦ,
1357 604 1428 632 κατὰ
1443 605 1491 632 τοῦ
1501 605 1664 641 Εὐεργέτου,
1682 608 1754 635 κατά
1764 608 1810 636 τοῦ

1021 647 1171 682 προνοητοῦ
1189 648 1205 684 ή
1222 648 1346 681 ἀπόνοια,
1357 648 1415 676 ἀλλ’
1430 649 1500 685 ὑπὲρ
1516 650 1564 685 τοῦ
1581 651 1738 685 ἁρχεκάκου
1763 651 1808 687 ἐχ-

1022 693 1098 728 θροῦ,
1111 694 1181 730 ὑπερ
1193 694 1241 721 τοῦ
1258 695 1308 722 ἀπ’
1321 695 1410 731 ἀρχῆς
1423 696 1659 731 ἀνθρωποκτόνου,
1672 697 1742 732 ὑπὲρ
1760 697 1809 725 τοῦ

1021 741 1212 774 ἀντικειμένου
1230 741 1247 775 ή
1266 740 1368 776 σπουδή
1381 747 1389 755 ⁸
1409 740 1453 767 ἵνα
1465 739 1513 767 τοῦ
1532 740 1581 776 μὲν
1595 741 1751 775 ἀφέλωνται
1760 742 1809 777 τὴν

1021 785 1171 821 βασιλείαν,
1185 784 1225 821 τῷ
1236 785 1265 813 δὲ
1280 785 1458 822 χαρίσωνται.
1474 785 1521 813 Διὸ
1528 786 1555 813 τί
1573 788 1667 820 ποιεῖς
1685 787 1734 814 καὶ
1748 787 1810 825 τινα

1019 832 1099 867 δίκην
1117 832 1182 864 τοὺς
1203 832 1361 864 ἀποστάτας
1385 833 1400 859 6
1419 832 1523 864 δίκαιος
1549 832 1662 859 ἁπαιτεῖ
1694 833 1807 868 κριτής;

181 875 224 910 qui
240 875 380 902 noluerunt
399 883 440 902 me
450 883 528 910 super
544 883 571 902 se
586 878 696 911 regnare
707 876 840 907 adducite,
857 880 881 903 et
898 877 963 903 occi-

1028 866 1108 904 Ἀλλὰ
1137 878 1193 913 γὰρ
1223 878 1335 913 ἄμεινον
1369 879 1454 912 αὐτῆς
1479 878 1587 913 ἐκείνης
1621 866 1732 905 ἀκούειν
1759 866 1809 914 τῆς

178 921 232 948 dite
247 929 336 948 coram
353 929 394 948 me
406 921 440 947 "°.
455 921 591 954 Quoniam
608 921 681 948 enim
703 922 789 949 oculis
808 921 866 949 suis
882 921 967 949 Crea-

179 972 266 993 torem
292 965 458 1000 dcspiciunt,
476 966 511 993 ad
524 965 757 1001 supplantatOrem
774 966 965 1001 respicientes,

178 1012 275 1039 merito
289 1011 315 1038 in
330 1012 418 1039 oculis
431 1011 544 1047 iustitiae
560 1011 651 1039 omnia
667 1011 786 1039 videntis
799 1016 828 1039 et
844 1016 967 1040 contem-

177 1058 275 1093 plantis
298 1058 333 1086 ad
354 1058 462 1094 dignam
488 1061 621 1086 vocantur
649 1065 771 1094 pinnam.
796 1057 830 1086 Et
851 1058 967 1086 occidite

176 1112 330 1152 eosve'oram
355 1112 409 1137 me,
426 1108 456 1131 ut
475 1111 557 1139 quem
576 1111 633 1132 non
652 1104 799 1132 voluerunt
815 1111 965 1140 agnoscere

172 1148 285 1186 regem,
311 1157 374 1177 eum
396 1149 439 1176 vel
466 1149 591 1177 invitiex
614 1148 659 1182 iis,
675 1149 777 1184 quibus
796 1149 965 1184 plectuntur,

175 1198 265 1234 poenis
284 1201 311 1225 et
333 1197 434 1233 Regem
454 1201 481 1225 et
499 1196 603 1232 justum
615 1195 736 1231 iudicem
754 1201 915 1232 agnoscant.
933 1196 966 1223 Et

175 1245 302 1280 quoniam
315 1251 414 1278 corpus
424 1251 440 1270 a
451 1250 495 1270 me
504 1243 651 1270 formatum
660 1246 688 1270 et
701 1242 794 1270 datum
806 1242 857 1269 illis
869 1242 966 1269 aliena:

175 1296 273 1317 manus
292 1296 361 1323 opus
375 1287 560 1319 venditarum,
572 1286 689 1314 occidite
703 1285 776 1318 illos,
788 1290 819 1313 ut
830 1292 879 1320 per
891 1285 965 1320 quod

175 1334 267 1370 injurii
285 1334 311 1361 in
330 1341 372 1361 me
387 1333 508 1365 fuerunt,
522 1332 649 1367 quodque
673 1339 735 1359 meo
757 1330 874 1366 imperio
897 1330 964 1358 sub-

179 1383 287 1415 reptum
303 1379 374 1406 hosti
389 1377 590 1413 mancipat-unt,
605 1377 640 1403 ab
652 1383 685 1403 co
705 1375 823 1411 sejuncti
844 1375 965 1403 debitam

177 1425 324 1460 apostasia:
339 1431 448 1459 poenam
465 1423 590 1450 solvant:
603 1422 724 1450 Occidite
739 1429 787 1449 eos
800 1428 891 1449 coram
907 1420 961 1448 mel

174 1471 353 1499 Considerate
386 1477 516 1505 pmnam,
556 1476 638 1504 quam
671 1469 707 1496 sit
740 1467 905 1496 inevitabilis
937 1470 966 1495 et

174 1518 282 1545 acerba.
301 1516 368 1549 Quis
383 1516 436 1544 l‘crt
451 1516 616 1544 sententiam
629 1515 641 1542 ί
653 1515 738 1550 Cujus
756 1519 785 1542 et
800 1514 865 1542 illud
887 1513 964 1549 judi-

174 1564 265 1591 cium?
285 1563 325 1591 Ab
353 1564 434 1591 hoste
447 1563 533 1590 occidi
555 1563 680 1596 quamvis
704 1561 817 1597 lugubre
826 1560 871 1593 sit,
893 1559 964 1587 mul-

175 1616 233 1637 tum
250 1613 341 1636 tamen
365 1608 454 1636 solatii
473 1608 615 1635 materiam
636 1606 802 1642 suppeditat.
823 1605 966 1640 Relinquit

174 1655 248 1682 enim
277 1655 420 1682 Dominum
437 1654 558 1681 futurum
581 1653 716 1685 ultorem,
740 1656 768 1680 et
789 1659 852 1687 spes
871 1659 964 1679 resur-

174 1700 316 1732 rectionis,
337 1707 369 1728 ac
392 1707 456 1727 cum
486 1707 518 1726 ea
541 1698 682 1734 conjuncti
705 1697 814 1734 gaudii,
834 1702 963 1732 tanquam

175 1747 284 1773 initium
325 1745 447 1777 laetitiae,
491 1744 613 1780 COgitare
643 1751 707 1771 eum
748 1743 813 1770 facit
841 1742 876 1770 de
909 1743 963 1769 im-

173 1791 296 1819 minente
309 1791 428 1818 hostium
449 1790 532 1818 caede.
548 1784 664 1823 Quando
677 1796 742 1816 vero
757 1788 888 1816 Dominus
904 1788 964 1824 ipse

170 1837 249 1871 jubet
261 1835 361 1869 occidi,
375 1843 391 1863 a
406 1843 462 1870 quo
478 1835 558 1868 ultio,
571 1842 587 1862 a
599 1841 653 1870 quo
668 1833 865 1865 misericordia,
876 1840 891 1860 a
907 1840 962 1868 quo

172 1887 234 1917 post
250 1882 480 1909 resurrectionem
492 1881 639 1909 exsultatio
653 1885 681 1908 et
692 1879 795 1913 laetitia,
809 1887 825 1906 a
841 1886 896 1914 quo
908 1878 963 1906 vita

171 1932 200 1955 et
212 1928 286 1955 salus
299 1927 480 1963 proﬁciscitur
497 1936 503 1954 :
519 1934 581 1962 qua:
593 1927 682 1954 oratio
694 1926 809 1953 acerbas
822 1930 850 1952 et
863 1925 962 1952 intole-

151 1983 158 1989 ·
171 1975 271 2003 rabiles
287 1975 494 2010 repraesentabit
505 1974 620 2010 pronas?
630 1981 690 2009 quae
705 1973 814 2001 dolores
834 1972 961 2000 acutissi-

170 2030 240 2055 mos,
254 2027 282 2050 et
292 2022 368 2049 nullo
380 2021 510 2049 levandos
520 2021 672 2049 solatio?ad
684 2028 765 2056 quem
776 2019 961 2055 confugietur?

169 2070 308 2105 quodnam
326 2069 379 2096 erit
387 2068 558 2104 refrigerium
574 2067 625 2095 sub
637 2067 760 2095 cruciatu
770 2066 825 2094 line
833 2071 957 2097 carente,

170 2120 198 2142 et
210 2115 260 2142 sub
273 2122 353 2150 poma
370 2113 659 2142 intenuinabili?ﬂa:c
675 2112 800 2148 cogitate,
814 2112 872 2139 hate
886 2111 960 2146 cogi-

169 2166 257 2189 tantes
265 2161 358 2188 timete
369 2160 445 2188 vobis
455 2167 470 2187 a
481 2167 571 2195 poena.
580 2167 660 2195 quam
673 2159 700 2186 in
715 2158 775 2186 aliis
783 2157 881 2185 videtis
891 2157 958 2185 etab

1017 923 1126 960 ψήφου·
1153 924 1228 958 Τοὺς
1252 924 1381 959 ἐχθρούς
1405 933 1476 958 μου,
1502 924 1569 959 φησὶ
1583 924 1676 957 ,τοὺς
1693 924 1737 958 μὴ
1762 925 1809 952 θε-

1017 969 1174 1003 λήσαντάς
1196 978 1236 1004 με
1258 969 1441 1001 βασιλεύειν
1461 969 1508 1004 ἐφ’
1531 968 1665 1001 ἑαυτῶν,
1682 969 1808 1005 ἀγάγετε

1017 1015 1067 1042 καὶ
1086 1014 1301 1050 κατασφάξατε
1318 1014 1489 1049 ἔμπροσθέν
1510 1023 1582 1050 μου.
1616 1014 1725 1050 Ἐπειδὴ
1753 1015 1808 1050 γὰρ

1016 1061 1075 1093 τοῖς
1090 1060 1241 1096 ὀφθαλμοῖς
1262 1060 1354 1088 αὐτῶν
1382 1060 1508 1096 παρεῖδον
1536 1060 1586 1095 μὲν
1609 1059 1656 1086 τὸν
1677 1059 1806 1095 Ποιητὴν,

1016 1105 1174 1140 ἀπέϐλεψαν
1195 1106 1225 1133 δὲ
1248 1106 1317 1141 πρὸς
1332 1105 1378 1132 τὸν
1404 1104 1578 1141 πτερνιστὴν,
1592 1104 1638 1132 διὰ
1659 1104 1738 1132 τοῦτο
1762 1105 1806 1131 ὲν-

1016 1152 1104 1179 ώπιον
1125 1152 1171 1179 τοῦ
1184 1152 1358 1187 παντεφόρου
1371 1151 1418 1178 καὶ
1430 1150 1651 1178 παντεπισκόπου
1666 1151 1714 1186 τῆς
1726 1151 1805 1186 δίκης

1016 1197 1157 1237 ὀφθαλμοῦ
1183 1198 1232 1233 τὴν
1251 1196 1331 1230 ἀξίαν
1357 1196 1538 1224 ἀπαιτοῦνται
1554 1197 1662 1231 ποινήν.
1682 1196 1738 1224 Καὶ
1755 1205 1807 1223 κα-

1015 1243 1175 1279 τασφάξατε
1196 1243 1297 1275 αὐτοὺς
1320 1242 1476 1278 ἔμπροσθέν
1491 1251 1555 1276 μου,
1568 1241 1623 1273 ἵνα,
1635 1241 1665 1267 ὃν
1680 1241 1731 1268 οὐκ
1743 1241 1806 1276 not.

1015 1289 1102 1325 λησαν
1124 1289 1274 1323 ἐπιγνῶναι
1298 1287 1431 1323 βασιλέα,
1458 1286 1592 1321 ἐπιγνῶσι
1616 1286 1664 1313 καὶ
1682 1286 1805 1321 ἄκοντες,

1015 1334 1057 1367 οἷς
1073 1335 1254 1362 ἀπαιτοῦνται
1268 1334 1317 1366 τὰς
1339 1333 1465 1366 εὐθύνας,
1477 1332 1591 1367 βασιλέα
1613 1332 1662 1359 καὶ
1691 1332 1804 1361 δίκαιον.

1015 1380 1071 1408 Καὶ
1083 1381 1144 1408 ἐπεὶ
1157 1380 1189 1407 τδ
1202 1380 1268 1415 παρ’
1279 1379 1348 1415 ἐμοῦ
1369 1378 1449 1413 σῶμα
1468 1377 1588 1405 πλασθὲν
1603 1377 1695 1408 αὐτοῖς
1725 1377 1806 1404 ἀλλο-

1015 1426 1094 1461 τρίας
1111 1425 1203 1461 χειρὸς
1218 1424 1299 1460 ἔργον
1318 1423 1422 1456 ἔθεντο,
1438 1422 1630 1458 κατασφάξατε
1643 1423 1752 1455 αὐτοὺς,
1767 1423 1806 1455 ὡς

1015 1473 1050 1500 ἂν
1068 1472 1102 1499 δι’
1114 1468 1147 1499 οὗ
1169 1471 1335 1507 παρῴνησαν
1354 1471 1393 1502 είς
1407 1469 1457 1505 ἐμὲ
1472 1470 1519 1497 καὶ
1528 1469 1577 1505 τῆς
1591 1469 1661 1504 ἐμῆς
1674 1469 1806 1500 διελόντες

1015 1518 1221 1550 αὺτοσασιλείας
1235 1515 1422 1552 προσέρριψαν
1437 1510 1476 1551 τῷ
1493 1515 1609 1551 Ἐχθρῷ,
1622 1515 1717 1542 τούτου
1733 1515 1807 1550 διχα-

1017 1563 1126 1595 σθέντες
1142 1563 1192 1599 τὴν
1206 1562 1387 1597 ὀφειλομένην
1400 1558 1452 1588 ὦσι
1473 1560 1552 1596 δίκην
1566 1561 1616 1595 τῆς
1638 1561 1807 1592 ἀποστασίας

1015 1610 1195 1641 ἑκτετικότες.
1220 1608 1420 1642 Κατασφάξατε
1431 1607 1531 1639 αὐτοὺς
1556 1606 1710 1642 ἔμπροσθέν
1729 1615 1781 1642 μου
1796 1607 1803 1634 1

1023 1656 1184 1690 Ἐννοήσατε
1198 1655 1249 1690 τῆς
1261 1654 1398 1690 τιμωρίας
1414 1653 1445 1680 τὸ
1461 1653 1581 1688 ἄφυκτον
1605 1652 1661 1688 (76)
1684 1653 1731 1680 καὶ
1759 1662 1805 1679 πι-

1015 1702 1092 1737 κρόν.
1111 1701 1159 1733 Τίς
1180 1702 1194 1728 6
1214 1701 1276 1732 δοὺς
1298 1699 1348 1735 τὴν
1376 1700 1483 1735 ψῆφον;
1512 1699 1592 1731 Τίνος
1607 1700 1624 1734 ἡ
1651 1699 1804 1734 ἁπόφασις;

1014 1745 1159 1780 Σφαγῆναι
1175 1745 1225 1780 μὲν
1241 1745 1293 1771 ὑπὸ
1305 1743 1353 1771 τοῦ
1374 1743 1498 1779 Ἐχθροῦ,
1514 1743 1567 1771 κᾶν
1592 1744 1663 1779 φέρῃ
1679 1753 1705 1770 τι
1719 1743 1807 1779 λυπη-

1015 1792 1072 1828 ρὸν,
1099 1791 1157 1818 ἀλλ’
1183 1788 1229 1818 οὖν
1250 1789 1351 1825 πολλὴν
1373 1789 1490 1825 παρέχει
1513 1789 1689 1825 παραμυθίας
1717 1789 1806 1825 ἀφορ-

1014 1837 1080 1872 μήν,
1099 1836 1258 1863 ’Υπολείπει
1278 1835 1333 1871 γὰρ
1360 1835 1406 1862 τὸν
1423 1834 1563 1870 Δεσπότην
1581 1834 1737 1870 ἐκδικητὴν,
1756 1835 1804 1870 καὶ

1011 1883 1063 1917 τῆς
1079 1881 1255 1913 ἀναστάσεως
1279 1882 1327 1908 καὶ
1351 1881 1401 1916 τῆς
1416 1880 1446 1907 ὲν
1471 1879 1541 1915 αὐτῇ
1564 1880 1651 1915 χαρᾶς
1678 1879 1696 1914 ἡ
1723 1879 1802 1911 ἐλπὶς

1012 1928 1157 1964 προοίμιον
1174 1927 1249 1963 αὐτῷ
1273 1927 1325 1962 τῆς
1344 1925 1515 1962 εὐφροσύνης
1534 1926 1637 1952 ὲννοείν
1658 1925 1803 1960 ὑποτίθησι

1011 1975 1061 2010 τὴν
1077 1973 1197 2009 σφαγήν.
1216 1973 1301 2000 ὐταν
1315 1972 1344 1999 δὲ
1357 1972 1372 1999 6
1388 1972 1529 2006 Δεσπότης
1545 1971 1627 2002 αὐτὸς
1643 1971 1803 2008 προστάσσῃ

1011 2020 1232 2055 κατασφαγῆναι,
1249 2019 1315 2054 παρ’
1326 2015 1357 2046 οὗ
1367 2018 1384 2053 ὴ
1395 2017 1546 2053 ὲκδίκησις,
1558 2017 1623 2053 παρ’
1633 2015 1664 2045 οὗ
1673 2016 1704 2043 τὺ
1715 2016 1800 2050 ἔλεος,

1011 2067 1076 2102 παρ’
1090 2064 1120 2094 οὗ
1136 2067 1153 2101 ἠ
1172 2065 1244 2101 μετὰ
1259 2064 1310 2099 τὴν
1334 2064 1484 2092 ἀνάστασιν
1503 2063 1665 2097 ἀγαλλίασις
1686 2063 1734 2089 καὶ
1753 2063 1801 2089 εὑ-

1010 2113 1143 2148 φροσύνη,
1158 2111 1226 2146 παρ’
1234 2107 1265 2138 οὗ
1279 2111 1296 2146 ὴ
1311 2110 1368 2146 ζωὴ
1379 2110 1427 2137 καὶ
1439 2111 1456 2145 ή
1468 2109 1602 2145 σωτηρία,
1612 2109 1653 2141 τίς
1663 2108 1696 2135 ἂν
1707 2117 1801 2144 παρα-

1010 2161 1098 2196 στήσῃ
1120 2159 1199 2193 λόγος
1218 2158 1250 2185 τὸ
1265 2157 1364 2193 πικρὸν
1386 2157 1434 2184 καὶ
1446 2157 1585 2192 ἀφόρητον
1603 2156 1652 2191 τῆς
1671 2155 1799 2190 πληγῆς;

167 2207 313 2235 horrendis
326 2207 529 2241 trcmendisque
544 2206 723 2238 cruciatibus,
743 2210 889 2239 antequam
909 2210 956 2230 eos

1016 2209 1040 2235 ιδ
1061 2205 1258 2242 ἁπαράκλητον
1275 2205 1324 2231 καὶ
1345 2203 1392 2237 ὀξὺ
1408 2203 1462 2230 τῶν
1482 2201 1631 2237 ἁλγεινῶν;
1650 2201 1718 2237 πρὸς
1737 2204 1800 2228 τίνα

167 2253 334 2289 experiendo
344 2254 464 2282 dissatis.
475 2253 606 2281 Recedite
615 2261 630 2280 a
643 2252 725 2280 simili
736 2251 866 2284 amentia,
879 2255 958 2278 ante-

166 2307 248 2334 quam
269 2299 386 2327 similem
408 2300 566 2328 sustineatis
587 2306 707 2334 poenam.
731 2297 784 2332 Qui
806 2298 880 2325 enim
901 2297 954 2324 sub

166 2347 311 2374 alllictione
344 2346 465 2374 nascitur
495 2346 577 2373 timor
591 2350 618 2373 et
647 2344 825 2380 poenitentia,
850 2343 955 2370 nullum

166 2393 246 2421 allert
285 2393 403 2420 lucrum.
441 2392 535 2425 Quoad
563 2390 732 2426 poenitentia)
766 2394 875 2425 tempus
895 2392 956 2424 est,

166 2448 227 2468 eam
241 2439 418 2468 admittamus
439 2448 446 2465 :
467 2438 556 2473 quoad
579 2437 666 2465 venias
684 2437 768 2472 ianua
786 2443 881 2473 aperta
893 2443 954 2471 est,

166 2494 201 2514 ne
213 2486 350 2522 pigremur
367 2493 416 2521 per
432 2492 492 2512 eam
508 2483 631 2511 introire.
650 2483 746 2517 Quoad
764 2485 845 2512 mina
862 2485 953 2512 immi—

166 2537 243 2565 nent,
258 2532 466 2560 conversionem
479 2535 621 2558 testemur.
641 2531 709 2558 Dato
724 2531 797 2558 enim
820 2531 910 2566 signo,
924 2535 952 2559 et

165 2580 220 2607 vita
243 2580 342 2612 soluta,
360 2578 434 2605 nulla
451 2578 568 2613 amplius
583 2577 678 2605 salutis
696 2583 822 2613 superest
835 2579 890 2612 via,
901 2586 951 2606 nec

200 2637 223 2654 '°
235 2637 301 2664 Luc.
322 2644 377 2669 xtx,
391 2635 437 2662 27.

1007 2256 1083 2282 Eam.
1098 2254 1115 2289 ἡ
1130 2251 1293 2287 usurpavi};
1311 2249 1354 2282 τίς
1371 2249 1505 2284 ἀνάψυξις
1518 2248 1566 2275 τοῦ
1583 2246 1688 2279 πάθους
1707 2247 1737 2273 οὗ
1755 2247 1800 2273 δε-

1006 2299 1123 2337 χομένου
1139 2298 1227 2329 τέλος,
1243 2295 1425 2331 ἀτελευτήτου
1440 2295 1489 2330 τῆς
1503 2294 1638 2329 τιμωρίας
1655 2292 1800 2327 διαμενού-

1007 2354 1078 2382 σης;
1099 2343 1169 2371 Ἀλλ’
1184 2343 1330 2377 ἐννοήσατε
1343 2341 1443 2374 ταῦτα,
1459 2340 1505 2367 καὶ
1524 2339 1702 2374 ὲννοήσαντες
1715 2338 1798 2374 φοϐή-

1007 2393 1072 2429 θητε
1084 2392 1135 2426 τὴν
1152 2389 1260 2425 πληγὴν
1275 2388 1392 2424 ὁρῶντες
1407 2388 1436 2414 ἐν
1449 2386 1564 2422 ἑτέροις,
1580 2385 1634 2420 πρὸ
1648 2384 1695 2412 τοῦ
1710 2385 1798 2420 ἐμπε-

1010 2441 1067 2466 σεῖν
1087 2438 1127 2470 είς
1142 2437 1252 2472 πεῖραν.
1266 2434 1298 2461 τὸ
1311 2433 1426 2468 φρικτὸν
1443 2433 1494 2468 τῆς
1503 2432 1599 2466 ὀδύνης
1612 2431 1660 2458 καὶ
1671 2431 1797 2466 φοϐερὸν,

1010 2486 1059 2513 καὶ
1073 2484 1213 2518 ἀπόστητε
1226 2481 1279 2516 τῆς
1294 2481 1355 2515 ἴσης
1373 2480 1503 2510 ἀπονοίας
1516 2478 1569 2514 πρὸ
1581 2478 1630 2513 τῆς
1643 2477 1704 2513 ἴσης
1716 2486 1800 2513 τιμω-

1010 2533 1082 2569 ρίας.
1102 2530 1131 2558 '0
1147 2529 1202 2564 γὰρ
1217 2528 1247 2554 ὲν
1268 2526 1307 2562 τῷ
1328 2526 1410 2554 πάθει
1426 2525 1509 2561 φόϐος
1531 2524 1578 2551 καὶ
1592 2525 1609 2559 ὴ
1630 2523 1799 2559 μεταμέλεια

1008 2577 1084 2605 οὐδὲν
1099 2574 1188 2602 οἴδασι
1204 2572 1300 2608 κέρδος
1314 2571 1418 2607 φέρειν.
1439 2569 1511 2602 Ἕως
1530 2570 1625 2605 καιρὸς
1642 2568 1797 2604 μετανοίας,

718 2690 836 2719 νΑΒΙᾹΞ
863 2689 1059 2720 LECTIONES
1078 2688 1122 2716 ET
1141 2686 1260 2716 NOTAE.

199 2750 814 2791 (75)“‘ngio'arco.yideturhicexcidjssg
822 2751 955 2791 particula
1010 2757 1027 2784 p

164 2785 281 2825 nekan'di
297 2785 448 2825 obgquod
463 2788 530 2814 alias
547 2787 604 2814 ﬁeri
623 2785 777 2825 consuevit.
795 2785 861 2813 Eam
881 2786 955 2813 enim

165 2821 285 2860 postulat
312 2821 483 2860 adversativa
507 2829 625 2857 sequens
639 2821 688 2860 _6é,
704 2825 744 2860 _ut
774 2825 954 2860 taceaniurc'm

164 2855 250 2896 ipsam
268 2860 294 2887 id
313 2859 391 2886 velle.
407 2855 578 2892 Accepcrant
601 2856 674 2884 enim
704 2856 835 2883 incuriosi
858 2855 897 2882 illi
928 2855 956 2882 in

1030 2747 1141 2775 arabola
1157 2746 1282 2773 homines
1304 2753 1352 2773 sua
1380 2754 1394 2772 a
1417 2752 1508 2773 rerum
1530 2743 1655 2775 Domino,
1674 2742 1797 2775 adeoque

1012 2778 1042 2810 iit
1056 2783 1138 2809 talem
1156 2781 1352 2816 agnoscebant,
1367 2788 1421 2807 non
1437 2785 1528 2807 autem
1545 2778 1749 2816 reverebantur.

1043 2817 1103 2880 l('16)
1130 2811 1294 2850 Ἀᾧυκτοια
1314 2811 1352 2844 Ita
1378 2815 1475 2851 scripsi
1505 2822 1555 2851 pro
1580 2813 1704 2847 ἁφικτον,
1724 2811 1798 2847 quod

1071 2860 1098 2880 in
1116 2859 1167 2879 ms.

1011 2859 1053 2880 est
1071 2860 1098 2880 ιη
1116 2859 1167 2879 ms.
