1930 3079
186 144 236 178 179

754 141 885 174 ΡΗΟΤΙΙ
908 139 1162 171 ΡΑΤΒΙΛΒΟΗᾹΞ
1178 141 1231 172 CP.

1765 141 1807 175 180

184 201 268 237 igitur
282 206 423 228 sermones
443 199 513 231 illos,
537 198 639 233 scripto
660 198 884 233 comprehensos,
901 196 972 224 desi-

1027 194 1136 230 γραφὴν
1150 195 1356 230 ἁναληφθέντας
1367 196 1550 232 ἑπεζήτησας,
1568 197 1585 232 ή
1598 196 1622 223 δ’
1638 196 1748 232 ἁρπαγὴ
1761 197 1807 223 τῶν

183 246 301 279 derasti,
324 246 418 281 rapina
432 252 497 273 vero
510 244 656 277 librorum,
674 244 756 272 etiam
777 244 885 271 illorum
905 243 974 269 irro-

182 293 330 327 parabilem
346 292 480 327 iacturam
502 291 608 324 attulit,
624 298 714 326 neque
732 290 765 317 ad
780 296 879 317 manus
899 295 974 317 nunc

183 343 225 366 est
241 339 291 365 ista
305 337 518 370 commentatio;
535 337 584 365 tibi
599 345 664 365 vero
679 336 742 368 illis,
757 343 818 371 qua:
834 335 885 363 ista
906 343 973 362 con-

185 383 318 415 tinentur,
334 390 397 410 cum
424 383 542 409 maxime
555 390 624 417 opus
639 386 698 415 est;
716 381 787 409 scias
809 388 841 408 ea
863 381 954 408 omnia
965 400 972 412 ,

183 437 244 463 qua:
260 436 292 456 ex
306 428 470 464 evangelicis
483 433 510 456 et
530 428 687 463 apostolicis
707 427 827 455 oraculis
851 427 974 463 germina

185 471 247 498 novi
271 471 343 499 illius
375 471 589 500 Manichaeorum
615 472 716 500 surculi
743 479 805 499 cum
835 471 975 500 radicibus

183 518 303 545 cvellunt
317 519 325 552 (
339 526 402 545 nam
417 518 461 545 illa
479 525 545 546 sane
559 526 613 553 prie
623 519 730 546 caeteris
740 518 869 547 omnibus
884 519 975 546 inevi-

185 564 306 597 labilem,
318 572 370 599 qua
381 565 588 597 exscindantur,
602 564 699 592 falcem
718 565 892 599 immittunt).
905 565 973 598 lucc,

186 616 215 638 ut
226 611 381 638 summatim
397 611 496 644 dicam,
513 611 652 645 evincere,
665 612 736 647 quod
749 611 834 647 gratia
850 611 975 639 Mosaicae

184 655 218 682 de
231 660 323 683 creato
337 656 439 684 mundo
451 657 600 684 narrationi
616 662 758 690 consonet,
772 665 823 685 nec
838 657 928 684 minus
943 665 974 684 ea

184 701 275 728 omnia
285 715 293 734 ,-
305 702 405 736 quibus
424 710 499 730 nunc
512 703 582 730 ratio
596 708 622 730 et
637 703 760 731 instituta
778 703 862 730 Deum
879 710 976 738 cogno-

185 747 278 774 scendi
289 748 465 776 continentur
477 752 505 776 et
517 749 672 784 diriguntur
691 758 698 777 :
715 749 770 776 imo
784 754 812 777 et
823 749 894 784 quod
904 749 975 776 idem

185 802 344 829 corpoream
361 799 389 822 et
403 795 536 823 visibilem
552 800 706 823 creaturam
724 803 758 823 ex
774 804 828 823 non
840 796 976 823 exsisten-

185 840 258 867 tibus
274 841 358 867 verbo
374 842 519 874 creaverit,
534 842 580 877 qui
597 842 794 877 intelligibilem
813 846 839 869 et
852 841 976 869 invisibi-

1029 239 1141 274 βιϐλίων
1163 240 1219 276 (85)
1239 241 1377 273 κάκείνοις
1401 242 1545 278 ὑπερόριον
1570 242 1673 278 ζημίαν
1690 242 1807 274 ἐπέϐαλε,

1028 285 1076 311 καὶ
1096 285 1127 311 οὐ
1153 285 1270 320 πάρεστι
1293 285 1324 312 τὺ
1342 286 1558 320 συνταγμάτων·
1577 285 1631 312 τῶν
1652 285 1681 312 δὲ
1698 286 1727 312 ὲν
1742 284 1807 319 αὺτῷ

1028 331 1276 366 κατατεταγμένων
1289 331 1484 367 προηγουμένη
1499 340 1529 358 σε
1542 331 1621 366 χρεία
1636 331 1753 366 κατέχευ
1764 331 1807 357 ὅσα

1027 376 1072 403 διὰ
1087 376 1142 403 τῶν
1157 377 1342 411 εὐαγγελικῶν
1359 377 1406 403 καὶ
1420 376 1609 404 άποστολικῶν
1625 377 1753 412 ῥημάτων
1766 376 1808 411 τῆς

1027 423 1202 459 Μανιχαϊκῆς
1221 424 1380 455 ἀποσπάδος
1398 424 1547 460 πρόρριζον
1566 424 1617 459 τὴν
1635 423 1751 459 βλάστην
1769 425 1808 450 ὲκ-

1027 469 1121 503 τέμνει
1149 469 1158 505 (
1172 469 1220 496 καὶ
1239 469 1293 505 γὰρ
1306 469 1450 496 καὶταῦτα
1464 469 1526 496 κατ’
1541 469 1631 496 αὐτῶν
1644 470 1702 496 ἐστι
1719 469 1809 504 μᾶλλον

1026 516 1083 542 τῶν
1099 515 1189 543 ἄλλων
1203 515 1324 551 ἄφυκτον
1339 515 1369 542 τὸ
1382 516 1431 551 τῆς
1451 515 1572 551 ὲκτομῆς
1588 515 1738 550 ἐπαφιέντα
1759 515 1810 550 ὀρέ-

1028 562 1135 595 πανον),
1164 562 1238 593 τάδε,
1256 562 1294 594 ὡς
1313 562 1343 589 ἂν
1363 561 1504 597 κεφαλαίῳ
1522 562 1624 596 φάναι,
1637 561 1808 593 ἐπιδείκνυσι,

1028 608 1066 640 ὡς
1080 609 1096 643 ή
1110 608 1189 644 χάρις
1203 609 1236 643 τῇ
1253 608 1388 644 Μωσαῖκῇ
1406 607 1587 643 κοσμογενείᾳ
1599 607 1808 642 συμφθέγγεται,

1029 654 1076 681 καὶ
1093 655 1167 686 ὅσοις
1180 653 1271 685 ἄλλοις
1286 653 1349 689 ἄρτι
1365 653 1489 681 πολιτεία
1505 654 1571 681 Θεὸν
1585 653 1732 688 γινώσκειν
1750 653 1810 680 καθ-

1030 701 1162 735 ισταμένη
1184 699 1400 735 παιδαγωγείται
1420 700 1469 727 καὶ
1491 700 1696 728 κατευθύνεται.
1712 700 1764 727 Ναὶ
1781 699 1829 735 δὴ.

1029 746 1077 773 καὶ
1095 747 1135 773 δτι
1159 747 1209 781 τὴν
1234 746 1394 782 σωματικὴν
1418 747 1465 774 καὶ
1485 748 1586 782 ορατὴν
1605 747 1694 773 κτίσιν
1716 746 1811 779 ἐκεῖνός

1029 793 1103 818 ἐστιν
1117 793 1132 819 ὁ
1145 792 1176 818 ὲκ
1193 792 1229 828 μὴ
1241 791 1326 819 ὄντων
1340 792 1413 828 λόγῳ
1424 793 1658 828 ὑποστησάμενος,
1668 792 1697 825 ὃς
1709 793 1753 820 καὶ
1766 793 1812 828 τὴν

1030 839 1128 873 νοεράν
1141 846 1171 864 τε
1194 838 1241 865 καὶ
1254 838 1371 872 ἀόρατον
1387 839 1572 874 παραπλησίῳ
1594 839 1688 874 σοφίας
1710 839 1811 874 πλούτῳ

184 885 236 912 lem
257 894 306 921 pro
322 887 404 914 simili
422 876 564 922 sapientiae,
585 888 663 923 copia
677 888 816 923 produxit.
838 887 972 916 Prmterea

1028 886 1201 920 παρήγαγεν.
1224 883 1294 911 Ἀλλ’
1313 884 1354 911 ὃτι
1374 884 1465 911 καὶτὸ
1483 884 1652 920 ἀνθρώπινον
1672 885 1750 920 σῶμα
1765 884 1812 920 τῆς

182 937 259 963 vero,
277 932 348 967 quod
369 940 468 967 corpus
495 933 647 960 humanum
670 940 748 968 aeque
761 940 793 960 ac
830 934 921 960 anima
942 934 976 961 ab

1027 932 1113 967 αὐτῆς
1132 932 1190 957 ἐστι
1206 930 1400 966 φιλανθρώπου
1421 931 1470 957 καὶ
1487 929 1810 966 ἀγαθουργοῢ-προνοίας,

183 978 279 1005 eadem
302 977 472 1012 providentia
500 978 622 1006 beneﬁca
646 982 675 1006 et
695 978 837 1006 hominum
866 983 972 1007 amante

1026 977 1122 1013 ὥσπερ
1141 977 1189 1004 καὶ
1207 978 1224 1013 ή
1247 977 1321 1012 ψυχὴ
1342 977 1544 1013 φιλοτέχνημα,
1561 977 1606 1004 καὶ
1620 978 1658 1009 ὡς
1671 978 1696 1004 οἱ
1716 979 1748 1013 τῇ
1770 985 1811 1004 νο-

183 1023 335 1058 profectum
349 1023 400 1056 sit;
418 1023 545 1059 quodque
567 1024 681 1059 insuper
697 1024 754 1057 illi,
775 1024 822 1059 qui
850 1024 876 1052 in
888 1024 974 1052 veteri

183 1069 337 1096 meonomia
352 1069 548 1103 inclaruerunt,
562 1070 647 1097 Deum
661 1077 755 1097 verum
770 1075 798 1098 et
809 1070 911 1098 bonum
926 1078 974 1097 co-

185 1115 305 1148 luerunt,
323 1119 351 1142 et
364 1115 474 1142 malitia:
490 1123 519 1143 se
534 1120 731 1151 opposuerunt.
748 1117 836 1152 Atque
850 1116 901 1144 ista
911 1117 974 1152 qui-

183 1161 257 1193 dem,
264 1161 353 1196 quoad
361 1169 410 1196 per
416 1161 609 1194 vireslicucrit,
618 1161 815 1198 diﬂicultasque
822 1167 973 1198 temporum

185 1207 350 1242 permiserit.
365 1209 586 1236 commentationi
603 1213 703 1237 nostra;
715 1209 894 1242 destinantcs,
910 1209 973 1244 qui-

184 1255 235 1282 bus
253 1253 317 1289 ipsis
332 1253 426 1286 etiam,
442 1259 518 1289 puto,
534 1255 700 1283 desiderium
718 1260 793 1283 tuum
810 1256 971 1288 absolvitur,

181 1300 317 1328 sanctitati
330 1305 383 1328 tua;
393 1309 466 1328 nunc
480 1301 624 1328 mittimus.
642 1300 720 1335 Quod
734 1302 757 1329 si
772 1307 880 1337 sperata
895 1303 973 1330 inve-

182 1347 267 1380 neris,
286 1347 313 1375 id
328 1348 439 1382 quidem
461 1348 589 1383 precibus
612 1348 666 1375 tuis
687 1353 715 1376 et
730 1349 848 1377 orationi
870 1350 897 1377 in
920 1350 973 1378 tide

181 1393 260 1420 factae
275 1393 448 1421 tribuendum
475 1393 567 1421 fuerit.
592 1394 621 1421 Si
641 1401 706 1422 vero
730 1395 884 1426 inveneris,
899 1397 973 1431 quod

182 1446 239 1465 non
265 1443 464 1473 exspectasses,
487 1439 514 1466 id
534 1444 673 1475 perpetua
697 1441 895 1473 invaletndini,
918 1450 972 1477 qua

181 1492 244 1512 cum
260 1485 451 1519 corpusculqu
469 1492 560 1513 meum
576 1486 758 1521 conﬂictatur,
775 1493 802 1515 et
819 1493 971 1524 temporum

1027 1025 1095 1060 μικῇ
1120 1023 1243 1060 πολιτείᾳ
1257 1023 1457 1059 διαπρέψαντες
1470 1023 1536 1050 Θεὸν
1547 1032 1576 1050 τε
1593 1024 1639 1050 τὸν
1661 1024 1747 1060 ἀληθῆ
1767 1024 1811 1051 καὶ

1025 1072 1056 1105 ὰ]
1063 1071 1126 1098 αθδν
1140 1070 1318 1105 ἐθεράπευον,
1329 1070 1377 1098 καὶ
1390 1070 1461 1097 κατὰ
1471 1070 1522 1104 τῆς
1535 1070 1669 1106 πονηρίας
1682 1070 1813 1106 παρετάτ-

1024 1125 1112 1144 τοντο.
1129 1116 1222 1144 Ταῦτα
1235 1116 1280 1151 δὴ,
1294 1117 1394 1150 ταῦτα,
1406 1116 1522 1143 καθόσον
1537 1113 1595 1143 οἷόν
1604 1116 1634 1143 τέ
1649 1117 1725 1143 ὲστιν
1736 1116 1810 1151 ἡμῖν,

1025 1163 1072 1190 καὶ
1082 1164 1099 1199 ή
1109 1162 1156 1189 τοῦ
1167 1162 1265 1198 καιροῦ
1275 1163 1412 1198 συγχωρεῖ
1420 1162 1551 1198 βαρύτης,
1562 1161 1811 1194 καθυποὸάλλοντες

1025 1209 1132 1236 ὶκδόσει
1148 1209 1188 1245 (ὲν
1203 1209 1309 1240 τοῦτοις
1320 1209 1386 1244 γὰρ,
1396 1207 1484 1245 οἶμαι,
1495 1209 1695 1244 περιγράφεται
1711 1217 1757 1236 σου
1767 1209 1813 1236 καὶ

1024 1255 1054 1282 τὸ
1066 1254 1192 1291 αἴτημα),
1204 1256 1238 1290 τῇ
1251 1256 1283 1291 σῇ
1296 1254 1506 1290 διεπεμψὰμεθα
1517 1255 1648 1290 ὁσιότητι.
1665 1254 1720 1281 Καὶ
1729 1255 1753 1281 εί
1766 1255 1813 1291 μὲν

1024 1301 1128 1336 εὕροις,
1137 1302 1175 1333 ὡς
1183 1300 1370 1337 ἧλπισας,τῆς
1381 1301 1432 1336 σῆς
1443 1301 1476 1328 ἂν
1482 1300 1624 1336 εὐχῆςεῖη,
1635 1301 1736 1336 καὶτῆς
1743 1301 1813 1329 κατὰ

1022 1348 1073 1383 τὴν
1089 1348 1180 1374 πίστιν
1197 1348 1334 1383 αἰτήσεως
1355 1348 1372 1383 ή
1387 1347 1522 1383 ἐνέργεια.
1547 1348 1578 1375 Et
1594 1348 1622 1375 δὲ
1636 1348 1686 1380 τὰς
1704 1348 1814 1381 ἐλπίδας

1024 1394 1165 1429 ὲκνικήσει
1182 1393 1213 1420 τὸ
1228 1393 1371 1429 ἀδόκητον,
1390 1393 1472 1420 τοῦτο
1495 1393 1528 1429 δὴ
1551 1396 1614 1426 ταῖς
1629 1403 1659 1421 τε
1675 1395 1813 1430 συνεχέσιν

1023 1439 1203 1476 ἀρρωστίαις,
1220 1438 1264 1472 αἷς
1280 1441 1311 1467 οὐ
1327 1440 1407 1476 λήγει
1426 1440 1609 1476 παρενοχλοῠν
1624 1441 1703 1476 ἡμῶν
1718 1441 1749 1467 τὺ
1764 1450 1815 1468 σω.

1027 1487 1134 1522 μάτιον,
1150 1488 1198 1513 καὶ
1265 1486 1312 1514 τοῦ
1333 1487 1429 1523 καιροῦ
1447 1487 1554 1522 λογίζου
1570 1487 1746 1524 χαλεπότητι,
1766 1489 1814 1515 Ἂν

181 1529 334 1558 (lililcultati
353 1535 495 1566 acceptum
522 1531 604 1559 feres.
625 1532 652 1560 Si
669 1534 779 1568 quando
800 1534 915 1562 fortasse
929 1535 972 1562 di-

1026 1534 1123 1569 Βήποτε
1147 1532 1197 1568 τῆς
1225 1532 1299 1565 θείας
1320 1534 1476 1568 ἐπισκοπῆς
1504 1532 1670 1569 παρορὼσης
1697 1535 1748 1569 μὲν
1773 1531 1815 1566 οἷς

182 1575 246 1602 vina
271 1576 442 1611 providentia
471 1577 505 1605 ad
530 1584 642 1613 peccata
675 1583 770 1606 nostra
804 1581 971 1613 conuiveat,

183 1621 319 1655 rebusque
341 1622 443 1649 nostris
460 1622 607 1658 benignius
617 1625 752 1658 consulat,
775 1625 972 1661 hominumque

182 1666 250 1693 iram
272 1674 326 1694 non
349 1667 523 1702 promeritam
543 1668 571 1695 in
596 1669 835 1697 mansuetudinem
857 1678 971 1698 conver-

183 1715 233 1745 tat,
254 1716 336 1747 atque
361 1712 401 1740 sic
423 1713 461 1746 id,
481 1713 553 1748 quod
576 1713 656 1742 initio
681 1715 798 1750 petiisti,
819 1716 850 1743 ad
876 1724 973 1744 manus

183 1762 245 1786 tuas
262 1759 417 1794 perveniat;
446 1767 501 1787 non
528 1760 681 1793 miraberis,
709 1761 760 1789 ista
788 1763 923 1798 relegens,
950 1763 972 1790 si

181 1804 312 1840 pleraque
326 1813 432 1837 eorum,
450 1813 510 1840 quae
522 1806 558 1833 ibi
572 1810 692 1839 exstant,
714 1808 760 1836 hic
775 1809 972 1844 comprehensa

183 1852 332 1879 inveneris.
350 1851 403 1879 Sed
418 1860 468 1880 nec
483 1852 625 1881 miraberis
649 1854 783 1888 vicissim,
804 1855 826 1882 si
850 1856 894 1883 illa
917 1864 973 1884 non

183 1897 283 1924 adsint.
298 1897 365 1924 Nam
379 1897 478 1925 oblivio
494 1906 568 1933 saepe
583 1899 610 1926 in
627 1907 659 1927 ea
679 1900 847 1934 dominatur,
867 1910 928 1937 qua:
946 1907 974 1930 et

182 1943 329 1978 praestabat
340 1947 367 1970 et
378 1951 490 1971 necesse
508 1950 567 1972 erat
586 1945 666 1977 scire,
690 1946 717 1973 in
732 1947 827 1981 primis
844 1948 890 1975 ubi
907 1956 973 1976 con-

181 1988 285 2015 ﬂictum
304 1997 366 2016 cum
381 1989 461 2017 rebus
481 1991 661 2024 praesentibus
682 1991 774 2019 infert.
799 1992 885 2020 Simul
909 2003 973 2022 vero

181 2040 234 2060 nec
256 2033 340 2064 illud,
365 2034 457 2067 velim,
483 2036 692 2070 praetermittas;
720 2039 793 2073 quod
816 2048 870 2066 non
892 2041 973 2068 aliam

181 2087 336 2114 novamque
364 2082 623 2110 commentationem
661 2084 690 2111 in
723 2084 843 2112 medium
873 2086 973 2115 aﬁ'erre

181 2124 361 2153 constitutum
384 2126 430 2160 sit,
446 2127 494 2155 sed
512 2132 617 2156 tantum
640 2129 669 2156 in
689 2130 741 2158 hac
765 2139 856 2159 rerum
883 2133 973 2168 inopia

181 2171 284 2206 aliquid
315 2171 342 2199 in
363 2173 490 2201 solatium
507 2175 623 2210 jactura:
638 2176 739 2211 prioris
767 2182 795 2205 et
824 2179 971 2208 oblivionis

182 2218 315 2245 medelam
335 2219 415 2247 nobis
439 2225 466 2248 et
490 2221 586 2250 amicis
613 2223 665 2251 hoc
689 2224 878 2260 qualecunque
905 2235 970 2264 sug-
984 2213 1010 2244 θ

180 2271 285 2299 gerere.

216 2309 250 2337 ll.
267 2309 375 2338 initium
389 2312 457 2340 aciei
473 2319 590 2348 nostras,
619 2320 715 2344 contra
737 2318 909 2347 adversarios
929 2321 973 2347 in~

180 2355 328 2388 struendae,
346 2357 402 2391 ipsa
419 2358 526 2386 Domini
538 2367 620 2394 opera
637 2365 664 2388 et
684 2363 767 2390 verba
787 2369 860 2392 sunt.
878 2365 973 2401 Neque

179 2401 255 2428 enim
271 2409 322 2430 nos
335 2403 446 2431 aliunde
459 2412 606 2439 possumus
617 2414 737 2442 pugnare
751 2409 866 2444 felicius,
883 2419 972 2446 neque

179 2447 305 2475 hostibus
329 2449 493 2484 quidquam,
518 2458 599 2484 quam
622 2451 686 2479 inde
708 2461 759 2481 nos
794 2463 968 2492 oppugnare,

180 2493 267 2529 magis
290 2494 401 2522 obvium
420 2499 472 2529 est,
494 2503 584 2531 neque
603 2497 700 2526 iisdem
725 2500 778 2527 ulla
802 2501 864 2535 alia,
887 2511 968 2538 quam

1023 1580 1230 1615 ἁμαρτάνομεν,
1249 1580 1445 1616 εὐμενέστερον
1457 1580 1485 1606 δὲ
1497 1580 1687 1616 διατιθεμένης
1700 1582 1734 1608 τὰ
1746 1581 1816 1617 ἡμέ-

1022 1633 1100 1661 τερα,
1122 1626 1170 1652 καὶ
1189 1625 1238 1661 τὴν
1256 1625 1429 1661 ἀνθρωπίνην
1443 1625 1490 1652 καὶ
1509 1626 1629 1653 ἀναίτιον
1652 1626 1736 1661 ὀργὴν
1756 1627 1816 1653 δια-

1022 1671 1140 1706 λυούσης
1154 1672 1194 1702 είς
1210 1671 1365 1706 πραότητα,
1383 1671 1414 1698 τὸ
1435 1671 1495 1698 κατ’
1518 1672 1607 1708 ἀρχὰς
1620 1672 1741 1708 ξαίτηθὲν
1757 1672 1814 1707 (81)

1022 1718 1083 1749 ταῖς
1098 1718 1158 1749 σαῖς
1172 1717 1251 1753 χερσὶ
1268 1717 1469 1753 περιενεχθείη,
1489 1718 1571 1754 μηδὲν
1588 1718 1733 1754 θαυμάσῃς
1745 1718 1816 1746 ἀνα-

1023 1764 1179 1799 λεγόμενος,
1196 1765 1221 1790 εί
1239 1764 1296 1798 (85)
1311 1764 1345 1791 τὰ
1358 1764 1444 1791 πλείω
1459 1765 1513 1791 τῶν
1529 1766 1559 1792 ἐν
1575 1765 1651 1801 αὐτῷ
1672 1765 1817 1793 κάνταῦθα

1024 1809 1274 1845 συμπεριείληπται
1287 1829 1295 1842 ,
1309 1809 1378 1836 ἀλλὰ
1393 1809 1548 1837 τούναντίον
1570 1811 1594 1837 εί
1617 1811 1655 1846 μὴ
1673 1812 1816 1846 παρεῖται.

1025 1852 1101 1891 λήθη
1125 1855 1180 1890 γὰρ
1205 1855 1336 1887 πολλάκις
1361 1856 1409 1882 καὶ
1433 1856 1488 1883 τῶν
1513 1857 1626 1892 ἄμεινον
1649 1857 1750 1884 είδέναι
1769 1858 1818 1884 καὶ

1023 1902 1079 1928 τῶν
1095 1902 1254 1936 ἀναγκαίων
1274 1902 1457 1938 ἐπεκράτησε,
1476 1902 1594 1937 μάλιστά
1607 1911 1639 1937 γε
1652 1904 1818 1939 συμμαχίαν

1024 1948 1073 1983 τὴν
1086 1948 1118 1974 ἐκ
1131 1948 1185 1974 τῶν
1204 1947 1348 1983 παρόντων
1361 1949 1385 1974 εί
1397 1949 1587 1983 συνεπάγοιτο.
1609 1949 1686 1984 ’Ἅμα
1700 1950 1728 1976 δὲ
1745 1950 1819 1985 μηδὲ

1024 1994 1112 2020 ἐκεῖνο
1128 1993 1199 2020 δίδου
1219 1993 1355 2028 παρορᾷν,
1372 1994 1418 2031 ὅτι
1432 1994 1469 2028 μὴ
1490 1995 1621 2030 προάγειν
1636 1995 1720 2030 ἀλλην
1740 2004 1818 2031 πρα-

1024 2039 1169 2074 γματείαν,
1193 2038 1266 2071 ἀλλ’,
1286 2038 1323 2070 ὡς
1348 2039 1378 2065 ὲν
1394 2039 1525 2075 ἀπόροις,
1543 2041 1592 2076 τῆς
1610 2042 1820 2077 ὲστερουμένης

1024 2084 1199 2121 παραμύθιον
1215 2084 1263 2111 καὶ
1276 2083 1362 2121 λήθης
1377 2085 1523 2121 φάρμακον
1538 2088 1645 2120 ἑαυτοῖς
1655 2089 1709 2116 καὶ
1726 2089 1820 2124 φίλοις

1024 2130 1242 2165 ἀντεισάγοντες.

1057 2318 1096 2345 Β’.
1122 2318 1206 2355 Ἀρχὴ
1219 2319 1248 2346 δὲ
1263 2319 1330 2355 ήμϊν
1343 2319 1394 2354 τῆς
1415 2312 1560 2347 κατάτῶν
1584 2320 1741 2347 ἀντιπάλων
1758 2330 1821 2349 πα-

1023 2364 1171 2401 ρατάξεως,
1180 2365 1250 2392 αὐτὰ
1259 2366 1293 2392 τὰ
1305 2365 1459 2392 Δεσποτικὰ
1472 2365 1541 2400 ἔργα
1552 2366 1598 2392 καὶ
1609 2366 1729 2401 ῥήματα.
1742 2367 1823 2394 Οὔτε

1022 2410 1076 2446 γὰρ
1092 2411 1158 2446 ἡμῖν
1185 2410 1334 2446 ἀλλαχόθεν
1361 2410 1574 2446 στρατηγεῖσθαι
1602 2411 1719 2446 βέλτιον,
1749 2412 1822 2439 οὔτε

1021 2455 1077 2487 τοῖς
1095 2455 1236 2490 πολεμίοις
1249 2455 1356 2490 βάλλειν
1369 2455 1580 2491 εὐστοχώτερον,
1596 2455 1655 2483 ἀλλ’
1666 2456 1727 2483 οὐδὲ
1741 2457 1824 2484 ἐκεί-

1021 2512 1083 2535 νους
1101 2502 1213 2530 πίπτειν
1228 2502 1415 2538 φοϐερώτερον
1429 2503 1446 2538 ἢ
1462 2503 1637 2539 ἀθλιώτερον.
1659 2504 1730 2540 Ὅρα
1746 2504 1825 2539 γοῦν

718 2587 836 2617 VARI/l1“.
853 2590 1044 2620 LECTIONES
1058 2593 1101 2621 ET
1112 2593 1230 2622 NOTx’E.

213 2669 271 2705 (85)
290 2668 423 2705 ΪΑρῖζαΥὴ
441 2668 502 2705 τῶν
519 2670 656 2705 βιϐλίων.
674 2670 788 2703 Quando
808 2671 851 2698 illa
867 2672 964 2700 Photio

178 2703 320 2742 acciderit,
345 2703 491 2742 d‘iﬂiculter
509 2704 591 2742 _l‘orte
615 2706 772 2742 conjectura
803 2708 970 2742 assequaris.

179 2740 295 2768 Constat
305 2738 416 2774 quidem
437 2738 564 2766 Photium
579 2740 643 2767 sede
666 2738 719 2767 ‘sua
760 2738 915 2769 atriarcli'ali
929 2743 972 2770 bis

179 2775 288 2802 nulsum
301 2781 372 2802 esse.
386 2781 436 2801 ceu
451 2774 595 2802 diligenter
607 2776 719 2802 exnonit
733 2749 866 2802 lilartinus
879 2777 970 2802 Hanc-

178 2775 288 2810 pulsum
301 2781 372 2810 esse.
386 2781 436 2801 ceu
451 2774 595 2809 diligenter
607 2776 719 2810 exponit
733 2774 866 2804 Martinus
879 2777 970 2805 Hanc-

179 2810 252 2846 kiusr,
268 2809 307 2846 Qe
322 2809 531 2846 Byzantinantm
548 2809 825 2846 rerttm’Scriptoribus
839 2832 846 2843 ,
862 2817 931 2846 part.
948 2821 968 2845 ι,

180 2845 260 2872 c.18.
277 2845 344 2871 Cum
359 2845 487 2881 alterutra
499 2845 550 2872 hac
562 2845 716 2881 calamitate
733 2845 967 2881 librornm’jactu—

181 2888 240 2907 ram
255 2880 429 2913 coniunctam
445 2880 529 2909 fuisse
540 2880 704 2908 crediderim
715 2901 722 2914 ,
734 2886 761 2909 et
776 2880 890 2910 iortassc
904 2890 966 2910 cum

1019 2673 1223 2709 posteriore,rin
1236 2681 1300 2708 qua,
1317 2681 1458 2708 nunquam
1472 2674 1596 2709 pristinae
1613 2675 1679 2702 sorti
1695 2674 1825 2703 restitu-

1021 2713 1074 2749 tus,
1090 2709 1169 2749 obiit,
1186 2708 1218 2749 iri
1231 2709 1346 2749 quadarn
1361 2709 1429 2749 urbe
1445 2708 1650 2749 Armeniorum,
1666 2717 1747 2744 quam
1768 2718 1823 2738 re-

1019 2743 1128 2779 gionem
1145 2743 1307 2779 Paulicianis
1322 2744 1477 2779 abundasse
1493 2745 1564 2772 liber
1577 2752 1584 2771 l
1599 2743 1689 2772 docet.

1055 2778 1263 2815 (84)_Atrn0ér.
1279 2778 1402 2815 Petierat
1422 2779 1529 2807 scilicet
1541 2780 1674 2807 Arsenius
1688 2779 1823 2815 priorem

1018 2813 1091 2874 illarlp
1111 2812 1202 2840 Photii
1228 2814 1499 2848 commentationem,
1514 2814 1622 2843 duobus
1639 2812 1714 2844 libris
1730 2823 1824 2843 com-

1018 2856 1064 2874 DI'C
1086 2855 1191 2874 0053"].

1037 2855 1191 2875 renensam.

1017 2856 1191 2883 prenensam.

1054 2882 1110 2914 (85)
1126 2883 1171 2911 El.
1188 2884 1227 2912 lla
1239 2883 1338 2919 scripsi
1353 2892 1402 2919 pro
1414 2885 1463 2916 εἰς.
