1930 3079
140 146 188 179 181

631 150 780 181 CONTRA
799 148 1029 181 MANICH/EOS
1047 150 1162 180 LIBER
1183 151 1231 182 IV.

1716 145 1766 179 182

138 202 213 234 ὅπως
226 202 256 236 ἐξ
270 201 356 237 αὐτῆς
370 202 509 239 συμϐολῆς
520 203 542 230 .ὸ
559 199 686 239 βασιλεὺς
703 204 758 231 τῶν
773 204 854 237 ὅλων,
880 204 929 230 καὶ

984 205 1047 232 hinc
1074 209 1183 240 accepta
1210 204 1312 238 clades,
1336 203 1487 231 luctuosior
1511 206 1558 230 aut
1584 201 1690 237 gravior
1705 209 1767 230 esse

139 248 235 284 Σωτὴρ
251 248 333 283 ἡμῶν.
341 249 389 275 καὶ
404 249 557 284 στρατηγὸς
569 250 615 276 τὸν
627 250 736 285 χάρακα
751 250 807 276 τῶν
820 249 927 285 ἐχθρῶν

138 293 169 326 ἐξ
185 293 276 321 αὐτῶν
293 293 433 329 κρηπίδων
453 295 575 331 ἀνασπᾷξ
592 295 640 322 κα)⁸
659 295 864 331 καταστρέφει,
880 295 929 322 καὶ

140 341 236 375 συγχεῖ
251 340 284 366 τὸ
297 338 428 375 φρόνημα
438 360 446 373 ,
466 340 515 367 καὶ
528 340 702 373 διασκεδάζει
714 341 745 368 τὸ
757 341 858 375 θράσος
874 340 929 368 τῶν

138 386 312 413 ἀποστατῶν.
326 385 359 412 Τί
372 385 509 421 βουλεύων
519 387 568 414 καὶ
582 386 646 414 τίνα
662 387 762 422 τέχνην
774 387 868 419 κινῶν,
881 386 929 413 ού-

138 431 184 457 δὶν
200 432 440 467 μεμηχανημένον,
463 431 524 459 οὐδὲ
538 431 578 459 δι’
597 432 711 467 ἀγώνων
727 432 772 459 καὶ
796 431 929 467 καμάτων

140 475 319 511 ἰτεροῖθινγιὶλλν
329 475 388 511 ἅμα
399 485 429 503 τε
442 477 535 513 φωνὴν
549 477 647 512 ἀφίησι
663 477 743 512 μόνον
754 496 762 509 ,
776 477 824 504 καὶ
840 477 929 504 πάντα

140 521 176 548 τὰ
192 521 248 548 τῶν
261 521 399 557 πολεμίων
415 522 573 557 ἠφάνισται.
586 522 676 550 Πᾶσα
693 522 749 557 γὰρ
759 541 766 556 ,
778 523 854 558 φησὶ,
869 522 930 554 ,βα-

140 567 243 595 σιλεία
262 567 440 602 μερισθεῖσα
465 568 529 595 καθ’
555 568 666 603 ἑαυτῆς
683 568 853 603 ἐρημοῦται,
878 567 929 595 καὶ

141 611 226 641 πᾶσα
248 612 337 646 πόλις
359 612 379 647 ἣ
398 613 478 640 οίκία
490 614 670 648 μερισθεῖσα
683 613 747 641 καθ’
769 613 879 648 ἑαυτῆς
893 615 930 641 οὐ

141 657 334 692 ἂταθήσεται.
360 659 442 695 Ὁρᾷς
453 680 460 693 ,
478 659 552 691 ὅπως
563 660 577 686 ὁ
592 659 710 695 φθόγγος
727 659 834 695 ὴχήσας
849 659 930 695 μόνον

141 703 193 738 τῆς
218 703 368 738 σάλπιγγος
385 704 436 739 τῆς
459 704 619 739 βασιλικῆς,
641 704 672 731 τὸ
696 705 852 740 χαράκωμα
875 704 930 731 τῶν

143 749 249 784 ἐχθρῶν
269 749 409 786 διέφθειρέ
427 758 457 777 τε
474 750 523 778 καὶ
542 750 713 786 ἐξερήμωσε.
737 750 792 777 Καὶ
814 750 842 777 τί
860 750 931 784 λέγω

143 795 316 831 χαράκωμα;
332 795 401 823 ἀλλὰ
414 796 461 823 καὶ
475 796 526 831 τὴν
541 795 629 828 πόλιν,
655 796 704 822 καὶ
716 795 783 823 αὐτὸ
796 796 846 830 τῆς
862 796 931 823 ἀπο-

143 841 273 874 στασίας,
289 841 358 877 ὅπερ
375 843 437 874 ταῖς
459 841 550 869 αὐτῶν
563 841 796 874 δυσσεϐεστάταις
813 841 863 868 καὶ
881 850 931 868 πε-

141 886 328 922 πλανημέναις
346 887 480 919 ἐπινοίαις
493 887 681 915 ἀνεπλάσαντό
695 896 726 914 τε
744 887 793 915 καὶ
807 887 932 923 ὠχύρουν

143 933 288 968 βασίλειον.
309 933 343 960 El.
362 934 417 969 γὰρ
439 934 565 968 βασιλεία
589 933 756 970 μεριζομένη
772 934 815 968 ἐφ’
831 934 932 969 ὲαοτῆς

141 979 191 1014 οὐχ
208 979 364 1013 ὑφίσταται,
380 979 437 1006 ἀλλ’
452 979 521 1015 αὐτὴ
535 980 601 1015 περὶ
621 980 706 1016 αὐτὴν
724 979 820 1007 θᾶττόν
833 988 864 1006 τε
880 987 932 1006 κα-

141 1026 239 1061 ταρρεῖ
251 1025 299 1053 καλ⁸
313 1025 493 1061 ἀφανίζεται,
508 1026 526 1060 ἡ
547 1025 576 1053 δὲ
594 1025 763 1061 δημιουργὸς
786 1026 842 1052 τῶν
863 1026 932 1053 ὅλων

142 1070 214 1106 ἀρχὴ
228 1070 276 1097 καὶ
292 1070 415 1106 βασιλεία
429 1071 463 1098 δι’
478 1070 576 1102 αἰῶνος
595 1071 681 1106 μένει,
696 1071 735 1102 ὼς
747 1071 781 1098 ἂν
795 1071 850 1097 οὐδ’
866 1070 933 1098 αὐτὸ

141 1115 172 1142 τὸ
199 1117 250 1151 τῆς
278 1116 447 1148 άποστασίας
472 1116 692 1151 ἁποθρασυνθείη
721 1116 932 1152 ἐξαρνήσασοαι.

142 1162 211 1189 Οὐδὲ
221 1162 276 1198 γὰρ
289 1162 351 1189 οὐδὲ
366 1163 449 1198 μέχρι
462 1162 510 1189 νῦν
520 1163 535 1189 ὁ
551 1162 640 1189 πάντα
652 1161 823 1197 νεωτερίζων
837 1162 934 1197 χρόνος

142 1207 240 1235 οὺδένα
263 1207 423 1243 παρέδειξεν
449 1207 490 1239 είς
517 1207 647 1242 τοιαύτην
671 1207 774 1234 λύσσαν
798 1207 934 1243 ἑκλυσσή-

144 1261 241 1280 σαντα,
256 1252 289 1279 Ei
302 1252 349 1280 οὖν
365 1254 382 1288 ἡ
399 1253 448 1280 τοῦ
463 1253 581 1288 Ἀγαθοῦ
594 1253 677 1290 ἁρχὴ,
693 1253 731 1285 ὡς
742 1254 825 1281 πᾶσιν
838 1253 934 1288 ἐπίδη-

143 1298 200 1330 λον,
225 1297 357 1332 κρείττων
377 1298 469 1334 πάσης
495 1298 665 1331 διαλύσεως,
691 1299 751 1332 πῶς
775 1299 806 1325 οὐ
833 1299 934 1334 μᾶλλον

144 1343 344 1380 ἑπιδηλότερον,
360 1344 398 1375 ὡς
412 1342 456 1375 αἷς
472 1344 551 1371 αὐτοὶ
563 1344 594 1371 τὺ
608 1343 756 1380 ὀλόκληρον
771 1345 858 1376 αὐτῆς
872 1345 933 1378 ταῖς

143 1388 258 1424 τόλμαις
280 1389 531 1425 διασπαράσσοντες
547 1389 670 1424 πονηρὰν
685 1389 773 1426 ἀρχὴν
787 1398 934 1426 σκηνοποι-

145 1434 221 1461 οῦσιν
236 1433 285 1461 καὶ
300 1434 548 1470 παραπηγνύουσι,
564 1434 614 1468 τὴν
638 1435 688 1470 μὲν
707 1434 755 1462 τοῦ
771 1436 865 1462 κοινοῦ
886 1436 934 1463 καὶ

145 1480 248 1514 ἀγαθοῦ
268 1481 403 1508 Δεσπότου
431 1480 571 1516 βασιλείαν
597 1481 814 1517 προπηλακίζειν
835 1481 934 1516 μανίαν

146 1526 259 1559 εἵλοντο,
282 1527 314 1562 ἢν
330 1527 359 1553 δὲ
374 1526 582 1560 ἁντανιστῶσιν,
598 1526 657 1562 αμα
671 1535 701 1554 τε
723 1527 871 1554 πλάττουσι
886 1527 934 1554 καὶ

147 1573 205 1608 ἅμα
218 1571 343 1606 λύουσιν1;
353 1572 515 1608 ’Λμερίστου
529 1572 583 1608 γὰρ
599 1572 649 1608 τῆς
664 1572 711 1610 τοῦ
728 1572 844 1607 Ἀγαθοῦ
861 1573 936 1609 βασι-

147 1619 222 1650 λείας
254 1619 476 1655 συντηρουμένης
502 1615 581 1654 (ὁδὸς
608 1619 662 1654 γὰρ
688 1619 703 1646 ό
733 1619 865 1655 μερισμὸς
896 1620 937 1651 εἰς

146 1664 292 1700 διάλυσιν),
306 1665 348 1691 ὅτι
367 1673 397 1691 τε
417 1663 448 1691 τὸ
461 1664 517 1699 (86)
538 1663 636 1691 ἄλυτον
649 1663 696 1690 τὸν
712 1663 848 1700 μερισμὸν
862 1664 933 1690 ἀπο-

148 1710 305 1746 πέμπεται,
315 1710 362 1737 καὶ
380 1710 434 1746 πρό
443 1718 475 1744 γε
489 1709 541 1745 τῆς
552 1709 680 1745 ἐπιϐολῆς
694 1709 797 1744 ταύτης
810 1709 824 1735 ὁ
836 1710 937 1737 Δεσπό-

148 1765 199 1793 της
210 1758 305 1784 ἀνεῖπε
317 1756 349 1783 τδ
359 1756 538 1792 μεριζόμενον
548 1755 734 1783 διαλύσεσθαι.
749 1756 805 1782 Καὶ
818 1756 835 1791 ὴ
849 1755 938 1788 κτίσις

148 1800 287 1832 τοσούτοις
302 1800 398 1827 αἰῶσιν
414 1800 445 1833 ὲξ
466 1801 552 1834 αὐτῆς
573 1801 744 1837 παραγωγῆς
754 1801 827 1828 κατά
840 1809 872 1835 γε
887 1801 937 1836 τὴν

147 1846 310 1881 ὁλοκληρίαν
330 1847 440 1882 κρατεῖν
456 1846 506 1881 τῆς
527 1845 632 1878 λύσεως
654 1846 840 1882 ἐκληρώσατο.
859 1845 939 1881 Ὁρᾶ-

148 1902 194 1920 ται
207 1892 235 1919 δὲ
246 1891 405 1928 περιφανῶς
416 1891 464 1920 καὶ
477 1893 538 1923 τοῖς
547 1891 684 1927 οὐρανίοις
699 1891 938 1928 άλληλουχούμενά

147 1947 178 1966 τε
192 1938 419 1974 καὶισυνεχόμενα
435 1938 468 1965 τὰ
482 1937 600 1972 ἐπίγεια,
616 1937 651 1965 τά
665 1946 695 1965 τε
705 1937 787 1973 νοερὰ
798 1937 844 1964 καὶ
855 1937 939 1973 νοητὰ

148 1985 202 2012 τῶν
218 1983 383 2019 σωματικῶν
407 1984 455 2010 καὶ
470 1984 532 2015 ταῖς
545 1982 688 2018 αἰσθήσεσι
713 1982 882 2019 κρινομένων
894 1983 939 2010 διὰ

148 2031 198 2066 τῆς
212 2030 352 2065 ἀδιαδόχου
366 2029 496 2065 προνοίας
510 2030 541 2056 οὐ
563 2028 734 2064 διιστάμενα,
747 2028 815 2056 ἀλλὰ
828 2029 874 2056 καὶ
888 2037 939 2056 πε-
948 2048 955 2056 .

151 2077 352 2112 ριφανεστάτην
362 2077 479 2111 φέροντα
486 2075 536 2112 τὴν
543 2075 702 2110 συνάφειαν.
715 2075 753 2102 Οὐ
765 2075 818 2110 μὴν
829 2075 898 2103 ἀλλά
905 2084 938 2110 γε

150 2124 198 2150 καὶ
221 2123 287 2150 αὐτὸ
306 2122 415 2157 λογικὸν
436 2122 507 2155 ζῶον
531 2122 546 2148 ὁ
567 2121 711 2157 ἄνθρωπος
734 2121 765 2154 ἐξ
788 2121 896 2156 ὁρατῶν
908 2130 938 2148 τε

150 2170 198 2196 καὶ
208 2168 333 2204 ἀοράτων
349 2168 440 2204 μερῶν
458 2167 632 2206 ἡρμοσμένος
647 2167 824 2201 συνέστηκεν.
843 2167 874 2194 El
888 2165 936 2194 οῦν

979 255 1079 286 potest.
1096 250 1164 278 Vide
1185 250 1279 286 igitur,
1301 249 1438 284 quomodo
1465 249 1516 277 sub
1534 248 1621 284 ipsam
1639 255 1768 283 congres-

979 296 1085 323 sionem
1103 303 1151 323 rex
1171 294 1302 327 universi,
1330 298 1358 322 et
1380 294 1512 322 Servator
1533 297 1638 327 noster,
1662 296 1690 321 et
1711 292 1768 320 dux

979 342 1044 370 belli
1071 341 1171 369 vallum
1194 341 1314 369 hostium
1338 340 1372 367 ab
1398 340 1464 375 ipsis
1490 339 1677 367 fundamentis
1699 347 1768 367 con-

979 387 1062 415 vellat
1075 391 1104 414 et
1127 391 1242 418 evertat,
1261 393 1356 413 eorum
1379 386 1536 414 molitiones
1556 385 1717 418 confundat,
1740 389 1769 412 et

980 432 1121 460 audaciam
1145 436 1331 467 apostatarum
1354 431 1478 466 dissipet.
1508 431 1579 465 Quid
1608 431 1768 462 meditetur,

979 477 1080 512 quidve
1103 477 1240 509 moliatur,
1264 484 1319 504 non
1338 476 1416 512 longa
1437 481 1496 504 arte
1515 477 1656 512 quaeritur,
1680 484 1732 504 nec
1753 484 1768 503 a

980 523 1155 550 contentione
1178 528 1226 550 aut
1247 522 1339 550 labore
1364 522 1501 557 procedit,
1528 522 1575 549 sed
1599 522 1644 550 vix
1673 529 1769 550 vocem

979 568 1091 601 emittit,
1116 571 1144 595 et
1168 575 1264 595 omnes
1288 568 1407 595 hostium
1436 567 1592 595 molitiones
1618 567 1768 595 dilllantur.

979 613 1062 642 Omne
1077 613 1156 646 enim,
1175 613 1274 648 inquit,
1295 621 1414 649 regnum,
1434 618 1526 640 natura
1546 621 1573 640 se
1594 613 1679 648 ipsum
1702 613 1770 640 divi-

980 668 1039 688 sum
1057 659 1203 692 desolatur,
1223 664 1248 686 et
1274 660 1358 686 omnis
1378 658 1440 686 urbe
1459 665 1504 685 aut
1521 650 1613 685 domus
1630 663 1720 685 contra
1743 667 1771 686 se

980 705 1066 733 divisa
1092 714 1143 732 non
1170 705 1339 735 consistet".
1367 704 1503 738 Videsne,
1532 704 1668 739 quomodo
1686 712 1771 731 sonus

981 751 1104 779 buccinae
1130 750 1279 778 Dominicaa
1306 750 1353 779 vix
1376 750 1486 778 auditus
1513 750 1619 777 vallum.
1649 750 1769 777 hostium

981 797 1111 825 everterit
1119 802 1147 824 et
1161 796 1341 824 destruxerit?
1356 796 1389 823 Et
1408 797 1473 832 quid
1495 797 1557 824 dico
1576 796 1696 824 vallum?
1713 796 1772 823 imo

983 847 1011 870 et
1024 843 1130 875 urbem,
1153 847 1180 870 et
1203 842 1317 878 regiam,
1341 850 1422 878 quam
1444 846 1575 877 apostaue
1597 841 1690 876 impiis
1713 841 1772 869 suis

983 893 1010 917 et
1024 896 1147 917 errorum
1170 888 1338 924 plenissimis
1355 888 1504 916 ratiociniis
1527 893 1723 916 exstruxerunt
1743 893 1772 916 et

983 935 1170 963 muniverunt.
1197 935 1225 962 Si
1250 934 1324 962 enim
1349 942 1473 970 regnum,
1502 934 1530 961 in
1553 941 1584 962 se
1612 934 1701 969 ipsum
1728 934 1772 962 di-

982 981 1082 1014 visum,
1104 989 1158 1009 non
1177 981 1313 1015 consistit,
1333 981 1380 1008 sed
1405 981 1492 1015 ipsum
1510 988 1558 1015 per
1572 988 1602 1008 se
1623 981 1704 1008 citius
1718 980 1772 1008 dif-

982 1027 1042 1055 ﬂuit
1063 1031 1091 1055 et
1115 1027 1295 1060 disturbalur,
1319 1026 1464 1061 imperium
1487 1030 1563 1053 certe
1583 1025 1723 1053 Creatoris
1744 1030 1774 1053 et

983 1081 1097 1109 regnum
1111 1073 1139 1100 in
1156 1077 1289 1100 aaternum
1305 1077 1407 1104 manet,
1423 1072 1496 1107 quod
1508 1079 1559 1099 nec
1575 1076 1706 1106 apostatat
1720 1071 1773 1106 ipsi

983 1126 1084 1155 negare
1115 1119 1217 1148 ausint.
1248 1118 1343 1153 Neque
1372 1118 1444 1146 enim
1481 1118 1602 1146 hucdum
1646 1123 1772 1152 tempus.

983 1165 1075 1193 omnia
1096 1165 1240 1197 innovans,
1265 1172 1428 1199 quemquam
1443 1164 1581 1196 exhibuit,
1603 1171 1637 1192 eo
1659 1163 1774 1191 insanire

983 1215 1154 1246 provectum.
1170 1209 1199 1237 Si
1221 1210 1302 1245 igitur
1321 1209 1385 1237 boni
1405 1208 1452 1236 Dei
1468 1209 1625 1244 imperium,
1645 1217 1696 1236 ccu
1714 1216 1774 1236 om-

984 1257 1066 1284 nibus
1092 1260 1213 1287 constat,
1242 1254 1318 1283 omni
1350 1254 1529 1282 dissolutione
1557 1254 1684 1289 superius
1713 1259 1772 1287 est,

985 1310 1077 1330 nonne
1091 1302 1177 1330 multo
1203 1301 1289 1337 magis
1304 1299 1480 1328 manifestum
1494 1303 1554 1332 est,
1569 1300 1659 1335 quod,
1675 1300 1775 1334 quibus

984 1349 1021 1376 illi
1047 1347 1189 1379 institutis.
1212 1347 1396 1383 integritatem
1416 1345 1476 1381 ejus
1496 1345 1654 1377 turbantes.
1673 1345 1774 1372 malum

984 1394 1150 1430 principium
1159 1392 1331 1425 eﬂabricant,
1348 1396 1376 1419 et
1390 1392 1499 1420 alatere
1512 1396 1667 1423 exstruunt,
1677 1391 1774 1419 iisdem

984 1446 1098 1475 regnum
1121 1438 1232 1473 quidem
1257 1437 1413 1466 communis
1431 1441 1459 1465 et
1478 1437 1544 1465 boni
1563 1436 1671 1464 Domini
1693 1444 1774 1464 aver-

984 1484 1118 1512 runcandi
1131 1484 1257 1512 insanum
1276 1483 1422 1511 consilium
1440 1486 1588 1517 ceperunt,
1612 1481 1693 1509 simul
1709 1488 1775 1509 vero

985 1529 1024 1562 id,
1041 1530 1113 1565 quod
1129 1537 1163 1557 ex
1177 1529 1291 1558 adverso
1305 1528 1425 1563 erigunt,
1440 1532 1468 1556 et
1480 1532 1601 1560 struunt,
1611 1531 1638 1555 et
1650 1528 1773 1555 solvunt.

987 1575 1057 1602 Dum
1078 1575 1153 1603 enim
1169 1574 1235 1602 boni
1259 1574 1386 1610 principii
1408 1582 1522 1609 regnum
1541 1573 1690 1601 indivisum
1713 1581 1776 1600 mav-

985 1625 1034 1648 net
1049 1621 1178 1656 (namque
1192 1619 1291 1648 divisio
1303 1619 1376 1647 viam
1392 1619 1425 1646 ad
1436 1618 1644 1647 dissolutionem
1657 1617 1774 1653 pandit),

986 1667 1050 1701 quia
1080 1665 1270 1693 indissolubile
1296 1665 1460 1693 divisionem
1486 1671 1596 1692 omnem
1623 1668 1774 1696 aversatur,

986 1710 1119 1738 Dominus
1135 1714 1229 1738 noster
1240 1710 1323 1737 etiam
1335 1714 1399 1737 ante
1413 1708 1485 1737 hanc
1504 1708 1689 1736 incursionem
1704 1715 1776 1743 prae-

986 1756 1055 1784 dixit
1084 1755 1143 1784 fore
1173 1760 1204 1783 ut
1220 1755 1336 1783 divisum
1358 1754 1532 1782 dissolvatur.
1555 1753 1614 1781 Imo
1636 1758 1664 1781 et
1696 1760 1775 1780 crea-

987 1806 1055 1830 turae
1074 1801 1142 1837 ipsi,
1166 1805 1220 1828 tam
1239 1800 1332 1828 multis
1351 1799 1468 1832 sacculis,
1487 1799 1552 1826 inde
1574 1799 1609 1826 ab
1631 1798 1690 1833 ipsa
1711 1805 1776 1832 pro-

987 1847 1134 1880 ductione,
1149 1853 1197 1881 pro
1224 1845 1386 1880 integritate:
1397 1852 1461 1877 sua,
1482 1844 1618 1879 solutione
1639 1844 1775 1879 ejusmodi

988 1892 1121 1928 superiori
1131 1899 1193 1919 esse
1206 1890 1294 1919 licuit.
1314 1890 1487 1917 Manifestum
1503 1897 1568 1917 vero
1582 1893 1625 1917 est
1638 1890 1776 1916 terrestria

988 1937 1145 1966 caelestibus
1157 1936 1309 1964 arctissime
1320 1936 1414 1971 juncta
1429 1942 1501 1966 esse.
1516 1939 1543 1962 et
1552 1935 1580 1962 in
1596 1934 1691 1962 eadem
1701 1942 1777 1962 com—

987 1990 1057 2019 page
1069 1982 1218 2015 contineri,
1232 1989 1284 2009 nec
1306 1989 1356 2014 ea,
1370 1989 1432 2016 qua:
1451 1985 1542 2008 mente
1560 1988 1593 2007 ac
1612 1980 1778 2016 cogitatione

988 2029 1201 2065 investigantur,
1219 2035 1235 2055 a
1248 2026 1386 2063 corporeis
1410 2027 1559 2062 sensuique
1580 2027 1710 2062 subjectis
1731 2034 1776 2054 re-

988 2076 1040 2104 bus
1069 2083 1119 2110 per
1147 2074 1307 2102 continuam
1334 2069 1534 2108 providentiam
1566 2073 1696 2108 sejungi,
1728 2073 1777 2100 sed

988 2120 1117 2148 eximiam
1147 2119 1347 2147 connexionem
1379 2126 1436 2154 prae
1465 2126 1495 2146 se
1525 2118 1607 2145 ferre.
1639 2117 1673 2145 Et
1702 2117 1775 2152 quod

989 2166 1074 2202 magis
1096 2165 1177 2199 valet,
1194 2165 1284 2201 ipsum
1305 2164 1372 2192 illud
1393 2164 1494 2192 animal
1514 2164 1657 2196 rationale,
1680 2163 1774 2197 homo,

149 2215 167 2249 ή
183 2215 229 2240 τοῦ
244 2214 347 2248 ἀγαθοῦ
362 2213 430 2240 Θεοῦ
451 2207 617 2248 δημὶουργία
639 2221 669 2240 τε
689 2213 737 2240 καὶ
755 2213 879 2248 βασιλεία
893 2221 934 2240 το-

989 2219 1022 2239 ex
1046 2210 1199 2239 visibilibus
1228 2214 1255 2238 et
1280 2209 1464 2238 invisibilibus
1487 2209 1569 2236 rebus
1598 2212 1775 2243 compactus,

152 2259 206 2294 μὴν
222 2259 270 2286 καὶ
283 2258 417 2294 μερισμὸν
429 2257 480 2285 οὐκ
493 2258 663 2294 ἐπιδέχεται,
679 2258 712 2293 ἥν
728 2258 756 2285 δὲ
770 2258 849 2285 αὐτοὶ
871 2259 938 2287 ἀνα-

151 2303 317 2336 πλάττουσι,
342 2302 440 2338 μερίδα
464 2301 526 2329 τινὰ
548 2301 599 2337 τῆς
612 2301 692 2343 ,ὅλης
707 2301 889 2337 δημιουργίας
904 2304 937 2339 τῇ

151 2348 263 2384 γλώσσῃ
275 2347 531 2384 άποσπαράξαντες,
543 2348 600 2378 τοῖς
620 2347 670 2381 τῆς
685 2347 855 2379 ἀποστασίας
875 2357 939 2384 7:90,-

152 2394 248 2428 άγουσι
266 2393 371 2429 ῥήμασι
384 2392 432 2419 καὶ
443 2392 556 2427 Ἐχθρὺν
571 2392 600 2418 ὲν
615 2392 683 2427 αὐτῇ
700 2391 854 2427 βασιλεύειν
868 2393 938 2420 καθε-

152 2440 282 2475 ιδρύουσι·
293 2439 351 2471 πῶς
363 2438 432 2474 αὐτὴ
444 2438 505 2465 καθ’
520 2437 619 2473 ἑαυτὴν
631 2437 733 2471 δέξοιτο
743 2438 838 2466 στάσιν
847 2439 916 2474 αὐτῇ
928 2448 935 2473 ;

151 2486 210 2516 πῶς
223 2486 245 2512 δ’
258 2484 291 2512 ἂν
305 2484 451 2519 ὑποσταίη,
469 2483 554 2519 αὐτὴν
565 2483 615 2519 τὴν
634 2484 741 2518 γένεσιν
753 2485 787 2511 ὲκ
800 2485 936 2521 μερισμοῦ

150 2530 197 2555 καὶ
208 2528 310 2560 λύσεως
323 2527 455 2561 λαὸοῦσα,
465 2527 512 2555 καὶ
521 2528 608 2563 τομῆς
619 2527 666 2555 καὶ
678 2527 848 2564 διαιρέσεως,
860 2529 878 2556 ἃ
892 2530 939 2557 καὶ

150 2574 181 2601 τὸ
202 2573 349 2608 ὀλόκληρον
367 2574 408 2606 εἰς
424 2573 529 2609 φθορὰν
550 2573 751 2610 καταστρέφει,
768 2574 939 2610 προελθοῦσα

151 2620 198 2647 καὶ
220 2620 392 2655 ὰπορῤυεϊσα
403 2639 412 2652 ,
428 2620 452 2647 εί
476 2619 526 2647 καὶ
540 2619 579 2655 μὴ
602 2619 799 2655 δυσφημούσης
811 2620 938 2656 γλώσσης

154 2665 277 2701 ὑπῆρχεν
285 2665 450 2700 άνάπλασμα
462 2674 469 2700 ;
487 2666 549 2698 Πῶς
562 2666 584 2693 δ’
597 2665 646 2701 οὐχ
659 2665 753 2702 ὥσπερ
766 2667 783 2700 ἡ
797 2666 845 2694 τοῦ
859 2667 938 2701 Ἀγα-

187 2731 210 2748 ⁸¹
229 2731 337 2768 Matth.,
352 2740 400 2766 xtl,
413 2733 458 2760 25.

987 2257 1123 2286 consistit.
1147 2255 1175 2283 Si
1197 2255 1279 2291 igitur
1300 2254 1363 2282 boni
1381 2254 1428 2281 Dei
1447 2253 1591 2288 imperium
1611 2257 1638 2280 et
1660 2259 1776 2288 regnum

987 2303 1149 2332 divisionem
1167 2306 1195 2329 et
1211 2299 1410 2335 separationem
1426 2306 1479 2325 non
1506 2297 1635 2326 admittit.
1656 2296 1682 2323 id
1698 2304 1774 2330 vero,

987 2349 1059 2385 quod
1073 2347 1272 2383 ipsiinl'erunt,
1286 2350 1390 2380 partem
1407 2343 1512 2371 scilicet
1526 2342 1673 2378 quamdam
1690 2342 1775 2370 totius

987 2392 1230 2422 administrationis
1248 2391 1338 2426 lingua
1362 2397 1411 2417 sua
1443 2388 1652 2419 subtrahentes,
1682 2387 1779 2426 verbis

989 2439 1145 2474 apostaticis
1155 2437 1324 2473 producunt,
1347 2440 1375 2463 et
1389 2435 1496 2462 hostem
1518 2434 1577 2469 ejus
1595 2440 1692 2468 regem
1706 2440 1775 2460 eon-

987 2485 1120 2518 stituunt;
1139 2482 1275 2518 quomodo
1290 2481 1334 2508 illa
1349 2487 1413 2515 pars
1435 2487 1485 2514 per
1497 2486 1527 2506 se
1546 2478 1709 2506 discordiam
1723 2478 1775 2506 sibi

986 2529 1162 2559 conciliabit?
1182 2527 1318 2563 quomodo
1339 2533 1405 2553 vero
1425 2524 1572 2556 consistet,
1598 2531 1659 2558 quae
1683 2528 1775 2551 ortum

987 2583 1069 2604 suum
1082 2583 1116 2603 ex
1132 2574 1266 2602 divisione
1279 2576 1307 2599 et
1321 2570 1500 2599 dissolutione
1522 2570 1635 2600 habeat,
1660 2577 1775 2604 quaeque

987 2620 1161 2657 separatione
1174 2623 1202 2647 et
1213 2617 1393 2654 seiunctione,
1413 2623 1463 2652 per
1478 2624 1547 2652 quas
1562 2616 1714 2644 substantia
1730 2616 1775 2643 in-

988 2672 1063 2701 tegra
1076 2665 1211 2700 perditur,
1233 2663 1361 2699 provenit
1372 2662 1491 2698 primum
1506 2666 1534 2690 et
1553 2661 1684 2690 deﬂuxit?
1703 2660 1775 2688 Sane

677 2790 794 2818 VARI/ﬁ
812 2790 1003 2819 LECTIONES
1024 2790 1068 2817 ET
1087 2787 1202 2817 NOTAE.

186 2856 242 2892 (86)
266 2856 309 2884 Td.
328 2856 366 2884 Ita
394 2856 453 2891 lego
486 2863 535 2890 pro
561 2855 617 2888 τὸν,
648 2856 719 2890 quod
743 2860 784 2884 est
814 2855 841 2882 in
865 2854 1060 2889 manuscripto.
