1930 3079
123 131 169 164 185

629 129 778 160 CONTRA
798 127 1028 159 MANICH.EOS
1044 127 1161 158 LIBER
1181 127 1230 158 [ν.

1704 123 1755 156 186

120 188 303 222 βασιλεῦσαι
316 187 364 215 ἐπ’
378 186 500 220 αὐτοὺς,
512 185 638 222 ἀγάγετε
660 183 730 218 ὦδε,
743 186 794 213 καὶ
819 194 908 212 κατα-

973 194 1106 222 Iesistisne
1118 202 1132 221 ο
1149 193 1298 222 dividendo
1311 194 1427 229 imperio
1440 193 1486 221 Dei
1500 192 1603 228 Optimi
1613 193 1625 220 ῗ
1634 192 1754 220 (Σουνιεῖ--

124 235 260 271 σφάξατε
273 234 444 269 ἔμπροσθέν
455 242 527 268 μου.
541 233 574 259 Τί
582 233 672 266 λέγεις
686 241 694 264 ;
712 232 836 267 φρίττεις
860 231 910 265 τὴν

124 281 222 317 ψῆφον,
237 281 285 308 καὶ
298 279 412 315 φεύγεις
428 280 478 314 τὴν
491 279 622 314 σφαγήν;
650 278 699 304 καὶ
714 278 761 304 τοῦ
788 276 911 312 δικάζειν

123 328 272 362 ἀφίστασαι
305 326 356 362 τὴν
384 325 524 361 βασιλείαν
546 324 593 351 τοῦ
615 323 720 358 ἀγαθοῦ
754 322 843 355 Θεοῦ;
864 323 912 349 καὶ

125 373 191 408 προς
206 372 375 409 ἐπιστροφὴν
387 371 464 407 ὁρᾷς,
478 369 520 405 ἐφ’
538 366 561 404 ᾧ
576 370 627 405 τὴν
640 369 809 403 Δεσποτικὴν
821 369 913 404 ἀρχὴν

125 418 269 454 ὁλόκληρον
284 417 334 453 μὲν
347 417 501 453 ὁμολογεῖν,
517 417 564 444 καὶ
588 415 643 442 τῶν
664 414 801 450 σωμάτων
821 414 849 441 δὲ
866 414 914 441 καὶ¹

125 466 173 500 τῆς
184 465 274 500 ψυχῆς
297 463 485 499 ἀναφέρεσθαι
510 463 559 498 τὴν
575 462 725 497 κυριότητα
742 462 783 493 είς
807 460 913 495 αὑτήνς

128 511 142 547 ἢ
160 511 241 545 μέχρι
250 510 297 537 τοῦ
316 510 424 542 παθεῖν,
441 509 459 536 ἃ
477 508 576 536 παθεῖν
598 506 777 538 ἀθλιώτατον,
806 506 855 533 καὶ
882 502 915 533 οὗ

128 557 164 592 μὴ
182 557 240 583 ἐστι
256 556 325 591 μηδὲ
353 555 458 592 ῥήματι
479 554 599 590 δηλῶσαι
614 552 816 588 χαλεπώτερον,
837 553 915 587 φιλο-

127 604 223 631 νεικεῖς
236 611 244 634 ς
260 603 315 629 Καὶ
341 603 396 637 γὰρ
424 601 479 628 οὐδ’
493 600 651 628 ἀποκτείνει
668 599 760 634 μόνον,
773 599 835 626 οὐδὲ
864 600 914 635 τῆς

127 647 265 685 παρούσης
282 648 386 683 ἀπάγει
403 648 488 683 ζωῆς,
500 646 569 674 ἀλλὰ
587 646 657 683 μετὰ
668 645 699 672 τὸ
720 645 916 674 ἀποκτιννύναι

128 696 155 722 ὲν
169 695 341 730 ἀτελευτήτῳ
356 695 402 722 καὶ
413 693 546 730 ἀδιαδόχῳ
561 694 659 730 γεέννῃ
678 693 775 731 πυρὸς,
791 693 840 720 καὶ
865 693 916 728 τὴν

127 741 215 776 ψυχὴν
227 741 315 768 καὶτὸ
331 741 411 776 σῶμα
424 740 606 776 τιμωρεῖσθαι
623 741 818 777 παραπέμπει.
834 739 916 767 Ἀλλὰ

129 787 180 821 γὰρ
195 785 250 820 ἐγώ
272 794 314 813 σοι
333 787 381 813 καὶ
405 785 487 821 ἔτερα
504 786 632 818 πλείονα,
661 786 717 813 εἴτε
743 786 808 821 βέλη
826 785 917 821 βούλει

127 833 314 867 τιτρώσκοντα
326 832 374 859 καὶ
397 832 595 867 ὲξαφανίζοντα
611 832 790 868 πολυτρόπως
809 840 841 859 τε
868 832 916 859 καὶ

129 878 291 913 πολυμερῶς
302 878 343 905 ιτι
359 879 438 905 τόσον
453 879 552 911 ἀσεϐὲς
569 879 707 914 φρόνημα,
723 878 778 905 εἴτε
791 880 916 914 σωτήρια

129 923 263 958 φάρμακα
274 924 326 959 τῆς
340 924 418 951 νόσου
428 924 475 951 καὶ
490 924 593 959 ἰάματα
607 925 640 951 ἐκ
654 925 705 959 τῆς
720 924 808 959 αὐτῆς
823 925 918 959 φιλαν-

129 968 238 1004 θρώπου
252 969 301 996 καὶ
327 971 582 1007 παντοκρατορικῆς
616 970 744 1006 γλώσσης
767 970 868 1003 λαϐὼν,
886 970 919 998 ἂν

963 240 1033 268 tisne
1047 245 1073 267 te
1088 240 1121 267 ad
1132 239 1334 274 paenitentiam,
1348 245 1378 267 ut
1390 239 1536 274 imperium
1559 237 1668 265 Domini
1695 237 1756 272 ple-

962 287 1069 313 narium
1083 285 1239 313 confitearis
1253 305 1261 318 ,
1276 290 1304 313 et
1316 286 1348 313 ad
1369 286 1440 313 idem
1455 290 1512 313 tum
1532 291 1681 320 corporum
1698 287 1756 310 tum

963 333 1062 360 animm
1079 332 1230 360 dominium
1255 332 1426 359 transferas?
1449 339 1484 359 an
1512 331 1605 366 potius
1634 336 1757 365 pugnare

963 383 1058 406 contra
1075 378 1140 405 illud
1156 385 1242 411 amas,
1259 385 1346 412 usque
1359 378 1424 405 dum
1440 385 1472 404 ea
1486 375 1648 412 perpetiaris
1659 396 1666 408 ,
1695 382 1757 410 quae

964 423 1069 460 perpeti
1089 423 1276 450 tristissimum
1289 427 1341 454 est,
1360 427 1385 450 et
1406 422 1506 457 quibus
1523 422 1649 457 graviora
1665 419 1757 447 verbis

965 469 1079 504 exprimi
1095 476 1149 496 non
1164 468 1299 503 possunt?
1320 467 1444 503 Namque
1464 476 1520 494 non
1540 467 1640 495 occidit
1656 467 1755 498 solum,

965 520 994 543 et
1006 523 1040 543 ex
1056 515 1184 550 praesenti
1199 514 1254 542 vita
1270 514 1351 546 tollit,
1373 514 1422 542 sed
1441 519 1586 549 postquam
1607 513 1758 541 intereme-

966 562 1013 593 rit,
1035 565 1062 588 te
1075 561 1102 588 in
1114 565 1275 596 perpetuam
1291 569 1343 589 nec
1367 561 1515 588 finiendam
1549 567 1670 594 unquam
1713 566 1759 594 ge-

967 609 1086 636 hennam
1102 608 1183 643 ignis,
1203 608 1295 635 anima
1307 611 1335 635 et
1352 615 1467 642 corpore
1487 606 1669 642 puniendum.
1685 606 1760 632 able-

967 659 1021 690 gat.
1037 654 1183 681 Enimvero
1201 658 1228 681 et
1237 654 1290 681 alia
1305 654 1354 681 tibi
1370 653 1447 688 plura
1467 672 1475 686 ,
1503 653 1561 680 sive
1581 653 1634 679 tela
1661 651 1760 683 mavis,

968 701 1079 736 impiam
1101 701 1173 728 hanc
1194 700 1359 728 sententiam
1375 699 1458 727 variis
1478 698 1566 726 modis
1586 697 1761 725 conficientia

968 750 995 774 et
1008 745 1203 778 confodientia,
1218 745 1278 772 sive
1292 744 1423 771 salutaria
1441 747 1536 771 contra
1553 742 1678 769 morbum
1704 748 1762 767 me—

967 792 1104 819 dicamina
1118 799 1149 819 ex
1174 791 1259 819 verbo
1279 791 1335 818 oris
1351 789 1550 825 omnipotentis
1565 793 1592 816 et
1619 788 1762 815 hominum

969 837 1086 864 amantis
1104 836 1248 872 desumpta
1268 836 1399 868 aﬁ‘eram,
1426 839 1454 863 ct
1482 835 1516 862 ad
1544 833 1763 869 propulsmdum

967 882 1093 910 morbum
1109 881 1230 909 studium
1244 881 1395 912 conferam,
1410 881 1432 908 si
1450 880 1520 908 forte
1532 879 1643 907 sanitati
1655 877 1763 905 restitui

969 928 1071 963 potius,
1089 935 1171 963 quam
1194 935 1229 955 ex
1248 927 1410 955 vulneribus
1433 929 1570 961 perpetuo
1598 924 1765 953 decumbere

971 981 1077 1009 cupias.

128 1013 182 1050 ἄρα
198 1025 239 1044 σοι
251 1017 302 1053 τῆς
319 1017 414 1052 ὑγείας
424 1018 504 1053 ἔρως,
523 1018 584 1045 ἀντὶ
604 1018 652 1045 τοῦ
683 1019 863 1046 κατακεῖσθαι
881 1022 1157 1058 τετραυματισμένῳ,
1189 1021 1365 1058 περιγέγονε,
1377 1021 1517 1056 προοίσω,
1538 1020 1586 1047 καὶ
1616 1020 1685 1055 πρὸς
1712 1018 1762 1053 τὴν

129 1065 290 1101 ἀπαλλαγὴν
309 1065 530 1101 συναγωνίσομαι
540 1064 588 1093 τοῦ
602 1068 767 1102 νοσήματος.

163 1113 200 1139 Δ¹.
215 1111 371 1146 Ἐκήρυσσε
387 1110 434 1137 τὸν
455 1111 577 1146 Χριστὺν
591 1112 606 1139 ὁ
616 1112 747 1147 Ἰωάννης
771 1112 857 1148 μήπω
871 1112 921 1147 τῆς

129 1157 242 1192 χάριτος
256 1155 412 1192 μετασχὼν,
438 1156 497 1183 ἀλλ’
514 1156 554 1182 ἔτι
569 1156 608 1191 τῷ
627 1156 703 1191 νόμῳ
723 1156 920 1191 παιδαγωγοὺ-

132 1210 222 1237 pavos.
245 1202 398 1237 Ἐκὴρυσσε
414 1200 442 1228 δὲ
457 1201 592 1236 θεολογῶν
618 1201 668 1237 μὲν
694 1202 788 1234 αὑτὸν,
816 1199 857 1234 οἷς
871 1202 919 1229 τοῦ

130 1248 234 1283 κόσμου
247 1247 296 1283 τὴν
318 1246 457 1282 ἁμαρτίαν
483 1247 572 1283 αἴρειν
593 1248 680 1274 ἅπασι
707 1248 923 1284 διεμαρτύρατο,

130 1293 178 1321 καὶ
194 1291 236 1325 οἷς
248 1293 331 1320 αὐτόν
346 1293 410 1320 Υἰδν
434 1292 502 1320 Θεοῦ
526 1294 574 1320 καὶ
585 1294 615 1320 ὲν
641 1294 708 1330 πυρὶ
732 1294 781 1320 καὶ
801 1295 830 1321 ἐν
852 1294 923 1330 ἁγίῳ

131 1341 298 1376 βαπτίζοντα
313 1333 466 1375 Πνεύματι,
478 1341 603 1367 τουτέστι
616 1342 649 1376 τῇ
662 1340 782 1376 ἐμπύρῳ
795 1341 842 1368 καὶ
851 1350 923 1377 πρη-

132 1387 235 1422 στηρίῳ
245 1387 301 1423 (88)
316 1386 364 1413 τοῦ
391 1385 551 1421 Πνεύματος
575 1386 691 1422 δυνάμει
719 1387 769 1422 τὴν
794 1395 919 1414 καταπε-

131 1433 232 1460 σοῦσαν
247 1433 328 1468 ἡμῶν
350 1433 433 1468 φύσιν
455 1433 664 1468 ἀναχωνιύοντά
690 1442 720 1460 τε
740 1433 787 1460 καὶ
810 1434 925 1461 ἀνακαι‹

130 1479 240 1512 νῐζοντα
254 1479 387 1516 ἐλευθέρᾳ
402 1480 478 1515 φωνῇ
499 1479 685 1507 ἀνεδίδασκεν.
707 1479 864 1515 Ἐκήρυσσε
892 1479 921 1506 δὲ

1006 1110 1050 1137 IV.
1070 1110 1233 1139 Praedicavit
1246 1110 1385 1138 Christum
1399 1110 1529 1142 Joannes,
1544 1110 1657 1137 fcederis
1671 1110 1765 1145 gratiae

970 1156 1092 1184 nondum
1116 1157 1254 1192 particeps
1271 1177 1279 1189 ,
1304 1157 1354 1184 sed
1380 1156 1533 1184 secundum
1558 1156 1646 1192 legem
1674 1157 1766 1183 adhuc

971 1201 1079 1229 ductus.
1096 1201 1258 1229 Prazdicavit
1275 1206 1368 1228 autem
1381 1209 1456 1234 eum,
1476 1206 1504 1229 et
1522 1201 1608 1228 Deum
1625 1202 1766 1236 professus

972 1252 1014 1274 est
1025 1247 1058 1274 iis
1073 1247 1140 1274 locis
1151 1246 1294 1279 omnibus,
1311 1247 1411 1282 quibus
1431 1250 1546 1273 testatus
1561 1252 1603 1273 est
1622 1254 1686 1274 eum
1701 1255 1767 1282 pec-

973 1298 1032 1321 cata
1048 1293 1142 1321 mundi
1159 1293 1263 1326 tollere,
1274 1298 1301 1320 et
1313 1293 1412 1327 quibus
1425 1293 1512 1328 ipsum
1528 1292 1574 1320 Dei
1593 1292 1691 1320 Filium
1705 1293 1768 1328 igne

973 1344 1002 1367 et
1017 1339 1120 1374 Spiritu
1134 1344 1229 1367 sancto
1244 1339 1439 1374 baptilantem,
1468 1339 1495 1366 id
1511 1344 1563 1371 est,
1577 1339 1654 1374 ignea
1671 1344 1698 1366 et
1711 1339 1768 1366 ful-

972 1386 1062 1414 minea
1080 1386 1199 1421 Spiritus
1213 1386 1313 1414 virtute
1328 1391 1454 1413 naturam
1470 1392 1594 1413 nostram
1608 1386 1768 1421 depressam

971 1433 1138 1461 excitantem
1151 1438 1179 1461 et
1196 1437 1376 1461 renovantem
1395 1432 1481 1459 libera
1495 1440 1562 1460 voce
1585 1432 1766 1460 demonstrat.

975 1479 1137 1507 Praedicavit
1147 1487 1213 1506 vero
1228 1483 1256 1507 et
1271 1480 1392 1512 Patrem,
1409 1487 1539 1514 eumque,
1559 1483 1589 1506 ut
1607 1480 1704 1511 Deum,
1725 1479 1770 1505 in—

132 1526 242 1553 καὶτὸν
270 1526 393 1562 Πατέρα,
421 1525 557 1560 θεολογῶν
586 1534 616 1552 τε
640 1526 736 1558 αὑτὸν,
751 1526 799 1552 καὶ
814 1527 846 1553 ὲκ
867 1526 920 1552 τῶν

976 1526 1087 1554 dubiam
1106 1530 1270 1560 potestatem
1289 1525 1372 1552 etiam
1395 1533 1429 1553 ex
1454 1525 1590 1560 lapidibus
1611 1524 1770 1552 Abrahamo

129 1570 212 1598 λίθων
235 1571 341 1606 ἐγεῖραι
359 1571 444 1597 τέκνα
456 1570 495 1606 τῷ
519 1570 646 1606 ’Δὸραάμ
672 1571 722 1606 τὴν
752 1571 830 1606 ἰσχὺν
845 1571 922 1598 ἀκώ-

130 1610 217 1644 λυτοᾶ
226 1617 333 1652 ἔχοντα.
349 1616 403 1643 Καὶ
418 1616 450 1643 τὸ
469 1616 584 1651 Πνεῦμα
598 1615 637 1649 δὲ,
653 1615 695 1648 οἷς
709 1625 739 1642 τε
753 1616 783 1649 ἐξ
804 1617 922 1652 οὐρανοῦ

131 1663 274 1699 προελθεῖν
289 1663 434 1696 ἐθεάσατο,
446 1663 495 1690 καὶ
513 1661 554 1694 οἷς
569 1663 617 1689 ἐπὶ
637 1663 685 1689 τὸν
701 1663 765 1690 Υίὺν
786 1663 834 1694 τοῦ
854 1663 923 1690 Θεοῦ

130 1711 178 1737 τὸν
194 1710 328 1745 μονογενῆ
342 1709 508 1744 ἐπεφοίτησά
520 1717 562 1740 τε,
573 1709 620 1736 καὶ
627 1709 666 1741 ὡς
684 1708 822 1744 ὁμοουσιῳ
835 1718 923 1745 προσ-

131 1757 225 1791 έμενε,
243 1756 289 1783 καὶ
298 1756 329 1783 τό
343 1764 375 1790 γε
390 1754 631 1791 θεολογικὼτερον,
656 1752 697 1787 οἷς
710 1755 839 1783 κοινωνὸν
857 1756 924 1782 αὐτὸ

130 1802 183 1837 τῆς
196 1801 330 1837 ἐργασίας
342 1800 504 1835 ἀνομολογεῖ
514 1800 583 1835 (89),
603 1799 637 1826 δι’
653 1797 688 1835 ἦς
708 1800 725 1834 ὴ
737 1799 860 1834 σωτηρία
877 1799 924 1826 τοῦ

130 1849 237 1882 κόσμου
252 1845 483 1882 ἐπαρρησιάζετο.
504 1845 560 1872 Καὶ
574 1845 629 1880 γὰρ
647 1845 740 1880 κοινὴν
764 1845 858 1876 αὐτοῖς
874 1843 924 1880 τὴν

129 1892 186 1919 τῶν
209 1891 364 1926 ἀνθρώπων
380 1890 520 1927 σωτηρίαν
536 1891 698 1926 ἀνατίθησιν
710 1897 718 1904 ·
736 1891 816 1925 εἰπερ
836 1892 850 1917 ὸ
874 1889 925 1925 μὲν

130 1941 206 1974 αἴρει
225 1938 275 1973 τὴν
299 1937 440 1972 ἁμαρτίαν
459 1937 506 1963 τοῦ
521 1937 636 1972 κόσμου,
655 1935 724 1972 αὕτη
744 1936 773 1962 δὲ
789 1936 829 1971 τῷ
853 1944 925 1963 παν-

131 1986 204 2020 αγιῳ
219 1985 359 2020 Πνεύματι
374 1983 538 2018 καθαίρεταί
555 1992 585 2010 τε
594 1983 641 2010 καὶ
652 1983 853 2018 ἀποσμήχεται.
869 1983 925 2009 Καὶ

130 2033 187 2068 γὰρ
218 2032 353 2068 λαμπρῶς
381 2031 584 2068 ἀνακέκραγεν,
609 2031 648 2063 ὡς
674 2031 689 2057 ό
729 2031 842 2066 κόσμος,
873 2031 925 2066 τῆς

131 2078 272 2114 ἁμαρτίας
286 2078 335 2114 τὴν
350 2078 508 2113 ἐλευθερίαν
521 2078 680 2113 δεχόμενος,
696 2078 743 2104 καὶ
758 2078 808 2113 τῆς
832 2086 924 2113 σωτη-

133 2125 195 2161 ρίας
213 2123 384 2159 ἀξιούμενος,
404 2124 444 2160 τῷ
467 2124 596 2159 παναγίῳ
620 2123 763 2158 Πνεύματι
790 2121 851 2150 εἶτα
877 2123 924 2150 καὶ

132 2171 203 2207 πυρὶ
220 2170 433 2207 βαπτιζόμενος,
450 2167 529 2198 διὀὗ
547 2171 597 2206 τὴν
625 2170 767 2207 πυρφόρον
787 2171 835 2197 καὶ
857 2170 924 2206 δρα-

978 1572 1047 1599 tilios
1072 1571 1231 1607 procreandi
1260 1572 1361 1599 habere
1382 1568 1524 1606 professus
1537 1575 1590 1599 est.
1607 1570 1770 1599 Praedicavit

976 1625 1042 1646 vero
1052 1618 1135 1645 etiam
1152 1618 1283 1653 Spiritum
1297 1623 1434 1650 sanctum,
1446 1619 1557 1653 quando
1568 1626 1631 1645 eum
1647 1626 1678 1645 ex
1694 1618 1771 1645 emlis

977 1665 1153 1700 prodiisse,et
1167 1665 1194 1691 in
1211 1664 1308 1692 Filium
1327 1664 1373 1692 Dei
1393 1665 1565 1701 unigenitum
1579 1665 1770 1698 descendisse,

978 1714 1005 1738 et
1017 1717 1100 1744 super
1113 1717 1146 1737 eo
1172 1713 1301 1744 tanquam
1321 1710 1444 1745 ejusdem
1462 1710 1589 1738 essentia;
1611 1711 1771 1738 consedisse

977 1757 1062 1788 videt,
1076 1757 1141 1788 imo,
1157 1757 1230 1791 quod
1247 1757 1333 1792 magis
1349 1757 1435 1784 Deum
1449 1757 1544 1790 infert,
1569 1758 1679 1792 quando
1706 1765 1771 1785 eum

978 1809 1009 1832 ut
1019 1804 1178 1840 participem
1188 1803 1280 1839 operis
1294 1804 1425 1837 celebrat,
1437 1804 1465 1831 in
1480 1812 1535 1839 quo
1548 1804 1621 1832 salus
1635 1805 1729 1831 mundi
1741 1812 1772 1832 se

978 1850 1200 1885 conspiciendam
1223 1850 1349 1885 praebuit.
1375 1849 1499 1884 Namque
1523 1849 1632 1885 utrique
1661 1857 1772 1877 causam

979 1897 1075 1925 salutis
1095 1897 1238 1924 hominum
1260 1902 1400 1932 acceptam
1422 1897 1487 1925 fert.
1512 1897 1587 1924 Alter
1604 1897 1678 1924 enim
1702 1896 1773 1924 tollit

979 1948 1121 1980 peceatum
1141 1943 1247 1977 mundi,
1265 1944 1319 1971 hoc
1334 1948 1426 1971 autem
1441 1951 1490 1979 per
1504 1942 1638 1978 Spiritum
1656 1943 1774 1971 sanctis-

979 1989 1078 2017 simum
1090 1989 1238 2016 mundatur
1249 1994 1278 2017 et
1291 1989 1468 2025 abstergitur.
1484 1989 1566 2017 Clare
1583 1989 1656 2016 enim
1671 1989 1774 2016 ciama-

979 2037 1028 2069 vit,
1042 2037 1113 2071 quod
1127 2037 1256 2068 mundus,
1267 2045 1282 2064 a
1298 2041 1410 2071 peccato
1426 2037 1565 2069 liberatus,
1584 2041 1612 2064 et
1625 2036 1713 2063 salute
1730 2036 1774 2063 di-

979 2091 1049 2118 gnus
1063 2082 1182 2114 habitus.
1208 2087 1266 2110 tum
1286 2090 1352 2110 vero
1375 2081 1483 2118 Spiritu
1515 2087 1612 2110 sancto
1628 2089 1660 2109 ae
1677 2086 1774 2117 postea

979 2129 1042 2164 igne
1067 2128 1238 2163 baptizatus,
1264 2136 1313 2164 per
1342 2136 1425 2163 quem
1456 2128 1511 2155 vim
1541 2128 1660 2163 Spiritus
1684 2126 1774 2154 sancti

979 2174 1246 2210 igneam.eliicacem
1261 2179 1290 2202 et
1311 2174 1492 2210 expiatoriam
1517 2173 1670 2207 intelligere
1697 2173 1774 2204 licet,

133 2218 232 2253 στικὴν
252 2217 301 2244 καὶ
324 2216 474 2253 καθάρσιον
500 2217 548 2243 τοῦ
567 2217 724 2252 Πνεύματος
750 2217 827 2252 ἰσχὺν
846 2217 920 2244 ἐστιν

976 2226 1052 2250 tanto
1069 2221 1203 2249 beneficio
1215 2221 1330 2248 fruatur.
1347 2220 1470 2254 Quorum
1484 2227 1552 2247 vero
1563 2226 1633 2254 opus
1646 2225 1774 2245 commu-

132 2263 327 2299 ἐκμανθάνειν,
342 2263 391 2297 τῆς
405 2263 574 2298 τηλικαύτης
591 2263 750 2298 εὐεργισίας
764 2263 920 2291 ἀπολαύου-

976 2275 1012 2295 ne
1027 2271 1070 2294 est
1084 2271 1112 2294 et
1130 2266 1277 2294 indivisum
1291 2287 1299 2299 ,
1323 2266 1397 2301 quod
1416 2264 1513 2292 mundi
1541 2262 1721 2290 renovatione
1746 2265 1775 2288 et

133 2318 189 2337 σιν.
205 2305 256 2335 Ὠν
266 2310 295 2337 δὲ
313 2309 345 2336 τὸ
361 2310 441 2344 ἔργον
455 2309 545 2337 κοινὸν
554 2309 601 2336 καὶ
616 2309 781 2346 ἀμέριστον,
795 2310 844 2337 καὶ
863 2310 920 2337 τότε

976 2311 1149 2348 reparatione
1162 2312 1338 2342 continetur,
1356 2311 1495 2347 quomodo
1515 2309 1569 2337 illis
1593 2316 1650 2336 non
1676 2307 1774 2334 eadem

133 2356 239 2390 κόσμου
263 2356 463 2390 ἀνακαινισμὺς
484 2356 532 2382 καὶ
556 2355 720 2388 ἀνάπλασις,
737 2355 798 2388 πῶς
831 2356 881 2391 οὺχ
909 2357 920 2382 1‘

976 2362 1086 2390 natura,
1099 2358 1195 2385 eadem
1214 2365 1278 2386 vero
1294 2357 1378 2385 etiam
1392 2361 1526 2392 potestas,
1541 2354 1640 2382 eadem
1653 2353 1777 2388 denique

133 2401 206 2436 αὑτὴ
221 2401 270 2437 μὲν
279 2401 386 2433 τούτοις
407 2402 499 2436 φύσις,
521 2402 536 2437 ἡ
557 2401 626 2436 αὑτὴ
650 2401 794 2437 δὲιίσχὺς,
819 2403 836 2437 ἡ
857 2403 920 2430 αὐτὶ

977 2404 1134 2432 humanitas
1147 2408 1175 2431 et
1189 2404 1362 2439 providentia
1378 2402 1481 2431 fuerit?
1499 2402 1550 2435 Qui
1565 2401 1649 2437 igitur
1672 2401 1699 2428 in
1715 2400 1776 2435 ipso

132 2448 164 2474 δὲ
179 2448 371 2484 φιλανθρωπία
385 2449 434 2475 καὶ
455 2448 588 2484 πρόνοιαῇ
608 2448 688 2476 Οὕτω
709 2447 776 2482 γοῦν
793 2448 822 2481 ἐξ
840 2449 920 2484 αὐτῆς

977 2450 1072 2478 limine
1087 2451 1173 2478 Deum
1191 2451 1291 2479 trinum
1314 2449 1485 2486 prmdieavit,
1504 2453 1532 2476 et
1548 2447 1722 2476 tremendum
1742 2454 1776 2475 ac

693 2515 811 2544 VARIIE
829 2516 1023 2545 LECTIONES
1040 2517 1086 2545 ET
1105 2517 1222 2545 NOTAE.

170 2575 229 2610 (88)
246 2574 300 2602 Καὶ
313 2575 498 2609 πρηστηρίῳ.
513 2575 609 2603 Varias
623 2575 765 2609 phraseos.
790 2575 819 2601 ὲν
836 2576 924 2602 Ilvati-

134 2619 202 2646 ματι
216 2610 263 2637 καὶ
276 2610 427 2646 πυριηιιυκ
446 2610 543 2638 Matth.
563 2618 604 2643 ιιι,
623 2611 667 2644 Η,
681 2615 781 2643 exstat,
804 2611 924 2646 explica-

134 2646 224 2673 tiones
250 2645 334 2681 apudi
356 2645 450 2681 Patres
480 2646 631 2678 inveneris,
659 2653 790 2681 quarum,
818 2645 924 2680 partem

132 2681 247 2709 exhibet
260 2679 304 2708 Io.
319 2679 546 2715 Casp.Svicerus,
572 2682 599 2708 in
625 2679 756 2708 Thesauro
767 2679 922 2709 Ecclesiast.

132 2720 203 2744 tom.
219 2716 239 2749 I,
255 2724 283 2750 p.
300 2715 353 2744 629
366 2723 424 2750 seq.
438 2717 479 2744 Ad
495 2717 582 2744 nostri
599 2715 691 2744 Photii
709 2717 782 2743 illam
799 2717 924 2750 proxime

133 2752 242 2787 accedit
256 2751 372 2787 Cyrillus
386 2751 588 2779 Alexandrinus
603 2751 652 2779 lib.
666 2760 708 2783 ut,
723 2752 884 2787 Glaphyran
897 2753 924 2779 in

134 2785 319 2823 Exodum,'p.
331 2786 394 2823 522,
416 2786 454 2814 ita
465 2787 587 2815 scribens
605 2795 612 2814 :
627 2787 698 2822 [lupi
717 2786 757 2821 τῷ
772 2785 861 2823 νοήτῴ
879 2787 926 2823 τὸν

135 2821 167 2848 ἐν
183 2822 248 2858 ἡμῖν
260 2821 416 2858 δαπανῶντι
428 2822 574 2858 συρφετὸν,
595 2822 643 2858 κα).
665 2822 712 2848 τὸν
737 2822 767 2858 εξ
783 2821 925 2856 ἁμαρτίας

135 2856 283 2891 ὲκτήκοντι
299 2857 395 2892 ῥύπον,
411 2856 470 2885 καί
482 2857 673 2894 ἀποψύχεσθαί
699 2857 768 2893 πρὸς
793 2858 926 2890 ἐκτύπους

979 2575 1078 2611 ἡδονὰς
1099 2574 1290 2611 οὐκέἀφιέντι
1313 2572 1454 2611 τὺνινοῦν,
1474 2571 1724 2611 ἀποτετελέσμεθα-
1744 2571 1775 2598 δὲ

977 2606 1065 2646 ταύτῃ
1081 2609 1179 2646 τοιτῷ
1207 2606 1345 2646 πνεύματι
1369 2608 1496 2641 ζέοντες·
1523 2609 1575 2635 hoc
1606 2613 1648 2635 est
1663 2615 1684 2646 _:
1710 2606 1776 2646 Ig-ue

977 2642 1115 2681 spiriiimli
1130 2642 1296 2672 consumente
1312 2645 1388 2680 fraces
1399 2649 1514 2676 nostras,
1527 2648 1551 2670 et
1567 2643 1668 2681 peccati
1683 2642 1774 2681 sentes

980 2677 1143 2712 dbsumcnte,
1173 2688 1219 2707 nec
1238 2677 1414 2714 permittente,
1439 2684 1467 2707 ut
1505 2677 1592 2714 mensi
1614 2677 1775 2714 inordinatis

979 2710 1159 2749 voluptatibiis
1189 2710 1325 2750 frigescat,
1352 2710 1412 2742 liac'
1432 2720 1521 2742 autem
1540 2713 1643 2740 ratione
1667 2710 1775 2750 perfecit

979 2747 1070 2778 sumas
1089 2751 1154 2786 facti
1173 2747 1269 2786 spiritu
1284 2747 1422 2786 ferventes.
1444 2750 1513 2778 Vide
1537 2757 1598 2784 qua:
1616 2747 1698 2783 paulo
1713 2751 1776 2782 post

979 2786 1080 2813 Noster
1090 2785 1176 2813 affert
1192 2787 1282 2821 plura.

980 2857 995 2884 λ
1016 2820 1085 2863 (8.9)
1124 2817 1327 2857 ’Λνολιολογεί
1357 2822 1398 2849 ita
1429 2818 1558 2856 rescripsi
1591 2826 1640 2854 pro
1675 2817 1776 2852 ἀνομο-

997 2864 1081 2884 ογειν.

997 2864 1081 2891 ογειν.
