1930 3079
180 172 228 204 187

758 160 893 192 PHOTlI
912 155 1166 189 PATRIA‘RCH/E
1180 154 1236 184 ΟΡ.

1754 153 1806 187 188

179 228 366 258 venerandum
382 227 479 261 dogma
500 224 554 251 hoc
571 223 598 250 in
621 220 734 249 introitu
753 219 894 247 conciouis
911 225 967 245 sua:
982 245 983 248 η

1035 215 1110 246 στίας
1126 212 1260 247 θεολογῶν
1275 211 1325 247 τὴν
1337 211 1453 247 Τριάδα,
1468 211 1514 239 καὶ
1534 211 1565 239 τδ
1586 211 1637 247 τῆς
1661 212 1805 248 θεολογίας

178 274 330 312 proposuit,
341 272 414 307 quod
425 272 555 298 Servator
566 272 629 303 post
644 266 872 295 resurrectionem
888 264 967 292 disci-

179 309 250 356 palis
266 319 322 347 suis
335 317 435 345 clarius
454 313 598 349 explicn‘it
613 333 620 344 ,
648 320 713 339 num
738 311 761 338 is
784 310 894 337 aliunde
909 309 967 335 haec

181 354 315 395 hausisse,
327 366 355 389 et
374 360 475 388 dixisse
495 366 527 386 ac
550 357 712 393 praedicasse
736 355 785 382 tibi
806 354 922 386 videtur,
938 356 969 380 ut

180 412 224 438 vel
249 410 333 445 legem
349 406 443 442 gratia:
458 405 624 432 contrariam
645 402 758 434 dixerit,
788 402 829 428 vel
849 399 967 435 negarit,

181 464 255 488 eum,
279 453 326 489 qui
350 460 384 480 ex
405 451 540 486 lapidibus
562 449 720 476 Abrahamo
736 453 830 474 semen
850 445 969 472 excitare

181 501 276 537 possit,
292 499 466 526 Servatorem
480 494 575 523 mundi
597 494 683 521 ﬁliuni
699 500 778 520 suum
798 497 825 519 et
839 490 969 518 dilectum

181 535 253 579 esse,
265 545 393 574 onmibus
409 541 633 571 demonstrasse?
645 539 673 567 Si
689 546 765 571 vero,
781 537 827 572 qui
845 535 896 564 sub
911 535 970 570 lege

182 593 275 629 gratia:
289 597 431 627 prmcones
446 588 567 619 fuerunt,
585 591 613 613 et
630 586 689 620 ipse
704 590 813 620 quoque
833 581 971 617 legislator

183 628 265 671 lleus,
280 638 325 673 qui
342 640 429 664 ιοιυηι
438 638 516 663 vetus
531 636 724 660 testamentum
735 628 970 661 instituit,Filium

183 684 322 720 proprium
336 683 419 709 Deum
431 681 535 707 Bonum
547 683 574 706 et
583 676 676 705 mundi
688 675 863 703 Servatorem
874 680 973 700 renun-

185 731 281 762 tiavit,
310 735 428 763 eumque
453 733 522 761 aqua
548 724 734 759 baptizatum,
757 720 894 757 quomodo
916 726 972 746 non

184 776 287 808 omnia,
300 783 360 810 qua:
380 774 409 801 in
427 773 485 808 lege
499 776 526 798 et
540 771 626 806 gratia
649 773 724 800 sunt,
742 767 866 803 ejusdem
881 764 973 800 provi-

185 821 295 853 dentiae,
309 828 382 848 cura:
391 824 419 847 et
427 817 557 846 bonitatis
563 823 648 852 opera
659 822 692 843 ac
699 817 836 850 praecepta
849 811 974 840 habenda

186 868 287 895 erant?

224 976 256 1003 ν.
272 975 422 1004 Considera
435 981 502 1002 vero
514 971 614 1004 simul,
632 971 733 1006 quibus
746 969 878 998 encomiis
891 967 975 995 Joan-

189 1030 251 1050 nem
268 1025 368 1049 mactet
378 1019 517 1052 Servator,
532 1018 641 1053 quando
652 1024 715 1044 enim
731 1015 833 1044 divitiis
848 1015 976 1042 omnibus

189 1067 372 1102 superiorem,
385 1069 414 1092 et
427 1072 509 1100 supra
522 1070 632 1090 omnem
644 1061 738 1089 mundi
751 1061 848 1088 fastum
860 1060 976 1087 colloca-

191 1118 260 1143 tum,
275 1113 303 1138 in
321 1110 372 1138 [ide
391 1114 523 1146 praeterea
538 1108 658 1139 ﬁrmum,
673 1115 705 1134 ac
716 1106 744 1133 in
756 1105 906 1141 ,sententiis
925 1105 977 1132 bo-

191 1159 234 1186 nis
247 1158 383 1191 rectisque
406 1156 514 1183 tuendis
535 1154 678 1182 immotum
694 1152 853 1188 pronuntiat
876 1152 910 1178 3'.
936 1151 977 1178 Ab

191 1204 234 1230 his
248 1203 336 1238 ipsum
349 1202 502 1233 celebrans,
517 1200 589 1233 vide,
608 1207 689 1235 quam
707 1199 785 1234 longe
795 1199 875 1225 altius
889 1197 978 1224 virum

190 1250 298 1280 cll‘erat,
322 1248 516 1282 neminemque
539 1247 612 1274 inter
628 1246 734 1281 genitos
759 1253 793 1272 ex
817 1244 979 1272 mulieribus

192 1304 254 1324 eum
266 1303 299 1322 eo
313 1295 538 1329 comparandum,
550 1293 598 1321 sed
612 1293 729 1328 palmam
745 1290 872 1319 omnibus
885 1290 980 1325 praeri-

193 1343 327 1378 pieutem,
342 1342 430 1368 sistat.
447 1340 544 1367 Postea
557 1347 572 1366 a
583 1339 686 1367 virtute
695 1338 731 1365 ita
744 1337 884 1365 laudatum
897 1336 979 1363 etiam

194 1389 356 1424 prophetam
365 1390 392 1414 et
403 1386 535 1421 propheta
543 1385 674 1420 majorem
681 1383 810 1418 appellat,
820 1382 981 1418 prophetam

194 1434 316 1469 quidem,
335 1437 365 1460 ut
383 1432 550 1464 ostenderet,
571 1430 765 1465 prophetarum
782 1436 881 1455 nomen
906 1427 982 1463 ejus-

195 1487 250 1514 que
265 1486 344 1506 usum
360 1477 492 1512 ejusmodi
509 1476 639 1511 operibus
653 1479 680 1503 et
696 1474 896 1511 praerogativis,
922 1481 984 1509 qua:

196 1524 326 1553 bonitatis
350 1524 421 1551 dona
446 1527 526 1556 sunt,
557 1522 791 1549 accommodatum
823 1527 894 1548 esse.
917 1518 984 1546 Pro-

1018 260 1131 297 φρικτὸν
1143 259 1189 286 καλ⁸
1205 258 1303 285 σεπτὸν
1321 257 1438 294 μάθημα
1464 259 1495 284 ὲν
1511 258 1661 294 προθύροις
1677 259 1725 285 τοῦ
1754 268 1806 294 κη-

1019 307 1159 344 ρύγματος
1176 303 1368 339 ἀπαγγέλλων,
1384 304 1399 331 ὃ
1420 304 1489 339 μετὰ
1501 304 1551 340 τὴν
1576 305 1726 332 ἀνάστασιν
1751 306 1808 337 τοῖς

1020 353 1175 389 μαθηταῖςό
1189 350 1286 386 Σωτὴρ
1298 350 1517 386 τηλαυγέστερον
1528 349 1684 385 παρεδίδου,
1696 347 1753 385 ἇρά
1765 358 1808 376 σοι

1019 398 1130 426 ἄλλοθεν
1142 395 1316 423 ὲπιπνεῖτθαι
1330 394 1418 422 ταῦτα
1432 395 1479 421 καὶ
1488 394 1579 430 λέγειν
1595 395 1642 422 καὶ
1658 395 1808 431 κηρύσσειν

1018 443 1157 479 δόξειεν,ἢ
1171 442 1209 474 ὡς
1217 442 1299 477 νόμος
1315 441 1480 477 ἀσύμφωνος
1489 441 1608 477 ὑπάρχει
1622 443 1655 478 τῇ
1669 442 1773 478 χάριτι,
1788 441 1806 477 ἢ

1019 488 1056 520 ὡς
1073 489 1087 515 6
1097 489 1129 514 ἐκ
1142 486 1224 513 λίθων
1238 486 1354 522 ἐγείρων
1367 486 1452 514 τέκνα
1468 486 1507 522 τῷ
1528 486 1654 522 Ἀϐραὰμ
1668 486 1744 519 Θεὸς,
1758 487 1810 522 οὐχ

1020 535 1034 562 6
1049 533 1130 565 αὐτὸς
1146 533 1210 560 Υἰὺν
1221 532 1319 559 ἑαυτοῦ
1332 529 1404 559 εἶναι
1415 532 1462 559 καὶ
1473 532 1627 568 ἀγαπητὸν,
1638 533 1683 560 16v
1695 533 1810 568 Σωτῆρα

1023 580 1071 608 τοῦ
1085 580 1189 616 κόσμου
1202 579 1286 606 πᾶσιν
1297 578 1470 614 ἑτράνωσεν;
1491 580 1521 605 Et
1540 579 1569 606 δὲ
1587 579 1610 605 οί
1626 579 1655 606 ὲν
1670 579 1709 614 τῷ
1734 579 1811 614 νόμῳ

1022 627 1072 662 τῆς
1085 626 1197 662 χάριτος
1211 626 1331 661 κήρυκες
1347 624 1396 651 καὶ
1408 625 1423 651 6
1437 625 1585 660 νομοθέτης
1597 625 1674 659 Θεὸς,
1691 626 1705 653 6
1718 627 1811 652 πᾶσαν

1022 673 1072 709 τὴν
1084 673 1205 699 Παλαιὰν
1218 671 1389 706 διαθέμενος,
1396 671 1443 698 16v
1453 670 1556 705 ἀγαθὸν
1566 671 1634 698 Θεὸν
1648 672 1696 699 καὶ
1703 671 1812 707 Λυτρω-

1023 721 1074 754 τὴν
1095 719 1144 746 τοῦ
1168 718 1271 753 κόσμου
1302 717 1364 744 Υίδν
1393 717 1459 744 ῐδιον
1483 717 1647 753 ἀνεκήρυξε,
1673 718 1721 745 καὶ
1748 718 1811 744 τότε

1025 765 1225 801 βαπτιζόμενον
1239 765 1270 791 ὲν
1284 764 1324 799 τῷ
1335 763 1424 795 ὕδατι,
1441 763 1501 796 πῶς
1526 764 1587 800 οὐχὶ
1610 764 1658 791 καὶ
1676 764 1711 791 τὰ
1724 764 1754 791 ὲν
1772 764 1813 799 τῷ

1024 812 1100 847 νόμῳ
1112 811 1201 838 πάντα
1228 811 1276 838 καὶ
1296 810 1331 837 τὰ
1357 810 1387 837 ἑν
1405 811 1439 846 τῇ
1461 810 1555 845 χάριτι
1579 810 1629 845 τῆς
1643 810 1730 845 αὐτῆς
1757 811 1813 837 sic:

1026 857 1155 893 προνοίας
1168 857 1217 885 καὶ
1228 856 1408 892 δημιουργίας
1423 856 1472 883 καὶ
1495 856 1666 892 ἀγαθότητος
1683 855 1752 892 ἔργα
1766 855 1814 883 καὶ

988 889 1012 920 Β
1025 889 1216 939 διατάγματα;

1061 968 1099 995 Ε’.
1113 966 1349 994 Συνεπισκόπειδὲ
1367 967 1415 994 καὶ
1427 967 1500 998 ὅσοις
1518 966 1564 993 τὸν
1580 966 1709 1002 Ἰωάννην
1724 966 1814 1001 ἐγκω-

1028 1014 1100 1050 μίοις
1113 1014 1128 1040 ό
1142 1013 1238 1049 Σωτὴρ
1251 1012 1354 1047 στέφει,
1372 1011 1489 1048 κρείττω
1504 1012 1555 1047 μὲν
1579 1011 1813 1047 ὲπιψηφιζόμενος

1026 1059 1188 1095 χρημάτων,
1204 1058 1297 1093 πάσης
1318 1057 1348 1084 δὲ
1372 1057 1513 1093 περιγείου
1537 1057 1617 1093 δόξης
1632 1056 1816 1093 ὕπεριδρυμέ-

1027 1113 1084 1137 νον,
1100 1104 1212 1141 στερρὸν
1228 1104 1256 1131 δὲ
1269 1104 1318 1139 τὴν
1331 1103 1377 1130 ἐπὶ
1390 1104 1426 1139 τῇ
1439 1099 1531 1130 πίστει
1542 1102 1644 1139 κρίσιν,
1655 1102 1704 1129 καὶ
1720 1102 1816 1134 ἁπλῶς

1027 1149 1077 1185 τὴν
1090 1149 1133 1177 ἐπ’
1154 1149 1266 1183 ἀγαθοῖς
1293 1149 1359 1175 πᾶσι
1381 1148 1496 1183 γνώμην
1520 1147 1680 1184 ἀκλόνητον.
1703 1147 1817 1179 Τούτοις

1028 1196 1057 1224 δὲ
1074 1196 1155 1223 αὐτὸν
1170 1194 1357 1229 ἀνακηρύξας,
1371 1194 1422 1230 δρα
1435 1194 1494 1226 πῶς
1511 1193 1558 1220 ἐπὶ
1571 1193 1656 1229 μείζω
1666 1193 1711 1220 τὸν
1733 1193 1818 1228 ἀνδρα

1029 1242 1149 1277 ἐπαίρει,
1165 1241 1213 1268 καὶ
1239 1241 1293 1267 τῶν
1323 1240 1352 1266 ὲν
1384 1238 1525 1274 γεννητοῖς
1547 1239 1687 1272 γυναικῶν
1721 1237 1819 1265 οὐδένα

1030 1287 1135 1322 τίθησιν
1148 1286 1331 1321 ἐξισούμενον,
1342 1285 1410 1312 ἀλλὰ
1418 1285 1489 1312 κατά
1501 1285 1609 1311 πάντων
1622 1284 1652 1310 16
1666 1283 1818 1320 πρεσϐεῦον

1031 1335 1159 1369 φέροντα.
1170 1330 1238 1359 Εἶτα
1253 1332 1322 1368 πρὸς
1339 1331 1441 1367 ἀρετὴν
1463 1330 1544 1357 αὐτὸν
1563 1330 1651 1362 οὕτως
1672 1330 1820 1365 ἀνυψώσας

1031 1378 1079 1406 καὶ
1089 1379 1234 1414 προφήτην
1242 1377 1385 1409 ἀποκαλεῖ,
1399 1377 1447 1403 καὶ
1455 1377 1595 1412 προφήτου
1613 1376 1818 1412 περισσότερον·

1033 1425 1178 1461 προφήτην
1196 1424 1256 1460 μὲν,
1271 1424 1315 1450 ἴνα
1326 1423 1399 1459 δείξῃ
1411 1422 1442 1449 16
1448 1423 1503 1449 τῶν
1516 1422 1664 1458 προφητῶν
1674 1421 1759 1457 ὄνομα
1772 1421 1821 1448 καὶ

1033 1471 1083 1506 τὴν
1097 1465 1192 1505 χρείαν
1216 1469 1351 1500 τοιούτοις
1372 1467 1465 1503 ἔργοις
1479 1467 1527 1494 καὶ
1545 1467 1699 1502 ἀξιώμασιν
1712 1487 1721 1500 ,
1740 1466 1758 1493 ἀ
1771 1466 1822 1501 τῆς

1034 1515 1204 1552 ἀγαθότητός
1217 1516 1276 1542 ἐστι
1290 1514 1376 1550 δῶρα,
1389 1513 1662 1550 προσαρμοζόμενον.
1677 1513 1822 1549 Προφήτου

197 1572 278 1607 pheta
302 1575 393 1597 autem
418 1569 549 1603 majorem
572 1572 661 1600 vocat,
688 1567 761 1602 quod
787 1566 834 1601 qui
855 1566 983 1600 :equalem

1035 1563 1064 1590 δὲ
1084 1562 1290 1598 περισσότερον,
1302 1561 1344 1587 ὅτι
1358 1560 1409 1596 τὴν
1425 1560 1487 1595 ῐσην
1507 1560 1624 1591 ἐκείνοις
1636 1559 1717 1595 χάριν
1732 1559 1824 1587 λαϐὼν

197 1625 260 1645 cum
275 1617 327 1644 illis
351 1616 464 1652 gratiam
479 1619 575 1642 nactus
589 1619 641 1647 est,
658 1618 688 1640 ut
704 1612 793 1640 futura
809 1612 983 1648 praevideret,

199 1662 270 1689 idem
293 1661 384 1688 adhuc
399 1661 460 1695 plus
475 1659 570 1687 habuit
585 1662 615 1686 ut
629 1658 734 1686 scilicet
756 1657 861 1685 videret
874 1664 936 1684 eum
952 1656 986 1684 de

198 1716 254 1743 quo
277 1708 315 1735 illi
337 1706 475 1735 vaticinati
506 1709 571 1733 sunt
589 1709 618 1732 et
636 1704 734 1740 dignus
757 1704 916 1735 haberetur,
939 1701 986 1737 qui

201 1755 354 1790 baptizaret
368 1760 437 1787 aqua
451 1752 538 1785 illum,
558 1751 606 1786 qui
622 1750 755 1778 mundum
769 1750 832 1786 igne
843 1754 871 1777 et
882 1749 985 1784 Spiritu

201 1801 387 1836 haptizaturus
405 1803 474 1831 erat,
497 1802 525 1825 et
539 1805 554 1825 a
574 1797 693 1833 peccatis
708 1796 900 1824 mandaturus.
917 1794 988 1822 Num

202 1846 284 1882 igitur
298 1845 382 1881 gratia
395 1852 456 1872 cum
472 1844 530 1880 lege
542 1844 664 1879 pugnat?
679 1850 771 1870 nonne
785 1841 876 1877 potius
891 1848 989 1876 magna

200 1897 245 1919 est
258 1892 329 1919 inter
341 1894 484 1926 utramque
501 1889 645 1917 consensio
660 1893 687 1916 et
700 1887 835 1915 atlinitas?
848 1886 990 1919 Quomodo

202 1944 279 1968 vero,
309 1935 443 1971 siquidem
472 1934 593 1962 Joannes
609 1933 656 1973 «ab
682 1933 736 1960 alio
758 1937 819 1960 erat
844 1931 989 1967 principio,

202 1980 296 2017 gratia:
319 1985 413 2007 auctor
430 1981 488 2008 haec
503 1980 538 2007 de
556 1987 588 2007 eo
606 1983 722 2006 testatus
746 1983 797 2010 est,
819 1985 879 2013 qua).
898 1977 991 2013 paucis

204 2027 298 2060 eisque
311 2025 418 2052 selectis
434 2031 556 2060 tempore
569 2024 632 2051 novi
646 2023 802 2051 testamenti
814 2027 919 2058 patrata
931 2030 991 2050 esse

205 2069 329 2098 constat?
348 2069 491 2102 Quomodo
520 2069 595 2101 item,
623 2076 685 2096 cum
708 2068 772 2096 boni
795 2067 881 2095 Patris
904 2068 992 2095 bonus

205 2115 242 2142 sit
256 2114 351 2148 Filius,
378 2115 503 2150 idemque
526 2114 656 2142 bonitatis
676 2113 748 2147 fons,
765 2113 843 2149 legali
858 2117 887 2140 et
900 2113 992 2140 manui

205 2164 234 2188 et
248 2160 319 2192 voci,
344 2168 411 2195 quas
434 2164 564 2196 apostatae
587 2159 707 2195 oppositi
728 2158 856 2194 principii
882 2166 952 2193 opus
965 2162 994 2186 et

207 2210 372 2242 prmeeptum
381 2207 472 2234 dicere
482 2206 594 2238 audent,
609 2206 813 2233 immaculatum
824 2209 905 2240 caput
913 2212 992 2232 suum

207 2252 378 2285 submittere,
406 2258 435 2280 et
458 2252 625 2287 baptismum
658 2259 708 2287 per
737 2259 833 2286 aquam
872 2251 996 2285 recipere

208 2298 353 2331 sustineat,
368 2306 384 2326 0
399 2298 518 2334 linguam
541 2305 678 2325 venenum
698 2296 834 2332 serpentis
849 2295 997 2323 etfunden-

209 2347 263 2371 tem
275 2345 281 2370 l
296 2344 319 2371 si
331 2351 401 2379 aqua
413 2351 470 2371 non
481 2343 545 2371 sita
558 2343 632 2371 bono
645 2346 768 2370 creatore
786 2341 927 2376 profecta?

244 2409 290 2438 Vl.
310 2409 387 2443 Quod
406 2417 471 2437 vero
493 2409 611 2444 amplius
627 2409 708 2441 valet,
726 2415 781 2435 non
801 2415 997 2436 commemoro.

211 2455 238 2483 Id
254 2463 318 2483 vero
343 2455 396 2483 tale
417 2460 470 2488 est,
490 2455 562 2490 quod
587 2462 669 2482 nemo
692 2454 751 2481 sine
771 2453 886 2481 horrore
908 2453 1000 2482 dicere

211 2502 353 2536 suscipiat,
379 2502 432 2530 illis
456 2509 530 2534 vero,
547 2501 574 2528 in
589 2500 690 2535 quibus
709 2508 787 2528 error
809 2500 855 2527 hic
870 2500 999 2534 exsultat,

212 2549 390 2577 conﬁciendis
414 2548 532 2576 maxime
562 2552 655 2583 aptum
672 2548 719 2580 sit,
742 2553 825 2584 atque
840 2548 910 2576 adeo
937 2555 999 2575 cum

213 2595 331 2622 maximo
368 2595 458 2622 fructu
483 2599 512 2621 et
533 2594 624 2622 studio
647 2601 664 2622 a
686 2595 766 2622 nobis
795 2595 999 2630 exponendum.

213 2642 300 2668 Natus
317 2641 391 2668 enim
404 2647 447 2668 est
468 2640 531 2667 boni
553 2641 644 2668 Patris
663 2641 754 2669 bonus
764 2641 851 2669 Filius
865 2649 898 2668 ex
911 2641 1001 2676 Virgi-

214 2686 257 2714 nis
272 2690 360 2718 utero,
374 2685 402 2712 in
413 2685 506 2712 mundi
519 2686 647 2717 salutem,
662 2686 699 2713 ita
713 2690 744 2713 ut
755 2693 865 2713 carnem
877 2690 1000 2713 nostram

214 2733 267 2760 sibi
292 2740 326 2759 cx
350 2731 524 2759 immaculato
553 2732 685 2767 sanguine
710 2732 851 2764 formaret,
870 2737 897 2759 et
919 2732 1002 2759 homo

216 2783 368 2805 vocaretur.
394 2777 482 2812 Atque
496 2777 524 2806 id
538 2777 648 2814 quidem
662 2783 770 2806 veteres
789 2777 938 2813 impietatis
952 2785 1001 2813 pa-

257 2879 280 2896 "
289 2880 381 2909 Matth.
397 2890 434 2916 xr,
448 2882 474 2909 7.

1034 1608 1082 1636 τοῦ
1100 1608 1223 1644 προορᾷν
1238 1606 1273 1634 τὰ
1287 1606 1420 1641 ἐσόμενα,
1438 1605 1520 1632 πλέον
1543 1605 1655 1631 εἰλκυσε
1673 1605 1703 1631 16
1717 1605 1764 1632 καὶ
1777 1604 1824 1631 16v

1035 1654 1276 1691 προφητευόμενον
1304 1652 1378 1686 ἰδεῖν,
1395 1652 1444 1679 καὶ
1466 1651 1496 1678 16
1523 1651 1725 1686 καταξιωθῆναι
1746 1650 1826 1678 ὕδατι

1036 1699 1168 1736 βαπτίσαι
1184 1699 1230 1726 τὸν
1254 1698 1323 1734 πυρὶ
1336 1697 1384 1724 καὶ
1404 1697 1545 1732 Πνεύματι
1572 1696 1642 1732 ἀγίῳ
1660 1696 1706 1723 τδν
1723 1696 1826 1731 κόσμον

1037 1745 1223 1782 βαπτίζοντα,
1254 1743 1377 1771 καὶτῶν
1407 1742 1616 1779 ἁμαρτημάτων
1647 1742 1827 1778 καθαίροντα.

1036 1790 1111 1827 *Αρα
1124 1790 1172 1818 οὖν
1186 1791 1203 1826 ἡ
1220 1790 1300 1826 χάρις
1317 1789 1357 1825 τῷ
1370 1788 1445 1824 νόμῳ
1463 1787 1645 1823 διαμάχεταις
1663 1787 1679 1822 ἢ
1697 1787 1727 1813 οὐ
1741 1786 1825 1821 πολλὴ

1038 1837 1081 1869 τίς
1098 1837 1172 1863 ἔστιν
1190 1836 1219 1862 ὲν
1242 1834 1335 1866 αὐτοῖς
1359 1833 1504 1869 συμφωνία
1523 1833 1570 1859 καὶ
1590 1831 1739 1866 συνάφεια;
1765 1830 1828 1862 Πῶς

1038 1883 1061 1910 δ’
1077 1882 1156 1917 εἴπερ
1171 1879 1206 1917 ἦν
1217 1881 1232 1908 6
1256 1880 1385 1915 Ἰωάννης
1407 1879 1490 1914 ἄλλης
1505 1878 1604 1914 ἀρχῆς,
1621 1878 1635 1904 6
1649 1877 1699 1920 τῆς
1718 1877 1828 1912 χάριτος

1039 1928 1189 1964 νομοθέτης
1210 1928 1297 1955 ταῦτα
1314 1925 1579 1963 προσεμαρτύρησεν
1596 1924 1680 1960 αὐτῷ,
1694 1923 1712 1951 ἃ
1728 1924 1829 1958 ὀλίγοις

1041 1977 1115 2004 ἔστιν
1132 1976 1233 2011 εὑρεῖν,
1250 1975 1298 2002 καὶ
1315 1973 1403 2002 ταῦτα
1416 1973 1473 2004 τοῖς
1507 1972 1648 2002 ἐκλεκτοῖς
1671 1970 1726 1998 τῶν
1750 1971 1780 1997 ὲν
1795 1970 1829 2005 τῇ

1040 2023 1133 2058 χάριτι
1158 2020 1383 2056 κατορθούμενα;
1408 2019 1471 2050 Πῶς
1495 2017 1518 2044 δ’
1544 2017 1577 2044 ἂν
1603 2017 1744 2052 ἠνέσχετο,
1763 2015 1831 2047 Παῖς

1042 2066 1080 2093 ὢν
1094 2065 1196 2100 ἀγαθὸς
1226 2063 1330 2099 ἀγαθοῦ
1344 2063 1460 2099 Πατρδς,
1478 2062 1526 2088 καὶ
1552 2061 1629 2097 πηγὴ
1650 2060 1830 2095 ἀγαθότητος,

1042 2113 1080 2147 τῇ
1096 2111 1194 2146 νομικῇ
1211 2110 1259 2136 καὶ
1285 2108 1359 2145 χειρὶ.
1377 2108 1425 2135 καὶ
1440 2108 1528 2143 φωνῇ,
1543 2107 1562 2135 ἃ.
1578 2107 1602 2133 0i.
1618 2107 1770 2133 ἀποστάται
1782 2107 1832 2141 τῆς

1043 2157 1237 2192 ἀντικειμένης
1250 2155 1330 2191 ἔργον
1344 2153 1466 2190 τολμῶσι
1482 2153 1573 2188 λέγειν
1593 2153 1641 2180 καὶ
1656 2153 1831 2188 πρόσταγμα,

1045 2203 1095 2239 τὴν
1110 2203 1245 2238 ἄχραντον
1261 2200 1344 2229 αὑτοῦ
1372 2200 1494 2235 κεφαλὴν
1510 2199 1665 2232 ὑποκλϊναι,
1682 2198 1732 2225 καὶ
1748 2198 1778 2224 τὸ
1803 2197 1834 2230 ἐξ

1048 2251 1143 2283 ὓδατος
1159 2249 1308 2284 ὑποστῆναι
1322 2248 1464 2284 βάπτισμα
1476 2246 1510 2283 (ὣ
1522 2245 1649 2281 γλώσσης
1671 2245 1709 2272 ίδν
1723 2244 1834 2275 ἀσπίδος

1045 2295 1216 2332 προχεούσης
1227 2293 1259 2329 l),
1269 2294 1320 2321 οὒκ
1329 2292 1407 2324 ὄντος
1420 2291 1468 2319 τοῦ
1482 2291 1579 2323 ὕδατος
1595 2291 1645 2326 τῆς
1658 2289 1706 2317 τοῦ
1719 2287 1835 2324 Ἀγαθοῦ

1045 2340 1226 2377 δημιουργίας
1236 2348 1244 2373 ;

1084 2409 1130 2444 (Γ.
1155 2408 1238 2435 Ἀλλά
1251 2407 1305 2443 γὰρ
1319 2406 1346 2433 τί
1361 2405 1392 2432 16
1405 2405 1507 2442 μεῖζον,
1521 2405 1552 2432 οὺ
1565 2404 1647 2439 λέγω.
1665 2404 1743 2430 Ἐστι
1763 2403 1791 2430 δὲ
1806 2403 1837 2429 16

1049 2455 1115 2484 αὐτὸ
1126 2455 1165 2490 τῷ
1175 2464 1204 2481 τε
1219 2455 1327 2488 λέγοντι
1339 2452 1423 2488 χωρὶς
1439 2452 1539 2488 φρίκης
1548 2452 1635 2478 εἰπεῖν
1649 2451 1838 2485 ἀπορώτατον,

1049 2502 1096 2529 καὶ
1111 2501 1172 2528 καθ’
1190 2497 1228 2527 ὧν
1243 2500 1260 2535 ὴ
1289 2499 1377 2533 πλάνη
1394 2497 1520 2534 χορεύει,
1537 2496 1717 2531 σφοδρότατόν
1735 2504 1764 2522 τε
1791 2495 1840 2522 καὶ

1048 2546 1274 2582 τμητικώτατον,
1291 2546 1338 2572 καὶ
1353 2545 1415 2571 ὅσον
1441 2543 1559 2579 ῥηθῆναι
1578 2541 1793 2578 χρειωδέστατόν
1810 2549 1839 2567 τε

1049 2594 1098 2621 καὶ
1115 2591 1348 2627 σεϐασμιάγιερον.
1364 2590 1531 2625 Γεγέννηται
1550 2588 1599 2625 μὲν
1613 2588 1668 2622 γὰρ
1681 2588 1695 2614 6
1712 2586 1760 2613 τοῦ
1774 2587 1842 2620 ἀγα-

1050 2639 1098 2667 θοῦ
1120 2639 1227 2674 Πατρὸς
1251 2637 1356 2672 ἀγαθὸς
1380 2636 1445 2667 Υἱὸς
1469 2636 1501 2662 ὲκ
1523 2632 1698 2670 παρθενικῶν
1721 2632 1842 2666 λαγόνων

1050 2686 1096 2713 διά
1107 2686 1158 2721 τὴν
1170 2684 1218 2711 τοῦ
1234 2685 1338 2720 κόσμου
1359 2681 1512 2718 σωτηρίαν,
1533 2681 1580 2708 καὶ
1599 2680 1689 2716 σάρκα
1709 2679 1758 2713 τὴν
1773 2679 1843 2713 ἡμε-

1052 2731 1135 2768 τέραν
1156 2732 1189 2757 ἐκ
1212 2730 1267 2757 τῶν
1287 2728 1430 2765 ἀχράντων
1444 2727 1535 2763 ἑαυτῷ
1549 2726 1703 2758 διαπλάσας
1720 2724 1844 2761 αἱμάτων

1052 2777 1236 2813 ἐχρημάτισεν
1260 2775 1416 2811 ἄνθρωπος.
1435 2773 1492 2801 Καὶ
1507 2772 1588 2800 τοῦτο
1605 2773 1663 2804 τοῖς
1690 2771 1741 2807 μὲν
1760 2769 1844 2797 πάλαι
