1930 3079
160 133 205 165 189
666 134 814 164 CONTRA
832 134 1060 165 MANICIIMOS
1082 136 1197 169 LIBER
1218 136 1266 167 IV.

1736 139 1787 173 190

156 191 206 218 τῶν
221 190 330 217 ἀσεὸὦν
340 189 534 225 παρεγράφετο
547 188 615 225 (90),
632 190 688 221 τοῖς
701 190 730 216 δὲ
748 190 853 216 ἐκεῖθεν
864 191 935 224 φυεῖ·

995 190 1064 216 troni
1085 190 1261 226 refugerunt;
1278 190 1316 218 illi
1332 195 1436 226 autem,
1456 193 1503 228 qui
1522 193 1587 222 hinc
1597 195 1652 223 orti
1668 201 1742 229 sunt,
1757 202 1785 226 et

157 244 205 267 etv,
225 237 275 263 οὐκ
295 233 344 263 οἷδ’
359 237 434 268 ὅπως
449 236 523 271 ἔργῳ
540 236 590 271 τὴν
606 235 721 271 ἄρνησιν
739 236 878 270 ἀγαπῶσι,
890 236 941 271 τῆς

156 283 182 308 ὲν
197 282 286 316 λόγοις
307 282 392 318 τιμῆς
413 282 464 309 οὐκ
477 281 649 309 ἐκϐάλλεται.
671 283 726 309 Καὶ
741 281 796 317 γὰρ
812 282 942 318 σεμνολο-

155 328 300 363 γουμένους
321 328 425 356 ἔνεστιν
436 329 536 360 αὐτοὺς
549 329 626 364 όρᾷν,
641 325 683 360 οἷς
702 337 731 355 τε
755 329 804 361 τὰς
825 329 940 364 εὐαγγε-

155 374 229 405 λικὰς
240 374 353 409 Γραφὰς
365 375 449 410 τιμᾷν
464 373 659 410 ίσχυρίζονται,
677 375 725 401 καὶ
736 371 779 406 οἷς
792 374 838 401 τὸν
858 375 940 401 ’Λπό-

156 420 246 447 στολον
262 421 309 448 καὶ
324 420 453 456 θεοφόρον
463 420 569 447 Παῦλον
581 419 629 447 τοῦ
644 421 746 447 οἰκείου
762 421 940 456 φρονήματος

155 466 336 502 δογματιστὴν
351 468 400 493 καὶ
423 466 584 495 διδάσκαλον
603 467 830 502 καταψεύδονται.
847 467 941 502 Σὰρκα

154 512 241 539 τοίνυν
277 511 478 548 προσλαὸόντος
511 513 560 539 τοῦ
597 513 700 548 Κυρίου
737 513 816 548 ἡμῶν
851 512 939 548 Ἰησοῦ

153 558 279 593 Χριστοῦ·
297 559 355 593 (καὶ
368 558 422 594 γὰρ
433 559 447 585 ό
460 559 510 594 τῆς
524 558 639 594 βροντῆς
653 558 842 594 ἀνακέκραγεν
856 559 920 591 Υίός
931 567 938 574 ·

153 605 206 632 Kal
224 606 348 640 όΛόγιος
373 605 453 639 σὰρξ
476 605 606 640 ἐγένετο,
629 605 679 633 καί
700 604 880 639 ἐσκήνωσεν
903 606 938 632 ἐν

152 649 233 684 ἡμῖν.
257 651 313 677 Καὶ
337 650 385 677 τοῦ
408 649 495 686 Ἰησοῦ
510 649 628 685 Χριστοῦ
644 650 694 686 τὴν
715 651 843 685 γέννησιν
860 651 939 683 ἀλλος

153 695 232 722 πάλιν
254 695 309 722 τῶν
333 695 535 730 εὐαγγελιπιῦν
559 696 713 732 ἀναγράφει
735 697 767 723 ἐκ
780 696 939 731 Ili/stipato;

151 740 228 774 ἀγίου
245 741 398 775 γεγονέναι,
414 742 460 768 καὶ
468 742 559 768 τεκεῖν
578 741 627 777 τὴν
643 741 792 777 Παρθένον,
813 742 859 770 τὸν
875 743 940 769 Υἱδν

152 784 237 820 αὐτῆς
252 785 298 812 τὸν
313 785 496 821 πρωτότοκον,
514 786 562 812 καὶ
577 786 690 813 καλέσαι
707 786 738 814 τὺ
756 787 843 822 ὄνομα
854 788 938 815 αὑτοῦ

157 830 295 866 Ἰησοῦν)
311 832 325 858 ό
348 831 377 859 δὲ
393 832 500 865 τούτοις
514 832 552 859 ὢν
563 833 696 869 όμόχορος
710 833 758 860 καὶ
783 833 937 861 συνθιασῶ-

150 885 209 911 της.
227 877 257 903 οὺ
273 877 318 904 τὸν
341 877 462 913 ἄληπτον
475 879 555 905 τόκον
575 879 656 914 μόνον
670 879 848 913 ἀπαγγέλλει,
870 879 939 907 ἀλλά

151 922 256 949 καὶτὸν
275 923 431 959 ἀπόρρητον
456 925 503 950 καὶ
522 924 752 960 προηγησάμενον
775 925 822 952 ἐπὶ
838 925 939 960 μέρους

149 968 250 1003 τρόπον
267 969 335 1005 (9i),
353 969 415 996 καθ’
440 969 470 996 ὃν
485 971 669 1006 ὲκυοφορήθη,
686 971 733 998 καὶ
748 971 786 1002 ὼς
808 971 939 1006 τεχθέντα

148 1015 194 1041 τὸν
212 1016 276 1042 Υίὺν
300 1016 385 1052 αὐτῆς
412 1017 458 1043 τὸν
480 1017 654 1052 πρωτότοκον
681 1017 895 1053 ἐσπαργάνωσεν
920 1018 938 1052 ὴ

149 1061 286 1097 Παρθένος
300 1061 348 1089 καὶ
364 1062 392 1089 ὲν
406 1064 438 1098 τῇ
455 1063 544 1100 φάτνῃ
559 1063 698 1090 ἀνέκλινε·
716 1063 764 1090 καὶ
782 1063 820 1095 ὡς
842 1064 937 1100 Σωτὴρ

149 1106 245 1141 ἐτέχθη
270 1107 310 1142 τῷ
326 1107 422 1143 κόσμῳ
440 1109 557 1144 Χριστὸς
580 1109 683 1144 Κύριος
707 1110 736 1136 ἐν
751 1109 826 1136 πόλει
841 1110 936 1142 Δαὸὶδ,

147 1152 201 1180 τῶν
216 1153 340 1187 ἀγγέλων
354 1154 368 1180 ό
381 1154 467 1189 δῆμος
483 1155 635 1190 ἀνύμνησε.
654 1155 710 1181 Καὶ
733 1155 803 1189 πρός
820 1163 852 1188 γε
875 1154 937 1182 τού-

147 1206 214 1230 τοις”
232 1199 257 1233 (ὃ
267 1200 331 1232 τοὺς
348 1201 552 1235 φαντασιαστὰς
563 1200 611 1227 τοῦ
622 1201 784 1236 μυστηρίου,
793 1201 844 1236 τὴν
856 1201 937 1237 χάριν

147 1246 188 1277 εἰς
201 1245 285 1281 λῆρον
301 1246 477 1281 ἀπάγοντας,
496 1247 535 1274 ἔτι
561 1246 662 1282 μᾶλλον
688 1247 860 1283 ἐπιστομίζει
889 1247 937 1274 καὶ⁸

146 1291 334 1327 καταισχύνει,
360 1293 422 1328 μεθ’
445 1293 493 1325 οὓς
513 1293 561 1320 καὶ
575 1293 625 1329 τὴν
647 1293 762 1321 ἐκείνων
778 1294 934 1328 ἀποσπάδα,

145 1338 208 1366 καθ’
227 1336 260 1375 ἦς
270 1341 284 1366 ὁ
298 1338 376 1374 λόγος
393 1340 535 1376 κεκίνηται
543 1340 562 1376 ’)
576 1340 688 1372 τούτους
706 1339 754 1367 οὖν
765 1340 833 1375 ὑφὴν
847 1342 935 1376 ἀπορ-

147 1385 270 1421 ραπίζων
289 1386 336 1412 καλ⁵
348 1386 620 1422 καταστρεφόμενος,
646 1387 693 1414 καὶ
717 1387 767 1423 τὴν
793 1386 864 1413 κατὰ
890 1387 936 1414 τὸν

145 1431 228 1466 νόμον
244 1432 397 1467 περιτομὴν
411 1431 462 1467 τῆς
474 1432 575 1467 σαρκὸς
585 1432 736 1468 ὑποστῆναι
746 1433 792 1460 τὸν
803 1433 936 1468 τεχθέντα

146 1476 262 1513 Σωτῆρα
285 1477 365 1513 ἡμῶν
385 1477 549 1511 ἐκδιδάσκει,
579 1478 662 1515 ἡνίκα
689 1479 737 1506 καὶ
761 1478 812 1514 τὴν
844 1478 933 1517 Ἰησοῦ

992 235 1038 269 qui
1054 236 1145 263 nescio
1159 236 1307 270 quomodo,
1331 244 1414 271 opere
1428 238 1488 273 ipso
1505 247 1606 275 negare
1622 241 1649 268 id
1667 242 1784 275 malunt,

992 280 1019 307 in
1034 281 1207 308 sermonibus
1223 289 1436 310 commemorare
1451 291 1505 311 non
1521 285 1669 321 refugiunt.
1687 287 1786 315 Videas

992 326 1065 353 enim
1091 334 1139 354 eos
1169 327 1294 361 speciose
1325 327 1420 363 loqui,
1440 331 1550 364 quando
1571 335 1599 358 et
1627 333 1784 368 evangelica

992 370 1093 405 scripta
1119 379 1148 398 se
1170 372 1262 399 colere
1286 371 1441 406 aﬂirmant.,
1468 379 1496 402 et
1519 375 1632 403 Paulum
1653 377 1785 405 divinitus

992 421 1083 443 aetum
1106 417 1249 444 sententia:
1273 424 1331 444 suae
1347 421 1487 446 auctorem
1504 424 1532 447 et
1542 416 1687 448 doctorem
1707 430 1785 449 men—

994 462 1108 490 tiuntur.
1124 463 1192 490 Cum
1217 463 1308 497 itaque
1326 471 1436 491 carnem
1451 467 1632 501 assumpscrit
1654 468 1784 495 Dominus

992 511 1085 534 noster
1109 506 1190 534 .Icsus
1214 507 1339 535 Christus
1358 517 1364 535 :
1380 516 1498 543 namque
1520 510 1565 537 ille
1587 512 1687 539 tonitru
1712 513 1784 541 lilius

992 553 1176 580 exclamavit:
1193 553 1227 580 Et
1243 553 1337 581 Sermo
1357 562 1418 581 caro
1445 556 1532 590 factus
1554 562 1589 588 et,
1606 562 1629 583 et
1655 558 1783 585 habitarit

991 599 1019 625 in
1033 598 1106 626 nobis
1118 599 1169 626 9“.
1184 599 1216 626 Et
1228 599 1292 627 Jcsu
1301 599 1402 627 Christi
1413 601 1583 628 nativitatem
1599 603 1668 630 alius
1685 604 1782 630 iterum

991 643 1220 680 cvangelistarum
1242 653 1274 672 ex
1302 645 1406 680 Spiritu
1431 651 1527 674 sancto
1550 647 1650 675 factum
1677 650 1781 681 scribit,

991 689 1127 724 traditque
1153 689 1292 725 Virginem
1308 691 1449 725 peperisse
1465 691 1564 719 Filium
1581 701 1659 722 suum
1679 690 1782 728 primo-

990 735 1123 770 genitum,
1140 740 1169 762 et
1185 743 1298 763 vocasse
1318 744 1419 764 nomen
1436 737 1496 772 ejus
1521 737 1614 765 Jcsum
1629 738 1662 766 ”.
1681 739 1782 768 Horum

989 789 1056 809 vero
1067 781 1170 817 collega
1184 786 1212 809 ct
1223 782 1335 815 sodalis,
1347 790 1403 809 non
1415 783 1503 810 solum
1518 783 1783 819 incomprehensibi-

990 827 1043 854 lem
1068 832 1189 863 partum.
1207 828 1254 855 sed
1269 832 1296 856 et
1309 828 1500 856 absconditum
1514 837 1546 857 ac
1560 838 1592 857 ex
1607 836 1684 866 parte
1703 837 1783 860 ante-

991 881 1111 912 gressum
1136 874 1326 909 conceptionis
1343 875 1453 902 modum
1469 876 1614 911 significat.
1640 877 1783 910 Quomodo

990 927 1055 947 vero
1064 920 1161 948 Filium
1173 928 1253 948 suum
1268 921 1487 957 promogcnitum
1502 921 1582 958 Virgo
1595 923 1687 951 fasciis
1697 924 1783 952 invol-

990 966 1069 997 verit,
1085 972 1112 993 et
1133 966 1159 993 in
1184 967 1298 1002 praasepi
1323 968 1477 1002 reposuerit
1501 968 1541 1000 ⁸⁸;
1560 969 1698 1003 quomodo
1716 970 1781 998 item

990 1010 1119 1039 Servator
1132 1012 1212 1040 Jesus
1226 1013 1352 1040 Christus
1365 1013 1469 1040 mundo
1483 1018 1564 1041 natus
1580 1015 1616 1042 sit
1629 1015 1655 1042 in
1670 1016 1782 1044 civitate

988 1057 1084 1090 David,
1107 1058 1265 1093 angelorum
1302 1059 1381 1087 turba
1408 1060 1522 1087 cecinit.
1551 1059 1687 1088 Prteterea
1714 1070 1781 1089 vero

989 1103 1059 1130 idem
1074 1104 1112 1138 (id
1127 1105 1199 1138 quod
1213 1104 1337 1132 homines
1353 1106 1511 1141 mysterium
1526 1106 1578 1135 hoc
1592 1108 1683 1143 specie
1700 1112 1781 1136 tenus

989 1152 1125 1180 tenentes.
1147 1154 1175 1177 et
1194 1150 1309 1185 gratiam
1336 1151 1364 1178 in
1391 1159 1478 1187 nugas
1504 1157 1708 1185 εοηνοτιοιιιοε,
1728 1161 1781 1182 nec

988 1195 1079 1222 minus
1097 1195 1204 1222 illorum
1220 1196 1348 1228 asseclas,
1360 1201 1455 1224 contra
1470 1205 1539 1232 quos
1556 1199 1598 1226 his
1612 1199 1779 1234 disputatur,

987 1241 1078 1268 adhuc
1103 1242 1188 1277 magis
1204 1243 1356 1277 compescit
1370 1248 1398 1270 ct
1412 1244 1568 1279 confundit)
1584 1246 1694 1280 penitus
1717 1254 1780 1274 eos-

987 1287 1049 1314 dem
1078 1287 1218 1315 debellans
1251 1293 1278 1316 et
1303 1289 1455 1324 dejiciens.
1487 1291 1567 1318 docet
1607 1292 1779 1319 Scrvatorem

987 1333 1066 1361 nobis
1094 1338 1188 1360 natum
1217 1334 1300 1361 etiam
1335 1334 1572 1363 circumcisioncm
1605 1338 1695 1365 carnis
1722 1339 1780 1374 lege

987 1383 1151 1413 praeceptam
1167 1380 1317 1414 recepisSe,
1339 1388 1370 1408 ac
1387 1387 1520 1416 praeterea
1539 1383 1679 1415 eumdem,
1694 1384 1778 1411 etiam

988 1425 1082 1453 hacin
1103 1431 1179 1461 parte
1204 1426 1320 1455 Mosaiea
1346 1433 1484 1464 przccepta
1515 1429 1687 1465 implentem,
1712 1430 1778 1458 Jesu

986 1471 1197 1506 appellationem
1218 1474 1354 1508 recepisse
1376 1474 1531 1510 proﬁtetur.
1548 1476 1616 1503 Cum
1633 1477 1724 1511 itaque
1740 1477 1780 1503 in.

146 1522 332 1558 προσηγορίαν
350 1523 402 1549 κάν
420 1523 460 1558 τῷ
477 1524 592 1559 παρόντι
610 1524 689 1559 μέρει
707 1524 758 1556 τὰς
780 1525 932 1557 Μωσαῖκὰς

988 1519 1107 1546 carnatio
1131 1518 1224 1553 Verbi,
1245 1527 1293 1547 seu
1318 1520 1410 1548 carnis
1436 1522 1588 1557 assumptio
1607 1523 1780 1550 ctnativitas

145 1567 255 1599 ἐντολὰς
284 1568 438 1604 πληροῦντα
460 1570 686 1605 συμπαραδίδωσι
709 1569 848 1602 δέξασθαι,
877 1570 933 1606 Τῆς

143 1613 172 1640 δὲ
185 1613 232 1640 τοῦ
246 1613 335 1648 Λόγου
347 1615 567 1650 ὲνσωματὼσεως
579 1616 595 1652 ἢ
610 1615 777 1652 σαρκώσεως
792 1616 840 1643 καὶ
856 1617 933 1643 ἐναν-

145 1658 312 1694 θρωπήσεως
322 1659 394 1687 οὕτω
408 1662 647 1697 περιφανεστάτης
661 1661 746 1697 οὔσης
756 1661 835 1697 (ἀλλά
851 1662 933 1698 μέχρι

143 1704 248 1731 τούτων
262 1705 334 1732 κατὰ
347 1706 412 1741 ῥοῦν
423 1715 452 1733 τε
467 1708 482 1734 ὁ
499 1707 578 1742 λόγος
595 1708 660 1743 ἡμῖν
671 1709 718 1735 καὶ
729 1708 762 1735 δι’
775 1708 872 1744 ἡδονῆς
887 1710 934 1736 καὶ

143 1750 264 1786 χαρίτων
280 1751 403 1787 ὲφὲρετο,
421 1752 451 1779 τὸ
463 1752 491 1779 δὲ
508 1752 634 1780 ἐντεῦθεν
646 1752 752 1787 ἴλιγγός
765 1762 795 1780 τε
814 1754 862 1780 καὶ
874 1754 934 1786 δέος

144 1796 336 1831 προσίσταται.
359 1797 433 1832 Πλὴν
448 1798 537 1824 εἰπεῖν
550 1798 656 1833 ἀνάγκη
674 1797 720 1824 καὶ
731 1798 851 1831 ἀγωνίας
862 1798 933 1832 πλη-

145 1841 290 1877 ρούμενον,
316 1842 334 1869 ἃ
355 1842 502 1878 παρελθεῖν
522 1842 536 1868 ό
551 1843 600 1878 τῆς
627 1842 732 1876 πλάνης
747 1842 859 1877 ἔλεγχος
883 1843 934 1870 οὐκ

143 1886 200 1922 ἑᾷ),
216 1886 341 1923 πότερον,
351 1883 374 1913 ὦ
387 1887 496 1921 τολμῶν
509 1888 542 1914 σὺ
550 1888 584 1914 τὰ
600 1887 751 1923 ἀτόλμητα,
763 1888 843 1914 τοῦτο
856 1888 888 1923 δὴ
901 1888 932 1914 τὸ

144 1932 284 1968 κυριακὸν
304 1933 384 1968 σῶμα
396 1934 446 1967 τῆς
463 1932 568 1967 φαύλης
585 1933 618 1959 ἂν
638 1932 713 1968 θείης
728 1932 827 1968 ἀρχῆς,
848 1933 865 1968 ἦ
888 1932 933 1960 τὸν

142 1978 225 2012 ὄγκον
242 1978 417 2014 εὐλαϐηθήσῃ
439 1978 488 2005 τοῦ
509 1979 734 2014 δυσσεϐήματος;
755 1980 787 2006 Εἰ
814 1979 864 2014 μὲν
878 1980 932 2015 γὰρ

144 2024 192 2050 καὶ
209 2024 238 2050 σὲ
255 2025 356 2059 τρόμος
373 2024 489 2059 ἔχεικαὶ
507 2024 589 2059 φόϐος
605 2024 750 2058 κατέλαϐε,
766 2025 933 2060 ἀφαιρήσεις

143 2069 210 2096 αὐτὸ
229 2069 339 2101 πάντως
353 2070 402 2104 τῆς
416 2071 539 2106 πονηρᾶς
555 2071 601 2097 καὶ
614 2070 739 2102 πλάσεως
765 2071 812 2097 καὶ
832 2070 932 2106 ἀρχῆς,

145 2115 247 2150 μᾶλλον
259 2115 288 2142 δὲ
301 2116 351 2151 τῆς
367 2116 416 2149 σῆς
428 2116 616 2152 βλασφημίας,
634 2117 680 2144 καὶ
696 2117 795 2143 σαυτοῦ
810 2116 859 2152 τὴν
870 2117 933 2143 τόλ-

145 2169 200 2196 μαν
213 2160 316 2196 ταύτην
340 2162 632 2189 συναποσκευάσασθαι
657 2162 760 2198 πολλὴν
786 2162 934 2196 ἐπιδείξεις

986 1568 1040 1591 tam
1065 1565 1208 1592 manifesta
1234 1564 1270 1592 sit
1295 1566 1399 1601 (hucus
1414 1575 1467 1602 que
1485 1568 1559 1595 enim
1586 1575 1673 1603 prono
1696 1575 1778 1595 cursu

985 1617 1075 1638 sermo
1091 1619 1141 1638 nos
1154 1619 1216 1638 eum
1233 1612 1372 1648 voluptate
1386 1613 1504 1641 detulit:
1518 1613 1574 1647 jam
1588 1621 1654 1641 vero
1670 1613 1777 1649 vertigo

985 1664 1030 1684 me
1054 1657 1111 1684 fere
1134 1662 1162 1685 et
1187 1665 1273 1692 pavor
1294 1663 1432 1694 occupat:
1449 1659 1497 1687 sed
1512 1651 1662 1687 dicendum
1687 1664 1778 1686 tamen

985 1703 1098 1730 omnino
1117 1707 1170 1736 est,
1193 1704 1318 1738 quamvis
1335 1712 1390 1731 non
1408 1705 1467 1732 sine
1492 1706 1684 1741 trepidatione,
1704 1705 1778 1740 quod

985 1748 1136 1776 confutatio
1159 1749 1370 1784 praetermittere
1393 1758 1448 1778 non
1473 1751 1561 1785 sinit),
1588 1751 1714 1787 nunquid
1736 1756 1777 1783 tu,

985 1795 1030 1829 qni
1052 1802 1106 1821 non
1135 1795 1261 1822 audenda
1287 1796 1384 1828 audes,
1407 1795 1580 1823 Dominicum
1600 1797 1653 1824 hoc
1678 1804 1779 1831 corpus

985 1839 1018 1866 ad
1033 1839 1133 1866 malum
1150 1839 1317 1874 principium
1335 1840 1441 1868 referre
1453 1841 1551 1873 mavis,
1564 1848 1599 1868 an
1616 1840 1777 1876 gravitatem

985 1884 1077 1920 ﬂagitii
1099 1886 1182 1920 hujus
1196 1886 1366 1921 agnoscere?
1384 1886 1411 1914 Si
1435 1886 1509 1913 enim
1534 1886 1634 1913 horror
1651 1891 1677 1913 te
1692 1885 1776 1920 capit.

985 1935 1013 1958 et
1038 1932 1120 1958 timor
1144 1937 1278 1966 occupat,
1309 1931 1457 1960 subtrahes
1477 1932 1543 1959 illud
1566 1933 1680 1959 omnino
1705 1931 1778 1959 malo

984 1976 1117 2004 conditori
1132 1981 1160 2004 et
1176 1977 1322 2012 principio,
1338 1977 1393 2009 vel,
1412 1983 1443 2007 ut
1454 1978 1557 2006 rectius
1571 1979 1678 2013 loquar,
1699 1978 1776 2005 omni

985 2023 1077 2050 studio
1096 2023 1208 2054 ellicies,
1233 2027 1264 2051 ut
1285 2023 1392 2052 facinus
1418 2024 1488 2057 hoc,
1516 2024 1695 2059 blasphemiae
1724 2029 1778 2052 tum

985 2069 1094 2102 fictum,
1114 2069 1265 2097 amoliaris.
1291 2070 1371 2103 Quod
1391 2070 1415 2098 si
1435 2078 1513 2103 vero,
1539 2079 1593 2098 non
1617 2071 1709 2098 habita
1731 2079 1777 2098 ra-

984 2115 1058 2142 tione
1075 2115 1121 2143 ira:
1145 2116 1255 2149 divimc,
1272 2116 1453 2152 neglectoque
1472 2121 1556 2144 recta:
1572 2117 1688 2144 rationis
1701 2117 1776 2151 judi-

985 2162 1043 2196 cio,
1067 2162 1123 2190 imo
1140 2163 1201 2197 ipso
1224 2171 1288 2198 erga
1309 2163 1436 2191 homines
1461 2164 1577 2198 pudore,
1609 2162 1777 2190 sententiam

142 2206 194 2242 τὴν
209 2207 338 2243 σπουδήν.
363 2208 393 2233 Εἰ
407 2207 435 2234 δὲ
458 2208 505 2234 καὶ¹
522 2208 590 2244 πρὸς
611 2208 661 2244 τὴν
685 2207 761 2234 θείαν
776 2208 862 2243 ὀργὴν
884 2209 933 2235 καὶ

988 2212 1060 2235 tuam
1074 2208 1214 2235 mordicus
1231 2207 1301 2235 tueri
1321 2209 1498 2243 pertinaciter
1512 2208 1693 2239 constituisti,
1707 2215 1777 2242 quu-

143 2252 199 2278 τῶν
222 2252 362 2288 λογισμῶν
383 2253 434 2288 τὴν
452 2253 543 2288 κρίσιν
563 2253 609 2280 καὶ⁸
624 2253 798 2288 κατάγνωσιν
815 2254 861 2280 καὶ⁴
882 2253 932 2289 τὴν

143 2298 183 2329 είς
197 2297 356 2333 ἀνθρώπους
373 2297 442 2325 αἰδὼ
457 2298 508 2333 τὴν
520 2297 569 2334 σὴν
580 2298 760 2333 ἀντανασχεῖν
781 2298 933 2334 ὲπωρώθης

143 2342 267 2378 γνώμην,
286 2343 357 2375 πῶς,
367 2343 438 2376 εἰπὲ,
450 2343 481 2370 τὸ
492 2344 613 2378 Πονηρὺν
625 2344 746 2379 συνήφθη
760 2343 800 2379 τῷ
814 2344 931 2380 Ἀγαθῷ,

144 2388 193 2415 καὶ
208 2389 266 2420 πῶς
280 2389 386 2424 ὑπέστη
399 2390 412 2416 ό
427 2389 530 2423 ἀγαθὸς
545 2389 612 2421 Θεὸς
622 2389 667 2416 διὰ
681 2390 729 2416 τοῦ
745 2389 868 2424 Πονηροῦ
883 2390 932 2425 τὴν

141 2433 192 2460 τοῦ
207 2434 311 2469 κόσμου
327 2435 465 2470 σωτηρίαν
490 2435 730 2470 καταπραξασθαι.
748 2435 795 2462 καὶ
813 2435 844 2461 τὸ
863 2435 931 2462 θαυ-

145 2480 316 2516 μασιώτερόν
335 2489 365 2507 τε
387 2482 434 2508 καὶ
457 2481 686 2517 φρικωδέστερον,
707 2481 748 2516 τῷ
767 2481 856 2516 θρόνῳ
868 2489 932 2507 συν-

143 2527 263 2562 εδριάζει
277 2527 317 2563 τῷ
333 2527 480 2563 πατρικῷ;
497 2527 577 2554 τοῦτο
595 2526 651 2562 γὰρ
666 2527 682 2553 ὸ
694 2526 748 2553 τῶν
762 2525 930 2563 ἀπορρήτων

179 2597 312 2626 ⁸³⁸10³11.
329 2605 348 2630 ι,
367 2597 412 2624 14.
448 2597 472 2613 ⁸⁸
487 2596 584 2624 Matth.
603 2605 623 2628 ι,
639 2596 685 2623 25,
723 2595 745 2611 ⁸⁵
761 2595 827 2622 Luc.
847 2604 877 2627 ιι,
895 2595 921 2622 7.

981 2255 1074 2287 modo,
1099 2262 1209 2289 qnzeso,
1236 2255 1335 2282 Malum
1360 2255 1435 2282 Bono
1457 2255 1583 2290 junctum
1599 2259 1652 2286 est,
1665 2258 1693 2281 et
1705 2262 1775 2288 quo-

982 2300 1064 2327 modo
1097 2300 1187 2328 bonus
1222 2299 1294 2328 Deus
1325 2300 1441 2327 salutem
1474 2299 1569 2327 mundi
1599 2307 1649 2334 per
1675 2299 1776 2326 Malum

982 2353 1111 2380 reparare
1133 2346 1276 2379 sustinuit,
1290 2350 1328 2378 et,
1343 2346 1416 2380 quod
1442 2345 1527 2380 magis
1546 2345 1726 2372 admiratione
1744 2353 1776 2372 ac

983 2391 1100 2419 horrore
1121 2392 1233 2427 dignum
1248 2397 1299 2424 est,
1316 2392 1343 2418 in
1363 2392 1492 2419 thronum
1509 2391 1628 2426 patrium
1643 2390 1777 2418 collocat?

984 2437 1010 2464 id
1028 2437 1100 2464 enim
1122 2438 1328 2465 absonditarum
1352 2446 1448 2466 rerum
1460 2438 1551 2464 sciens
1567 2442 1596 2465 et
1609 2437 1705 2465 doctor
1720 2441 1776 2464 tra-

984 2481 1035 2509 dit.
1054 2482 1109 2509 Aut
1130 2482 1213 2517 igitur
1230 2483 1278 2509 has
1292 2490 1336 2510 res
1349 2489 1446 2509 omnes
1470 2489 1571 2517 negare
1587 2486 1613 2509 te
1626 2481 1775 2516 oportebit,

984 2528 1059 2563 quod
1071 2528 1177 2557 scilicet
1190 2528 1311 2556 Verbum
1324 2535 1437 2556 carnem
1453 2528 1644 2563 assumpserit,
1659 2527 1685 2554 in
1697 2533 1777 2555 mun-

666 2663 786 2692 VAlthE
816 2663 1008 2692 LECTIONES
1030 2663 1074 2690 ET
1092 2661 1206 2691 ΝΟΤΑΞ.

180 2711 236 2747 (90)
256 2710 473 2746 Hapewdgaeto.
493 2711 546 2739 Eos
562 2711 651 2738 innuit
664 2719 700 2747 ex
721 2710 859 2747 veteribus
870 2710 932 2747 liae-

144 2745 256 2779 reticos,
275 2745 571 2777 tum'Valcntinianos,
588 2751 644 2773 tum
663 2746 838 2777 Manichaaos,
852 2745 934 2774 alios-

143 2790 198 2815 que
213 2782 295 2817 hujus
310 2782 428 2817 generis,
451 2782 496 2816 qni
518 2781 658 2808 Christum
673 2788 767 2817 verum
782 2781 932 2817 hominem

145 2817 157 2843 f
158 2817 229 2844 uisse
237 2815 380 2852 negarunt.
397 2815 468 2850 Lege
482 2823 542 2852 eos,
553 2817 579 2843 in
590 2824 654 2843 suas
665 2816 766 2852 classes
772 2815 929 2852 distinctos,

145 2852 217 2887 apud
231 2851 402 2887 Forbesium,
425 2852 473 2881 lib.
493 2860 512 2879 ιι
528 2851 697 2879 lmtrurtiou.
722 2851 930 2879 historico—theo-

990 2711 1041 2745 log.
1058 2718 1083 2737 c.
1093 2710 1119 2741 l,
1132 2718 1160 2745 p.
1177 2710 1212 2737 77
1225 2717 1302 2745 seqq.

1021 2743 1077 2780 (9|)
1101 2743 1226 2778 Τρόπον.
1241 2743 1310 2780 Vult
1323 2743 1437 2780 Photius
1454 2744 1492 2780 id,
1509 2743 1582 2778 quod
1602 2747 1713 2771 sanctus
1721 2743 1775 2771 Lu-

985 2787 1032 2807 cas
1046 2788 1066 2812 ι,
1082 2780 1126 2812 56,
1150 2779 1330 2806 memoratdc
1352 2779 1520 2811 Elisabctha,
1544 2786 1605 2812 quae
1635 2786 1668 2805 cx
1699 2784 1776 2813 parte

985 2819 1085 2851 praeter
1096 2818 1223 2843 naturam
1243 2815 1328 2842 ﬁlium
1345 2818 1511 2850 conceperat
1522 2817 1586 2841 ante
1597 2813 1724 2842 Mariam.
