1930 3079
175 159 225 193 191

756 153 887 184 PHOTII
906 149 1160 181 PATRIARCH/E
1181 149 1234 180 ΟΡ.

1755 148 1806 182 192

175 218 241 244 dum
263 222 313 251 per
336 212 506 242 nativitatem
522 212 550 238 in
569 216 650 247 partu
670 210 789 243 Venerit,
814 210 964 237 humanum

1020 207 1123 242 μύστης
1136 207 1184 233 καὶ
1201 204 1384 241 μυσταγωγὸς
1399 204 1548 238 ἐδιδάξατο.
1564 205 1600 232 Ἦ
1616 204 1683 240 γοῦν
1702 205 1807 232 τούτων

176 270 264 299 genus
298 259 454 292 redemerit,
483 261 710 292 assumptumque
735 263 836 291 corpus
867 255 967 281 throno

178 310 265 344 patrio
289 307 454 338 vindicarit;
471 311 516 332 aut
534 304 709 338 relinquitur,
724 303 746 330 si
764 310 795 330 ea
812 309 867 329 non
881 309 966 337 nega-

177 357 225 388 ris,
240 362 342 390 negare
361 357 388 380 te
404 352 555 380 bonitatem
574 351 631 383 Dei,
647 357 739 385 quem,
756 349 815 384 ipsa
835 348 886 375 hac
900 355 968 374 con-

174 402 318 436 junctione
343 403 478 431 astructa,
505 397 615 424 malitia:
641 395 799 430 suspicione
823 401 923 422 oneres
939 397 968 420 et

178 447 276 482 injuria
296 445 415 478 adicias;
441 444 544 479 quippe
560 443 606 478 qui
621 446 650 470 et
665 441 806 474 malitiam,
831 447 893 468 cum
916 446 968 467 nec

179 498 235 520 tum
251 492 370 519 retinere
380 491 478 526 possis,
495 490 522 517 in
538 490 640 517 bonum
652 487 829 516 converterit.
842 487 875 514 Et
889 493 965 519 sane,

177 539 200 565 si
225 538 355 565 omnino'
373 541 470 564 contra
509 535 593 562 Deum
629 542 750 570 pugnare
787 532 968 561 constitutum

178 584 290 616 habeas,
318 583 404 619 magis
427 582 454 609 in
479 585 607 616 promptu
632 585 692 608 erat
716 580 793 615 prius
818 579 968 615 impietatis

177 637 279 666 caput,
304 637 384 664 quam
408 629 546 663 posterius
575 628 687 664 eligere.
707 627 768 654 Fuit
796 626 871 654 enim
896 631 967 654 tem-

179 683 240 710 pus,
258 682 313 709 quo
327 673 354 700 in
376 673 471 708 ﬂagitii
488 673 568 708 hujus
588 680 698 708 poenam
714 680 770 700 non
786 672 965 705 vocabantur,

178 721 225 755 qui
240 720 331 755 priora
348 719 392 746 illa
413 719 584 750 nesciebant,
601 726 687 753 eaque
699 723 830 754 umquam
844 718 968 746 nondum

178 766 349 798 exsistcntia,
373 772 428 792 non
446 765 653 803 reverebantur.
674 765 726 798 Qui
745 774 810 793 vero
825 766 871 793 Dei
887 765 968 793 boni-

179 816 262 839 tatem
283 811 309 839 in
333 813 435 840 malum
460 812 673 844 transtulerunt,
690 816 736 839 aut
751 812 820 845 hoc,
838 817 966 846 tanquam

179 854 248 882 Boni
274 857 413 891 particeps
436 857 550 891 factum,
579 857 686 884 illustre
713 857 903 890 reddiderunt,
919 865 968 886 eos

178 901 251 928 nulla
274 909 329 930 non
350 907 418 931 aetas
437 903 589 931 inevitabili
607 911 689 939 ptena
705 903 802 940 dignos
825 904 966 940 judicavit.

215 1026 272 1054 VII.
299 1026 368 1055 Cum
412 1036 480 1056 vero
526 1029 639 1057 audacia
685 1029 745 1057 haec
776 1034 804 1058 et
840 1030 967 1065 impietas

178 1073 296 1100 amasios
332 1081 396 1101 suos
427 1078 467 1102 tot
492 1074 577 1102 malis
606 1075 777 1109 circumdet,
802 1076 839 1103 illi
875 1080 966 1103 tamen

178 1117 248 1145 adeo
272 1119 307 1146 ab
327 1126 421 1147 errore
440 1126 490 1147 suo
511 1127 541 1147 se
561 1128 616 1148 non
639 1126 786 1154 avertunt,
810 1127 840 1149 ut
860 1121 966 1157 potius,

179 1163 259 1191 veriti
288 1165 387 1199 quasi,
415 1173 450 1192 ne
470 1165 597 1194 satietate
629 1167 746 1201 quadam
776 1166 861 1194 Deum
881 1175 968 1202 oppu-

180 1210 280 1243 gnandi
317 1211 518 1246 corripiantur,
544 1219 622 1239 novae
649 1212 756 1240 cuidam
783 1213 968 1248 profanationi

181 1254 378 1283 Bouinaturam
394 1263 544 1292 exponant.
556 1259 625 1286 Cum
639 1259 713 1286 enim
726 1265 804 1287 vetus
814 1260 874 1294 ejus
889 1264 970 1288 testa-

179 1307 312 1332 mentum.
324 1307 404 1337 atque
422 1312 480 1336 eos,
495 1305 542 1339 qui
556 1305 582 1332 in
596 1305 692 1333 eodem
707 1313 763 1341 [πω
776 1307 883 1333 caneris
899 1306 968 1334 emi-

179 1351 309 1379 nuerunt,
324 1348 358 1375 ad
374 1349 437 1376 mali
450 1349 575 1384 principii
589 1354 751 1384 potestatem
775 1351 890 1386 ejusque
907 1352 968 1378 eul-

180 1396 237 1419 tum
258 1392 458 1426 referant,eum
474 1399 566 1422 tamen
581 1396 614 1423 ad
623 1395 710 1423 David
725 1396 908 1426 etAbraham.
934 1404 968 1424 ex

178 1437 279 1471 quibus
289 1437 414 1466 Christus
427 1440 499 1474 quod
516 1441 549 1468 ad
566 1449 687 1474 carnem,
718 1441 840 1476 ejusdem
864 1442 969 1470 ordinis

181 1483 346 1518 exstiterint,
360 1485 534 1513 manifestum
543 1492 586 1514 est
610 1487 681 1522 quod
699 1487 842 1515 Dominum
859 1488 969 1515 univer-

1019 253 1146 280 ἀπάντων
1165 251 1295 288 οίκειώσῃ
1313 251 1364 286 τὴν
1383 251 1539 287 ὲξάρνησιν,
1566 251 1603 283 ὠς
1637 252 1652 278 6
1666 252 1751 286 Λόγος
1773 252 1806 278 οὑ

1018 298 1203 334 σεσάρκιιηαι,
1225 297 1256 324 οὐ
1274 297 1394 333 προῆλθε
1412 297 1452 332 τῷ
1466 297 1560 332 κόσμῳ
1583 297 1628 324 διὰ
1653 298 1808 333 γεννήσεως

1017 345 1048 371 ἐν
1061 344 1100 380 τῷ
1112 344 1196 378 τόκῳ,
1211 344 1241 370 οὺ
1258 343 1314 379 (9‘2)
1330 344 1407 378 γένος
1430 344 1574 376 διέσωσεν,
1595 344 1625 370 οὗ
1641 343 1672 370 τὸ
1687 344 1807 378 προσλη-

1018 390 1084 425 φθὲν
1113 390 1194 425 σῶμα
1206 389 1245 425 τῷ
1266 389 1392 425 πατρικῷ
1411 389 1498 425 θρόνῳ
1520 389 1770 425 συγκαθιδρῦσατω
1787 388 1805 424 ἥ

1017 436 1104 463 ταῦτα
1115 436 1239 463 λείπεται
1258 435 1295 471 μὴ
1316 435 1525 470 ὲξαρνούμενον,
1540 435 1681 470 ἀρνεῖσθαι
1701 444 1731 462 τε
1749 435 1805 470 (95)

1017 484 1068 518 τήν
1093 481 1250 517 ἀγαθότητα
1273 481 1321 508 τοῦ
1348 481 1427 513 Θεοῦ,
1449 481 1490 518 εις
1512 481 1613 508 κακίαν
1639 482 1672 516 τῇ
1699 482 1804 516 συναφῇ

1018 526 1230 564 καθυϐρίζοντα.
1259 527 1314 554 Καὶ
1329 526 1362 562 δὴ
1383 526 1525 562 κάκείνην,
1541 527 1586 554 ὅτε
1613 527 1681 562 μηδὲ
1705 526 1735 553 τὸ
1760 526 1807 553 σὺν

1017 574 1090 610 ἔχειν
1104 582 1145 601 σοι
1162 573 1372 604 καταλείπεται,
1389 573 1430 603 είς
1444 572 1600 607 ἀγαθότητα
1621 571 1806 607 μεταϐάλλου-

1018 628 1084 647 σαν·
1105 621 1152 647 καὶ
1168 617 1202 656 ἦν
1227 619 1261 646 ἀν
1287 627 1340 652 σοι,
1357 618 1504 654 θεομαχεῖν
1529 619 1638 650 πάντως
1662 617 1806 654 ᾑρημένῳ,

1017 666 1173 702 κουφοτέρα
1193 666 1294 701 μᾶλλον
1311 664 1366 692 τῶν
1390 665 1531 700 προτέρων
1560 664 1578 699 ἢ
1594 664 1650 691 τῶν
1673 663 1807 699 δευτέρων

1017 711 1232 748 δυσσεϐημάτων
1252 712 1269 747 ἡ
1284 711 1401 747 αἵρεσις.
1415 711 1471 738 Καὶ
1486 711 1541 746 γὰρ
1553 708 1588 746 ἦν
1605 718 1671 737 ποτε
1684 711 1741 742 τοῖς
1757 709 1807 744 μὲν

1017 757 1068 785 οὐκ
1086 758 1170 784 εἰδόσι
1192 757 1227 784 τά
1247 757 1371 792 πρότερα
1388 756 1449 784 οὐδὲ
1469 755 1514 783 διὰ
1533 755 1563 782 τὸ
1578 755 1662 791 μήπω
1677 756 1806 791 παρεῖναι

1016 804 1144 839 τιμῶσιν,
1155 803 1217 831 οὐδὲ
1229 804 1294 838 μιᾶς
1301 802 1475 837 ὲπαφιεμένη
1484 801 1644 833 δυσσεϐείας
1651 801 1806 836 εἴσπραεις.

1025 850 1156 884 Ἀπάγειν
1171 849 1199 876 δὲ
1213 849 1262 884 τὴν
1277 848 1326 876 τοῦ
1340 847 1410 875 Θεοῦ
1435 847 1595 883 ἀγαθότητα
1610 848 1677 883 πρὸς
1694 847 1807 881 κακίαν,

1017 897 1035 933 ἢ
1052 897 1155 932 ταύτην
1179 895 1323 930 σεμνύνειν
1341 895 1374 930 τῇ
1403 894 1535 929 μετουσίᾳ
1553 894 1602 929 τῆς
1624 893 1807 928 ἀγαοότητος,

1017 942 1105 974 οὐδεὶς
1121 942 1170 968 οὐκ
1185 941 1259 968 ἐστιν
1281 940 1349 968 αἰὼν
1361 940 1390 972 ὃς
1411 939 1450 976 μὴ
1466 939 1518 974 τὴν
1533 939 1670 974 τιμωρίαν
1685 939 1807 975 ἀπαραί-

1017 996 1098 1023 τητον
1109 987 1171 1018 τοὺς
1187 982 1333 1022 ἑλομένους
1347 986 1397 1012 οὐκ
1409 985 1617 1020 είσπράττεται.

1053 1034 1090 1060 Z'.
1118 1033 1296 1068 Τηλικούτοις
1316 1031 1346 1058 δὲ
1363 1033 1458 1063 κακοῖς
1480 1031 1531 1066 τῆς
1553 1030 1658 1066 τόλμης
1684 1030 1732 1058 καὶ
1757 1031 1808 1066 τῆς

1017 1080 1144 1111 ἀσεϐείας
1153 1079 1324 1114 πανταχόθεν
1337 1079 1401 1110 τοὺς
1411 1077 1531 1113 ἐραστὰς
1540 1077 1806 1112 περιστοιχιζούσης,

1017 1125 1043 1152 οἱ
1058 1125 1087 1151 δὲ
1101 1123 1169 1159 πρὸς
1177 1123 1216 1158 τῷ
1227 1122 1266 1159 μὴ
1276 1123 1326 1157 τῆς
1338 1122 1443 1157 πλάνης
1456 1121 1614 1156 ἀναφέρειν,
1635 1120 1704 1148 ἀλλά
1719 1128 1751 1154 γε
1761 1120 1807 1147 καὶ

1018 1170 1100 1204 κόρον
1114 1169 1211 1205 ὥσπερ
1222 1168 1270 1195 τοῦ
1278 1167 1424 1203 θεομαχεῖν
1434 1167 1528 1194 λαϐεῖν
1545 1175 1607 1194 τινα
1620 1166 1747 1199 δεδιότες,
1759 1165 1808 1193 καὶ

1018 1215 1134 1252 δευτέρᾳ
1147 1214 1298 1250 βεϐηλὼσει
1308 1214 1359 1249 τὴν
1373 1213 1420 1240 τοῦ
1437 1211 1554 1247 Ἀγαθοῦ
1571 1211 1807 1239 καθυποϐάλλουσι

1018 1262 1111 1297 φύσιν.
1120 1262 1176 1297 Τῆς
1189 1261 1244 1296 γὰρ
1258 1259 1341 1287 αὑτοῦ
1353 1259 1486 1294 διαθήκης
1498 1258 1547 1294 τὴν
1557 1257 1742 1294 ἀρχαιοτέραν
1759 1256 1807 1284 καὶ

1018 1307 1082 1339 τοὺς
1107 1307 1137 1333 ὲν
1166 1306 1237 1340 αὐτῇ
1253 1304 1413 1340 διαπρεπῶς
1429 1302 1677 1338 πολιτευσαμένους
1693 1301 1734 1333 εἰς
1757 1301 1807 1336 τὴν

1017 1353 1068 1388 τῆς
1081 1353 1202 1388 πονηρᾶς
1215 1350 1386 1386 ἀναρτῶντες
1398 1349 1522 1382 ἐξουσίαν
1536 1357 1566 1375 τε
1581 1348 1630 1375 καὶ
1643 1348 1806 1384 θεραπείαν,

1019 1398 1134 1433 ἐπείπερ
1147 1397 1195 1424 καὶ
1205 1396 1287 1423 Δαϐὶδ
1295 1395 1343 1422 καὶ
1360 1394 1494 1430 Ἀϐραὰμ,
1509 1394 1539 1427 te
1551 1391 1589 1421 ὧν
1612 1395 1627 1420 6
1641 1394 1759 1429 Χριστὸς
1776 1393 1807 1420 τὸ

1019 1444 1090 1471 κατὰ
1104 1443 1206 1479 σάρκα,
1220 1441 1270 1475 τῆς
1283 1441 1367 1476 αὐτῆς
1383 1439 1563 1476 χοροστασίας
1579 1439 1712 1475 ὑπῆρχον,
1728 1438 1807 1474 δῆλον

1018 1489 1056 1521 ὡς
1082 1489 1162 1524 διπλῇ
1192 1486 1342 1523 βεϐηλώσει
1370 1486 1417 1513 τὸν
1442 1486 1498 1513 τῶν
1522 1485 1591 1513 ὅλων
1614 1484 1808 1517 καταστίζουσι

181 1528 268 1556 sitatis
276 1537 367 1558 rerum
379 1531 481 1566 duplici
492 1532 590 1567 injuria
600 1533 733 1565 amciunt,
746 1534 831 1562 semel
846 1534 966 1569 quidem,

1020 1535 1179 1570 Δεσπότην·
1202 1534 1253 1570 μιᾷ
1273 1533 1322 1569 μὲν
1349 1532 1391 1559 ὅτι
1413 1532 1535 1567 πονηρᾶς
1559 1531 1765 1566 ἀποφαίνουσιν,
1794 1530 1809 1557 δ

180 1575 252 1609 quod
270 1582 381 1610 corpus,
401 1577 474 1612 quod
489 1579 648 1614 assumpsit,
673 1587 688 1606 a
700 1579 769 1606 Malo
782 1587 843 1607 esse
853 1585 969 1608 conten-

179 1620 268 1650 dunt:
288 1621 387 1649 deinde
401 1630 476 1656 vero,
503 1624 574 1658 quod
599 1624 665 1652 illud
685 1633 739 1652 non
756 1625 791 1653 ab
802 1626 856 1654 alio
870 1627 970 1662 populo

181 1666 330 1701 deducunt,
347 1676 428 1703 quam
437 1676 481 1702 eo,
497 1670 544 1704 qui
561 1671 712 1698 secundum
727 1671 824 1708 legem,
852 1673 886 1699 ab
904 1672 971 1708 ipsis

181 1717 383 1755 contemptam,
393 1714 470 1742 vixit.
479 1715 559 1749 Quod
568 1716 591 1744 si
605 1717 678 1744 enim
698 1717 801 1745 Bonum
813 1718 874 1745 Mali
899 1718 971 1746 inest

181 1767 262 1794 opus,
273 1761 420 1795 quomodo,
436 1769 541 1796 quaeso,
557 1763 592 1796 ab
606 1762 667 1790 aliis
686 1763 752 1791 illud
770 1764 866 1792 evitari
890 1769 971 1800 pote-

182 1805 237 1832 rit?
254 1806 398 1841 Nunquam
409 1815 475 1835 vero
486 1808 519 1835 ad
537 1808 709 1836 insolentiam
719 1809 837 1838 hominis
851 1810 971 1838 accessio

182 1851 241 1879 ﬁeri
251 1856 348 1886 potest,
365 1853 412 1888 qui
428 1853 531 1889 duplici
542 1855 658 1883 crimine
680 1863 711 1883 se
728 1856 899 1893 obstringat?
925 1856 972 1885 Et-

182 1897 255 1925 enim
279 1899 418 1936 propriam
435 1904 589 1928 creaturam
604 1901 637 1929 ad
667 1907 809 1937 peccatum
836 1910 970 1936 aversam,

182 1951 231 1978 per
246 1943 538 1981 ejusassumptionem
556 1954 677 1981 servare,
706 1948 832 1976 maximae
855 1956 928 1976 curae
944 1953 972 1976 et

184 1989 315 2018 bonitatis
335 1997 526 2027 argumentum
549 1998 591 2021 est
606 2002 613 2020 :
628 1994 748 2023 vicissim
764 1994 786 2022 si
802 1995 882 2022 alieni
907 1994 973 2030 quid

184 2035 337 2063 clanculum
351 2037 474 2072 obrepat,
484 2038 558 2073 quod
569 2043 666 2066 natura
679 2040 756 2067 alteri
768 2040 803 2067 sit
814 2040 970 2074 adversum,

184 2086 212 2109 et
225 2082 418 2111 contrarietate
429 2092 478 2111 sua
493 2092 554 2112 cum
575 2094 609 2113 eo
621 2091 732 2121 pugnet,
749 2094 840 2113 nonne
853 2086 926 2113 illam
943 2090 973 2114 et

183 2134 257 2154 curae
271 2132 299 2155 et
313 2128 443 2157 bonitatis
454 2131 632 2159 eminentiam
648 2132 674 2159 in
697 2137 803 2167 partem
819 2133 972 2167 oppositam

183 2178 344 2202 convertere
354 2175 532 2209 judicandum
544 2181 586 2204 est
596 2177 607 2203 τ
621 2178 714 2212 Itaque
727 2185 781 2204 non
794 2182 836 2205 est
845 2178 900 2205 ulla
910 2178 971 2214 opi-

184 2219 231 2247 nio
246 2220 287 2247 vel
303 2219 397 2248 insana
406 2222 501 2257 magis,
522 2223 565 2250 vel
583 2223 700 2257 impura,
715 2223 757 2250 vel
775 2223 867 2258 impia,
889 2232 971 2259 quam

183 2271 291 2297 eorum,
306 2265 353 2299 qui
367 2266 409 2293 vel
423 2273 522 2301 corpus
536 2267 578 2294 vel
593 2267 680 2302 legem
699 2267 844 2296 Mosaieam
864 2277 880 2296 a
901 2269 973 2298 Malo

184 2315 322 2345 repetunt.
334 2310 436 2339 Praeter
451 2312 519 2344 haec,
541 2313 564 2340 si
578 2321 694 2348 corpora
710 2322 725 2341 a
749 2313 877 2343 Creatore
901 2315 974 2343 malo

184 2361 260 2389 sunt,
277 2365 332 2384 non
349 2366 415 2385 vero
429 2366 444 2385 a
459 2358 540 2386 Patre
564 2363 592 2387 et
613 2359 683 2387 Filio
694 2365 722 2387 et
737 2360 843 2395 Spiritu
867 2366 973 2395 sancto,

185 2410 239 2429 una
254 2403 396 2431 divinitate
412 2409 440 2431 et
454 2404 587 2439 potentia,
608 2405 745 2440 quomodo
768 2405 803 2432 ab
824 2406 921 2434 alienis
946 2410 975 2433 et

185 2449 267 2477 malis
278 2449 450 2484 cerporibus,
471 2458 533 2486 quas
546 2458 612 2478 sane
627 2450 688 2478 Mali
708 2455 772 2478 sunt
784 2459 877 2486 opera,
901 2459 975 2479 mor-

186 2495 237 2522 bos
253 2496 378 2531 propellit
387 2497 458 2524 Deus
469 2497 599 2532 optimus,
619 2501 646 2525 et
662 2498 814 2525 mirabilem
841 2498 874 2526 iis
895 2498 976 2526 ali'ert

187 2541 372 2569 medicinam?
385 2543 444 2570 Hoc
457 2543 531 2570 enim
550 2544 619 2572 nihil
631 2544 702 2572 [oret
713 2544 797 2577 aliud,
825 2553 906 2580 quam
928 2553 975 2573 or-

187 2596 253 2616 nare
260 2597 338 2624 opus,
361 2590 396 2616 ad
409 2590 488 2625 cujus
496 2595 659 2626 potestatem
675 2591 868 2619 destruendam
890 2600 976 2620 vene-

187 2639 239 2666 ι·.ιι,
258 2640 340 2670 atque
369 2636 437 2663 adeo
462 2643 561 2672 augere
577 2637 648 2665 vires
662 2637 732 2672 ejus,
764 2638 811 2673 qui
838 2639 872 2666 ab
894 2639 973 2667 initio

185 2681 370 2710 defectionem
384 2687 588 2717 procuraverat.
615 2683 671 2712 lmo
685 2683 708 2712 si
726 2683 817 2720 fruges
828 2689 907 2712 terra:
917 2693 971 2712 non

1021 1581 1187 1617 προσείληφε
1202 1579 1292 1615 σῶμα,
1309 1578 1506 1614 δημιουργίας·
1531 1577 1647 1613 δευτέρᾳ
1660 1577 1698 1610 δὲ,
1715 1577 1756 1604 ὅτι
1770 1575 1809 1612 μὴ

1021 1627 1052 1659 ἐξ
1068 1626 1149 1654 ἄλλου
1166 1626 1273 1661 γένους,
1286 1624 1345 1652 ἀλλ’
1360 1621 1402 1656 οἷς
1418 1625 1432 1651 6
1443 1624 1500 1660 βίος
1515 1624 1532 1659 ὴ
1550 1623 1616 1659 παρ’
1637 1623 1729 1650 αὐτῶν
1739 1631 1808 1658 προ-

1022 1672 1232 1708 πηλακιζομένη
1262 1671 1334 1698 κατά
1361 1670 1444 1705 νόμου
1476 1669 1600 1704 λατρεία.
1631 1670 1763 1705 Καίτοιγε
1784 1671 1808 1697 εἰ

1021 1719 1120 1750 κακίας
1132 1719 1211 1754 ἔργον
1223 1718 1388 1755 τῷἈγαθῷ,
1400 1719 1460 1752 πῶς
1469 1719 1502 1747 ἀν
1512 1720 1556 1755 εῐη
1568 1719 1648 1747 τοῦτο
1659 1720 1809 1755 ἀπαραίτη-

1021 1774 1068 1791 τον
1082 1764 1247 1800 προσλαϐεῖν
1261 1773 1268 1799 ;
1282 1765 1324 1796 τίς
1336 1766 1451 1798 ἀτοπίας
1461 1765 1654 1793 καταλείπεται
1670 1765 1808 1802 ὑπερϐολὴ

1020 1810 1061 1846 τῷ
1079 1811 1127 1837 καὶ
1139 1810 1247 1842 διπλαῖς
1261 1810 1413 1846 ἐνεχομένῳ
1440 1811 1559 1844 atridis;
1576 1810 1613 1837 Τὸ
1641 1810 1692 1846 μὲν
1705 1810 1759 1846 γὰρ
1773 1809 1805 1836 τὸ

1022 1857 1122 1882 οίκεῖον
1143 1855 1265 1891 πλάσμα,
1275 1856 1342 1890 πρὸς
1363 1856 1503 1891 ἁμαρτίαν
1520 1856 1673 1892 ἀπορρυὲν,
1693 1855 1738 1883 διὰ.
1758 1856 1809 1891 τῆς

1022 1900 1202 1936 προσλήψεως
1229 1900 1433 1935 ἀνασώσασθαι,
1448 1901 1497 1935 τῆς
1521 1901 1609 1936 ἄκρας
1621 1898 1657 1936 ἦν
1681 1900 1809 1936 προνοίας

1022 1945 1069 1973 καὶ
1082 1946 1262 1980 ἀγαθότητος.
1284 1946 1321 1972 Τὸ
1345 1945 1374 1972 δὲ
1389 1946 1420 1972 τδ
1445 1944 1585 1980 ἀλλότριον
1605 1945 1731 1972 ὑπελθεῖν
1761 1945 1810 1972 καὶ

1021 1992 1109 2019 ταῦτα
1126 1991 1206 2027 φύσει
1222 1992 1269 2018 καὶ
1282 1991 1386 2026 διχόθεν
1400 1991 1632 2026 ἀντανιστάμενον
1647 1991 1716 2027 πρὸς
1730 1991 1809 2018 ἀλλο-

1022 2039 1160 2075 τριότητα,
1180 2038 1238 2070 πῶς
1252 2037 1312 2073 οὐχὶ
1324 2037 1427 2073 καὶτῆς
1440 2037 1568 2073 προνοίας
1582 2037 1629 2063 καὶ
1643 2037 1692 2072 τῆς
1707 2036 1809 2071 ἀγαθό-

1022 2093 1104 2119 τητος
1131 2084 1181 2111 οὐκ
1207 2084 1247 2115 εἰς
1266 2082 1297 2109 τὸ
1315 2082 1435 2110 ἐναντίον
1457 2082 1618 2117 περιτρέπει
1632 2082 1663 2108 τὸ
1679 2082 1808 2118 (tantum;

1023 2129 1116 2161 Οὕτως
1128 2130 1178 2156 οὐκ
1191 2128 1263 2155 ἐστιν
1280 2128 1359 2160 ὅλως,
1377 2128 1426 2154 οὐκ
1441 2127 1514 2155 ἐστιν
1530 2127 1593 2155 οὔτε
1616 2127 1670 2155 τῶν
1680 2128 1710 2154 τδ
1730 2128 1810 2163 σῶμα

1023 2175 1166 2210 λεγόντων,
1178 2174 1240 2201 οὔτε
1256 2174 1306 2210 τὴν
1322 2174 1472 2210 Μωσαῖκὴν
1489 2173 1650 2209 νομοθεσίαν
1660 2174 1707 2200 τοῦ
1721 2175 1810 2209 Πονη-

1025 2222 1083 2258 ροῦ,
1095 2221 1151 2248 οὔτ’
1168 2221 1371 2256 ἐμμανέστερον
1385 2220 1472 2253 οὐδὲν,
1482 2220 1539 2247 ἀλλ’
1550 2219 1614 2247 οὒτε
1628 2219 1809 2255 μιαρώτερον,

1020 2265 1075 2294 οὔτ’
1089 2265 1252 2301 ἀθεώτερον.
1271 2265 1377 2296 ’Δλλως
1391 2273 1421 2291 τε
1434 2264 1473 2297 δὲ,
1493 2265 1518 2291 εί
1543 2264 1578 2291 τὰ
1605 2264 1719 2300 σώματα
1742 2264 1811 2291 πλά-

1015 2312 1091 2345 ,σεώς
1107 2313 1181 2340 ἐστιν
1196 2312 1332 2344 ἐναντίας,
1347 2311 1406 2338 ἀλλ’
1420 2311 1482 2346 οὐχὶ
1495 2311 1603 2346 Πατρδς
1617 2312 1665 2337 καὶ
1676 2310 1743 2337 Υίοῦ
1761 2311 1810 2338 καὶ

1022 2358 1101 2393 ἁγίου
1113 2357 1281 2393 Πνεύματος,
1298 2357 1347 2391 τῆς
1365 2356 1431 2391 μιᾶς
1456 2355 1582 2390 θεότητος
1608 2355 1656 2382 καὶ
1674 2355 1809 2388 ἐξουσίας,

1023 2403 1082 2435 πῶς
1098 2402 1153 2430 τῶν
1165 2401 1313 2438 ἀλλοτρίων
1326 2402 1380 2428 ,καὶ
1394 2400 1505 2436 φαύλων
1519 2401 1665 2436 σωμάτων,
1681 2400 1723 2427 ὅτι
1737 2400 1811 2427 Φαύ-

1024 2449 1070 2476 λου
1091 2448 1241 2484 ποιήματα,
1263 2447 1312 2478 τάς
1335 2446 1429 2478 νόσους
1447 2445 1567 2473 ἐλαύνων
1583 2446 1598 2472 6
1621 2445 1724 2480 ἀγαθὸς
1744 2446 1811 2478 Θεὸς

1023 2495 1072 2527 τὰς
1080 2493 1248 2530 παραδόξους
1257 2493 1401 2527 ἀντεισῆγε
1411 2492 1558 2527 θεραπείας
1567 2500 1574 2525 ;
1583 2491 1665 2518 Οὐδὲν
1673 2493 1727 2527 γὰρ
1733 2492 1812 2519 τοῦτο

1023 2541 1109 2577 ἀλλ’ἢ
1124 2541 1284 2576 συγκροτεῖν
1300 2539 1331 2566 τὸ
1341 2539 1431 2574 ἔργον,
1449 2539 1479 2565 οὐ
1493 2537 1617 2565 καθελεῖν
1637 2538 1808 2574 παρεγένετο

1023 2587 1073 2623 τὴν
1079 2585 1235 2622 τυραννίδα,
1248 2585 1295 2612 καὶ
1306 2583 1398 2617 αὔξειν
1406 2583 1437 2611 τὺ
1450 2584 1551 2620 κράτος
1561 2583 1608 2611 τοῦ
1620 2583 1669 2617 τὴν
1682 2583 1711 2616 ἐξ
1723 2584 1812 2618 ἀρχῆς

1026 2632 1193 2660 ἀποστασίαν
1212 2630 1430 2667 ἐπανῃρημένου.
1460 2630 1497 2656 Οὐ
1521 2629 1574 2665 μὴν
1598 2629 1666 2657 ἀλλά
1679 2629 1726 2657 καὶ
1741 2629 1813 2656 εἰτὰ

1027 2681 1207 2717 βλαστήματα
1230 2679 1280 2715 τῆς
1309 2678 1373 2714 γῆς,
1389 2678 1419 2705 οὐ
1441 2678 1492 2713 τῆς
1515 2677 1683 2713 ἁγαθότητος
1713 2676 1811 2713 ἀρχῆς,

717 2761 834 2790 VARI!!!
854 2763 1044 2792 LECTIONES
1070 2764 1113 2791 ET
1132 2761 1250 2791 NOTIE.

224 2839 280 2875 (92)
301 2840 354 2866 οὺ.
366 2839 540 2875 ,Ρατιίουίοιη
559 2840 641 2874 hanc,
665 2840 693 2868 in
711 2849 763 2870 ms.
780 2840 973 2875 desideratam,
991 2850 1087 2871 sensus
1104 2841 1204 2870 addere
1218 2848 1262 2868 me
1276 2839 1374 2875 coegit.

223 2874 280 2909 (95)
301 2876 344 2903 Ta.
363 2874 454 2903 Malim
468 2875 556 2911 legere
573 2876 610 2905 σέ.
