  <div class='ocr_page' id='page_1' title='image "/cluster/home/n/w/nwhite01/storage/ocr_20150623/102/njp.32101010943874/108.png"; bbox 0 0 1930 3079; ppageno 0'>
   <div class='ocr_carea' id='block_1_1' title="bbox 121 149 172 182">
    <p class='ocr_par' dir='ltr' id='par_1_1' title="bbox 121 149 172 182">
     <span class='ocr_line' id='line_1_1' title="bbox 121 149 172 182; baseline 0.02 -1"><span class='ocrx_word' id='word_1_1' title='bbox 121 149 172 182; x_wconf 82' lang='lat'><strong>193</strong></span> 
     </span>
    </p>
   </div>
   <div class='ocr_carea' id='block_1_2' title="bbox 648 147 1250 180">
    <p class='ocr_par' dir='ltr' id='par_1_2' title="bbox 648 147 1250 180">
     <span class='ocr_line' id='line_1_2' title="bbox 648 147 1250 180; baseline -0.003 0"><span class='ocrx_word' id='word_1_2' title='bbox 648 148 796 180; x_wconf 79' lang='lat' dir='ltr'><strong>CONTRA</strong></span> <span class='ocrx_word' id='word_1_3' title='bbox 816 147 1046 177; x_wconf 73' lang='lat' dir='ltr'><strong>MANICH/EOS</strong></span> <span class='ocrx_word' id='word_1_4' title='bbox 1065 147 1181 177; x_wconf 84' lang='lat' dir='ltr'><strong>LIBER</strong></span> <span class='ocrx_word' id='word_1_5' title='bbox 1200 147 1250 178; x_wconf 88' lang='lat' dir='ltr'><strong>IV.</strong></span> 
     </span>
    </p>
   </div>
   <div class='ocr_carea' id='block_1_3' title="bbox 1705 148 1756 181">
    <p class='ocr_par' dir='ltr' id='par_1_3' title="bbox 1705 148 1756 181">
     <span class='ocr_line' id='line_1_3' title="bbox 1705 148 1756 181; baseline -0.02 0"><span class='ocrx_word' id='word_1_6' title='bbox 1705 148 1756 181; x_wconf 62' lang='grc'><strong>194</strong></span> 
     </span>
    </p>
   </div>
   <div class='ocr_carea' id='block_1_4' title="bbox 120 202 920 241">
    <p class='ocr_par' dir='ltr' id='par_1_4' title="bbox 120 203 910 241">
     <span class='ocr_line' id='line_1_4' title="bbox 120 203 910 241; baseline -0.003 -10"><span class='ocrx_word' id='word_1_7' title='bbox 120 209 180 236; x_wconf 83' lang='grc' dir='ltr'>πῶς</span> <span class='ocrx_word' id='word_1_8' title='bbox 192 205 255 237; x_wconf 79' lang='grc' dir='ltr'>τοὺς</span> <span class='ocrx_word' id='word_1_9' title='bbox 267 204 377 241; x_wconf 74' lang='grc' dir='ltr'>ἄρτους,</span> <span class='ocrx_word' id='word_1_10' title='bbox 402 205 420 232; x_wconf 80' lang='grc' dir='ltr'>ἃ</span> <span class='ocrx_word' id='word_1_11' title='bbox 436 204 468 232; x_wconf 83' lang='grc' dir='ltr'><strong>ἐκ</strong></span> <span class='ocrx_word' id='word_1_12' title='bbox 483 205 538 232; x_wconf 86' lang='grc' dir='ltr'>τῶν</span> <span class='ocrx_word' id='word_1_13' title='bbox 563 204 713 240; x_wconf 78' lang='grc' dir='ltr'><strong>ἀλλοτρίων</strong></span> <span class='ocrx_word' id='word_1_14' title='bbox 743 203 910 239; x_wconf 77' lang='grc' dir='ltr'><strong>σπερμάτων</strong></span> 
     </span>
    </p>
   </div>
   <div class='ocr_carea' id='block_1_5' title="bbox 965 202 1755 241">
    <p class='ocr_par' dir='ltr' id='par_1_5' title="bbox 965 202 1755 238">
     <span class='ocr_line' id='line_1_5' title="bbox 965 202 1755 238; baseline 0.003 -9"><span class='ocrx_word' id='word_1_15' title='bbox 965 210 976 230; x_wconf 73' lang='lat' dir='ltr'><strong>a</strong></span> <span class='ocrx_word' id='word_1_16' title='bbox 992 203 1065 229; x_wconf 88' lang='lat' dir='ltr'><strong>bono</strong></span> <span class='ocrx_word' id='word_1_17' title='bbox 1080 208 1145 230; x_wconf 88' lang='lat' dir='ltr'><strong>sunt</strong></span> <span class='ocrx_word' id='word_1_18' title='bbox 1159 202 1305 238; x_wconf 86' lang='lat' dir='ltr'><strong>principio,</strong></span> <span class='ocrx_word' id='word_1_19' title='bbox 1323 203 1462 238; x_wconf 83' lang='lat' dir='ltr'><strong>quomodo</strong></span> <span class='ocrx_word' id='word_1_20' title='bbox 1480 210 1576 238; x_wconf 89' lang='lat' dir='ltr'><strong>panes,</strong></span> <span class='ocrx_word' id='word_1_21' title='bbox 1602 210 1636 230; x_wconf 77' lang='lat' dir='ltr'><strong>ex</strong></span> <span class='ocrx_word' id='word_1_22' title='bbox 1658 204 1755 231; x_wconf 84' lang='lat' dir='ltr'><strong>alienis</strong></span> 
     </span>
    </p>
   </div>
   <div class='ocr_carea' id='block_1_6' title="bbox 120 248 909 291">
    <p class='ocr_par' dir='ltr' id='par_1_6' title="bbox 120 248 909 291">
     <span class='ocr_line' id='line_1_6' title="bbox 120 248 909 291; baseline -0.001 -15"><span class='ocrx_word' id='word_1_23' title='bbox 120 250 261 286; x_wconf 72' lang='grc' dir='ltr'>ἐζυμώθη,</span> <span class='ocrx_word' id='word_1_24' title='bbox 277 252 356 282; x_wconf 86' lang='grc' dir='ltr'>αὑτός</span> <span class='ocrx_word' id='word_1_25' title='bbox 371 259 401 277; x_wconf 87' lang='grc' dir='ltr'><strong>τε</strong></span> <span class='ocrx_word' id='word_1_26' title='bbox 414 248 450 291; x_wconf 52' lang='lat' dir='ltr'><strong>id)</strong></span> <span class='ocrx_word' id='word_1_27' title='bbox 461 250 572 286; x_wconf 82' lang='grc' dir='ltr'><strong>βαθείας</strong></span> <span class='ocrx_word' id='word_1_28' title='bbox 585 249 670 286; x_wconf 84' lang='grc' dir='ltr'>μέθης</span> <span class='ocrx_word' id='word_1_29' title='bbox 680 251 700 285; x_wconf 93' lang='lat' dir='ltr'><strong>l)</strong></span> <span class='ocrx_word' id='word_1_30' title='bbox 713 249 909 284; x_wconf 81' lang='grc' dir='ltr'><strong>προσεφέρετο,</strong></span> 
     </span>
    </p>
   </div>
   <div class='ocr_carea' id='block_1_7' title="bbox 119 295 911 331">
    <p class='ocr_par' dir='ltr' id='par_1_7' title="bbox 119 295 911 331">
     <span class='ocr_line' id='line_1_7' title="bbox 119 295 911 331; baseline -0.004 -8"><span class='ocrx_word' id='word_1_31' title='bbox 119 296 269 331; x_wconf 85' lang='grc' dir='ltr'>δυνάμενος</span> <span class='ocrx_word' id='word_1_32' title='bbox 285 297 403 331; x_wconf 81' lang='grc' dir='ltr'>μάλιστα</span> <span class='ocrx_word' id='word_1_33' title='bbox 415 298 446 323; x_wconf 79' lang='grc' dir='ltr'><strong>ἐκ</strong></span> <span class='ocrx_word' id='word_1_34' title='bbox 461 296 498 331; x_wconf 84' lang='grc' dir='ltr'>μὴ</span> <span class='ocrx_word' id='word_1_35' title='bbox 506 296 590 323; x_wconf 74' lang='grc' dir='ltr'>ὄντων</span> <span class='ocrx_word' id='word_1_36' title='bbox 603 295 693 330; x_wconf 76' lang='grc' dir='ltr'>ἑαυτῴ</span> <span class='ocrx_word' id='word_1_37' title='bbox 707 295 810 331; x_wconf 83' lang='grc' dir='ltr'>τροφὴν</span> <span class='ocrx_word' id='word_1_38' title='bbox 822 302 911 329; x_wconf 82' lang='grc' dir='ltr'>παρα-</span> 
     </span>
    </p>
   </div>
   <div class='ocr_carea' id='block_1_8' title="bbox 121 339 911 375">
    <p class='ocr_par' dir='ltr' id='par_1_8' title="bbox 121 339 911 375">
     <span class='ocr_line' id='line_1_8' title="bbox 121 339 911 375; baseline -0.005 -7"><span class='ocrx_word' id='word_1_39' title='bbox 121 342 268 375; x_wconf 73' lang='grc' dir='ltr'>σκευάσαις</span> <span class='ocrx_word' id='word_1_40' title='bbox 287 341 316 368; x_wconf 83' lang='grc'><strong>’0</strong></span> <span class='ocrx_word' id='word_1_41' title='bbox 330 341 359 368; x_wconf 79' lang='grc' dir='ltr'><strong>δὲ</strong></span> <span class='ocrx_word' id='word_1_42' title='bbox 376 342 423 368; x_wconf 67' lang='grc' dir='ltr'><strong>κα)⁵</strong></span> <span class='ocrx_word' id='word_1_43' title='bbox 445 341 558 373; x_wconf 82' lang='grc' dir='ltr'><strong>τούτους</strong></span> <span class='ocrx_word' id='word_1_44' title='bbox 584 340 729 375; x_wconf 83' lang='grc' dir='ltr'><strong>πληθύνων</strong></span> <span class='ocrx_word' id='word_1_45' title='bbox 755 339 853 375; x_wconf 72' lang='grc' dir='ltr'>ἔτρεφε</span> <span class='ocrx_word' id='word_1_46' title='bbox 869 347 911 374; x_wconf 90' lang='grc' dir='ltr'>χι-</span> 
     </span>
    </p>
   </div>
   <div class='ocr_carea' id='block_1_9' title="bbox 121 384 910 422">
    <p class='ocr_par' dir='ltr' id='par_1_9' title="bbox 121 384 910 422">
     <span class='ocr_line' id='line_1_9' title="bbox 121 384 910 422; baseline -0.004 -9"><span class='ocrx_word' id='word_1_47' title='bbox 121 386 224 419; x_wconf 79' lang='grc' dir='ltr'>λιάδας,</span> <span class='ocrx_word' id='word_1_48' title='bbox 238 386 305 421; x_wconf 79' lang='grc' dir='ltr'>ὕλην</span> <span class='ocrx_word' id='word_1_49' title='bbox 330 387 380 422; x_wconf 85' lang='grc' dir='ltr'>τῆς</span> <span class='ocrx_word' id='word_1_50' title='bbox 394 385 618 421; x_wconf 85' lang='grc' dir='ltr'>Θαυματουργίας</span> <span class='ocrx_word' id='word_1_51' title='bbox 639 385 690 421; x_wconf 86' lang='grc' dir='ltr'>τὴν</span> <span class='ocrx_word' id='word_1_52' title='bbox 711 385 759 412; x_wconf 81' lang='grc' dir='ltr'>τοῦ</span> <span class='ocrx_word' id='word_1_53' title='bbox 785 384 910 420; x_wconf 83' lang='grc' dir='ltr'>Πονηροῦ</span> 
     </span>
    </p>
   </div>
   <div class='ocr_carea' id='block_1_10' title="bbox 122 431 912 468">
    <p class='ocr_par' dir='ltr' id='par_1_10' title="bbox 122 431 912 468">
     <span class='ocr_line' id='line_1_10' title="bbox 122 431 912 468; baseline -0.003 -9"><span class='ocrx_word' id='word_1_54' title='bbox 122 432 344 468; x_wconf 79' lang='grc' dir='ltr'>παραλαμϐάνων</span> <span class='ocrx_word' id='word_1_55' title='bbox 354 433 452 465; x_wconf 77' lang='grc' dir='ltr'><strong>κτίσιν,</strong></span> <span class='ocrx_word' id='word_1_56' title='bbox 468 432 516 459; x_wconf 86' lang='grc' dir='ltr'>καὶ</span> <span class='ocrx_word' id='word_1_57' title='bbox 530 432 658 458; x_wconf 80' lang='grc' dir='ltr'>κοινωνὸν</span> <span class='ocrx_word' id='word_1_58' title='bbox 673 431 757 459; x_wconf 83' lang='grc' dir='ltr'>ποιῶν</span> <span class='ocrx_word' id='word_1_59' title='bbox 768 432 816 466; x_wconf 83' lang='grc' dir='ltr'>τῆς</span> <span class='ocrx_word' id='word_1_60' title='bbox 829 431 912 465; x_wconf 78' lang='grc' dir='ltr'>ὑπερ-</span> 
     </span>
    </p>
   </div>
   <div class='ocr_carea' id='block_1_11' title="bbox 122 476 912 514">
    <p class='ocr_par' dir='ltr' id='par_1_11' title="bbox 122 476 912 514">
     <span class='ocr_line' id='line_1_11' title="bbox 122 476 912 514; baseline -0.004 -9"><span class='ocrx_word' id='word_1_61' title='bbox 122 477 206 514; x_wconf 82' lang='grc' dir='ltr'>φυοῦς</span> <span class='ocrx_word' id='word_1_62' title='bbox 217 478 376 513; x_wconf 83' lang='grc' dir='ltr'><strong>εὐεργεσίας</strong></span> <span class='ocrx_word' id='word_1_63' title='bbox 389 478 434 504; x_wconf 77' lang='grc' dir='ltr'>τὸν</span> <span class='ocrx_word' id='word_1_64' title='bbox 452 478 664 513; x_wconf 78' lang='grc' dir='ltr'>Ἀντικείμενον,</span> <span class='ocrx_word' id='word_1_65' title='bbox 680 477 775 513; x_wconf 82' lang='grc' dir='ltr'>ὥσπερ</span> <span class='ocrx_word' id='word_1_66' title='bbox 791 477 840 503; x_wconf 84' lang='grc' dir='ltr'>οὐκ</span> <span class='ocrx_word' id='word_1_67' title='bbox 851 476 912 509; x_wconf 82' lang='grc' dir='ltr'>ἐξὸν</span> 
     </span>
    </p>
   </div>
   <div class='ocr_carea' id='block_1_12' title="bbox 122 523 910 560">
    <p class='ocr_par' dir='ltr' id='par_1_12' title="bbox 122 523 910 560">
     <span class='ocr_line' id='line_1_12' title="bbox 122 523 910 560; baseline -0.003 -9"><span class='ocrx_word' id='word_1_68' title='bbox 122 525 196 560; x_wconf 82' lang='grc' dir='ltr'><strong>αὐτῷ</strong></span> <span class='ocrx_word' id='word_1_69' title='bbox 207 524 237 557; x_wconf 77' lang='grc' dir='ltr'>ἐξ</span> <span class='ocrx_word' id='word_1_70' title='bbox 249 525 292 551; x_wconf 81' lang='grc' dir='ltr'><strong>ὲτέ</strong></span> <span class='ocrx_word' id='word_1_71' title='bbox 298 533 347 560; x_wconf 89' lang='grc' dir='ltr'><strong>ρας</strong></span> <span class='ocrx_word' id='word_1_72' title='bbox 358 525 560 560; x_wconf 70' lang='grc' dir='ltr'><strong>ἐνεργουμένης</strong></span> <span class='ocrx_word' id='word_1_73' title='bbox 571 525 681 560; x_wconf 84' lang='grc' dir='ltr'><strong>τρέφειν</strong></span> <span class='ocrx_word' id='word_1_74' title='bbox 690 524 756 560; x_wconf 77' lang='grc' dir='ltr'>ὕλης</span> <span class='ocrx_word' id='word_1_75' title='bbox 765 523 861 550; x_wconf 84' lang='grc' dir='ltr'>ἑαυτόν</span> <span class='ocrx_word' id='word_1_76' title='bbox 869 531 910 555; x_wconf 88' lang='grc' dir='ltr'><strong>τε,</strong></span> 
     </span>
    </p>
   </div>
   <div class='ocr_carea' id='block_1_13' title="bbox 121 569 911 606">
    <p class='ocr_par' dir='ltr' id='par_1_13' title="bbox 121 569 911 606">
     <span class='ocr_line' id='line_1_13' title="bbox 121 569 911 606; baseline -0.004 -8"><span class='ocrx_word' id='word_1_77' title='bbox 121 571 169 598; x_wconf 79' lang='grc' dir='ltr'>καὶ</span> <span class='ocrx_word' id='word_1_78' title='bbox 183 571 256 603; x_wconf 84' lang='grc' dir='ltr'>τοὺς,</span> <span class='ocrx_word' id='word_1_79' title='bbox 273 571 329 598; x_wconf 79' lang='grc' dir='ltr'>ὅσοι</span> <span class='ocrx_word' id='word_1_80' title='bbox 343 571 400 603; x_wconf 88' lang='grc' dir='ltr'>τοῖς</span> <span class='ocrx_word' id='word_1_81' title='bbox 411 571 494 598; x_wconf 74' lang='grc' dir='ltr'>αὑτοῦ</span> <span class='ocrx_word' id='word_1_82' title='bbox 518 572 699 606; x_wconf 83' lang='grc' dir='ltr'>προσανεῖχον</span> <span class='ocrx_word' id='word_1_83' title='bbox 717 570 764 597; x_wconf 70' lang='grc' dir='ltr'>καὶ</span> <span class='ocrx_word' id='word_1_84' title='bbox 778 569 911 604; x_wconf 83' lang='grc' dir='ltr'>κατηρτί-</span> 
     </span>
    </p>
   </div>
   <div class='ocr_carea' id='block_1_14' title="bbox 123 615 912 653">
    <p class='ocr_par' dir='ltr' id='par_1_14' title="bbox 123 615 912 653">
     <span class='ocr_line' id='line_1_14' title="bbox 123 615 912 653; baseline -0.005 -9"><span class='ocrx_word' id='word_1_85' title='bbox 123 618 199 650; x_wconf 81' lang='grc' dir='ltr'>ζοντο</span> <span class='ocrx_word' id='word_1_86' title='bbox 211 617 342 653; x_wconf 81' lang='grc' dir='ltr'>ῥήμασιν.</span> <span class='ocrx_word' id='word_1_87' title='bbox 360 617 415 644; x_wconf 77' lang='grc' dir='ltr'><strong>Καὶ</strong></span> <span class='ocrx_word' id='word_1_88' title='bbox 428 617 483 643; x_wconf 85' lang='grc' dir='ltr'><strong>τῶν</strong></span> <span class='ocrx_word' id='word_1_89' title='bbox 502 617 531 644; x_wconf 83' lang='grc' dir='ltr'><strong>ἐν</strong></span> <span class='ocrx_word' id='word_1_90' title='bbox 544 617 583 651; x_wconf 83' lang='grc' dir='ltr'>τῷ</span> <span class='ocrx_word' id='word_1_91' title='bbox 604 616 679 652; x_wconf 82' lang='grc' dir='ltr'>νόμῳ</span> <span class='ocrx_word' id='word_1_92' title='bbox 699 616 727 642; x_wconf 82' lang='grc' dir='ltr'><strong>δὲ</strong></span> <span class='ocrx_word' id='word_1_93' title='bbox 742 615 912 651; x_wconf 88' lang='grc' dir='ltr'>βεϐιωκότων</span> 
     </span>
    </p>
   </div>
   <div class='ocr_carea' id='block_1_15' title="bbox 122 659 912 697">
    <p class='ocr_par' dir='ltr' id='par_1_15' title="bbox 122 659 912 697">
     <span class='ocr_line' id='line_1_15' title="bbox 122 659 912 697; baseline -0.005 -9"><span class='ocrx_word' id='word_1_94' title='bbox 122 664 146 688; x_wconf 81' lang='grc' dir='ltr'>οἱ</span> <span class='ocrx_word' id='word_1_95' title='bbox 159 662 288 696; x_wconf 82' lang='grc' dir='ltr'>φύλακες,</span> <span class='ocrx_word' id='word_1_96' title='bbox 301 661 326 688; x_wconf 86' lang='grc' dir='ltr'>εί</span> <span class='ocrx_word' id='word_1_97' title='bbox 341 661 380 697; x_wconf 77' lang='grc' dir='ltr'>μὴ</span> <span class='ocrx_word' id='word_1_98' title='bbox 391 661 441 696; x_wconf 81' lang='grc' dir='ltr'>τῆς</span> <span class='ocrx_word' id='word_1_99' title='bbox 455 660 627 696; x_wconf 81' lang='grc' dir='ltr'>ἀγαθουργοῦ</span> <span class='ocrx_word' id='word_1_100' title='bbox 641 660 774 695; x_wconf 82' lang='grc' dir='ltr'>Θεότητος</span> <span class='ocrx_word' id='word_1_101' title='bbox 790 659 912 693; x_wconf 81' lang='grc' dir='ltr'><strong>ὑπῆρχον</strong></span> 
     </span>
    </p>
   </div>
   <div class='ocr_carea' id='block_1_16' title="bbox 123 705 913 744">
    <p class='ocr_par' dir='ltr' id='par_1_16' title="bbox 123 705 913 744">
     <span class='ocr_line' id='line_1_16' title="bbox 123 705 913 744; baseline -0.003 -10"><span class='ocrx_word' id='word_1_102' title='bbox 123 708 298 744; x_wconf 85' lang='grc' dir='ltr'>θεράποντες,</span> <span class='ocrx_word' id='word_1_103' title='bbox 316 708 375 740; x_wconf 80' lang='grc' dir='ltr'>πῶς</span> <span class='ocrx_word' id='word_1_104' title='bbox 394 708 458 739; x_wconf 83' lang='grc' dir='ltr'>τοὺς</span> <span class='ocrx_word' id='word_1_105' title='bbox 482 707 607 743; x_wconf 83' lang='grc' dir='ltr'>μαθητὰς</span> <span class='ocrx_word' id='word_1_106' title='bbox 633 708 721 742; x_wconf 83' lang='grc' dir='ltr'><strong>μάτην</strong></span> <span class='ocrx_word' id='word_1_107' title='bbox 741 705 913 741; x_wconf 74' lang='grc' dir='ltr'>ἐγκαλουμέ-</span> 
     </span>
    </p>
   </div>
   <div class='ocr_carea' id='block_1_17' title="bbox 122 751 913 788">
    <p class='ocr_par' dir='ltr' id='par_1_17' title="bbox 122 751 913 788">
     <span class='ocr_line' id='line_1_17' title="bbox 122 751 913 788; baseline -0.004 -8"><span class='ocrx_word' id='word_1_108' title='bbox 122 762 184 785; x_wconf 90' lang='grc' dir='ltr'>νους</span> <span class='ocrx_word' id='word_1_109' title='bbox 199 754 251 780; x_wconf 79' lang='grc' dir='ltr'><strong>ὑπὸ</strong></span> <span class='ocrx_word' id='word_1_110' title='bbox 277 753 332 780; x_wconf 85' lang='grc' dir='ltr'>τῶν</span> <span class='ocrx_word' id='word_1_111' title='bbox 347 753 521 786; x_wconf 80' lang='grc' dir='ltr'>διυλιζόντων</span> <span class='ocrx_word' id='word_1_112' title='bbox 543 753 593 788; x_wconf 79' lang='grc' dir='ltr'>μὲν</span> <span class='ocrx_word' id='word_1_113' title='bbox 607 753 762 788; x_wconf 82' lang='grc' dir='ltr'>φαρισαίων</span> <span class='ocrx_word' id='word_1_114' title='bbox 778 752 841 784; x_wconf 74' lang='grc' dir='ltr'>τοὺς</span> <span class='ocrx_word' id='word_1_115' title='bbox 857 751 913 777; x_wconf 53' lang='lat' dir='ltr'><strong>xtl»-</strong></span> 
     </span>
    </p>
   </div>
   <div class='ocr_carea' id='block_1_18' title="bbox 122 797 913 834">
    <p class='ocr_par' dir='ltr' id='par_1_18' title="bbox 122 797 913 834">
     <span class='ocr_line' id='line_1_18' title="bbox 122 797 913 834; baseline -0.003 -9"><span class='ocrx_word' id='word_1_116' title='bbox 122 807 226 831; x_wconf 86' lang='grc' dir='ltr'>νωπας,</span> <span class='ocrx_word' id='word_1_117' title='bbox 240 799 446 826; x_wconf 74' lang='grc' dir='ltr'><strong>καταπινόντων</strong></span> <span class='ocrx_word' id='word_1_118' title='bbox 461 799 490 825; x_wconf 82' lang='grc' dir='ltr'><strong>δὲ</strong></span> <span class='ocrx_word' id='word_1_119' title='bbox 505 799 554 830; x_wconf 77' lang='grc' dir='ltr'><strong>τὰς</strong></span> <span class='ocrx_word' id='word_1_120' title='bbox 567 798 718 834; x_wconf 83' lang='grc' dir='ltr'>καμήλους,</span> <span class='ocrx_word' id='word_1_121' title='bbox 734 798 775 825; x_wconf 82' lang='grc' dir='ltr'>ὃτι</span> <span class='ocrx_word' id='word_1_122' title='bbox 796 797 913 824; x_wconf 83' lang='grc' dir='ltr'>πεινῶν-</span> 
     </span>
    </p>
   </div>
   <div class='ocr_carea' id='block_1_19' title="bbox 122 842 911 880">
    <p class='ocr_par' dir='ltr' id='par_1_19' title="bbox 122 842 911 880">
     <span class='ocr_line' id='line_1_19' title="bbox 122 842 911 880; baseline -0.003 -9"><span class='ocrx_word' id='word_1_123' title='bbox 122 853 167 876; x_wconf 82' lang='grc' dir='ltr'><strong>τες</strong></span> <span class='ocrx_word' id='word_1_124' title='bbox 177 845 239 876; x_wconf 81' lang='grc' dir='ltr'>τοὺς</span> <span class='ocrx_word' id='word_1_125' title='bbox 252 845 352 880; x_wconf 82' lang='grc' dir='ltr'><strong>στάχυς</strong></span> <span class='ocrx_word' id='word_1_126' title='bbox 367 845 396 871; x_wconf 86' lang='grc' dir='ltr'><strong>ἐν</strong></span> <span class='ocrx_word' id='word_1_127' title='bbox 409 844 447 880; x_wconf 85' lang='grc' dir='ltr'>τῷ</span> <span class='ocrx_word' id='word_1_128' title='bbox 458 844 590 878; x_wconf 80' lang='grc' dir='ltr'>Σαϐϐάτῳ</span> <span class='ocrx_word' id='word_1_129' title='bbox 600 844 703 871; x_wconf 78' lang='grc' dir='ltr'>ἐτιλλόν</span> <span class='ocrx_word' id='word_1_130' title='bbox 709 852 739 870; x_wconf 89' lang='grc' dir='ltr'><strong>τε</strong></span> <span class='ocrx_word' id='word_1_131' title='bbox 747 844 794 870; x_wconf 79' lang='grc' dir='ltr'>καὶ</span> <span class='ocrx_word' id='word_1_132' title='bbox 806 842 911 878; x_wconf 73' lang='grc' dir='ltr'>ἢσθιον,</span> 
     </span>
    </p>
   </div>
   <div class='ocr_carea' id='block_1_20' title="bbox 122 879 951 926">
    <p class='ocr_par' dir='ltr' id='par_1_20' title="bbox 122 879 951 926">
     <span class='ocr_line' id='line_1_20' title="bbox 122 879 951 926; baseline -0.001 -10"><span class='ocrx_word' id='word_1_133' title='bbox 122 891 172 926; x_wconf 83' lang='grc' dir='ltr'>τὴν</span> <span class='ocrx_word' id='word_1_134' title='bbox 185 890 232 917; x_wconf 81' lang='grc' dir='ltr'>τοῦ</span> <span class='ocrx_word' id='word_1_135' title='bbox 247 879 373 925; x_wconf 84' lang='grc' dir='ltr'>σώματος</span> <span class='ocrx_word' id='word_1_136' title='bbox 392 879 636 926; x_wconf 74' lang='grc' dir='ltr'>παραμυθούμενοι</span> <span class='ocrx_word' id='word_1_137' title='bbox 660 890 763 917; x_wconf 72' lang='grc' dir='ltr'>ἔνδειαν</span> <span class='ocrx_word' id='word_1_138' title='bbox 786 889 820 916; x_wconf 90' lang='grc' dir='ltr'><strong>δι’</strong></span> <span class='ocrx_word' id='word_1_139' title='bbox 841 889 914 916; x_wconf 75' lang='grc' dir='ltr'>ἐκεί·</span> <span class='ocrx_word' id='word_1_140' title='bbox 927 879 951 908; x_wconf 80' lang='grc' dir='ltr'><strong>Β</strong></span> 
     </span>
    </p>
   </div>
   <div class='ocr_carea' id='block_1_21' title="bbox 123 934 913 971">
    <p class='ocr_par' dir='ltr' id='par_1_21' title="bbox 123 934 913 971">
     <span class='ocr_line' id='line_1_21' title="bbox 123 934 913 971; baseline -0.001 -9"><span class='ocrx_word' id='word_1_141' title='bbox 123 945 186 968; x_wconf 85' lang='grc' dir='ltr'>νων,</span> <span class='ocrx_word' id='word_1_142' title='bbox 205 936 348 971; x_wconf 83' lang='grc' dir='ltr'>κρείττους</span> <span class='ocrx_word' id='word_1_143' title='bbox 364 945 394 963; x_wconf 87' lang='grc' dir='ltr'><strong>τε</strong></span> <span class='ocrx_word' id='word_1_144' title='bbox 408 936 459 971; x_wconf 83' lang='grc' dir='ltr'>τῆς</span> <span class='ocrx_word' id='word_1_145' title='bbox 475 936 566 968; x_wconf 83' lang='grc' dir='ltr'>αἰτίας</span> <span class='ocrx_word' id='word_1_146' title='bbox 579 936 726 970; x_wconf 80' lang='grc' dir='ltr'><strong>ἀπέφαινε,</strong></span> <span class='ocrx_word' id='word_1_147' title='bbox 745 936 793 962; x_wconf 74' lang='grc' dir='ltr'>καὶ</span> <span class='ocrx_word' id='word_1_148' title='bbox 810 934 913 962; x_wconf 77' lang='grc' dir='ltr'>ἀπέλυε</span> 
     </span>
    </p>
   </div>
   <div class='ocr_carea' id='block_1_22' title="bbox 122 980 913 1017">
    <p class='ocr_par' dir='ltr' id='par_1_22' title="bbox 122 980 913 1017">
     <span class='ocr_line' id='line_1_22' title="bbox 122 980 913 1017; baseline 0 -10"><span class='ocrx_word' id='word_1_149' title='bbox 122 981 169 1007; x_wconf 83' lang='grc' dir='ltr'>τοῦ</span> <span class='ocrx_word' id='word_1_150' title='bbox 185 981 369 1016; x_wconf 80' lang='grc' dir='ltr'>ἐγκλήματος,</span> <span class='ocrx_word' id='word_1_151' title='bbox 382 981 428 1008; x_wconf 80' lang='grc' dir='ltr'>τὸν</span> <span class='ocrx_word' id='word_1_152' title='bbox 449 981 532 1008; x_wconf 81' lang='grc' dir='ltr'>Δαϐὶδ</span> <span class='ocrx_word' id='word_1_153' title='bbox 553 982 593 1013; x_wconf 83' lang='grc' dir='ltr'><strong>είς</strong></span> <span class='ocrx_word' id='word_1_154' title='bbox 609 981 775 1017; x_wconf 80' lang='grc' dir='ltr'>συνηγορίαν</span> <span class='ocrx_word' id='word_1_155' title='bbox 786 981 834 1007; x_wconf 82' lang='grc' dir='ltr'>καὶ</span> <span class='ocrx_word' id='word_1_156' title='bbox 849 980 913 1015; x_wconf 84' lang='grc' dir='ltr'>βοή-</span> 
     </span>
    </p>
   </div>
   <div class='ocr_carea' id='block_1_23' title="bbox 123 1026 913 1063">
    <p class='ocr_par' dir='ltr' id='par_1_23' title="bbox 123 1026 913 1063">
     <span class='ocr_line' id='line_1_23' title="bbox 123 1026 913 1063; baseline -0.001 -10"><span class='ocrx_word' id='word_1_157' title='bbox 123 1026 198 1053; x_wconf 89' lang='grc' dir='ltr'>θειαν</span> <span class='ocrx_word' id='word_1_158' title='bbox 211 1027 371 1063; x_wconf 81' lang='grc' dir='ltr'>προτείνων,</span> <span class='ocrx_word' id='word_1_159' title='bbox 389 1027 437 1054; x_wconf 80' lang='grc' dir='ltr'>καὶ</span> <span class='ocrx_word' id='word_1_160' title='bbox 463 1028 526 1059; x_wconf 80' lang='grc' dir='ltr'>τοὺς</span> <span class='ocrx_word' id='word_1_161' title='bbox 549 1028 631 1063; x_wconf 74' lang='grc' dir='ltr'>ἱερεῖς</span> <span class='ocrx_word' id='word_1_162' title='bbox 649 1028 713 1059; x_wconf 76' lang='grc' dir='ltr'>τοὺς</span> <span class='ocrx_word' id='word_1_163' title='bbox 729 1026 913 1062; x_wconf 79' lang='grc' dir='ltr'>κρεανομοῦν-</span> 
     </span>
    </p>
   </div>
   <div class='ocr_carea' id='block_1_24' title="bbox 122 1071 913 1108">
    <p class='ocr_par' dir='ltr' id='par_1_24' title="bbox 122 1071 913 1108">
     <span class='ocr_line' id='line_1_24' title="bbox 122 1071 913 1108; baseline -0.001 -9"><span class='ocrx_word' id='word_1_164' title='bbox 122 1074 172 1105; x_wconf 82' lang='grc' dir='ltr'>τὰς</span> <span class='ocrx_word' id='word_1_165' title='bbox 182 1082 211 1099; x_wconf 90' lang='grc' dir='ltr'><strong>τε</strong></span> <span class='ocrx_word' id='word_1_166' title='bbox 227 1074 275 1100; x_wconf 72' lang='grc' dir='ltr'>καὶ</span> <span class='ocrx_word' id='word_1_167' title='bbox 290 1073 506 1106; x_wconf 78' lang='grc' dir='ltr'>ξυλοκοποῦντας</span> <span class='ocrx_word' id='word_1_168' title='bbox 521 1074 550 1100; x_wconf 76' lang='grc' dir='ltr'><strong>ἐν</strong></span> <span class='ocrx_word' id='word_1_169' title='bbox 567 1073 607 1108; x_wconf 85' lang='grc' dir='ltr'><strong>τῷ</strong></span> <span class='ocrx_word' id='word_1_170' title='bbox 619 1072 752 1107; x_wconf 87' lang='grc' dir='ltr'>Σαϐϐάτῳ</span> <span class='ocrx_word' id='word_1_171' title='bbox 763 1091 770 1104; x_wconf 91' lang='grc'><strong>,</strong></span> <span class='ocrx_word' id='word_1_172' title='bbox 792 1071 842 1098; x_wconf 76' lang='grc' dir='ltr'>καὶ</span> <span class='ocrx_word' id='word_1_173' title='bbox 853 1072 913 1098; x_wconf 81' lang='grc' dir='ltr'>τότε</span> 
     </span>
    </p>
   </div>
   <div class='ocr_carea' id='block_1_25' title="bbox 121 1115 914 1155">
    <p class='ocr_par' dir='ltr' id='par_1_25' title="bbox 121 1115 914 1155">
     <span class='ocr_line' id='line_1_25' title="bbox 121 1115 914 1155; baseline -0.003 -9"><span class='ocrx_word' id='word_1_174' title='bbox 121 1119 166 1146; x_wconf 83' lang='grc' dir='ltr'>διὰ</span> <span class='ocrx_word' id='word_1_175' title='bbox 177 1119 226 1154; x_wconf 86' lang='grc' dir='ltr'>τῆς</span> <span class='ocrx_word' id='word_1_176' title='bbox 239 1120 314 1154; x_wconf 81' lang='grc' dir='ltr'>ἱερᾶς</span> <span class='ocrx_word' id='word_1_177' title='bbox 330 1119 493 1154; x_wconf 74' lang='grc' dir='ltr'>ὑπηρεσίας,</span> <span class='ocrx_word' id='word_1_178' title='bbox 507 1119 549 1153; x_wconf 73' lang='grc' dir='ltr'><strong>ἐφ’</strong></span> <span class='ocrx_word' id='word_1_179' title='bbox 593 1118 694 1154; x_wconf 80' lang='grc' dir='ltr'>μᾶλλον</span> <span class='ocrx_word' id='word_1_180' title='bbox 710 1117 765 1144; x_wconf 74' lang='grc' dir='ltr'>ἔδει</span> <span class='ocrx_word' id='word_1_181' title='bbox 778 1117 914 1150; x_wconf 77' lang='grc' dir='ltr'>σώζεσθαι</span> 
     </span>
    </p>
   </div>
   <div class='ocr_carea' id='block_1_26' title="bbox 123 1163 667 1200">
    <p class='ocr_par' dir='ltr' id='par_1_26' title="bbox 123 1163 667 1200">
     <span class='ocr_line' id='line_1_26' title="bbox 123 1163 667 1200; baseline -0.004 -8"><span class='ocrx_word' id='word_1_182' title='bbox 123 1165 170 1192; x_wconf 77' lang='grc' dir='ltr'>τὸν</span> <span class='ocrx_word' id='word_1_183' title='bbox 181 1165 274 1200; x_wconf 84' lang='grc' dir='ltr'>νόμον,</span> <span class='ocrx_word' id='word_1_184' title='bbox 284 1166 334 1200; x_wconf 84' lang='grc' dir='ltr'>τῆς</span> <span class='ocrx_word' id='word_1_185' title='bbox 349 1164 483 1200; x_wconf 74' lang='grc' dir='ltr'>ἐργασίας</span> <span class='ocrx_word' id='word_1_186' title='bbox 500 1163 667 1200; x_wconf 81' lang='grc' dir='ltr'>προῖούσης;</span> 
     </span>
    </p>
   </div>
   <div class='ocr_carea' id='block_1_27' title="bbox 159 1254 915 1292">
    <p class='ocr_par' dir='ltr' id='par_1_27' title="bbox 159 1254 915 1292">
     <span class='ocr_line' id='line_1_27' title="bbox 159 1254 915 1292; baseline -0.001 -10"><span class='ocrx_word' id='word_1_187' title='bbox 159 1255 200 1283; x_wconf 88' lang='lat' dir='ltr'><strong>H&#39;.</strong></span> <span class='ocrx_word' id='word_1_188' title='bbox 220 1256 269 1287; x_wconf 80' lang='grc' dir='ltr'>Τίς</span> <span class='ocrx_word' id='word_1_189' title='bbox 281 1255 305 1282; x_wconf 85' lang='grc' dir='ltr'><strong>δ’</strong></span> <span class='ocrx_word' id='word_1_190' title='bbox 319 1255 352 1282; x_wconf 81' lang='grc' dir='ltr'>ἂν</span> <span class='ocrx_word' id='word_1_191' title='bbox 365 1255 531 1290; x_wconf 83' lang='grc' dir='ltr'>σαφέστερος</span> <span class='ocrx_word' id='word_1_192' title='bbox 549 1255 660 1292; x_wconf 77' lang='grc' dir='ltr'>ἐλεγχος</span> <span class='ocrx_word' id='word_1_193' title='bbox 685 1255 702 1291; x_wconf 85' lang='grc' dir='ltr'>ἢ</span> <span class='ocrx_word' id='word_1_194' title='bbox 717 1254 915 1290; x_wconf 77' lang='grc' dir='ltr'>δυνατώτερος,</span> 
     </span>
    </p>
   </div>
   <div class='ocr_carea' id='block_1_28' title="bbox 123 1301 916 1338">
    <p class='ocr_par' dir='ltr' id='par_1_28' title="bbox 123 1301 916 1338">
     <span class='ocr_line' id='line_1_28' title="bbox 123 1301 916 1338; baseline -0.004 -8"><span class='ocrx_word' id='word_1_195' title='bbox 123 1303 166 1330; x_wconf 73' lang='grc' dir='ltr'>ὅτι</span> <span class='ocrx_word' id='word_1_196' title='bbox 179 1303 293 1338; x_wconf 81' lang='grc' dir='ltr'>μηδενὸς</span> <span class='ocrx_word' id='word_1_197' title='bbox 309 1303 365 1330; x_wconf 84' lang='grc' dir='ltr'><strong>τῶν</strong></span> <span class='ocrx_word' id='word_1_198' title='bbox 390 1303 522 1336; x_wconf 80' lang='grc' dir='ltr'>ἐπιγείων</span> <span class='ocrx_word' id='word_1_199' title='bbox 534 1303 549 1329; x_wconf 84' lang='grc' dir='ltr'><strong>ό</strong></span> <span class='ocrx_word' id='word_1_200' title='bbox 569 1302 690 1338; x_wconf 79' lang='grc' dir='ltr'>Πονηρὸς</span> <span class='ocrx_word' id='word_1_201' title='bbox 706 1302 843 1334; x_wconf 78' lang='grc' dir='ltr'>δεσπόζει,</span> <span class='ocrx_word' id='word_1_202' title='bbox 860 1301 916 1328; x_wconf 86' lang='grc' dir='ltr'>τῶν</span> 
     </span>
    </p>
   </div>
   <div class='ocr_carea' id='block_1_29' title="bbox 126 1346 915 1384">
    <p class='ocr_par' dir='ltr' id='par_1_29' title="bbox 126 1346 915 1384">
     <span class='ocr_line' id='line_1_29' title="bbox 126 1346 915 1384; baseline -0.003 -9"><span class='ocrx_word' id='word_1_203' title='bbox 126 1348 211 1375; x_wconf 80' lang='grc' dir='ltr'>αὐτοῦ</span> <span class='ocrx_word' id='word_1_204' title='bbox 240 1349 372 1384; x_wconf 81' lang='grc' dir='ltr'>ῥημάτων</span> <span class='ocrx_word' id='word_1_205' title='bbox 385 1349 503 1381; x_wconf 81' lang='grc' dir='ltr'>ἐκείνου,</span> <span class='ocrx_word' id='word_1_206' title='bbox 528 1349 561 1376; x_wconf 84' lang='grc' dir='ltr'>δι’</span> <span class='ocrx_word' id='word_1_207' title='bbox 582 1346 620 1376; x_wconf 83' lang='grc' dir='ltr'>ὦν</span> <span class='ocrx_word' id='word_1_208' title='bbox 644 1348 733 1383; x_wconf 79' lang='grc' dir='ltr'>ἑαυτῷ</span> <span class='ocrx_word' id='word_1_209' title='bbox 755 1348 805 1383; x_wconf 84' lang='grc' dir='ltr'>τὴν</span> <span class='ocrx_word' id='word_1_210' title='bbox 827 1347 915 1374; x_wconf 84' lang='grc' dir='ltr'>κτίσιν</span> 
     </span>
    </p>
   </div>
   <div class='ocr_carea' id='block_1_30' title="bbox 124 1393 915 1431">
    <p class='ocr_par' dir='ltr' id='par_1_30' title="bbox 124 1393 915 1431">
     <span class='ocr_line' id='line_1_30' title="bbox 124 1393 915 1431; baseline -0.001 -10"><span class='ocrx_word' id='word_1_211' title='bbox 124 1395 352 1430; x_wconf 81' lang='grc' dir='ltr'>ὑποϐαλλόμενος,</span> <span class='ocrx_word' id='word_1_212' title='bbox 369 1396 415 1422; x_wconf 81' lang='grc' dir='ltr'><strong>ὅτε</strong></span> <span class='ocrx_word' id='word_1_213' title='bbox 436 1396 618 1431; x_wconf 83' lang='grc' dir='ltr'>κρυπτομένῳ</span> <span class='ocrx_word' id='word_1_214' title='bbox 638 1396 685 1422; x_wconf 82' lang='grc' dir='ltr'>καὶ</span> <span class='ocrx_word' id='word_1_215' title='bbox 700 1395 859 1422; x_wconf 85' lang='grc' dir='ltr'>λανθάνοντι</span> <span class='ocrx_word' id='word_1_216' title='bbox 875 1393 915 1429; x_wconf 83' lang='grc' dir='ltr'>τῷ</span> 
     </span>
    </p>
   </div>
   <div class='ocr_carea' id='block_1_31' title="bbox 123 1441 915 1478">
    <p class='ocr_par' dir='ltr' id='par_1_31' title="bbox 123 1441 915 1478">
     <span class='ocr_line' id='line_1_31' title="bbox 123 1441 915 1478; baseline -0.001 -10"><span class='ocrx_word' id='word_1_217' title='bbox 123 1441 283 1477; x_wconf 83' lang='grc' dir='ltr'>δημιουργῷ</span> <span class='ocrx_word' id='word_1_218' title='bbox 297 1442 351 1467; x_wconf 85' lang='grc' dir='ltr'>τῶν</span> <span class='ocrx_word' id='word_1_219' title='bbox 366 1442 435 1469; x_wconf 83' lang='grc' dir='ltr'>ὅλων</span> <span class='ocrx_word' id='word_1_220' title='bbox 448 1442 495 1468; x_wconf 79' lang='grc' dir='ltr'><strong>καὶ</strong></span> <span class='ocrx_word' id='word_1_221' title='bbox 506 1442 625 1478; x_wconf 79' lang='grc' dir='ltr'>δεσπότῃ</span> <span class='ocrx_word' id='word_1_222' title='bbox 633 1441 813 1476; x_wconf 83' lang='grc' dir='ltr'>ἐπιπειράσαι</span> <span class='ocrx_word' id='word_1_223' title='bbox 827 1449 915 1476; x_wconf 86' lang='grc' dir='ltr'>προσ-</span> 
     </span>
    </p>
   </div>
   <div class='ocr_carea' id='block_1_32' title="bbox 126 1487 914 1523">
    <p class='ocr_par' dir='ltr' id='par_1_32' title="bbox 126 1487 914 1523">
     <span class='ocr_line' id='line_1_32' title="bbox 126 1487 914 1523; baseline 0 -9"><span class='ocrx_word' id='word_1_224' title='bbox 126 1488 173 1514; x_wconf 74' lang='grc' dir='ltr'>ιὼν</span> <span class='ocrx_word' id='word_1_225' title='bbox 186 1508 194 1520; x_wconf 86' lang='grc'><strong>,</strong></span> <span class='ocrx_word' id='word_1_226' title='bbox 219 1488 266 1514; x_wconf 77' lang='grc' dir='ltr'>καὶ</span> <span class='ocrx_word' id='word_1_227' title='bbox 286 1489 336 1519; x_wconf 79' lang='grc' dir='ltr'><strong>τὰς</strong></span> <span class='ocrx_word' id='word_1_228' title='bbox 351 1488 489 1522; x_wconf 74' lang='grc' dir='ltr'>ἐπιγείους</span> <span class='ocrx_word' id='word_1_229' title='bbox 519 1487 657 1523; x_wconf 86' lang='grc' dir='ltr'>βασιλείας</span> <span class='ocrx_word' id='word_1_230' title='bbox 673 1487 776 1520; x_wconf 77' lang='grc' dir='ltr'>πάσας,</span> <span class='ocrx_word' id='word_1_231' title='bbox 801 1487 850 1514; x_wconf 75' lang='grc' dir='ltr'>καὶ</span> <span class='ocrx_word' id='word_1_232' title='bbox 865 1487 914 1522; x_wconf 84' lang='grc' dir='ltr'>τὴν</span> 
     </span>
    </p>
   </div>
   <div class='ocr_carea' id='block_1_33' title="bbox 125 1533 913 1568">
    <p class='ocr_par' dir='ltr' id='par_1_33' title="bbox 125 1533 913 1568">
     <span class='ocr_line' id='line_1_33' title="bbox 125 1533 913 1568; baseline 0 -8"><span class='ocrx_word' id='word_1_233' title='bbox 125 1533 203 1566; x_wconf 77' lang='grc' dir='ltr'>δόξαν</span> <span class='ocrx_word' id='word_1_234' title='bbox 217 1534 308 1561; x_wconf 83' lang='grc' dir='ltr'>αὐτῶν</span> <span class='ocrx_word' id='word_1_235' title='bbox 324 1534 491 1567; x_wconf 83' lang='grc' dir='ltr'>ἐπιδεικνὺς,</span> <span class='ocrx_word' id='word_1_236' title='bbox 514 1535 606 1568; x_wconf 72' lang='grc' dir='ltr'>ἐλεγε’</span> <span class='ocrx_word' id='word_1_237' title='bbox 630 1533 727 1561; x_wconf 79' lang='grc' dir='ltr'>Ταῦτα</span> <span class='ocrx_word' id='word_1_238' title='bbox 742 1534 842 1561; x_wconf 78' lang='grc' dir='ltr'>πάντα</span> <span class='ocrx_word' id='word_1_239' title='bbox 863 1533 913 1560; x_wconf 74' lang='grc' dir='ltr'>σοι</span> 
     </span>
    </p>
   </div>
   <div class='ocr_carea' id='block_1_34' title="bbox 125 1579 915 1616">
    <p class='ocr_par' dir='ltr' id='par_1_34' title="bbox 125 1579 915 1616">
     <span class='ocr_line' id='line_1_34' title="bbox 125 1579 915 1616; baseline 0 -10"><span class='ocrx_word' id='word_1_240' title='bbox 125 1579 221 1613; x_wconf 82' lang='grc' dir='ltr'>δώσω,</span> <span class='ocrx_word' id='word_1_241' title='bbox 231 1580 285 1607; x_wconf 81' lang='grc' dir='ltr'><strong>ἐὰν</strong></span> <span class='ocrx_word' id='word_1_242' title='bbox 304 1580 407 1608; x_wconf 80' lang='grc' dir='ltr'>πεσὼν</span> <span class='ocrx_word' id='word_1_243' title='bbox 421 1580 642 1615; x_wconf 69' lang='grc' dir='ltr'>προσκυνήσῃς</span> <span class='ocrx_word' id='word_1_244' title='bbox 654 1589 726 1615; x_wconf 55' lang='grc' dir='ltr'>μου</span> <span class='ocrx_word' id='word_1_245' title='bbox 743 1580 774 1607; x_wconf 78' lang='lat' dir='ltr'><strong>Ei</strong></span> <span class='ocrx_word' id='word_1_246' title='bbox 789 1580 844 1616; x_wconf 86' lang='grc' dir='ltr'><strong>γάρ</strong></span> <span class='ocrx_word' id='word_1_247' title='bbox 856 1581 915 1606; x_wconf 83' lang='grc' dir='ltr'>ἐστι</span> 
     </span>
    </p>
   </div>
   <div class='ocr_carea' id='block_1_35' title="bbox 125 1625 914 1661">
    <p class='ocr_par' dir='ltr' id='par_1_35' title="bbox 125 1625 914 1661">
     <span class='ocr_line' id='line_1_35' title="bbox 125 1625 914 1661; baseline 0 -9"><span class='ocrx_word' id='word_1_248' title='bbox 125 1625 256 1661; x_wconf 77' lang='grc' dir='ltr'>ψεύστης,</span> <span class='ocrx_word' id='word_1_249' title='bbox 271 1627 321 1653; x_wconf 73' lang='grc' dir='ltr'>καὶ</span> <span class='ocrx_word' id='word_1_250' title='bbox 349 1626 493 1653; x_wconf 78' lang='grc' dir='ltr'>οὐδέποτε</span> <span class='ocrx_word' id='word_1_251' title='bbox 522 1627 557 1653; x_wconf 80' lang='grc' dir='ltr'>ἐν</span> <span class='ocrx_word' id='word_1_252' title='bbox 581 1625 619 1660; x_wconf 78' lang='grc' dir='ltr'>τῇ</span> <span class='ocrx_word' id='word_1_253' title='bbox 629 1625 755 1660; x_wconf 78' lang='grc' dir='ltr'><strong>ἀληθείᾳ</strong></span> <span class='ocrx_word' id='word_1_254' title='bbox 778 1625 914 1659; x_wconf 62' lang='grc' dir='ltr'>ἕστηκεν</span> 
     </span>
    </p>
   </div>
   <div class='ocr_carea' id='block_1_36' title="bbox 126 1671 913 1708">
    <p class='ocr_par' dir='ltr' id='par_1_36' title="bbox 126 1671 913 1708">
     <span class='ocr_line' id='line_1_36' title="bbox 126 1671 913 1708; baseline -0.001 -10"><span class='ocrx_word' id='word_1_255' title='bbox 126 1671 216 1706; x_wconf 82' lang='grc' dir='ltr'>(τοῦτο</span> <span class='ocrx_word' id='word_1_256' title='bbox 230 1672 283 1707; x_wconf 87' lang='grc' dir='ltr'>γὰρ</span> <span class='ocrx_word' id='word_1_257' title='bbox 300 1673 317 1708; x_wconf 77' lang='grc' dir='ltr'>ἡ</span> <span class='ocrx_word' id='word_1_258' title='bbox 334 1673 515 1704; x_wconf 80' lang='grc' dir='ltr'>ἐνυπόστατος</span> <span class='ocrx_word' id='word_1_259' title='bbox 530 1672 605 1708; x_wconf 84' lang='grc' dir='ltr'>ἡμᾶς</span> <span class='ocrx_word' id='word_1_260' title='bbox 626 1672 746 1705; x_wconf 77' lang='grc' dir='ltr'>ἐδίδαξεν</span> <span class='ocrx_word' id='word_1_261' title='bbox 770 1671 913 1706; x_wconf 58' lang='grc' dir='ltr'>ἀλήθεια»,</span> 
     </span>
    </p>
   </div>
   <div class='ocr_carea' id='block_1_37' title="bbox 126 1717 916 1754">
    <p class='ocr_par' dir='ltr' id='par_1_37' title="bbox 126 1717 916 1754">
     <span class='ocr_line' id='line_1_37' title="bbox 126 1717 916 1754; baseline -0.001 -10"><span class='ocrx_word' id='word_1_262' title='bbox 126 1718 173 1744; x_wconf 81' lang='grc' dir='ltr'>καὶ</span> <span class='ocrx_word' id='word_1_263' title='bbox 195 1718 246 1744; x_wconf 85' lang='grc' dir='ltr'>οὐκ</span> <span class='ocrx_word' id='word_1_264' title='bbox 263 1717 338 1744; x_wconf 79' lang='grc' dir='ltr'>ἔστιν</span> <span class='ocrx_word' id='word_1_265' title='bbox 355 1718 448 1750; x_wconf 82' lang='grc' dir='ltr'>οὐδεὶς.</span> <span class='ocrx_word' id='word_1_266' title='bbox 458 1718 526 1750; x_wconf 73' lang='grc' dir='ltr'>ὅλως</span> <span class='ocrx_word' id='word_1_267' title='bbox 541 1718 595 1745; x_wconf 83' lang='grc' dir='ltr'>τῶν</span> <span class='ocrx_word' id='word_1_268' title='bbox 618 1717 823 1754; x_wconf 84' lang='grc' dir='ltr'>ὁμολογούντων</span> <span class='ocrx_word' id='word_1_269' title='bbox 848 1717 916 1752; x_wconf 83' lang='grc' dir='ltr'>Χρι-</span> 
     </span>
    </p>
   </div>
   <div class='ocr_carea' id='block_1_38' title="bbox 126 1758 916 1799">
    <p class='ocr_par' dir='ltr' id='par_1_38' title="bbox 126 1758 916 1799">
     <span class='ocr_line' id='line_1_38' title="bbox 126 1758 916 1799; baseline 0.001 -10"><span class='ocrx_word' id='word_1_270' title='bbox 126 1765 199 1795; x_wconf 83' lang='grc' dir='ltr'>στὸν,</span> <span class='ocrx_word' id='word_1_271' title='bbox 214 1763 242 1793; x_wconf 75' lang='grc' dir='ltr'>ὃς</span> <span class='ocrx_word' id='word_1_272' title='bbox 256 1762 290 1790; x_wconf 79' lang='grc' dir='ltr'>ἂν</span> <span class='ocrx_word' id='word_1_273' title='bbox 306 1758 452 1798; x_wconf 65' lang='grc' dir='ltr'>τολμήσειε</span> <span class='ocrx_word' id='word_1_274' title='bbox 465 1763 514 1799; x_wconf 85' lang='grc' dir='ltr'>τὴν</span> <span class='ocrx_word' id='word_1_275' title='bbox 526 1763 654 1799; x_wconf 80' lang='grc' dir='ltr'>τοιαύτην</span> <span class='ocrx_word' id='word_1_276' title='bbox 666 1763 758 1798; x_wconf 83' lang='grc' dir='ltr'>φωνὴν</span> <span class='ocrx_word' id='word_1_277' title='bbox 772 1762 916 1799; x_wconf 66' lang='grc' dir='ltr'>παραγρά-</span> 
     </span>
    </p>
   </div>
   <div class='ocr_carea' id='block_1_39' title="bbox 125 1808 914 1844">
    <p class='ocr_par' dir='ltr' id='par_1_39' title="bbox 125 1808 914 1844">
     <span class='ocr_line' id='line_1_39' title="bbox 125 1808 914 1844; baseline 0.001 -10"><span class='ocrx_word' id='word_1_278' title='bbox 125 1809 229 1842; x_wconf 58' lang='grc' dir='ltr'>ψασθαι</span> <span class='ocrx_word' id='word_1_279' title='bbox 242 1816 250 1823; x_wconf 87' lang='grc'><strong>·</strong></span> <span class='ocrx_word' id='word_1_280' title='bbox 268 1809 327 1840; x_wconf 83' lang='grc' dir='ltr'>πῶς</span> <span class='ocrx_word' id='word_1_281' title='bbox 349 1809 379 1834; x_wconf 85' lang='grc' dir='ltr'>οὺ</span> <span class='ocrx_word' id='word_1_282' title='bbox 397 1808 506 1836; x_wconf 84' lang='grc' dir='ltr'>πάντων</span> <span class='ocrx_word' id='word_1_283' title='bbox 522 1809 581 1835; x_wconf 81' lang='grc' dir='ltr'>ἐστὶ</span> <span class='ocrx_word' id='word_1_284' title='bbox 595 1808 795 1844; x_wconf 80' lang='grc' dir='ltr'>φανερώτερον,</span> <span class='ocrx_word' id='word_1_285' title='bbox 809 1808 847 1840; x_wconf 84' lang='grc' dir='ltr'>ὼς</span> <span class='ocrx_word' id='word_1_286' title='bbox 866 1808 914 1835; x_wconf 77' lang='grc' dir='ltr'><strong>οὑ-</strong></span> 
     </span>
    </p>
   </div>
   <div class='ocr_carea' id='block_1_40' title="bbox 125 1851 915 1888">
    <p class='ocr_par' dir='ltr' id='par_1_40' title="bbox 125 1851 915 1888">
     <span class='ocr_line' id='line_1_40' title="bbox 125 1851 915 1888; baseline 0 -9"><span class='ocrx_word' id='word_1_287' title='bbox 125 1853 201 1883; x_wconf 85' lang='grc' dir='ltr'>δενὺς</span> <span class='ocrx_word' id='word_1_288' title='bbox 215 1851 270 1878; x_wconf 85' lang='grc' dir='ltr'>τῶν</span> <span class='ocrx_word' id='word_1_289' title='bbox 298 1852 427 1886; x_wconf 76' lang='grc' dir='ltr'>ἐπιγείων</span> <span class='ocrx_word' id='word_1_290' title='bbox 450 1853 610 1887; x_wconf 81' lang='grc' dir='ltr'>κτισμάτων</span> <span class='ocrx_word' id='word_1_291' title='bbox 631 1853 646 1879; x_wconf 85' lang='grc' dir='ltr'>ὁ</span> <span class='ocrx_word' id='word_1_292' title='bbox 668 1852 716 1879; x_wconf 80' lang='grc' dir='ltr'>τοῦ</span> <span class='ocrx_word' id='word_1_293' title='bbox 739 1852 854 1888; x_wconf 81' lang='grc' dir='ltr'>ψεύδους</span> <span class='ocrx_word' id='word_1_294' title='bbox 869 1852 915 1888; x_wconf 88' lang='grc' dir='ltr'><strong>δη-</strong></span> 
     </span>
    </p>
   </div>
   <div class='ocr_carea' id='block_1_41' title="bbox 127 1897 915 1934">
    <p class='ocr_par' dir='ltr' id='par_1_41' title="bbox 127 1897 915 1934">
     <span class='ocr_line' id='line_1_41' title="bbox 127 1897 915 1934; baseline 0.001 -10"><span class='ocrx_word' id='word_1_295' title='bbox 127 1897 260 1933; x_wconf 80' lang='grc' dir='ltr'>μιουργὸς</span> <span class='ocrx_word' id='word_1_296' title='bbox 274 1897 364 1932; x_wconf 75' lang='grc' dir='ltr'>ἄρχει.</span> <span class='ocrx_word' id='word_1_297' title='bbox 385 1897 440 1924; x_wconf 83' lang='grc' dir='ltr'><strong>οὐδ’</strong></span> <span class='ocrx_word' id='word_1_298' title='bbox 454 1898 529 1924; x_wconf 76' lang='grc' dir='ltr'>ἐστὶν</span> <span class='ocrx_word' id='word_1_299' title='bbox 554 1897 644 1924; x_wconf 77' lang='grc' dir='ltr'>αὐτῶν</span> <span class='ocrx_word' id='word_1_300' title='bbox 658 1899 784 1934; x_wconf 84' lang='grc' dir='ltr'>ποιητὴς,</span> <span class='ocrx_word' id='word_1_301' title='bbox 798 1898 868 1934; x_wconf 81' lang='grc' dir='ltr'>πλήν</span> <span class='ocrx_word' id='word_1_302' title='bbox 882 1906 915 1933; x_wconf 87' lang='grc' dir='ltr'>γε</span> 
     </span>
    </p>
   </div>
   <div class='ocr_carea' id='block_1_42' title="bbox 125 1940 915 1978">
    <p class='ocr_par' dir='ltr' id='par_1_42' title="bbox 125 1940 915 1978">
     <span class='ocr_line' id='line_1_42' title="bbox 125 1940 915 1978; baseline 0 -8"><span class='ocrx_word' id='word_1_303' title='bbox 125 1944 181 1970; x_wconf 78' lang='grc' dir='ltr'><strong>τῶν</strong></span> <span class='ocrx_word' id='word_1_304' title='bbox 195 1943 356 1978; x_wconf 78' lang='grc' dir='ltr'>θελημάτων</span> <span class='ocrx_word' id='word_1_305' title='bbox 370 1943 481 1970; x_wconf 72' lang='grc' dir='ltr'>ἐκείνων</span> <span class='ocrx_word' id='word_1_306' title='bbox 495 1943 543 1970; x_wconf 71' lang='grc' dir='ltr'>καὶ</span> <span class='ocrx_word' id='word_1_307' title='bbox 552 1943 688 1978; x_wconf 79' lang='grc' dir='ltr'>πράξεων,</span> <span class='ocrx_word' id='word_1_308' title='bbox 701 1940 738 1970; x_wconf 83' lang='grc' dir='ltr'>ὧν</span> <span class='ocrx_word' id='word_1_309' title='bbox 750 1943 831 1975; x_wconf 81' lang='grc' dir='ltr'>αὐτός</span> <span class='ocrx_word' id='word_1_310' title='bbox 841 1945 915 1970; x_wconf 85' lang='grc' dir='ltr'>ἐστιν</span> 
     </span>
    </p>
   </div>
   <div class='ocr_carea' id='block_1_43' title="bbox 126 1986 916 2026">
    <p class='ocr_par' dir='ltr' id='par_1_43' title="bbox 126 1986 916 2026">
     <span class='ocr_line' id='line_1_43' title="bbox 126 1986 916 2026; baseline 0.003 -11"><span class='ocrx_word' id='word_1_311' title='bbox 126 1989 302 2023; x_wconf 77' lang='grc' dir='ltr'>ὑποσπορεὺς</span> <span class='ocrx_word' id='word_1_312' title='bbox 326 1990 374 2016; x_wconf 83' lang='grc' dir='ltr'>καὶ</span> <span class='ocrx_word' id='word_1_313' title='bbox 396 1986 434 2016; x_wconf 80' lang='grc' dir='ltr'><strong>ὧν</strong></span> <span class='ocrx_word' id='word_1_314' title='bbox 458 1990 522 2021; x_wconf 85' lang='grc' dir='ltr'>τοὺς</span> <span class='ocrx_word' id='word_1_315' title='bbox 550 1989 699 2026; x_wconf 77' lang='grc' dir='ltr'>λογισμοὺς</span> <span class='ocrx_word' id='word_1_316' title='bbox 727 1990 916 2025; x_wconf 83' lang='grc' dir='ltr'>μετεπλάσατο</span> 
     </span>
    </p>
   </div>
   <div class='ocr_carea' id='block_1_44' title="bbox 125 2035 916 2071">
    <p class='ocr_par' dir='ltr' id='par_1_44' title="bbox 125 2035 916 2071">
     <span class='ocr_line' id='line_1_44' title="bbox 125 2035 916 2071; baseline 0 -10"><span class='ocrx_word' id='word_1_317' title='bbox 125 2035 208 2061; x_wconf 80' lang='grc' dir='ltr'>αὑτὸν</span> <span class='ocrx_word' id='word_1_318' title='bbox 222 2035 386 2070; x_wconf 81' lang='grc' dir='ltr'>ἐπιγράφειν</span> <span class='ocrx_word' id='word_1_319' title='bbox 410 2035 523 2071; x_wconf 80' lang='grc' dir='ltr'>κτίστην</span> <span class='ocrx_word' id='word_1_320' title='bbox 547 2035 595 2062; x_wconf 77' lang='grc' dir='ltr'>καὶ</span> <span class='ocrx_word' id='word_1_321' title='bbox 619 2035 795 2071; x_wconf 84' lang='grc' dir='ltr'>δημιουργὸν,</span> <span class='ocrx_word' id='word_1_322' title='bbox 812 2035 861 2070; x_wconf 68' lang='grc' dir='ltr'>οὐχ</span> <span class='ocrx_word' id='word_1_323' title='bbox 874 2035 916 2061; x_wconf 79' lang='grc' dir='ltr'>ὅτι</span> 
     </span>
    </p>
   </div>
   <div class='ocr_carea' id='block_1_45' title="bbox 126 2079 914 2118">
    <p class='ocr_par' dir='ltr' id='par_1_45' title="bbox 126 2079 914 2118">
     <span class='ocr_line' id='line_1_45' title="bbox 126 2079 914 2118; baseline 0 -12"><span class='ocrx_word' id='word_1_324' title='bbox 126 2079 214 2106; x_wconf 81' lang='grc' dir='ltr'>αὐτῶν</span> <span class='ocrx_word' id='word_1_325' title='bbox 225 2080 276 2116; x_wconf 86' lang='grc' dir='ltr'><strong>τὴν</strong></span> <span class='ocrx_word' id='word_1_326' title='bbox 291 2080 381 2118; x_wconf 82' lang='grc' dir='ltr'>ψυχὴν</span> <span class='ocrx_word' id='word_1_327' title='bbox 394 2082 426 2107; x_wconf 75' lang='grc' dir='ltr'><strong>ἐκ</strong></span> <span class='ocrx_word' id='word_1_328' title='bbox 439 2081 476 2116; x_wconf 86' lang='grc' dir='ltr'>μὴ</span> <span class='ocrx_word' id='word_1_329' title='bbox 490 2081 585 2114; x_wconf 74' lang='grc' dir='ltr'>ὄντων,</span> <span class='ocrx_word' id='word_1_330' title='bbox 604 2081 621 2116; x_wconf 84' lang='grc' dir='ltr'>ἢ</span> <span class='ocrx_word' id='word_1_331' title='bbox 640 2080 671 2107; x_wconf 80' lang='grc' dir='ltr'>τὸ</span> <span class='ocrx_word' id='word_1_332' title='bbox 685 2080 766 2116; x_wconf 85' lang='grc' dir='ltr'>σῶμα</span> <span class='ocrx_word' id='word_1_333' title='bbox 786 2081 914 2116; x_wconf 80' lang='grc' dir='ltr'>παρήγα-</span> 
     </span>
    </p>
   </div>
   <div class='ocr_carea' id='block_1_46' title="bbox 125 2123 915 2162">
    <p class='ocr_par' dir='ltr' id='par_1_46' title="bbox 125 2123 915 2162">
     <span class='ocr_line' id='line_1_46' title="bbox 125 2123 915 2162; baseline 0 -11"><span class='ocrx_word' id='word_1_334' title='bbox 125 2133 184 2158; x_wconf 84' lang='grc' dir='ltr'>γεν,</span> <span class='ocrx_word' id='word_1_335' title='bbox 199 2126 256 2152; x_wconf 85' lang='grc' dir='ltr'><strong>ἀλλ’</strong></span> <span class='ocrx_word' id='word_1_336' title='bbox 271 2127 312 2152; x_wconf 79' lang='grc' dir='ltr'>ὅτι</span> <span class='ocrx_word' id='word_1_337' title='bbox 328 2126 410 2153; x_wconf 74' lang='grc' dir='ltr'>αὑτὸν</span> <span class='ocrx_word' id='word_1_338' title='bbox 425 2127 532 2158; x_wconf 78' lang='grc' dir='ltr'>ἑαυτοῖς</span> <span class='ocrx_word' id='word_1_339' title='bbox 546 2123 622 2154; x_wconf 73' lang='grc' dir='ltr'>οὗτοι</span> <span class='ocrx_word' id='word_1_340' title='bbox 641 2126 853 2162; x_wconf 84' lang='grc' dir='ltr'>παρηνέχθησαν</span> <span class='ocrx_word' id='word_1_341' title='bbox 866 2125 915 2152; x_wconf 82' lang='grc' dir='ltr'><strong>κύ-</strong></span> 
     </span>
    </p>
   </div>
   <div class='ocr_carea' id='block_1_47' title="bbox 127 2172 915 2208">
    <p class='ocr_par' dir='ltr' id='par_1_47' title="bbox 127 2172 915 2208">
     <span class='ocr_line' id='line_1_47' title="bbox 127 2172 915 2208; baseline 0.001 -11"><span class='ocrx_word' id='word_1_342' title='bbox 127 2179 184 2206; x_wconf 88' lang='grc' dir='ltr'>ριον</span> <span class='ocrx_word' id='word_1_343' title='bbox 202 2172 407 2208; x_wconf 69' lang='grc' dir='ltr'>ἐπιγράψασθαι</span> <span class='ocrx_word' id='word_1_344' title='bbox 423 2181 432 2206; x_wconf 83' lang='lat'><strong>;</strong></span> <span class='ocrx_word' id='word_1_345' title='bbox 447 2173 528 2200; x_wconf 82' lang='grc' dir='ltr'>Ὥστε</span> <span class='ocrx_word' id='word_1_346' title='bbox 553 2173 622 2207; x_wconf 82' lang='grc' dir='ltr'>ὅπερ</span> <span class='ocrx_word' id='word_1_347' title='bbox 636 2172 708 2204; x_wconf 83' lang='grc' dir='ltr'>τινὲς</span> <span class='ocrx_word' id='word_1_348' title='bbox 722 2172 777 2198; x_wconf 86' lang='grc' dir='ltr'><strong>τῶν</strong></span> <span class='ocrx_word' id='word_1_349' title='bbox 796 2172 850 2198; x_wconf 83' lang='grc' dir='ltr'><strong>ἀπὸ</strong></span> <span class='ocrx_word' id='word_1_350' title='bbox 865 2172 915 2207; x_wconf 88' lang='grc' dir='ltr'><strong>τῆς</strong></span> 
     </span>
    </p>
   </div>
   <div class='ocr_carea' id='block_1_48' title="bbox 961 249 1755 284">
    <p class='ocr_par' dir='ltr' id='par_1_48' title="bbox 961 249 1755 284">
     <span class='ocr_line' id='line_1_48' title="bbox 961 249 1755 284; baseline 0.001 -9"><span class='ocrx_word' id='word_1_351' title='bbox 961 249 1112 276; x_wconf 84' lang='lat' dir='ltr'><strong>seminibus</strong></span> <span class='ocrx_word' id='word_1_352' title='bbox 1129 249 1318 280; x_wconf 79' lang='lat' dir='ltr'><strong>fermentatos,</strong></span> <span class='ocrx_word' id='word_1_353' title='bbox 1341 249 1409 284; x_wconf 87' lang='lat' dir='ltr'><strong>ipse,</strong></span> <span class='ocrx_word' id='word_1_354' title='bbox 1435 257 1452 277; x_wconf 88' lang='grc' dir='ltr'><strong>ο</strong></span> <span class='ocrx_word' id='word_1_355' title='bbox 1477 249 1642 284; x_wconf 84' lang='lat' dir='ltr'><strong>profundum</strong></span> <span class='ocrx_word' id='word_1_356' title='bbox 1659 255 1755 284; x_wconf 87' lang='lat' dir='ltr'><strong>stupo-</strong></span> 
     </span>
    </p>
   </div>
   <div class='ocr_carea' id='block_1_49' title="bbox 961 295 1755 331">
    <p class='ocr_par' dir='ltr' id='par_1_49' title="bbox 961 295 1755 331">
     <span class='ocr_line' id='line_1_49' title="bbox 961 295 1755 331; baseline 0.003 -10"><span class='ocrx_word' id='word_1_357' title='bbox 961 295 1038 322; x_wconf 83' lang='lat' dir='ltr'><strong>rem!</strong></span> <span class='ocrx_word' id='word_1_358' title='bbox 1055 295 1163 327; x_wconf 89' lang='lat' dir='ltr'><strong>obtulit,</strong></span> <span class='ocrx_word' id='word_1_359' title='bbox 1179 295 1224 330; x_wconf 86' lang='lat' dir='ltr'><strong>qui</strong></span> <span class='ocrx_word' id='word_1_360' title='bbox 1243 296 1295 323; x_wconf 83' lang='lat' dir='ltr'><strong>sibi</strong></span> <span class='ocrx_word' id='word_1_361' title='bbox 1310 296 1362 331; x_wconf 85' lang='lat' dir='ltr'><strong>ipsi</strong></span> <span class='ocrx_word' id='word_1_362' title='bbox 1375 304 1408 324; x_wconf 78' lang='lat' dir='ltr'><strong>ex</strong></span> <span class='ocrx_word' id='word_1_363' title='bbox 1427 297 1509 324; x_wconf 85' lang='lat' dir='ltr'><strong>rebus</strong></span> <span class='ocrx_word' id='word_1_364' title='bbox 1521 304 1575 324; x_wconf 92' lang='lat' dir='ltr'><strong>non</strong></span> <span class='ocrx_word' id='word_1_365' title='bbox 1597 296 1755 324; x_wconf 81' lang='lat' dir='ltr'><strong>exsistmti-</strong></span> 
     </span>
    </p>
   </div>
   <div class='ocr_carea' id='block_1_50' title="bbox 961 343 1755 378">
    <p class='ocr_par' dir='ltr' id='par_1_50' title="bbox 961 343 1755 378">
     <span class='ocr_line' id='line_1_50' title="bbox 961 343 1755 378; baseline 0.004 -9"><span class='ocrx_word' id='word_1_366' title='bbox 961 343 1013 370; x_wconf 87' lang='lat' dir='ltr'><strong>bus</strong></span> <span class='ocrx_word' id='word_1_367' title='bbox 1023 343 1114 370; x_wconf 85' lang='lat' dir='ltr'><strong>cibum</strong></span> <span class='ocrx_word' id='word_1_368' title='bbox 1128 351 1225 378; x_wconf 88' lang='lat' dir='ltr'><strong>parare</strong></span> <span class='ocrx_word' id='word_1_369' title='bbox 1237 343 1366 378; x_wconf 82' lang='lat' dir='ltr'><strong>poterat?</strong></span> <span class='ocrx_word' id='word_1_370' title='bbox 1397 344 1455 372; x_wconf 90' lang='lat' dir='ltr'><strong>lmo</strong></span> <span class='ocrx_word' id='word_1_371' title='bbox 1469 352 1534 372; x_wconf 79' lang='lat' dir='ltr'><strong>vero</strong></span> <span class='ocrx_word' id='word_1_372' title='bbox 1557 344 1628 372; x_wconf 90' lang='lat' dir='ltr'><strong>idem</strong></span> <span class='ocrx_word' id='word_1_373' title='bbox 1652 344 1698 372; x_wconf 87' lang='lat' dir='ltr'><strong>ille</strong></span> <span class='ocrx_word' id='word_1_374' title='bbox 1707 352 1755 372; x_wconf 88' lang='lat' dir='ltr'><strong>cos</strong></span> 
     </span>
    </p>
   </div>
   <div class='ocr_carea' id='block_1_51' title="bbox 962 389 1753 426">
    <p class='ocr_par' dir='ltr' id='par_1_51' title="bbox 962 389 1753 426">
     <span class='ocr_line' id='line_1_51' title="bbox 962 389 1753 426; baseline 0.001 -10"><span class='ocrx_word' id='word_1_375' title='bbox 962 389 1158 424; x_wconf 80' lang='lat' dir='ltr'><strong>multiplicans,</strong></span> <span class='ocrx_word' id='word_1_376' title='bbox 1187 389 1292 424; x_wconf 85' lang='lat' dir='ltr'><strong>aliquot</strong></span> <span class='ocrx_word' id='word_1_377' title='bbox 1317 390 1412 420; x_wconf 85' lang='lat' dir='ltr'><strong>millia.</strong></span> <span class='ocrx_word' id='word_1_378' title='bbox 1438 395 1577 426; x_wconf 88' lang='lat' dir='ltr'><strong>assumpta</strong></span> <span class='ocrx_word' id='word_1_379' title='bbox 1589 391 1616 417; x_wconf 90' lang='lat' dir='ltr'><strong>in</strong></span> <span class='ocrx_word' id='word_1_380' title='bbox 1631 391 1753 417; x_wconf 82' lang='lat' dir='ltr'><strong>miraculi</strong></span> 
     </span>
    </p>
   </div>
   <div class='ocr_carea' id='block_1_52' title="bbox 961 435 1756 471">
    <p class='ocr_par' dir='ltr' id='par_1_52' title="bbox 961 435 1756 471">
     <span class='ocr_line' id='line_1_52' title="bbox 961 435 1756 471; baseline 0 -9"><span class='ocrx_word' id='word_1_381' title='bbox 961 435 1172 470; x_wconf 79' lang='lat' dir='ltr'><strong>productionem</strong></span> <span class='ocrx_word' id='word_1_382' title='bbox 1195 435 1403 468; x_wconf 84' lang='lat' dir='ltr'><strong>Malicreatura,</strong></span> <span class='ocrx_word' id='word_1_383' title='bbox 1423 436 1554 471; x_wconf 87' lang='lat' dir='ltr'><strong>hosteque</strong></span> <span class='ocrx_word' id='word_1_384' title='bbox 1568 444 1618 464; x_wconf 89' lang='lat' dir='ltr'><strong>suo</strong></span> <span class='ocrx_word' id='word_1_385' title='bbox 1629 437 1655 463; x_wconf 91' lang='lat' dir='ltr'><strong>in</strong></span> <span class='ocrx_word' id='word_1_386' title='bbox 1672 437 1756 464; x_wconf 84' lang='lat' dir='ltr'><strong>bene-</strong></span> 
     </span>
    </p>
   </div>
   <div class='ocr_carea' id='block_1_53' title="bbox 962 474 1752 516">
    <p class='ocr_par' dir='ltr' id='par_1_53' title="bbox 962 474 1752 516">
     <span class='ocr_line' id='line_1_53' title="bbox 962 474 1752 516; baseline 0 -9"><span class='ocrx_word' id='word_1_387' title='bbox 962 480 1079 508; x_wconf 71' lang='lat' dir='ltr'><strong>ﬁcentim</strong></span> <span class='ocrx_word' id='word_1_388' title='bbox 1092 481 1309 516; x_wconf 83' lang='lat' dir='ltr'><strong>supernaturalis</strong></span> <span class='ocrx_word' id='word_1_389' title='bbox 1320 481 1478 508; x_wconf 87' lang='lat' dir='ltr'><strong>societatem</strong></span> <span class='ocrx_word' id='word_1_390' title='bbox 1491 474 1630 516; x_wconf 75' lang='lat' dir='ltr'><strong>cooptato,</strong></span> <span class='ocrx_word' id='word_1_391' title='bbox 1642 480 1752 511; x_wconf 70' lang='lat' dir='ltr'><strong>cibax-it.</strong></span> 
     </span>
    </p>
   </div>
   <div class='ocr_carea' id='block_1_54' title="bbox 963 525 1753 560">
    <p class='ocr_par' dir='ltr' id='par_1_54' title="bbox 963 525 1753 560">
     <span class='ocr_line' id='line_1_54' title="bbox 963 525 1753 560; baseline -0.001 -8"><span class='ocrx_word' id='word_1_392' title='bbox 963 530 1091 560; x_wconf 83' lang='lat' dir='ltr'><strong>tanquam</strong></span> <span class='ocrx_word' id='word_1_393' title='bbox 1107 525 1150 552; x_wconf 92' lang='lat' dir='ltr'><strong>cui</strong></span> <span class='ocrx_word' id='word_1_394' title='bbox 1163 533 1218 553; x_wconf 93' lang='lat' dir='ltr'><strong>non</strong></span> <span class='ocrx_word' id='word_1_395' title='bbox 1231 525 1366 553; x_wconf 80' lang='lat' dir='ltr'><strong>liceretex</strong></span> <span class='ocrx_word' id='word_1_396' title='bbox 1379 525 1431 552; x_wconf 86' lang='lat' dir='ltr'><strong>alia</strong></span> <span class='ocrx_word' id='word_1_397' title='bbox 1447 526 1559 553; x_wconf 88' lang='lat' dir='ltr'><strong>materia</strong></span> <span class='ocrx_word' id='word_1_398' title='bbox 1577 530 1605 553; x_wconf 90' lang='lat' dir='ltr'><strong>et</strong></span> <span class='ocrx_word' id='word_1_399' title='bbox 1620 533 1659 558; x_wconf 85' lang='lat' dir='ltr'><strong>se,</strong></span> <span class='ocrx_word' id='word_1_400' title='bbox 1675 530 1703 553; x_wconf 85' lang='lat' dir='ltr'><strong>et</strong></span> <span class='ocrx_word' id='word_1_401' title='bbox 1721 525 1753 551; x_wconf 96' lang='lat' dir='ltr'><strong>il-</strong></span> 
     </span>
    </p>
   </div>
   <div class='ocr_carea' id='block_1_55' title="bbox 961 571 1753 606">
    <p class='ocr_par' dir='ltr' id='par_1_55' title="bbox 961 571 1753 606">
     <span class='ocr_line' id='line_1_55' title="bbox 961 571 1753 606; baseline 0 -8"><span class='ocrx_word' id='word_1_402' title='bbox 961 571 1014 602; x_wconf 85' lang='lat' dir='ltr'><strong>los,</strong></span> <span class='ocrx_word' id='word_1_403' title='bbox 1040 571 1087 606; x_wconf 86' lang='lat' dir='ltr'><strong>qui</strong></span> <span class='ocrx_word' id='word_1_404' title='bbox 1102 571 1194 598; x_wconf 82' lang='lat' dir='ltr'><strong>verbis</strong></span> <span class='ocrx_word' id='word_1_405' title='bbox 1219 571 1279 606; x_wconf 85' lang='lat' dir='ltr'><strong>ejus</strong></span> <span class='ocrx_word' id='word_1_406' title='bbox 1303 571 1483 599; x_wconf 84' lang='lat' dir='ltr'><strong>attendebant</strong></span> <span class='ocrx_word' id='word_1_407' title='bbox 1506 576 1532 599; x_wconf 91' lang='lat' dir='ltr'><strong>et</strong></span> <span class='ocrx_word' id='word_1_408' title='bbox 1553 571 1753 602; x_wconf 76' lang='lat' dir='ltr'><strong>auscultabunt,</strong></span> 
     </span>
    </p>
   </div>
   <div class='ocr_carea' id='block_1_56' title="bbox 962 615 1752 651">
    <p class='ocr_par' dir='ltr' id='par_1_56' title="bbox 962 615 1752 651">
     <span class='ocr_line' id='line_1_56' title="bbox 962 615 1752 651; baseline 0.003 -9"><span class='ocrx_word' id='word_1_409' title='bbox 962 616 1078 644; x_wconf 85' lang='lat' dir='ltr'><strong>nutrire.</strong></span> <span class='ocrx_word' id='word_1_410' title='bbox 1095 615 1172 649; x_wconf 80' lang='lat' dir='ltr'><strong>Quod</strong></span> <span class='ocrx_word' id='word_1_411' title='bbox 1191 616 1213 644; x_wconf 87' lang='lat' dir='ltr'><strong>si</strong></span> <span class='ocrx_word' id='word_1_412' title='bbox 1226 616 1355 644; x_wconf 83' lang='lat' dir='ltr'><strong>custodes</strong></span> <span class='ocrx_word' id='word_1_413' title='bbox 1369 621 1397 644; x_wconf 90' lang='lat' dir='ltr'><strong>et</strong></span> <span class='ocrx_word' id='word_1_414' title='bbox 1412 616 1550 651; x_wconf 81' lang='lat' dir='ltr'><strong>principes</strong></span> <span class='ocrx_word' id='word_1_415' title='bbox 1573 623 1678 648; x_wconf 82' lang='lat' dir='ltr'><strong>eorum,</strong></span> <span class='ocrx_word' id='word_1_416' title='bbox 1706 619 1752 651; x_wconf 88' lang='lat' dir='ltr'><strong>qui</strong></span> 
     </span>
    </p>
   </div>
   <div class='ocr_carea' id='block_1_57' title="bbox 962 661 1754 694">
    <p class='ocr_par' dir='ltr' id='par_1_57' title="bbox 962 661 1754 694">
     <span class='ocr_line' id='line_1_57' title="bbox 962 661 1754 694; baseline -0.001 -5"><span class='ocrx_word' id='word_1_417' title='bbox 962 661 989 689; x_wconf 87' lang='lat' dir='ltr'><strong>in</strong></span> <span class='ocrx_word' id='word_1_418' title='bbox 1006 661 1090 689; x_wconf 88' lang='lat' dir='ltr'><strong>veteri</strong></span> <span class='ocrx_word' id='word_1_419' title='bbox 1108 666 1272 689; x_wconf 83' lang='lat' dir='ltr'><strong>testamento</strong></span> <span class='ocrx_word' id='word_1_420' title='bbox 1287 661 1426 694; x_wconf 85' lang='lat' dir='ltr'><strong>vixerunt,</strong></span> <span class='ocrx_word' id='word_1_421' title='bbox 1437 669 1492 688; x_wconf 90' lang='lat' dir='ltr'><strong>non</strong></span> <span class='ocrx_word' id='word_1_422' title='bbox 1510 661 1620 688; x_wconf 88' lang='lat' dir='ltr'><strong>fuerunt</strong></span> <span class='ocrx_word' id='word_1_423' title='bbox 1637 661 1754 688; x_wconf 84' lang='lat' dir='ltr'><strong>ministri</strong></span> 
     </span>
    </p>
   </div>
   <div class='ocr_carea' id='block_1_58' title="bbox 963 706 1754 742">
    <p class='ocr_par' dir='ltr' id='par_1_58' title="bbox 963 706 1754 742">
     <span class='ocr_line' id='line_1_58' title="bbox 963 706 1754 742; baseline -0.001 -8"><span class='ocrx_word' id='word_1_424' title='bbox 963 707 1010 734; x_wconf 87' lang='lat' dir='ltr'><strong>Dei</strong></span> <span class='ocrx_word' id='word_1_425' title='bbox 1023 707 1223 742; x_wconf 81' lang='lat' dir='ltr'><strong>benignissimi,</strong></span> <span class='ocrx_word' id='word_1_426' title='bbox 1239 707 1376 742; x_wconf 91' lang='lat' dir='ltr'><strong>quomodo</strong></span> <span class='ocrx_word' id='word_1_427' title='bbox 1388 706 1547 742; x_wconf 89' lang='lat' dir='ltr'><strong>discipulos,</strong></span> <span class='ocrx_word' id='word_1_428' title='bbox 1578 711 1676 741; x_wconf 65' lang='lat' dir='ltr'><strong>praeter</strong></span> <span class='ocrx_word' id='word_1_429' title='bbox 1688 714 1754 734; x_wconf 90' lang='lat' dir='ltr'><strong>eau-</strong></span> 
     </span>
    </p>
   </div>
   <div class='ocr_carea' id='block_1_59' title="bbox 963 751 1755 788">
    <p class='ocr_par' dir='ltr' id='par_1_59' title="bbox 963 751 1755 788">
     <span class='ocr_line' id='line_1_59' title="bbox 963 751 1755 788; baseline -0.003 -8"><span class='ocrx_word' id='word_1_430' title='bbox 963 760 1046 780; x_wconf 87' lang='lat' dir='ltr'><strong>sama</strong></span> <span class='ocrx_word' id='word_1_431' title='bbox 1059 753 1201 788; x_wconf 70' lang='lat' dir='ltr'><strong>pharisaais</strong></span> <span class='ocrx_word' id='word_1_432' title='bbox 1229 753 1331 781; x_wconf 87' lang='lat' dir='ltr'><strong>culices</strong></span> <span class='ocrx_word' id='word_1_433' title='bbox 1344 752 1558 788; x_wconf 87' lang='lat' dir='ltr'><strong>percolantibus,</strong></span> <span class='ocrx_word' id='word_1_434' title='bbox 1586 757 1614 779; x_wconf 90' lang='lat' dir='ltr'><strong>et</strong></span> <span class='ocrx_word' id='word_1_435' title='bbox 1636 751 1755 779; x_wconf 83' lang='lat' dir='ltr'><strong>camelos</strong></span> 
     </span>
    </p>
   </div>
   <div class='ocr_carea' id='block_1_60' title="bbox 964 798 1756 833">
    <p class='ocr_par' dir='ltr' id='par_1_60' title="bbox 964 798 1756 833">
     <span class='ocr_line' id='line_1_60' title="bbox 964 798 1756 833; baseline -0.001 -8"><span class='ocrx_word' id='word_1_436' title='bbox 964 798 1177 833; x_wconf 80' lang='lat' dir='ltr'><strong>deglutientibus</strong></span> <span class='ocrx_word' id='word_1_437' title='bbox 1193 798 1386 833; x_wconf 88' lang='lat' dir='ltr'><strong>reprehensos,</strong></span> <span class='ocrx_word' id='word_1_438' title='bbox 1414 798 1487 831; x_wconf 89' lang='lat' dir='ltr'><strong>ideo,</strong></span> <span class='ocrx_word' id='word_1_439' title='bbox 1512 798 1586 833; x_wconf 92' lang='lat' dir='ltr'><strong>quod</strong></span> <span class='ocrx_word' id='word_1_440' title='bbox 1603 798 1756 825; x_wconf 89' lang='lat' dir='ltr'><strong>esurientes</strong></span> 
     </span>
    </p>
   </div>
   <div class='ocr_carea' id='block_1_61' title="bbox 964 843 1754 878">
    <p class='ocr_par' dir='ltr' id='par_1_61' title="bbox 964 843 1754 878">
     <span class='ocr_line' id='line_1_61' title="bbox 964 843 1754 878; baseline 0 -9"><span class='ocrx_word' id='word_1_441' title='bbox 964 843 1054 877; x_wconf 89' lang='lat' dir='ltr'><strong>spicas</strong></span> <span class='ocrx_word' id='word_1_442' title='bbox 1065 843 1092 870; x_wconf 90' lang='lat' dir='ltr'><strong>in</strong></span> <span class='ocrx_word' id='word_1_443' title='bbox 1102 843 1231 873; x_wconf 80' lang='lat' dir='ltr'><strong>Sabbato.</strong></span> <span class='ocrx_word' id='word_1_444' title='bbox 1242 843 1342 878; x_wconf 89' lang='lat' dir='ltr'><strong>quibus</strong></span> <span class='ocrx_word' id='word_1_445' title='bbox 1351 843 1473 878; x_wconf 88' lang='lat' dir='ltr'><strong>corporis</strong></span> <span class='ocrx_word' id='word_1_446' title='bbox 1483 843 1581 870; x_wconf 80' lang='lat' dir='ltr'><strong>famem</strong></span> <span class='ocrx_word' id='word_1_447' title='bbox 1588 843 1754 874; x_wconf 86' lang='lat' dir='ltr'><strong>solarentur,</strong></span> 
     </span>
    </p>
   </div>
   <div class='ocr_carea' id='block_1_62' title="bbox 965 886 1756 921">
    <p class='ocr_par' dir='ltr' id='par_1_62' title="bbox 965 886 1756 921">
     <span class='ocr_line' id='line_1_62' title="bbox 965 886 1756 921; baseline -0.003 -6"><span class='ocrx_word' id='word_1_448' title='bbox 965 887 1119 915; x_wconf 85' lang='lat' dir='ltr'><strong>evellebant</strong></span> <span class='ocrx_word' id='word_1_449' title='bbox 1129 892 1157 915; x_wconf 88' lang='lat' dir='ltr'><strong>et</strong></span> <span class='ocrx_word' id='word_1_450' title='bbox 1172 888 1300 921; x_wconf 83' lang='lat' dir='ltr'><strong>edebant,</strong></span> <span class='ocrx_word' id='word_1_451' title='bbox 1315 888 1484 915; x_wconf 84' lang='lat' dir='ltr'><strong>accusationi</strong></span> <span class='ocrx_word' id='word_1_452' title='bbox 1512 887 1576 915; x_wconf 90' lang='lat' dir='ltr'><strong>huic</strong></span> <span class='ocrx_word' id='word_1_453' title='bbox 1593 895 1647 914; x_wconf 92' lang='lat' dir='ltr'><strong>non</strong></span> <span class='ocrx_word' id='word_1_454' title='bbox 1670 886 1756 914; x_wconf 90' lang='lat' dir='ltr'><strong>obno-</strong></span> 
     </span>
    </p>
   </div>
   <div class='ocr_carea' id='block_1_63' title="bbox 964 932 1756 968">
    <p class='ocr_par' dir='ltr' id='par_1_63' title="bbox 964 932 1756 968">
     <span class='ocr_line' id='line_1_63' title="bbox 964 932 1756 968; baseline -0.001 -9"><span class='ocrx_word' id='word_1_455' title='bbox 964 932 1181 967; x_wconf 80' lang='lat' dir='ltr'><strong>xiosjudicabat,</strong></span> <span class='ocrx_word' id='word_1_456' title='bbox 1194 933 1243 960; x_wconf 89' lang='lat' dir='ltr'><strong>scd</strong></span> <span class='ocrx_word' id='word_1_457' title='bbox 1255 941 1271 960; x_wconf 84' lang='lat' dir='ltr'><strong>a</strong></span> <span class='ocrx_word' id='word_1_458' title='bbox 1289 933 1405 960; x_wconf 85' lang='lat' dir='ltr'><strong>crimine</strong></span> <span class='ocrx_word' id='word_1_459' title='bbox 1430 932 1627 968; x_wconf 85' lang='lat' dir='ltr'><strong>pronuntiabat</strong></span> <span class='ocrx_word' id='word_1_460' title='bbox 1656 932 1756 959; x_wconf 89' lang='lat' dir='ltr'><strong>immu-</strong></span> 
     </span>
    </p>
   </div>
   <div class='ocr_carea' id='block_1_64' title="bbox 964 978 1756 1011">
    <p class='ocr_par' dir='ltr' id='par_1_64' title="bbox 964 978 1756 1011">
     <span class='ocr_line' id='line_1_64' title="bbox 964 978 1756 1011; baseline 0 -6"><span class='ocrx_word' id='word_1_461' title='bbox 964 986 1024 1011; x_wconf 82' lang='lat' dir='ltr'><strong>nes,</strong></span> <span class='ocrx_word' id='word_1_462' title='bbox 1042 979 1170 1006; x_wconf 88' lang='lat' dir='ltr'><strong>Davidem</strong></span> <span class='ocrx_word' id='word_1_463' title='bbox 1186 983 1214 1006; x_wconf 88' lang='lat' dir='ltr'><strong>et</strong></span> <span class='ocrx_word' id='word_1_464' title='bbox 1231 979 1396 1011; x_wconf 83' lang='lat' dir='ltr'><strong>sacerdotes,</strong></span> <span class='ocrx_word' id='word_1_465' title='bbox 1416 987 1515 1007; x_wconf 86' lang='lat' dir='ltr'><strong>carnes</strong></span> <span class='ocrx_word' id='word_1_466' title='bbox 1546 978 1705 1006; x_wconf 86' lang='lat' dir='ltr'><strong>sciudentes</strong></span> <span class='ocrx_word' id='word_1_467' title='bbox 1727 982 1756 1005; x_wconf 92' lang='lat' dir='ltr'><strong>et</strong></span> 
     </span>
    </p>
   </div>
   <div class='ocr_carea' id='block_1_65' title="bbox 964 1023 1755 1059">
    <p class='ocr_par' dir='ltr' id='par_1_65' title="bbox 964 1023 1755 1059">
     <span class='ocr_line' id='line_1_65' title="bbox 964 1023 1755 1059; baseline 0 -9"><span class='ocrx_word' id='word_1_468' title='bbox 964 1023 1036 1059; x_wconf 79' lang='lat' dir='ltr'><strong>ligna</strong></span> <span class='ocrx_word' id='word_1_469' title='bbox 1056 1024 1191 1052; x_wconf 86' lang='lat' dir='ltr'><strong>ﬁndentes</strong></span> <span class='ocrx_word' id='word_1_470' title='bbox 1202 1025 1229 1052; x_wconf 89' lang='lat' dir='ltr'><strong>in</strong></span> <span class='ocrx_word' id='word_1_471' title='bbox 1241 1025 1371 1057; x_wconf 85' lang='lat' dir='ltr'><strong>Sabbato,</strong></span> <span class='ocrx_word' id='word_1_472' title='bbox 1385 1025 1413 1052; x_wconf 92' lang='lat' dir='ltr'><strong>in</strong></span> <span class='ocrx_word' id='word_1_473' title='bbox 1429 1024 1581 1052; x_wconf 78' lang='lat' dir='ltr'><strong>subsidium</strong></span> <span class='ocrx_word' id='word_1_474' title='bbox 1596 1029 1623 1051; x_wconf 88' lang='lat' dir='ltr'><strong>et</strong></span> <span class='ocrx_word' id='word_1_475' title='bbox 1636 1023 1755 1059; x_wconf 85' lang='lat' dir='ltr'><strong>patroci-</strong></span> 
     </span>
    </p>
   </div>
   <div class='ocr_carea' id='block_1_66' title="bbox 963 1069 1754 1105">
    <p class='ocr_par' dir='ltr' id='par_1_66' title="bbox 963 1069 1754 1105">
     <span class='ocr_line' id='line_1_66' title="bbox 963 1069 1754 1105; baseline 0.003 -10"><span class='ocrx_word' id='word_1_476' title='bbox 963 1069 1040 1095; x_wconf 90' lang='lat' dir='ltr'><strong>nium</strong></span> <span class='ocrx_word' id='word_1_477' title='bbox 1050 1076 1140 1097; x_wconf 64' lang='lat' dir='ltr'><strong>causaz</strong></span> <span class='ocrx_word' id='word_1_478' title='bbox 1150 1069 1279 1103; x_wconf 76' lang='lat' dir='ltr'><strong>all‘erens,</strong></span> <span class='ocrx_word' id='word_1_479' title='bbox 1294 1075 1377 1105; x_wconf 85' lang='lat' dir='ltr'><strong>atque</strong></span> <span class='ocrx_word' id='word_1_480' title='bbox 1400 1070 1426 1097; x_wconf 89' lang='lat' dir='ltr'><strong>id</strong></span> <span class='ocrx_word' id='word_1_481' title='bbox 1449 1071 1559 1105; x_wconf 88' lang='lat' dir='ltr'><strong>quidem</strong></span> <span class='ocrx_word' id='word_1_482' title='bbox 1572 1077 1606 1098; x_wconf 85' lang='lat' dir='ltr'><strong>eo</strong></span> <span class='ocrx_word' id='word_1_483' title='bbox 1621 1074 1754 1105; x_wconf 86' lang='lat' dir='ltr'><strong>tempore,</strong></span> 
     </span>
    </p>
   </div>
   <div class='ocr_carea' id='block_1_67' title="bbox 964 1116 1755 1152">
    <p class='ocr_par' dir='ltr' id='par_1_67' title="bbox 964 1116 1755 1152">
     <span class='ocr_line' id='line_1_67' title="bbox 964 1116 1755 1152; baseline 0.004 -11"><span class='ocrx_word' id='word_1_484' title='bbox 964 1121 1018 1148; x_wconf 89' lang='lat' dir='ltr'><strong>quo</strong></span> <span class='ocrx_word' id='word_1_485' title='bbox 1035 1122 1143 1142; x_wconf 84' lang='lat' dir='ltr'><strong>sacrum</strong></span> <span class='ocrx_word' id='word_1_486' title='bbox 1168 1116 1229 1151; x_wconf 86' lang='lat' dir='ltr'><strong>ejus</strong></span> <span class='ocrx_word' id='word_1_487' title='bbox 1250 1125 1362 1150; x_wconf 88' lang='lat' dir='ltr'><strong>munus,</strong></span> <span class='ocrx_word' id='word_1_488' title='bbox 1380 1117 1451 1152; x_wconf 90' lang='lat' dir='ltr'><strong>quod</strong></span> <span class='ocrx_word' id='word_1_489' title='bbox 1464 1117 1502 1144; x_wconf 86' lang='lat' dir='ltr'><strong>ad-</strong></span> <span class='ocrx_word' id='word_1_490' title='bbox 1519 1117 1635 1145; x_wconf 84' lang='lat' dir='ltr'><strong>salutem</strong></span> <span class='ocrx_word' id='word_1_491' title='bbox 1660 1116 1755 1144; x_wconf 86' lang='lat' dir='ltr'><strong>mundi</strong></span> 
     </span>
    </p>
   </div>
   <div class='ocr_carea' id='block_1_68' title="bbox 965 1158 1575 1198">
    <p class='ocr_par' dir='ltr' id='par_1_68' title="bbox 965 1158 1575 1198">
     <span class='ocr_line' id='line_1_68' title="bbox 965 1158 1575 1198; baseline 0.008 -13"><span class='ocrx_word' id='word_1_492' title='bbox 965 1158 1146 1193; x_wconf 80' lang='lat' dir='ltr'><strong>referebatur,</strong></span> <span class='ocrx_word' id='word_1_493' title='bbox 1164 1168 1226 1189; x_wconf 89' lang='lat' dir='ltr'><strong>cum</strong></span> <span class='ocrx_word' id='word_1_494' title='bbox 1243 1161 1363 1190; x_wconf 79' lang='lat' dir='ltr'><strong>maxime</strong></span> <span class='ocrx_word' id='word_1_495' title='bbox 1376 1167 1519 1198; x_wconf 78' lang='lat' dir='ltr'><strong>urgeretur</strong></span> <span class='ocrx_word' id='word_1_496' title='bbox 1531 1163 1575 1189; x_wconf 71' lang='lat' dir='ltr'><strong>“&#39;I</strong></span> 
     </span>
    </p>
   </div>
   <div class='ocr_carea' id='block_1_69' title="bbox 1002 1252 1756 1288">
    <p class='ocr_par' dir='ltr' id='par_1_69' title="bbox 1002 1252 1756 1288">
     <span class='ocr_line' id='line_1_69' title="bbox 1002 1252 1756 1288; baseline 0.007 -7"><span class='ocrx_word' id='word_1_497' title='bbox 1002 1252 1071 1282; x_wconf 83' lang='lat' dir='ltr'><strong>Vlll.</strong></span> <span class='ocrx_word' id='word_1_498' title='bbox 1091 1254 1236 1288; x_wconf 84' lang='lat' dir='ltr'><strong>Quodnam</strong></span> <span class='ocrx_word' id='word_1_499' title='bbox 1261 1264 1328 1284; x_wconf 80' lang='lat' dir='ltr'><strong>vero</strong></span> <span class='ocrx_word' id='word_1_500' title='bbox 1354 1256 1489 1284; x_wconf 81' lang='lat' dir='ltr'><strong>illustrius</strong></span> <span class='ocrx_word' id='word_1_501' title='bbox 1504 1257 1700 1286; x_wconf 78' lang='lat' dir='ltr'><strong>auteﬂicacius</strong></span> <span class='ocrx_word' id='word_1_502' title='bbox 1711 1265 1756 1286; x_wconf 84' lang='lat' dir='ltr'><strong>ar-</strong></span> 
     </span>
    </p>
   </div>
   <div class='ocr_carea' id='block_1_70' title="bbox 965 1301 1754 1338">
    <p class='ocr_par' dir='ltr' id='par_1_70' title="bbox 965 1301 1754 1338">
     <span class='ocr_line' id='line_1_70' title="bbox 965 1301 1754 1338; baseline 0.005 -11"><span class='ocrx_word' id='word_1_503' title='bbox 965 1305 1125 1335; x_wconf 76' lang='lat' dir='ltr'><strong>gumentum</strong></span> <span class='ocrx_word' id='word_1_504' title='bbox 1162 1301 1254 1329; x_wconf 79' lang='lat' dir='ltr'><strong>afferri</strong></span> <span class='ocrx_word' id='word_1_505' title='bbox 1279 1307 1380 1337; x_wconf 84' lang='lat' dir='ltr'><strong>potest,</strong></span> <span class='ocrx_word' id='word_1_506' title='bbox 1409 1310 1464 1338; x_wconf 87' lang='lat' dir='ltr'><strong>qtto</strong></span> <span class='ocrx_word' id='word_1_507' title='bbox 1491 1308 1599 1330; x_wconf 83' lang='lat' dir='ltr'><strong>constet</strong></span> <span class='ocrx_word' id='word_1_508' title='bbox 1626 1304 1693 1331; x_wconf 91' lang='lat' dir='ltr'><strong>nulli</strong></span> <span class='ocrx_word' id='word_1_509' title='bbox 1717 1304 1754 1332; x_wconf 85' lang='lat' dir='ltr'><strong>rei</strong></span> 
     </span>
    </p>
   </div>
   <div class='ocr_carea' id='block_1_71' title="bbox 965 1348 1754 1385">
    <p class='ocr_par' dir='ltr' id='par_1_71' title="bbox 965 1348 1754 1385">
     <span class='ocr_line' id='line_1_71' title="bbox 965 1348 1754 1385; baseline 0.005 -11"><span class='ocrx_word' id='word_1_510' title='bbox 965 1349 1089 1375; x_wconf 87' lang='lat' dir='ltr'><strong>terrestri</strong></span> <span class='ocrx_word' id='word_1_511' title='bbox 1106 1348 1241 1376; x_wconf 85' lang='lat' dir='ltr'><strong>dominari</strong></span> <span class='ocrx_word' id='word_1_512' title='bbox 1264 1348 1374 1382; x_wconf 86' lang='lat' dir='ltr'><strong>Malum,</strong></span> <span class='ocrx_word' id='word_1_513' title='bbox 1390 1358 1472 1385; x_wconf 89' lang='lat' dir='ltr'><strong>quam</strong></span> <span class='ocrx_word' id='word_1_514' title='bbox 1495 1350 1553 1385; x_wconf 85' lang='lat' dir='ltr'><strong>ipsa</strong></span> <span class='ocrx_word' id='word_1_515' title='bbox 1566 1350 1648 1385; x_wconf 81' lang='lat' dir='ltr'><strong>hujus</strong></span> <span class='ocrx_word' id='word_1_516' title='bbox 1662 1351 1754 1383; x_wconf 77' lang='lat' dir='ltr'><strong>verba,</strong></span> 
     </span>
    </p>
   </div>
   <div class='ocr_carea' id='block_1_72' title="bbox 965 1394 1754 1430">
    <p class='ocr_par' dir='ltr' id='par_1_72' title="bbox 965 1394 1754 1430">
     <span class='ocr_line' id='line_1_72' title="bbox 965 1394 1754 1430; baseline 0.004 -10"><span class='ocrx_word' id='word_1_517' title='bbox 965 1394 1066 1428; x_wconf 86' lang='lat' dir='ltr'><strong>quibus</strong></span> <span class='ocrx_word' id='word_1_518' title='bbox 1080 1399 1232 1422; x_wconf 89' lang='lat' dir='ltr'><strong>creaturam</strong></span> <span class='ocrx_word' id='word_1_519' title='bbox 1248 1395 1300 1422; x_wconf 86' lang='lat' dir='ltr'><strong>sibi</strong></span> <span class='ocrx_word' id='word_1_520' title='bbox 1316 1395 1367 1430; x_wconf 89' lang='lat' dir='ltr'><strong>ipsi</strong></span> <span class='ocrx_word' id='word_1_521' title='bbox 1378 1395 1537 1430; x_wconf 88' lang='lat' dir='ltr'><strong>subjiciens,</strong></span> <span class='ocrx_word' id='word_1_522' title='bbox 1549 1403 1612 1423; x_wconf 91' lang='lat' dir='ltr'><strong>cum</strong></span> <span class='ocrx_word' id='word_1_523' title='bbox 1624 1396 1658 1423; x_wconf 93' lang='lat' dir='ltr'><strong>ad</strong></span> <span class='ocrx_word' id='word_1_524' title='bbox 1670 1395 1754 1423; x_wconf 88' lang='lat' dir='ltr'><strong>Crea-</strong></span> 
     </span>
    </p>
   </div>
   <div class='ocr_carea' id='block_1_73' title="bbox 966 1440 1756 1469">
    <p class='ocr_par' dir='ltr' id='par_1_73' title="bbox 966 1440 1756 1469">
     <span class='ocr_line' id='line_1_73' title="bbox 966 1440 1756 1469; baseline 0 -1"><span class='ocrx_word' id='word_1_525' title='bbox 966 1444 1052 1468; x_wconf 86' lang='lat' dir='ltr'><strong>torem</strong></span> <span class='ocrx_word' id='word_1_526' title='bbox 1075 1440 1197 1468; x_wconf 91' lang='lat' dir='ltr'><strong>omnium</strong></span> <span class='ocrx_word' id='word_1_527' title='bbox 1222 1441 1386 1468; x_wconf 86' lang='lat' dir='ltr'><strong>occultatum</strong></span> <span class='ocrx_word' id='word_1_528' title='bbox 1399 1446 1428 1468; x_wconf 84' lang='lat' dir='ltr'><strong>et</strong></span> <span class='ocrx_word' id='word_1_529' title='bbox 1442 1441 1571 1468; x_wconf 84' lang='lat' dir='ltr'><strong>latentem</strong></span> <span class='ocrx_word' id='word_1_530' title='bbox 1599 1444 1756 1469; x_wconf 83' lang='lat' dir='ltr'><strong>tentaturus</strong></span> 
     </span>
    </p>
   </div>
   <div class='ocr_carea' id='block_1_74' title="bbox 965 1486 1756 1523">
    <p class='ocr_par' dir='ltr' id='par_1_74' title="bbox 965 1486 1756 1523">
     <span class='ocr_line' id='line_1_74' title="bbox 965 1486 1756 1523; baseline -0.001 -9"><span class='ocrx_word' id='word_1_531' title='bbox 965 1486 1120 1518; x_wconf 85' lang='lat' dir='ltr'><strong>accederet,</strong></span> <span class='ocrx_word' id='word_1_532' title='bbox 1135 1487 1227 1523; x_wconf 69' lang='lat' dir='ltr'><strong>regnis</strong></span> <span class='ocrx_word' id='word_1_533' title='bbox 1241 1488 1360 1514; x_wconf 87' lang='lat' dir='ltr'><strong>terrenis</strong></span> <span class='ocrx_word' id='word_1_534' title='bbox 1375 1487 1514 1519; x_wconf 90' lang='lat' dir='ltr'><strong>omnibus,</strong></span> <span class='ocrx_word' id='word_1_535' title='bbox 1542 1491 1568 1514; x_wconf 93' lang='lat' dir='ltr'><strong>et</strong></span> <span class='ocrx_word' id='word_1_536' title='bbox 1593 1487 1677 1522; x_wconf 77' lang='lat' dir='ltr'><strong>gloria</strong></span> <span class='ocrx_word' id='word_1_537' title='bbox 1696 1487 1756 1514; x_wconf 89' lang='lat' dir='ltr'><strong>illo-</strong></span> 
     </span>
    </p>
   </div>
   <div class='ocr_carea' id='block_1_75' title="bbox 966 1533 1757 1566">
    <p class='ocr_par' dir='ltr' id='par_1_75' title="bbox 966 1533 1757 1566">
     <span class='ocr_line' id='line_1_75' title="bbox 966 1533 1757 1566; baseline 0 -6"><span class='ocrx_word' id='word_1_538' title='bbox 966 1541 1027 1560; x_wconf 89' lang='lat' dir='ltr'><strong>rum</strong></span> <span class='ocrx_word' id='word_1_539' title='bbox 1041 1533 1246 1566; x_wconf 88' lang='lat' dir='ltr'><strong>demonstratis,</strong></span> <span class='ocrx_word' id='word_1_540' title='bbox 1255 1533 1382 1561; x_wconf 86' lang='lat' dir='ltr'><strong>dicebat:</strong></span> <span class='ocrx_word' id='word_1_541' title='bbox 1403 1535 1466 1560; x_wconf 69' lang='lat' dir='ltr'><strong>Harc</strong></span> <span class='ocrx_word' id='word_1_542' title='bbox 1480 1534 1569 1560; x_wconf 80' lang='lat' dir='ltr'><strong>omnia</strong></span> <span class='ocrx_word' id='word_1_543' title='bbox 1580 1534 1628 1560; x_wconf 81' lang='lat' dir='ltr'><strong>tibi</strong></span> <span class='ocrx_word' id='word_1_544' title='bbox 1639 1534 1718 1566; x_wconf 84' lang='lat' dir='ltr'><strong>dabo,</strong></span> <span class='ocrx_word' id='word_1_545' title='bbox 1732 1534 1757 1561; x_wconf 77' lang='lat' dir='ltr'><strong>si</strong></span> 
     </span>
    </p>
   </div>
   <div class='ocr_carea' id='block_1_76' title="bbox 966 1580 1755 1615">
    <p class='ocr_par' dir='ltr' id='par_1_76' title="bbox 966 1580 1755 1615">
     <span class='ocr_line' id='line_1_76' title="bbox 966 1580 1755 1615; baseline 0.003 -9"><span class='ocrx_word' id='word_1_546' title='bbox 966 1580 1102 1615; x_wconf 78' lang='lat' dir='ltr'><strong>precidem</strong></span> <span class='ocrx_word' id='word_1_547' title='bbox 1121 1588 1162 1607; x_wconf 86' lang='lat' dir='ltr'><strong>me</strong></span> <span class='ocrx_word' id='word_1_548' title='bbox 1175 1581 1329 1607; x_wconf 78' lang='lat' dir='ltr'><strong>adoraveris</strong></span> <span class='ocrx_word' id='word_1_549' title='bbox 1350 1581 1384 1607; x_wconf 82' lang='lat'><strong>&quot;’.</strong></span> <span class='ocrx_word' id='word_1_550' title='bbox 1412 1580 1442 1608; x_wconf 90' lang='lat' dir='ltr'><strong>Si</strong></span> <span class='ocrx_word' id='word_1_551' title='bbox 1462 1580 1536 1608; x_wconf 89' lang='lat' dir='ltr'><strong>enim</strong></span> <span class='ocrx_word' id='word_1_552' title='bbox 1559 1580 1676 1607; x_wconf 79' lang='lat' dir='ltr'><strong>mendax</strong></span> <span class='ocrx_word' id='word_1_553' title='bbox 1701 1584 1755 1614; x_wconf 85' lang='lat' dir='ltr'><strong>est,</strong></span> 
     </span>
    </p>
   </div>
   <div class='ocr_carea' id='block_1_77' title="bbox 965 1621 1754 1662">
    <p class='ocr_par' dir='ltr' id='par_1_77' title="bbox 965 1621 1754 1662">
     <span class='ocr_line' id='line_1_77' title="bbox 965 1621 1754 1662; baseline 0.003 -10"><span class='ocrx_word' id='word_1_554' title='bbox 965 1634 1048 1661; x_wconf 85' lang='lat' dir='ltr'><strong>neque</strong></span> <span class='ocrx_word' id='word_1_555' title='bbox 1061 1633 1178 1662; x_wconf 79' lang='lat' dir='ltr'><strong>unquam</strong></span> <span class='ocrx_word' id='word_1_556' title='bbox 1193 1626 1221 1653; x_wconf 84' lang='lat' dir='ltr'><strong>in</strong></span> <span class='ocrx_word' id='word_1_557' title='bbox 1234 1626 1346 1654; x_wconf 78' lang='lat' dir='ltr'><strong>veritate</strong></span> <span class='ocrx_word' id='word_1_558' title='bbox 1374 1621 1487 1661; x_wconf 71' lang='lat' dir='ltr'><strong>perstitit</strong></span> <span class='ocrx_word' id='word_1_559' title='bbox 1498 1626 1522 1642; x_wconf 81' lang='grc'><strong><em>⁸⁸</em></strong></span> <span class='ocrx_word' id='word_1_560' title='bbox 1546 1626 1595 1660; x_wconf 89' lang='lat' dir='ltr'><strong>(ita</strong></span> <span class='ocrx_word' id='word_1_561' title='bbox 1611 1626 1684 1653; x_wconf 87' lang='lat' dir='ltr'><strong>enim</strong></span> <span class='ocrx_word' id='word_1_562' title='bbox 1705 1633 1754 1654; x_wconf 81' lang='lat' dir='ltr'><strong>nos</strong></span> 
     </span>
    </p>
   </div>
   <div class='ocr_carea' id='block_1_78' title="bbox 965 1672 1754 1707">
    <p class='ocr_par' dir='ltr' id='par_1_78' title="bbox 965 1672 1754 1707">
     <span class='ocr_line' id='line_1_78' title="bbox 965 1672 1754 1707; baseline -0.001 -8"><span class='ocrx_word' id='word_1_563' title='bbox 965 1672 1060 1699; x_wconf 89' lang='lat' dir='ltr'><strong>docuit</strong></span> <span class='ocrx_word' id='word_1_564' title='bbox 1073 1672 1211 1706; x_wconf 88' lang='lat' dir='ltr'><strong>ipsissima</strong></span> <span class='ocrx_word' id='word_1_565' title='bbox 1220 1672 1332 1705; x_wconf 84' lang='lat' dir='ltr'><strong>veritas,</strong></span> <span class='ocrx_word' id='word_1_566' title='bbox 1344 1679 1433 1707; x_wconf 87' lang='lat' dir='ltr'><strong>neque</strong></span> <span class='ocrx_word' id='word_1_567' title='bbox 1441 1672 1587 1707; x_wconf 87' lang='lat' dir='ltr'><strong>quisquam</strong></span> <span class='ocrx_word' id='word_1_568' title='bbox 1599 1676 1754 1704; x_wconf 88' lang='lat' dir='ltr'><strong>esteorum,</strong></span> 
     </span>
    </p>
   </div>
   <div class='ocr_carea' id='block_1_79' title="bbox 965 1717 1754 1753">
    <p class='ocr_par' dir='ltr' id='par_1_79' title="bbox 965 1717 1754 1753">
     <span class='ocr_line' id='line_1_79' title="bbox 965 1717 1754 1753; baseline 0.003 -9"><span class='ocrx_word' id='word_1_569' title='bbox 965 1718 1010 1753; x_wconf 86' lang='lat' dir='ltr'><strong>qui</strong></span> <span class='ocrx_word' id='word_1_570' title='bbox 1027 1717 1168 1746; x_wconf 74' lang='lat' dir='ltr'><strong>Christum</strong></span> <span class='ocrx_word' id='word_1_571' title='bbox 1196 1718 1369 1753; x_wconf 84' lang='lat' dir='ltr'><strong>proﬁtentur,</strong></span> <span class='ocrx_word' id='word_1_572' title='bbox 1394 1718 1440 1753; x_wconf 91' lang='lat' dir='ltr'><strong>qui</strong></span> <span class='ocrx_word' id='word_1_573' title='bbox 1473 1718 1543 1745; x_wconf 80' lang='lat' dir='ltr'><strong>banc</strong></span> <span class='ocrx_word' id='word_1_574' title='bbox 1576 1719 1754 1746; x_wconf 87' lang='lat' dir='ltr'><strong>assertionem</strong></span> 
     </span>
    </p>
   </div>
   <div class='ocr_carea' id='block_1_80' title="bbox 965 1762 1754 1798">
    <p class='ocr_par' dir='ltr' id='par_1_80' title="bbox 965 1762 1754 1798">
     <span class='ocr_line' id='line_1_80' title="bbox 965 1762 1754 1798; baseline -0.001 -8"><span class='ocrx_word' id='word_1_575' title='bbox 965 1763 1110 1790; x_wconf 86' lang='lat' dir='ltr'><strong>admittere</strong></span> <span class='ocrx_word' id='word_1_576' title='bbox 1136 1763 1227 1798; x_wconf 90' lang='lat' dir='ltr'><strong>nolit),</strong></span> <span class='ocrx_word' id='word_1_577' title='bbox 1243 1771 1336 1790; x_wconf 90' lang='lat' dir='ltr'><strong>nonne</strong></span> <span class='ocrx_word' id='word_1_578' title='bbox 1359 1763 1481 1789; x_wconf 89' lang='lat' dir='ltr'><strong>onmium</strong></span> <span class='ocrx_word' id='word_1_579' title='bbox 1502 1762 1754 1790; x_wconf 85' lang='lat' dir='ltr'><strong>manifestissimum</strong></span> 
     </span>
    </p>
   </div>
   <div class='ocr_carea' id='block_1_81' title="bbox 966 1808 1754 1843">
    <p class='ocr_par' dir='ltr' id='par_1_81' title="bbox 966 1808 1754 1843">
     <span class='ocr_line' id='line_1_81' title="bbox 966 1808 1754 1843; baseline -0.003 -7"><span class='ocrx_word' id='word_1_580' title='bbox 966 1813 1018 1841; x_wconf 84' lang='lat' dir='ltr'><strong>est,</strong></span> <span class='ocrx_word' id='word_1_581' title='bbox 1032 1809 1104 1843; x_wconf 90' lang='lat' dir='ltr'><strong>quod</strong></span> <span class='ocrx_word' id='word_1_582' title='bbox 1118 1808 1254 1836; x_wconf 85' lang='lat' dir='ltr'><strong>mendacii</strong></span> <span class='ocrx_word' id='word_1_583' title='bbox 1269 1814 1364 1836; x_wconf 88' lang='lat' dir='ltr'><strong>auctor</strong></span> <span class='ocrx_word' id='word_1_584' title='bbox 1378 1808 1445 1835; x_wconf 89' lang='lat' dir='ltr'><strong>nulli</strong></span> <span class='ocrx_word' id='word_1_585' title='bbox 1462 1815 1554 1835; x_wconf 83' lang='lat' dir='ltr'><strong>rerum</strong></span> <span class='ocrx_word' id='word_1_586' title='bbox 1584 1808 1754 1835; x_wconf 87' lang='lat' dir='ltr'><strong>terrestrium</strong></span> 
     </span>
    </p>
   </div>
   <div class='ocr_carea' id='block_1_82' title="bbox 967 1853 1754 1889">
    <p class='ocr_par' dir='ltr' id='par_1_82' title="bbox 967 1853 1754 1889">
     <span class='ocr_line' id='line_1_82' title="bbox 967 1853 1754 1889; baseline 0.001 -9"><span class='ocrx_word' id='word_1_587' title='bbox 967 1854 1132 1885; x_wconf 85' lang='lat' dir='ltr'><strong>dominetur,</strong></span> <span class='ocrx_word' id='word_1_588' title='bbox 1148 1862 1239 1889; x_wconf 87' lang='lat' dir='ltr'><strong>neque</strong></span> <span class='ocrx_word' id='word_1_589' title='bbox 1252 1854 1310 1889; x_wconf 88' lang='lat' dir='ltr'><strong>ipse</strong></span> <span class='ocrx_word' id='word_1_590' title='bbox 1319 1861 1413 1881; x_wconf 86' lang='lat' dir='ltr'><strong>earum</strong></span> <span class='ocrx_word' id='word_1_591' title='bbox 1426 1853 1552 1881; x_wconf 90' lang='lat' dir='ltr'><strong>conditor</strong></span> <span class='ocrx_word' id='word_1_592' title='bbox 1565 1853 1689 1886; x_wconf 81' lang='lat' dir='ltr'><strong>exsistat,</strong></span> <span class='ocrx_word' id='word_1_593' title='bbox 1705 1854 1754 1882; x_wconf 81' lang='lat' dir='ltr'><strong>sed</strong></span> 
     </span>
    </p>
   </div>
   <div class='ocr_carea' id='block_1_83' title="bbox 965 1898 1751 1927">
    <p class='ocr_par' dir='ltr' id='par_1_83' title="bbox 965 1898 1751 1927">
     <span class='ocr_line' id='line_1_83' title="bbox 965 1898 1751 1927; baseline -0.001 -1"><span class='ocrx_word' id='word_1_594' title='bbox 965 1904 1074 1927; x_wconf 82' lang='lat' dir='ltr'><strong>tantum</strong></span> <span class='ocrx_word' id='word_1_595' title='bbox 1090 1904 1185 1927; x_wconf 87' lang='lat' dir='ltr'><strong>auctor</strong></span> <span class='ocrx_word' id='word_1_596' title='bbox 1201 1899 1349 1927; x_wconf 83' lang='lat' dir='ltr'><strong>voluntatis</strong></span> <span class='ocrx_word' id='word_1_597' title='bbox 1364 1903 1392 1926; x_wconf 93' lang='lat' dir='ltr'><strong>et</strong></span> <span class='ocrx_word' id='word_1_598' title='bbox 1413 1898 1553 1926; x_wconf 89' lang='lat' dir='ltr'><strong>actionum</strong></span> <span class='ocrx_word' id='word_1_599' title='bbox 1570 1898 1677 1926; x_wconf 89' lang='lat' dir='ltr'><strong>illorum</strong></span> <span class='ocrx_word' id='word_1_600' title='bbox 1701 1899 1751 1926; x_wconf 50' lang='lat' dir='ltr'><strong>ho.</strong></span> 
     </span>
    </p>
   </div>
   <div class='ocr_carea' id='block_1_84' title="bbox 965 1943 1753 1979">
    <p class='ocr_par' dir='ltr' id='par_1_84' title="bbox 965 1943 1753 1979">
     <span class='ocr_line' id='line_1_84' title="bbox 965 1943 1753 1979; baseline 0.001 -8"><span class='ocrx_word' id='word_1_601' title='bbox 965 1945 1070 1971; x_wconf 89' lang='lat' dir='ltr'><strong>minum</strong></span> <span class='ocrx_word' id='word_1_602' title='bbox 1085 1944 1131 1977; x_wconf 87' lang='lat' dir='ltr'><strong>sit,</strong></span> <span class='ocrx_word' id='word_1_603' title='bbox 1144 1952 1213 1979; x_wconf 81' lang='lat' dir='ltr'><strong>quos</strong></span> <span class='ocrx_word' id='word_1_604' title='bbox 1227 1944 1285 1979; x_wconf 84' lang='lat' dir='ltr'><strong>ipse</strong></span> <span class='ocrx_word' id='word_1_605' title='bbox 1293 1943 1398 1971; x_wconf 87' lang='lat' dir='ltr'><strong>occulte</strong></span> <span class='ocrx_word' id='word_1_606' title='bbox 1413 1943 1566 1976; x_wconf 88' lang='lat' dir='ltr'><strong>seminavit,</strong></span> <span class='ocrx_word' id='word_1_607' title='bbox 1593 1948 1622 1971; x_wconf 90' lang='lat' dir='ltr'><strong>et</strong></span> <span class='ocrx_word' id='word_1_608' title='bbox 1635 1951 1753 1978; x_wconf 86' lang='lat' dir='ltr'><strong>quorum</strong></span> 
     </span>
    </p>
   </div>
   <div class='ocr_carea' id='block_1_85' title="bbox 965 1989 1755 2024">
    <p class='ocr_par' dir='ltr' id='par_1_85' title="bbox 965 1989 1755 2024">
     <span class='ocr_line' id='line_1_85' title="bbox 965 1989 1755 2024; baseline 0 -7"><span class='ocrx_word' id='word_1_609' title='bbox 965 1990 1100 2018; x_wconf 87' lang='lat' dir='ltr'><strong>rationem</strong></span> <span class='ocrx_word' id='word_1_610' title='bbox 1117 1990 1153 2018; x_wconf 88' lang='lat' dir='ltr'><strong>ita</strong></span> <span class='ocrx_word' id='word_1_611' title='bbox 1164 1989 1378 2022; x_wconf 86' lang='lat' dir='ltr'><strong>transformavit,</strong></span> <span class='ocrx_word' id='word_1_612' title='bbox 1398 1994 1428 2016; x_wconf 90' lang='lat' dir='ltr'><strong>ut</strong></span> <span class='ocrx_word' id='word_1_613' title='bbox 1447 1989 1534 2024; x_wconf 88' lang='lat' dir='ltr'><strong>ipsum</strong></span> <span class='ocrx_word' id='word_1_614' title='bbox 1550 1989 1719 2017; x_wconf 84' lang='lat' dir='ltr'><strong>conditorem</strong></span> <span class='ocrx_word' id='word_1_615' title='bbox 1727 1994 1755 2017; x_wconf 88' lang='lat' dir='ltr'><strong>et</strong></span> 
     </span>
    </p>
   </div>
   <div class='ocr_carea' id='block_1_86' title="bbox 965 2035 1754 2070">
    <p class='ocr_par' dir='ltr' id='par_1_86' title="bbox 965 2035 1754 2070">
     <span class='ocr_line' id='line_1_86' title="bbox 965 2035 1754 2070; baseline 0 -7"><span class='ocrx_word' id='word_1_616' title='bbox 965 2041 1106 2063; x_wconf 87' lang='lat' dir='ltr'><strong>auctorem</strong></span> <span class='ocrx_word' id='word_1_617' title='bbox 1119 2043 1208 2063; x_wconf 87' lang='lat' dir='ltr'><strong>rerum</strong></span> <span class='ocrx_word' id='word_1_618' title='bbox 1225 2035 1418 2068; x_wconf 84' lang='lat' dir='ltr'><strong>inscriberent,</strong></span> <span class='ocrx_word' id='word_1_619' title='bbox 1441 2043 1496 2063; x_wconf 90' lang='lat' dir='ltr'><strong>non</strong></span> <span class='ocrx_word' id='word_1_620' title='bbox 1512 2036 1590 2070; x_wconf 89' lang='lat' dir='ltr'><strong>quasi</strong></span> <span class='ocrx_word' id='word_1_621' title='bbox 1601 2036 1624 2062; x_wconf 89' lang='lat' dir='ltr'><strong>is</strong></span> <span class='ocrx_word' id='word_1_622' title='bbox 1634 2036 1754 2063; x_wconf 85' lang='lat' dir='ltr'><strong>animam</strong></span> 
     </span>
    </p>
   </div>
   <div class='ocr_carea' id='block_1_87' title="bbox 964 2082 1755 2118">
    <p class='ocr_par' dir='ltr' id='par_1_87' title="bbox 964 2082 1755 2118">
     <span class='ocr_line' id='line_1_87' title="bbox 964 2082 1755 2118; baseline 0.001 -10"><span class='ocrx_word' id='word_1_623' title='bbox 964 2085 1013 2108; x_wconf 86' lang='lat' dir='ltr'><strong>aut</strong></span> <span class='ocrx_word' id='word_1_624' title='bbox 1025 2089 1125 2115; x_wconf 90' lang='lat' dir='ltr'><strong>corpus</strong></span> <span class='ocrx_word' id='word_1_625' title='bbox 1142 2089 1237 2109; x_wconf 90' lang='lat' dir='ltr'><strong>eorum</strong></span> <span class='ocrx_word' id='word_1_626' title='bbox 1254 2089 1289 2109; x_wconf 79' lang='lat' dir='ltr'><strong>ex</strong></span> <span class='ocrx_word' id='word_1_627' title='bbox 1307 2089 1363 2109; x_wconf 90' lang='lat' dir='ltr'><strong>non</strong></span> <span class='ocrx_word' id='word_1_628' title='bbox 1390 2082 1585 2110; x_wconf 79' lang='lat' dir='ltr'><strong>exsistentibus</strong></span> <span class='ocrx_word' id='word_1_629' title='bbox 1610 2082 1755 2118; x_wconf 76' lang='lat' dir='ltr'><strong>produxis-</strong></span> 
     </span>
    </p>
   </div>
   <div class='ocr_carea' id='block_1_88' title="bbox 965 2128 1754 2164">
    <p class='ocr_par' dir='ltr' id='par_1_88' title="bbox 965 2128 1754 2164">
     <span class='ocr_line' id='line_1_88' title="bbox 965 2128 1754 2164; baseline 0 -9"><span class='ocrx_word' id='word_1_630' title='bbox 965 2132 1018 2160; x_wconf 88' lang='lat' dir='ltr'><strong>set,</strong></span> <span class='ocrx_word' id='word_1_631' title='bbox 1029 2128 1077 2155; x_wconf 89' lang='lat' dir='ltr'><strong>sed</strong></span> <span class='ocrx_word' id='word_1_632' title='bbox 1093 2129 1167 2164; x_wconf 87' lang='lat' dir='ltr'><strong>quod</strong></span> <span class='ocrx_word' id='word_1_633' title='bbox 1174 2129 1243 2156; x_wconf 87' lang='lat' dir='ltr'><strong>adeo</strong></span> <span class='ocrx_word' id='word_1_634' title='bbox 1258 2129 1286 2156; x_wconf 93' lang='lat' dir='ltr'><strong>in</strong></span> <span class='ocrx_word' id='word_1_635' title='bbox 1300 2133 1485 2157; x_wconf 85' lang='lat' dir='ltr'><strong>transversum</strong></span> <span class='ocrx_word' id='word_1_636' title='bbox 1497 2129 1551 2157; x_wconf 85' lang='lat' dir='ltr'><strong>acti</strong></span> <span class='ocrx_word' id='word_1_637' title='bbox 1565 2134 1641 2161; x_wconf 89' lang='lat' dir='ltr'><strong>sunt,</strong></span> <span class='ocrx_word' id='word_1_638' title='bbox 1652 2133 1682 2157; x_wconf 88' lang='lat' dir='ltr'><strong>ut</strong></span> <span class='ocrx_word' id='word_1_639' title='bbox 1691 2136 1754 2156; x_wconf 88' lang='lat' dir='ltr'><strong>cum</strong></span> 
     </span>
    </p>
   </div>
   <div class='ocr_carea' id='block_1_89' title="bbox 966 2173 1754 2210">
    <p class='ocr_par' dir='ltr' id='par_1_89' title="bbox 966 2173 1754 2210">
     <span class='ocr_line' id='line_1_89' title="bbox 966 2173 1754 2210; baseline 0.001 -10"><span class='ocrx_word' id='word_1_640' title='bbox 966 2173 1016 2208; x_wconf 87' lang='lat' dir='ltr'><strong>ipsi</strong></span> <span class='ocrx_word' id='word_1_641' title='bbox 1038 2174 1091 2201; x_wconf 89' lang='lat' dir='ltr'><strong>sibi</strong></span> <span class='ocrx_word' id='word_1_642' title='bbox 1112 2174 1260 2202; x_wconf 86' lang='lat' dir='ltr'><strong>Dominum</strong></span> <span class='ocrx_word' id='word_1_643' title='bbox 1278 2175 1489 2203; x_wconf 80' lang='lat' dir='ltr'><strong>constituerint?</strong></span> <span class='ocrx_word' id='word_1_644' title='bbox 1502 2175 1597 2210; x_wconf 82' lang='lat' dir='ltr'><strong>Itaque</strong></span> <span class='ocrx_word' id='word_1_645' title='bbox 1618 2174 1656 2206; x_wconf 91' lang='lat' dir='ltr'><strong>id,</strong></span> <span class='ocrx_word' id='word_1_646' title='bbox 1683 2174 1754 2209; x_wconf 86' lang='lat' dir='ltr'><strong>quod</strong></span> 
     </span>
    </p>
   </div>
   <div class='ocr_carea' id='block_1_90' title="bbox 126 2216 920 2255">
    <p class='ocr_par' dir='ltr' id='par_1_90' title="bbox 126 2216 914 2253">
     <span class='ocr_line' id='line_1_90' title="bbox 126 2216 914 2253; baseline -0.003 -9"><span class='ocrx_word' id='word_1_647' title='bbox 126 2217 231 2253; x_wconf 77' lang='grc' dir='ltr'>πλάνης</span> <span class='ocrx_word' id='word_1_648' title='bbox 255 2219 295 2249; x_wconf 75' lang='grc' dir='ltr'><strong>εἰς</strong></span> <span class='ocrx_word' id='word_1_649' title='bbox 316 2218 488 2253; x_wconf 82' lang='grc' dir='ltr'>παράστασιν</span> <span class='ocrx_word' id='word_1_650' title='bbox 518 2218 566 2244; x_wconf 87' lang='grc' dir='ltr'>τοῦ</span> <span class='ocrx_word' id='word_1_651' title='bbox 591 2217 695 2244; x_wconf 79' lang='grc' dir='ltr'>οἰκείου</span> <span class='ocrx_word' id='word_1_652' title='bbox 718 2216 914 2251; x_wconf 79' lang='grc' dir='ltr'>προϐάλλονται</span> 
     </span>
    </p>
   </div>
   <div class='ocr_carea' id='block_1_91' title="bbox 965 2216 1755 2255">
    <p class='ocr_par' dir='ltr' id='par_1_91' title="bbox 967 2219 1755 2255">
     <span class='ocr_line' id='line_1_91' title="bbox 967 2219 1755 2255; baseline 0.003 -10"><span class='ocrx_word' id='word_1_653' title='bbox 967 2219 1090 2247; x_wconf 90' lang='lat' dir='ltr'><strong>nonnulli</strong></span> <span class='ocrx_word' id='word_1_654' title='bbox 1109 2221 1260 2248; x_wconf 87' lang='lat' dir='ltr'><strong>errantium</strong></span> <span class='ocrx_word' id='word_1_655' title='bbox 1281 2220 1309 2248; x_wconf 89' lang='lat' dir='ltr'><strong>in</strong></span> <span class='ocrx_word' id='word_1_656' title='bbox 1323 2221 1509 2249; x_wconf 85' lang='lat' dir='ltr'><strong>defensionem</strong></span> <span class='ocrx_word' id='word_1_657' title='bbox 1533 2220 1682 2255; x_wconf 86' lang='lat' dir='ltr'><strong>impietatis</strong></span> <span class='ocrx_word' id='word_1_658' title='bbox 1699 2228 1755 2248; x_wconf 71' lang='lat' dir='ltr'><strong>suae</strong></span> 
     </span>
    </p>
   </div>
   <div class='ocr_carea' id='block_1_92' title="bbox 125 2262 914 2299">
    <p class='ocr_par' dir='ltr' id='par_1_92' title="bbox 125 2262 914 2299">
     <span class='ocr_line' id='line_1_92' title="bbox 125 2262 914 2299; baseline -0.003 -9"><span class='ocrx_word' id='word_1_659' title='bbox 125 2263 343 2298; x_wconf 79' lang='grc' dir='ltr'>δυσσεϐήματος,</span> <span class='ocrx_word' id='word_1_660' title='bbox 368 2264 464 2299; x_wconf 80' lang='grc' dir='ltr'>ὅτιπερ</span> <span class='ocrx_word' id='word_1_661' title='bbox 479 2263 559 2299; x_wconf 80' lang='grc' dir='ltr'>ἄρχει</span> <span class='ocrx_word' id='word_1_662' title='bbox 574 2263 631 2289; x_wconf 86' lang='grc' dir='ltr'>τῶν</span> <span class='ocrx_word' id='word_1_663' title='bbox 654 2263 782 2296; x_wconf 72' lang='grc' dir='ltr'>ἐπιγείων</span> <span class='ocrx_word' id='word_1_664' title='bbox 796 2262 811 2288; x_wconf 84' lang='grc' dir='ltr'>ὁ</span> <span class='ocrx_word' id='word_1_665' title='bbox 828 2262 914 2297; x_wconf 86' lang='grc' dir='ltr'>Πονη-</span> 
     </span>
    </p>
   </div>
   <div class='ocr_carea' id='block_1_93' title="bbox 127 2308 913 2345">
    <p class='ocr_par' dir='ltr' id='par_1_93' title="bbox 127 2308 913 2345">
     <span class='ocr_line' id='line_1_93' title="bbox 127 2308 913 2345; baseline -0.003 -9"><span class='ocrx_word' id='word_1_666' title='bbox 127 2311 184 2345; x_wconf 69' lang='grc' dir='ltr'>ρδς,</span> <span class='ocrx_word' id='word_1_667' title='bbox 197 2309 277 2336; x_wconf 79' lang='grc' dir='ltr'>τοῦτο</span> <span class='ocrx_word' id='word_1_668' title='bbox 287 2309 380 2341; x_wconf 69' lang='grc' dir='ltr'>αὐτοῖς</span> <span class='ocrx_word' id='word_1_669' title='bbox 387 2310 427 2342; x_wconf 85' lang='grc' dir='ltr'><strong>είς</strong></span> <span class='ocrx_word' id='word_1_670' title='bbox 435 2310 465 2336; x_wconf 85' lang='grc' dir='ltr'><strong>τὺ</strong></span> <span class='ocrx_word' id='word_1_671' title='bbox 476 2309 588 2344; x_wconf 74' lang='grc' dir='ltr'>μηδενὸς</span> <span class='ocrx_word' id='word_1_672' title='bbox 596 2308 685 2335; x_wconf 82' lang='grc' dir='ltr'>αὐτῶν</span> <span class='ocrx_word' id='word_1_673' title='bbox 697 2317 730 2335; x_wconf 88' lang='grc' dir='ltr'><strong>πε</strong></span> <span class='ocrx_word' id='word_1_674' title='bbox 735 2309 913 2344; x_wconf 81' lang='grc' dir='ltr'>ριέστραπται</span> 
     </span>
    </p>
   </div>
   <div class='ocr_carea' id='block_1_94' title="bbox 128 2354 914 2392">
    <p class='ocr_par' dir='ltr' id='par_1_94' title="bbox 128 2354 914 2392">
     <span class='ocr_line' id='line_1_94' title="bbox 128 2354 914 2392; baseline -0.003 -10"><span class='ocrx_word' id='word_1_675' title='bbox 128 2357 252 2392; x_wconf 83' lang='grc' dir='ltr'>μετέχειν</span> <span class='ocrx_word' id='word_1_676' title='bbox 266 2356 316 2391; x_wconf 83' lang='grc' dir='ltr'>τῆς</span> <span class='ocrx_word' id='word_1_677' title='bbox 333 2355 432 2392; x_wconf 79' lang='grc' dir='ltr'>ἀρχῆς.</span> <span class='ocrx_word' id='word_1_678' title='bbox 454 2355 582 2391; x_wconf 77' lang='grc' dir='ltr'>Ψεύστης</span> <span class='ocrx_word' id='word_1_679' title='bbox 606 2356 660 2390; x_wconf 83' lang='grc' dir='ltr'><strong>γὰρ</strong></span> <span class='ocrx_word' id='word_1_680' title='bbox 684 2354 722 2381; x_wconf 84' lang='grc' dir='ltr'>ὣν</span> <span class='ocrx_word' id='word_1_681' title='bbox 737 2354 785 2381; x_wconf 80' lang='grc' dir='ltr'>καὶ</span> <span class='ocrx_word' id='word_1_682' title='bbox 800 2354 914 2390; x_wconf 80' lang='grc' dir='ltr'>ψεύδους</span> 
     </span>
    </p>
   </div>
   <div class='ocr_carea' id='block_1_95' title="bbox 126 2398 913 2436">
    <p class='ocr_par' dir='ltr' id='par_1_95' title="bbox 126 2398 913 2436">
     <span class='ocr_line' id='line_1_95' title="bbox 126 2398 913 2436; baseline -0.004 -8"><span class='ocrx_word' id='word_1_683' title='bbox 126 2401 248 2436; x_wconf 77' lang='grc' dir='ltr'>ἀρχηγὸς</span> <span class='ocrx_word' id='word_1_684' title='bbox 265 2402 346 2432; x_wconf 79' lang='grc' dir='ltr'>αὐτὸς</span> <span class='ocrx_word' id='word_1_685' title='bbox 365 2401 474 2428; x_wconf 82' lang='grc' dir='ltr'>ἀνεῖπεν</span> <span class='ocrx_word' id='word_1_686' title='bbox 500 2399 590 2435; x_wconf 84' lang='grc' dir='ltr'>ἐαυτῷ</span> <span class='ocrx_word' id='word_1_687' title='bbox 612 2399 667 2426; x_wconf 87' lang='grc' dir='ltr'><strong>τῶν</strong></span> <span class='ocrx_word' id='word_1_688' title='bbox 684 2398 814 2433; x_wconf 77' lang='grc' dir='ltr'>ἐπιγείων</span> <span class='ocrx_word' id='word_1_689' title='bbox 840 2398 913 2434; x_wconf 72' lang='grc' dir='ltr'>ἔχειν</span> 
     </span>
    </p>
   </div>
   <div class='ocr_carea' id='block_1_96' title="bbox 126 2444 913 2483">
    <p class='ocr_par' dir='ltr' id='par_1_96' title="bbox 126 2444 913 2483">
     <span class='ocr_line' id='line_1_96' title="bbox 126 2444 913 2483; baseline -0.005 -9"><span class='ocrx_word' id='word_1_690' title='bbox 126 2447 176 2482; x_wconf 84' lang='grc' dir='ltr'>τὴν</span> <span class='ocrx_word' id='word_1_691' title='bbox 190 2448 289 2483; x_wconf 80' lang='grc' dir='ltr'>ἀρχήν.</span> <span class='ocrx_word' id='word_1_692' title='bbox 312 2447 393 2474; x_wconf 78' lang='grc' dir='ltr'><strong>Ἀλλὰ</strong></span> <span class='ocrx_word' id='word_1_693' title='bbox 400 2446 455 2482; x_wconf 82' lang='grc' dir='ltr'><strong>γὰρ</strong></span> <span class='ocrx_word' id='word_1_694' title='bbox 467 2447 491 2473; x_wconf 81' lang='grc' dir='ltr'>εἰ</span> <span class='ocrx_word' id='word_1_695' title='bbox 504 2446 539 2473; x_wconf 84' lang='grc' dir='ltr'><strong>τὰ</strong></span> <span class='ocrx_word' id='word_1_696' title='bbox 556 2445 673 2480; x_wconf 85' lang='grc' dir='ltr'>σώματά</span> <span class='ocrx_word' id='word_1_697' title='bbox 693 2445 752 2471; x_wconf 82' lang='grc' dir='ltr'>ἐστι</span> <span class='ocrx_word' id='word_1_698' title='bbox 765 2444 812 2471; x_wconf 84' lang='grc' dir='ltr'>τοῦ</span> <span class='ocrx_word' id='word_1_699' title='bbox 827 2445 913 2480; x_wconf 60' lang='lat' dir='ltr'><strong>[low]-</strong></span> 
     </span>
    </p>
   </div>
   <div class='ocr_carea' id='block_1_97' title="bbox 128 2489 913 2529">
    <p class='ocr_par' dir='ltr' id='par_1_97' title="bbox 128 2489 913 2529">
     <span class='ocr_line' id='line_1_97' title="bbox 128 2489 913 2529; baseline -0.005 -9"><span class='ocrx_word' id='word_1_700' title='bbox 128 2493 188 2529; x_wconf 80' lang='grc' dir='ltr'>ροῦ,</span> <span class='ocrx_word' id='word_1_701' title='bbox 204 2494 263 2524; x_wconf 79' lang='grc' dir='ltr'>πῶς</span> <span class='ocrx_word' id='word_1_702' title='bbox 277 2494 302 2520; x_wconf 78' lang='lat' dir='ltr'><strong>oi</strong></span> <span class='ocrx_word' id='word_1_703' title='bbox 318 2493 437 2529; x_wconf 77' lang='grc' dir='ltr'>μαθηταὶ</span> <span class='ocrx_word' id='word_1_704' title='bbox 450 2492 481 2520; x_wconf 84' lang='grc' dir='ltr'>τὸ</span> <span class='ocrx_word' id='word_1_705' title='bbox 499 2492 566 2524; x_wconf 75' lang='grc' dir='ltr'>ἃλας</span> <span class='ocrx_word' id='word_1_706' title='bbox 578 2491 685 2518; x_wconf 68' lang='grc' dir='ltr'>ἔσονται</span> <span class='ocrx_word' id='word_1_707' title='bbox 697 2490 748 2525; x_wconf 81' lang='grc' dir='ltr'>τῆς</span> <span class='ocrx_word' id='word_1_708' title='bbox 764 2490 831 2526; x_wconf 77' lang='grc' dir='ltr'>γῆςς</span> <span class='ocrx_word' id='word_1_709' title='bbox 851 2489 913 2521; x_wconf 85' lang='grc' dir='ltr'>Πῶς</span> 
     </span>
    </p>
   </div>
   <div class='ocr_carea' id='block_1_98' title="bbox 127 2536 913 2574">
    <p class='ocr_par' dir='ltr' id='par_1_98' title="bbox 127 2536 913 2574">
     <span class='ocr_line' id='line_1_98' title="bbox 127 2536 913 2574; baseline -0.006 -7"><span class='ocrx_word' id='word_1_710' title='bbox 127 2540 155 2567; x_wconf 77' lang='grc' dir='ltr'><strong>δὲ</strong></span> <span class='ocrx_word' id='word_1_711' title='bbox 167 2540 197 2567; x_wconf 82' lang='grc' dir='ltr'>τὸ</span> <span class='ocrx_word' id='word_1_712' title='bbox 210 2540 268 2573; x_wconf 80' lang='grc' dir='ltr'>φῶς</span> <span class='ocrx_word' id='word_1_713' title='bbox 282 2539 328 2566; x_wconf 82' lang='grc' dir='ltr'>τοῦ</span> <span class='ocrx_word' id='word_1_714' title='bbox 344 2540 449 2574; x_wconf 88' lang='grc' dir='ltr'>κόσμου</span> <span class='ocrx_word' id='word_1_715' title='bbox 462 2547 470 2571; x_wconf 86' lang='lat'><strong>;</strong></span> <span class='ocrx_word' id='word_1_716' title='bbox 485 2538 515 2570; x_wconf 78' lang='grc' dir='ltr'>ἐξ</span> <span class='ocrx_word' id='word_1_717' title='bbox 526 2538 656 2573; x_wconf 83' lang='grc' dir='ltr'>ἡμισείας</span> <span class='ocrx_word' id='word_1_718' title='bbox 667 2536 720 2572; x_wconf 85' lang='grc' dir='ltr'><strong>γὰρ</strong></span> <span class='ocrx_word' id='word_1_719' title='bbox 734 2537 780 2563; x_wconf 77' lang='grc' dir='ltr'>καὶ</span> <span class='ocrx_word' id='word_1_720' title='bbox 790 2536 913 2563; x_wconf 84' lang='grc' dir='ltr'>ἁλίσουσι</span> 
     </span>
    </p>
   </div>
   <div class='ocr_carea' id='block_1_99' title="bbox 128 2583 913 2621">
    <p class='ocr_par' dir='ltr' id='par_1_99' title="bbox 128 2583 913 2621">
     <span class='ocr_line' id='line_1_99' title="bbox 128 2583 913 2621; baseline -0.006 -8"><span class='ocrx_word' id='word_1_721' title='bbox 128 2587 177 2613; x_wconf 83' lang='grc' dir='ltr'>καὶ</span> <span class='ocrx_word' id='word_1_722' title='bbox 197 2586 355 2620; x_wconf 86' lang='grc' dir='ltr'>φωτίσουσι,</span> <span class='ocrx_word' id='word_1_723' title='bbox 374 2584 473 2621; x_wconf 82' lang='grc' dir='ltr'>μᾶλλον</span> <span class='ocrx_word' id='word_1_724' title='bbox 491 2584 519 2610; x_wconf 76' lang='grc' dir='ltr'><strong>δὲ</strong></span> <span class='ocrx_word' id='word_1_725' title='bbox 538 2583 588 2610; x_wconf 82' lang='grc' dir='ltr'>οὐκ</span> <span class='ocrx_word' id='word_1_726' title='bbox 605 2583 634 2616; x_wconf 78' lang='grc' dir='ltr'>ἐξ</span> <span class='ocrx_word' id='word_1_727' title='bbox 649 2583 851 2618; x_wconf 79' lang='grc' dir='ltr'>ήμισείας.Καὶ</span> <span class='ocrx_word' id='word_1_728' title='bbox 859 2583 913 2619; x_wconf 81' lang='grc' dir='ltr'>γὰρ</span> 
     </span>
    </p>
   </div>
   <div class='ocr_carea' id='block_1_100' title="bbox 127 2627 914 2666">
    <p class='ocr_par' dir='ltr' id='par_1_100' title="bbox 127 2627 914 2666">
     <span class='ocr_line' id='line_1_100' title="bbox 127 2627 914 2666; baseline -0.004 -8"><span class='ocrx_word' id='word_1_729' title='bbox 127 2632 217 2658; x_wconf 77' lang='grc' dir='ltr'>καὶτὰ</span> <span class='ocrx_word' id='word_1_730' title='bbox 228 2631 315 2666; x_wconf 82' lang='grc' dir='ltr'>ἡμίση</span> <span class='ocrx_word' id='word_1_731' title='bbox 325 2630 407 2657; x_wconf 82' lang='grc' dir='ltr'>πάλιν</span> <span class='ocrx_word' id='word_1_732' title='bbox 414 2629 461 2657; x_wconf 80' lang='grc' dir='ltr'><strong>τοῦ</strong></span> <span class='ocrx_word' id='word_1_733' title='bbox 469 2628 640 2664; x_wconf 81' lang='grc' dir='ltr'>ἀνθρωπίνου</span> <span class='ocrx_word' id='word_1_734' title='bbox 649 2627 846 2664; x_wconf 83' lang='grc' dir='ltr'>συγκρίματος,</span> <span class='ocrx_word' id='word_1_735' title='bbox 855 2629 914 2655; x_wconf 84' lang='grc' dir='ltr'>ἀλλ’</span> 
     </span>
    </p>
   </div>
   <div class='ocr_carea' id='block_1_101' title="bbox 127 2674 912 2713">
    <p class='ocr_par' dir='ltr' id='par_1_101' title="bbox 127 2674 912 2713">
     <span class='ocr_line' id='line_1_101' title="bbox 127 2674 912 2713; baseline -0.005 -9"><span class='ocrx_word' id='word_1_736' title='bbox 127 2678 176 2713; x_wconf 86' lang='grc' dir='ltr'>οὺχ</span> <span class='ocrx_word' id='word_1_737' title='bbox 187 2678 247 2704; x_wconf 84' lang='grc' dir='ltr'>ὅλον</span> <span class='ocrx_word' id='word_1_738' title='bbox 263 2676 346 2703; x_wconf 80' lang='grc' dir='ltr'>ποθὲν</span> <span class='ocrx_word' id='word_1_739' title='bbox 359 2675 405 2702; x_wconf 84' lang='grc' dir='ltr'>τδν</span> <span class='ocrx_word' id='word_1_740' title='bbox 419 2675 572 2710; x_wconf 73' lang='grc' dir='ltr'>ἄνθρωπον.</span> <span class='ocrx_word' id='word_1_741' title='bbox 590 2674 775 2701; x_wconf 80' lang='grc' dir='ltr'>’Δνεπίδεκτον</span> <span class='ocrx_word' id='word_1_742' title='bbox 785 2674 840 2710; x_wconf 80' lang='grc' dir='ltr'><strong>γάρ</strong></span> <span class='ocrx_word' id='word_1_743' title='bbox 853 2675 912 2700; x_wconf 82' lang='grc' dir='ltr'>ἐστι</span> 
     </span>
    </p>
   </div>
   <div class='ocr_carea' id='block_1_102' title="bbox 128 2718 913 2757">
    <p class='ocr_par' dir='ltr' id='par_1_102' title="bbox 128 2718 913 2757">
     <span class='ocr_line' id='line_1_102' title="bbox 128 2718 913 2757; baseline -0.004 -8"><span class='ocrx_word' id='word_1_744' title='bbox 128 2722 158 2749; x_wconf 78' lang='grc' dir='ltr'>τὸ</span> <span class='ocrx_word' id='word_1_745' title='bbox 176 2721 289 2757; x_wconf 80' lang='grc' dir='ltr'>πλάσμα</span> <span class='ocrx_word' id='word_1_746' title='bbox 319 2720 366 2747; x_wconf 86' lang='grc' dir='ltr'>τοῦ</span> <span class='ocrx_word' id='word_1_747' title='bbox 385 2719 508 2756; x_wconf 82' lang='grc' dir='ltr'>Πονηροῦ</span> <span class='ocrx_word' id='word_1_748' title='bbox 528 2718 682 2754; x_wconf 82' lang='grc' dir='ltr'>ἁλισθῆναι,</span> <span class='ocrx_word' id='word_1_749' title='bbox 697 2718 766 2746; x_wconf 82' lang='grc' dir='ltr'>ὥστε</span> <span class='ocrx_word' id='word_1_750' title='bbox 788 2719 826 2755; x_wconf 84' lang='grc' dir='ltr'>μὴ</span> <span class='ocrx_word' id='word_1_751' title='bbox 844 2720 913 2756; x_wconf 79' lang='grc' dir='ltr'>πρὸς</span> 
     </span>
    </p>
   </div>
   <div class='ocr_carea' id='block_1_103' title="bbox 165 2860 481 2896">
    <p class='ocr_par' dir='ltr' id='par_1_103' title="bbox 165 2860 481 2896">
     <span class='ocr_line' id='line_1_103' title="bbox 165 2860 481 2896; baseline 0.003 -8"><span class='ocrx_word' id='word_1_752' title='bbox 165 2861 189 2877; x_wconf 71' lang='grc'><strong>⁸⁸</strong></span> <span class='ocrx_word' id='word_1_753' title='bbox 203 2861 298 2889; x_wconf 82' lang='lat' dir='ltr'><strong>Matth.</strong></span> <span class='ocrx_word' id='word_1_754' title='bbox 313 2869 363 2893; x_wconf 80' lang='lat' dir='ltr'><strong>xu,</strong></span> <span class='ocrx_word' id='word_1_755' title='bbox 377 2860 390 2888; x_wconf 80' lang='grc'><strong>1</strong></span> <span class='ocrx_word' id='word_1_756' title='bbox 405 2868 481 2896; x_wconf 86' lang='lat' dir='ltr'><strong>seqq.</strong></span> 
     </span>
    </p>
   </div>
   <div class='ocr_carea' id='block_1_104' title="bbox 964 2265 1755 2301">
    <p class='ocr_par' dir='ltr' id='par_1_104' title="bbox 964 2265 1755 2301">
     <span class='ocr_line' id='line_1_104' title="bbox 964 2265 1755 2301; baseline 0 -8"><span class='ocrx_word' id='word_1_757' title='bbox 964 2265 1093 2299; x_wconf 78' lang='lat' dir='ltr'><strong>aﬂerunt,</strong></span> <span class='ocrx_word' id='word_1_758' title='bbox 1108 2266 1184 2301; x_wconf 90' lang='lat' dir='ltr'><strong>quod</strong></span> <span class='ocrx_word' id='word_1_759' title='bbox 1198 2266 1305 2294; x_wconf 88' lang='lat' dir='ltr'><strong>scilicet</strong></span> <span class='ocrx_word' id='word_1_760' title='bbox 1321 2267 1496 2295; x_wconf 89' lang='lat' dir='ltr'><strong>terrestribus</strong></span> <span class='ocrx_word' id='word_1_761' title='bbox 1514 2266 1672 2294; x_wconf 88' lang='lat' dir='ltr'><strong>dominetur</strong></span> <span class='ocrx_word' id='word_1_762' title='bbox 1697 2267 1755 2294; x_wconf 82' lang='lat' dir='ltr'><strong>Ma-</strong></span> 
     </span>
    </p>
   </div>
   <div class='ocr_carea' id='block_1_105' title="bbox 964 2309 1756 2346">
    <p class='ocr_par' dir='ltr' id='par_1_105' title="bbox 964 2309 1756 2346">
     <span class='ocr_line' id='line_1_105' title="bbox 964 2309 1756 2346; baseline 0.003 -9"><span class='ocrx_word' id='word_1_763' title='bbox 964 2309 1018 2343; x_wconf 87' lang='lat' dir='ltr'><strong>lus,</strong></span> <span class='ocrx_word' id='word_1_764' title='bbox 1035 2311 1073 2343; x_wconf 85' lang='lat' dir='ltr'><strong>id,</strong></span> <span class='ocrx_word' id='word_1_765' title='bbox 1098 2311 1221 2346; x_wconf 92' lang='lat' dir='ltr'><strong>inquam,</strong></span> <span class='ocrx_word' id='word_1_766' title='bbox 1237 2319 1271 2339; x_wconf 90' lang='lat' dir='ltr'><strong>eo</strong></span> <span class='ocrx_word' id='word_1_767' title='bbox 1287 2312 1411 2340; x_wconf 85' lang='lat' dir='ltr'><strong>adhiberi</strong></span> <span class='ocrx_word' id='word_1_768' title='bbox 1438 2316 1539 2346; x_wconf 82' lang='lat' dir='ltr'><strong>potest,</strong></span> <span class='ocrx_word' id='word_1_769' title='bbox 1564 2317 1595 2339; x_wconf 81' lang='lat' dir='ltr'><strong>ut</strong></span> <span class='ocrx_word' id='word_1_770' title='bbox 1615 2312 1666 2339; x_wconf 91' lang='lat' dir='ltr'><strong>sub</strong></span> <span class='ocrx_word' id='word_1_771' title='bbox 1680 2313 1756 2339; x_wconf 84' lang='lat' dir='ltr'><strong>nullo</strong></span> 
     </span>
    </p>
   </div>
   <div class='ocr_carea' id='block_1_106' title="bbox 964 2356 1756 2391">
    <p class='ocr_par' dir='ltr' id='par_1_106' title="bbox 964 2356 1756 2391">
     <span class='ocr_line' id='line_1_106' title="bbox 964 2356 1756 2391; baseline 0.003 -8"><span class='ocrx_word' id='word_1_772' title='bbox 964 2356 1082 2391; x_wconf 90' lang='lat' dir='ltr'><strong>imperio</strong></span> <span class='ocrx_word' id='word_1_773' title='bbox 1107 2364 1168 2383; x_wconf 89' lang='lat' dir='ltr'><strong>esse</strong></span> <span class='ocrx_word' id='word_1_774' title='bbox 1193 2357 1330 2384; x_wconf 81' lang='lat' dir='ltr'><strong>dicantur.</strong></span> <span class='ocrx_word' id='word_1_775' title='bbox 1357 2357 1408 2390; x_wconf 83' lang='lat' dir='ltr'><strong>Qui</strong></span> <span class='ocrx_word' id='word_1_776' title='bbox 1432 2357 1504 2384; x_wconf 87' lang='lat' dir='ltr'><strong>enim</strong></span> <span class='ocrx_word' id='word_1_777' title='bbox 1519 2357 1635 2384; x_wconf 79' lang='lat' dir='ltr'><strong>mendax</strong></span> <span class='ocrx_word' id='word_1_778' title='bbox 1654 2362 1707 2390; x_wconf 83' lang='lat' dir='ltr'><strong>est,</strong></span> <span class='ocrx_word' id='word_1_779' title='bbox 1728 2363 1756 2386; x_wconf 89' lang='lat' dir='ltr'><strong>et</strong></span> 
     </span>
    </p>
   </div>
   <div class='ocr_carea' id='block_1_107' title="bbox 964 2402 1754 2438">
    <p class='ocr_par' dir='ltr' id='par_1_107' title="bbox 964 2402 1754 2438">
     <span class='ocr_line' id='line_1_107' title="bbox 964 2402 1754 2438; baseline 0.003 -9"><span class='ocrx_word' id='word_1_780' title='bbox 964 2407 1061 2429; x_wconf 87' lang='lat' dir='ltr'><strong>auctor</strong></span> <span class='ocrx_word' id='word_1_781' title='bbox 1078 2402 1226 2434; x_wconf 85' lang='lat' dir='ltr'><strong>mendacii,</strong></span> <span class='ocrx_word' id='word_1_782' title='bbox 1256 2403 1315 2438; x_wconf 85' lang='lat' dir='ltr'><strong>ipse</strong></span> <span class='ocrx_word' id='word_1_783' title='bbox 1328 2403 1379 2431; x_wconf 89' lang='lat' dir='ltr'><strong>sibi</strong></span> <span class='ocrx_word' id='word_1_784' title='bbox 1399 2403 1544 2437; x_wconf 87' lang='lat' dir='ltr'><strong>imperium</strong></span> <span class='ocrx_word' id='word_1_785' title='bbox 1559 2410 1652 2430; x_wconf 89' lang='lat' dir='ltr'><strong>rerum</strong></span> <span class='ocrx_word' id='word_1_786' title='bbox 1668 2408 1754 2431; x_wconf 85' lang='lat' dir='ltr'><strong>terre-</strong></span> 
     </span>
    </p>
   </div>
   <div class='ocr_carea' id='block_1_108' title="bbox 966 2447 1754 2483">
    <p class='ocr_par' dir='ltr' id='par_1_108' title="bbox 966 2447 1754 2483">
     <span class='ocr_line' id='line_1_108' title="bbox 966 2447 1754 2483; baseline 0.003 -9"><span class='ocrx_word' id='word_1_787' title='bbox 966 2447 1063 2475; x_wconf 89' lang='lat' dir='ltr'><strong>strium</strong></span> <span class='ocrx_word' id='word_1_788' title='bbox 1079 2448 1238 2475; x_wconf 79' lang='lat' dir='ltr'><strong>vindicavit.</strong></span> <span class='ocrx_word' id='word_1_789' title='bbox 1258 2448 1287 2475; x_wconf 84' lang='lat' dir='ltr'><strong>Si</strong></span> <span class='ocrx_word' id='word_1_790' title='bbox 1310 2456 1391 2483; x_wconf 88' lang='lat' dir='ltr'><strong>porro</strong></span> <span class='ocrx_word' id='word_1_791' title='bbox 1418 2456 1533 2483; x_wconf 84' lang='lat' dir='ltr'><strong>corpOIa</strong></span> <span class='ocrx_word' id='word_1_792' title='bbox 1562 2453 1626 2476; x_wconf 89' lang='lat' dir='ltr'><strong>sunt</strong></span> <span class='ocrx_word' id='word_1_793' title='bbox 1641 2457 1656 2475; x_wconf 91' lang='lat' dir='ltr'><strong>a</strong></span> <span class='ocrx_word' id='word_1_794' title='bbox 1674 2448 1754 2482; x_wconf 81' lang='lat' dir='ltr'><strong>Malo,</strong></span> 
     </span>
    </p>
   </div>
   <div class='ocr_carea' id='block_1_109' title="bbox 966 2494 1756 2530">
    <p class='ocr_par' dir='ltr' id='par_1_109' title="bbox 966 2494 1756 2530">
     <span class='ocr_line' id='line_1_109' title="bbox 966 2494 1756 2530; baseline 0.003 -10"><span class='ocrx_word' id='word_1_795' title='bbox 966 2494 1103 2529; x_wconf 89' lang='lat' dir='ltr'><strong>quomodo</strong></span> <span class='ocrx_word' id='word_1_796' title='bbox 1122 2494 1247 2529; x_wconf 90' lang='lat' dir='ltr'><strong>discipuli</strong></span> <span class='ocrx_word' id='word_1_797' title='bbox 1264 2494 1304 2522; x_wconf 90' lang='lat' dir='ltr'><strong>sal</strong></span> <span class='ocrx_word' id='word_1_798' title='bbox 1321 2499 1400 2522; x_wconf 88' lang='lat' dir='ltr'><strong>erant</strong></span> <span class='ocrx_word' id='word_1_799' title='bbox 1427 2495 1526 2522; x_wconf 70' lang='lat' dir='ltr'><strong>terrae?</strong></span> <span class='ocrx_word' id='word_1_800' title='bbox 1553 2495 1692 2530; x_wconf 90' lang='lat' dir='ltr'><strong>quomodo</strong></span> <span class='ocrx_word' id='word_1_801' title='bbox 1709 2495 1756 2522; x_wconf 81' lang='lat' dir='ltr'><strong>lux</strong></span> 
     </span>
    </p>
   </div>
   <div class='ocr_carea' id='block_1_110' title="bbox 967 2539 1757 2574">
    <p class='ocr_par' dir='ltr' id='par_1_110' title="bbox 967 2539 1757 2574">
     <span class='ocr_line' id='line_1_110' title="bbox 967 2539 1757 2574; baseline 0.003 -8"><span class='ocrx_word' id='word_1_802' title='bbox 967 2539 1060 2566; x_wconf 88' lang='lat' dir='ltr'><strong>mundi</strong></span> <span class='ocrx_word' id='word_1_803' title='bbox 1075 2539 1118 2566; x_wconf 67' lang='lat' dir='ltr'><strong>ll&quot;2</strong></span> <span class='ocrx_word' id='word_1_804' title='bbox 1136 2548 1168 2567; x_wconf 83' lang='lat' dir='ltr'><strong>ex</strong></span> <span class='ocrx_word' id='word_1_805' title='bbox 1177 2539 1288 2567; x_wconf 88' lang='lat' dir='ltr'><strong>dimidia</strong></span> <span class='ocrx_word' id='word_1_806' title='bbox 1298 2540 1371 2567; x_wconf 89' lang='lat' dir='ltr'><strong>enim</strong></span> <span class='ocrx_word' id='word_1_807' title='bbox 1390 2545 1496 2567; x_wconf 87' lang='lat' dir='ltr'><strong>tantum</strong></span> <span class='ocrx_word' id='word_1_808' title='bbox 1511 2545 1587 2574; x_wconf 89' lang='lat' dir='ltr'><strong>parte</strong></span> <span class='ocrx_word' id='word_1_809' title='bbox 1602 2540 1711 2572; x_wconf 87' lang='lat' dir='ltr'><strong>salient,</strong></span> <span class='ocrx_word' id='word_1_810' title='bbox 1728 2544 1757 2568; x_wconf 88' lang='lat' dir='ltr'><strong>et</strong></span> 
     </span>
    </p>
   </div>
   <div class='ocr_carea' id='block_1_111' title="bbox 967 2586 1753 2622">
    <p class='ocr_par' dir='ltr' id='par_1_111' title="bbox 967 2586 1753 2622">
     <span class='ocr_line' id='line_1_111' title="bbox 967 2586 1753 2622; baseline 0.001 -9"><span class='ocrx_word' id='word_1_811' title='bbox 967 2586 1172 2617; x_wconf 86' lang='lat' dir='ltr'><strong>illuminabunt,</strong></span> <span class='ocrx_word' id='word_1_812' title='bbox 1186 2586 1241 2614; x_wconf 92' lang='lat' dir='ltr'><strong>imo</strong></span> <span class='ocrx_word' id='word_1_813' title='bbox 1255 2594 1321 2614; x_wconf 87' lang='lat' dir='ltr'><strong>vero</strong></span> <span class='ocrx_word' id='word_1_814' title='bbox 1335 2594 1370 2613; x_wconf 89' lang='lat' dir='ltr'><strong>ne</strong></span> <span class='ocrx_word' id='word_1_815' title='bbox 1378 2594 1410 2613; x_wconf 89' lang='lat' dir='ltr'><strong>ex</strong></span> <span class='ocrx_word' id='word_1_816' title='bbox 1419 2586 1529 2614; x_wconf 88' lang='lat' dir='ltr'><strong>dimidia</strong></span> <span class='ocrx_word' id='word_1_817' title='bbox 1543 2587 1651 2621; x_wconf 87' lang='lat' dir='ltr'><strong>quidem</strong></span> <span class='ocrx_word' id='word_1_818' title='bbox 1667 2592 1753 2622; x_wconf 85' lang='lat' dir='ltr'><strong>parte.</strong></span> 
     </span>
    </p>
   </div>
   <div class='ocr_carea' id='block_1_112' title="bbox 967 2632 1755 2661">
    <p class='ocr_par' dir='ltr' id='par_1_112' title="bbox 967 2632 1755 2661">
     <span class='ocr_line' id='line_1_112' title="bbox 967 2632 1755 2661; baseline 0 -2"><span class='ocrx_word' id='word_1_819' title='bbox 967 2632 1035 2660; x_wconf 84' lang='lat' dir='ltr'><strong>Nam</strong></span> <span class='ocrx_word' id='word_1_820' title='bbox 1050 2633 1170 2661; x_wconf 85' lang='lat' dir='ltr'><strong>vicissim</strong></span> <span class='ocrx_word' id='word_1_821' title='bbox 1187 2632 1330 2661; x_wconf 85' lang='lat' dir='ltr'><strong>dimidiam</strong></span> <span class='ocrx_word' id='word_1_822' title='bbox 1358 2637 1463 2660; x_wconf 87' lang='lat' dir='ltr'><strong>tantum</strong></span> <span class='ocrx_word' id='word_1_823' title='bbox 1485 2632 1613 2660; x_wconf 69' lang='lat' dir='ltr'><strong>humanae</strong></span> <span class='ocrx_word' id='word_1_824' title='bbox 1627 2633 1755 2660; x_wconf 82' lang='lat' dir='ltr'><strong>substan-</strong></span> 
     </span>
    </p>
   </div>
   <div class='ocr_carea' id='block_1_113' title="bbox 967 2677 1754 2712">
    <p class='ocr_par' dir='ltr' id='par_1_113' title="bbox 967 2677 1754 2712">
     <span class='ocr_line' id='line_1_113' title="bbox 967 2677 1754 2712; baseline 0 -8"><span class='ocrx_word' id='word_1_825' title='bbox 967 2677 1011 2705; x_wconf 63' lang='lat' dir='ltr'><strong>tia}</strong></span> <span class='ocrx_word' id='word_1_826' title='bbox 1026 2682 1141 2712; x_wconf 82' lang='lat' dir='ltr'><strong>partem,</strong></span> <span class='ocrx_word' id='word_1_827' title='bbox 1171 2685 1224 2705; x_wconf 90' lang='lat' dir='ltr'><strong>non</strong></span> <span class='ocrx_word' id='word_1_828' title='bbox 1241 2685 1308 2705; x_wconf 87' lang='lat' dir='ltr'><strong>vero</strong></span> <span class='ocrx_word' id='word_1_829' title='bbox 1323 2677 1372 2705; x_wconf 87' lang='lat' dir='ltr'><strong>toti</strong></span> <span class='ocrx_word' id='word_1_830' title='bbox 1399 2678 1503 2706; x_wconf 91' lang='lat' dir='ltr'><strong>homini</strong></span> <span class='ocrx_word' id='word_1_831' title='bbox 1526 2678 1552 2705; x_wconf 87' lang='lat' dir='ltr'><strong>id</strong></span> <span class='ocrx_word' id='word_1_832' title='bbox 1575 2677 1754 2712; x_wconf 69' lang='lat' dir='ltr'><strong>praestabunt,</strong></span> 
     </span>
    </p>
   </div>
   <div class='ocr_carea' id='block_1_114' title="bbox 965 2722 1755 2757">
    <p class='ocr_par' dir='ltr' id='par_1_114' title="bbox 965 2722 1755 2757">
     <span class='ocr_line' id='line_1_114' title="bbox 965 2722 1755 2757; baseline 0 -7"><span class='ocrx_word' id='word_1_833' title='bbox 965 2722 1097 2751; x_wconf 87' lang='lat' dir='ltr'><strong>Creatura</strong></span> <span class='ocrx_word' id='word_1_834' title='bbox 1116 2723 1188 2752; x_wconf 89' lang='lat' dir='ltr'><strong>enim</strong></span> <span class='ocrx_word' id='word_1_835' title='bbox 1200 2723 1262 2752; x_wconf 86' lang='lat' dir='ltr'><strong>Mali</strong></span> <span class='ocrx_word' id='word_1_836' title='bbox 1274 2724 1414 2752; x_wconf 83' lang='lat' dir='ltr'><strong>salituram</strong></span> <span class='ocrx_word' id='word_1_837' title='bbox 1429 2732 1485 2752; x_wconf 87' lang='lat' dir='ltr'><strong>non</strong></span> <span class='ocrx_word' id='word_1_838' title='bbox 1501 2724 1631 2757; x_wconf 87' lang='lat' dir='ltr'><strong>admittit,</strong></span> <span class='ocrx_word' id='word_1_839' title='bbox 1649 2730 1684 2750; x_wconf 91' lang='lat' dir='ltr'><strong>ne</strong></span> <span class='ocrx_word' id='word_1_840' title='bbox 1698 2731 1755 2750; x_wconf 80' lang='lat' dir='ltr'><strong>ma-</strong></span> 
     </span>
    </p>
   </div>
   <div class='ocr_carea' id='block_1_115' title="bbox 519 2857 1307 2893">
    <p class='ocr_par' dir='ltr' id='par_1_115' title="bbox 519 2857 1307 2893">
     <span class='ocr_line' id='line_1_115' title="bbox 519 2857 1307 2893; baseline 0.003 -7"><span class='ocrx_word' id='word_1_841' title='bbox 519 2860 542 2876; x_wconf 84' lang='lat'><strong>&quot;</strong></span> <span class='ocrx_word' id='word_1_842' title='bbox 566 2858 662 2886; x_wconf 86' lang='lat' dir='ltr'><strong>Matth.</strong></span> <span class='ocrx_word' id='word_1_843' title='bbox 684 2866 720 2892; x_wconf 84' lang='lat' dir='ltr'><strong>tv,</strong></span> <span class='ocrx_word' id='word_1_844' title='bbox 737 2858 764 2885; x_wconf 89' lang='grc'><strong>9.</strong></span> <span class='ocrx_word' id='word_1_845' title='bbox 802 2858 825 2874; x_wconf 71' lang='grc'>⁸⁸</span> <span class='ocrx_word' id='word_1_846' title='bbox 837 2857 918 2886; x_wconf 81' lang='lat' dir='ltr'><strong>Joan.</strong></span> <span class='ocrx_word' id='word_1_847' title='bbox 935 2859 1050 2892; x_wconf 62' lang='lat'><strong>“11,45.</strong></span> <span class='ocrx_word' id='word_1_848' title='bbox 1088 2859 1110 2876; x_wconf 85' lang='lat'><strong>&quot;</strong></span> <span class='ocrx_word' id='word_1_849' title='bbox 1124 2859 1253 2893; x_wconf 84' lang='lat' dir='ltr'><strong>Matth.v,</strong></span> <span class='ocrx_word' id='word_1_850' title='bbox 1265 2860 1307 2888; x_wconf 80' lang='lat' dir='ltr'><strong>l5.</strong></span> 
     </span>
    </p>
   </div>
  </div>
