1930 3079
161 111 214 145 195

727 111 860 144 PHOTII
878 110 1134 142 PATRIARCHIE
1151 111 1207 142 (ΣΡ.

1737 113 1786 145 196

158 169 215 197 litia
238 168 273 196 ad
291 168 463 204 putredinem
480 167 615 197 inclinare
639 168 737 204 possit,
754 176 816 196 cum
832 173 888 196 tota
898 175 948 203 pu-

1001 168 1121 203 σαπριαν
1128 168 1190 195 τινὰ
1198 167 1297 196 κακίαν
1305 168 1463 202 ἀποκλῖναι,
1469 168 1530 196 ὅλον
1537 168 1604 196 αὐτὸ
1612 168 1723 206 τοιαύτη
1731 170 1787 203 (94)

158 215 237 243 tredo
258 216 382 242 exsistat.
409 215 503 250 Neque
532 215 603 242 idem
622 215 751 243 idoneum
771 220 812 242 cst
828 215 861 242 ad
875 215 948 242 reci-

157 261 270 296 piendas
297 261 366 288 lucis
393 261 546 293 stricturas,
577 261 715 297 praecipue
743 269 806 288 cum
833 267 948 288 erronea

158 314 252 333 eorum
267 306 390 333 doctrina
415 306 441 333 id
453 314 562 342 quoque
576 307 664 335 tradat
678 315 738 338 eos.
758 307 803 341 qui
822 307 857 334 ad
872 307 948 341 ejus-

158 352 230 379 modi
245 351 308 386 quid
323 352 536 386 perpetrandum
553 352 681 379 destinati
699 352 763 384 sint,
791 351 948 378 facultatem

160 397 231 424 illam
265 404 318 423 non
346 397 458 429 habere,
500 397 547 424 sed
564 405 579 424 a
599 397 705 424 delictis
731 397 787 424 suis
824 396 947 423 retineri.

157 443 271 476 Quando
293 451 356 470 vero
381 443 439 478 ipse
465 443 594 470 Servator
621 444 722 471 diserte
741 443 859 470 clamat:
889 443 947 470 Non

157 488 429 523 venitegemsolvere,
463 494 510 515 aut
535 490 688 524 prop/tetas,
712 490 757 516 sed
777 488 886 523 implere
912 489 947 521 '°,

157 535 292 569 quomodo
311 535 546 569 impudentissima
562 535 706 569 impiorum
726 543 803 562 ulcus
824 542 877 562 non
900 542 946 562 ve-

159 586 236 607 retur
253 581 357 613 dicere,
389 581 476 616 legem
492 586 519 608 et
534 581 680 616 prophetas
698 589 712 608 a
728 581 799 608 malo
815 580 949 616 principio

159 626 295 660 proiectas
314 633 384 658 esse,
413 631 495 661 atque
521 626 585 653 huic
609 627 636 652 iu
664 627 717 653 vita
747 627 849 654 cultqu
870 627 948 654 exiri-

159 671 269 698 buissc?
297 670 325 698 Si
342 671 414 699 enim
440 672 570 699 Servatur
591 677 685 699 uoster
706 672 801 707 implet
821 673 907 707 legem
923 676 950 699 et

159 717 317 751 prophetas,
335 722 552 751 consequeretur
570 725 602 745 ex
618 718 727 745 duobus
749 718 948 751 abominandis,

1001 214 1123 248 πεφυκὸς
1135 214 1250 249 σαπρία.
1267 214 1323 240 Καὶ
1348 214 1402 250 μὴν
1417 215 1464 241 καὶ
1490 214 1677 250 ἀνεπιτήδειον
1692 215 1788 243 ὐποδέ-

1003 259 1098 292 ξασθαι
1109 260 1159 291 τὰς
1171 259 1218 286 τοῦ
1234 259 1322 294 φωτὸς
1342 260 1534 295 μαρμαρυγὰς,
1557 260 1674 296 μάλιστά
1686 270 1718 295 γε
1739 262 1788 297 τῆς

1002 305 1106 340 πλάνης
1121 305 1385 342 συνυποϐαλλούσης,
1397 306 1445 333 καὶ
1457 307 1521 338 τοὺς
1532 307 1619 334 ταῦτα
1633 308 1788 342 καταπράτ-

1001 350 1096 377 τεσθαι
1112 352 1399 387 κεχειροτονουμένους
1415 353 1466 388 τὴν
1482 353 1558 387 ἰσχὺν
1575 353 1625 379 οὐκ
1640 353 1723 388 ἔχειν,
1739 354 1788 381 in

1001 396 1033 432 δὴ
1052 398 1108 429 τοῖς
1120 397 1188 430 ῐσοις
1203 398 1363 434 αἰτιάμασιν
1385 399 1572 434 ἐνεχομένους.
1584 400 1649 426 Ὅτε
1665 400 1694 427 δὲ
1707 400 1788 432 αὐτὸς

1001 443 1015 468 ὁ
1034 442 1130 477 Σωτὴρ
1142 442 1277 478 λαμπρῶς
1287 443 1438 478 ἀνακράζει
1451 451 1457 457 ·
1473 444 1534 470 οὐκ
1549 442 1644 478 ἦλθον
1659 445 1788 472 καταλῦ-

1001 496 1052 516 σαι
1063 491 1117 517 τὸν
1133 492 1228 526 νόμον
1237 492 1256 525 ἢ
1269 491 1340 525 τοὺς
1351 491 1518 525 προφήτας,
1530 491 1610 519 ἀλλὰ
1622 492 1788 526 πληρῶσαι-

1002 536 1060 567 πῶς
1075 536 1105 563 οὑ
1125 537 1227 563 δέδοικε
1254 537 1285 564 τὸ
1309 538 1487 572 ἀναίσχυντον
1516 538 1571 563 τῶν
1595 538 1703 565 ἀσεϐῶν
1728 539 1791 574 φρό-

1002 591 1076 617 νημα
1090 582 1135 609 τὸν
1147 583 1230 618 νόμον
1246 583 1293 609 καὶ
1310 584 1374 615 τοὺς
1397 584 1539 619 προφήτας
1557 584 1680 619 πονηρᾶς
1700 584 1790 619 λέγειν

1003 628 1144 662 προελθεῖν
1157 630 1254 664 ἀρχῆς,
1273 629 1319 656 καὶ
1334 629 1436 665 ταύτην
1452 629 1496 657 διὰ
1507 630 1565 665 βίου
1581 630 1785 666 τεθεραπευκέ-

1003 683 1064 708 vat;
1084 676 1114 701 Et
1125 675 1180 710 γὰρ
1196 676 1342 711 πληρωτὴς
1354 676 1428 703 ἐστιν
1449 676 1463 702 ὁ
1477 677 1571 712 Σωτὴρ
1587 677 1666 712 ἡμῶν
1687 677 1733 704 τοῦ
1749 677 1790 704 νό-

1004 729 1055 757 μου
1075 722 1122 748 καὶ
1143 723 1198 748 τῶν
1215 723 1372 757 προφητῶν,
1387 723 1430 758 εἴη
1445 723 1473 749 δὲ
1497 723 1588 754 αὐτοῖς
1611 723 1642 749 τὸ
1657 724 1790 759 ἑπόμενον

159 767 187 789 et
205 762 231 788 in
248 763 367 796 ipsorum
384 763 532 797 perniciem
558 764 744 799 vergentibus,
773 764 947 797 alterutrum,

1003 767 1164 802 βλάσφημον
1186 768 1421 803 περιτρεπόμενον
1440 769 1480 801 εἰς
1494 769 1544 800 τὰς
1560 769 1698 804 κεφαλὰς,
1717 769 1790 797 δυοῖν

159 808 201 835 vel
218 809 288 842 quod
312 808 411 835 Malunt
430 808 456 835 in
472 808 574 835 Bonum
598 813 770 842 convertant,
789 810 831 836 vel
846 810 867 837 si
885 810 949 837 illud

161 853 271 880 malitia:
296 854 421 881 terminis
455 854 693 890 circumscriptum
719 860 838 886 maneat,
877 855 950 890 quod

159 899 300 927 Christum
315 905 509 934 spontaneum,
524 900 598 927 illius
607 901 762 928 ministrum
774 901 950 934 constituant,

160 945 205 979 qui
220 953 269 979 per
284 945 418 972 infinitam
444 953 520 972 suam
546 946 695 973 bonitatem
721 946 782 974 ideo
808 947 890 979 venit,
921 952 952 975 ut

161 991 259 1018 Malum
277 991 434 1018 deturbaret
449 991 482 1018 de
497 991 612 1026 imperio
637 992 709 1027 quod
735 992 805 1019 inter
828 993 951 1020 homines

161 1042 280 1064 exercet.
313 1037 359 1064 illa
382 1044 447 1064 vero
475 1037 558 1064 verba
574 1046 580 1064 :
599 1038 682 1065 Amen
701 1039 758 1065 dico
771 1039 850 1071 vobis,
871 1039 952 1066 donec

160 1082 295 1108 transierit
307 1082 400 1109 caelum
410 1086 434 1108 et
449 1086 531 1114 terra,
565 1083 620 1109 iota
636 1091 715 1109 unum
728 1089 773 1110 aut
793 1092 862 1111 unus
884 1092 952 1119 apex

161 1136 213 1155 non
234 1128 355 1155 transibit
376 1137 392 1154 ιι
417 1128 491 1163 Lege,
516 1128 597 1155 donec
623 1130 710 1156 omnia
731 1130 796 1164 ﬁant
818 1131 853 1162 “,
879 1139 952 1158 nun-

161 1182 242 1208 quam
257 1174 426 1208 probationis
446 1174 631 1202 accessionem
656 1175 821 1203 admittunt.
855 1176 951 1204 Nonne

160 1220 252 1254 potius
268 1219 369 1246 erroris
388 1219 558 1246 eversionem
587 1220 760 1254 cbuecinant,
789 1226 836 1248 aut
870 1223 950 1249 indo-

161 1265 224 1292 mila
235 1265 379 1299 impiorum
391 1272 438 1291 ora
458 1264 597 1297 obturant,
618 1266 726 1293 etiamsi
742 1267 880 1294 mordicus
901 1267 950 1294 ad-

161 1309 214 1335 huc
230 1309 453 1341 Iuericoncntur,
481 1308 554 1343 quod
569 1309 613 1336 lex
639 1313 667 1336 et
687 1310 828 1345 prophetae
849 1318 864 1338 a
881 1310 951 1339 Malo

160 1355 236 1382 sint!

1003 811 1125 847 θάτερον,
1152 813 1168 847 ἢ
1198 813 1247 848 τὴν
1267 813 1389 849 πονηρὰν
1413 814 1645 849 μεταπλάττουσιν
1677 816 1717 846 et;
1741 815 1790 850 τὴν

1002 858 1084 892 φύσιν
1101 858 1148 884 τοῦ
1163 858 1277 893 ἀγαθοῦ,
1302 859 1318 894 ἢ
1333 860 1363 886 τὸ
1383 859 1530 892 ἀνάπαλιν,
1547 860 1681 895 μένουσαν
1703 860 1732 886 ὲν
1756 861 1790 896 τῇ

1004 901 1057 936 {Sta
1075 902 1124 936 τῆς
1139 902 1237 933 κακίας
1249 905 1420 939 περιγραφῇ,
1431 904 1555 931 ἑκούσιον
1569 905 1710 939 ὑπηρέτην
1723 904 1789 931 ταύ-

1001 955 1051 981 της
1065 947 1204 981 γενέσθαι,
1217 948 1429 980 καταδικάζουσι
1448 950 1494 976 τὸν
1509 950 1554 977 διὰ
1573 951 1673 986 πολλὴν
1690 951 1790 985 ἀγαθό-

1001 1000 1081 1026 τητα,
1100 993 1146 1020 καὶ
1164 994 1212 1028 τῆς
1227 994 1256 1020 ὲν
1271 993 1427 1029 ἀνθρώποις
1452 994 1507 1021 τῶν
1525 994 1619 1021 παθῶν
1634 995 1790 1031 τυραννίδος

1002 1040 1207 1074 παραγεγονότα
1226 1039 1351 1067 καθελεῖν
1377 1041 1474 1076 αὑτήν.
1493 1041 1529 1067 Τὸ
1545 1041 1592 1074 δὲ,
1610 1041 1699 1076 Ἀμὴν
1713 1041 1790 1076 λέγω

1001 1084 1082 1119 ὑμῖν,
1096 1085 1151 1119 ἕως
1162 1085 1201 1113 ἂν
1215 1086 1350 1121 παρέλθῃ
1373 1088 1390 1113 ὁ
1404 1087 1533 1121 οὐρανὸς
1551 1088 1601 1116 καὶ
1615 1089 1635 1122 ἡ
1658 1088 1707 1123 γῆ,
1720 1087 1789 1115 ὶιῖιτιι

1001 1131 1035 1157 ἓν
1054 1132 1073 1165 ἢ
1085 1133 1140 1166 μία
1151 1133 1254 1166 κεραιά
1267 1134 1303 1160 οὐ
1318 1133 1360 1168 μὴ
1385 1133 1521 1168 παρέλθῃ
1535 1134 1594 1161 ἀπὸ
1611 1134 1665 1162 τοῦ
1683 1135 1789 1169 νόμον,

1000 1177 1056 1210 ἕως
1067 1178 1106 1205 ἂν
1117 1179 1215 1205 πάντα
1228 1178 1359 1214 γένηται,
1376 1179 1437 1206 τίνα
1457 1180 1506 1215 μὲν
1518 1180 1690 1215 βεϐαιώσεως
1704 1181 1790 1216 ὑπερα

1001 1223 1083 1258 ϐολὴν
1097 1224 1238 1251 ἀπολείπει
1251 1223 1305 1250 τινί
1317 1232 1324 1258 ;
1336 1223 1395 1255 πῶς
1409 1225 1430 1251 δ’
1443 1225 1475 1251 οὐ
1489 1226 1540 1261 τὴν
1549 1226 1600 1261 τῆς
1608 1226 1712 1262 πλάνης
1727 1227 1790 1254 σαλ-

1001 1269 1075 1300 πίζει
1093 1270 1297 1306 καταστροφὴν,
1306 1271 1323 1306 ἢ
1339 1271 1374 1297 τὰ
1383 1270 1438 1297 τῶν
1451 1271 1559 1298 ἀσεϐῶν
1572 1273 1623 1300 οὐκ
1637 1273 1789 1308 ἐμφράττει

1000 1313 1132 1341 ἀπύλωτα
1144 1315 1278 1350 στόματα,
1296 1317 1348 1342 κᾶν
1365 1316 1410 1342 ὑπ’
1425 1316 1520 1343 ὀθόντα
1537 1317 1728 1351 φιλονεικῶσιν
1749 1317 1790 1344 ἔτι.

1000 1360 1246 1395 παραφθέγγεσθαι
1262 1361 1308 1388 τὸν
1321 1361 1404 1397 νόμον
1421 1362 1469 1389 καὶ
1481 1363 1545 1395 τοὺς
1563 1363 1706 1399 προφήτας
1720 1361 1790 1391 εῖναι

1000 1406 1047 1433 τοῦ
1065 1406 1189 1442 Πονηροῦ
1202 1415 1209 1440 ;

196 1456 240 1483 Ix.
256 1455 371 1489 Quando
384 1463 449 1483 vero
476 1455 614 1483 audiveris
631 1454 825 1490 evangelistam
845 1455 948 1483 adven-

1035 1452 1074 1480 8’.
1090 1453 1174 1479 ὀταν
1196 1453 1225 1479 δὲ
1247 1453 1294 1480 τὸν
1315 1452 1512 1490 εὖαγγελιστὴν
1534 1454 1654 1492 ἀκούσῃς
1670 1454 1721 1490 τὴν
1742 1453 1790 1481 τοῦ

161 1507 218 1530 tum
231 1502 296 1529 Jesu
322 1503 433 1535 Christi,
449 1501 508 1529 Filii
524 1501 582 1534 Dei,
604 1501 824 1535 iuenarrabilem,
837 1502 950 1536 ejusque

160 1548 280 1576 actiones
295 1555 403 1576 omnem
420 1556 574 1575 sermonem
587 1548 752 1576 excedentes
769 1547 832 1575 inde
845 1555 861 1574 a
873 1548 950 1583 prin~

159 1595 231 1630 cipio
244 1595 277 1622 ad
295 1595 441 1629 prophetas
467 1595 606 1630 (tanquam
623 1594 802 1629 praenuntios)
827 1594 949 1621 referen-

160 1646 225 1671 tem,
251 1648 342 1668 nonne
366 1641 470 1674 pudore
495 1645 521 1667 et
548 1640 709 1675 paenitentia
733 1640 852 1672 duceris,
876 1639 949 1674 quod

159 1695 207 1715 eos
219 1686 316 1721 injuria
333 1687 440 1714 allicere
455 1686 566 1719 audeas,
584 1692 653 1721 quos
665 1693 742 1713 sacra
755 1686 863 1712 oracula
882 1685 948 1712 tanti

159 1733 292 1769 mysterii,
318 1739 438 1760 :unorem
457 1732 483 1758 in
504 1732 629 1759 homines
647 1731 784 1763 testantis,
808 1738 950 1766 praecones

159 1784 187 1806 et
201 1779 327 1806 doctores
340 1778 521 1810 constituunt,
542 1782 570 1805 et
584 1785 700 1812 quorum
718 1777 846 1805 vaticinia
863 1777 949 1804 Evan-

159 1825 220 1860 gelii
243 1829 307 1852 sunt
330 1823 558 1851 fundamentum?
582 1823 693 1850 Initium
714 1823 784 1850 enim
810 1822 949 1858 Evangelii

157 1869 221 1896 Iesu
233 1869 339 1902 Christi,
359 1868 424 1896 Filii
441 1869 500 1902 Dei,
519 1868 618 1904 inquit,
642 1869 710 1895 sicut
723 1869 851 1904 scriptum
864 1873 903 1896 est
921 1869 948 1895 in

159 1915 306 1949 prophetis:
318 1914 384 1942 Ecce
393 1923 439 1949 ego
452 1916 527 1941 mitto
541 1914 663 1949 angelum
675 1922 761 1941 meum
776 1920 838 1942 ante
853 1915 948 1950 facient

158 1967 245 1992 tuam,
265 1961 310 1996 qui
327 1961 433 1995 parabit
448 1961 518 1987 viam
533 1965 607 1987 tuam
627 1965 688 1987 ante
705 1966 730 1987 te
745 1961 779 1987 ".
804 1960 870 1993 Quis
883 1967 948 1987 vero

159 2007 244 2040 misit,
260 2011 290 2033 ut
311 2013 453 2042 pararetur
469 2006 513 2033 via
522 2006 586 2034 boni
602 2006 663 2033 Filii
676 2011 703 2034 et
717 2006 774 2039 Dei,
789 2006 840 2033 nisi
857 2007 947 2034 bonus

158 2054 248 2085 Pater,
257 2052 301 2087 qui
315 2060 363 2087 per
376 2060 440 2080 suos
456 2052 483 2079 in
498 2052 558 2087 lege
572 2052 712 2079 ministros
727 2052 822 2079 multis
840 2053 947 2081 saeculis

158 2104 222 2127 ante
235 2097 383 2130 nuntiavit,
408 2096 508 2125 Filium
522 2097 608 2125 suum'
618 2105 704 2131 usque
726 2097 760 2124 ad
785 2097 948 2132 assumptio-

157 2152 221 2173 nem
247 2144 338 2172 carnis
358 2147 386 2171 et
406 2143 548 2178 sanguinis
572 2143 743 2170 exinanitum
766 2143 818 2170 iri?
840 2142 869 2170 In
894 2143 949 2171 line

157 2198 222 2218 vero
236 2195 390 2224 temporum
415 2188 523 2216 illorum
552 2189 680 2223 angelum
695 2196 786 2221 suum,
803 2188 947 2221 Joannem,

157 2235 231 2263 misit
245 2235 381 2262 dicentem
397 2243 404 2261 :
423 2233 523 2261 Parata
543 2234 613 2260 viam
627 2233 744 2266 Domini,
763 2238 849 2260 rectas
870 2234 949 2267 facile

156 2281 265 2308 semitas
276 2280 384 2314 ejus".
409 2279 515 2314 Aquam
541 2286 618 2311 vero,
647 2278 675 2305 in
704 2286 758 2313 qua
789 2279 950 2307 submersus

154 2324 245 2357 Jesus,
270 2323 645 2356 hominumnamantissimus,
675 2330 786 2351 omnem
812 2324 948 2358 justitiam

155 2369 290 2404 implevit,
305 2369 444 2404 quomodo
457 2369 501 2396 vel
514 2369 643 2404 tetigerit,
653 2377 689 2397 ne
703 2369 802 2402 dicam,
815 2377 846 2397 ea
858 2370 948 2398 omni-

156 2423 192 2443 no
215 2416 281 2450 tingi
301 2415 474 2448 sustinuerit,
500 2423 616 2450 eamque
632 2416 794 2451 purificandi
822 2420 849 2443 et
865 2424 947 2444 mun-

156 2462 237 2489 dandi
254 2462 380 2490 facultate
394 2462 567 2496 instruxerit,
595 2462 650 2490 nisi
671 2470 729 2490 sua:
742 2462 844 2497 potius,
862 2470 945 2497 quam

190 2530 214 2547 9°
221 2529 316 2558 Matth.
326 2539 353 2564 v,
361 2531 406 2559 Π.

1009 1498 1096 1533 Ἰησοῦ
1112 1498 1231 1534 Χριστοῦ
1254 1498 1302 1525 τοῦ
1321 1499 1385 1526 Υἱοῦ
1411 1500 1458 1526 τοῦ
1475 1500 1543 1527 Θεοῦ
1563 1501 1703 1536 ἄφραστον
1728 1501 1790 1529 ἑπι-

1002 1543 1112 1578 δημιαν,
1133 1543 1181 1570 καὶ
1199 1544 1248 1576 τὰς
1261 1545 1330 1581 ὑπὲρ
1345 1544 1423 1579 λόγον
1439 1545 1554 1581 πράξεις
1572 1547 1620 1573 ἀπ’
1635 1546 1721 1582 αὐτῆς
1739 1547 1790 1583 ἁρ-

1002 1588 1055 1623 Χῆς
1067 1590 1107 1621 εις
1120 1590 1185 1621 τοὺς
1201 1591 1344 1625 προφήτας
1366 1591 1551 1628 ἀναφέροντα,
1567 1592 1626 1624 πῶς
1642 1593 1692 1619 οὐκ
1708 1593 1792 1626 αἰδώς

1004 1643 1034 1661 σε
1058 1634 1193 1670 λαμϐάνει
1212 1636 1261 1662 καὶ
1278 1636 1419 1671 μετάνοια,
1439 1637 1498 1664 ἀνθ’
1510 1635 1547 1664 ὧν
1563 1638 1705 1674 ἐνυϐρίσαι
1718 1647 1791 1674 παρ-

1003 1680 1121 1716 ηνέχθης
1131 1700 1139 1713 ,
1151 1681 1199 1713 οὒς
1214 1681 1370 1717 ἀναγράφει
1385 1682 1419 1709 τὰ
1437 1683 1498 1718 ιερὰ
1514 1684 1611 1718 Λόγια,
1626 1683 1788 1719 τηλικούτου

1003 1726 1195 1762 φιλανθρώπου
1215 1728 1366 1764 μυστηρίου
1386 1729 1511 1764 κήρυκάς
1534 1737 1564 1755 τε
1591 1729 1638 1755 καὶ
1655 1729 1791 1764 ἑκφάντο-

1004 1781 1053 1808 ρας
1065 1793 1072 1805 ,
1095 1773 1142 1799 καὶ
1161 1769 1198 1799 ὧν
1218 1774 1247 1800 αι
1267 1775 1433 1810 προφητεῖαι
1455 1774 1502 1801 τοῦ
1522 1775 1691 1809 Εὑαγγελίου
1707 1775 1791 1811 θεμέ-

1002 1819 1074 1852 λιο;;
1098 1819 1187 1854 Ἀρχὴ
1205 1819 1272 1856 γὰρ,
1289 1820 1382 1855 φασὶν,
1400 1821 1454 1848 τοῦ
1478 1821 1662 1856 anm-exim;
1693 1821 1791 1856 Ἰησοῦ

1002 1866 1131 1900 Χριστοῦ
1147 1867 1217 1894 Υὶοῦ
1224 1866 1278 1893 τοῦ
1288 1865 1374 1899 Θεοῦ,
1385 1867 1425 1899 ὼς
1437 1866 1597 1902 γέγραπται
1605 1868 1641 1894 ἐν
1650 1867 1712 1901 τοῖς
1721 1876 1792 1902 προ-

1001 1912 1109 1946 φήταις
1125 1912 1198 1948 (95)·
1221 1912 1300 1940 Ἰδοὺ
1319 1912 1378 1947 ἐγὼ
1388 1913 1568 1940 ἀποστέλλω
1581 1913 1635 1940 τὸν
1660 1913 1792 1948 ἄγγελόν

999 1966 1058 1992 μου
1073 1957 1131 1991 πρὸ
1149 1957 1312 1992 προσώπου
1339 1965 1398 1985 σου
1409 1978 1416 1991 ,
1438 1957 1473 1991 ὃς
1489 1958 1718 1992 ,κατασκευάσει
1733 1959 1792 1994 τὴν

1001 2003 1073 2030 ὀδόν
1086 2010 1145 2030 σου
1159 2003 1329 2038 ἔμπροσθέν
1343 2012 1412 2030 σου.
1438 2004 1487 2036 Τίς
1501 2004 1524 2030 δ’
1541 2004 1688 2031 ἀπέστελλε
1702 2014 1790 2032 κατα-

1001 2049 1144 2081 σκευάζειν
1159 2050 1208 2084 τὴν
1222 2049 1281 2076 ὁδὸν
1294 2049 1340 2076 τοῦ
1355 2049 1460 2084 ἀγαθοῦ
1475 2049 1541 2076 Υἱοῦ
1555 2051 1602 2078 καὶ
1616 2051 1696 2084 Θεοῦ,
1711 2052 1736 2078 el
1750 2051 1790 2087 μὴ

999 2096 1014 2122 ὁ
1038 2095 1140 2130 ἀγαθὸς
1165 2096 1272 2131 Πατὴρ,
1289 2095 1318 2128 ὃς
1338 2095 1382 2122 διὰ
1396 2096 1451 2123 τῶν
1465 2097 1495 2123 ὲν
1512 2097 1552 2132 τῷ
1567 2097 1644 2133 νόμῳ
1656 2097 1791 2133 θεραπόν-

1000 2150 1054 2168 των
1075 2141 1158 2168 αὒτοῦ
1172 2142 1222 2177 τὴν
1245 2142 1326 2178 μέχρι
1343 2143 1445 2178 σαρκὸς
1461 2143 1509 2171 καὶ
1530 2143 1646 2179 αῐματος
1659 2143 1707 2171 τοῦ
1724 2143 1789 2170 Υιοῦ

999 2187 1117 2214 κένωσιν
1148 2187 1260 2214 ἔσεσθαι
1294 2187 1402 2220 πολλοῖς
1434 2188 1540 2224 χρόνοις
1572 2189 1788 2224 προεθέσπιζενς

1005 2231 1068 2258 Ἐπὶ
1080 2231 1152 2258 τέλει
1165 2232 1195 2259 δὲ
1206 2233 1261 2259 τῶν
1271 2232 1377 2259 αἰώνων
1391 2234 1439 2260 καὶ
1454 2234 1501 2260 τὸν
1516 2234 1632 2269 ἄγγελον
1648 2234 1732 2261 αὑτοῦ
1743 2234 1790 2261 τὸν

1005 2277 1134 2313 Ἰωάννην
1165 2277 1316 2305 ἀπέστελλε
1341 2278 1476 2313 λέγοντα·
1512 2279 1702 2315 Ἑτοιμάσατε
1731 2280 1790 2313 τὴν

999 2323 1072 2350 ὁδὸν
1085 2323 1196 2357 Κυρίου
1206 2343 1214 2356 ,
1225 2324 1344 2357 εὐθείας
1358 2325 1468 2352 ποιεῖτε
1481 2325 1535 2358 τὰς
1551 2326 1670 2359 τρίϐους
1682 2326 1788 2353 αὑτοῦ.

1000 2369 1054 2397 Τοῦ
1081 2370 1109 2396 δὲ
1135 2369 1242 2402 ὕδατος,
1262 2371 1291 2397 ὲν
1312 2367 1334 2405 ᾧ
1350 2371 1539 2400 καταδεδυκὼς
1562 2372 1576 2397 ό
1598 2371 1790 2407 φιλάνθρωπος

1005 2416 1110 2451 Ἰησοῦς
1138 2417 1231 2443 πᾶσαν
1257 2416 1432 2452 δικαιοσύνην
1457 2417 1612 2454 ἐπλήρωσε,
1640 2417 1698 2449 πῶς
1720 2417 1790 2449 ὅλως

998 2462 1119 2496 ψαῦσαι,
1144 2462 1183 2498 μὴ
1204 2463 1246 2489 ὁτι
1262 2471 1294 2497 γε
1313 2463 1427 2490 καθόλου
1451 2464 1481 2491 ὲν
1498 2462 1572 2499 αὐτῷ
1587 2462 1790 2499 βαπτισθῆναι,

457 2531 479 2547 ⁹¹
501 2530 568 2559 ibid.
585 2530 628 2559 18.
665 2531 688 2547 ⁹¹
704 2530 786 2558 Marc.
802 2538 820 2563 I,
840 2530 865 2563 l,
882 2531 910 2558 2.
956 2531 979 2547 "
995 2530 1061 2558 ibid.
1077 2531 1104 2558 5.

676 2599 796 2627 νΑιιιιΕ
833 2599 1026 2628 LECTIONES
1053 2600 1099 2628 ET
1118 2599 1236 2628 NOTAE.

191 2671 247 2707 (94)
266 2670 399 2707 Τοιαύτη,
411 2669 462 2697 Ms.
475 2669 501 2707 in
513 2670 595 2698 dandi
611 2678 674 2697 casu
690 2669 766 2705 legit,
780 2669 850 2697 sicut
860 2673 887 2707 et
900 2677 945 2697 se—

154 2704 242 2742 quens
258 2705 418 2742 qarrplaLAt
433 2705 535 2742 rectius
549 2709 661 2742 utraque
675 2704 727 2732 vos
747 2712 796 2740 pro
814 2704 946 2742 nomina-

156 2739 212 2770 tivo
227 2739 353 2768 habetur.
366 2740 404 2768 Ea
426 2740 499 2767 enim
515 2746 557 2766 cst
573 2739 662 2767 Phatii
687 2739 776 2770 mens,
803 2739 945 2767 salituram

155 2785 210 2804 non
226 2776 322 2803 cadere
332 2776 360 2803 in
370 2783 482 2811 corpus,
501 2779 630 2809 tanquam
648 2782 709 2811 rem»
717 2775 829 2811 penitus
845 2775 944 2811 malam

154 2817 183 2839 et
205 2812 351 2846 putridam,
367 2809 427 2847 quaé
447 2811 561 2846 proinde
576 2818 591 2837 ιι
615 2809 762 2845 putredine
782 2809 943 2845 praeservari

155 2854 212 2876 non
222 2847 316 2883 possit.

1030 2669 1086 2705 (95)
1100 2670 1149 2696 Ἑν
1161 2669 1224 2702 τοῖς
1235 2671 1412 2704 προφήταις.
1424 2670 1464 2698 Ita
1478 2671 1593 2700 Photius
1603 2680 1787 2704 communem,

994 2713 1055 2742 quae
1075 2705 1156 2742 hodie
1170 2709 1255 2742 Arecte
1270 2706 1385 2742 obtinet,
1408 2706 1552 2735 lectionem
1565 2708 1674 2738 astruit,
1690 2716 1791 2742 quem-

993 2740 1139 2767 admodum
1170 2740 1291 2768 lrenzeus
1321 2741 1369 2768 lib.
1398 2749 1446 2772 Ill,
1471 2750 1496 2769 c.
1526 2743 1575 2773 ll;
1592 2748 1620 2769 et
1644 2740 1721 2770 Titus
1738 2743 1791 2770 Bo-

995 2775 1112 2802 strensis
1127 2775 1174 2803 lib.
1192 2775 1329 2812 17.70pm";
1348 2775 1522 2812 Manichwos.
1540 2777 1656 2805 Codices
1676 2778 1787 2812 quidam

993 2818 1076 2853 manu
1102 2811 1205 2853 ex'ara'ti
1221 2811 1323 2853 habent
1338 2812 1367 2853 εν
1381 2810 1424 2853 ιπιῆ
1436 2813 1574 2853 προφῄτῃ.
1588 2813 1660 2853 Lege
1670 2810 1713 2840 Jb.
1726 2813 1789 2840 Mil-

993 2845 1069 2879 lium,
1086 2850 1111 2872 et
1125 2845 1167 2873 Jo.
1184 2844 1329 2874 Ernestum
1343 2844 1473 2875 Grabium
1491 2844 1526 2875 ad
1541 2844 1641 2875 l'renzei
1654 2847 1672 2874 l.
1687 2855 1713 2877 c.
