1930 3079
117 146 166 179 197

625 145 774 175 CONTRA
792 141 1021 174 MANICH/EOS
1038 139 1154 170 LIBER
1173 139 1222 169 ιν.

1686 134 1737 167 198

114 200 253 235 ἠνέσχετο,
269 199 317 226 καὶ
336 198 486 234 καθαρσίου
509 197 651 232 δυνάμεως
673 197 721 223 καὶ
736 195 901 229 sit-{tacenti};

957 193 1082 228 apposita:
1106 191 1250 227 potestatis
1277 198 1346 226 opus
1370 190 1533 218 exsisteret?
1559 190 1647 226 Atque
1667 191 1738 219 hanc

113 245 279 280 μεταδοῦναι
295 245 416 280 χάριτος,
439 245 464 270 εί
480 243 518 279 μὴ
538 243 588 278 τῆς
604 242 687 269 αὑτοῦ
701 241 881 277 δημιουργία;
892 259 900 273 ,

115 289 184 316 ἀλλὰ
198 289 250 324 τῆς
264 289 455 324 ἀντικειμένης
472 288 604 323 ἐτύγχανε
619 287 817 322 δημιούργημα
827 293 834 318 ;
846 286 902 312 Καὶ

116 335 218 370 ταύτην
232 335 282 370 τὴν
299 334 379 370 χάριν
391 334 421 361 οὐ
440 333 536 369 παρὼν
548 333 628 368 μόνον
639 332 679 367 τῷ
693 331 801 367 σώματι
812 330 902 365 πηγά-

118 379 175 412 ζειν
191 380 331 415 ἐδωρεῖτο,
354 379 422 406 ἀλλὰ
447 380 497 406 καὶ
518 380 558 410 είς
583 379 646 410 τοὺς
661 377 760 413 ἐφεξῆς
780 377 902 408 ἅπαντας

117 424 219 456 αἰῶνας
236 424 275 458 ξδι¹
302 423 386 450 αὑτοῦ
413 425 463 458 τὴν
486 423 637 451 ἀνάπλασιν
654 423 700 450 καὶ
723 422 902 457 ἀναγέννησιν

118 469 255 505 εὑρίσκειν
273 469 336 502 τοὺς
359 469 530 505 σωζομένους
552 469 679 505 ἐνεργείᾳ
697 468 743 496 τοῦ
768 468 902 502 παναγίου

118 515 276 551 Πνεύματος
298 516 482 552 ἐχαρίτωσεν,
511 516 548 547 ὼς
577 515 711 542 ἀθάνατον
736 515 810 550 αὑτῷ
832 523 903 550 παρ-

120 561 279 588 ακολουθεῖν
302 562 353 597 τὴν
381 561 487 597 δωρεὰν
510 561 558 588 τοῦ
575 562 751 597 χαρίσματος.
768 561 859 593 Ἄξιος
874 561 903 587 δέ

117 607 199 634 πάλιν
223 607 273 642 τῆς
299 607 461 642 ἐπιφανείας
484 606 532 634 τοῦ
556 606 660 641 ἀγαθοῦ
679 606 746 633 Θεοῦ
760 606 904 641 γεγονὼςὸ

123 653 265 688 Ἰωάννης,
281 653 329 680 καὶ
344 654 491 688 Δπροφήτου
514 653 724 689 περισσότερος,
739 653 785 679 καὶ
803 651 903 687 μείζων

117 698 171 724 τῶν
183 699 213 725 ἐν
226 699 366 734 γεννητοῖς
388 698 526 733 γυναικῶν
542 698 588 725 ὑπ’
603 698 687 734 αὐτῆς
708 698 758 732 τῆς
776 697 905 732 ἀληθείας

118 744 313 779 ἀναγορευθεὶς
325 764 333 777 ,
357 743 416 775 πῶς
430 743 535 779 ὑπέστη
559 743 674 778 νομικῆς
698 741 806 778 ἐντολῆς
821 742 904 777 ὑπερ-

120 791 227 825 μαχεῖν,
245 789 293 816 καὶ
305 790 366 816 τότε
379 789 532 824 πρόδρομος
542 788 592 823 τῆς
603 788 713 823 χάριτος
723 786 885 818 ἀποσταλείς
895 793 904 819 3

124 835 154 861 '0
170 835 199 861 δὲ
222 835 252 861 οὺ
278 834 358 870 μόνον
384 835 454 870 ὑπὲρ
479 835 529 870 τῆς
546 835 597 870 ἤδη
625 834 801 870 παυομένης,
817 833 904 865 οὑτως

951 238 1064 274 gratiam
1083 245 1116 265 ex
1134 238 1270 274 baptismo
1285 242 1412 272 tauquam
1426 236 1502 264 fonte
1514 237 1645 264 seaturire
1655 237 1737 271 jussit

952 272 1007 311 non
1027 284 1114 311 solum
1138 272 1215 316 tunc,
1238 291 1299 310 eum
1314 290 1428 317 corpore
1446 290 1566 316 praesens
1578 287 1661 313 esset,
1687 283 1735 309 sed

952 330 1070 366 gratiose
1083 329 1183 360 ell'ecit.
1200 334 1230 357 ut
1245 330 1273 357 in
1287 329 1377 356 futura
1395 329 1493 356 saecula
1508 329 1598 355 omnia
1614 329 1735 356 salvamli

952 377 996 403 hic
1013 384 1061 411 per
1078 376 1210 410 Spiritum
1223 381 1346 403 sanctum
1373 375 1606 410 regenerationem
1625 382 1737 402 novam-

952 430 1005 457 que
1019 422 1186 449 creationem
1211 422 1377 453 invenirent,
1401 426 1484 455 atque
1499 420 1566 448 adeo
1582 421 1634 447 hoc
1644 421 1736 456 gratia:

953 469 1055 496 donum
1092 476 1234 503 nunquam
1267 468 1454 495 intercideret.
1486 466 1629 499 Quomodo
1657 475 1737 501 porro

952 514 1081 547 Joannes,
1099 515 1198 550 dignus
1211 514 1331 545 habitus,
1351 514 1397 548 qui
1414 513 1518 540 videret
1537 513 1636 540 bonum
1654 513 1737 540 Deum

953 561 1153 594 adventantem,
1179 560 1306 595 idemque
1337 559 1482 594 propheta,
1508 559 1682 594 pra-stantior
1706 563 1734 586 et

953 606 1042 639 major
1055 606 1193 638 omnibus,
1209 605 1253 640 qui
1270 613 1302 632 ex
1321 605 1450 632 uxoribus
1468 605 1523 632 nati
1538 608 1612 636 sunt,
1630 605 1664 631 ab
1681 605 1738 639 ipsa

953 652 1066 679 veritate
1092 652 1252 681 renuntiat,
1282 658 1332 686 pro
1355 650 1500 685 praeceptis
1524 650 1591 685 legis
1619 658 1739 686 pugnare

954 698 1095 733 ingressus
1110 701 1161 730 est,
1181 696 1204 723 is
1219 696 1333 728 Scilicet,
1348 696 1393 730 qui
1409 696 1508 723 missus
1520 700 1588 729 erat,
1607 700 1636 723 ut
1646 696 1739 731 gratia:

954 747 1026 771 esset
1043 742 1232 778 praenuntius?
1244 742 1340 777 Neque
1355 742 1377 769 is
1392 746 1495 769 tantum
1511 750 1561 777 pro
1576 750 1607 770 ea
1618 743 1674 777 jam
1689 742 1738 769 de-

954 779 1039 816 situra
1056 788 1135 822 (adeo
1150 788 1222 814 illam
1239 792 1317 814 norat
1333 786 1379 813 Dei
1392 787 1493 814 donum
1511 787 1582 821 esse)
1601 792 1739 815 certamen

954 834 1091 870 ingressus
1105 839 1157 867 cst,
1168 835 1216 862 sed
1229 841 1262 861 eo
1273 841 1380 868 quoque
1389 838 1432 860 est
1445 838 1600 868 provectus,
1616 839 1645 860 ut
1658 835 1739 861 vitam

119 880 177 916 ᾔδει
189 880 291 915 ταύτην
301 880 369 908 Θεοῦ
383 881 481 915 δῶρον,
495 881 543 907 τὸν
559 881 652 915 ἀγῶνα
670 879 820 916 προθύμως
839 887 902 914 μετ-

957 890 1028 909 suam
1053 875 1234 916 postponeret.
1257 880 1329 907 serio
1353 880 1427 907 illam
1449 879 1612 907 observandi
1637 880 1737 908 studio.

119 927 235 961 ήρχετο,
262 926 331 953 ἀλλὰ
355 928 403 953 καὶ
425 927 508 962 μέχρι
532 926 672 960 τοσούτου,
700 926 772 953 ὥστε
789 925 836 952 καὶ
854 924 904 961 τὴν

120 972 216 999 ἑαυτοῦ
236 972 308 1008 ζωὴν
323 972 453 1008 δευτέραν
474 973 552 1008 ἄγειν
572 973 624 1008 τῆς
641 973 705 1008 περὶ
721 972 805 1008 αὑτὴν
819 971 905 1006 φυλα-

120 1019 182 1051 κῆς.
195 1018 231 1044 Τὸ
244 1019 300 1055 γὰρ
315 1019 437 1055 ἐλέγχειν
449 1019 495 1047 τὸν
516 1019 638 1055 Ἡρώδην
647 1039 654 1052 ,
666 1019 704 1051 ὡς
726 1019 789 1046 οὐκ
803 1017 905 1051 ἔξεστι

119 1071 169 1091 σοι
188 1060 271 1098 ἔχειν
290 1064 349 1099 τὴν
367 1064 497 1100 γυναῖκα
516 1064 570 1092 τοῦ
586 1065 720 1100 ἀδελφοῦ
736 1072 806 1097 σου.
823 1063 905 1092 πόθεν

120 1110 209 1137 λαϐὼν
222 1111 349 1146 ἐπετίμα.
362 1111 379 1147 ἢ
390 1111 463 1143 τίνος
479 1111 674 1147 ὑπερασπίξων
687 1111 848 1146 νομοθεσίας
860 1110 906 1137 τὸν

120 1155 231 1191 ἔλεγχον
253 1158 390 1192 προσῆγεν
415 1156 454 1192 τῷ
478 1156 602 1192 βασιλεῖς
629 1157 685 1192 Οὐχ
712 1158 796 1193 ὁρᾷς,
824 1157 906 1184 πόσον

120 1202 235 1236 ἀπεῖχεν
250 1201 369 1237 ὑϐρίζειν
382 1202 432 1234 τὰς
445 1202 561 1237 νομικὰς
576 1203 685 1234 ἐντολὰς
699 1204 713 1229 ὁ
726 1203 777 1238 τῆς
796 1202 907 1238 χάριτος

121 1246 286 1282 πρόδρομος,
301 1247 348 1274 καὶ
362 1246 408 1273 τὸν
423 1247 472 1282 τῆς
487 1248 598 1283 χάριτος
611 1248 762 1283 νομοθέτην
776 1248 907 1283 βάπτισαι

121 1291 317 1325 καταξιωθείς;
336 1292 367 1319 Εί
381 1293 410 1319 δὲ
428 1293 466 1328 μὴ
484 1293 534 1328 τῆς
559 1293 644 1328 αὐτῆς
667 1291 737 1328 ἦσαν
762 1293 838 1326 θείας
862 1294 908 1320 καὶ

121 1337 294 1372 ἁγαθουργοῦ
316 1338 458 1369 ἐπιπνοίας
473 1338 508 1365 τὰ
521 1338 654 1366 Μωσαϊκὰ
677 1338 906 1374 παραγγέλματα,

122 1382 180 1413 πῶς
193 1382 208 1408 ὁ
220 1381 301 1414 αὐτὸς
324 1382 374 1417 τῆς
390 1383 500 1418 χάριτος
516 1383 655 1419 ὑπηρέτης
667 1383 721 1410 οὐδ’
734 1383 846 1411 ἐκείνων
858 1384 907 1420 τὴν

121 1428 268 1463 ὀλιγωρίαν
286 1428 431 1463 ὑπέμενεν,
455 1429 514 1456 ἀλλ’
530 1427 564 1459 ἦν
582 1429 673 1456 αὑτῶν
685 1430 799 1465 σφοδρὸς
819 1428 907 1465 ζηλω-

121 1474 170 1509 τὴς
184 1474 231 1500 καὶ⁵
240 1474 371 1510 διάπυρος
392 1475 552 1510 ἐκδικητήςς
583 1475 700 1510 μάλιστά
712 1484 744 1510 γε
754 1476 802 1503 τοῦ
816 1476 908 1511 Σωτῆα

125 1526 169 1553 ρος
184 1519 395 1556 διακεκραγότος
405 1528 412 1536 ·
431 1519 535 1553 Οὐδείς
548 1520 673 1548 δύναται
689 1521 769 1556 λδυσί
790 1522 905 1556 κυρίοις

123 1563 278 1591 δουλεύειν
289 1574 297 1581 ·
311 1565 330 1600 ἢ
342 1565 397 1600 γὰρ
408 1566 462 1593 τὸν
473 1566 528 1593 ἕνα
541 1566 675 1601 μισήσει,
683 1567 733 1593 καί
743 1567 796 1594 τὸν·
804 1567 907 1601 ἕτερον

123 1608 287 1643 ἀγαπήσει·
304 1610 324 1645 ἣ
338 1610 390 1638 τοῦ
405 1610 473 1644 ἐνὸς
487 1611 653 1644 ἀνθέξεται,
669 1612 718 1639 καὶ
736 1611 790 1639 τοῦ
804 1612 907 1646 ἑτέρου

124 1655 354 1690 καταφρονήσει.
373 1658 414 1684 Οὺ
433 1656 567 1685 δύνασθε
594 1656 655 1691 Θεῷ
676 1657 834 1685 δουλεύειν
858 1657 908 1685 καί

125 1699 284 1734 Μαμμωνᾷ.
301 1701 357 1727 Καὶ
379 1701 433 1736 μὴν
451 1701 476 1728 εἰ
489 1701 535 1728 δύο
559 1701 662 1737 κυρίων
681 1701 878 1736 ἀντικειμένων
894 1702 908 1736 δ

125 1744 204 1780 νόμος
223 1747 269 1772 καὶ
281 1747 298 1782 ἡ
311 1747 402 1782 χάρις,
422 1747 490 1773 ἀλλὰ
504 1747 543 1782 μὴ
553 1749 603 1783 τῆς
616 1748 681 1783 μιᾶς
696 1748 863 1784 ἀγαθότητός
878 1756 908 1774 τε

125 1791 172 1817 καὶ
188 1792 348 1827 μοναρχίας,
362 1792 420 1824 πῶς
435 1791 465 1820 οὗ
479 1793 573 1828 μηδεὶς
585 1794 615 1820 ἐν
627 1794 782 1829 ἀνθρώποις
797 1794 907 1829 μείζων,

125 1836 186 1863 δυσὶ
208 1836 340 1864 δουλεύων
358 1837 437 1873 ὤφθη
454 1839 559 1873 κυρίοις
582 1839 654 1865 κατὰ
667 1839 717 1874 τὴν
730 1839 809 1866 ἄθεον
822 1840 909 1874 γλωσ-

127 1882 259 1917 σαλγίαν;
278 1883 416 1915 Ὡσαύτως
425 1884 454 1911 δέ
467 1884 515 1910 καὶ
530 1884 584 1911 τῶν
599 1885 653 1920 πρὸ
668 1884 751 1912 αὑτοῦ
762 1885 908 1920 προφητῶν

126 1929 143 1963 ἡ
164 1929 311 1964 ὁμήγυρις.
326 1929 364 1956 Τὸ
380 1929 435 1964 γὰρ
456 1930 497 1956 ὃτι
517 1931 561 1956 καὶ
577 1931 658 1962 αὐτὸς
674 1931 688 1957 ὁ
702 1930 798 1966 Σωτὴρ
812 1931 842 1958 τὸ
858 1940 910 1959 πα-

125 1975 220 2010 τρικὸν
237 1975 356 2011 ἐπλήρου
370 1976 584 2013 ἐνανθρωπήσας
606 1977 726 2013 θέλημα,
741 1978 788 2005 καὶ
801 1978 839 2010 ὡς
860 1979 910 2005 οὐκ

124 2020 191 2057 ἦλθε
215 2023 426 2058 καταλῦσαι,τδν
440 2025 531 2060 νόμον,
548 2026 566 2061 ἢ
584 2025 649 2058 τοὺς
668 2026 821 2062 προφήτας,
841 2026 910 2054 ἀλλὰ

126 2066 282 2102 πληρῶσαι,
305 2068 348 2095 διὰ
373 2069 423 2104 τὴν
443 2069 493 2105 τῆς
507 2069 654 2105 ἀθεότητος
671 2070 836 2107 ὑπερϐολὴν,
858 2072 910 2098 οὐκ

126 2111 160 2138 ἂν
173 2111 322 2147 ὑποσταίην
333 2113 501 2150 σαφέστερον
514 2112 731 2146 ἀναπτύξασθαι.

162 2157 189 2184 l'.
210 2157 283 2192 Πλὴν
305 2159 368 2193 τόγε
392 2159 523 2196 ἄρρητον,
538 2160 575 2192 ὡς
589 2157 645 2187 οἷόν
659 2160 689 2186 τέ
712 2161 785 2193 ἐστι,
806 2160 854 2187 καὶ
867 2159 908 2194 ἐφ’

955 927 1034 956 Unde
1050 927 1123 955 enim
1139 926 1405 954 animadversionem
1429 926 1501 953 illam
1516 933 1592 953 suam
1615 926 1642 953 in
1659 926 1742 952 llero-

954 973 1027 1006 dem,
1042 973 1159 1001 dicens:
1183 973 1241 1000 Non
1261 972 1319 1000 licet
1345 971 1392 998 tibi
1410 971 1505 998 habere
1523 979 1628 998 umorem
1649 972 1741 1006 fratris

955 1020 993 1046 tui
1005 1019 1038 1051 ",
1059 1019 1142 1052 unde,
1163 1018 1285 1054 inquam,
1312 1025 1371 1045 eam
1386 1023 1484 1045 nactus
1496 1022 1548 1050 est,
1565 1022 1612 1045 aut
1627 1026 1675 1052 pro
1687 1026 1740 1053 qua

955 1064 1014 1100 lege
1039 1073 1212 1100 propugnans
1239 1064 1275 1092 ita
1304 1063 1456 1099 objurgavit
1489 1071 1580 1099 regem
1604 1064 1615 1090 ?
1645 1063 1741 1091 Nonne

955 1110 1041 1142 vides,
1058 1118 1139 1145 quam
1156 1110 1236 1145 longe
1249 1109 1413 1145 prodromus
1430 1109 1547 1145 gratiam
1564 1110 1739 1142 contumelia,

955 1156 1100 1191 praeceptis
1116 1156 1182 1191 legis
1198 1155 1351 1188 inferenda,
1368 1155 1496 1188 abfuerit,
1514 1155 1537 1183 is
1554 1155 1675 1189 omnino,
1693 1156 1739 1190 qui

956 1205 985 1228 ut
998 1204 1137 1228 auctorem
1151 1201 1244 1235 gratiae
1260 1200 1422 1236 baptizaret,
1442 1201 1541 1235 dignus
1554 1201 1662 1228 habitus
1679 1201 1741 1228 est?

958 1247 985 1274 Si
1002 1255 1067 1275 vero
1080 1247 1197 1275 mosaica
1219 1252 1352 1283 praecepta
1370 1255 1425 1275 non
1443 1249 1477 1275 ab
1500 1249 1595 1276 eadem
1611 1249 1700 1276 divina
1713 1254 1741 1276 ct

957 1293 1078 1321 beneﬁca
1102 1294 1280 1329 inspiratione
1305 1294 1426 1329 profecta
1449 1294 1578 1326 fuissent,
1605 1297 1742 1329 quomodo

958 1338 1028 1365 idem
1053 1339 1144 1374 gratim
1169 1339 1295 1366 minister
1320 1339 1365 1366 illa
1387 1339 1456 1366 adeo
1480 1347 1535 1366 non
1562 1340 1741 1374 contemptim

957 1384 1062 1418 habuit,
1079 1389 1109 1412 ut
1127 1392 1158 1412 ea
1174 1385 1264 1420 potius
1275 1386 1349 1412 omni
1371 1385 1461 1412 studio
1479 1390 1628 1413 sectaretur
1640 1390 1668 1413 et
1685 1386 1741 1413 fer-

958 1430 1018 1458 vide
1031 1431 1155 1466 urgeret?
1169 1431 1313 1458 Servatore
1330 1435 1424 1458 nostro
1440 1430 1574 1466 imprimis
1588 1431 1721 1458 clamante
1733 1443 1739 1459 :

957 1476 1041 1504 Nemo
1054 1481 1137 1511 potest
1149 1477 1248 1504 duobus
1260 1477 1375 1503 dominis
1391 1478 1505 1504 servire:
1520 1482 1566 1503 aut
1578 1477 1647 1504 enim
1661 1485 1742 1504 uiuunt

958 1522 1017 1549 adio
1031 1521 1142 1553 habebit,
1162 1526 1186 1548 et
1206 1521 1319 1548 alterum
1333 1521 1424 1557 diliget
1439 1529 1449 1548 :
1462 1526 1510 1548 aut
1525 1522 1570 1548 uni
1587 1523 1741 1554 παιδίου-σόει,

959 1573 983 1595 et
1008 1568 1121 1594 alterum
1144 1571 1299 1595 contemnet.
1324 1567 1385 1594 Non
1408 1568 1515 1602 potestis
1540 1567 1593 1595 Deo
1608 1569 1704 1595 servire
1718 1575 1742 1596 ct

959 1612 1118 1640 Maimnouw
1132 1614 1166 1640 ".
1194 1613 1272 1646 Quod
1299 1612 1321 1640 si
1345 1613 1387 1640 lex
1402 1617 1429 1640 et
1444 1613 1530 1648 gratia
1546 1621 1561 1641 a
1574 1614 1681 1642 duobus
1695 1615 1744 1641 do-

958 1660 1039 1687 minis
1064 1660 1196 1694 oppositis
1219 1667 1273 1687 non
1297 1664 1387 1686 autem
1411 1660 1445 1687 ab
1460 1660 1555 1686 eadem
1578 1655 1698 1688 bonitate
1714 1664 1742 1687 et

958 1711 1093 1740 potestate
1113 1706 1240 1741 profecta:
1259 1709 1340 1738 sunt,
1366 1706 1503 1740 quomodo
1528 1706 1562 1738 is,
1584 1714 1638 1740 quo
1652 1706 1743 1733 nullus

959 1751 1030 1778 inter
1058 1752 1182 1779 homines
1200 1753 1288 1786 major
1311 1756 1362 1784 est,
1391 1752 1498 1779 duobus
1518 1752 1646 1784 dominis,
1663 1757 1743 1787 prout

959 1796 1042 1831 impia
1068 1797 1209 1824 hominum
1241 1797 1331 1832 lingua
1355 1797 1446 1829 tradit,
1468 1798 1571 1824 servire
1598 1798 1672 1825 visus
1683 1799 1743 1825 est?

959 1843 1048 1876 Atque
1074 1842 1169 1869 eodem
1189 1843 1270 1870 modo
1286 1847 1460 1877 comparatus
1482 1842 1533 1869 fuit
1547 1843 1679 1876 omnium,
1696 1843 1742 1878 qui

960 1893 1022 1915 ante
1038 1888 1125 1922 ipsum
1141 1888 1263 1919 fuerunt,
1282 1889 1477 1923 prophetarum
1492 1893 1589 1916 coetus.
1603 1888 1662 1916 Jam
1678 1897 1743 1916 vero

959 1932 998 1964 id,
1016 1933 1088 1968 quod
1102 1933 1231 1960 Sen-ator
1245 1932 1313 1968 ipse,
1329 1933 1410 1960 homo
1426 1933 1522 1966 factus,
1541 1933 1629 1961 Patris
1644 1935 1742 1962 volun-

960 1982 1042 2005 tatem
1058 1978 1180 2013 perfecit,
1206 1978 1334 2012 quodque
1358 1986 1413 2005 non
1435 1979 1510 2006 venit
1532 1979 1565 2006 ad
1585 1979 1741 2007 solvendam

959 2022 1046 2057 legem
1074 2027 1122 2050 aut
1148 2023 1315 2057 prophetas,
1339 2025 1386 2050 sed
1409 2023 1499 2058 potius
1514 2025 1548 2051 ad
1562 2025 1743 2060 implendum,

960 2068 1043 2095 nolim
1058 2068 1186 2102 amplius,
1209 2068 1244 2095 ob
1268 2068 1412 2096 maximam
1435 2070 1581 2097 contraria:
1599 2072 1743 2099 sententiae

959 2113 1138 2148 impietatem,
1152 2114 1289 2141 evolvere.

993 2158 1028 2186 Χ.
1046 2159 1080 2186 At
1103 2159 1243 2186 infandum
1266 2159 1343 2192 illud,
1369 2160 1459 2195 quoad
1483 2161 1541 2188 ﬁeri
1556 2165 1655 2196 potest,
1672 2162 1742 2190 etin

126 2202 188 2229 ὅσον
205 2202 243 2238 μὴ
254 2203 392 2235 παντελῶς
407 2204 572 2240 χαρίσασθαι
580 2205 636 2237 τοῖς
646 2204 753 2240 ἐχθροῖς
769 2204 906 2239 ἐκφυγὼν,

961 2208 1091 2238 quantum
1115 2212 1170 2231 non
1194 2204 1267 2231 omni
1290 2212 1323 2232 ex
1346 2209 1422 2239 parte
1448 2205 1595 2240 gratiﬁcari
1621 2206 1744 2234 hostibus

125 2248 157 2275 τὸ
171 2248 229 2283 μετ’
239 2249 327 2275 ἐκεῖνο
338 2249 464 2285 δεύτερον
476 2250 540 2285 ἐρῶ.
555 2251 600 2282 Ὠς
611 2252 625 2277 ό
643 2250 770 2286 Ἰωάννης
780 2252 814 2285 τῇ
822 2259 852 2277 τε
862 2250 909 2277 τοῦ

126 2293 209 2328 νόμου
222 2293 366 2328 διαγνώσει
376 2295 424 2322 καὶ
436 2295 485 2330 τῆς
497 2295 608 2331 χάριτος
621 2296 853 2332 ὑπηρετούμενος,
867 2297 912 2323 ναὶ

125 2338 158 2374 δὴ
173 2339 220 2365 καὶ
235 2339 266 2366 τὸ
281 2340 423 2375 σύνταγμα
436 2340 490 2367 τῶν
505 2341 559 2377 πρὸ
575 2341 658 2369 αὑτοῦ
675 2341 824 2378 προφητῶν
842 2342 912 2376 ἀφύ-

127 2392 202 2416 κτοις
218 2384 338 2420 ἐλέγχοις
356 2386 420 2418 τοὺς
433 2386 539 2419 ἀσεϐεῖς
554 2387 740 2423 στηλιτεύουσι
753 2387 803 2422 τὴν
816 2387 913 2414 ἐνυπό-

128 2436 225 2455 στατον
238 2429 367 2465 ἀλήθειαν
380 2430 421 2462 εἰς
443 2430 539 2465 ψειῖδος
558 2431 706 2467 διασύρειν,
722 2432 770 2458 καὶ
788 2431 911 2468 μαχομέο

126 2483 181 2506 νοις
193 2475 350 2510 νομοθέταις
359 2476 408 2508 τὰς
419 2476 528 2508 ἐντολὰς
537 2477 723 2513 διασχίζοντας
731 2479 764 2513 τῇ
777 2478 832 2504 τῶν
842 2486 910 2513 προ-

125 2519 214 2554 τέρων
228 2518 349 2555 διασολῇ,
366 2518 417 2547 κᾶν
435 2519 512 2547 οὔπω
531 2523 621 2556 γυμνῇ
636 2523 670 2557 τῇ
688 2522 793 2557 κεφαλῇ
808 2522 908 2558 τεθαρ-

127 2564 254 2599 ρήκασιν,
280 2564 356 2591 οὐδὲν
379 2566 489 2592 ἔλαττον
510 2567 665 2599 ἑαλωκότας
687 2567 730 2603 (τί
749 2568 804 2603 γὰρ
823 2568 857 2595 ἂν
877 2569 909 2595 ἐκ

126 2611 238 2644 ψεύδους
259 2612 290 2638 οὑ
314 2612 416 2646 φαῦλον
431 2613 594 2649 προέλθοι;)
619 2615 839 2651 συνεξορχεϊσθαι
862 2616 911 2643 καὶ

131 2657 160 2683 τὰ
175 2656 226 2692 τῆς
247 2657 368 2692 χάριτος.
387 2658 418 2685 Εἰ
436 2659 491 2694 γὰρ
511 2659 561 2694 τῆς
583 2661 696 2696 χάριτος
709 2662 759 2696 μὲν
773 2663 788 2688 ὁ
808 2662 911 2696 ἀγαθὸς

128 2703 265 2738 Δεσπότης
273 2704 430 2739 νομοθέτης,
450 2705 479 2731 ἒν
495 2705 523 2732 δέ
536 2705 619 2732 αὑτοῦ
636 2706 692 2734 τῶν
711 2707 854 2742 δογμάτων
864 2709 912 2735 καὶ

130 2747 175 2782 τὸ,
208 2749 311 2784 μηδένα
334 2749 463 2778 δύνασθαι
486 2751 547 2778 δυσὶ
569 2752 675 2787 κυρίοις
701 2753 853 2788 δουλεύειν,
881 2756 911 2782 ἐν

161 2847 184 2864 ⁸⁸
200 2847 282 2876 Marc.
302 2857 339 2882 vt,
358 2850 400 2878 l8.
438 2851 461 2867 ³³
476 2850 569 2879 Matth.
586 2859 623 2885 νι,
639 2852 684 2880 2t.

961 2249 1041 2276 simul
1057 2249 1167 2282 licebit,
1187 2254 1313 2284 tanquam
1327 2251 1410 2286 priori
1423 2250 1477 2278 isto
1496 2252 1645 2279 secundum
1662 2260 1743 2280 enar-

959 2295 1036 2322 rabo.
1064 2295 1184 2323 Joannes
1205 2296 1319 2329 scilicet,
1343 2296 1370 2324 in
1394 2296 1513 2324 conﬁnio
1528 2297 1595 2332 legis
1607 2301 1634 2324 et
1651 2299 1744 2334 gratia:

959 2341 1113 2369 ministerio
1129 2341 1256 2377 fungens,
1277 2342 1331 2369 imo
1345 2347 1372 2369 et
1386 2343 1477 2370 omnis
1492 2343 1698 2378 prophetarum,
1712 2353 1745 2373 eo

960 2388 1092 2422 priorum,
1121 2392 1208 2415 cmtus
1223 2389 1393 2424 argumentis
1407 2397 1463 2417 non
1479 2391 1617 2418 solvendis
1628 2391 1744 2418 convin-

962 2436 1027 2460 cunt
1050 2433 1174 2460 homines
1197 2433 1264 2461 istos
1287 2434 1396 2469 impios,
1420 2435 1492 2470 quod
1514 2436 1656 2463 veritatem
1681 2436 1746 2464 sub-

961 2475 1115 2514 stantialem
1141 2486 1269 2517 tanquam
1296 2483 1470 2510 mendacium
1493 2483 1674 2517 iusectentur,
1701 2488 1745 2516 et,

961 2527 1036 2559 dum,
1054 2528 1169 2555 invectis
1194 2527 1391 2563 legislatorihus
1420 2529 1581 2561 contrariis,
1610 2534 1747 2564 przecepta

957 2573 1122 2605 distrahunt,
1139 2573 1233 2600 eadem
1247 2581 1341 2608 opera,
1357 2581 1410 2608 qua
1426 2574 1516 2608 priora
1530 2574 1745 2607 calumniantur,

957 2618 1082 2653 quamvis
1106 2618 1133 2645 id
1156 2618 1245 2653 palam
1272 2618 1430 2646 facerenon
1444 2620 1573 2653 audeant,
1591 2627 1646 2648 non
1657 2620 1747 2647 minus

958 2668 986 2692 et
1000 2672 1042 2697 ea,
1062 2673 1123 2700 quae
1138 2665 1230 2701 gratim
1243 2669 1309 2692 sunt
1324 2665 1399 2700 (quid
1415 2665 1488 2693 enim
1500 2666 1563 2693 mali
1577 2673 1609 2693 ex
1629 2665 1746 2693 meuda~

958 2709 1001 2737 cio
1014 2718 1068 2738 non
1083 2710 1271 2746 proﬁciscatur
1283 2711 1304 2746 ?)
1321 2711 1437 2746 prodant
1448 2715 1475 2738 et
1493 2711 1574 2738 simul
1589 2710 1745 2745 explodant.

961 2755 988 2784 Si
1005 2755 1077 2784 enim
1102 2756 1190 2783 bonus
1222 2756 1352 2784 Dominus
1378 2757 1470 2793 gratim
1485 2760 1579 2785 auctor
1595 2760 1647 2788 est,
1665 2755 1746 2791 hujus
