1941 3085
189 142 240 174 199

758 138 890 169 ΡΙῘΟΤΙΙ
910 137 1164 168 PATRIABCIUE
1184 137 1239 166 ΕΡ.

1770 135 1823 168 τοο

187 207 253 228 vero
271 198 343 226 inter
360 197 463 233 reliqua
477 196 530 224 hoc
540 196 638 232 dogma
651 200 704 229 est,
730 196 803 230 quod
818 203 899 222 nemo
914 203 978 230 pos-

1033 194 1148 229 ὲκατέρᾳ
1169 193 1198 219 δὲ
1214 192 1304 228 μερίδι
1324 191 1530 219 δεδουλεύκασιν
1557 193 1582 219 οι
1609 192 1822 228 προειρημένοι,

187 246 223 273 sit
238 245 344 272 duobus
355 243 474 271 dominis
489 243 603 276 servire,
623 243 732 277 utrique
747 249 812 269 vero
827 241 895 275 parti
910 248 978 276 prm-

187 291 251 318 dieti
266 290 302 316 illi
326 289 496 327 servierunt,
525 296 599 315 nunc
620 291 711 315 autem
727 287 772 313 illa
793 291 977 321 apostatarum

188 336 317 365 colluvies
333 335 414 362 alium
431 334 558 362 Mosaieis
580 333 724 370 prazeeptis
738 332 887 360 Dominum
910 340 977 359 con-

188 382 292 413 stituit;
304 388 396 408 nonne
409 380 481 407 inter
490 379 595 408 medios
607 383 754 414 praetextu:
767 379 852 413 ipsam
864 378 977 413 gratiam

187 427 295 462 probris
323 427 512 458 insectantttr,
544 426 609 453 dum
637 425 841 453 calumniantur
868 423 979 459 tegent?

187 473 225 499 lta
241 472 313 499 enim
346 473 428 506 (qum,
455 476 517 499 utut
532 472 615 499 etiam
632 473 659 499 in
675 471 861 499 eonfutatione
879 470 978 505 impie-

187 517 249 544 tatis
263 523 478 544 commemorare
504 516 548 542 vix
573 515 612 543 fas
629 516 674 548 sit,
701 516 787 551 magis
799 520 890 542 tamen
906 515 978 542 inte-

186 570 263 598 grtnn
278 562 369 597 fuerit)
383 563 469 596 ipsum
487 561 693 589 Testamentum
715 561 848 588 mendacii
859 561 978 588 .insintu-

186 607 243 634 lare
273 607 478 641 judicabantur.
507 607 561 634 Sed
587 607 653 642 quid
681 607 703 633 si
728 607 790 641 quis
814 598 977 641 exceperit:

188 652 217 680 Si
235 653 277 680 lex
291 653 361 680 bona
376 657 427 685 est,
450 660 526 683 nam.
542 653 588 688 qui
605 654 654 680 sub
667 653 753 688 gratia
762 661 866 685 sumus,
879 661 978 680 secun-

187 699 250 725 dam
279 706 338 725 eam
378 698 518 725 vivimus?
543 699 578 725 At
608 703 652 725 tua
674 698 783 733 quidem
807 706 889 726 causa
910 698 978 726 nihil

188 745 285 773 attinet
316 752 480 780 quemquam
517 744 544 770 in
575 745 727 772 subsidium
753 752 860 773 vocare.
884 745 977 778 Quod-

187 799 251 819 nam
277 792 349 819 enitn
370 791 417 817 tibi
446 790 530 825 impio
552 791 670 826 amplius
687 791 800 818 dubium
818 791 880 823 erit,
900 791 979 825 cujus

189 837 352 865 solutionem
369 844 425 863 non
465 832 631 872 aggrediar?
676 836 804 870 Nunquid
844 836 914 863 forte
938 836 978 863 le—

1030 239 1111 266 ἄλλον
1123 239 1152 264 δὲ
1177 239 1280 274 Κύριον
1300 239 1358 269 τοῖς
1381 239 1539 269 Μωσαῦιοῖς
1557 238 1701 274 ἐφίστησιν
1753 239 1822 265 ἀπο-

1031 285 1144 311 στασία*
1161 284 1221 315 πῶς
1231 284 1282 310 οὐκ
1294 285 1323 310 ὲν
1335 283 1374 319 τῷ
1388 284 1610 319 προπηλακισμῷ
1624 284 1672 310 τοῦ
1688 284 1782 320 νόμου,
1797 285 1823 311 εἰ

1030 331 1079 358 καὶ
1095 331 1140 357 διὰ
1157 330 1246 365 μέσων
1265 330 1535 365 παραπετασμάτων,
1548 330 1579 356 οὑ
1593 329 1822 365 συμπροπηλακί-

1031 376 1107 408 ζουσι
1119 377 1165 403 καὶ
1179 376 1229 412 τὴν
1249 376 1347 412 χάριν;
1364 377 1444 403 Οὕτω
1459 376 1514 411 γὰρ
1529 377 1648 412 (καίπερ
1660 377 1690 403 οὐ
1703 376 1822 412 φορητὸν

1030 422 1088 449 οὐδ’
1105 423 1149 448 ἐπ’
1157 422 1262 457 ἐλέγχῳ
1272 422 1362 456 λέγειν
1379 422 1428 457 τῆς
1440 422 1578 453 ἀσεὸείας,
1591 422 1666 457 ὅμως
1677 422 1822 448 ἀνεκτότε-

1031 478 1078 506 ρον
1087 470 1108 503 ),
1117 469 1323 506 ψεύδουςγαὺτὴν
1334 469 1468 505 διαθήκην
1478 469 1676 504 ἀποφαίνοντες
1686 467 1741 496 εἷεν
1753 469 1819 504 (96).

1037 516 1118 543 Ἀλλὰ
1137 516 1163 542 τί
1191 516 1243 543 κᾶν
1258 525 1301 548 τις
1329 516 1519 550 ὑπέκρουσεν
1544 516 1630 551 Εἴπερ
1646 516 1764 556 ἀγαθὸς,
1783 517 1821 552 μὴ

1031 562 1102 588 κατὰ
1127 561 1208 597 νόμον
1225 561 1273 588 νῦν
1293 563 1317 588 oi
1333 563 1381 597 τῆς
1396 562 1508 598 χάριτος
1523 562 1652 597 βιοῦμεν;
1671 561 1752 589 Ἀλλὰ
1772 561 1820 588 σοῦ

1032 607 1083 642 μὲν
1100 608 1181 643 χάριν
1195 607 1272 635 οὐδὲν
1291 608 1403 634 ἀπαιτεῖ
1422 609 1590 643 προσειπεῖν.
1608 608 1641 635 Τί
1655 609 1710 644 γὰρ
1723 609 1764 634 ἐτι
1779 616 1821 634 σοι

1030 653 1206 687 δυσσεϐοῦντι
1213 654 1269 689 (97)
1278 653 1454 688 διηπόρηται,
1464 653 1519 688 ἐγὼ
1527 654 1556 680 δὲ
1566 654 1604 690 μὴ
1612 654 1687 681 λύειν
1697 654 1820 690 ὲλοίμην;

1030 696 1105 734 Ἀρα
1114 701 1282 735 κουφότερον
1294 700 1448 734 ἁσεὸήσεις,
1459 699 1475 734 ἢ
1488 700 1537 734 τὴν
1549 700 1711 735 ἀνύϐριστον
1721 700 1822 733 ἁγαθό-

1030 753 1099 781 τητα
1115 744 1290 780 καθυϐρίζων
1305 745 1445 780 κερδανεῖς
1463 744 1512 780 τὴν
1527 745 1616 780 ὓϐριν,
1634 745 1651 780 ἢ
1672 744 1821 780 μετριώτεο

1032 800 1078 827 ρον
1098 791 1280 824 ἀπαλλάξεις
1299 791 1428 824 Καίτοι-γε
1443 790 1509 817 αὐτὸ
1519 791 1568 825 τῆς
1583 791 1701 826 ἀπορίας
1712 791 1741 817 τὸ
1756 790 1821 826 πρό-

1033 838 1122 872 βλημα
1135 837 1212 864 οὐδὲν
1223 837 1333 864 ἔλαττον
1344 839 1393 872 τὴν
1404 836 1572 863 ἀποστασίαν
1584 836 1716 871 διελέγχει
1727 844 1735 852 ⁸
1750 837 1822 863 οὕτω

188 883 249 910 tius
283 882 419 917 peccabis,
451 886 478 909 ct
515 882 580 909 dum
617 881 779 913 bonitatem,
807 881 874 908 nulli
907 881 979 915 inju-

1033 882 1201 918 πανταχόθεν
1224 883 1271 909 καὶ
1286 883 1330 909 διὰ
1343 883 1398 909 τῶν
1412 882 1543 910 ἐναντίων
1564 884 1614 918 τῆς
1627 883 1757 918 ἀληθείας
1771 883 1822 909 ἁσο

187 929 236 956 riae
254 929 397 956 obnoxiam
422 928 521 963 injuria
538 928 633 961 alllcis,
651 928 692 956 vel
704 928 816 963 impune
832 936 890 955 eant
908 928 980 955 feres

189 975 231 1002 vel
245 975 353 1002 facilius
370 974 508 1001 dimittes?
521 975 576 1001 lmo
592 982 657 1001 vero
679 975 736 1009 ipsa
754 974 798 1000 illa
813 974 979 1002 dillicnltatis

188 1019 324 1055 oppositio
343 1026 398 1045 non
425 1020 514 1045 minus
540 1019 722 1046 deiectionem
741 1019 812 1046 hanc
837 1019 977 1047 conlutat:

194 1067 263 1092 adeo
278 1065 463 1099 undequaque
476 1065 558 1091 etiatn
575 1072 609 1091 ex
622 1065 705 1091 rebus
717 1065 768 1100 ipsi
776 1065 921 1093 contrariis
934 1073 980 1092 ve-

190 1113 278 1140 ritatis
293 1111 377 1138 robur
390 1111 557 1146 resplendet.
573 1111 600 1137 Si
615 1111 690 1138 enim
702 1119 733 1138 ex
749 1119 792 1144 eo,
806 1112 880 1146 quod
893 1111 935 1138 lex
946 1111 980 1138 ab

191 1157 255 1189 illis,
272 1157 318 1191 qui
334 1160 400 1183 sunt
417 1157 469 1183 sub
484 1156 571 1189 Bono,
586 1164 641 1183 non
656 1156 828 1190 observatur,
848 1157 876 1184 in
889 1158 981 1192 suspi—

191 1203 299 1230 cionent
317 1203 413 1229 eadem
437 1201 610 1234 admittitur,
633 1209 665 1228 ac
683 1201 707 1229 si
732 1209 794 1229 cum
811 1203 898 1237 gratia
924 1210 980 1230 non

190 1249 355 1281 concordet;
383 1253 493 1283 quanta:
515 1247 647 1275 bonitatis
664 1248 802 1283 particeps
817 1249 913 1275 eadem
934 1255 980 1276 re-

190 1294 333 1321 nuntiatur
347 1302 380 1322 eo
396 1294 456 1328 ipso
466 1314 473 1327 ,
488 1294 561 1329 quod
579 1292 650 1320 Deus
668 1293 756 1321 bonus
772 1293 856 1325 venit,
873 1300 939 1326 non,
951 1298 980 1320 ut

190 1341 303 1368 solveret
315 1339 397 1375 legem
413 1345 437 1366 et
448 1340 601 1375 prophetas,
614 1339 658 1365 sed
672 1343 700 1365 ut
713 1339 855 1373 impleret?
871 1338 905 1365 Et
917 1346 983 1372 apo-

192 1388 271 1414 statis
294 1387 406 1421 quidem
426 1386 505 1421 plura
525 1385 694 1420 respondere
712 1392 766 1411 nott
785 1392 856 1419 opus
874 1388 926 1411 est.
947 1384 982 1411 At

192 1432 300 1467 piorttnt
314 1438 407 1462 causa.
426 1430 473 1465 qui
494 1429 569 1465 digni
586 1433 668 1462 sunt,
686 1433 717 1456 ut
733 1429 825 1464 gratite
845 1428 982 1464 mysteriis

193 1477 310 1512 amplius
325 1477 477 1509 initientur,
497 1476 576 1503 facile
589 1475 705 1503 edisseri
719 1480 819 1510 potest,
837 1476 910 1510 quod
920 1482 983 1510 pro—

194 1527 286 1558 pterea
303 1523 453 1550 seenndunt
470 1522 597 1557 antiquas
614 1522 689 1556 leges
707 1529 762 1548 non
779 1521 907 1553 vivimus,
919 1520 982 1556 quia

193 1569 333 1601 Christus,
349 1568 395 1595 ubi
411 1567 578 1599 advenerat,
593 1567 685 1594 omnia
705 1566 846 1602 implevit,
867 1566 982 1602 gratiam

194 1615 302 1642 scilicet
318 1621 368 1649 pro
379 1613 465 1649 gratia
480 1621 529 1648 per
549 1612 641 1640 Mosen
656 1612 757 1640 tradita
768 1632 776 1644 ,
791 1619 896 1647 proque
917 1618 983 1638 san-

193 1661 256 1692 ctis,
274 1667 334 1694 quae
354 1659 382 1686 itt
399 1663 494 1687 sancto
512 1662 591 1686 erant
604 1679 611 1691 ,
632 1657 729 1694 typicis
750 1657 851 1685 Sancta
872 1663 984 1685 saneto-

195 1715 266 1738 rum,
281 1714 341 1741 quae
353 1714 401 1741 per
416 1706 460 1733 illa
474 1705 646 1741 praeﬁgurata
658 1708 746 1737 erant,
761 1704 905 1737 exhibens,
915 1712 984 1739 quo-

195 1762 254 1780 runt
269 1754 384 1780 alterunt
404 1752 504 1780 Paulus
516 1753 558 1784 "',
569 1752 687 1779 alterum
706 1751 826 1779 Joannes
837 1752 872 1784 “,
890 1752 918 1778 in
940 1751 984 1779 di-

194 1801 258 1827 vina
273 1807 320 1828 sua
335 1800 460 1827 doctrina
478 1799 571 1826 tradit.
592 1798 686 1833 Itaque
702 1806 777 1826 nunc
789 1798 917 1833 quidem,
936 1798 984 1834 qui

195 1844 344 1872 scentulum
359 1851 405 1871 eas
417 1843 509 1871 vivere
525 1843 666 1876 instituat,
685 1843 930 1878 reprehendendus
943 1843 984 1870 fo-

196 1895 247 1922 ret,
279 1894 408 1925 tanquam
426 1890 473 1924 qui
497 1890 612 1917 auderet
633 1897 732 1924 negare
756 1889 916 1922 Christum,
937 1889 984 1925 qui

196 1937 282 1971 legem
296 1935 429 1970 implevit,
446 1936 539 1963 omnia
557 1935 795 1970 ejusimplevisse.
817 1935 870 1962 Sed
891 1942 984 1970 regre-

195 1981 325 2007 diendum
340 1988 373 2007 eo
385 1985 438 2011 est,
451 1981 525 2007 unde
544 1982 679 2008 sermonis
698 1981 827 2015 impetus,
843 1981 878 2008 ad
893 1980 983 2007 allinia

196 2026 343 2052 deﬂectens
353 2045 362 2058 ,
378 2032 429 2051 nos
443 2026 552 2052 avertit.
575 2025 678 2053 Auctor
693 2026 787 2061 gratiae.
801 2030 828 2053 et
841 2026 939 2053 coelum
956 2030 985 2053 et

198 2078 297 2101 terram
309 2077 337 2100 et
345 2071 608 2108 Hierosolyma,_imo
619 2077 646 2099 et
658 2073 770 2108 capillos
784 2073 853 2099 adeo
866 2073 984 2100 revereri

197 2127 247 2146 nos
259 2118 356 2154 jubet,
380 2124 409 2146 ut
423 2126 476 2146 nec
494 2119 528 2145 ad
549 2118 742 2154 jusjurandum
761 2118 885 2145 adhiberi
903 2119 983 2146 velit:

197 2170 224 2193 et
236 2166 336 2193 cmlnm
349 2165 459 2200 quidem
473 2185 480 2197 ,
495 2164 627 2192 Thronum
645 2165 710 2197 Dei,
733 2169 833 2192 terram
848 2173 909 2191 vero
926 2173 983 2192 sca-

1029 929 1145 964 τράπτει
1169 929 1200 955 τὸ
1215 929 1326 963 κράτος.
1352 928 1384 955 Et
1401 928 1466 964 γὰρ,
1490 929 1531 955 ὅτι
1559 928 1597 964 μὴ
1619 930 1676 960 τοῖς
1697 929 1751 955 ὑπὸ
1771 929 1822 964 τὴν

1030 975 1109 1009 χάριν
1124 974 1283 1010 πράττεται,
1298 974 1338 1006 εἱς
1355 974 1484 1001 ὑπόνοιαν
1500 975 1515 1000 ὁ
1529 974 1621 1010 νόμος,
1640 974 1682 1001 ὅτι
1698 974 1736 1010 μὴ
1750 982 1820 1009 συμ-

1031 1020 1115 1053 φωνεῖ
1125 1021 1160 1055 τῇ
1175 1019 1335 1054 ἀγαθὸτητι,
1355 1019 1518 1054 περιάγεται
1531 1027 1538 1034 ·
1553 1020 1640 1055 πόσης
1653 1020 1822 1056 ἁγαθρτητος

1029 1066 1079 1092 οὐκ
1107 1065 1327 1100 ἁνακηρύττεται
1354 1065 1468 1100 μέτοχος
1487 1065 1527 1101 τῷ
1551 1065 1598 1093 τὸν
1625 1066 1728 1100 ἀγαθὸν
1753 1066 1821 1093 Θεὸν

1030 1111 1117 1137 ἐλθεῖν
1128 1131 1135 1142 ,
1153 1111 1189 1138 οὐ
1204 1111 1374 1138 καταλῦσαι
1391 1111 1444 1138 τὸν
1465 1112 1559 1146 νόμον
1573 1111 1592 1146 ἢ
1616 1111 1687 1145 τοὺς
1704 1112 1820 1146 προφή-

1030 1166 1094 1190 τας,
1117 1156 1198 1184 ἀλλὰ
1212 1156 1389 1191 πληρώσας
1405 1156 1462 1184 Καὶ
1476 1156 1544 1193 πρὸς
1559 1157 1609 1192 μὲν
1624 1158 1686 1188 τοὺς
1699 1157 1819 1184 ἀποστά-

1029 1211 1079 1234 τας
1095 1202 1172 1229 οὐδὲν
1197 1203 1356 1236 ἐπενεγκεῖν
1383 1203 1425 1229 δεῖ
1449 1203 1539 1230 πλέον.
1568 1202 1630 1230 Τῶν
1651 1203 1680 1229 δὲ
1701 1203 1821 1230 εὐσεϐῶν

1030 1249 1130 1282 ἕνεκα,
1148 1249 1195 1276 καὶ
1215 1249 1342 1284 μυεῖσθαι
1358 1251 1405 1276 καὶ
1423 1250 1615 1285 μυσταγωγεῖν
1628 1249 1663 1276 τὰ
1678 1249 1728 1284 τῆς
1742 1249 1821 1285 χάρι-

1029 1302 1076 1325 τος
1094 1295 1145 1321 οὐκ
1173 1295 1308 1328 ἀναξίων,
1329 1295 1396 1331 ῥᾷον
1417 1295 1466 1322 καὶ
1485 1296 1570 1330 σαφὲς
1586 1295 1692 1329 εἰπεῖν,
1709 1295 1749 1322 ὄτι
1777 1294 1822 1321 διὰ

1029 1339 1110 1366 τοῦτο
1126 1340 1164 1375 μὴ
1190 1341 1260 1367 κατὰ
1283 1341 1347 1372 τοὺς
1368 1340 1453 1368 πάλαι
1480 1341 1579 1376 νόμους
1603 1340 1820 1376 πολιτευόμεθα,

1030 1385 1098 1412 διότι
1115 1386 1315 1421 παραγεγονὼς
1341 1387 1430 1414 πάντα
1451 1387 1634 1422 πεπλήρωκεν
1657 1388 1671 1414 ό
1685 1387 1820 1422 Χριστὸς,

1031 1431 1111 1466 χάριν
1130 1431 1181 1466 μὲν
1196 1431 1258 1458 ἀντὶ
1273 1433 1322 1468 τῆς
1337 1433 1381 1459 διὰ
1393 1433 1516 1464 Μωσέως
1536 1433 1647 1469 χάριτος
1659 1433 1818 1469 παρασχὼν.

1031 1477 1094 1503 ἀντὶ
1108 1477 1136 1503 δὲ
1153 1477 1209 1504 τῶν
1231 1478 1261 1504 ὲν
1276 1479 1334 1510 τοῖς
1355 1479 1443 1514 ἁγίοις
1469 1479 1626 1506 ἀντιτύπων
1639 1480 1735 1514 ἁγίων,
1750 1480 1820 1506 αὑτά

1033 1523 1066 1549 τὰ
1082 1522 1337 1559 προδιατυπούμενα
1348 1525 1435 1559 ἁγίων
1444 1525 1539 1559 Ἅγια,
1552 1521 1589 1552 ὧν
1598 1525 1626 1551 τὸ
1643 1526 1692 1560 μὲν
1705 1525 1819 1556 Παῦλος,

1033 1567 1064 1594 τὸ
1086 1568 1115 1594 δὲ
1139 1568 1267 1605 Ἰωάννης
1294 1569 1428 1604 θεολογῶν
1460 1571 1590 1606 ἑκάτερος
1620 1572 1818 1606 ἁνακέκραγεν.

1035 1613 1117 1640 Ὥστε
1127 1613 1229 1647 μᾶλλον
1236 1613 1294 1647 νῦν,
1306 1614 1375 1646 είτις
1388 1614 1464 1641 ὲόίου
1476 1615 1536 1641 κατ’
1551 1614 1684 1646 ἐκείνους,
1698 1615 1821 1649 ἠλέγχετ’

1034 1659 1068 1686 ἂν
1090 1659 1273 1694 ἀπαρνεῖσθαι
1297 1659 1416 1695 τολμῶν,
1437 1660 1476 1695 μὴ
1497 1660 1586 1688 πάντα.
1608 1659 1822 1696 πεπληρωκέναι

1033 1704 1079 1731 τὸν
1098 1704 1246 1740 πληρωτὴν
1258 1704 1305 1732 τοῦ
1319 1705 1404 1741 νόμου
1416 1705 1546 1740 Χριστόν.
1567 1705 1649 1733 Ἀλλὰ
1671 1706 1723 1740 γὰρ
1738 1707 1822 1732 ἐπαν-

1035 1752 1121 1784 ιτέον,
1146 1751 1207 1778 ὅθεν
1226 1751 1304 1786 ήτοῦ
1330 1751 1411 1786 λόγου
1439 1752 1511 1788 φορὰ
1531 1751 1600 1788 πρὸς
1620 1751 1651 1779 τδ
1677 1751 1823 1779 ἀκόλουθον

1033 1798 1212 1833 ἀρμοζομένη
1240 1799 1398 1833 παρήνεγκε
1422 1798 1553 1834 φέρουσα.
1573 1797 1755 1825 Εὗλαὸεῖσθαι
1775 1798 1823 1824 τὸν

1033 1844 1149 1880 οὐρανὸν
1163 1845 1210 1871 καὶ
1225 1845 1274 1879 τὴν
1289 1845 1342 1879 γῆν
1357 1845 1405 1871 καὶ
1422 1844 1457 1871 τὰ
1484 1844 1675 1880 Ἰεροσόλυμα,
1692 1844 1759 1871 ἀλλὰ
1776 1844 1824 1871 καὶ

1034 1891 1120 1922 αὐτὰς
1141 1891 1191 1922 τὰς
1217 1891 1332 1925 τρίχας,
1355 1892 1369 1917 ὁ
1394 1891 1442 1926 τῆς
1467 1892 1578 1927 χάριτος
1605 1890 1824 1926 παρακελεύεται

1034 1937 1202 1972 νομοθέτης,
1229 1937 1277 1964 καὶ
1297 1937 1440 1969 τοσοῦτον,
1460 1938 1531 1964 ὥστε
1555 1937 1617 1972 μηδ’
1637 1937 1711 1972 ὅρκῳ
1737 1936 1824 1964 ταῦτα

1034 1983 1268 2016 καθυποϐάλλειν,
1293 1984 1340 2010 καὶ
1360 1983 1406 2009 τὸν
1430 1983 1479 2018 μὲν
1495 1983 1609 2019 οὐρανὸν
1623 1983 1731 2017 θρόνον
1751 1983 1824 2009 ἀνα·

1035 2031 1172 2064 κηρύττει
1182 2029 1235 2056 τοῦ
1251 2029 1336 2061 Θεοῦ,
1351 2028 1520 2056 ὑποπόδιον
1533 2028 1568 2055 δὲ
1583 2028 1641 2062 τὴν
1653 2027 1722 2063 γῆν.
1739 2028 1824 2054 Πάλιν

1034 2075 1072 2106 δὲ,
1090 2074 1126 2101 τὰ
1146 2075 1335 2108 Ἰεροσόλυμα
1345 2075 1436 2100 πόλιν
1453 2074 1505 2101 τοῦ
1516 2074 1610 2100 αὐτοῦ
1625 2073 1700 2100 Θεοῦ
1711 2074 1759 2099 καὶ
1771 2081 1824 2107 με·

1035 2119 1129 2156 γάλου
1149 2120 1312 2153 Βασιλέως.
1336 2120 1367 2147 Et
1386 2118 1434 2147 οὖν
1450 2121 1500 2156 τῆς
1520 2119 1634 2149 κτίσεώς
1658 2120 1717 2146 ἐστι
1740 2119 1826 2146 ταῦτα

1036 2166 1083 2192 τοῦ
1100 2156 1204 2201 ἀγαθοῦ
1217 2166 1335 2202 Πατρὺς,
1346 2166 1384 2198 ὡς
1394 2168 1408 2193 ὁ
1420 2166 1510 2193 πάντα
1524 2166 1557 2192 τὰ
1568 2165 1615 2192 τοῦ
1628 2166 1733 2201 Πατρδς
1746 2165 1825 2197 εἰδὼς

196 2211 293 2239 bellum
317 2211 413 2246 pedum
432 2211 504 2246 ejus,
527 2211 821 2246 llierosolyma'autem
849 2212 982 2238 civitatem

1037 2212 1101 2244 Υίός
1127 2212 1294 2239 ἔσεΰαίωσε·
1315 2212 1376 2244 ’πῶς
1387 2213 1449 2247 οὐχὶ
1470 2212 1526 2248 πρδ
1535 2212 1586 2247 τῆς
1602 2212 1673 2239 κατὰ
1691 2211 1745 2238 τῶν
1766 2220 1825 2238 κτι-

198 2257 315 2292 ejusdem
332 2257 382 2284 Dei
401 2261 425 2284 et
441 2257 534 2292 magni
559 2256 638 2292 Regis
652 2257 686 2289 "',
704 2257 833 2292 appellat.
860 2255 888 2283 Si
906 2257 985 2291 igitur

198 2304 249 2331 ista
265 2303 300 2330 ad
312 2307 452 2331 creaturas
469 2303 533 2330 boni
546 2302 635 2330 Patris
649 2303 795 2338 pertinent,
805 2302 875 2330 sicut
888 2301 984 2335 Filius,

198 2350 244 2384 qui
258 2349 361 2381 omnia,
377 2356 438 2383 quae
451 2348 539 2375 Patris
555 2352 619 2375 sunt
629 2367 636 2379 ,
652 2347 737 2378 novit,
753 2347 906 2379 confirmat,
917 2355 985 2382 quo-

199 2395 280 2423 tttodo
294 2403 350 2422 non
365 2402 415 2430 pro
430 2402 471 2427 eo,
485 2394 559 2429 quod
571 2393 598 2420 in
609 2397 749 2420 creaturas
767 2393 982 2429 debacchantur,

1041 2258 1152 2292 σμάτων
1167 2257 1273 2292 ὕϐρεως
1287 2259 1348 2285 κατ’
1364 2258 1447 2284 αὑτοῦ
1459 2257 1507 2284 τοῦ
1521 2258 1624 2292 Κυρίου
1639 2257 1717 2292 ἡμῶν
1737 2257 1824 2292 Ἰησοῦ

1038 2303 1157 2339 Χριστοῦ
1174 2304 1221 2330 καὶ
1235 2305 1306 2330 κατὰ
1317 2303 1364 2330 τοῦ
1378 2303 1484 2339 Πατρὸς
1501 2303 1584 2331 αὑτοῦ
1594 2323 1601 2335 ,
1622 2304 1651 2330 ἐν
1664 2299 1686 2336 ᾧ
1704 2303 1826 2338 πονηρᾶς

1037 2349 1124 2384 ἀρχῆς
1149 2350 1173 2376 οἱ
1197 2349 1350 2376 ἀποστάται
1375 2352 1425 2384 τὴν
1445 2349 1534 2376 αὐτῶν
1557 2349 1647 2376 κτίσιν
1668 2347 1826 2384 ἀναρτῶσι,

1038 2395 1190 2430 μεμηνότες
1204 2395 1252 2430 οὐχ
1268 2395 1438 2427 ἁλίσκονται;

200 2445 227 2471 in
242 2444 331 2479 ipsum
345 2444 435 2479 potius
446 2443 590 2471 Dominum
602 2448 726 2469 nostrum
742 2441 835 2469 Iesum
849 2441 986 2469 Christum
1005 2447 1033 2470 et
1052 2442 1158 2470 Patrem
1193 2443 1254 2479 ejus
1271 2464 1279 2478 ,
1302 2452 1334 2472 eo
1354 2444 1414 2479 ipso
1426 2463 1434 2476 ,
1454 2442 1531 2478 quod
1566 2446 1697 2479 apostatze
1719 2441 1826 2470 illontnt

200 2491 366 2518 creationem
381 2498 396 2518 a
411 2490 482 2518 malo
495 2488 632 2525 principio
646 2492 786 2523 repetunt,
808 2487 898 2515 furere
912 2488 1086 2516 existimandi
1099 2494 1175 2517 sunt.

238 2549 272 2566 ³⁵·
287 2549 368 2577 Hebr.
384 2557 423 2582 χι,
438 2549 465 2576 5.
486 2549 510 2565 “
525 2548 606 2576 Joan.
623 2556 642 2581 ι,
661 2547 704 2575 l6.
741 2547 764 2563 ⁹⁷
780 2546 876 2574 Matth.
888 2555 916 2579 v,
929 2547 975 2574 55.

739 2604 857 2637 VARUE
874 2604 1068 2633 LECTIONES
1089 2605 1132 2632 ET
1151 2605 1270 2633 NOTAE.

237 2657 293 2691 (96)
319 2655 553 2691 ’Δποφαίνογτος
577 2652 649 2691 εἷεν.
669 2653 721 2681 Ms.
751 2652 789 2691 ita
813 2653 990 2691 interpunge-

201 2686 248 2720 ltat
266 2702 272 2719 :
285 2686 372 2726 αὐτὴν
385 2686 517 2726 διαθήκην
529 2686 736 2726 ᾆποφαίνοντες.
751 2686 825 2715 Εῐεν.
841 2686 892 2715 Sed
904 2686 991 2726 Hesus

202 2723 357 2760 orationisf
375 2723 463 2761 puto,‘
492 2723 557 2752 Satis
585 2723 706 2761 ostendit
720 2728 896 2761 postremum
926 2723 991 2761 illud

202 2763 314 2790 verbum
331 2758 392 2789 eum
409 2760 589 2789 antecedente
601 2758 746 2795 participio
766 2759 989 2795 conjungendutn

202 2804 272 2824 esse.
291 2797 347 2825 Hoc
361 2797 421 2824 loco
438 2803 551 2823 monere
569 2793 611 2822 las
629 2795 664 2821 sit
683 2801 726 2821 nte
741 2794 891 2827 saepissime
906 2793 992 2820 inter-

203 2833 379 2866 punctionem
398 2831 546 2867 apograplti
565 2830 650 2867 nostri
668 2829 837 2867 [lolstettiani
857 2833 988 2867 mutasse,

203 2863 284 2895 etiam
307 2868 350 2896 ubi
377 2863 510 2895 illius'rei
541 2867 568 2893 in
594 2865 666 2893 nolis
692 2864 821 2892 indiciunt
849 2871 903 2890 tton
924 2863 988 2896 feci,

1039 2661 1100 2682 cum
1122 2653 1149 2681 id
1165 2654 1247 2681 nimis
1267 2653 1364 2680 crebro
1381 2652 1437 2680 licri
1453 2652 1611 2684 debuisset,
1626 2656 1654 2679 et
1668 2651 1830 2679 mutationis

1038 2696 1127 2717 causae
1140 2688 1403 2716 essentmanil'estze.
1419 2688 1448 2715 Si
1463 2688 1536 2722 qttod
1553 2695 1619 2715 vero
1631 2687 1744 2716 dubium
1762 2687 1829 2714 sub-

1039 2725 1104 2751 oriri
1121 2728 1239 2759 poterat.
1257 2723 1283 2750 id
1293 2730 1438 2759 nunquam
1453 2723 1537 2750 tacui.

1075 2757 1130 2794 (97)
1150 2757 1443 2794 ΔυσσεᾷοῦντιῖηΜε.
1471 2759 1569 2785 dividit
1593 2758 1665 2794 hanc
1680 2765 1783 2794 vocem
1801 2757 1829 2783 in

1040 2793 1118 2828 auiis,
1132 2795 1225 2832 legens
1257 2793 1404 2821 δυσσεϐοῦν
1433 2801 1471 2821 τι.
1496 2793 1702 2832 Εςηεεῃιίοιὶυηὶε
1726 2797 1829 2820 nostra)

1039 2838 1120 2859 causa
1132 2830 1158 2857 in
1172 2834 1298 2865 promptu
1313 2832 1367 2856 est.
