1941 3085
131 136 180 169 τοι

659 134 807 165 CONTRA
824 133 1055 164 MANICHBOS
1078 133 1192 163 LIBER
1210 133 1259 164 IV.

1703 133 1756 165 202

164 191 218 219 lA'.
239 191 276 218 Σὺ
293 191 322 218 δὲ
346 190 394 218 καὶ
422 189 572 226 βαθύτερον
584 189 674 216 αὐτῶν
688 189 740 224 τῆς
759 189 919 220 δυσσεϐείας

1006 188 1053 216 XI.
1072 188 1114 216 Tu
1128 196 1193 216 vero
1203 187 1364 216 crassiorem
1381 188 1471 216 adhuc
1482 188 1630 224 impiorum
1646 187 1755 217 illorum

131 237 181 272 ὅρα
196 236 247 272 τὴν
263 236 365 271 τόλμαν
380 235 428 262 καὶ
441 235 491 271 τὴν
514 235 654 262 ἀπόνοιαν.
673 234 726 261 Τὸν
745 233 828 270 ἄρτον
840 233 920 269 ἡμῶν

131 285 177 312 τὸν
198 283 337 311 ἐπιούσιον
348 303 357 315 ,
383 282 434 317 τὴν
459 282 595 318 μυστικὴν
611 282 667 317 (98)
688 281 775 309 τελῶν
792 283 858 317 ἡμῖν
873 281 921 308 καὶ

134 330 298 366 παραδιδοὺς
323 330 338 356 ὀ
361 329 468 365 Σωτὴρ,
492 329 577 361 αὐτὸς
592 329 642 364 μὲν
657 328 732 364 παρὰ
750 328 798 355 τοῦ
814 328 922 364 Πατρδς

134 375 216 403 αὐτοῦ
230 375 380 411 προσέταξε
394 374 498 411 ταύτην
511 374 568 410 (99)
583 374 679 401 αίτεῐν.
696 375 726 401 οι
740 374 768 401 δὲ
781 374 826 401 τὸν
840 373 922 410 ἄρτον

134 424 173 456 είς
191 423 241 459 τὴν
254 422 392 458 ὀλέθριον,
413 423 455 450 ὅτι
468 422 517 449 καὶ
547 422 636 449 πάντα
659 421 694 448 τὰ
710 421 757 448 ἐπὶ
781 422 833 457 γῆς
858 429 921 457 μετ-

134 470 245 503 άγουσιν
259 468 359 505 ἀρχὴν,
372 469 420 496 καὶ
433 468 544 504 τρέφειν
559 467 593 495 τὰ
618 467 647 501 ἐξ
667 467 755 502 αὐτῆς
777 467 922 502 τερατολο-

134 514 211 549 γοῦσι
222 515 394 550 προαχθέντα
407 514 532 550 σώματα.
544 513 623 541 Οὕτω
637 513 698 540 κατ’
709 513 796 548 αὐτῆς
807 513 923 545 ἀναιδῶς

134 561 183 597 τῆς
205 561 378 595 Δεσποτικῆς
403 561 598 588 ἐπανίστανται
625 559 746 595 ἐντολῆς,
777 560 869 595 φαῦλά
893 569 923 587 τε

134 607 260 640 λέγοντες
272 606 307 633 τὰ
325 605 440 640 σώματα
454 606 502 632 καὶ
518 605 621 640 φαῦλον
637 606 688 641 τὴν
704 605 819 642 τροφὴν,
833 605 924 632 καίτοι

134 651 281 688 διαρρήδην
304 651 351 678 τοῦ
367 652 502 678 Δεσπότω
519 651 720 683 διατάττοντος,
735 651 838 688 ταύτην
859 652 926 687 ἡμῖν

136 697 212 733 παρὰ
226 696 273 723 τοῦ
288 697 394 732 Πατρδς
411 697 546 724 αίτεῖσθαι
561 697 608 725 τοῦ
623 696 736 731 ἀγαθοῦ.
751 697 807 724 Καὶ
819 697 877 729 πῶς
892 696 926 724 ἂν

136 742 178 777 εἴη
202 741 317 775 τούτοις,
335 741 373 778 μὴ
388 742 431 769 ὅτι
451 750 484 777 γε
498 742 548 778 τῆς
567 742 685 777 ἀληθοῦς
703 742 814 778 ἐντολὴν
830 742 926 777 ὁμολο-

135 787 206 820 γεῖν,
227 786 295 813 ἀλλὰ
310 786 363 813 κᾶν
379 786 445 820 γοῦν
464 787 587 823 σχήματι
601 786 687 822 μύθου
702 785 790 813 ταῦτα
813 786 927 814 δυνατὸν

136 832 299 865 ὐποδαλεῐνς
315 832 386 859 Ἴσον
399 831 454 868 γάρ
473 834 531 859 εστι
546 832 678 868 ῥυσθῆναί
692 841 723 859 τε
736 832 783 859 τοῦ
803 831 926 867 Πονηροῦ

134 877 282 910 δυσωπεῖν,
297 878 345 905 καὶ
361 878 465 905 ἐνοικον
477 879 559 906 αὑτὸν
572 878 664 905 λαϐεῖν
684 878 760 913 παρά
771 877 819 905 τοῦ
841 877 923 913 ’Δγα-

137 923 184 950 θοῦ
212 923 361 959 ἐπιζητεῖν.
395 923 482 960 Εἴπερ
507 923 555 950 τοῦ
585 923 708 959 Πονηροῦ
740 922 875 963 γεῴργιον
905 924 922 959 ὴ

135 971 235 1006 τροφὴ,
255 970 303 997 καὶ
332 970 386 1005 μὴν
411 970 458 997 ἐπὶ
472 969 545 997 τέλει
563 970 613 1005 τῆς
635 970 720 1005 εὐχῆς
741 969 836 1005 ὥσπερ
858 969 924 996 αὐτὸ

135 1015 216 1042 τοῦτο
231 1015 404 1050 πρωναιρῶν
423 1015 474 1051 τὴν
493 1015 632 1048 ἀσέϐειαν,
643 1017 659 1042 ὸ
677 1015 725 1042 ἐπὶ
738 1015 861 1052 σωτηρίᾳ
876 1014 924 1041 τοῦ

138 1062 233 1095 γένους
250 1061 518 1098 παραγεγονὼςηείς
533 1061 563 1088 δν
578 1061 628 1096 τὴν
650 1060 760 1096 αἴτησιν
778 1061 925 1096 ἀναφέρειν

136 1105 188 1141 τῆς
202 1106 306 1142 τροφῆς
321 1107 360 1138 εἰς
373 1107 418 1133 τὸν
432 1107 515 1134 αὐτὸν
529 1106 676 1142 ἀναφέρειν
689 1107 736 1133 καὶ
754 1106 805 1141 τὴν
820 1106 926 1132 ἱκεσίαν

138 1151 277 1184 ἐθέσπισε,
293 1152 328 1178 δι’
340 1150 374 1189 ἧς
389 1152 555 1189 ρυσθείημεν
569 1153 602 1179 ἀν
621 1152 669 1179 τοῦ
685 1152 820 1188 Πονηροῦ,
837 1151 926 1187 δηλῶν

136 1197 176 1227 ὡς
190 1197 205 1223 ὁ
216 1198 348 1232 ῥυόμενος
360 1198 434 1233 ἡμᾶς
449 1198 497 1224 τοῦ
510 1197 643 1233 Πονηροῦ,
655 1198 736 1229 αὐτός
749 1198 822 1225 ἐστιν
832 1198 847 1224 ό
856 1206 926 1234 παρ-

138 1242 211 1277 έχων
226 1243 295 1278 ήμῖν
315 1242 362 1270 καὶ
384 1243 434 1278 τὴν
450 1243 610 1279 σωματικὴν
628 1243 743 1280 τροφὴν,
765 1243 808 1278 ἐφ’
822 1241 864 1275 οἷς
878 1243 926 1270 καὶ

137 1288 190 1323 τὴν
208 1287 348 1323 βασιλείαν
370 1289 418 1315 καὶ
439 1289 489 1324 τὴν
512 1289 627 1324 δύναμιν
647 1289 695 1316 καὶ
714 1288 763 1324 τὴν
785 1288 864 1321 δόξαν
887 1290 928 1321 είς

138 1335 204 1366 τοὺς
222 1334 326 1367 αἰῶνας
351 1333 421 1362 εἶναι
437 1336 484 1362 καὶ
505 1335 644 1370 διαμένειν
662 1336 677 1362 ὁ
693 1336 840 1371 μονογενὴς
862 1335 926 1368 Υἱὸς

139 1379 187 1406 τοῦ
210 1379 298 1406 ταῦτα
318 1380 500 1416 χαριζομένου
518 1379 625 1415 Πατρὺς
642 1379 806 1413 ἀνεδίδαξεν.
834 1380 926 1415 Ὁρᾷς,

140 1426 181 1456 είς
195 1423 251 1452 οἷον
275 1425 356 1461 βάθος
379 1427 396 1461 ἡ
420 1427 573 1454 ἀποστασία
590 1426 765 1458 καταδύεται,
785 1427 832 1453 καὶ
854 1426 892 1458 ὡς
912 1426 928 1452 ὁ

141 1470 203 1497 κατ’
218 1470 304 1505 αὐτῆς
315 1471 364 1506 τῆς
377 1471 508 1506 ἀληθείας
521 1472 599 1507 λόγος
618 1472 732 1508 ἐνεργὴς
742 1472 791 1506 ὢν,
809 1472 858 1499 καὶ
870 1472 927 1499 δισ-

140 1517 225 1551 τόμου
253 1516 389 1552 μαχαίρας
412 1517 523 1553 ἀπάσης
539 1517 694 1555 τομώτερος
717 1518 882 1552 ὲπαφίεται;
896 1517 928 1544 Ei

139 1563 171 1590 δὲ
187 1562 232 1590 τδν
248 1562 387 1590 ἐπιούσιον
408 1563 490 1599 ἄρτον
505 1563 554 1598 οὐχ
573 1563 668 1595 ἀπὶῶς
685 1564 744 1599 ἐρεῖ
765 1572 806 1595 τις
828 1562 875 1590 τὸν
889 1563 930 1596 εἰς

141 1608 246 1644 τροφὴν
260 1608 298 1644 τῷ
313 1607 420 1644 σώματι
435 1609 649 1646 χορηγούμενον,
663 1609 720 1636 ἀλλ’
740 1608 770 1641 ὃς
789 1609 829 1641 είς
851 1608 932 1644 σῶμα

144 1654 264 1690 Χριστοῦ
283 1655 446 1689 μεταόάλλει
460 1655 498 1690 (1)
515 1656 562 1682 καὶ
574 1655 622 1692 τὴν
630 1655 718 1691 ψυχὴν
726 1654 931 1690 συναγιάζει“τῷ

142 1699 260 1735 σώματι,
275 1700 353 1728 οὐδὲν
364 1700 476 1727 ἔλαττον
493 1700 539 1728 διὰ
551 1701 600 1736 τῆς
615 1700 746 1735 τοιαύτης
761 1700 891 1737 θεωρίας,
906 1699 932 1726 el.

143 1746 183 1781 μὴ
206 1746 253 1773 καὶ
273 1747 382 1782 μᾶλλον,
400 1748 417 1783 ὴ
435 1747 547 1774 ἀσέϐεια
564 1747 750 1783 στηλιτεύεται
768 1747 806 1782 (2)
820 1747 868 1774 καὶ
883 1746 933 1783 τὴν

142 1792 263 1828 ἐκτομὴν
274 1793 288 1819 ὁ
302 1792 380 1827 λόγος
395 1794 455 1820 κατ’
470 1793 553 1819 αὑτοῦ
564 1793 690 1828 ιπιφέρει
701 1792 888 1828 ἀδυσώπητον.

180 1839 231 1864 ιβ’.
246 1838 278 1865 Εί
293 1839 322 1865 δὲ
341 1839 388 1866 καὶ
408 1839 470 1866 δυσ)⁷
484 1838 590 1874 κυρίοις
604 1839 654 1865 οὐκ
665 1839 723 1866 ἔστι
739 1839 890 1871 δουλεύειν,
901 1838 933 1865 τὸ

142 1883 173 1910 δὲ
185 1883 231 1910 τοῦ
244 1884 416 1919 ἀνθρωπίνου
432 1883 620 1920 συγκρίματος
631 1883 710 1920 ἡμῶν
722 1885 770 1911 an
783 1884 816 1920 δὴ
830 1884 933 1919 κτίσμα

145 1931 279 1966 ὑπάρχον,
294 1929 333 1962 ὡς
346 1931 363 1966 ἡ
376 1930 488 1957 ἀσέϐεια
500 1930 637 1966 βούλεται,
651 1930 698 1957 τοῦ
715 1929 852 1965 Πονηροῠ,
867 1930 932 1956 ὑπό-

146 1985 237 2003 κειται
248 1976 322 2013 αὑτῷ
340 1977 388 2005 καὶ
403 1977 506 2004 ἄκουσα
519 1977 566 2004 καὶ
583 1976 703 2004 δουλεύει
717 1976 755 2008 ὡς
766 1976 880 2011 πλάσμα
893 1975 933 2012 τῷ

145 2020 291 2054 πλάσαντι,
310 2021 398 2052 οὐδεὶς
419 2021 474 2058 ἀρα
495 2021 650 2048 δουλεύσειε
676 2021 805 2058 καθαρῶς
825 2021 864 2057 (5)
885 2021 933 2048 καὶ

143 2067 299 2102 ὁλοκλήρως
313 2067 384 2103 Θεῷ.
404 2068 459 2095 Καὶ
486 2067 525 2099 είς
545 2067 629 2103 λῆρον
651 2068 744 2099 αὐτοῖς
757 2067 791 2094 τὰ
805 2067 865 2094 θεῖα
882 2076 932 2094 κα-

144 2114 292 2149 ταστρέφει
317 2114 495 2150 κηρύγματα,
514 2114 572 2148 καὶ,
587 2114 609 2140 ὢ
628 2114 678 2150 τῆς
693 2114 793 2141 ἀτόπου
816 2114 930 2149 φρενόςί

147 2158 164 2193 ή
182 2159 283 2194 φρικτὴ
301 2159 439 2194 παρουσία
461 2159 508 2186 καὶ
526 2159 744 2195 ὲνανθρώπησις,
770 2160 817 2186 καὶ
833 2159 930 2193 πάντα,

970 233 1113 262 audaciam
1126 239 1154 261 et
1171 233 1338 262 dementiam
1353 234 1488 269 perspice.
1513 234 1616 262 Panem
1633 239 1757 263 nostrum

970 280 1171 315 quotidianum,
1187 276 1335 315 mysticam
1348 280 1429 308 nobis
1447 280 1600 309 orationem
1624 281 1759 310 exhibens

972 331 1000 354 et
1015 326 1126 354 tradens
1141 326 1281 359 Servator,
1298 334 1313 354 a
1323 326 1404 355 Patre
1419 335 1469 355 suo
1479 332 1608 363 expetere
1617 328 1708 363 jussit.
1725 328 1758 356 At

972 373 1010 400 illi
1024 380 1134 408 panem,
1150 373 1222 401 sicut
1245 377 1274 400 et
1287 373 1378 400 omnia
1393 374 1549 407 terrestris,
1570 374 1604 402 ad
1620 374 1760 409 pernicium

973 426 1033 446 sum
1049 419 1173 447 referunt
1190 419 1366 454 principium.
1383 426 1471 455 eoque
1483 427 1599 455 corpora
1615 421 1650 448 ab
1661 420 1758 448 eodem

973 465 1106 501 producta
1131 465 1231 493 nutriri
1248 470 1396 501 uagantur.
1411 466 1487 493 Adeo
1504 466 1679 502 impudenter
1699 467 1760 494 Do—

973 510 1076 539 minico
1088 518 1118 539 se
1133 511 1170 538 illi
1184 515 1323 547 pratoepto
1344 516 1502 547 opponunt,
1514 512 1580 539 dum
1595 517 1623 540 et
1643 520 1759 547 corpora

974 560 1002 583 et
1016 555 1107 583 cibum
1130 555 1199 583 mala
1214 563 1275 584 esse
1291 556 1472 588 contendunt,
1489 558 1613 591 quamvis
1628 557 1759 585 Dominus

974 601 1077 629 diserte
1090 601 1238 636 praecipiat,
1251 606 1283 629 ut
1297 609 1359 629 eum
1372 609 1387 629 a
1403 602 1477 630 bono
1489 602 1569 630 Patre
1585 608 1758 638 expetamus.

975 646 1011 674 At
1031 646 1170 681 quomodo
1185 646 1244 674 ﬁeri
1263 652 1370 682 potest,
1389 652 1421 675 ut
1438 648 1478 676 illi
1498 648 1609 684 quidem
1625 649 1688 683 hoc,
1704 657 1759 677 non

975 692 1076 725 dicam,
1093 700 1144 727 pro
1156 693 1277 721 veritatis
1292 698 1427 730 precepto
1443 693 1573 727 habeant,
1592 695 1641 722 sed
1655 695 1697 723 vel
1709 696 1761 723 sub

976 736 1076 764 fabulae
1091 737 1182 772 specie
1195 738 1247 765 ista
1257 739 1350 766 animo
1363 740 1582 774 repraesentem?
1598 740 1671 768 Idem
1685 741 1760 768 enim

978 783 1030 811 hoc
1045 788 1097 815 est,
1115 791 1148 812 ac
1176 784 1200 812 si
1225 789 1373 812 vereantur
1384 805 1392 818 ,
1412 793 1448 814 ne
1462 793 1477 813 a
1494 786 1567 814 malo
1589 786 1761 819 liberentur.

978 829 1101 864 adeoque
1114 838 1130 858 a
1144 830 1219 858 Bono
1230 835 1360 866 expetant
1370 852 1378 864 ,
1395 836 1425 859 ut
1442 831 1507 860 illud
1525 837 1654 868 tanquam
1669 833 1764 861 dome-

977 875 1076 903 sticum
1093 875 1237 911 recipiant.
1256 876 1285 904 Si
1299 876 1371 904 enim
1382 877 1462 905 cibus
1476 876 1538 905 Mali
1553 882 1596 905 est
1611 886 1691 913 opus,
1705 886 1766 906 cer-

978 926 1005 948 te
1019 921 1052 954 is,
1070 921 1116 956 qui
1125 921 1159 949 ad
1171 922 1317 950 salvandos
1330 922 1457 950 homines
1469 923 1565 957 venit,
1580 923 1646 951 dum
1664 924 1693 951 in
1711 923 1766 951 ﬁne

977 967 1110 996 orationis
1123 968 1194 996 idem
1210 969 1275 996 illud
1294 976 1311 997 e
1323 969 1414 997 medio
1426 969 1513 1002 tollit,
1524 969 1558 997 ad
1575 970 1713 1003 eumdem,
1728 970 1763 998 ad

977 1022 1058 1049 quem
1074 1022 1171 1049 preces
1186 1023 1234 1050 pro
1246 1015 1308 1044 cibo
1328 1016 1429 1044 deferri
1448 1017 1517 1049 vult,
1533 1017 1685 1045 orationem
1697 1025 1767 1053 quo—

978 1068 1031 1095 que
1046 1061 1170 1096 praestari
1181 1061 1269 1096 jubet,
1282 1069 1333 1097 per
1342 1068 1424 1098 quam
1439 1070 1455 1090 ιι
1465 1062 1536 1091 lian
1546 1063 1712 1091 liberemur:
1723 1063 1767 1091 in—

978 1106 1073 1134 dicens
1088 1107 1205 1139 scilicet,
1217 1109 1300 1142 quod,
1315 1109 1361 1143 qui
1376 1116 1427 1137 nos
1438 1116 1453 1136 a
1468 1110 1539 1137 malo
1547 1109 1684 1144 liberavit,
1694 1110 1765 1139 idem

979 1150 1059 1178 nobis
1070 1155 1098 1178 et
1113 1158 1276 1185 corporeum
1301 1152 1393 1180 cibum
1411 1153 1579 1189 suppeditat,
1600 1162 1684 1190 super
1706 1156 1767 1191 qui-

979 1195 1030 1224 bus
1041 1200 1068 1223 et
1081 1203 1206 1231 regnum,
1221 1201 1250 1224 et
1265 1198 1429 1232 potentiam,
1449 1203 1477 1226 et
1496 1200 1610 1235 gloriam
1627 1201 1655 1228 in
1669 1208 1768 1236 perpe-

981 1246 1057 1269 tuum
1070 1250 1132 1270 esse
1148 1247 1177 1270 et
1191 1251 1350 1271 mansuram
1365 1252 1474 1279 quoque
1495 1245 1653 1281 unigenitus
1668 1247 1765 1278 Patris.

980 1287 1026 1322 qui
1043 1287 1094 1315 ista
1111 1288 1222 1324 largitus
1234 1294 1287 1321 est,
1302 1289 1386 1317 Filius
1400 1290 1505 1318 docuit.
1521 1291 1641 1319 Videsne
1654 1292 1682 1319 in
1694 1292 1766 1327 quod

980 1333 1139 1361 barathrum
1154 1335 1290 1369 apostasia
1303 1343 1332 1363 se
1344 1336 1507 1371 praecipitet,
1517 1341 1545 1364 et
1558 1337 1696 1372 quomodo
1706 1345 1767 1365 ver-

981 1377 1044 1404 bum
1060 1378 1202 1412 veritatis,
1225 1378 1319 1406 eliicax
1350 1379 1457 1408 scilicet
1480 1385 1510 1408 et
1539 1381 1652 1416 ancipiti
1676 1382 1767 1417 gladio

980 1421 1076 1456 quovis
1090 1423 1288 1457 penetrantius,
1301 1424 1328 1451 in
1341 1432 1404 1452 eum
1414 1427 1571 1461 grassetur?
1583 1426 1611 1454 Si
1631 1427 1692 1462 quis
1703 1435 1768 1456 vero

981 1474 1080 1501 panem
1100 1468 1290 1503 quotidianum
1317 1469 1418 1497 dixerit
1436 1478 1491 1498 non
1515 1471 1677 1506 simpliciter
1704 1479 1766 1500 eum

982 1519 1042 1539 esse
1053 1513 1099 1549 qui
1116 1513 1225 1549 corpori
1246 1513 1274 1541 in
1292 1521 1384 1543 escam
1405 1516 1613 1552 suppeditatur,
1635 1518 1684 1546 sed
1704 1526 1766 1546 cum

980 1558 1027 1593 qui
1048 1558 1076 1585 in
1103 1567 1203 1594 corpus
1223 1559 1326 1588 Christi
1349 1565 1490 1594 mutatur,
1515 1567 1544 1590 et
1569 1562 1688 1591 animam
1704 1571 1768 1593 cum

981 1611 1098 1639 corpore
1111 1605 1263 1633 sanctiﬁcat
1275 1625 1282 1639 ,
1298 1613 1354 1634 non
1369 1607 1471 1640 minus,
1486 1608 1541 1636 nisi
1560 1609 1651 1637 adhuc
1669 1610 1766 1645 magis.

982 1649 1034 1677 hac
1046 1652 1277 1679 commentatione
1296 1651 1423 1687 impietas
1439 1654 1606 1688 confoditur,
1626 1659 1655 1683 et
1677 1662 1769 1684 sermo

983 1695 1029 1724 hic
1043 1696 1270 1725 immedicabilem
1289 1697 1342 1733 ipsi
1353 1698 1459 1727 cladem
1475 1699 1568 1728 infert.

1018 1839 1078 1866 XII.
1098 1839 1176 1872 Quod
1198 1839 1220 1867 si
1242 1848 1307 1868 vero
1323 1840 1432 1869 duobus
1451 1841 1569 1869 dominis
1589 1842 1694 1871 servire
1713 1851 1770 1872 non

982 1885 1057 1918 licet,
1070 1885 1230 1914 substantiae
1239 1893 1304 1914 vero
1319 1886 1447 1915 humana:
1460 1887 1571 1916 dimidia
1586 1896 1660 1924 pars,
1669 1889 1771 1925 quippe

983 1938 1043 1965 quae
1064 1938 1097 1958 ex
1120 1930 1266 1967 impiorum
1287 1931 1430 1960 hominum
1449 1937 1541 1961 mente
1561 1938 1686 1962 creatura
1703 1935 1769 1962 Mali

983 1977 1108 2008 exsistit,
1125 1977 1177 2012 ipsi
1196 1977 1266 2005 Malo
1288 1979 1371 2013 etiam
1390 1978 1475 2006 invita
1496 1980 1583 2008 servit
1600 1984 1628 2008 et
1646 1980 1771 2017 subjecta

982 2027 1025 2051 est
1044 2027 1172 2059 tanquam
1187 2029 1312 2052 creatura
1333 2025 1480 2060 conditori,
1494 2033 1577 2054 nemo
1588 2034 1654 2055 sane
1665 2035 1734 2063 pure
1743 2033 1772 2056 et

983 2069 1088 2104 integre
1102 2068 1157 2096 Deo
1173 2077 1292 2104 unquam
1312 2069 1465 2097 serviverit.
1480 2069 1557 2098 Adeo
1568 2071 1596 2098 in
1607 2079 1694 2106 nugas
1705 2071 1771 2106 ipsis

983 2113 1086 2141 abeunt
1097 2114 1190 2142 divina
1207 2114 1342 2150 praeconia
1354 2135 1362 2148 ,
1376 2119 1416 2148 et,
1440 2122 1458 2143 ο
1481 2116 1625 2144 hominum
1648 2116 1771 2144 insolen-

984 2160 1065 2187 tiaml
1089 2159 1148 2195 ipse
1172 2167 1281 2195 quoque
1298 2161 1457 2188 tremendus
1467 2160 1569 2189 Christi
1592 2161 1727 2189 adventus
1744 2166 1773 2189 et

146 2204 197 2231 ὅσα
223 2205 294 2241 ὑπὲρ
321 2206 371 2241 τῆς
399 2205 478 2241 ἡμῶν
505 2205 646 2241 σωτηρίας
668 2206 683 2232 ὁ
710 2205 844 2240 δεσπότης
863 2205 927 2232 exibi

986 2205 1149 2238 incarnatio,
1168 2210 1250 2241 atque
1264 2205 1332 2234 adeo
1345 2206 1452 2239 omnia,
1475 2213 1536 2241 qua:
1551 2213 1601 2241 pro
1614 2206 1702 2233 salute
1717 2213 1770 2233 no—

147 2250 250 2286 ὐπέστη
273 2251 319 2278 καὶ
334 2251 507 2284 κατεδέξατο.
533 2251 615 2279 Ἀλλά
632 2251 664 2278 σὺ
680 2251 730 2286 μὲν
752 2252 806 2278 τῶν
828 2250 933 2287 ἀνθρω-

986 2257 1043 2280 stra
1059 2251 1192 2279 Dominus
1205 2251 1278 2279 ultro
1299 2251 1429 2280 sustinuit
1449 2255 1477 2280 et
1492 2251 1605 2287 recepit.
1619 2251 1730 2279 Scilicet
1742 2255 1772 2280 tu

689 2332 1024 2367 νΑκωιΕετιοΝεε
1048 2331 1093 2359 ΕΤ
1113 2330 1232 2360 NOTAE.

184 2423 241 2460 (98)
258 2425 425 2462 ίξιυστικήν.
444 2425 622 2462 Subintellige
639 2425 720 2462 εὐχὴν
732 2446 740 2462 ,
766 2425 792 2453 id
806 2429 854 2462 est»
869 2431 932 2451 ora-

147 2458 249 2496 tionem
263 2458 447 2496 Dominicam,
460 2469 520 2496 qua
541 2458 607 2489 alias
623 2458 782 2496 simpliciter
796 2460 863 2496 εὐχὴ
884 2463 933 2496 aut

146 2494 215 2531 ερχὴ
237 2496 388 2531 Δεσποτικὴ
404 2504 419 2522 a
434 2494 535 2525 Graecis
556 2494 713 2524 doctoribus
737 2494 833 2531 vocari
853 2494 932 2521 solet.

147 2529 263 2572 tioitsta‘t
277 2529 396 2572 alioquin
412 2531 495 2566 εὐχὴν
518 2532 654 2572 μυστικὴν
668 2530 852 2572 vocat-illlam
863 2536 934 2572 pre:

147 2564 229 2591 candi‘
244 2563 388 2592 formulam
399 2563 616 2599 qua‘sace'rdotes
627 2563 655 2592 in
667 2565 752 2593 veteri
766 2564 886 2592 Ecclesia
899 2563 933 2591 ad

147 2599 342 2626 sanctiﬁcanda
357 2600 490 2627 elementa
506 2609 590 2629 sacra:
605 2608 690 2628 ciente
705 2600 744 2627 uti
759 2599 892 2630 solebant,
907 2603 935 2626 et

146 2640 208 2670 gina;
222 2641 284 2662 cum
302 2634 360 2670 ipsa
372 2635 508 2670 pretioue
523 2635 661 2663 Dominiea
676 2635 804 2670 conjungi
819 2634 932 2670 solebat.

147 2668 238 2708 Hujus
252 2669 356 2708 m_en_tio
368 2668 497 2708 frequens
509 2675 551 2708 est
562 2671 590 2697 in
605 2668 734 2708 Liturgiis'
746 2668 872 2708 (ἓτέιειιὶςι.⁸

184 2705 241 2740 (99)
267 2704 390 2736 Ταύτην.
405 2704 566 2740 ,Legendum
593 2704 805 2740 vitlcri‘poterat
827 2704 932 2740 τούτον,

146 2739 211 2774 quia
236 2746 326 2774 sermo
342 2742 384 2766 est
396 2739 430 2766 de
443 2738 527 2774 ἄρτῳ.
545 2743 579 2767 At
593 2738 708 2767 Photius
733 2740 792 2767 haec
809 2738 932 2765 scribens

147 2773 276 2809 cogitavit
299 2774 333 2801 de
348 2774 523 2809 νοοθγτροφὴ,
543 2782 603 2808 qua:
617 2775 651 2802 de
669 2782 739 2809 pane
757 2774 931 2809 etiamiusur-

148 2807 209 2845 pari
232 2808 315 2845 solet,
342 2813 371 2835 et
393 2808 427 2835 ad
442 2807 524 2845 hanc,
545 2807 621 2836 more
633 2807 812 2845 scriptoribus
830 2807 930 2837 Grecis

149 2841 276 2876 solemni,
293 2851 442 2878 pronomen
456 2843 557 2879 ταύτην
573 2844 674 2872 retulit.

271 2890 406 2922 Panos.
429 2892 487 2922 Gn.
507 2890 571 2922 CII.

1021 2424 1063 2462 (1)
1075 2423 1274 2462 Πετᾳϐἀλβει.
1297 2422 1389 2462 innuit
1413 2422 1458 2450 hic
1479 2429 1574 2462 eorum
1591 2420 1773 2462 sententiam,

978 2457 1032 2494 qui
1048 2460 1130 2494 ἄρτον
1143 2459 1283 2494 ἐπιούσιον
1299 2458 1333 2485 de
1345 2462 1518 2494 sacrosancta
1533 2457 1772 2494 Eucharistia__in-

982 2491 1185 2529 t'erprétantur,
1207 2492 1280 2528 quod
1306 2499 1341 2519 ex
1357 2492 1497 2529 veteribus
1520 2497 1548 2519 et
1571 2491 1772 2529 recentioribus

983 2526 1112 2558 Ecclesia:
1130 2526 1287 2557 doctoribus
1299 2534 1354 2554 non
1371 2527 1417 2554 uni
1431 2534 1590 2561 persuasum
1611 2526 1696 2553 luisse
1709 2533 1773 2560 per-

983 2564 1121 2597 vulgatum
1133 2568 1183 2591 est.
1196 2563 1263 2590 Vide
1275 2561 1392 2589 Balthas.
1407 2561 1550 2597 Stoibergii
1558 2561 1772 2594 Diuerlationer,

1005 2618 1012 2626 .
1026 2599 1079 2626 220
1092 2606 1168 2626 seua.

984 2605 1012 2634 ι).
1026 2605 1079 2626 ut)
1092 2606 1168 2633 seqq.

1020 2633 1059 2669 (2)
1081 2634 1305 2669 Στηλιτεύεταιη
1318 2630 1472 2669 Refellitur»
1479 2631 1589 2669 scilicet
1614 2631 1659 2658 hic
1678 2638 1773 2669 eorum

987 2666 1064 2703 error
1074 2677 1107 2696 ex
1122 2676 1155 2695 eo
1184 2668 1268 2703 quod.
1283 2667 1307 2703 si
1333 2667 1411 2703 panis
1433 2675 1447 2694 a
1464 2667 1533 2694 Malo
1549 2671 1631 2698 esset,
1654 2666 1774 2703 optimus

987 2676 1064 2696 error
1074 2677 1107 2696 ex
1122 2676 1155 2695 eo
1184 2673 1268 2703 quod.
1283 2675 1307 2694 ει
1333 2674 1411 2701 panis
1433 2675 1447 2694 a
1464 2673 1533 2694 Malo
1549 2673 1631 2698 esset,
1654 2673 1774 2728 Oﬁtimus

987 2702 1115 2731 Servator
1126 2703 1229 2738 aliquid
1242 2702 1353 2738 malirad
1369 2709 1425 2729 rem
1437 2707 1491 2738 tam
1507 2706 1628 2729 sanctam
1640 2702 1672 2728 ad
1696 2701 1774 2728 iben-

985 2739 1054 2775 dum
1065 2737 1227 2775 censuisset.
1243 2737 1316 2775 quod
1329 2737 1421 2765 dicere
1435 2737 1512 2775 nefas
1525 2741 1576 2775 est.
1655 2771 1662 2775 _
1745 2770 1751 2775 _

1019 2773 1061 2810 (5)
1074 2772 1229 2810 Καθαρῷς.
1255 2771 1293 2799 Ita
1308 2773 1367 2806 lego
1383 2780 1432 2810 pro
1446 2772 1578 2810 καθαρὸς,
1591 2771 1663 2810 quod
1688 2774 1729 2798 est
1745 2771 1772 2798 in

983 2806 1037 2837 ms.
1048 2806 1134 2844 quue
1147 2806 1192 2836 vel
1205 2815 1221 2835 a
1238 2812 1370 2843 sequente
1382 2806 1537 2843 ὁλοκλήρως
1552 2806 1692 2834 astr‘uitur.

1489 2886 1508 2915 7
