1941 3085
162 131 215 163 203

725 126 857 158 ΡΗΟΤΙΙ
881 124 1134 157 PATRIARCH/E
1151 125 1207 155 (ΣΡ.

1735 120 1784 153 204

162 187 283 223 quidem,
302 185 389 214 malus
403 190 430 213 et
443 183 598 220 ingratusin
618 182 820 211 benefactorem
831 181 949 213 futurus,

1006 179 1088 205 πίνων
1105 179 1240 213 σωμάτων
1256 176 1306 212 τὴν
1322 175 1425 212 τροφὴν
1443 175 1562 211 πονηρὸς
1578 174 1625 202 καὶ
1642 175 1784 211 ἀχάριστος

163 233 253 260 cibum
267 239 412 267 corporum
429 230 612 257 humanorum
627 229 741 256 malitia:
756 231 876 263 segetem
888 233 949 253 esse

164 278 265 305 tradis:
291 276 420 304 Servator
440 283 505 303 vero
535 275 657 302 omnium
675 278 703 301 et
729 278 826 301 auctor
837 272 949 299 Patrem

163 330 244 350 suum
260 322 397 349 caelestem
411 328 443 348 ac
463 320 566 351 Deum,
589 320 669 355 cujus
690 326 803 354 regnum
819 325 870 345 nos
895 324 950 351 prae

163 368 245 395 rebus
259 366 398 401 corporeis
415 365 546 392 omnibus
560 371 683 400 quaerere
699 363 788 399 jubet,
806 370 862 390 non
879 361 951 388 illius

163 414 252 440 solum
265 411 319 439 cibi
330 419 384 446 quo
398 410 533 442 homines,
546 411 593 438 sed
608 414 636 437 et
646 409 755 437 illorum
764 428 772 442 ,
786 408 886 443 quibus
901 415 950 434 vo-

164 459 254 486 lucres
265 457 442 490 nutriuntur,
460 460 600 484 auctorem
614 460 642 483 et
661 459 866 491 procuratorem
887 460 951 488 pro-

163 503 282 531 nuntiat.
299 502 332 529 Et
348 502 486 537 quomodo
506 509 572 529 sana
587 501 657 528 ratio
669 501 774 536 quaevis
792 500 846 527 illis
859 504 951 527 extre-

164 557 216 577 mae
229 548 341 576 insaniae
353 555 447 583 poenas
464 555 520 575 non
539 547 638 575 merito
653 546 769 582 irroget,
788 546 834 581 qui
851 546 948 573 clamo-

165 601 209 622 res
232 600 297 621 suos
327 592 530 620 cum'oraculis
555 591 704 620 Dominicis
730 596 759 619 et
786 591 952 618 salutaribus

165 640 345 676 permutant?
358 639 422 667 Haec
436 640 511 667 enim
530 639 641 672 docent,
654 638 764 666 Patrem
784 642 909 666 nostrum
924 637 951 664 in

165 686 243 714 caelis
255 692 335 713 nosse
348 705 355 718 ,
379 685 478 720 quibus
496 692 565 720 opus
579 685 729 712 habeamus
740 703 748 717 ,
769 684 804 711 ad
818 691 899 718 quem
925 687 952 710 et

166 739 263 767 preces
272 730 454 765 delerrejussi
468 737 563 758 sumus
575 730 741 758 clamantes:
756 729 841 757 Pater
855 733 951 760 noster,

167 777 211 812 qui
222 784 248 803 es
259 776 286 803 in
300 775 369 803 melis
380 776 431 809 "‘;
450 782 578 810 eumque,
593 775 617 803 si
640 782 752 810 regnum
767 774 826 810 ejus
839 774 952 808 ejusque

165 821 300 856 justitiam
315 828 485 856 quaramus,
499 819 645 853 nuntiant,
671 827 727 847 non
747 819 835 847 solum
861 819 952 846 cibum

999 224 1064 261 περὶ
1080 223 1126 250 τὸν
1144 224 1293 259 εὐεργέτην
1307 222 1429 258 γεγονὼς
1439 241 1446 254 ,
1463 221 1598 257 πονηρίας
1614 221 1784 255 δογματίζεις

999 269 1149 305 γεώργιονο
1163 269 1179 296 ό
1194 269 1222 296 δὲ
1234 269 1330 304 Σωτὴρ
1343 268 1397 295 τῶν
1413 269 1482 295 ὅλων
1502 267 1551 295 καὶ
1566 267 1738 306 Δημιουργρς
1755 267 1783 294 οὐ

999 315 1050 351 τῆς
1075 314 1250 351 ἀνθρωπίνης
1274 314 1378 350 τροφῆς
1400 314 1481 349 μόνον
1496 314 1543 340 τὸν
1565 313 1691 349 οὐράνιον
1705 312 1783 340 αὑτοῦ

1000 361 1110 396 Πατέρα
1121 361 1167 388 καὶ
1177 361 1254 394 Θεὺν,
1267 357 1299 387 οἵ)
1324 360 1375 396 τὴν
1387 359 1526 395 βασιλείαν
1539 359 1724 393 ὲγκελεύεται,
1735 358 1785 395 πρὸ

999 407 1054 434 τῶν
1065 406 1229 443 σωματικῶν
1242 406 1383 438 ἀπάντων,
1403 406 1477 441 ἡμᾶς
1491 405 1642 440 ἐπιζητεῖν,
1658 404 1727 432 ἀλλά
1741 406 1785 432 καὶ

999 452 1033 480 δι’
1045 449 1083 480 ὧν
1101 452 1136 480 τὰ
1159 452 1272 479 πετεινὰ
1284 451 1428 487 τρέφεται,
1442 451 1525 478 αὐτὸν
1551 450 1697 485 ἀποφαίνει
1726 459 1786 487 χορ-

999 498 1067 534 ηγόν
1080 507 1110 525 τε
1128 498 1176 526 καὶ
1189 498 1353 534 προνοητήν.
1368 496 1424 524 Καὶ
1436 496 1495 528 πῶς
1502 497 1553 523 οὐκ
1568 496 1602 524 ἃν
1611 498 1662 532 τῆς
1673 497 1786 532 ἐσχάτης

1001 544 1102 580 μανίας
1124 543 1203 579 δίκην
1223 543 1400 571 ἀποτιννύναι
1418 543 1492 574 ἄπας
1505 542 1585 578 ὀρθὸς
1600 543 1786 578 ἐπιψηφιεῖται

999 590 1079 624 λόγος
1098 589 1161 622 τοὺς
1179 589 1229 621 τὰς
1251 589 1320 621 ἰδίας
1343 588 1446 620 ὑλακὰς
1469 588 1524 615 τῶν
1536 589 1718 623 ,Δεσποτικῶν
1741 588 1787 616 καὶ

1001 635 1144 671 σωτηρίων
1158 635 1428 670 ἀπαλλασσομένους
1442 634 1586 670 χρησμῶν,
1601 634 1631 661 ὃν
1641 634 1786 670 διαρρήδην

1001 681 1101 708 ειδέναι
1111 689 1142 709 τε
1153 680 1200 708 τὸν
1215 681 1243 708 ὲν
1260 681 1386 716 οὐρανοῖς
1407 679 1518 716 Πατέρα
1534 679 1625 715 ἡμῶν,
1643 676 1682 707 ὧν
1696 680 1787 715 χρείαν

1001 726 1111 763 ἔχομεν,
1126 726 1196 761 πρὸς
1210 726 1240 753 ὃν
1255 725 1304 754 καὶ
1319 726 1369 762 τὴν
1383 725 1468 762 εὐχὴν
1484 725 1636 753 ἀνατείνειν
1651 725 1787 761 ἐδιδάχθη-

1003 781 1064 808 μεν,
1083 771 1178 806 Πάτερ
1197 770 1292 805 ἡμῶν,
1310 770 1522 807 ἁνακράζοντες.
1540 771 1557 798 ό
1569 771 1604 798 ἐν
1621 770 1685 804 τοῖς
1703 771 1788 805 οὐρα-

1001 817 1080 852 νοῖς,
1093 818 1141 845 καὶ
1152 818 1181 844 ὲν
1193 817 1231 853 τῷ
1245 817 1336 852 ζητεῖν
1353 817 1403 853 τὴν
1419 816 1560 852 βασιλείαν
1576 815 1658 843 αὑτοῦ
1675 817 1723 843 καὶ
1741 816 1788 852 τὴν

168 855 247 894 nobis
261 855 395 901 praebere,
412 865 460 893 sed
474 871 502 893 et
513 865 604 893 omnia
618 865 733 900 reliqua.
748 872 798 900 per
812 871 872 898 qum
890 871 953 891 cor-

1006 862 1176 898 Βικαιοσύνην
1194 862 1288 895 αὐτοῦ,
1305 862 1337 889 οὐ
1354 862 1404 898 τὴν
1420 862 1522 897 τροφὴν
1536 862 1691 898 παρέχοντα
1711 862 1788 897 μόνον

168 919 220 947 pus
230 917 351 945 curatur,
363 919 415 939 nec
422 919 453 939 ea
464 911 563 943 solum,
572 919 632 946 qua-
639 911 670 938 ad
680 910 864 939 necessarium
875 917 954 938 usum

170 958 310 986 hominum
323 958 481 992 conferunt,
489 958 536 986 sed
545 963 574 985 et
595 965 656 993 quae
666 957 817 985 secundum
829 957 885 984 imo
895 955 956 983 ulti-

169 1003 339 1031 mumlocum
346 1007 491 1038 occupant,
503 1003 599 1030 habitu
612 1010 662 1030 suo
668 1003 787 1030 naturali
795 1001 956 1029 Instruxisse

169 1052 198 1075 et
211 1047 322 1075 aluisse.
335 1047 508 1075 Considerate
523 1047 603 1079 enim,
622 1046 721 1082 inquit,
735 1046 793 1073 lilia
809 1046 878 1081 agri,
892 1053 957 1081 quo-

169 1093 246 1119 modo
260 1097 377 1119 crescant
389 1099 399 1118 :
414 1100 466 1119 non
488 1092 621 1122 laborant,
638 1099 720 1126 neque
735 1095 796 1118 nent
809 1090 842 1118 ".
863 1089 957 1125 Neque

172 1137 230 1164 hac
248 1137 346 1170 solum,
373 1137 422 1164 sed
437 1141 464 1165 et
479 1137 568 1172 ipsum
584 1136 652 1164 adeo
677 1136 734 1172 agri
750 1142 873 1172 gramen,
884 1135 958 1170 quod

172 1182 253 1210 hodie
281 1182 398 1215 exsistit,
426 1187 454 1209 et
479 1189 541 1210 cras
563 1182 590 1209 in
607 1181 746 1209 fornacem
769 1181 898 1208 mittitur.
913 1181 958 1208 Ait

171 1227 245 1254 enim
263 1235 270 1254 :
291 1226 321 1254 Si
335 1234 396 1254 vero
409 1235 517 1262 gramen
533 1227 591 1262 agri
610 1227 685 1253 hodie
705 1227 841 1259 exsistam,
857 1231 881 1254 el
899 1234 958 1253 cras

170 1273 200 1300 in
212 1274 346 1308 fornacem
378 1272 473 1307 conjici
504 1272 612 1299 solitum
640 1272 709 1299 Deus
728 1272 958 1308 vestit,quomodo

172 1326 224 1344 non
241 1317 323 1345 ῃιιιιιο
342 1318 427 1353 magis
454 1325 509 1351 vos,
530 1326 545 1345 ο
571 1318 672 1352 exigua:
702 1317 764 1352 ﬁdei
791 1317 958 1344 homines"?

172 1362 206 1390 Et
221 1363 384 1390 naturalium
399 1362 509 1397 quidem
523 1362 630 1390 illorum
650 1362 884 1396 indumentorum,
898 1363 958 1398 qui-

173 1409 225 1435 bus
236 1408 324 1435 bonus
342 1407 472 1436 Dominus
492 1415 602 1443 gramen
626 1407 717 1440 vestit,
737 1416 798 1443 qua
816 1413 844 1436 et
856 1413 958 1444 quanta

171 1458 216 1482 est
225 1452 445 1488 magniﬁcentia!
462 1453 498 1480 Ea
521 1456 596 1480 certe
609 1456 714 1481 vestem
733 1453 835 1489 regiam
846 1459 873 1481 et
891 1461 958 1489 pur-

173 1506 242 1533 pura
268 1498 474 1534 splendentem,
503 1505 583 1533 quam
606 1498 727 1526 humana
752 1499 862 1527 solertia
887 1499 992 1547 interc

173 1543 275 1579 primas
286 1543 411 1576 collocat,
432 1547 495 1578 post
509 1550 539 1571 se
566 1547 695 1579 tanquam
711 1544 858 1573 secundam
875 1545 959 1572 relin-

173 1589 243 1624 quit.
259 1589 323 1616 Dico
338 1589 408 1616 enim
428 1588 512 1623 vobis,
526 1590 595 1625 quod
608 1598 690 1625 neque
705 1589 832 1617 Salomon
846 1591 876 1617 in
888 1591 959 1618 omm’

173 1642 223 1661 sua
238 1634 323 1669 gloria
347 1634 453 1661 vestitu:
467 1634 506 1661 ita
522 1635 582 1669 fuit,
599 1639 627 1661 ul
639 1642 721 1661 unum
735 1643 768 1662 ex
779 1634 833 1662 illis
848 1635 870 1662 ‘.
884 1635 959 1668 Quo-

174 1679 256 1706 modo
275 1678 358 1714 igitur
376 1678 507 1714 graminis
519 1679 629 1714 quidem
638 1679 766 1708 vestitum
779 1679 867 1707 bonus
882 1683 960 1714 parat

175 1725 257 1756 Deus,
278 1728 306 1751 tu
321 1731 385 1752 vero
402 1724 474 1752 illius
486 1724 653 1756 vestimenti,
666 1732 722 1760 quo
733 1724 852 1752 hominis
868 1725 960 1752 anima

174 1768 368 1800 circumdatur,
394 1768 526 1803 corporis.
551 1769 674 1804 inquam,
691 1769 787 1802 alium,
814 1777 869 1797 non
893 1777 959 1797 vero

173 1814 310 1848 eumdem,
336 1815 460 1851 requires
489 1816 679 1844 conditorem?
696 1816 729 1844 Et
749 1817 886 1852 quomodo
903 1824 959 1844 non

174 1859 254 1887 simul
270 1864 296 1888 te
307 1860 397 1896 ipsum
409 1862 489 1897 longe
503 1861 619 1897 graviori
630 1869 719 1897 preme
729 1862 876 1889 obnoxium
891 1862 961 1890 fate-

175 1905 222 1937 ris,
238 1913 319 1940 quam
333 1913 444 1941 gramen
457 1906 535 1940 illud,
552 1907 625 1943 quod
642 1907 670 1934 in
696 1907 835 1935 fornacem
845 1908 960 1943 conjici-

175 1950 240 1977 tur?
257 1950 292 1977 Et
306 1950 434 1978 Servatur
443 1951 554 1986 quidem
573 1952 638 1985 illis,
664 1953 712 1988 qui
724 1953 856 1988 justitiam
873 1954 921 1981 Dei
932 1958 960 1981 et

175 2003 288 2030 regnum
301 2003 350 2031 per
360 2003 442 2030 opera
453 2002 588 2032 quaerunt,
604 1998 741 2032 eumdem,
755 1999 834 2034 cujus
844 2007 959 2035 regnum

174 2040 240 2067 illud
253 2044 305 2073 est,
324 2046 351 2068 et
379 2041 472 2070 cibum
496 2047 523 2070 et
548 2044 711 2072 vestimenta
723 2045 841 2081 aliaque,
858 2046 960 2081 quibus

174 2082 363 2119 conservatur,
396 2088 633 2123 suppeditaturum
650 2090 795 2125 promittit.
827 2091 867 2119 Tu
893 2100 960 2120 vero

175 2133 226 2160 ista
249 2134 342 2169 gratia:
368 2139 397 2162 et
424 2134 600 2169 benignitatis
627 2143 740 2164 munera
763 2137 797 2164 ad
822 2137 959 2165 contraria

1004 908 1224 943 διαγγέλλουσιν,
1242 907 1312 935 ἀλλὰ
1335 908 1431 936 καὶτὰ
1450 907 1518 935 ἄλλα
1543 908 1648 940 πάντα,
1671 908 1706 935 δι’
1719 904 1787 943 ὦνὴ

1005 953 1136 990 θεραπεία
1159 953 1207 980 τοῦ
1224 953 1369 988 σώματος,
1392 953 1441 980 καὶ
1454 954 1503 989 οὺχ
1523 954 1573 981 ὅσα
1598 954 1723 990 μόνοντῇ
1739 955 1785 981 ἀν-

1005 999 1130 1036 θρωπίνῃ
1151 999 1231 1035 χρείᾳ
1255 999 1286 1032 ἐξ
1306 999 1456 1034 ἀναγκαίου
1483 998 1623 1031 συντελεῖ,
1651 999 1720 1027 ἀλλὰ
1743 999 1789 1026 καὶ

1004 1044 1055 1071 ὅσα
1084 1044 1232 1079 δευτέραν,
1265 1043 1282 1079 ἢ
1310 1043 1358 1071 καὶ
1385 1043 1547 1070 τελευταίαν
1573 1044 1668 1078 ἐπέχει
1692 1043 1787 1076 τάξιν,

1005 1090 1088 1117 αὑτὸν
1112 1090 1199 1117 αἴτιον
1224 1088 1296 1117 εἶναι
1321 1090 1369 1117 καὶ
1394 1090 1445 1125 τῆς
1471 1089 1574 1117 τούτων
1595 1089 1714 1130 φυσικῆς
1740 1097 1789 1116 πε-

1008 1136 1116 1171 ριϐολῆς
1143 1136 1190 1163 καὶ
1216 1135 1366 1171 αὐξήσεως.
1392 1135 1580 1170 Καταμάθετε
1607 1129 1690 1170 γὰρῇ
1704 1135 1789 1170 φησὶ.

1006 1181 1042 1209 τὰ
1057 1182 1146 1215 κρίνα
1160 1181 1213 1209 τοῦ
1227 1181 1320 1216 ἀγροῦ
1333 1180 1396 1215 πῶς
1405 1181 1543 1214 αὐξάνειο
1559 1182 1595 1209 οὐ
1609 1180 1709 1216 κοπιᾷ,
1720 1179 1791 1209 οὐδὲ

1005 1227 1101 1260 νήθει.
1121 1227 1175 1254 Καὶ
1202 1227 1232 1253 οὐ
1250 1226 1337 1253 ταῦτα
1355 1226 1445 1262 μόνον,
1464 1226 1532 1253 ἀλλὰ
1558 1227 1606 1253 καὶ
1631 1226 1727 1258 ἁπλῶς
1743 1226 1789 1253 τὸν

1006 1273 1101 1308 χόρτον
1114 1273 1160 1299 τοῦ
1176 1272 1263 1308 ἀγροῦ
1283 1273 1330 1300 τδν
1344 1272 1464 1308 σήμερον
1482 1272 1558 1305 ϐντα,
1580 1272 1628 1298 καὶ
1644 1271 1739 1307 αὔριον
1751 1272 1791 1302 εἰς

1007 1317 1132 1344 κλίϐανον
1151 1317 1323 1353 βαλλόμενον.
1339 1318 1422 1351 Δέγει
1435 1317 1490 1353 γάρ
1502 1326 1510 1334 ’
1526 1318 1561 1345 ει
1573 1316 1607 1344 δὲ
1618 1317 1673 1344 τὸν
1685 1317 1791 1351 χόρτοι·

1007 1363 1060 1391 τοῦ
1073 1363 1166 1398 ἁῃοοῦ
1184 1363 1319 1398 σήμερον
1332 1364 1405 1390 ὄντα
1418 1363 1467 1390 καὶ
1479 1363 1584 1397 αὔριον
1592 1364 1636 1396 εις
1647 1363 1791 1390 κλίϐανον

1005 1409 1200 1443 ,βαλλόμενον
1214 1410 1230 1435 ὀ
1243 1409 1315 1441 Θεὸς
1328 1408 1541 1443 ἀμφιέννυσιν,
1553 1409 1589 1436 οὐ
1603 1407 1789 1443 πολιῷμᾱλ-

1007 1456 1065 1481 λον
1080 1453 1169 1488 ὑμᾶς,
1185 1455 1393 1489 ὀλιγόπιστοι;
1416 1453 1471 1481 Καὶ
1484 1454 1539 1481 τῶν
1554 1454 1676 1489 φυσικῶν
1687 1455 1791 1490 ἀμφια-

1009 1500 1121 1535 σμάτων
1133 1501 1248 1533 τούτων,
1265 1498 1307 1532 οἷς
1328 1501 1343 1527 ό
1367 1500 1469 1535 ἀγαθὸς
1484 1500 1620 1535 Δεσπότης
1633 1500 1792 1536 ὴμφιάσατο

1007 1545 1052 1574 τὸν
1065 1545 1172 1582 χόρτον,
1189 1546 1259 1582 τιςὴ
1282 1546 1445 1581 λαμπρότης
1460 1547 1509 1573 καὶ
1533 1546 1618 1583 πόσηί
1636 1547 1683 1579 Εἰς
1700 1547 1792 1574 δευτέ-

1009 1600 1059 1627 ραν
1073 1591 1156 1627 αὗτη,
1175 1591 1225 1627 τὴν
1247 1592 1277 1625 ἐξ
1295 1591 1470 1627 ἀνθρωπίνης
1483 1592 1623 1626 περινοίας
1635 1592 1671 1619 τὰ
1695 1592 1795 1627 πρῶτα

1007 1637 1143 1673 λαχοῦσαν
1156 1636 1298 1672 βασιλικὴν
1328 1636 1436 1672 στολὴν,
1451 1636 1500 1664 καὶ
1526 1638 1561 1672 τῇ
1581 1637 1728 1672 πορφυρίδι
1750 1637 1795 1663 ὲν-

1007 1682 1225 1718 αστράπτουσαν,
1231 1681 1422 1717 παραπέμπει.
1430 1681 1512 1717 Λέγω
1518 1681 1573 1718 γὰρ
1580 1682 1662 1714 ὑμῖν,
1670 1682 1714 1709 ὅτι
1719 1682 1796 1709 οὐδὲ

1008 1727 1151 1764 Σολομὼν
1160 1728 1196 1755 ἐν
1202 1727 1288 1763 πάσῃ
1301 1727 1338 1762 τῇ
1349 1727 1423 1762 δόξῃ
1430 1727 1524 1756 αὐτοῦ
1535 1728 1738 1762 περιεϐάλετο,
1752 1728 1795 1761 ὡς

1007 1773 1042 1801 ἐν
1056 1774 1179 1802 τούτων.
1194 1774 1227 1800 Τί
1241 1770 1288 1801 οὖν
1302 1773 1352 1809 τὴν
1368 1773 1418 1810 μὲν
1431 1773 1478 1800 τοῦ
1495 1773 1593 1809 χόρτου
1613 1774 1761 1810 περιϐολὴν
1779 1774 1796 1801 ὁ

1007 1818 1110 1853 ἀγαθὸς
1121 1817 1278 1855 περιϐάλλει
1288 1818 1363 1851 Θεὸς,
1375 1818 1426 1852 τῆς
1451 1818 1479 1845 δὲ
1494 1817 1640 1854 περιϐολῆς
1648 1839 1656 1850 ,
1670 1819 1705 1854 ἢν
1718 1819 1736 1854 ἡ
1749 1820 1797 1846 ἁν-

1009 1862 1131 1898 Θρωπίνη
1151 1862 1224 1899 ψυχὴ
1235 1862 1441 1899 περιϐάλλεται,
1455 1862 1486 1890 τδ
1500 1862 1580 1898 σῶμα
1606 1863 1688 1897 λέγω.
1714 1863 1796 1891 ἄλλον

1008 1909 1057 1935 καὶ
1084 1908 1146 1944 οὐχὶ
1164 1909 1210 1936 τὸν
1234 1908 1317 1936 αὑτὸν
1345 1907 1522 1944 ἑπιζητήσεις
1537 1908 1723 1945 δημιουργόν;
1740 1909 1798 1936 Καὶ

1008 1953 1069 1986 πῶς
1085 1953 1145 1989 οὐχὶ
1155 1953 1202 1981 τοῦ
1218 1955 1259 1986 εις
1267 1953 1394 1981 κλίϐανον
1413 1953 1615 1989 ὲμϐαλῂμένου
1632 1954 1729 1990 χόρτου
1745 1963 1798 1981 πο-

1008 1998 1041 2025 λὺ
1056 1998 1249 2034 χαλεπωτέρας
1271 1998 1385 2025 σεαυτὸν
1404 1997 1540 2033 τιμωρίας
1557 1997 1709 2025 ὑπεύθυνον
1725 1999 1797 2025 ἀπο-

1009 2043 1131 2079 φαίνειςς
1151 2043 1206 2070 Καὶ
1220 2044 1234 2070 ό
1252 2043 1301 2078 μὲν
1314 2042 1413 2078 Σωτὴρ
1425 2044 1481 2075 τοῖς
1496 2042 1545 2078 τὴν
1555 2043 1733 2079 δικαιοσύνην
1744 2044 1796 2071 τοῦ

1008 2089 1088 2121 Θεοῦ,
1107 2089 1154 2116 καὶ
1167 2088 1216 2124 τὴν
1233 2088 1372 2124 βασιλείαν
1388 2088 1423 2116 δι’
1437 2088 1526 2124 ἔργων
1537 2088 1725 2124 ἐπιζητοῦσιν,
1742 2090 1796 2117 αὐ-

1008 2136 1054 2163 τὸν
1075 2136 1153 2171 ἡμῖν,
1171 2132 1203 2163 οὗ
1215 2135 1232 2171 ὴ
1246 2134 1370 2170 βασιλεία
1389 2135 1437 2162 καὶ
1449 2135 1499 2171 τὴν
1511 2135 1614 2171 τροφὴν
1632 2137 1725 2164 καὶτὰ
1747 2138 1796 2163 εν-

175 2179 267 2206 omnia
279 2178 374 2206 refers.
387 2178 530 2213 Quomodo
553 2187 620 2208 vero
636 2180 705 2216 ipse,
721 2189 752 2209 se
768 2189 863 2210 eorum
887 2190 956 2218 quo-

1010 2183 1129 2219 δύματα,
1142 2183 1190 2210 καὶ
1200 2180 1241 2215 οἷς
1256 2182 1348 2214 ἄλλοις
1369 2182 1400 2209 τὸ
1416 2182 1496 2218 σῶμα
1511 2183 1662 2218 συνέχεται,
1674 2183 1800 2219 χορηγή-

177 2231 238 2250 rum
259 2231 315 2252 non
330 2229 372 2252 est
384 2228 490 2257 auct0r,
507 2224 555 2253 sed
571 2233 632 2261 quae
653 2226 767 2254 alterius
779 2232 844 2255 sunt
865 2236 958 2264 opera,

176 2272 317 2296 auctorem
340 2268 485 2297 inscribit?
497 2269 650 2305 Quomodo,
667 2273 740 2307 quod
752 2273 841 2301 adhuc
863 2275 961 2302 absur-

176 2313 238 2341 dius
253 2318 305 2347 est,
317 2321 346 2341 se
368 2313 527 2342 hominibus
542 2323 592 2350 pro
606 2316 708 2345 virtute
727 2318 923 2346 dimicantibus
933 2324 962 2347 et

177 2366 291 2394 regnum
324 2366 404 2387 suum
424 2361 622 2395 quaerentibus,
652 2363 735 2391 talem
751 2364 834 2397 sistit,
853 2365 899 2400 qui
922 2365 961 2393 eis

175 2405 260 2432 malas
283 2404 345 2432 Mali
368 2410 507 2434 creaturas
529 2408 673 2442 premium
688 2409 770 2436 studii
797 2410 851 2443 sui,
866 2411 959 2439 divino

175 2456 267 2476 amore
282 2450 367 2484 pleni,
388 2455 416 2479 et
428 2451 610 2480 certaminum
626 2453 806 2488 plurimorum
830 2455 919 2484 tradat
933 2461 961 2485 et

176 2495 319 2522 exhibeat?

211 2625 280 2653 XIII.
298 2625 377 2659 Quod
400 2634 466 2655 vero
484 2627 527 2654 lex
547 2633 680 2656 consonet
703 2629 806 2665 gratiae,
821 2630 889 2658 adeo
898 2639 958 2659 eer-

175 2676 234 2699 tum
248 2677 302 2703 est,
320 2676 350 2700 ut
361 2672 446 2700 altera
457 2673 493 2700 ab
509 2673 595 2701 altera
615 2674 777 2703 stabiliatur.
795 2675 884 2704 Gratia
898 2678 959 2712 qui-

175 2719 247 2751 dem,
267 2723 395 2754 tanquam
411 2726 472 2754 quae
487 2726 501 2746 a
526 2718 584 2754 lege
598 2720 769 2756 praeﬁgurata
787 2725 815 2749 et
829 2730 958 2757 praenun-

1011 2236 1069 2255 σειν
1084 2228 1293 2262 ἐπαγγέλλεται.
1302 2228 1338 2255 Σὺ
1352 2227 1381 2254 δὲ
1395 2228 1482 2255 ταῦτα
1494 2227 1545 2263 τῆς
1554 2228 1658 2263 δωρεᾶς
1669 2227 1716 2254 καὶ
1727 2235 1799 2262 χρη·-

1010 2272 1139 2308 στάτητος
1152 2273 1193 2305 εἰς
1205 2273 1382 2308 ἀλλοτρίωσιν
1392 2272 1566 2305 ὑποϐάλλεις.
1581 2273 1638 2299 Καὶ
1657 2272 1726 2304 πῶς,
1740 2269 1800 2298 ὦν-

1009 2325 1063 2353 περ
1078 2317 1158 2349 αὐτὸς
1169 2318 1220 2344 οὐκ
1234 2317 1292 2344 ἐστι
1307 2317 1481 2353 προαγωγὸς,
1503 2316 1562 2345 ἀλλ’
1585 2317 1683 2352 ἑτέρας
1706 2317 1800 2352 ἀρχῆς

1011 2362 1165 2398 πεφύκασιν
1175 2363 1254 2398 ἔργα,
1273 2363 1355 2391 αὐτὸν
1369 2364 1526 2399 ἀναγράφει
1536 2363 1676 2399 παροχέας
1692 2363 1750 2390 Καὶ
1766 2363 1801 2390 τὺ

1009 2408 1050 2435 ἔτι
1064 2408 1247 2442 ἀτοπώτερον,
1274 2408 1332 2440 τοῖς
1348 2409 1397 2443 τῆς
1424 2407 1526 2445 ἀρετῆς
1556 2408 1721 2442 ἀγωνισταῖς
1747 2408 1802 2435 καὶ

1011 2452 1060 2488 τὴν
1075 2452 1213 2488 βασιλείαν
1226 2452 1311 2480 αὑτοῦ
1327 2453 1457 2480 ποθοῦσιν
1472 2449 1516 2480 οῐα
1527 2452 1560 2488 δὴ
1571 2453 1667 2488 μισθὸν
1685 2453 1735 2480 καὶ
1745 2453 1803 2489 τῆς

1013 2497 1138 2533 φιλοθέου
1153 2498 1309 2533 προθυμίας
1324 2499 1372 2526 καὶ
1385 2498 1440 2526 τῶν
1450 2497 1584 2534 ἀορίστων
1595 2499 1803 2534 ἀγωνισμάτων

1011 2544 1046 2571 τὰ
1058 2543 1105 2571 τοῦ
1120 2544 1244 2579 Πονηροῦ
1261 2544 1490 2581 δημιουργήματα
1509 2544 1665 2580 παρέχοντά
1691 2552 1720 2571 τε
1749 2545 1803 2571 καὶ

1010 2590 1236 2624 ἀνταποδιδόντα;
1253 2614 1255 2617 .

1047 2637 1096 2663 Il".
1110 2636 1171 2663 Ὀτι
1187 2637 1279 2672 μέντοι
1291 2636 1435 2672 σύμφωνος
1446 2636 1461 2663 6
1475 2637 1556 2672 νόμος
1571 2638 1604 2673 τῇ
1616 2637 1719 2672 χάριτι,
1731 2635 1804 2663 ἑκά-

1011 2687 1090 2715 τερον
1103 2679 1138 2706 δι’
1151 2679 1281 2715 ἐκατέρου
1298 2680 1407 2716 δέχεται
1417 2680 1467 2716 τὴν
1478 2680 1633 2716 βεϐαίωσιν.
1651 2680 1683 2707 Ἦ
1697 2680 1746 2715 μὲν
1760 2680 1806 2712 ὡς

1014 2725 1060 2752 ὐπ’
1074 2723 1156 2752 αὑτοῦ
1167 2725 1424 2762 προδιατυπουμένη
1437 2734 1467 2752 τε
1487 2726 1533 2753 καὶ
1558 2724 1806 2761 προκαταγγελλο-

212 2821 246 2837 ⁹⁷”
257 2820 352 2848 blutlh.
368 2821 440 2854 vr,9.
478 2821 501 2837 "‘
511 2820 651 2854 Malthsn,
663 2821 708 2848 28.
745 2823 768 2838 ⁶⁹
778 2822 896 2850 ἰωὰ-50.
933 2823 943 2839 ¹
957 2823 1074 2852 ibid.29.
