1941 3085
157 120 211 153 205

666 124 815 155 CONTRA
830 124 1059 156 MANICHAEOS
1083 126 1199 157 LIBER
1222 127 1271 158 IV.

1731 127 1786 160 206

159 177 227 212 μένη
240 175 289 203 καὶ
299 172 356 219 οἷον
372 178 629 214 προχαραττομᾶνη,
642 180 691 207 καὶ
709 181 897 217 ἐμφαινομένη
914 190 943 208 τε

996 182 1060 210 tiata
1081 186 1109 210 et
1132 180 1211 218 quasi
1237 190 1375 219 expressa,
1392 183 1448 211 imo
1477 183 1650 212 manifestata
1677 188 1706 212 et
1722 192 1785 220 pro-

158 226 206 252 καὶ
215 225 408 261 ὲνδεικνυμένη
418 227 475 258 τοῖς
481 226 647 262 σκιάσμασιν
654 235 662 245 ·
672 229 687 255 6
696 228 724 255 δὲ
730 228 777 255 ἅτε
785 229 841 256 τῶν
853 231 943 266 προῤ-

159 272 267 307 ῥήσεων
277 272 324 298 καὶ
336 273 577 308 προχαραγμάτων
591 273 635 301 ἐπ’
647 274 739 310 ἔργοις
752 275 943 311 ὲκΰεόηκότων

159 316 203 343 διὰ
214 317 265 352 τῆς
277 318 399 353 χάριτος,
407 318 454 345 καὶ
465 319 515 354 τὴν
523 319 553 346 ἐν
569 320 644 355 αὐτῷ
653 320 705 355 ὑπὸ
717 322 774 354 τοῖς
784 322 946 357 παραπετά-

161 369 248 396 σμασι
269 363 464 398 κρυπτομένην
475 365 720 402 ἀνακαλυπτούσης
736 375 765 394 τε
782 368 829 394 καὶ
843 368 946 403 ἀνακη-

162 406 311 442 ρυττούσης
330 407 470 442 ἀλήθειαν.
501 408 532 435 El
545 409 574 436 δὲ
590 410 628 445 μὴ
641 410 672 437 τὸ
696 411 840 446 σύμφωνον
857 412 946 439 συνδι-

159 451 262 484 έσωζον
271 451 396 486 ἀλλήλοις
404 454 421 488 ὴ
430 454 512 489 χάρις
524 455 571 481 καὶ
582 455 616 482 τὰ
630 456 684 491 πρὸ
698 456 747 492 τῆς
755 457 874 493 χάριτος,
886 459 946 491 πῶς

160 497 195 524 ἂν
212 497 230 524 ἃ
245 498 381 537 παρζτοῦ
398 499 481 534 νόμου
502 501 550 527 καὶ
569 501 623 528 τῶν
652 502 800 537 προφητῶν
823 504 946 539 ἐχρησμ-

160 543 254 578 ῳδήθη
265 542 351 570 ταῦτα
371 545 523 580 πανδήμοις
548 546 670 581 δμμασιν
681 547 771 583 ὡρᾶτο
787 548 946 583 τελούμενα.

162 588 224 619 Πῶς
250 587 278 614 δὲ
301 588 349 614 καὶ
368 590 382 615 6
405 589 501 625 Σωτὴρ
521 590 600 625 ἡμῶν
618 591 680 623 τοὺς
704 591 820 627 λεπροὺς
846 593 948 628 ῥήματι

165 633 306 668 καθαίρων
332 633 401 669 πρὸς
426 635 490 667 τοὺς
512 636 541 663 ἐν
556 636 632 672 νόμῳ
656 637 740 673 ἱερεῖς
759 638 869 670 τούτους
896 639 949 666 ἀπ-

164 678 284 711 έστελλε,
310 680 488 715 προστάττων
501 681 612 709 ἀπιέναι
629 683 676 709 καὶ
691 684 874 712 ἐπιδεικνύναι
888 684 950 711 τού-

161 733 218 756 τοις
232 725 356 759 ὲαυτοὺς,
379 726 417 758 ὡς
429 727 444 753 6
460 727 542 762 νόμος
558 729 677 756 ἐκέλευε.
696 730 752 756 Καὶ
764 730 795 757 τὸ
810 730 950 766 ἰσχυρότε-

162 778 209 805 ρον
227 774 422 806 προσενεγκεῖν
439 773 469 799 τὸ
480 773 578 807 δῶρον,
593 773 631 807 ὡς
647 775 661 801 6
674 774 778 810 Μωσῆς
796 771 948 808 διετάξατο.

162 815 294 843 Καὶειτά
309 817 413 847 παλαιά
435 819 493 850 τοῖς
514 818 584 847 νέοις
603 820 778 855 διαμάχεται,
804 821 862 852 πῶς
885 821 949 853 τοὺς

162 859 308 896 πληρωτὰς
319 862 374 888 τῶν
385 863 557 890 Δεσποτικῶν
582 864 698 891 ἐντολῶν
714 865 761 891 καὶ
785 865 946 892 πολιτευσα-

163 906 262 939 μένους
277 907 307 933 tv
321 908 355 942 τῇ
370 908 463 943 χάριτι
481 909 537 935 ἀπὸ
548 909 686 936 ἀνατολῶν
704 910 752 936 καὶ
763 910 874 944 δυσμῶν
885 919 948 937 συν-

161 950 236 984 άγων
258 952 272 978 6
294 952 390 988 Σωτὴρ
412 954 502 987 αὐτὸς,
521 955 591 990 μετὰ
615 954 662 982 τοῦ
682 955 808 991 Ἀϐραὰμ
838 957 886 982 καὶ
900 957 947 983 τοῦ

167 996 261 1023 Ἰσαάκ
277 998 325 1024 καὶ
339 998 386 1025 τοῦ
405 998 513 1032 Ἰακὼϐ,
525 1000 588 1032 τοὺς
609 1001 681 1027 κατὰ
700 1002 782 1036 νόμον
797 1001 949 1037 εὐηρεστη-

161 1040 244 1073 κότας
256 1042 315 1078 Θεῷ
327 1043 356 1070 ἐν
366 1045 399 1079 τῇ
409 1044 535 1081 βασιλείᾳ
548 1046 739 1080 συνεισάγει-ιε
751 1047 798 1073 καὶ
809 1048 951 1074 συντάττει

161 1087 217 1114 τῶν
231 1088 364 1124 οὐρανῶν.
387 1091 460 1117 Ἴσον
474 1091 503 1117 δέ
517 1092 591 1118 ἐστιν
601 1092 690 1118 εἰπεῖν
707 1092 758 1127 τῆς
784 1092 867 1119 αὑτοῦ
888 1101 952 1127 συγ-

995 227 1115 263 mulgata
1131 232 1173 255 est
1196 227 1280 255 variis
1310 228 1587 256 adumbrationibus:
1611 228 1653 255 lex
1695 233 1786 256 autem

994 277 1137 308 postquam
1154 273 1346 308 praedictiones
1368 277 1394 301 et
1415 273 1507 308 ﬁgura;
1524 273 1575 301 illa:
1592 281 1641 308 per
1662 274 1787 309 gratiam,

996 317 1024 344 in
1038 325 1098 345 rem
1117 318 1206 352 ipsam
1229 317 1366 349 abierunt,
1382 325 1443 352 quae
1467 318 1622 351 veritatem,
1649 317 1701 345 sub
1719 318 1787 345 velis

996 363 1056 398 ejus
1070 363 1200 391 latentem
1218 364 1317 391 retexit
1340 367 1368 391 et
1387 363 1414 390 in
1429 363 1518 391 lucem
1542 364 1680 398 produxit.
1708 364 1786 397 Quod

996 409 1019 436 si
1035 417 1079 436 res
1093 409 1186 444 gratiae
1201 414 1228 437 et
1243 417 1287 437 res
1307 416 1367 436 eam
1381 414 1546 444 antegressae
1565 414 1690 436 mutuam
1714 409 1787 437 hanc

997 455 1208 482 consensionem
1236 463 1292 483 non
1319 455 1492 489 servassentf,
1517 456 1664 490 quomodo.
1693 463 1754 491 quae
1769 463 1786 483 a

997 501 1057 536 lege
1071 505 1099 528 et
1113 501 1254 536 prophetis
1269 501 1448 536 praenuntiata
1458 506 1545 534 erant,
1560 502 1681 529 omnium
1698 502 1785 530 oculis

998 552 1029 575 ut
1043 548 1154 582 impleta
1170 552 1355 583 apparuerunt
1366 548 1377 575 ?
1388 546 1531 581 Quomodo
1543 556 1607 575 vcro
1618 553 1647 575 et
1654 548 1786 575 Servator

998 599 1102 626 noster,
1131 594 1254 629 leprosos
1279 594 1363 621 verbo
1380 593 1535 626 mundatos,
1558 594 1592 621 ad
1618 593 1784 626 sacerdotes,

999 640 1046 675 qui
1058 640 1108 667 sub
1124 640 1182 675 lege
1203 644 1291 672 erant,
1312 639 1428 675 ablegat,
1445 640 1522 667 abire
1536 646 1595 670 eos,
1622 646 1706 674 seque
1720 639 1786 673 ipsis

1000 693 1032 713 ex
1051 689 1187 720 praecepto
1202 685 1269 720 legis
1282 685 1439 718 ostendere,
1454 685 1521 718 imo,
1537 684 1609 719 quod
1631 684 1692 719 plus
1703 684 1785 716 valet,

1000 731 1102 758 donum
1119 738 1132 757 a
1148 730 1221 758 Mose
1239 731 1406 765 postulatum
1417 730 1632 766 oil‘errejubens.
1650 729 1678 756 Si
1695 733 1787 756 vetera

1001 776 1081 804 novis
1107 776 1232 811 opposita
1257 780 1332 809 sunt,
1358 775 1495 810 quomodo
1516 783 1573 807 eos,
1603 775 1649 809 qui
1679 774 1786 802 Domini

1002 825 1137 857 praecepta
1167 821 1362 856 impleverunt,
1386 825 1415 849 et
1430 821 1457 848 in
1482 821 1568 857 gratia
1590 821 1692 848 versati
1711 825 1786 852 sunt,

999 867 1057 902 ipse
1084 866 1215 895 Servatur
1241 867 1275 894 ab
1304 867 1411 895 oriente
1434 871 1462 894 et
1490 866 1632 894 occidente
1658 867 1787 894 collectos

995 920 1058 940 cum
1070 913 1224 941 Ahrahamo
1238 917 1266 940 et
1282 912 1372 941 lsaaco
1386 917 1414 940 et
1424 912 1509 940 Jacob
1520 913 1553 929 '-'
1569 912 1615 948 qui
1633 912 1786 939 secundum

997 958 1083 995 legem
1101 959 1157 987 Deo
1179 959 1350 994 placuerunt,
1366 959 1394 986 in
1409 966 1493 995 regno
1516 959 1648 987 caelorum
1671 965 1786 993 congre-

997 1008 1042 1040 gat
1057 1008 1085 1031 et
1104 1003 1257 1040 coniungit,
1275 1004 1329 1037 vel,
1357 1004 1430 1039 quod
1444 1005 1536 1032 dicere
1558 1004 1600 1031 fas
1626 1008 1678 1036 est,
1709 1003 1785 1038 regni

998 1049 1040 1076 sui
1055 1056 1089 1076 ex
1111 1053 1229 1084 utroque
1258 1049 1437 1083 Testamento
1458 1049 1615 1077 cohaeredes
1632 1047 1785 1082 constituit,

999 1098 1029 1120 ut
1044 1093 1126 1120 simul
1139 1093 1279 1128 promissis
1294 1098 1320 1121 ct
1335 1093 1446 1121 aeternis
1459 1094 1539 1121 bonis
1552 1093 1604 1120 frui
1615 1092 1747 1128 possint?

163 1133 350 1170 κληρονόμους
364 1144 395 1162 τε
420 1137 566 1173 καθίστησι
580 1138 644 1170 τοὺς
676 1138 706 1172 ἐξ
734 1139 868 1174 ἑκατέρας
904 1139 1047 1176 διαθήκης,
1072 1139 1120 1167 καὶ
1158 1139 1394 1171 συναπολαύοντας
1417 1139 1473 1166 τῶν
1500 1139 1715 1176 ἐπηγγελμένων
1739 1139 1786 1166 καὶ

160 1182 278 1208 αἰωνίων
294 1181 413 1215 ἀγαθῶν.

197 1229 247 1255 ῙΔ’.
258 1226 322 1264 Ἆρ’
336 1227 383 1255 οὖν
395 1228 469 1256 ἐστιν
482 1229 573 1264 εὑρεῖν
593 1239 621 1257 τι
637 1230 686 1266 τῆς
700 1230 834 1266 λεγούσης
854 1231 947 1266 φωνῆς

163 1274 359 1310 μανικώτερον,
373 1275 390 1310 ἢ
402 1275 452 1310 τῆς
465 1275 586 1307 διανοίας
599 1276 750 1313 ἀθεώτερον
770 1277 824 1304 τῶν
844 1279 949 1304 ἐννοου-

162 1319 252 1355 μένων
264 1321 332 1353 ὅλως
342 1321 381 1352 είς
392 1321 558 1355 ἀντιπάλους
567 1323 687 1358 διασχίζε
692 1332 715 1349 ιν
732 1324 829 1359 μοίρας
839 1323 950 1359 τὴν“χά-

161 1374 207 1401 ριν
214 1366 261 1392 καὶ
273 1367 320 1393 τὸν
333 1367 424 1402 νόμον,
441 1369 489 1395 καὶ⁸
500 1369 564 1400 τοὺς
575 1368 606 1395 ὲν
619 1369 736 1405 ἑκατέρᾳ
746 1369 949 1405 διαπρέψαντας

161 1412 286 1448 πολιτείᾳ
298 1412 336 1449 μὴ
354 1413 400 1440 τδν
423 1413 507 1441 αὐτὸν
534 1415 638 1449 ἀγαθὸν
661 1415 830 1452 θεραπεῦσαι
858 1415 949 1450 λέγειν

161 1457 238 1491 Θεὸν,
256 1457 315 1485 ἀλλ’
338 1459 545 1495 ἀντικειμέναις
573 1460 839 1493 συνδιασπασθὲντας
851 1461 950 1497 ἀρχαῖς

160 1504 206 1531 διά
221 1505 380 1540 μαχομένης
399 1505 528 1540 λατρείας
552 1507 679 1542 ἀλλήλοις
709 1507 866 1542 προελθεῖν;
895 1507 950 1534 Καὶ

161 1549 283 1607 iliacae;
297 1549 326 1576 δὲ
343 1550 425 1605 πάλιν
454 1551 504 1582 τὰς
518 1551 630 1583 ἐντολὰς
645 1552 660 1578 6
678 1551 728 1587 τῆς
745 1552 856 1587 χάριτος
877 1560 948 1586 παρ-
959 1576 982 1607 C

161 1594 236 1629 ἀγων
246 1596 395 1632 είσηγητὴς
405 1593 443 1624 ὦν
451 1597 509 1623 ἐστι
519 1597 568 1631 μία
583 1597 631 1625 καὶ
642 1598 670 1632 ὴ,
690 1597 762 1632 Τίμα
772 1598 825 1624 τὸν
832 1597 946 1632 πατέρα

160 1648 230 1674 σου,
244 1641 438 1677 νομοθετοῦσα,
453 1643 502 1669 καὶ
530 1642 588 1677 τὴν
603 1643 718 1678 μητέρα
738 1651 796 1671 σου
814 1651 821 1658 '
844 1644 945 1678 μᾶλλον

160 1686 190 1713 δὲ
199 1687 327 1722 πράττων
338 1688 429 1715 αὐτῶν
442 1688 492 1724 τὴν
507 1689 660 1723 ἐκδίκησιν,
679 1689 789 1721 ἐντολὰς
806 1690 856 1724 μὲν
879 1689 946 1716 ταύ-

160 1742 210 1764 τας
224 1734 371 1768 ἀποφαίνει
388 1734 467 1762 Θεοῦ.
483 1735 534 1762 Διά
547 1735 577 1762 δέ
599 1744 631 1768 γε
647 1736 698 1770 τῆς
722 1736 871 1771 ειρημένης
897 1737 946 1763 καὶ

160 1779 207 1806 τὸν
218 1781 444 1815 ἐγκεκρυμμένον
453 1781 504 1812 τῆς
516 1781 629 1815 καρδίας
650 1781 735 1812 δόλον.
747 1782 796 1808 καὶ
814 1782 863 1816 τὴν
877 1781 945 1808 ὑπό-

160 1832 252 1858 κρισιν
263 1824 317 1850 τῶν
337 1825 473 1851 Ἰουδαίων
492 1825 660 1860 ἀπογυμνῶν
672 1826 717 1851 καὶ
729 1825 886 1860 διελέγχων,
903 1826 944 1852 ὃτι

159 1868 216 1895 τῶν
229 1868 310 1895 θείων
323 1869 543 1905 προσταγμάτων
563 1869 664 1905 ταύτης
677 1870 768 1905 Ῐοῦσης
794 1871 870 1897 αὐτοὶ
895 1862 945 1903 τὰς

158 1914 264 1946 οἰκείας
283 1915 394 1947 ἐντολὰς
413 1915 570 1951 ἔμπροσθεν
594 1916 642 1951 τῆς
659 1917 691 1942 ὲκ
714 1916 781 1942 θεοῦ
800 1917 944 1952 δεδομένης

157 1957 235 1995 ἦγον.
249 1960 345 1986 Καίτοι
355 1960 436 1986 πόσον
445 1958 478 1996 ἦν
492 1961 654 1995 κουφότερον
665 1960 849 1996 ἀνθρωπίναις
861 1970 944 1997 προσ-

158 2007 266 2041 ανέχειν
293 2007 461 2043 ὑποθήκαις,
488 2008 606 2042 ἧπερᾶς
629 2009 643 2034 6
661 2008 815 2042 ἀρχέκακος
840 2009 944 2035 ἀνετεί-

157 2051 223 2079 λατο
235 2061 242 2084 ;
255 2052 324 2078 Ἀλλ’
334 2053 381 2079 οὖν
397 2062 429 2087 γε
446 2053 480 2079 δι’
493 2053 579 2088 αὐτῆς
597 2053 666 2080 κατὰ
683 2054 737 2080 τῶν
749 2054 810 2080 τότε
818 2055 874 2085 τοῖς
892 2062 944 2089 μα-

158 2098 254 2133 θηταῖς
267 2098 317 2124 οὺκ
330 2099 449 2132 εὐλόγως
460 2099 720 2134 προσκεκρουκότων
750 2099 867 2133 σφοδρὰν
893 2099 943 2135 τὴν

158 2142 318 2176 ἐπιτίμησιν
340 2143 499 2177 ἐπαφίησιν,
525 2143 602 2170 οὐδὲν
627 2143 682 2170 τῶν
698 2144 737 2175 εις
764 2143 867 2179 βρῶσιν
893 2144 941 2170 καὶ

157 2187 238 2213 πόσιν
267 2187 400 2222 ἡκόντων,
425 2188 521 2224 ὅτιπερ
545 2187 606 2215 οὔτε
632 2190 728 2221 κοινοῖ,
746 2188 807 2216 οὔτε
831 2189 942 2226 βεὸηλοῖ

157 2231 204 2259 τὸν
220 2232 364 2267 ἄνθρωπον
380 2233 679 2269 ἀποφαινόμενος.,Καὶ
692 2235 742 2271 ὅρα
765 2235 803 2267 ὡς
829 2236 860 2262 οὐ
882 2236 942 2263 κατ’
959 2249 982 2277 D

157 2277 269 2304 ἐκείνων
282 2279 372 2313 μόνον,
384 2279 441 2306 ἀλλ’
452 2280 528 2306 οὐδὲν
544 2280 655 2307 ἔλαττον
671 2281 717 2307 καὶ
726 2280 788 2307 καθ’
797 2281 875 2317 ὑμῶν
897 2281 943 2308 αὐ-

156 2322 211 2349 τῶν
239 2324 256 2359 ὴ
289 2323 349 2351 θεία
381 2324 471 2360 ψῆφος
493 2325 652 2361 ἐκφέρεται.
690 2325 820 2358 Ἐκείνοις
847 2327 896 2362 μὲν
924 2327 942 2354 ἃ

158 2367 294 2403 μηδεμίαν
340 2369 417 2405 φέρει
460 2370 564 2406 βλάϐην
607 2371 714 2397 οῖκοθεν
757 2371 791 2399 τά
829 2371 942 2407 βρώμαο

156 2419 190 2438 τα
204 2412 417 2449 καθυϐρίζουσα,
435 2415 511 2450 ὑμῶν
521 2416 550 2442 δὲ
561 2416 610 2451 τὴν
622 2415 796 2452 βλασφημίαν
811 2426 941 2453 προαναι-

159 2456 245 2491 ροῦσα
260 2459 308 2485 καὶ
335 2460 568 2496 προεκτέμνουσα,
598 2462 632 2489 δι’
656 2460 690 2498 ἦς
720 2463 853 2498 πονηρίας
869 2462 940 2492 εἷναι

155 2502 242 2528 ταῦτα
259 2504 306 2530 καὶ
326 2504 414 2539 λέγειν
429 2507 476 2533 καὶ
491 2506 611 2542 νομίζειν
624 2507 823 2543 παρηνέχθητε.
838 2509 869 2536 Et
885 2510 939 2546 γὰρ

191 2559 216 2575 ’³
230 2559 325 2588 Matth.
345 2569 406 2594 vui,
423 2562 467 2590 Η.

1034 1227 1104 1255 XIV.
1117 1227 1186 1255 Num
1197 1227 1259 1262 quis
1278 1227 1359 1262 igitur
1370 1227 1477 1255 dabitur
1492 1235 1582 1255 sermo
1596 1229 1681 1264 magis
1699 1230 1787 1259 furio-

999 1282 1057 1307 sus,
1071 1279 1119 1302 aut
1128 1273 1263 1302 sententia
1272 1273 1359 1309 magis
1371 1273 1464 1309 impia,
1480 1281 1560 1308 quam
1574 1281 1668 1302 eorum
1682 1280 1724 1303 est
1737 1278 1785 1311 qui

1000 1321 1112 1356 gratiam
1131 1320 1258 1355 etlegem
1277 1319 1312 1347 ad
1339 1320 1462 1355 opposita
1488 1320 1621 1356 principia
1653 1322 1785 1355 referunt,

1002 1374 1103 1402 eosque
1119 1367 1163 1401 qui
1183 1367 1235 1394 sub
1262 1371 1377 1402 utraque
1402 1366 1541 1401 republica
1570 1367 1707 1400 vixerunt,
1732 1376 1786 1395 non

1002 1413 1128 1440 eumdem
1143 1413 1260 1440 coluisse
1271 1413 1374 1440 bonum
1384 1412 1478 1446 Deum,
1493 1413 1541 1440 sed
1553 1413 1697 1441 contrariis
1708 1413 1786 1449 prin-

998 1458 1079 1493 cipiis
1097 1458 1198 1485 divisos
1210 1457 1348 1484 contrario
1369 1457 1453 1484 etiam
1478 1457 1550 1485 cultu
1573 1465 1636 1485 usos
1659 1465 1722 1485 esse
1744 1458 1787 1486 di-

998 1503 1079 1531 cant?
1090 1503 1212 1538 Cumque
1230 1505 1325 1530 doctor
1344 1503 1437 1538 gratiae
1458 1502 1542 1530 Mosis
1554 1503 1652 1530 iterum
1666 1503 1787 1538 proferat

997 1553 1144 1584 praecepta,
1161 1556 1276 1583 quarunt
1292 1553 1319 1575 et
1328 1548 1379 1575 hoc
1387 1551 1429 1575 est
1436 1548 1509 1583 quod
1519 1548 1643 1584 praecipit
1659 1557 1666 1576 :
1678 1549 1786 1576 Putrem

1000 1599 1024 1621 et
1049 1599 1162 1621 matrem
1178 1594 1250 1625 cole;
1274 1594 1329 1621 imo
1347 1594 1477 1622 tuitionem
1505 1594 1565 1629 ejus
1584 1595 1730 1630 suscipiat;
1753 1602 1785 1622 ea

999 1640 1109 1674 quidem
1124 1640 1172 1667 Dei
1195 1645 1331 1675 praecepta
1348 1648 1409 1668 esse
1426 1640 1509 1668 edicit
1530 1641 1680 1676 eademque
1703 1648 1785 1676 opera

999 1693 1048 1720 per
1055 1690 1232 1712 memoratam
1246 1685 1333 1721 legem
1352 1691 1379 1712 et
1389 1685 1481 1712 dolum
1497 1686 1524 1713 in
1538 1687 1631 1713 animo
1643 1686 1785 1719 latentem,

998 1735 1026 1757 et
1041 1731 1197 1765 hypocrisin
1210 1730 1365 1758 Judaaorum
1385 1730 1503 1758 denudat
1516 1738 1548 1758 ac
1562 1732 1687 1767 castigat,
1712 1732 1784 1766 quod

999 1784 1062 1804 cum
1077 1776 1102 1803 id
1115 1784 1147 1803 ex
1164 1776 1308 1811 praeceptis
1322 1776 1422 1803 divinis
1430 1776 1475 1807 sit,
1494 1775 1546 1810 ipsi
1560 1776 1611 1812 legi
1623 1776 1723 1804 divinae
1735 1770 1785 1804 sua

1000 1821 1160 1856 przel'erant.
1175 1820 1243 1847 Nam
1258 1827 1325 1847 sane
1340 1825 1367 1847 et
1379 1819 1486 1847 facilius
1502 1825 1570 1853 erat,
1594 1821 1785 1856 pralceptioni-

998 1867 1050 1894 bus
1063 1866 1190 1894 humanis
1211 1866 1333 1898 obedire,
1345 1873 1427 1901 quam
1453 1873 1521 1900 quas
1536 1865 1669 1900 Malignus
1692 1866 1785 1900 injun-

999 1917 1085 1940 xerat.
1104 1912 1216 1939 interim
1238 1919 1287 1947 per
1309 1919 1367 1939 eam
1383 1912 1493 1947 (legem)
1520 1912 1592 1944 illos,
1616 1911 1661 1946 qui
1686 1915 1786 1946 prattcr

999 1958 1132 1986 rationem
1145 1958 1285 1993 discipulis
1302 1965 1331 1985 se
1346 1957 1461 1985 infestos
1478 1957 1645 1992 praebebant,
1668 1957 1787 1992 graviter

998 2005 1133 2039 objurgat,
1146 2004 1307 2037 ostendens,
1317 2004 1386 2031 nihil
1401 2011 1507 2035 eorum,
1521 2011 1582 2038 qua:
1597 2003 1623 2030 in
1638 2003 1730 2031 cibum
1757 2008 1787 2031 et

976 2073 979 2077 .
996 2054 1091 2085 potum
1101 2053 1290 2082 assumuntur,
1308 2049 1351 2076 vel
1366 2049 1511 2084 inquinare
1525 2048 1569 2076 vel
1591 2048 1712 2084 polluere
1735 2047 1785 2076 bo-

997 2095 1111 2122 mincm.
1127 2096 1161 2123 Et
1174 2096 1244 2129 vide,
1257 2095 1329 2130 quod
1340 2103 1395 2122 non
1408 2095 1496 2122 solum
1519 2099 1612 2122 contra
1640 2095 1710 2127 illos,
1736 2094 1785 2122 sed

996 2146 1090 2169 etnon
1103 2141 1193 2168 minus
1209 2145 1304 2168 contra
1319 2148 1368 2168 vos
1380 2141 1454 2176 ipsos
1472 2141 1562 2169 divina
1578 2141 1712 2169 sententia
1725 2148 1786 2175 pro-

996 2187 1144 2214 nunciatur
1163 2196 1169 2214 :
1186 2191 1284 2214 contra
1310 2186 1372 2214 illos
1383 2186 1505 2221 quidem,
1536 2186 1636 2221 quibus
1654 2189 1717 2213 nota
1746 2185 1785 2212 in-

996 2232 1094 2265 uritur,
1109 2232 1179 2265 ideo,
1192 2232 1264 2267 quod
1275 2232 1328 2260 cibi
1339 2232 1366 2259 in
1380 2240 1420 2264 se,
1432 2233 1532 2260 nullam
1542 2240 1639 2260 noxam
1653 2231 1782 2264 aderant;

995 2286 1045 2307 vos
1059 2282 1161 2312 autem,
1176 2286 1292 2314 quorum
1303 2279 1469 2307 calumniam
1485 2283 1601 2314 occupat
1611 2283 1638 2306 et
1653 2277 1783 2313 priesein-

995 2325 1046 2358 dit,
1057 2332 1106 2360 per
1115 2333 1196 2360 quam
1208 2333 1242 2352 ex
1253 2325 1323 2352 Malo
1336 2333 1366 2352 ea
1377 2332 1437 2353 esse
1449 2329 1477 2352 et
1489 2325 1580 2353 dicere
1591 2324 1784 2352 etexistimare

995 2371 1149 2398 sustinetis.
1165 2370 1244 2404 Quod
1256 2371 1279 2398 si
1293 2371 1367 2398 enim
1382 2379 1397 2398 a
1412 2371 1483 2398 malo
1494 2370 1636 2398 conditore
1657 2374 1721 2397 sunt
1739 2376 1783 2396 se-

996 2416 1070 2444 mina
1088 2423 1116 2444 et
1127 2417 1249 2452 germina
1267 2425 1300 2444 ex
1310 2422 1383 2444 terra
1400 2420 1470 2449 orta,
1491 2421 1519 2444 et
1541 2424 1602 2451 quae
1616 2417 1649 2444 ad
1678 2425 1781 2452 rerum,

994 2462 1099 2490 ratione
1113 2463 1276 2495 carentium,
1305 2463 1420 2489 classem
1439 2462 1587 2497 pertinent,
1621 2470 1713 2490 nonne
1738 2464 1782 2491 illa

993 2515 1052 2541 eos,
1070 2508 1116 2543 qui
1131 2508 1173 2536 his
1186 2508 1314 2535 fruuntur
1330 2507 1537 2540 ctuutriunlur,
1551 2508 1676 2543 polluunt
1693 2513 1721 2536 et
1737 2510 1782 2537 in-

693 2621 811 2650 VARIIE
831 2623 1023 2653 LECTIONES
1043 2624 1088 2651 ET
1105 2623 1221 2651 NOTAE.

190 2677 228 2712 (4)
251 2677 425 2716 Πληρῳτὰς.
440 2712 446 2716 Δ
462 2678 501 2706 Ita
532 2678 642 2713 quidem
667 2679 727 2715 lego
754 2687 804 2715 pro
832 2681 885 2716 πλη

190 2689 228 2712 μιν
251 2689 425 2710 υκημωτιις.
463 2689 501 2706 Ita
532 2689 642 2713 quluem
669 2689 727 2715 lego
754 2689 804 2715 pro
832 2689 885 2716 πλη

154 2712 261 2752 θέντας,
280 2712 352 2752 quod
369 2718 426 2740 erat
439 2712 466 2739 in
478 2721 547 2752 ms;
565 2721 655 2741 sermo
681 2719 724 2742 est
747 2716 820 2743 enim
834 2716 867 2744 de
889 2689 941 2744 ἱῗῖ

154 2747 277 2786 minibus
282 2747 369 2786 legem
381 2748 565 2786 servantibus.

192 2782 230 2820 (ξ)
256 2781 362 2820 Ὑμῷν.
379 2782 438 2820 Ms._
454 2783 520 2820 legit
541 2785 633 2818 ἡμῶν.
663 2785 893 2820 quemadmodum
914 2791 942 2813 et

192 2791 230 2816 to]
270 2791 362 2822 ιμων.
379 2791 427 2809 ms.
455 2791 520 2845 tegit
541 2791 633 2818 ημων,
663 2791 893 2820 quemadmodum
914 2791 942 2813 et

155 2817 235 2851 paulo
243 2821 305 2852 post
321 2819 421 2845 Iterum
432 2817 459 2844 in
499 2826 530 2846 ac
549 2819 670 2848 periodo.
691 2819 824 2855 Utrinque
839 2828 888 2856 per
902 2828 942 2849 er-

783 2934 808 2947 ν]

928 2732 940 2737 -
994 2717 1182 2754 Photium_hic
1199 2717 1298 2754 alloqui
1325 2717 1630 2754 l’aylicianos,'eosque
1647 2728 1662 2746 a

995 2690 1083 2720 [orem
1097 2681 1345 2720 librarii.§equ_en_s
1355 2682 1429 2720 enim
1444 2683 1637 2720 παρηνέχθητε
1647 2686 1778 2720 ostendit,

996 2720 1121 2744 Photium
1137 2720 1182 2744 hic
1199 2720 1298 2751 alloqui
1325 2720 1506 2752 l’auIicianos,
1529 2727 1630 2754 eosque
1647 2728 1662 2746 a
1683 2720 1781 2748 Serva-

996 2751 1224 2822 ἒίέῗεὺοιρὲῡιιιηοε
1236 2752 1336 2782 dicere.
1360 2753 1454 2788 Itaque
1481 2754 1609 2790 utrinque
1635 2755 1779 2791 legendum

995 2796 1039 2815 est
1059 2796 1146 2815 υμων.
