1941 3085
155 136 208 170 207

721 133 853 165 PHOTII
870 134 1124 166 PATRIARCH/E
1144 135 1198 165 ΟΡ.

1728 134 1778 167 208

155 189 282 225 quinant,
297 195 329 216 ac
343 187 454 224 duplici,
466 187 521 216 imo
529 195 595 216 vero
609 187 753 223 multiplici
768 196 801 216 ac
812 188 944 216 continua

997 189 1045 225 τῆς
1060 190 1218 225 ἀρχεκάκου
1231 188 1413 225 δημιουργίας
1439 188 1475 217 τά
1495 188 1552 217 ἀπὸ
1578 189 1633 225 γῆς
1662 190 1779 225 φυόμενα

155 232 290 268 pravitate
299 232 413 267 implent
428 231 505 263 dum.
516 231 580 259 hinc
590 231 722 259 malitiam
736 231 864 260 humanis
877 240 944 260 cor—

155 277 269 313 poribus
284 277 318 304 ab
337 280 398 304 ortu
414 276 522 303 insitam
536 280 646 312 augent,
663 281 828 305 conservant
838 280 867 304 et
882 283 946 304 con-

156 323 270 356 tinent;
301 322 365 350 hinc
390 322 553 357 pravitatem
581 323 705 350 innatam
740 326 881 350 maturant
917 326 946 350 et

156 367 332 403 protrudunt.
362 365 417 394 Sed
442 366 465 393 si
488 366 563 402 leges
589 366 716 394 Mosaicae
740 374 796 394 non
815 370 909 394 essent
929 373 946 394 a

156 413 278 441 beneﬁca
294 412 467 449 providentia
488 413 627 448 profectae,
649 413 787 448 quomodo
813 412 946 441 Dominus

156 459 232 495 regni
259 459 391 486 cmlorum
413 458 546 491 scribam,
574 458 635 486 illas
655 458 865 494 approbantem,
890 458 947 493 pri—

156 513 283 540 mamque
294 509 322 533 et
335 504 486 533 secundam
508 511 604 532 earum
625 503 819 539 recipientem,
837 503 945 536 dilexit,

156 557 184 579 et
203 552 330 580 laudibus
361 552 482 584 ornavit,
502 551 603 586 quippe
628 550 675 586 qui
707 555 736 578 et
761 550 946 586 principatum

156 601 210 627 illis
225 598 352 626 tribuerit
379 605 441 625 cum
465 597 582 630 ratione,
605 604 705 632 easque
725 596 801 624 cultu
813 601 842 624 et
853 597 948 624 studio

155 648 320 681 prosecutus
334 644 390 671 sit?
410 643 489 677 Quod
512 650 578 670 vero
597 645 631 670 ad
648 642 758 671 laudem
783 642 846 678 plus
864 642 946 676 valet,

156 692 229 723 idco,
246 690 319 726 quod
338 697 353 717 a
376 689 451 717 Bono
470 688 593 724 profecta
607 693 688 716 erant
701 688 784 716 Mosis
796 692 946 724 praecepta,

156 745 232 770 eum,
246 736 292 772 qui
306 737 335 764 in
346 736 400 764 illis
416 735 525 766 vixerit.
541 735 702 770 cultumque
711 734 766 762 illis
780 734 946 767 exhibuerit,

156 791 213 810 non
231 781 327 818 procul
344 789 362 808 a
378 788 462 816 regno
485 780 618 808 caelorum
645 787 707 808 esse
724 779 869 815 professus
893 784 946 807 est.

157 829 202 857 Sic
224 833 252 856 et
278 827 439 855 Zachariam
463 831 493 854 et
517 826 714 858 Elisabetham,
743 826 827 853 vitam
846 832 946 853 secun-

157 876 222 903 dum
243 874 331 910 legem
362 873 541 905 instruentes,
565 872 657 900 videre
678 856 744 899 licet
763 879 780 900 ι
804 871 945 907 Scriptura
959 856 984 886 Β

156 929 233 950 sacra
259 921 348 956 jnstos
377 919 587 955 pronuntiatos,
617 925 673 946 non
702 917 874 953 simpliciter,
897 917 946 946 sed

156 968 193 995 ita
228 972 258 995 ut
290 963 397 1003 iustitia
439 966 561 1000 ipsorum
591 971 684 992 coram
713 964 768 992 Deo
798 963 946 992 manifesta

157 1014 274 1041 dicatur.
304 1011 383 1045 Quod
406 1011 495 1046 ipsum
522 1009 653 1042 ostendit,
683 1017 732 1038 eo".
755 1017 811 1037 non
838 1016 872 1037 ex
891 1009 946 1037 hu-

157 1067 238 1087 mana
264 1059 350 1095 gloria
376 1057 509 1092 justitiam
533 1056 668 1090 nancisci,
699 1056 748 1084 sed
769 1063 801 1084 ea
819 1063 862 1089 se,
882 1059 946 1083 tan-

157 1114 239 1142 quam
254 1104 443 1140 divinijudicii
459 1098 572 1136 ornatu,
583 1103 697 1132 vestire.
716 1102 788 1136 Quid
803 1109 868 1130 vero
884 1107 948 1130 tan-

157 1152 220 1179 dem
235 1151 327 1186 operis
341 1150 538 1185 praestiterunt,
559 1153 590 1176 ut
612 1147 684 1176 hanc
702 1148 832 1184 gratiam,
851 1155 882 1175 se
901 1154 947 1174 or-

157 1201 279 1229 nantem,
299 1193 548 1230 consequerentur?
560 1193 592 1221 In
605 1193 736 1226 omnibus,
756 1193 856 1228 inquit,
879 1200 949 1228 prle-

158 1243 240 1277 ceptis
259 1247 283 1269 el
299 1241 426 1268 institutis
445 1239 551 1267 Domini
569 1239 742 1266 ambularunt
762 1238 946 1274 inculpabiles.

158 1287 273 1321 Quando
288 1286 370 1322 igitur
385 1293 462 1314 sacra
477 1285 588 1313 oracula
601 1291 659 1318 eos,
671 1284 717 1320 qui
737 1284 862 1312 Mosaicis
878 1292 947 1320 prte-

158 1332 245 1367 ceptis
261 1330 374 1359 exerciti
393 1335 477 1362 sunt,
498 1330 588 1365 justus
612 1333 641 1357 et
661 1329 872 1365 reprehensioni
892 1336 948 1356 non

158 1377 291 1405 obnoxios
311 1375 505 1412 pronuntiant,
527 1380 556 1403 tu
576 1382 641 1404 vero
658 1382 707 1403 eos
725 1379 756 1403 ut
775 1375 885 1403 malitiae
895 1375 949 1403 mi-

160 1424 261 1450 nistros
283 1421 443 1450 calumniari
466 1421 568 1454 audes,
591 1421 823 1454 nonueostendls,
847 1425 874 1449 te
892 1428 948 1448 non

160 1469 261 1503 minus,
277 1475 359 1504 quam
379 1467 458 1500 alios,
479 1467 666 1496 Christianum
689 1475 791 1495 nomen
818 1468 950 1496 mentiri?

996 235 1142 271 σπέρματα
1160 235 1209 262 καὶ
1237 235 1429 270 βλαστήματα,
1453 234 1503 261 καὶ
1528 235 1580 262 ὅσα
1607 235 1658 271 τὴν
1686 234 1779 270 ἄλογον

995 280 1172 316 ἐκληρώσατο
1198 280 1293 316 φύσιν,
1327 281 1376 307 ἐπὶ
1403 280 1468 312 τοὺς
1492 280 1657 315 μετέχοντας
1680 280 1778 314 αὐτῶν,

996 326 1043 353 καὶ
1059 326 1105 352 ὑπ’
1131 325 1222 353 αὐτῶν
1250 325 1436 361 τρεφομένους
1451 325 1482 352 οὺ
1505 325 1616 361 βεϐηλοῖ
1629 324 1717 353 ταῦτα
1735 326 1780 353 καὶ

995 372 1094 399 κοινοῖ·
1111 372 1159 399 καὶ
1172 371 1281 408 διπλῆς,
1298 372 1399 407 μᾶλλον
1417 372 1446 398 δὶ
1459 371 1616 407 πολλαπλῆς
1631 371 1679 398 καὶ
1694 371 1780 407 διηνε-

996 417 1062 450 κοῦς
1083 417 1258 453 ἐμπίμπλησι
1276 418 1420 453 πονηρίας,
1443 418 1523 445 τοῦτο
1537 418 1587 454 μὲν
1602 417 1718 450 αὔξοντα
1733 418 1780 454 τὴν

996 463 1209 499 ἐμφωλεύουσαν
1216 463 1271 491 ἀπὸ
1282 463 1416 498 γενέσεως
1429 464 1487 496 τοῖς
1497 463 1680 499 ἀνθρωπίνοις
1691 463 1781 499 σῶμα·

997 519 1023 537 σι
1041 509 1175 545 πονηρίαν
1193 508 1393 546 διακρατοῦντα
1406 517 1437 535 τε
1447 510 1495 536 καὶ
1509 509 1657 545 συνέχοντα
1669 517 1678 526 ο
1703 508 1781 536 τοῦτο

997 555 1026 582 δὲ
1038 555 1086 582 καὶ
1109 554 1159 591 τὴν
1185 555 1215 582 ὲν
1230 555 1323 587 αὐτοῖς
1340 554 1463 591 ἔμφυτον
1488 555 1590 582 κακίαν
1606 554 1781 590 ὑποφυόμενά

997 609 1027 627 τε
1043 601 1090 628 καὶ
1114 600 1320 635 συνεπάγοντα;
1343 600 1413 627 Ἀλλ’
1434 600 1459 627 εί
1481 600 1520 636 μὴ
1539 601 1591 635 τῆς
1612 600 1781 636 ἀγαθουργοῦ

997 646 1124 682 προνοίας
1136 644 1207 682 ἦσαν
1222 646 1251 673 ai
1279 646 1428 673 Mwaatxal.
1448 646 1615 681 νομοθεσίαι,
1638 646 1697 678 πῶς
1708 646 1724 672 ὁ
1735 646 1782 681 τῆς

996 693 1052 720 τῶν
1067 691 1190 728 οὐρανῶν
1204 691 1341 727 βασιλείας
1362 691 1466 728 Κύριος
1484 691 1531 719 τὸν
1545 691 1782 726 συγκαταθέμενον

997 738 1111 770 ταύταις
1134 737 1304 773 γραμματέα
1321 736 1368 764 καὶ
1381 736 1582 772 ἀποδεξάμενον
1598 736 1648 772 τήν
1660 745 1692 763 τε
1708 736 1781 772 πρώο

997 793 1048 820 την
1062 784 1091 811 έν
1104 783 1144 819 τῷ
1154 783 1230 818 νόμῳ
1237 783 1286 810 καὶ
1299 783 1349 818 τὴν
1365 783 1495 819 δευτέραν
1511 783 1631 818 ἐντολὴν,
1646 783 1782 818 ἠγάπησε,

999 830 1046 858 καὶ
1056 830 1090 857 δι’
1101 830 1220 857 ἐπαίνων
1229 829 1400 862 ἐδεξιώσατο,
1409 829 1450 856 ὅτι
1459 837 1490 856 τε
1499 829 1635 864 νουνεχῶς
1647 829 1744 860 αὐταῖς
1753 828 1782 855 τὸ

997 874 1150 911 πρεσϐεῦον
1170 874 1372 910 ὲπεψηφίσατο,
1383 874 1431 901 καὶ
1443 874 1484 901 δτι
1499 872 1588 909 τιμῶν
1608 874 1655 900 καὶ
1664 872 1784 906 ἀσπαζὸ-

997 927 1079 955 μενος
1092 919 1192 951 ταύτας
1206 918 1284 954 ὤφθη
1296 927 1304 952 ;
1316 919 1372 946 Καὶ
1384 919 1414 946 τὸ
1427 919 1521 954 μεῖζον
1529 919 1569 950 εἰς
1576 918 1726 954 ἐγκώμιον,
1738 917 1784 945 καὶ

996 966 1039 993 δτι
1051 965 1100 1001 τῆς
1112 965 1282 1001 ἀγαθότητος
1290 964 1427 1001 προῆλθον
1435 965 1463 992 αί
1475 964 1519 992 διὰ
1530 964 1653 996 Μωσέως
1667 963 1782 997 ἐντολαὶ,

997 1011 1029 1039 οὗ
1044 1012 1155 1047 μακρὰν
1169 1008 1241 1038 εῖναι
1255 1011 1415 1047 ἀπεφήνατο
1428 1010 1475 1038 τὸν
1489 1011 1518 1037 έν
1529 1010 1642 1043 ταύταις
1655 1010 1784 1046 $5.6th6-

997 1067 1042 1092 τα,
1057 1058 1105 1085 καὶ
1116 1057 1201 1093 τιμὴν
1210 1057 1303 1089 αὐτοῖς
1316 1057 1416 1090 εἰδότα,
1428 1057 1479 1092 τῆς
1489 1056 1628 1092 βασιλείας
1637 1055 1693 1084 τῶν
1701 1056 1785 1092 ούρα-

997 1106 1061 1134 νῶν.
1079 1105 1159 1132 Ἀλλά
1167 1105 1221 1141 γὰρ
1230 1106 1244 1132 6
1253 1105 1391 1140 Ζαχαρίας
1403 1104 1451 1132 καὶ
1460 1105 1477 1140 ή
1498 1103 1641 1131 Ἐλισάϐετ
1656 1103 1732 1139 νόμῳ
1740 1102 1785 1130 τδν

999 1152 1056 1188 βίον
1069 1151 1290 1187 ίθύνοντες,ὸρᾷν
1310 1150 1505 1183 ἐνεστιν,δπως
1521 1150 1573 1177 ὑπὸ
1586 1148 1735 1185 ἱερολογίας
1746 1147 1786 1175 δί-

998 1197 1072 1225 καιοί
1082 1206 1113 1225 τε
1125 1197 1370 1233 ἀνακηρύττονται,
1380 1197 1427 1224 καὶ
1434 1196 1484 1232 οὐχ
1494 1194 1669 1229 ἀπλῶς,άλλὰ
1680 1194 1727 1222 καὶ
1739 1194 1786 1230 τὴν

997 1243 1171 1280 δικαιοσύνην
1181 1242 1368 1278 αῠτῶνῑχουσι
1380 1242 1656 1278 παρρησιαζομένην,
1671 1240 1787 1267 ἐνώπιον

997 1289 1047 1318 τοῦ
1062 1289 1142 1317 Θεοῦ.
1154 1289 1245 1324 Ὅπερ
1255 1288 1306 1316 οὐκ
1315 1288 1345 1322 ἑξ
1354 1287 1528 1323 ἀνθρωπίνης
1545 1286 1625 1322 δόξης
1640 1287 1671 1314 τὸ
1682 1286 1787 1313 δίκαιον

997 1336 1121 1363 διδάσκει
1135 1335 1240 1367 λαϐεῖν,
1253 1333 1323 1362 ἀλλὰ
1335 1333 1412 1366 θείας
1420 1333 1538 1368 κρίσεως
1551 1332 1655 1368 κόσμον
1677 1332 1786 1364 ἑαυτοῖς

998 1381 1048 1418 τὴν
1063 1380 1239 1416 δικαιοσύνην
1257 1379 1428 1416 περιϐαλεῖν.
1448 1379 1505 1406 Καὶ
1526 1379 1553 1405 τί
1574 1378 1604 1405 δὲ
1624 1377 1789 1414 πράττοντες

998 1427 1101 1462 ταύτην
1116 1424 1189 1462 εῐχον
1207 1427 1258 1463 τὴν
1268 1427 1350 1462 χάριν
1363 1425 1521 1462 κοσμοῦσαν
1533 1424 1649 1457 αὐτούςς
1670 1424 1721 1451 Ἐν
1734 1423 1790 1450 πά-

999 1480 1080 1507 σαις,
1089 1473 1167 1509 φησὶ,
1180 1472 1248 1505 ταῖς
1257 1471 1397 1505 ἐντολαῖς
1408 1471 1460 1498 καί
1472 1469 1651 1505 δικαιώμασι
1662 1469 1716 1497 τοῦ
1732 1471 1790 1497 Κυ-

160 1516 217 1543 lmo
234 1522 326 1543 nonne
339 1522 394 1542 non
409 1514 512 1548 minus,
531 1514 554 1542 si
567 1522 624 1542 non
637 1515 732 1551 magis,
749 1519 845 1542 contra
859 1514 946 1548 ipsam

997 1519 1065 1554 ρίου
1078 1519 1274 1553 πορευόμενοι
1287 1517 1441 1553 ἄμεμπτοι.
1456 1517 1541 1545 ὀταν
1555 1514 1603 1544 οῦν
1617 1515 1653 1543 τά
1668 1515 1729 1551 ἱερὰ
1744 1515 1790 1543 λδη

159 1561 274 1597 gratiam
287 1568 369 1596 quam
379 1565 475 1588 contra
492 1560 578 1596 legem
595 1560 724 1596 insurgis,
733 1565 761 1588 et
777 1561 860 1596 impia
875 1561 948 1588 labia

159 1608 188 1633 in
199 1613 259 1633 eam
274 1613 381 1638 moves,
389 1613 472 1641 quam
489 1609 581 1633 tamen
593 1605 685 1640 lingua
699 1606 824 1640 adorare,
834 1610 862 1634 et
872 1606 948 1634 cultu

158 1652 288 1687 prosequi
307 1656 333 1679 te
347 1651 480 1679 simulas?
501 1650 593 1679 Missio
614 1659 680 1679 vero
699 1651 834 1680 Gabrielis
854 1660 870 1679 a
890 1651 948 1679 Deo

159 1698 249 1731 facta,
276 1703 305 1725 et
334 1697 514 1726 sanctiﬁcatio
547 1697 616 1725 uteri
649 1698 766 1733 virginei
793 1706 826 1726 ac
851 1705 947 1726 semen

159 1753 215 1772 non
231 1744 353 1780 experti,
377 1751 428 1771 nec
449 1744 540 1771 minus
559 1744 728 1772 renuntiatio
747 1743 865 1777 Davidis,
886 1747 948 1771 tan-

158 1798 240 1826 quam
263 1789 352 1817 Patris
375 1789 440 1816 boni
464 1789 650 1816 universitatis
671 1796 764 1816 rerum
781 1788 948 1823 conditoris;

160 1836 271 1864 traditio
296 1835 361 1863 item
385 1835 479 1862 throni
495 1833 604 1862 Davidis
619 1834 686 1870 regii
706 1841 721 1861 a
739 1840 802 1870 rege
824 1833 948 1861 omnium

157 1884 185 1910 in
194 1886 356 1917 perpetuum
365 1879 435 1907 facta
444 1889 452 1913 ;
462 1883 520 1907 tum
532 1886 597 1907 vero
609 1879 667 1914 ipsa
679 1879 770 1907 carnis
784 1879 947 1914 assumptio,

157 1936 190 1955 ac
201 1926 319 1954 hominis
327 1926 483 1961 appellatio,
493 1933 574 1961 quam
584 1926 675 1954 bonus
686 1925 749 1953 beni
760 1925 848 1953 Patris
863 1924 950 1953 Filius

158 1975 304 2010 suscepit(
323 1974 382 2001 haec
395 1974 469 2001 enim
490 1975 567 2010 quasi
593 1983 642 2011 per
663 1975 835 2003 reticentiam
860 1974 950 2002 obiter

158 2030 374 2051 commemorare
406 2022 448 2050 l‘as
474 2023 523 2056 sit,
556 2030 619 2050 cum
645 2027 773 2050 accurata
799 2021 949 2049 confutatio

157 2070 355 2105 blasphemiam
380 2077 473 2098 secum
490 2069 569 2102 ferat,
585 2076 637 2095 nec
651 2067 718 2103 ipsis
729 2067 843 2094 auribus
856 2066 948 2094 feren-

157 2116 219 2144 dam
236 2116 264 2152 ),
280 2117 426 2152 quomodo,
444 2117 569 2151 inquam,
581 2114 633 2142 ista
656 2113 747 2141 omnia
762 2120 817 2140 non
837 2120 947 2140 omnem

156 2163 219 2192 mali
234 2163 360 2199 principii
378 2162 520 2190 audaciam
537 2165 564 2189 et
584 2161 687 2188 rabiem
711 2159 860 2194 dejiciant?
876 2158 947 2192 Quid

998 1572 1046 1600 για
1057 1563 1178 1595 δικαίους
1188 1563 1237 1590 καὶ
1246 1563 1409 1598 ἀμέμπτους
1420 1561 1481 1597 θείᾳ
1492 1561 1581 1596 κρίσει
1591 1561 1653 1593 τοὺς
1663 1561 1791 1588 ένασκου-

1000 1609 1099 1644 μένους
1120 1610 1182 1640 ταῖς
1196 1608 1359 1640 Μωσαῖκαῖς
1379 1607 1533 1643 ἀναγράφει
1549 1605 1687 1638 ἐντολαῖς,
1703 1604 1736 1633 σὺ
1761 1605 1791 1633 ιι

998 1654 1132 1690 πονηρίας
1146 1654 1285 1689 ὑπηρέτας
1298 1653 1412 1685 τούτους
1425 1652 1578 1688 ἐξυϐρίζειν
1592 1651 1695 1687 τολμᾷς
1707 1671 1715 1684 ,
1731 1651 1791 1683 πῶς

998 1699 1030 1726 οὐ
1044 1698 1202 1735 καταψεύδῃ
1217 1699 1266 1734 μὶν
1280 1698 1349 1734 μετὰ
1359 1698 1415 1725 τῶν
1428 1697 1517 1724 ἀλλων
1528 1696 1627 1724 σαυτοῦ
1640 1695 1689 1723 καὶ
1703 1695 1791 1731 αὐτὴν

998 1744 1056 1779 τὴνι
1063 1744 1224 1779 ὲταιινυμίαν
1239 1743 1375 1779 Χριστοῦ;
1388 1743 1450 1775 Πῶς
1461 1743 1490 1770 δὲ
1498 1742 1575 1770 οὐδὲν
1585 1741 1697 1769 Ελαττον
1710 1742 1736 1769 εί
1751 1741 1791 1777 μὴ

999 1788 1047 1815 καὶ¹
1066 1787 1169 1823 μᾶλλον
1184 1788 1245 1815 κατ’
1261 1788 1347 1823 αὐτῆς
1361 1788 1412 1823 τῆς
1425 1787 1537 1823 χάριτος
1553 1787 1625 1823 ἥπερ
1639 1786 1688 1814 τοῦ
1705 1787 1791 1822 νόμου

999 1834 1237 1868 κατεξανίστασαι,
1251 1834 1300 1861 καὶ
1314 1835 1349 1861 τὰ
1365 1833 1515 1870 βλάσφημα
1533 1833 1610 1869 χείλη
1627 1833 1728 1866 κινεῖς;
1743 1833 1792 1860 καὶ

999 1881 1085 1908 ταῦτα
1097 1881 1130 1916 τῇ
1141 1880 1252 1916 γλώσσῃ
1262 1880 1495 1916 προσποιούμενος
1506 1880 1670 1915 προσκυνεῖν
1683 1879 1732 1906 καὶ
1745 1879 1792 1906 διὰ

1000 1926 1172 1962 σεϐάσματος
1189 1925 1267 1959 ἄγειν
1282 1926 1385 1961 αὑτήν;
1408 1925 1441 1952 Ἢ
1456 1925 1485 1952 δὲ
1497 1924 1545 1952 τοῦ
1563 1924 1683 1960 Γαϐριὴλ
1698 1924 1792 1951 θεόθεν

998 1970 1149 2006 ἀποστολὴ,
1160 1970 1208 1997 καὶ
1218 1971 1233 1997 ὁ
1242 1970 1292 2005 τῆς
1303 1970 1424 2006 ἀσπόρου
1434 1969 1483 1996 καὶ
1495 1968 1663 2004 παρθενικῆς
1671 1969 1793 2005 γαστρὸς

1000 2017 1146 2052 ὰγιασμδς,
1161 2017 1210 2043 καὶ
1220 2015 1251 2043 τὸ
1262 2015 1451 2051 ἀναρρηθῆναι
1462 2015 1572 2050 Πατέρα
1583 2014 1630 2041 τὸν
1642 2014 1726 2042 Δαϐὶδ
1740 2014 1792 2041 τοῦ

999 2063 1103 2098 ἀγαθοῦ
1118 2061 1293 2098 Δημιουργοῦ
1313 2061 1368 2087 τῶν
1387 2061 1456 2088 ὅλων
1473 2060 1552 2088 Θεοῦ·
1577 2059 1646 2087 ἀλλὰ
1674 2061 1721 2088 καὶ
1743 2061 1793 2088 τὸν

1000 2111 1106 2138 ὲκείνου
1120 2109 1261 2145 βασιλικὸν
1274 2108 1369 2144 θρόνον
1380 2107 1413 2134 δι’
1425 2107 1523 2140 αἰῶνος
1534 2107 1735 2143 έγχειρίζεσθαι
1743 2107 1793 2134 τδν

999 2156 1054 2184 τῶν
1068 2156 1137 2183 ὅλων
1152 2155 1278 2191 βασιλέα·
1294 2154 1343 2181 καὶ
1361 2153 1455 2185 ἁπλῶς
1469 2153 1500 2180 τδ
1514 2153 1604 2189 σάρκα
1621 2153 1723 2186 λαϐεῖν,
1740 2153 1793 2180 καὶ

156 2192 274 2237 enim-id
285 2192 357 2244 quod
377 2209 442 2236 hinc
461 2207 650 2242 consequitur,
671 2192 757 2241 magis
777 2205 946 2233 horrendum

1000 2202 1144 2238 ἄνθρωπον
1167 2200 1338 2237 χρηματίσαι
1358 2199 1404 2226 τδν
1419 2198 1520 2234 ἀγαθὸν
1535 2199 1599 2226 Υίδν
1612 2198 1660 2225 τοῦ
1684 2198 1792 2232 ἀγαθοῦ

155 2261 184 2284 et
199 2256 308 2284 silentio
323 2255 490 2291 praeteritum
510 2253 610 2280 all'erre
623 2252 739 2281 attinet.
755 2252 826 2287 quod
848 2256 877 2279 et
896 2258 944 2279 co-

156 2302 288 2338 gitatione
302 2300 411 2336 assequi
426 2299 491 2326 licet
501 2320 510 2332 ,
531 2298 624 2332 etiam
639 2302 703 2325 ante
722 2297 870 2324 indicatum
886 2297 946 2325 est?

156 2349 281 2383 Cumque
298 2347 336 2375 illi
353 2354 387 2374 eo
402 2345 518 2372 insaniae
531 2344 686 2378 mentisque
706 2343 863 2379 pertinacia:
884 2351 947 2379 per-

157 2395 296 2426 venerint,
314 2397 344 2420 ut
355 2391 448 2419 cultus
465 2390 559 2426 legalis
571 2389 689 2417 asseclas
703 2390 902 2421 convicientur.
921 2394 949 2418 et

157 2440 353 2471 condemnem,
369 2437 509 2465 sull‘ecerit
533 2435 656 2469 omnino,
674 2435 696 2463 si
710 2436 798 2472 pietas
812 2436 946 2472 impietati

159 2491 240 2515 tanta
269 2484 341 2513 nihil
366 2483 440 2511 aliud
464 2481 638 2518 opposuerit,
664 2489 746 2517 quam
777 2482 948 2510 tremendum

156 2532 224 2560 illud
257 2529 437 2565 mysterium,
463 2527 681 2556 incarnationem
710 2527 814 2555 scilicet
838 2527 947 2555 Domini

157 2577 245 2606 ποδιτί
261 2577 327 2604 Jesu
341 2574 454 2606 Christi.
465 2574 679 2609 assumptioncm
694 2572 784 2601 carnis
796 2580 830 2601 ex
841 2573 947 2601 semine

156 2624 278 2656 Davidis,
303 2630 355 2650 nec
369 2621 461 2648 minus
483 2621 528 2654 id,
551 2620 623 2656 quod
641 2619 805 2648 sanctissimi
828 2619 948 2655 Spiritus

157 2667 378 2705 supervenientis
392 2666 494 2694 virtute
508 2667 650 2701 virgineus
658 2665 779 2701 sanguis,
795 2665 823 2692 in
834 2672 946 2693 carnem

159 2719 329 2751 compactus,
349 2712 490 2740 hominem
506 2712 675 2747 produxerit,
693 2711 758 2744 imo,
775 2712 797 2739 si
814 2715 842 2739 et
858 2712 948 2739 haere-

159 2761 272 2788 ditatem
298 2759 430 2794 aliquam,
456 2761 585 2792 tanquam
612 2762 763 2793 paternam,
787 2757 843 2793 regi
865 2757 948 2792 hujus

158 2807 278 2834 universi
292 2802 498 2834 attribuendam
521 2808 613 2839 putas,
634 2803 836 2831 successionem
859 2803 889 2830 in
901 2811 947 2831 re-

194 2860 212 2880 ιδ
228 2852 366 2885 Davidico,
380 2853 409 2878 et
424 2848 528 2885 reliqua
543 2850 635 2879 omnia
647 2857 707 2886 qua:
721 2853 797 2878 tanto
810 2849 940 2887 mysterio

1000 2249 1106 2285 Πατρδς
1125 2248 1177 2282 (δεῖ
1191 2247 1247 2283 γάρ
1268 2248 1297 2274 έν
1318 2246 1536 2281 ἀποσιωπήσεως
1551 2245 1626 2280 νόμῳ
1647 2244 1792 2271 κάνταῦθα

997 2296 1110 2323 διελθεῖν
1119 2303 1126 2311 ·
1142 2295 1156 2321 ὸ
1169 2295 1224 2330 γὰρ
1236 2293 1280 2320 διὰ
1288 2293 1338 2328 τῆς
1350 2291 1492 2327 ἀκριϐείας
1506 2290 1616 2326 ἔλεγχος
1631 2291 1679 2317 καὶ
1692 2290 1794 2322 αὑταῖς

998 2342 1095 2373 ἀκοαῖς
1108 2340 1139 2367 τὸ
1154 2340 1316 2376 βλάσφημον
1330 2338 1468 2374 ἀφόρητον
1491 2336 1712 2372 συνεφέλκεται)”
1728 2336 1794 2368 πῶς

998 2387 1109 2415 ἀπασαν
1123 2386 1178 2413 τῶν
1199 2384 1361 2413 ἀποστατῶν
1384 2384 1415 2411 οὐ
1436 2382 1601 2411 καταϐάλλει
1618 2382 1722 2416 τόλμαν
1740 2384 1794 2409 καὶ

1000 2431 1098 2468 μανίαν
1113 2431 1164 2466 τῆς
1180 2430 1302 2466 χείρονος
1316 2429 1432 2465 μοίρας;
1449 2428 1483 2455 Τί
1505 2427 1560 2463 γάρ
1576 2427 1617 2454 δεῖ
1630 2427 1661 2454 τδ
1675 2427 1795 2462 φρικτό-

997 2486 1077 2514 τερον
1095 2477 1209 2511 ἐπάγειν
1221 2476 1271 2511 τῆς
1286 2474 1433 2506 ἀκολούθου
1453 2473 1502 2501 καί⁸
1516 2472 1705 2508 σιωπώμενον,
1721 2472 1795 2499 αὐτὸ

1001 2524 1117 2560 μάλιστα
1130 2524 1200 2550 νοεῖν
1215 2521 1399 2558 παρεχούσης,
1413 2520 1501 2552 ἄλλως
1513 2527 1544 2546 τε
1556 2518 1604 2546 καὶ
1620 2518 1796 2554 προειρημέ-

999 2580 1044 2598 νον
1052 2579 1059 2604 ;
1068 2571 1138 2602 Τοὺς
1147 2570 1170 2596 δ’
1179 2566 1226 2596 οῦν
1240 2570 1273 2604 τῇ
1285 2568 1385 2603 νομικῇ
1395 2565 1508 2602 λατρεία
1521 2564 1796 2601 προσανακειμένους

998 2616 1138 2653 διασύρειν
1157 2625 1187 2643 τε
1204 2618 1252 2643 καὶ
1265 2613 1457 2646 καταδικάζειν
1470 2612 1538 2648 πρὸς
1553 2612 1686 2647 τοσαύτην
1701 2610 1796 2646 μέθην

1000 2664 1046 2691 καὶ
1060 2662 1178 2695 διανοίας
1194 2662 1322 2696 πώρωσιν
1335 2658 1573 2694 ἀπενηνεγμένων,
1591 2657 1671 2692 ἠρχει
1684 2656 1746 2691 μὲν,
1766 2656 1796 2684 εἰ

999 2709 1047 2737 καὶ
1062 2708 1146 2744 μηδὲν
1162 2707 1226 2735 ἄλλο
1237 2706 1307 2734 κατὰ
1321 2705 1371 2741 τῆς
1384 2705 1510 2736 ἀσεϐείας
1524 2702 1694 2739 προύϐάλετο
1707 2702 1724 2737 ὴ
1741 2701 1798 2728 σὺ-

1000 2755 1094 2782 σέϐεια
1107 2775 1114 2786 ,
1128 2754 1185 2780 ἀλλ’
1198 2753 1264 2780 αὑτό
1283 2761 1315 2787 γε
1327 2753 1358 2778 τὺ
1371 2751 1484 2786 φρικτὸν
1493 2771 1501 2781 ,
1516 2750 1566 2785 τὴν
1580 2747 1798 2783 ένανθρώπησιν

999 2801 1070 2836 λέγω
1084 2799 1132 2827 τοῦ
1143 2799 1248 2835 Κυρίου
1259 2799 1338 2834 ἡμῶν
1358 2796 1445 2832 Ἰησοῦ
1456 2794 1586 2831 Χριστοῦ,
1599 2794 1648 2821 καὶ
1657 2794 1686 2820 τὴ
1698 2794 1797 2828 σάρκα

999 2846 1093 2875 λαϐεῖν
1107 2846 1141 2873 ἐκ
1157 2845 1314 2881 σπέρματος
1330 2843 1429 2877 Δαϐὶδ,
1449 2842 1497 2869 καὶ
1510 2841 1541 2868 τδ
1555 2839 1600 2868 διὰ
1616 2838 1799 2875 παρθενικιῖη
