1941 3085
155 146 209 180 209
648 149 797 180 CONTRA
814 145 1044 177 MANICH/EOS
1066 146 1182 177 LIBER
1200 145 1250 176 IV.
1723 143 1777 177 210

155 206 299 242 αἱμάτων,
330 207 501 242 ἐπιφοιτήσει
530 208 577 235 τοῦ
615 206 748 240 παναγίου
784 203 921 240 Πνεύματ(

1010 202 1264 237 omprehendnntur
1289 200 1381 235 :lizec,
1402 200 1530 236 inquam,
1547 199 1608 228 sine
1630 199 1706 227 omni
1725 199 1776 226 alia

156 253 365 288 συμπαγέντων,
379 254 418 286 εις
432 253 522 290 σάρκα
533 253 685 289 προελθεῖν,
696 253 745 279 καὶ
755 251 823 282 ὅλως
837 250 922 286 ἀνθρα

1012 247 1151 275 ccessione
1177 251 1224 275 aut
1248 247 1387 274 additione
1398 246 1557 274 sull’ecerint
1577 245 1642 278 illis,
1654 244 1701 280 qui
1724 251 1778 271 non

155 307 207 326 πον
220 298 357 333 γενέσθαι.
373 299 405 326 Εί
428 299 518 335 βούλει
532 300 560 326 δὲ
574 299 623 327 καὶ
636 299 674 331 ὡς
692 296 820 333 πατρῷον
841 296 921 331 κλῆρε

1014 293 1108 321 mnino
1125 292 1202 325 illud,
1217 292 1288 328 quod
1302 291 1459 319 Conditoris
1475 291 1571 335 dextra
1586 290 1615 318 in
1631 289 1690 325 ipsa
1703 296 1779 316 crea-

156 343 312 371 ἑπιΰάλλειν
333 344 373 379 τῷ
399 345 504 380 βασιλεῖ
530 346 585 372 τῶν
607 344 686 377 ὅλων,
713 343 762 379 τὴν
786 343 837 378 τῆς
861 343 922 369 Δαυῖ

1017 346 1071 366 one
1090 337 1145 366 illis
1159 337 1256 373 largita
1275 340 1333 369 est,
1348 336 1462 364 rationis
1484 334 1648 363 beneﬁcium
1675 334 1781 369 abiece-

156 389 234 425 δικῆς
246 378 383 425 βασιλείας
397 378 533 426 διαδοχὴν,
546 391 593 417 καὶ
605 384 659 418 ὅσα
668 378 787 424 ἄλλαντῷ
802 387 922 423 μυστηρίι

1012 386 1077 414 unt,
1102 381 1137 410 ad
1158 380 1363 409 conversionem
1381 384 1409 407 et
1431 379 1618 407 excussionem
1636 378 1778 406 sententia:

157 434 382 469 συμπεριέχεται·
399 425 487 470 ἢρκει
501 425 530 461 δὲ
544 434 631 462 ταῦτα
644 434 692 461 καὶ
706 433 791 469 χωρίς
802 440 875 464 τινος
896 431 923 459 ἀ]

1011 429 1085 463 mpize
1101 427 1295 464 perducendis.
1310 434 1365 453 non
1380 426 1472 453 minus
1491 429 1582 453 autem
1606 433 1712 458 eorum,
1730 425 1777 459 qui

156 478 206 515 λης
218 479 353 515 ἐπιφορᾶς
366 480 415 507 καὶ
429 479 600 515 προσθήκης,
615 480 672 511 τοῖς
684 487 714 505 τε
730 478 768 513 μὴ
785 477 922 505 παντάπα‹

1015 473 1128 501 itionem
1142 480 1191 509 per
1206 479 1324 508 pugnam
1340 471 1472 499 adversus
1482 470 1566 498 Deum
1582 470 1781 502 exstinxerunt,

157 525 206 560 τὴν
219 525 267 552 τοῦ
282 525 527 560 νοῦεπροδεδωκόσι
541 526 633 561 χάριν,
647 525 681 561 ἢν
694 523 886 558 Πλαστουργδς
902 522 923 549 δι

1018 520 1124 555 ostique
1134 518 1313 551 tradiderunt,
1319 517 1439 546 audaciae
1447 515 1656 549 contundendae,
1666 516 1784 550 ipsisque

158 569 203 603 ξιά
214 571 283 606 αὐτῇ
299 571 444 598 διαπλάσει
460 570 606 606 ἐχαρίσατο
616 591 624 603 ,
639 570 809 605 ἐπιστροφήν
826 577 888 596 τινα
898 576 924 595 xc

1018 565 1077 593 tiam
1101 564 1194 594 invitis
1210 573 1226 592 a
1239 563 1425 599 disputatione
1444 562 1479 591 ad
1505 562 1644 590 silentium
1664 562 1784 597 compel-

157 614 291 651 ἀνάνηψιν
302 615 353 650 τῆς
367 615 502 651 θεομάχου
518 615 633 650 γνώμης
653 613 881 650 ἀπεργάσασθαι,
895 621 923 641 κε

1017 610 1094 638 indis.
1107 610 1242 644 Quidnam
1256 611 1329 638 enim
1339 609 1506 638 luculentius
1518 609 1553 637 ad
1571 607 1783 636 confutationem

157 660 212 688 τῶν
227 660 330 696 ταύτην
351 660 478 693 καθάπαξ
493 661 527 688 δι’
547 657 585 688 ὧν
603 659 784 695 θεομαχοῦσιν
795 679 803 692 ,
821 658 923 686 ἀπέσῦν

1021 657 1058 685 lis
1073 656 1221 691 impietatis
1236 655 1327 684 ail‘erri
1344 655 1456 692 potest?
1475 654 1546 688 Quid
1561 661 1628 682 vero
1650 653 1787 681 ellicacius

158 704 247 731 κόσων
259 704 309 731 καὶ
324 703 365 740 τῷ
376 703 466 739 ἐχθρῷ
480 704 702 740 προδεδωκότων,
717 703 853 738 ἀνακόψαι
871 711 902 730 τε
916 712 924 730 ιι

1021 701 1030 728 l
1044 701 1167 729 maxillas
1180 708 1274 729 eorum
1289 701 1366 736 quasi
1382 707 1460 728 canto
1473 704 1501 727 et
1517 699 1596 727 freno
1608 706 1787 734 compescen-

159 749 279 784 θράσος,
302 749 350 776 καὶ
373 749 442 785 πρὸς
467 749 572 785 σιωπὴν
590 749 621 782 ἐξ
636 748 764 784 ἀπορίας,
792 749 817 776 εί
841 749 889 776 καὶ
909 757 925 784 μ

1020 754 1055 778 is,
1085 754 1116 775 ac
1137 746 1334 774 ostendendam
1349 745 1458 774 eminus
1484 744 1632 781 ﬂagrorum
1657 744 1764 779 copiam
1779 764 1786 773 .

160 794 287 827 ἑκόντων,
303 795 457 822 συνελάσαι.
474 795 507 822 Τί
520 795 575 830 γὰρ
588 794 686 822 τούτου
698 794 889 829 λαμπρότερον
906 793 926 820 si

1022 792 1097 819 uibus
1109 799 1140 819 se
1160 791 1210 826 ipsi
1224 796 1353 826 tanquam
1367 798 1383 818 a
1397 791 1513 819 veritate
1522 789 1605 818 alieni
1614 810 1623 823 ,
1639 797 1731 824 neque
1753 788 1788 817 ad

159 839 271 875 ἐλεγχον
285 840 336 875 τῆς
350 839 478 875 τοιαύτης
493 839 640 873 ἀσεϐείαςς
660 839 693 866 Τί
712 839 741 866 δὲ
761 837 925 875 δυνατώτερι

1021 845 1083 865 eum
1104 836 1237 865 accedere
1259 837 1412 872 cupientes,
1435 836 1569 865 obnoxios
1596 835 1787 863 reddiderunt.

159 865 480 921 κηγέῷςιαὶζαᾴζᾲᾧᾨὲιξ
495 865 623 919 vitam};
632 865 726 912 aa;
738 865 820 918 ἀγξαέ
834 865 881 911 καὶ
892 865 925 911 ἐς

1022 883 1150 911 nimvero
1165 882 1291 918 quamvis
1310 890 1368 910 non
1379 882 1471 910 omnia
1492 889 1543 914 ea,
1567 889 1629 918 quae
1654 881 1788 908 insaniam

162 930 302 966 μαστίγων
309 931 340 958 τὸ
351 931 453 967 πλῆθος
460 931 602 964 ἐπιδείξαι,
612 927 651 959 ὧν
659 930 754 966 πόῥρω
763 930 813 964 τῆς
821 929 928 965 ἀληθείς

1023 936 1097 957 )rum
1109 933 1279 964 coarguunt,
1296 928 1324 955 in
1341 928 1460 956 medium
1474 927 1567 955 aﬂ‘erri
1583 927 1706 963 possint,
1722 934 1789 961 pra:-

160 975 318 1011 γεγονότες,
336 976 382 1003 καὶ
396 975 495 1011 μηκέτι
511 975 570 1011 Θεῷ
585 974 779 1011 προσεγγίζειν
791 975 926 1010 ἀνεχόμεν

1024 975 1083 1010 ipua
1113 979 1210 1003 tamen
1234 975 1362 1010 persequi
1377 982 1430 1002 nec
1449 981 1683 1009 supervacaneum
1709 973 1790 1004 forte,

161 1022 330 1054 ὕπευθύνους
357 1022 470 1054 ἑαυτοὺς
490 1021 749 1057 παρεσκευάσαντο·
768 1021 839 1057 πλὴν
863 1021 888 1048 εί
903 1030 927 1048 κ(

1024 1029 1054 1049 ec
1069 1021 1166 1049 inutile
1184 1021 1276 1049 fuerit.
1293 1020 1439 1049 Plenitudo
1456 1020 1530 1048 enim
1552 1019 1683 1047 Ecclesiae
1703 1018 1750 1046 Dei
1768 1018 1790 1045 si

162 1067 251 1095 πάντα
273 1067 408 1102 παράγειν
426 1067 456 1094 οὐ
473 1067 567 1103 ῥᾴδιον
581 1067 631 1094 ὅσα
652 1066 805 1102 στηλιτεύει
817 1066 868 1102 τὴν
880 1067 928 1094 ἀπὶ

1024 1066 1076 1094 ulla
1090 1074 1121 1094 re
1142 1066 1205 1099 alia,
1225 1070 1300 1094 certe
1319 1066 1406 1102 copiis
1419 1070 1447 1094 et
1461 1065 1627 1093 abundantia
1647 1071 1790 1100 argumen-

161 1119 247 1144 νοιαν,
267 1111 326 1138 ἀλλ’
344 1108 392 1138 οὖν
405 1111 449 1138 διὰ
463 1111 518 1138 τῶν
532 1110 681 1147 ἐπικαίρων
704 1110 744 1138 ἔτι
760 1111 882 1146 προϊέναι
893 1131 900 1143 ,
919 1119 927 1138 ι

868 1120 882 1137 ιι
893 1131 900 1143 ,
919 1111 949 1138 οὐ
1004 1115 1093 1139 torum
1110 1115 1205 1138 contra
1219 1110 1401 1139 defectionem
1416 1110 1489 1139 hanc
1501 1109 1634 1144 superbit.

162 1155 290 1191 περιττὸν
311 1156 377 1188 ίσως
401 1156 464 1183 οὐδὲ
480 1155 626 1191 ἄχρηστον.
650 1157 826 1191 Σεμνυνείται
840 1155 896 1191 γὰρ
910 1156 935 1183 εί
955 1156 994 1191 μή
1012 1164 1065 1182 τινι
1077 1155 1161 1191 ἀλλῳ,
1179 1155 1237 1183 ἀλλ’
1251 1154 1299 1183 οὖν
1317 1163 1349 1190 γε
1366 1155 1407 1191 τῷ
1420 1154 1528 1190 πλούτῳ
1543 1154 1591 1183 καὶ
1619 1155 1653 1190 τῇ
1683 1162 1791 1190 περιου-

163 1204 210 1240 σία
223 1204 278 1232 τῶν
300 1203 372 1231 κατά
389 1204 440 1239 τῆς
460 1203 630 1236 ἀποστασίας
653 1203 817 1236 ἀποδείξεων
831 1203 882 1239 τῆς
892 1203 940 1231 τοῦ
951 1203 1020 1231 Θεοῦ
1037 1203 1201 1239 Ἐκκλησίας
1215 1203 1246 1230 τὸ
1263 1203 1411 1240 πλήρωμα.

199 1249 249 1277 [Ek
271 1248 302 1275 '0
320 1249 369 1284 μὶν
380 1246 428 1276 οὖν
439 1248 496 1276 τῶν
506 1249 630 1284 ἀγγέλων
647 1248 732 1284 ὕμνος
750 1249 798 1276 ἐπὶ
810 1248 850 1284 τῷ
865 1249 949 1285 τόκῳ,

1034 1248 1094 1277 XV.
1114 1248 1280 1285 Angelorum
1293 1249 1386 1284 itaque
1403 1248 1521 1284 hymnus
1545 1246 1574 1274 in
1588 1245 1731 1274 nativitate
1744 1245 1791 1274 de.

161 1291 204 1325 οἷς
215 1292 261 1320 τὸν
274 1293 390 1329 οὐρανὸν
407 1293 454 1321 καὶ
471 1293 522 1329 τὴν
539 1293 591 1328 γῆν
609 1293 650 1326 είς
667 1293 734 1329 μίαν
751 1293 884 1330 ἁρμονίαν
904 1303 927 1320 κέ

1025 1299 1137 1328 tutatus,
1156 1301 1206 1330 per
1221 1302 1290 1330 quos
1304 1294 1404 1322 coelum
1416 1298 1446 1321 et
1458 1298 1558 1321 terram
1576 1292 1604 1320 in
1623 1292 1791 1320 harmoniam

163 1337 325 1373 συμφωνίαν
341 1338 492 1373 συνῆπτεν,
507 1338 547 1371 είς
561 1338 610 1366 ἕνα
630 1338 747 1374 ποιητὴν
760 1339 811 1373 τὴν
827 1339 926 1375 αίσθητ

1021 1345 1032 1369 t
1061 1344 1226 1369 concentum
1242 1340 1398 1375 conjunxit,
1417 1343 1558 1367 creaturas
1575 1337 1720 1366 sensibiles
1735 1345 1785 1365 om

163 1385 215 1414 κῆν
229 1383 320 1411 κτίσιν
334 1383 444 1412 ἅπασαν
459 1384 557 1419 ἀνῆγε,
570 1384 614 1411 διὰ
629 1384 685 1411 τῶν
698 1383 791 1420 ἀκρων
806 1383 893 1419 αὐτῆς
907 1393 929 1411 κ(

1026 1394 1051 1415 es
1070 1387 1105 1415 ad
1130 1394 1216 1415 unum
1240 1386 1418 1415 Conditorem
1444 1385 1559 1419 retulit,
1588 1392 1639 1421 per
1665 1391 1792 1419 suprema

162 1430 198 1456 τὰ
210 1429 241 1458 ἑν
254 1429 331 1466 μέσῳ
345 1429 550 1466 συναναφέρων.
564 1429 620 1457 Καὶ
633 1430 725 1466 χαρᾶς
736 1429 825 1465 ἀρχὴν
833 1430 928 1460 eam“

1026 1440 1098 1460 arum
1117 1439 1149 1460 ea
1163 1439 1286 1468 quoque,
1300 1439 1361 1467 quae
1375 1431 1403 1459 in
1417 1431 1508 1459 medio
1525 1435 1590 1458 sunt
1603 1450 1608 1462 ,
1630 1429 1658 1457 in
1671 1428 1792 1457 eamdem

162 1476 214 1511 τὴν
226 1475 304 1503 πόλιν
317 1476 407 1512 εὑρεῖν
420 1475 468 1503 τοῦ
480 1475 563 1503 Δαυῒδ
576 1474 779 1512 εὐηγγελίζετο,
793 1476 844 1504 ἇτε
857 1476 890 1512 δὴ
902 1476 928 1502 τί

1026 1477 1121 1504 [assem
1146 1476 1293 1504 collocans.
1308 1476 1383 1504 Idem
1406 1483 1514 1511 quoque
1541 1474 1679 1503 civitatem
1709 1473 1792 1501 David

163 1520 346 1557 ἀνεκλαλήτου
359 1521 471 1557 εἰρήνης
480 1529 511 1548 τε
523 1521 571 1549 καὶ
582 1521 659 1554 θείας
669 1521 794 1553 εὐδοκίας
804 1521 850 1549 διὰ
862 1521 929 1548 πάστ

1027 1522 1106 1549 rimas
1122 1521 1205 1556 hujus
1220 1521 1312 1557 gaudii
1337 1521 1434 1549 sterni
1457 1524 1550 1556 partes
1569 1519 1641 1548 ferre
1665 1518 1793 1550 nuntiat.

164 1566 217 1601 γῆς
229 1555 455 1602 ἐμπολιτεύεσθαί
469 1566 628 1603 παρρησίαν
643 1566 847 1603 λαμϐανούσης.
866 1564 914 1599 οἷς
929 1582 930 1588 ι

1026 1574 1070 1595 ace
1095 1555 1201 1596 scilicet
1223 1555 1356 1596 inell‘abili
1380 1571 1409 1595 et
1434 1555 1527 1594 divino
1549 1565 1720 1601 beneplacito
1745 1572 1792 1599 per

163 1612 182 1646 ἡ
197 1611 291 1639 θεόθεν
313 1612 420 1647 εἰρήνη,
436 1612 484 1639 καὶ
504 1613 522 1647 ἠ
545 1611 671 1645 εὐδοκία,
692 1612 726 1639 δι’
742 1609 781 1639 ὧν
796 1611 887 1639 αὐτῶν
901 1612 929 1639 τέ

1023 1620 1113 1640 niuem
1138 1617 1241 1640 terram
1263 1611 1423 1641 dominandi
1449 1611 1608 1640 facultatem
1631 1613 1789 1638 exercente.

163 1656 255 1691 ψυχὰς
269 1656 384 1689 ἀτοπίας
396 1657 575 1693 ἐπλήρωσαν,
590 1657 772 1693 ἀπελήλαται,
795 1657 899 1689 τούτοις
913 1666 927 1685 ε

1029 1658 1109 1686 uibus
1127 1665 1193 1687 vero
1207 1658 1291 1686 rebus
1305 1657 1397 1685 divina
1413 1665 1466 1692 pax
1479 1661 1508 1685 et
1522 1656 1711 1685 benevolentia
1723 1676 1731 1689 ,
1745 1663 1793 1690 per

164 1703 252 1734 nim:
265 1702 325 1730 οὐδὲ
335 1702 381 1730 τδν
395 1702 485 1730 αὐτῶν
497 1703 627 1739 Ποιητὴν,
643 1703 672 1736 ὃς
686 1703 734 1731 καὶ
744 1703 808 1735 τοὺς
819 1703 930 1738 ἀγγέλοι

1027 1711 1073 1731 uas
1092 1703 1198 1731 animas
1215 1710 1278 1731 suas
1294 1702 1443 1731 insolentes
1462 1702 1655 1735 reddiderunt,
1672 1701 1706 1728 ab
1729 1701 1793 1736 ipsis

165 1745 325 1780 ὑμνολογεϊν
338 1745 524 1780 ἐξαπέστειλε,
539 1747 587 1774 καὶ
599 1747 647 1774 τὸν
663 1746 748 1782 ὕμνον
762 1748 931 1783 προσεδέξατε

1027 1748 1162 1784 r0pulsata
1177 1753 1235 1780 est.
1257 1748 1355 1776 iisdem
1376 1755 1411 1775 eo
1428 1747 1577 1783 impietatis
1596 1747 1697 1774 redacti
1714 1751 1793 1775 sunt.

166 1791 298 1826 οὐμενοῦν
310 1791 360 1827 οὐχ
371 1791 512 1826 ὁμολογεῖν
526 1792 572 1819 τὸν
585 1792 667 1820 αὐτὸν
680 1792 796 1828 οὐρανοῦ
804 1801 834 1820 τε
846 1793 894 1821 καὶ
901 1794 932 1829 γῇ

1027 1799 1036 1823 ι
1051 1802 1102 1822 nec
1116 1802 1212 1822 eorum
1229 1794 1418 1825 Conditorem,
1436 1793 1481 1829 qui
1497 1797 1525 1821 et
1539 1792 1649 1828 angelos
1665 1792 1793 1827 hymnum

166 1836 283 1872 ποιητὴν
295 1837 486 1872 ωνησέὸηται.
507 1837 590 1865 Ἀλλὰ
604 1837 692 1864 ταῦτα
708 1837 758 1873 μὲν
771 1838 822 1866 οὐκ
835 1838 887 1871 ἔξω
899 1839 932 1866 τᾶ

1027 1845 1161 1869 intaturos
1176 1839 1260 1871 misit.
1276 1840 1460 1876 hymnumque
1480 1846 1575 1866 eorum
1597 1837 1712 1872 recepit,
1738 1845 1793 1865 non

158 1881 284 1916 ’πρώτων
295 1881 343 1908 τοῦ
357 1882 509 1918 μυστηρίου
522 1882 676 1919 συμϐόλων,
690 1881 783 1919 οἶμαι,
798 1884 924 1911 πίπτουσι

1027 1886 1131 1914 umdem
1142 1886 1203 1914 caeli
1219 1890 1246 1914 et
1261 1890 1342 1913 terra).
1355 1889 1507 1912 creatorem
1526 1883 1730 1920 profiterentur.
1741 1883 1793 1911 Sed

167 1927 204 1954 Ἀ
215 1927 244 1954 δὲ
258 1927 309 1963 τὴν
325 1927 385 1963 μετ’
395 1929 488 1956 ὲκετνα
501 1928 579 1962 τάξιν
591 1928 697 1964 ἐπέχει,
714 1929 729 1956 ὸ
743 1928 796 1956 ὑπὸ
812 1929 859 1957 τὸν
872 1929 933 1965 νόμι

1027 1932 1052 1960 la
1068 1931 1178 1968 quidem
1190 1939 1244 1960 non
1257 1931 1345 1967 prima
1355 1931 1548 1967 mysteriorum
1559 1930 1704 1962 elementa,
1716 1933 1791 1965 puto,

168 1972 292 2008 Συμεὼν,
307 1974 355 2001 καὶ
368 1973 400 2001 τὺ
412 1975 456 2002 ἐπ’
467 1975 549 2002 αὐτὸν
560 1974 670 2010 πνεῦμα
681 1975 759 2010 ἅγιον
768 1976 814 2003 καὶ
826 1976 841 2003 ὸ
854 1976 889 2003 δι’
902 1977 934 2004 αὐ

1027 1982 1146 2013 iperant.
1158 1977 1224 2011 Quae
1238 1984 1305 2005 vero
1317 1976 1468 2008 secundum
1482 1976 1515 2004 ab
1535 1976 1596 2003 istis
1607 1976 1694 2003 locum
1710 1983 1793 2002 occu—

168 2018 215 2045 τοῦ
229 2019 431 2055 χρηματισμὸς,
447 2020 493 2048 καὶ
504 2021 521 2056 ἡ
533 2020 562 2047 ἐν
574 2020 614 2056 τῷ
627 2020 733 2056 νομικῷ
743 2021 800 2057 ναῷ
817 2021 866 2048 τοῦ
885 2030 934 2057 πρε

1027 2027 1086 2057 ant,
1104 2023 1221 2059 Symeon
1239 2022 1345 2050 scilicet
1366 2022 1418 2050 sub
1433 2021 1492 2058 lege
1512 2021 1658 2054 exsistens,
1677 2020 1793 2056 Spiritus

166 2063 266 2091 σσύτου
292 2065 448 2100 παρουσία,
470 2065 526 2092 οὐδ’
548 2065 618 2102 αὑτὴ
641 2066 727 2102 χωρὶς
749 2066 797 2093 τοῦ
820 2066 932 2101 παναγίι

1028 2074 1118 2098 unctus
1132 2068 1183 2104 ipsi
1201 2068 1409 2104 superveniens,
1423 2067 1582 2096 vaticinium
1596 2075 1645 2103 per
1658 2075 1720 2094 cum
1736 2066 1794 2094 edi-

168 2108 330 2144 Πνεῦμα-τος
344 2110 506 2146 τελουμένη,
521 2111 569 2138 καὶ
591 2111 641 2147 τῆς
657 2110 825 2146 ἀγαθότητος
842 2112 860 2148 ή
877 2119 934 2147 πηγ

1027 2121 1082 2147 im,
1105 2114 1228 2149 ejusdem
1247 2113 1323 2142 senis
1345 2113 1373 2141 in
1400 2113 1532 2149 templum
1552 2113 1720 2144 adventatio,
1741 2119 1793 2139 nec

168 2154 335 2183 ὓποκύτιτων
353 2156 369 2183 ὁ
381 2156 478 2192 Σωτὴρ
494 2156 575 2192 ήμῶν
594 2156 634 2192 τῷ
654 2156 746 2193 νόμῳ,
762 2157 810 2184 καὶ
824 2158 873 2193 οὐχ
889 2158 934 2185 om

1025 2165 1063 2186 )sa
1080 2158 1139 2186 sine
1152 2158 1254 2193 Spiritu
1275 2163 1370 2186 sancto
1390 2157 1477 2191 facta;
1496 2162 1524 2186 et
1543 2158 1671 2185 Servator
1691 2161 1791 2189 noster,

168 2198 280 2251 ξύπτων
294 2199 390 2251 μρνον,
410 2201 480 2229 ἀλλὰ
493 2202 542 2230 καὶ
557 2203 692 2237 ἀγκάλαις
701 2222 709 2236 ,
725 2204 754 2230 αἵ
768 2203 819 2240 τὴν
838 2204 934 2240 νομικὴ

1028 2204 1052 2231 le
1070 2204 1200 2233 bonitatis
1216 2203 1286 2236 fons,
1300 2203 1352 2240 legi
1366 2211 1395 2232 se
1411 2203 1570 2238 subjiciens,
1584 2210 1634 2231 ncc
1645 2202 1793 2237 subjiciens

167 2245 297 2281 ἔστεργον
312 2245 457 2282 λατρείαν,
473 2247 716 2283 δορυφορούμενος,
732 2249 779 2276 καὶ
795 2249 861 2276 αὐτὸ
877 2249 909 2285 δὴ
923 2259 933 2277 1

1027 2250 1105 2284 ilum,
1122 2250 1170 2278 sed
1182 2254 1211 2277 et
1232 2249 1314 2283 ulnis,
1329 2257 1390 2285 quae
1405 2249 1508 2277 cultum
1521 2248 1633 2284 legalem
1644 2247 1793 2282 amplecte-

169 2290 243 2326 ἱερὸν
256 2291 303 2319 καὶ
314 2291 395 2330 πάλιν
407 2293 422 2319 ό
435 2292 558 2328 Συμεὼν,
575 2294 637 2321 ἐπεὶ
651 2293 705 2321 τῶν
720 2294 838 2322 ἐλπίδων
850 2293 907 2331 εἶχε
923 2304 935 2322 τ

1024 2299 1115 2330 antur,
1137 2300 1292 2331 susceptus,
1313 2295 1369 2323 imo
1393 2295 1482 2330 ipsum
1507 2302 1616 2330 quoque
1638 2293 1768 2328 templum
1783 2314 1790 2326 ,

168 2337 266 2372 πέρας,
281 2338 327 2365 καὶ
341 2337 389 2364 τοῦ
407 2339 601 2375 χρηματισμοῦ
618 2340 649 2367 τδ
665 2340 759 2376 μεῖζον
777 2338 842 2374 εῐδε,
862 2341 910 2369 καὶ
924 2350 934 2368 ι

1025 2347 1161 2376 ,erumque
1172 2341 1301 2377 Symeon,
1316 2341 1362 2377 qui
1377 2341 1448 2371 ideo.
1462 2340 1534 2376 quod
1554 2339 1636 2367 ﬁnem
1658 2339 1714 2374 spei
1736 2347 1791 2367 sua:

165 2382 259 2411 λεῖπον
272 2382 372 2417 αὐτῶν,
386 2384 434 2411 καὶ
444 2385 584 2420 τυγχάνων
598 2385 717 2421 εὐλογῶν
730 2395 761 2414 τε
772 2387 818 2414 τὸν
832 2387 909 2420 Θεὸν,
925 2388 931 2414 δ

1027 2393 1170 2415 Dnsecutus
1185 2392 1252 2420 erat,
1262 2392 1291 2415 et
1307 2387 1438 2423 majorem
1453 2386 1575 2414 vaticinii
1594 2390 1699 2421 partem
1716 2386 1793 2413 vidc-

168 2428 235 2455 ίδείν
245 2436 276 2456 τε
287 2428 361 2464 αὒτῷ
374 2429 543 2465 ἰχρημάτισε
557 2430 589 2458 τὸ
604 2431 769 2467 ἀπόρρητον,
784 2432 832 2460 καὶ
846 2433 896 2468 τῆς
908 2433 934 2460 ελ

1025 2439 1058 2468 at,
1071 2434 1157 2462 Deum
1176 2434 1320 2467 laudabat,
1345 2433 1392 2468 qui
1419 2437 1447 2461 ct
1467 2440 1598 2460 arcanum
1618 2432 1670 2460 hoc
1703 2432 1791 2468 ipsum

169 2472 247 2505 πίδος
258 2473 308 2500 οὐκ
315 2473 440 2509 ἐψευσεν,
462 2475 521 2502 ἀλλ’
531 2475 680 2510 ὀφθαλμοῖς
690 2476 791 2512 ¹Ιιξίωσε
803 2478 935 2505 θεάσασθε

1025 2479 1124 2507 isurum
1141 2480 1314 2516 praedixerat.
1330 2487 1382 2507 nec
1401 2486 1449 2514 spe
1466 2478 1628 2514 permiserat
1649 2478 1791 2512 frustrari,

167 2517 200 2544 τὸ
220 2519 355 2554 σωτήριον
366 2519 476 2547 πάντων
490 2520 544 2547 τῶν
563 2520 660 2554 ἐθνῶν.
681 2523 728 2549 καὶ
746 2523 796 2557 τὴν
812 2522 892 2555 δόξαν
905 2532 933 2550 το

1027 2524 1050 2552 ιι]
1066 2525 1156 2560 potius
1166 2525 1278 2561 dignum
1293 2524 1471 2559 iudicaverat,
1486 2523 1532 2559 qui
1546 2524 1632 2552 oculis
1645 2525 1702 2552 suis
1716 2525 1793 2552 vide-

175 2563 295 2599 Ἰσραὴλ,
317 2565 379 2600 ἥτις
400 2565 474 2592 iath
496 2566 576 2598 αὐτὸς
596 2567 612 2593 ὁ
631 2567 726 2603 Σωτὴρ
748 2568 828 2604 ἡμῶν
852 2568 939 2604 Ἰησοῦ

1024 2574 1047 2598 et
1061 2570 1185 2598 Salutare
1201 2570 1323 2598 omnium
1340 2569 1461 2607 gentium
1471 2590 1479 2603 ,
1495 2574 1523 2598 et
1542 2570 1654 2606 gloriam
1670 2570 1790 2602 lsraelis.

168 2609 296 2645 Χριστός.
320 2610 377 2638 Καὶ
398 2611 437 2647 μὴ
452 2611 600 2647 παρέργως
616 2612 702 2640 ταῦτα
717 2615 773 2645 τοῖς
791 2613 845 2641 ὠσὶ
863 2614 934 2650 δέχοι

1026 2624 1066 2643 uae
1085 2621 1127 2643 est
1152 2616 1209 2651 ipse
1231 2615 1361 2643 Servator
1385 2620 1479 2644 noster
1498 2615 1579 2644 Jesus
1593 2616 1729 2644 Christus.
1752 2616 1792 2643 Tn

168 2654 281 2690 Πνεῦμα
302 2655 379 2690 ἀγιον
397 2653 432 2691 ἦν
447 2656 476 2683 ὲν
495 2657 533 2692 τῷ
553 2657 711 2694 πρεσϐύτῃ,
727 2658 785 2684 ἀλλ’
793 2658 843 2694 οὐχ
863 2660 878 2686 ό
900 2661 934 2687 [lc

1026 2668 1071 2687 ero
1083 2660 1140 2688 lnec
1150 2661 1263 2688 auribus
1275 2668 1329 2687 non
1340 2660 1428 2688 obiter
1437 2661 1540 2696 accipe.
1553 2661 1672 2696 Spiritus
1681 2665 1792 2689 sanctus

168 2701 262 2736 νηρδς,
277 2700 420 2737 ἄνθρωπε,
438 2702 472 2729 δι’
482 2698 513 2729 οῦ
525 2702 574 2729 καὶ
584 2703 599 2730 ὁ
610 2704 803 2740 χρηματισμὸς
819 2704 858 2740 (6)
873 2705 934 2741 ὰνδρ

1027 2710 1065 2733 rat
1083 2706 1155 2741 apud
1169 2713 1262 2733 senem
1277 2705 1364 2741 illum,
1378 2713 1394 2734 ο
1410 2706 1503 2740 homo,
1526 2715 1581 2734 non
1602 2711 1692 2734 autem
1707 2705 1793 2734 Malus

716 2791 831 2821 VARIIE
859 2792 1052 2821 LECTIONES
1075 2793 1121 2821 ET
1137 2793 1251 2823 NOTAE.

208 2856 248 2887 (6)
269 2858 488 2892 Χρηματισμὸς.
504 2859 542 2887 ita
563 2859 659 2894 scripsi
671 2867 720 2894 pro
741 2863 953 2897 χρηματισμὸν,
972 2875 974 2887 Α

741 2863 953 2897 χρηματισμὸν,
972 2863 1044 2898 quod
1062 2868 1163 2891 textum
1174 2863 1303 2892 mendose
1317 2870 1507 2900 occupaverat.
