1940 3081
161 145 211 179 2η

734 149 866 180 ΡΗΟΤΙΙ
884 148 1139 179 PATRIARCH/E
1158 149 1213 180 CP.

1738 147 1790 180 212

164 201 209 229 ille
225 211 233 229 :
249 209 299 237 per
319 203 446 230 eumdem
466 206 495 231 et
516 203 657 231 oraculum
680 203 746 232 illud
768 203 870 231 factum
892 206 952 230 erat

1006 202 1047 230 διὰ
1060 202 1143 238 νόμου
1159 203 1277 238 βιοῦντι,
1294 203 1342 230 καὶ
1361 187 1431 231 κατὰ
1449 197 1532 238 νόμον
1550 204 1565 231 6
1581 203 1677 240 Σωτὴρ
1691 205 1790 239 ἀνάγε-

163 248 269 276 homini
283 249 310 275 in
323 249 381 284 lege
393 249 505 282 viventi,
518 250 589 278 sicut
600 254 628 277 et
642 249 853 285 Servatorjuxta
866 249 953 284 legem

165 295 192 321 in
219 295 350 329 templum
371 295 526 327 adducitur,
542 300 570 323 et
601 296 679 330 juxta
694 296 782 332 legem
802 296 874 323 ulnis
891 303 954 330 por-

165 343 247 367 tatur.
263 339 357 375 Neque
376 348 441 368 vero
464 342 545 369 homo
561 342 679 377 injurius
700 347 748 370 aut
772 341 842 369 Malo
865 342 951 369 obno—

163 386 234 417 sius.
252 385 299 412 sed
317 393 331 413 a
349 385 403 414 Deo
416 387 516 422 duplici
538 388 648 416 nomine
656 393 745 421 actus,
762 388 836 423 quod
851 392 879 416 et
895 387 955 423 Spi-

164 431 233 458 ritus
254 431 371 459 Sanctus
386 440 468 468 super
491 441 553 461 eum
571 439 647 467 erat,
662 439 691 462 et
702 434 828 462 manibus
849 433 955 461 ferebat

163 476 316 509 Christum,
329 478 445 506 salutem
467 480 590 507 omnium
603 480 725 515 gentium
737 481 792 508 imo
803 484 831 508 et
842 481 954 516 gloriam

164 521 271 549 israelis
280 523 438 557 proclamat,
446 532 501 551 non
514 525 596 552 alium
608 530 690 561 atque
702 526 796 558 alium,
809 527 857 554 sed
866 527 954 562 ipsum

163 567 308 595 Dominum
337 574 460 597 nostrum
478 571 571 598 Jcsum
592 571 731 600 Christum
744 593 752 605 ,
774 573 954 600 mediatorem

163 618 190 641 et
203 615 384 643 conditorem.
402 616 469 644 Nam
492 625 552 652 quae
567 617 655 646 Patris
670 623 752 652 sunt,
776 619 871 646 eadem
890 623 955 646 sunt

163 663 191 685 et
206 659 292 693 ipsius
305 661 407 693 omnia,
429 662 486 690 sive
507 663 607 690 veteris
631 663 687 691 sint
714 664 868 691 testamenti
897 663 954 691 sive

163 705 266 740 gratiae.
273 705 465 741 Qumquidem,
474 709 598 743 quamvis
605 709 742 744 prmdictis
751 710 878 737 inferiora
888 710 953 743 sint,

163 756 217 775 non
234 755 331 787 tamen
341 750 367 777 in
383 751 570 780 confutatione
592 753 736 781 hominum
756 760 850 782 contra
867 754 954 782 Deum

163 796 343 830 pugnantium
371 797 522 825 secundum
538 799 629 826 locum
643 805 790 835 occupant.
811 799 863 828 Ubi
880 801 953 828 enim

164 840 360 874 blasphemiam
376 842 458 869 ullam
473 848 568 871 contra
580 844 678 880 legem,
690 850 739 873 aut
753 854 795 878 ea,
814 854 875 881 qua!
890 851 954 873 sunt

163 881 241 918 legis,
258 889 306 912 aut
329 887 477 914 sanctuarii
510 888 616 923 legalis,
646 890 764 917 inveniri
788 891 954 918 ostendent?

165 928 217 956 Sed
232 930 297 964 quid
321 931 382 959 dico
407 933 627 969 blasphemiam?
654 935 751 964 Nonne
769 937 859 971 potius
879 937 954 964 omni

162 974 269 1002 honore
285 980 313 1004 et
328 978 402 1005 cultu
421 978 542 1007 alliciunt
555 988 597 1014 ea,
611 989 671 1016 qu;e
681 983 837 1010 communia
849 988 914 1011 sunt
927 988 955 1011 ct

163 1020 320 1055 conjuncta,
339 1026 367 1049 et
383 1023 474 1051 allinia
491 1025 594 1059 gratiae.
611 1027 690 1054 Anna
711 1032 814 1060 autem,
832 1028 954 1063 prophe-

163 1065 227 1098 tis",
256 1067 334 1101 cujus
356 1067 411 1095 vita
439 1073 498 1096 erat
523 1071 655 1105 precatio,
676 1075 704 1098 et
728 1073 906 1099 commoratio
926 1072 953 1100 in

162 1110 276 1144 templo,
288 1116 359 1139 etut
376 1114 531 1141 summatim
549 1114 649 1146 dicam.
674 1117 765 1144 cultus
783 1116 886 1152 legalis,
898 1117 951 1145 nisi

161 1159 190 1182 et
212 1155 269 1191 ipsa
289 1165 304 1184 a
336 1158 457 1186 beneﬁca
475 1168 558 1187 manu
583 1165 611 1188 et
632 1162 802 1197 providentia
828 1163 952 1198 profecta

162 1200 259 1229 luisset
277 1211 329 1230 una
346 1211 408 1231 cum
429 1204 473 1239 iis,
485 1207 586 1241 quibus
606 1207 633 1234 in
649 1208 705 1235 vita
729 1208 874 1244 gaudebat,
899 1209 953 1237 nisi

161 1247 245 1275 etiam
260 1248 468 1284 inspirationem
485 1252 549 1279 inde
570 1253 712 1281 habuisset
733 1255 871 1289 quomodo
893 1256 953 1282 lau-

153 1294 252 1321 dasset
270 1295 428 1330 Dominum,
456 1301 484 1324 et
500 1298 534 1325 de
554 1298 627 1325 bono
658 1299 714 1327 Deo
731 1300 821 1327 locuta
844 1301 952 1335 fuisset,

160 1341 232 1374 quod
247 1341 353 1368 scilicet
366 1342 447 1369 saluti
463 1343 572 1371 futurus
592 1344 627 1371 sit
639 1345 703 1378 illis,
723 1345 769 1380 qui
797 1345 954 1381 Hierosoly-

161 1386 214 1412 mis
235 1386 323 1420 ipsum
346 1389 558 1422 exspectarent?
576 1389 654 1417 Itane
674 1389 723 1422 illi,
746 1391 792 1426 qui
807 1392 955 1426 sperabant

160 1431 302 1458 Christum
313 1433 341 1459 in
362 1433 476 1460 salutem
486 1442 564 1461 suam
577 1439 736 1469 venturum,
759 1438 860 1464 malum
876 1438 954 1473 prin.

161 1478 263 1512 ripium
276 1479 410 1510 colentes.
425 1480 459 1508 ad
477 1481 579 1508 bonum
590 1482 750 1510 retulissent
764 1491 841 1518 spem
854 1485 954 1512 suam?

1004 257 1050 275 ται
1066 249 1106 280 είς
1117 249 1147 275 τὺ
1160 249 1243 284 ίερδν,
1254 249 1301 276 καὶ
1315 249 1388 277 κατά
1398 249 1444 276 τὸν
1455 249 1538 285 νόμον
1549 249 1789 285 ἀγκαλοφορεῖται.

1005 295 1061 322 Καὶ
1075 295 1125 329 οὐχ
1137 296 1151 321 6
1168 294 1318 331 θεοϐλαϐὴς
1332 294 1348 330 ἢ
1367 295 1509 330 ἀνειμένος
1523 295 1562 330 τῷ
1580 295 1692 331 χείρονι,
1704 295 1761 322 ἀλλ’
1777 296 1791 322 6

1005 341 1219 376 θεοφορούμενος
1230 341 1438 377 ἀμφοτέρωθεν,
1447 342 1489 368 ὅτι
1502 350 1531 368 τε
1546 341 1658 376 Πνεῦμα
1669 341 1745 376 ἆγιον
1757 339 1790 377 ἦν

1005 387 1090 423 αὐτῷ,
1107 387 1154 414 καὶ
1169 388 1209 414 ὃτι
1228 387 1322 423 χερσὶν
1343 387 1425 422 ἔφερε
1436 387 1483 414 τὸν
1495 387 1630 422 Χριστὸν,
1653 387 1790 422 σωτηρίαν

1007 433 1057 469 μὲν
1070 434 1178 460 πάντων
1189 433 1244 460 τῶν
1253 433 1338 460 ἐθνῶν
1352 433 1499 467 ἀναφωνεῖ,
1513 433 1582 460 ἀλλά
1593 432 1641 460 καὶ
1653 432 1732 466 δόξαν
1744 433 1790 459 τοῦ

1011 478 1132 514 Ἰσραὴλ,
1147 479 1196 505 οὐκ
1209 478 1289 506 ἄλλον
1300 478 1349 505 καὶ
1361 478 1451 511 ἄλλον,
1466 478 1525 505 ἀλλ’
1533 478 1615 505 αὐτὸν
1628 478 1674 504 τὸν
1690 478 1791 513 Κύριον

1005 524 1084 560 ἡμῶν
1102 524 1206 558 Ἰησοῦν
1216 523 1344 559 Χριστὸν,
1361 523 1409 550 τὸν
1426 523 1542 559 μεσίτην
1553 523 1601 550 καὶ
1616 523 1789 559 δημιουργόν.

1005 570 1060 596 Καὶ
1074 570 1109 596 τὰ
1119 569 1166 596 τοῦ
1183 569 1290 605 Πατρὸς
1302 569 1358 604 γὰρ
1372 568 1452 595 αὑτοῦ
1467 569 1542 596 ἐστιν
1555 568 1663 596 ἅπαντα
1676 568 1726 603 τῆς
1739 577 1791 595 πα-

1005 614 1085 645 λαιᾶς
1107 614 1155 640 καὶ
1177 614 1227 649 τῆς
1256 614 1378 649 χάριτος.
1403 613 1496 640 Ταῦτα
1519 615 1543 640 εί
1566 614 1614 640 καὶ
1638 613 1791 649 δευτερεύει

1004 659 1058 686 τῶν
1078 656 1289 695 προλαϐόντων,
1311 659 1370 686 ἀλλ’
1391 657 1438 686 οὗν
1460 659 1491 686 οὔ
1516 658 1566 694 τὴν
1586 658 1716 694 δευτέραν
1739 659 1791 694 χώ-

1007 714 1073 742 ραν,
1104 706 1154 732 ὅσα
1183 714 1215 740 γε
1242 706 1298 737 τοῖς
1326 705 1449 740 ἐλέγχοις
1474 704 1581 740 βάλλειν
1601 704 1665 735 τοὺς
1690 704 1789 739 θεομά-

1005 759 1079 786 χους,
1104 750 1170 785 ἔχει.
1200 749 1255 777 Ποῦ
1282 750 1337 785 γάρ
1364 758 1425 777 τινα
1451 748 1625 784 βλασφημίαν
1648 747 1720 775 κατά
1744 748 1790 775 τοῦ

1005 799 1089 832 νόμου
1120 796 1137 832 ἢ
1159 796 1212 823 τῶν
1242 797 1271 822 ἐν
1302 795 1341 831 τῷ
1366 796 1464 831 νόμῳ,
1480 796 1497 831 ἢ
1515 794 1563 821 τοῦ
1584 794 1696 829 νομικοῦ
1718 793 1790 829 ἱεροῦ

1005 843 1123 878 πάροδον
1148 843 1238 878 εὑρεῖν
1264 842 1332 874 ὅλως
1357 842 1523 875 ἐνδιδόασινς
1557 842 1638 868 Ἀλλὰ
1662 841 1688 868 τί
1716 839 1791 867 εἷπον

1006 888 1182 924 βλασφημίαν
1191 896 1199 921 ;
1209 887 1300 923 Πόσης
1311 888 1394 923 τιμῆς
1406 887 1453 914 καὶ
1462 886 1541 922 δόξης
1551 886 1582 913 οὑ
1593 886 1791 922 μεταδιδόασιν,

1005 935 1078 967 ὅσοις
1102 935 1190 962 ἔνεστι
1208 935 1354 970 μετασχεῖν
1375 934 1431 965 τοῖς
1447 932 1606 960 κοινωνοῦσι
1621 932 1668 958 καὶ
1683 931 1791 958 συνδια-

1005 981 1183 1016 πλεκομένοις
1199 981 1245 1008 καὶ
1260 979 1437 1016 συμφωνοῦσι
1450 981 1483 1015 τῇ
1497 980 1606 1015 χάριτις
1629 978 1661 1005 Ἦ
1679 978 1708 1005 δέ
1724 986 1791 1013 προ-

1005 1027 1085 1062 φῆτις
1104 1026 1205 1059 Ἄννα,
1224 1022 1257 1061 ἧς
1270 1025 1327 1060 βίος
1342 1025 1359 1060 ἡ
1384 1024 1523 1060 προσευχὴ
1544 1023 1592 1050 καὶ
1606 1023 1623 1058 ἡ
1639 1023 1667 1049 ἐν
1683 1022 1723 1058 τῷ
1736 1021 1792 1056 ναῷ

1005 1072 1104 1108 σχολὴΙ,
1119 1071 1209 1098 καὶτὸ
1222 1072 1276 1097 πᾶν
1295 1071 1393 1101 εἰπεῖν,
1411 1070 1427 1106 ἠ
1443 1068 1542 1104 νομικὴ
1563 1067 1691 1103 λατρεία,
1713 1067 1737 1093 εί
1754 1067 1790 1102 μὴ

1003 1119 1052 1153 τῆς
1067 1115 1240 1152 ἀγαθουργοῦ
1248 1116 1295 1143 καὶ
1309 1115 1401 1151 χειρὸς
1411 1115 1459 1141 καὶ
1471 1113 1598 1150 προνοίας
1607 1111 1642 1148 ἦν
1652 1113 1698 1139 καὶ
1711 1112 1790 1147 αὑτὴ,

1003 1164 1051 1191 καὶ
1067 1160 1108 1195 οἷς
1126 1163 1200 1189 ἐϐίου
1221 1161 1268 1188 καὶ
1283 1160 1455 1196 ἐσεμνύνετο,
1471 1160 1495 1185 εί
1521 1159 1559 1194 μὴ
1577 1159 1627 1194 τὴν
1649 1157 1791 1184 ἐπίπνοιαν

1004 1207 1078 1237 εἶκεν
1091 1209 1130 1244 (7)
1150 1207 1265 1239 ἐκεῖθεν,
1290 1206 1350 1239 πῶς
1374 1205 1591 1240 ἀνθωμολογεῖτο
1615 1203 1655 1239 τῷ
1674 1203 1770 1238 Κυρίῳ
1782 1223 1790 1234 ,

1003 1256 1052 1283 καὶ
1066 1256 1130 1290 περὶ
1144 1254 1191 1281 τοῦ
1219 1252 1323 1288 ἀγαθοῦ
1339 1252 1427 1279 ἐλάλει
1450 1251 1530 1283 Θεοῦ,
1547 1251 1584 1283 ὡς
1595 1250 1730 1289 λύτρωσις
1745 1245 1791 1276 οῦ-

1003 1310 1049 1333 τος
1064 1301 1108 1335 εἴη
1125 1301 1183 1331 τοῖς
1209 1300 1238 1326 ἐν
1258 1298 1435 1334 Ἰερουσαλὴμ
1450 1295 1676 1332 προσδεχομένοις
1693 1294 1791 1328 αύτόν;

1002 1345 1077 1381 Ἆρα
1090 1346 1136 1378 δέ,
1157 1346 1182 1372 οἳ
1201 1344 1372 1380 προσεδόκων
1388 1344 1427 1375 εις
1444 1342 1585 1377 Σωτηρίαν
1605 1341 1694 1368 αὐτῶν
1714 1340 1793 1375 ἥκειν

1002 1393 1048 1419 τὸν
1062 1391 1190 1427 Χριστὸν,
1205 1388 1288 1423 οὗτοι,
1299 1390 1350 1425 τὴν
1361 1389 1466 1425 φαύλην
1481 1388 1680 1422 θεραπεύοντες
1693 1385 1791 1422 ἀρχὴν.

1003 1437 1071 1472 πρὸς
1090 1437 1139 1472 τὴν
1153 1436 1258 1471 ἀγαθὴν
1270 1435 1403 1470 ἀνέφερον
1417 1434 1467 1466 τὰς
1483 1433 1612 1467 ἐλπίδας;
1630 1432 1685 1460 Καὶ
1701 1432 1743 1464 τίς
1759 1430 1792 1458 ἃν

1003 1483 1133 1519 λογισμοῦ
1155 1482 1249 1517 κύριος
1266 1482 1297 1508 οὒ
1314 1481 1471 1517 βδελύεηται
1492 1480 1540 1507 καὶ
1557 1479 1661 1515 πλάνης
1675 1477 1793 1514 ἐσχάτης

161 1523 228 1556 Quis
247 1532 322 1556 vero.
338 1525 453 1554 rationis
468 1534 592 1562 compos,
618 1535 674 1555 non
693 1533 834 1556 aversetur
849 1534 877 1557 et
891 1538 953 1565 gra-

1006 1530 1194 1566 ὲπιψηφιείται
1208 1529 1238 1555 τὸ
1248 1527 1448 1562 διαλογίζεσθαι
1464 1526 1550 1553 ταῦτα
1557 1535 1570 1559 ν;

160 1570 266 1598 vissimi
280 1572 382 1604 erroris
401 1577 498 1608 arguat
515 1573 551 1600 ita
569 1573 801 1602 ratiocinantem?

197 1615 269 1643 XV].
298 1616 353 1644 Sed
388 1618 505 1652 procede
529 1626 636 1646 mecum
667 1620 793 1648 ulterlus.
822 1622 955 1649 Ascendit

163 1661 293 1690 Servator
308 1663 336 1689 in
349 1663 482 1698 templum
496 1673 549 1692 una
569 1673 632 1692 cum
648 1666 734 1694 Matre
743 1674 802 1699 sua,
817 1676 881 1695 vere
895 1669 952 1701 tali,

161 1711 189 1733 et
211 1707 315 1743 virgine
338 1717 345 1734 :
364 1708 446 1736 simul
466 1717 532 1737 vero
556 1710 613 1738 ibat
632 1716 721 1746 pater,
746 1720 780 1740 ex
803 1713 954 1748 desponsa-

162 1751 236 1780 tione
250 1752 311 1780 talis
326 1753 447 1783 habitus.
477 1754 509 1783 Et
525 1755 570 1783 hic
597 1756 696 1784 iterum
720 1758 807 1794 legem
837 1760 954 1795 implens

167 1798 297 1831 Servator
320 1800 454 1832 ascendit,
484 1809 540 1828 non
555 1802 650 1835 semel,
673 1803 721 1830 sed
744 1804 854 1839 smpius,
875 1805 954 1839 quasi

161 1842 296 1870 destinata
319 1851 401 1878 opera
420 1852 477 1872 non
502 1846 587 1874 semel
604 1847 652 1875 sed
676 1855 750 1883 stepe
774 1856 901 1877 coercere
927 1854 955 1877 et

161 1887 282 1922 dejicere
298 1889 380 1916 vellet
394 1890 520 1918 homines
534 1891 561 1918 in
574 1897 712 1928 praecepta
733 1893 801 1929 legis
825 1894 953 1930 injurios.

161 1932 232 1959 Cum
244 1933 328 1968 igitur
343 1935 490 1970 aliquando
511 1944 561 1971 pro
577 1945 653 1965 more
668 1946 701 1965 eo
718 1939 843 1972 abiisSet,
869 1941 954 1968 abso-

162 1978 227 2006 lutis
247 1979 290 2012 iis,
302 1987 363 2014 qua:
377 1981 419 2008 lex
439 1982 581 2016 poscebat,
607 1991 639 2011 ac
661 1989 785 2019 tempore
806 1986 955 2015 domuitio-

162 2032 226 2052 nem
235 2025 372 2053 inferente
383 2027 558 2055 sanctissima
568 2029 680 2064 quidem
697 2029 784 2058 Mater
802 2039 864 2059 cum
883 2033 954 2066 aliis,

163 2073 192 2097 et
207 2071 267 2106 ipso
278 2079 386 2106 quoque
403 2071 534 2108 Josepho,
551 2074 663 2102 domum
684 2077 874 2104 revertebatur
890 2087 896 2104 :
914 2082 954 2110 et,

163 2117 210 2151 qui
221 2117 306 2144 nostri
322 2125 404 2145 causa
415 2126 486 2153 puer
505 2119 592 2148 lactus
605 2115 674 2153 erat,
690 2129 740 2156 per
751 2122 871 2150 triduum
885 2123 956 2151 inte-

164 2169 241 2198 grum
264 2163 292 2190 in
319 2163 452 2198 templum
478 2167 701 2194 commorabatur
740 2175 857 2203 cumque
884 2169 956 2197 inter

1040 1619 1098 1651 ΚΤ.
1117 1617 1170 1644 Ἴθι
1183 1616 1213 1652 δή
1228 1624 1273 1652 μοι
1288 1616 1334 1643 καὶ
1349 1615 1525 1652 προσωτέρω.
1541 1614 1661 1640 ’Δνεισιν
1674 1611 1689 1638 6
1699 1610 1794 1647 Σωτὴρ

1005 1666 1045 1696 είς
1057 1664 1088 1691 τὸ
1104 1663 1175 1698 ἱερὸν
1187 1663 1245 1698 ἀμα
1258 1663 1308 1698 τῆς
1324 1663 1362 1695 ὠς
1374 1661 1481 1697 ἀληθῶς
1498 1660 1609 1696 Μητρὸς
1625 1659 1673 1686 καὶ
1690 1657 1794 1694 παρθι-

1005 1719 1062 1737 νου*
1074 1710 1201 1746 συνανῄει
1213 1710 1242 1736 δὲ
1255 1709 1302 1736 καὶ
1316 1710 1331 1736 6
1341 1710 1375 1744 τῇ
1390 1708 1455 1744 δόξῃ
1466 1708 1516 1742 τῆς
1527 1705 1676 1742 μνηστείας
1689 1705 1794 1740 πατήρ.

1005 1756 1152 1784 Κάνταῦθα
1167 1755 1248 1783 πάλιν
1259 1755 1305 1782 τὸν
1319 1755 1400 1789 νόμον
1412 1753 1548 1789 πληρῶν,δ
1557 1752 1652 1787 Σωτὴρ
1664 1751 1711 1778 καὶ
1724 1751 1797 1778 ἄνει-

1006 1813 1059 1836 σιν,
1076 1803 1125 1838 ούχ
1145 1802 1227 1835 ἅπαξ,
1243 1801 1311 1829 ἀλλὰ
1325 1801 1372 1828 καὶ
1388 1800 1519 1831 πολλάκις
1534 1820 1541 1832 ,
1558 1799 1654 1834 ὥσπερ
1669 1797 1796 1832 ἐξεπίτη-

1005 1849 1050 1881 δες
1061 1868 1069 1881 ,
1084 1848 1132 1883 οὑχ
1152 1847 1224 1880 ἀπαξ
1237 1846 1306 1874 ἀλλά
1320 1846 1367 1873 καὶ
1386 1845 1516 1876 πολλάκις
1525 1864 1533 1878 ,
1547 1843 1733 1878 ἐπιστομίζειν
1747 1842 1796 1888 καλ,

1006 1893 1185 1922 καταϐάλλειν
1201 1891 1361 1924 σπουδάζων
1376 1892 1439 1923 τοὺς
1453 1891 1507 1917 τῶν
1520 1889 1642 1925 νομικῶν
1664 1887 1796 1924 ὑϐριστὰς

1006 1939 1132 1966 ἐντολῶν.
1163 1937 1294 1965 ’Δνελθὼν
1318 1937 1340 1963 δ’
1363 1934 1410 1964 οὖν
1438 1944 1504 1962 ποτε
1530 1934 1602 1961 κατά
1618 1932 1796 1968 τδ,είθισμέο

1006 1994 1062 2018 νον,
1077 1985 1139 2012 ἐπεὶ
1149 1984 1183 2015 τὰ
1194 1983 1375 2019 νενομισμένα
1389 1983 1482 2013 αὐτοῖς
1493 1980 1666 2015 ἐτελευτήθη,
1680 1979 1728 2006 καὶ
1747 1978 1797 2014 τὴν

1007 2033 1048 2063 εἰς
1063 2031 1109 2058 τὸν
1124 2028 1198 2057 οἷκον
1224 2028 1353 2056 ἐπάνοδον
1375 2026 1526 2054 ἐπέϐαλλεν
1546 2026 1560 2052 6
1575 2025 1684 2060 καιρὸς,
1702 2025 1718 2059 ἠ
1747 2023 1798 2058 μὲν

1008 2077 1141 2111 πανάγιος
1153 2076 1245 2111 μήτηρ
1259 2074 1317 2109 ἅμα
1327 2082 1357 2100 τε
1370 2072 1460 2103 ἄλλοις
1475 2071 1522 2098 καὶ
1533 2070 1572 2106 τῷ
1593 2069 1692 2104 Ἰωσὴφ
1703 2069 1797 2095 οίκαδε

1008 2122 1102 2158 ἀπῄει·
1123 2122 1138 2148 6
1159 2122 1188 2148 δέ
1201 2120 1234 2147 δι’
1260 2120 1333 2155 ἡμᾶς
1351 2119 1414 2150 παῖς
1437 2118 1480 2152 ἐφ’
1503 2117 1567 2148 ὅλας
1592 2116 1698 2151 ἡμέρας
1721 2115 1797 2148 τρεῖς

1007 2167 1200 2203 ἐνεφιλοχώρει
1217 2174 1247 2193 τε
1259 2165 1298 2201 τῷ
1316 2164 1381 2200 ἱερῷ
1393 2164 1440 2198 καὶ
1453 2163 1508 2190 τῶν
1522 2161 1700 2194 διδασκάλων,
1715 2159 1798 2195 ἡνίκα

164 2207 269 2235 medios
284 2208 420 2241 doctores,
435 2210 475 2236 uti
488 2210 614 2244 decebat,
630 2202 883 2246 consedissetptum
897 2222 954 2249 per-

1007 2215 1078 2247 δέοι,
1096 2212 1278 2248 καθεζόμενος
1295 2212 1324 2237 ἐν
1340 2210 1427 2246 μέσῳ,
1441 2210 1475 2244 τῇ
1489 2217 1519 2235 τε
1534 2207 1641 2234 συνέσει
1655 2207 1709 2232 τῶν
1726 2206 1798 2240 ἐρω-

163 2253 289 2288 ceptione
309 2255 504 2289 quaestionum,
531 2259 589 2283 tum
607 2257 751 2292 exquisitis
774 2263 802 2286 et
821 2260 958 2288 accuratis

165 2299 392 2334 responsionibus
405 2301 442 2328 ita
457 2302 530 2337 cepit
544 2303 744 2338 colloquentes,
767 2310 797 2332 ut
815 2310 957 2341 stuporem

165 2344 258 2372 illiset
281 2346 490 2374 admirationem
511 2348 566 2375 Deo
593 2349 702 2383 plenam
728 2350 847 2382 afferret.
867 2359 956 2387 neque

170 2389 224 2418 illis
242 2392 341 2425 solum,
356 2393 404 2420 sed
427 2397 455 2420 et
476 2393 613 2426 omnibus,
633 2395 733 2429 quibus
751 2396 904 2424 doctrinam
927 2402 956 2424 et

166 2437 365 2465 sententiarum
397 2439 573 2467 collationem
611 2441 706 2468 audire
744 2442 855 2469 licebat.
885 2443 954 2470 Cum

165 2482 270 2509 interea
289 2483 380 2516 Iesus,
408 2486 508 2520 templo
526 2485 662 2519 addictus,
682 2486 708 2513 in
724 2487 767 2514 his
789 2493 958 2521 versaretur,

166 2528 338 2556 sanctissima
363 2529 449 2558 Mater
468 2532 529 2566 ejus
545 2536 572 2559 et
589 2532 728 2568 Iosephus
752 2534 778 2560 in
794 2534 837 2562 via
864 2535 959 2563 Jesum

167 2581 260 2601 secum
271 2582 326 2601 non
343 2582 403 2602 esse
416 2576 553 2610 videntes,
567 2585 630 2605 cum
646 2579 769 2614 cognatis
783 2585 874 2608 autem
889 2589 960 2608 ver—

168 2620 224 2648 sari
252 2621 407 2656 opinantes,
432 2630 488 2649 non
506 2623 603 2652 adesse
619 2633 695 2658 vero,
714 2626 840 2654 instituto
860 2627 958 2655 scruti-

205 2678 294 2713 ‘Luc,
311 2688 342 2712 ιι,
360 2679 405 2708 56.

1005 2262 1112 2296 τήσεων
1126 2258 1174 2285 καὶ
1195 2259 1229 2292 τῇ
1247 2256 1374 2291 εὑθύτητι
1395 2255 1442 2281 καὶ
1458 2252 1589 2289 ἀκριϐείᾳ
1607 2252 1662 2278 τῶν
1679 2250 1797 2285 ἀποκρί-

1006 2315 1075 2334 σεων
1088 2305 1174 2336 οὕτως
1189 2301 1243 2330 εἷλε
1257 2303 1294 2339 (8)
1311 2302 1373 2333 τοὺς
1387 2296 1631 2335 προσομιλοῦντας,
1647 2297 1685 2328 ὡς
1700 2296 1799 2323 ἐκστα-

1006 2354 1048 2380 σίν
1073 2361 1104 2378 τε
1121 2351 1170 2378 καὶ¹
1191 2349 1295 2385 θάμϐος
1312 2348 1404 2378 αὐτοῖς
1428 2346 1555 2380 φιλόθεον
1571 2344 1712 2380 ἐμϐαλεῖν.
1730 2343 1799 2373 ,Καὶ

1004 2400 1035 2427 οὗ
1050 2399 1155 2429 τούτοις
1173 2397 1265 2432 μόνον,
1283 2395 1350 2422 ἀλλὰ
1370 2394 1417 2421 καὶ
1430 2394 1502 2424 ὅσοις
1518 2391 1629 2418 ἀκούειν
1642 2390 1734 2425 παρῆν
1747 2389 1799 2424 τῆς

1003 2431 1180 2472 διδασκαλίας
1199 2440 1246 2467 καὶ
1261 2438 1315 2465 τῶν
1328 2437 1484 2469 διαλέξεων.
1499 2435 1565 2463 Εἶτα
1581 2436 1610 2461 ἐν
1627 2431 1650 2468 ᾧ
1663 2433 1800 2469 διέτριϐεν

1010 2491 1039 2516 ἐν
1049 2488 1155 2519 τούτοις
1165 2506 1172 2518 ,
1189 2485 1228 2521 τῷ
1244 2484 1309 2520 ἱερῷ
1324 2482 1513 2519 προσεδρεύων
1529 2483 1544 2508 6
1565 2480 1681 2516 Ἰησοῦς,
1693 2480 1710 2515 ἠ
1727 2488 1799 2506 παν-

1010 2536 1088 2569 άγιος
1103 2534 1205 2569 Μήτηρ
1215 2530 1299 2558 αὑτοῦ
1314 2530 1362 2557 καὶ
1377 2531 1391 2556 6
1411 2528 1509 2563 Ἰωσὴφ
1529 2528 1599 2554 κατά
1613 2527 1662 2561 τὴν
1675 2526 1734 2553 ὁδὸν
1747 2526 1801 2560 οὐχ

1007 2580 1126 2616 δρῶντες
1143 2577 1258 2604 συνόντα
1278 2575 1370 2606 αὐτοῖς
1384 2574 1430 2600 τὸν
1453 2572 1548 2622 παῖδα,
1568 2573 1687 2622 σμινεϊναι
1707 2571 1736 2622 δέ
1755 2579 1802 2622 vo-

1009 2625 1133 2661 μίζοντές
1150 2632 1207 2650 τισι
1219 2622 1274 2649 τῶν
1290 2620 1440 2655 συγγενῶν,
1456 2618 1518 2646 ἐπεὶ
1530 2618 1684 2650 ἀνεδιδαξεν
1699 2616 1802 2648 αὐτοὺς

706 2733 824 2761 VARIIE
845 2733 1037 2763 LECTIONES
1056 2734 1100 2762 ET
1115 2735 1234 2763 NOTAE}.

205 2793 243 2833 (7_)
262 2792 362 2833 Εῖκενξ
381 2791 539 2833 begendum
560 2796 626 2833 put?
644 2789 733 2833 εἷλκεν
750 2801 782 2833 οξ
810 2792 891 2833 eum.
919 2791 956 2833 Ita

169 2827 250 2863 paulo
269 2828 361 2864 pos_t§
378 2828 421 2858 lb'.
439 2827 538 2864 Noster
552 2835 559 2853 :
579 2827 640 2859 Πῶς
659 2827 687 2854 δὲ
704 2827 752 2862 τὴν
770 2828 913 2855 ἐπίπνοιαν
924 2828 955 2854 ἐκ

169 2861 290 2900 πονηρᾶς
302 2861 392 2891 εἷλκον
408 2862 567 2898 ἐνεργείας;

1047 2793 1183 2833 (8)_El.ts.
1205 2794 1242 2833 ita
1258 2801 1314 2833 non
1326 2793 1421 2833 dubito
1432 2792 1577 2833 legendum
1589 2799 1651 2820 esse
1665 2798 1700 2819 ex
1713 2789 1804 2826 αἱρέω

1009 2837 1059 2864 pro
1074 2831 1128 2857 εἴτε
1146 2829 1220 2865 quod
1236 2829 1383 2865 scripserat
1395 2829 1531 2856 librarius.
