1941 3085
154 122 205 156 213

649 125 798 156 CONTRA
817 123 1048 155 MANICHJEOS
1066 110 1183 156 LIBER
1199 124 1250 156 IV.

1730 121 1784 155 214

155 181 169 214 ἡ
185 179 317 214 ζήτησις,
331 180 436 212 τούτοις
456 180 494 216 μὴ
510 180 639 216 παρεῖναι
649 200 657 212 ,
673 179 874 216 ἀναστρέφουσι
892 179 942 216 μὲν
955 206 958 211 ,

1008 180 1050 213 uio,
1072 180 1281 216 intelligentes,
1315 181 1490 207 revertuntur
1514 176 1625 213 quidem
1642 176 1733 205 statim
1755 179 1784 205 in

154 224 250 251 θᾶττον
264 224 336 251 κατὰ
352 224 402 260 τὴν
421 224 507 261 αὐτὴν
531 225 646 261 ζήτησιν
658 226 699 258 είς
720 225 751 252 τδ
765 226 847 261 ἱερὸν,
869 225 944 262 εὑρί-

155 277 251 297 σκουσι
266 269 295 296 δὲ
314 270 468 305 πράττοντα
479 291 486 303 ,
510 271 584 307 ἅπερ
604 279 634 298 τε
649 268 684 306 ἦν
705 271 836 307 πράττειν
855 271 943 304 εἰκὸς,

155 315 204 350 τὴν
229 315 368 351 σωτηρίαν
389 315 437 342 τοῦ
453 316 557 351 κόσμου
581 316 629 344 καὶ
648 316 729 349 δόξαν
750 315 798 343 τοῦ
822 316 945 352 Ἰσραὴλ,

156 361 203 388 καὶ
217 361 232 388 ὸ
245 361 325 396 λόγος
341 361 575 397 προαπηγγειλεν.
594 360 660 389 Εἶτα
674 362 749 397 λέγει
764 362 839 397 αὐτῷ
852 363 870 398 ἡ
885 363 947 396 Μή-

155 413 220 442 τηρο
240 406 364 439 Τέκνον,
380 408 410 434 τι
433 407 583 442 ἐποίησας
598 408 672 443 ἡμῖν
685 408 798 442 οὖτως;
813 409 830 435 ὸ
850 407 948 442 πατήρ

156 459 215 479 σου
225 452 311 487 κάγὼ
319 452 506 487 ὀδυνώμενοι
514 453 677 489 ἐζητοῦμέν
689 461 739 483 σε,
750 455 805 481 Καὶ
817 454 947 490 πρόσεχεο

159 497 261 533 μᾶλλον
279 497 308 525 δὲ
327 498 404 525 οὐδὲν
416 498 457 525 δεῖ
475 499 640 533 συναγαγεῖν
661 499 768 526 ἑαυτόν·
785 499 857 526 οὕτω
875 499 948 534 σαφῆ

158 544 248 572 πάντα
264 545 312 571 καὶ
330 545 442 573 ἐνώπια.
465 546 655 581 ’Δποκρίνεται
668 545 724 581 γὰρ
737 545 829 578 αὐτοῖς
843 545 860 580 ἡ
873 544 950 581 πηγὴ

157 591 209 625 τῆς
223 589 354 625 ἀληθείας
375 591 489 626 καὶτῆς
508 590 687 626 ἀγαθδτητος·
711 591 743 618 Τί
758 591 803 618 ὅτι
824 589 952 625 ἐζητεῖτέ

157 643 214 670 μσς
228 636 284 662 οὐκ
299 635 397 669 ᾔδειτε
425 635 471 663 ὅτι
491 635 527 663 έν
542 635 606 669 τοῖς
625 635 681 663 τοῦ
699 635 814 671 Πατρός
831 644 892 671 μου
906 635 955 662 δεῖ

158 678 238 708 εἶναι
248 688 302 715 14s;
316 679 349 707 Τί
368 680 462 708 τούτου
485 681 658 716 σαφέστερον
674 681 692 717 ἢ
705 681 761 708 τῶν
776 681 884 708 ἀσεϐῶν
900 681 952 716 ὲμ-

161 727 293 762 φράττειν
317 726 353 753 τὰ
381 727 504 762 στόματα
529 727 733 763 δυνατώτερον;
767 728 864 763 Πατὴρ
887 727 953 763 ὲμδς

160 772 279 807 ἀληθῶς,
290 768 368 808 ᾧπερ
383 772 532 808 ἀνιέρωται
543 773 574 800 τὺ
587 773 671 809 ίερόν.
688 773 731 800 Τὰ
742 772 771 800 δὲ
782 772 829 800 τοῦ
846 772 954 807 Πατρδς

162 818 250 845 πάντα
273 817 347 845 ἐστὶν
361 817 425 853 ὶμά.
447 817 553 845 Οὐκοῦν
573 818 624 845 οὐκ
641 817 695 845 ἔδει
711 818 804 853 ζητεῖν
821 817 952 853 ἀλλαχοῦ,

161 863 222 896 ἐξὸν
247 847 385 899 εὑρίσκειν
411 863 441 890 ιν
465 864 522 895 τοῖς
544 863 592 890 τοῦ
614 847 828 899 ΠατρόξίἈλΥ
853 864 870 900 ὴ
892 847 952 898 ’,μὲν
966 847 990 878 Β

168 908 296 944 Ἀλήθεια
308 908 339 935 τὸ
348 909 461 944 νομικὸν
474 909 545 945 ἱερὸν
555 909 603 936 καὶ
613 909 649 936 τὰ
658 908 705 936 τοῦ
718 909 801 944 νόμου
816 909 952 944 δόγματα,

161 950 200 981 ὧν
221 953 271 980 καὶ
285 954 303 989 η
318 953 479 981 διδασκαλία
503 954 550 981 καὶ
569 955 587 990 ἡ
602 954 720 987 διάλεξις
732 954 892 990 ἐπράττετο,
905 954 954 982 τοῦ

163 999 271 1034 Πατρός
284 999 368 1026 αὐτοῦ
382 998 452 1026 εἶναι
461 1020 469 1033 ,
483 999 599 1036 λαμπρᾷ
612 1001 645 1035 τῇ
667 1001 744 1036 φωνῇ
770 1000 956 1035 διαμαρτύρε-

161 1052 217 1072 ται·
234 1045 260 1072 οἰ
274 1044 304 1071 at
321 1044 369 1072 τοῦ
384 1044 500 1080 ψεύδους
512 1046 650 1081 ὑπηρέται
664 1045 816 1080 ἀντιλέγειν
828 1045 859 1072 οὐ
873 1044 954 1080 φρίτ-

162 1097 266 1122 τουσιν,
275 1089 333 1117 ἀλλ’
345 1090 404 1126 ἃμα
410 1090 457 1117 δύο
471 1090 558 1118 ταῦτα
568 1090 688 1126 τολμῶσι
698 1090 733 1118 τὰ
741 1091 853 1127 ἔσχατα,
867 1092 912 1119 τόν
922 1100 953 1120 τε

165 1135 276 1170 Πατέρα
285 1135 332 1162 τοῦ
344 1135 447 1171 Κυρίου
464 1136 544 1172 ἡμῶν
568 1136 657 1172 Ἰησοῦ
670 1137 790 1173 Χριστοῦ
803 1138 854 1174 τῆς
867 1138 957 1165 αὐτῶν

164 1181 354 1217 ἀνωθούμενοι
362 1181 524 1217 νομοθεσίας
532 1182 581 1209 καὶ
592 1182 764 1218 κυριότητος,
780 1184 827 1210 καὶ
839 1183 890 1219 τὴν
903 1183 955 1211 τοῦ

166 1225 233 1252 Υίοῦ
243 1226 406 1262 μαρτυρίαν,
414 1226 444 1253 δν
452 1227 476 1253 εί
487 1227 535 1254 καὶ
542 1227 659 1262 χείλεσιν
670 1227 764 1264 ἄκροις
774 1228 902 1264 ὂμωςκαὶ
911 1229 959 1256 αὖ·

166 1271 210 1298 τοὶ
218 1271 330 1307 σοκῆρα
343 1272 437 1300 καλεῖν
450 1273 498 1300 καὶ
509 1273 637 1308 ἀλήθειαν
643 1273 674 1300 οὒ
685 1274 892 1310 παραιτοῦνται,
906 1283 959 1302 πα-

169 1316 359 1352 ραγράφεσθαι
369 1317 470 1353 τόλμαν
480 1318 509 1344 οἱ
514 1318 715 1354 τρισαλιτήριοι
729 1319 957 1355 προσλαμὸάνου-

168 1369 221 1388 σιν.
233 1361 345 1394 Οὕτωςό
353 1362 425 1390 κατὰ
433 1362 481 1390 τοῦ
490 1363 574 1398 νόμου
587 1363 817 1400 προπηλακισμὺς
830 1373 862 1392 συ
866 1373 958 1401 μπρο-

168 1407 315 1443 πηλακίξει
328 1408 378 1443 μὲν
396 1407 444 1436 καὶ
456 1408 537 1435 αὑτὸν
551 1408 597 1436 τὸν
608 1409 760 1445 νομοθέτην
769 1410 818 1445 τῆς
831 1411 954 1446 χάριτος.

168 1453 276 1481 Μᾶλλον
294 1453 324 1480 δὲ
343 1454 402 1481 κατ’
421 1453 512 1481 αὐτῶν
536 1453 592 1481 τῶν
609 1454 745 1490 ἑκατέραν
762 1455 802 1490 (9)
826 1455 960 1491 διαθήκην

996 226 1139 262 templum,
1161 225 1359 260 inveniuntque
1391 228 1518 260 agentem
1551 230 1594 255 ea,
1614 230 1677 258 quae
1703 230 1785 258 agere

995 273 1110 302 decebat
1125 280 1199 305 eum,
1229 272 1277 307 qui
1303 276 1330 299 et
1346 270 1418 299 salus
1445 270 1540 298 mundi
1562 274 1623 297 erat
1644 274 1672 297 et
1699 270 1785 306 gloria

995 319 1113 351 lsraelis,
1131 326 1247 354 quaeque
1255 318 1369 346 verbum
1383 317 1431 345 Dei
1442 316 1687 352 przenuntiaverat.
1705 316 1786 343 Post—

996 373 1029 394 ea
1054 365 1122 393 dicit
1145 364 1170 392 ei
1193 363 1279 391 Mater
1301 363 1391 396 :Fili,
1421 362 1484 398 quid
1510 362 1594 398 fecisti
1625 361 1700 388 nobis
1729 361 1788 388 ita?

997 417 1055 437 ecce
1078 413 1155 444 pater
1174 413 1234 436 tuus
1250 412 1275 436 et
1292 415 1340 443 ego
1359 415 1419 434 cum
1435 406 1524 434 dolore
1539 406 1707 442 qumiuimus
1724 411 1747 432 te
1764 406 1786 432 ⁵.

998 453 1116 482 Attende
1134 461 1210 481 nunc
1226 462 1233 481 :
1250 453 1297 480 sed
1311 460 1365 481 non
1377 459 1446 488 opus
1463 456 1505 480 est
1518 457 1638 481 mentem
1647 451 1786 487 colligere,

999 499 1068 527 adeo
1080 499 1172 527 omnia
1180 499 1253 527 clara
1266 503 1331 527 sunt
1344 503 1373 526 et
1389 499 1424 526 ob
1434 498 1530 526 oculos
1544 497 1644 533 posita.
1665 497 1789 533 Respon-

1000 540 1128 572 detenim
1140 544 1194 572 illis
1205 544 1268 572 fons
1277 544 1402 572 veritatis
1418 548 1446 572 et
1455 544 1586 572 bonitatis
1606 552 1614 570 :
1628 543 1698 576 Quid
1715 552 1789 580 qua?-

1000 590 1099 618 rebatis
1118 591 1277 618 me?uomte
1301 591 1424 618 sciebam
1445 599 1486 617 me
1511 598 1567 618 esse
1592 590 1684 617 debere
1707 590 1735 617 in
1758 590 1790 617 iis

1001 644 1060 672 quo:
1073 636 1162 663 Patris
1180 636 1232 664 mei
1245 636 1340 663 sunt“?
1353 635 1424 669 Quid
1439 636 1491 663 hoc
1505 635 1607 664 clarius
1625 640 1679 669 est,
1698 640 1747 663 aut
1756 636 1790 663 ad

1002 687 1049 707 ora
1067 680 1212 715 impiorum
1225 680 1424 716 compescenda
1435 680 1594 708 efficacius?
1611 680 1692 708 Pater
1713 687 1792 708 meus

1005 732 1086 752 verus
1100 725 1123 752 is
1136 729 1188 756 est,
1214 725 1259 753 cui
1275 725 1408 760 templum
1436 725 1488 753 hoc
1511 732 1620 752 sacrum
1647 729 1711 752 est:
1732 732 1794 760 qua:

1004 777 1070 798 vero
1090 769 1179 798 Patris
1200 775 1275 804 sunt,
1297 775 1326 798 et
1340 778 1401 798 mea
1417 775 1482 798 sunt
1502 771 1604 798 omnia.
1621 770 1717 805 Itaque
1737 778 1793 798 non

1005 815 1069 843 alibi
1079 815 1193 844 decebat
1205 824 1250 844 me
1262 824 1396 852 quaerere.
1407 824 1489 852 quem
1498 816 1563 844 licet
1573 816 1600 843 in
1613 816 1646 844 iis
1657 816 1792 849 invenire,

1003 870 1064 897 quae
1077 861 1167 890 Patris
1185 867 1258 890 sunt.
1278 862 1317 890 Ita
1330 862 1443 897 quidem
1463 862 1566 890 veritas
1581 862 1641 897 ipsa
1657 862 1792 898 templum

1003 908 1090 943 legale
1107 912 1136 936 et
1162 908 1229 943 legis
1250 912 1397 943 praecepta,
1427 915 1488 943 quae
1511 912 1546 936 et‘
1567 907 1748 941 docebantur,
1767 913 1796 935 et

1004 954 1226 990 disputabantur,
1242 954 1332 982 Patris
1341 954 1384 982 sui
1400 962 1461 983 esse
1477 955 1550 982 clara
1577 962 1645 982 voce
1668 958 1795 986 testatur,

1004 1001 1076 1029 servi
1093 1005 1184 1029 autem
1209 1000 1346 1028 mendacii
1369 1001 1558 1029 contradicere
1577 1008 1633 1028 non
1653 1004 1795 1033 verentur,

1006 1050 1054 1077 sed
1073 1049 1170 1077 eadem
1193 1057 1276 1085 opera
1295 1049 1351 1077 duo
1374 1049 1513 1077 contraria
1545 1049 1660 1081 audent,
1688 1049 1796 1076 Patrem

1006 1094 1117 1130 quidem
1131 1093 1239 1122 Domini
1249 1094 1415 1122 nostriJesu
1431 1095 1533 1122 Christi
1546 1102 1561 1121 a
1589 1094 1697 1130 legibus
1708 1094 1750 1122 his
1769 1098 1798 1122 et

1007 1139 1129 1167 dominio
1141 1140 1170 1167 in
1196 1147 1226 1168 se
1253 1140 1428 1175 repellentes,
1451 1145 1478 1167 et
1503 1139 1564 1167 Filii
1597 1140 1796 1173 testimonium,

1007 1192 1088 1220 quem
1095 1185 1223 1213 extremis
1234 1185 1313 1212 labiis
1324 1184 1498 1212 Servatorem
1509 1189 1537 1212 et
1547 1185 1690 1212 veritatem
1699 1192 1798 1212 vocare

1008 1234 1063 1259 nOn
1080 1230 1235 1267 defugiunt,
1249 1230 1425 1266 perditissimi
1438 1230 1562 1258 homines
1578 1230 1713 1258 mendacii
1725 1230 1795 1258 insi-

1009 1276 1114 1305 mulare
1129 1276 1243 1304 audent.
1260 1275 1337 1303 Adeo
1349 1275 1486 1303 aversatio
1500 1275 1568 1311 legis
1582 1276 1672 1310 ipsum
1688 1283 1799 1310 quoque

1009 1322 1194 1359 legislatorem
1210 1329 1225 1349 a
1241 1322 1326 1358 gratia
1349 1321 1466 1357 repellit.
1483 1321 1532 1349 νει
1546 1321 1639 1356 potius
1668 1325 1800 1356 apostatte

1009 1367 1038 1397 hi
1054 1360 1219 1404 jampridem
1234 1367 1268 1395 ab
1284 1367 1362 1395 initio
1371 1366 1570 1402 blasphemiam
1580 1371 1676 1394 contra
1697 1366 1799 1394 utrius-

1009 1423 1063 1451 que
1091 1415 1246 1443 testamenti
1287 1419 1414 1442 auctores
1462 1413 1667 1449 parturientes,
1700 1413 1801 1441 deinde

1010 1468 1088 1494 vero,
1108 1461 1234 1496 quamvis
1252 1460 1285 1488 ad
1310 1459 1402 1488 omnia
1417 1460 1546 1491 audaces,
1563 1466 1579 1486 a
1597 1463 1677 1494 partu
1705 1459 1801 1494 perni-

167 1499 336 1535 διαθεμένων
353 1500 384 1527 τὸ
407 1498 569 1535 βλάσφημον
590 1500 639 1527 ἀπ’
655 1501 744 1536 ἀρχῆς
768 1501 793 1528 οί
807 1501 958 1528 ἀποστάται

1010 1507 1167 1536 ciosissimo
1183 1512 1260 1535 metu
1273 1507 1429 1535 auditorum
1440 1505 1582 1542 prohibiti,
1598 1513 1648 1541 pro
1671 1513 1714 1538 eo,
1728 1505 1802 1540 quod

169 1544 352 1579 ὼδινήσαντες
365 1565 373 1578 ,
386 1543 446 1572 εἶτα
459 1546 528 1581 πρὸς
540 1545 587 1572 τὸν
601 1545 724 1581 ὀλέθριον
740 1546 820 1574 τόκον
834 1547 859 1574 οι
871 1547 960 1575 πάντα

170 1590 281 1625 θρασεῖς
303 1591 402 1627 ἁθρόον
417 1591 504 1618 ελθετν
523 1591 562 1627 τῷ
584 1591 639 1618 δέει
655 1592 712 1618 τῶν
732 1592 877 1628 ἀκροατῶν
893 1593 962 1620 ἀπο-

169 1635 363 1668 δειλιάσαντες,
379 1636 440 1663 ἀντὶ
456 1635 504 1663 τοῦ
527 1635 620 1664 δοῦναι
635 1637 725 1673 φθορᾷ
737 1656 746 1670 ,
774 1637 808 1672 ῆν
831 1637 963 1673 ὲνεκυμό-

170 1690 268 1718 νησαν,
290 1682 337 1709 τοῦ
363 1682 512 1718 δράκοντος
537 1682 652 1718 σποράν·
668 1683 694 1709 οἱ
711 1682 740 1710 δὲ
766 1683 864 1719 βραχεῖ
889 1683 963 1720 μόνῳ

172 1727 261 1762 χρόνῳ
276 1728 322 1754 τὸν
335 1727 416 1754 τόκον
430 1727 606 1754 συστέλλουσι
616 1748 626 1762 ,
639 1727 733 1763 κύκλῳ
747 1727 777 1754 δὲ
790 1729 838 1755 καὶ
851 1727 896 1755 διὰ
910 1737 963 1764 μη-

171 1773 256 1809 χανῆς
268 1773 315 1800 τὸν
329 1773 516 1809 συλληφθέντα
541 1774 580 1800 ίδν
595 1773 641 1801 διὰ
655 1773 706 1809 τῆς
724 1773 848 1809 γλώττης
861 1774 964 1809 ὁμοίως

173 1819 364 1846 ἀποτίκτουσι.
395 1818 452 1845 Καὶ
470 1818 525 1854 γὰρ
549 1818 676 1853 ἐκχέουσι
692 1818 742 1853 μὲν
764 1818 810 1845 τὸν
837 1818 877 1845 ίδν
893 1818 965 1846 κατὰ

171 1864 224 1899 τῆς
244 1864 422 1899 νομοθεσίας,
444 1863 499 1890 ἀπὸ
516 1863 546 1890 δὲ
561 1863 612 1898 τῆς
627 1863 698 1890 κατὰ
719 1863 775 1890 τῶν
798 1863 965 1898 νομοθεσιῶν

173 1909 319 1944 παροινίας
334 1909 394 1936 κατ’
411 1908 501 1936 αὐτῶν
513 1908 595 1935 πάλιν
618 1908 673 1935 τῶν
689 1908 812 1943 θεμένων
834 1908 898 1940 τοὺς
920 1909 966 1935 νό-

175 1963 243 1991 μους
256 1954 332 1981 οὺδὲν
345 1954 467 1986 ἔλαττον,
480 1954 504 1980 εί
519 1954 557 1989 μὴ
570 1953 618 1980 καὶ
630 1953 741 1988 μᾶλλον,
757 1953 966 1989 ὲπαναδραμόν-

173 2009 220 2034 τες
236 2000 474 2035 ἑνασελγαίνουσι,
492 1999 540 2026 καὶ
563 1999 596 2026 δι’
622 1995 660 2026 ὧν
678 1999 727 2034 μὲν
750 1999 901 2032 δεδοικότες
915 1999 966 2036 τὴν

174 2048 276 2083 ἀθρόαν
290 2046 444 2083 προσϐολὴν
458 2045 613 2081 ἐπέχουσιν,
625 2045 675 2072 οὐκ
688 2045 795 2079 ἀγνοεῖν
809 2045 840 2072 τὸ
851 2045 966 2080 μέγεθος

175 2093 223 2121 τοῦ
237 2093 411 2129 τολμήματος
426 2092 626 2127 ἐξελέγχονταια
643 2091 677 2118 δι’
701 2087 740 2118 ὧν
755 2090 785 2117 δὲ
808 2091 966 2125 ἐπιγνόντες

1012 1562 1108 1583 semen
1134 1553 1278 1587 draconis,
1304 1553 1377 1589 quod
1400 1557 1596 1588 conceperant,
1626 1552 1719 1587 perire
1743 1552 1802 1587 pati

1012 1601 1159 1634 debebant,
1178 1600 1256 1629 brevi
1270 1601 1388 1636 quidem;
1398 1604 1521 1635 tempore
1534 1603 1644 1634 partum
1658 1598 1802 1630 cohibent,

1013 1648 1112 1676 deinde
1130 1655 1197 1675 vero
1218 1655 1268 1683 per
1291 1648 1420 1682 ambages
1449 1645 1528 1681 quasi
1558 1649 1586 1673 et
1609 1649 1668 1673 arte
1687 1645 1803 1680 quaasita

1013 1698 1178 1728 conceptum
1191 1700 1328 1720 venenum
1352 1692 1444 1728 lingua
1463 1692 1582 1726 pariunt.
1606 1691 1640 1719 Et
1659 1691 1805 1719 effundunt

1014 1737 1054 1764 illi
1069 1737 1180 1772 quidem
1191 1744 1329 1765 venenum
1348 1741 1443 1764 contra
1468 1736 1573 1772 legem,
1597 1736 1632 1763 ab
1658 1735 1804 1763 insolentia

1013 1790 1079 1810 vero
1092 1782 1119 1810 in
1149 1783 1238 1817 legem
1261 1789 1315 1809 non
1341 1782 1432 1810 minus
1444 1801 1457 1814 ,_
1484 1781 1539 1809 nisi
1566 1781 1646 1817 longe
1665 1780 1750 1815 magis
1776 1779 1804 1807 in

1015 1828 1089 1863 ipsos
1115 1828 1205 1863 legum
1234 1831 1341 1855 actores
1359 1826 1465 1862 abrepti
1485 1826 1642 1862 petulanter
1664 1828 1757 1861 agunt.
1772 1824 1807 1851 Et

1015 1873 1056 1901 sic
1072 1873 1100 1901 in
1114 1877 1246 1908 quantum
1257 1872 1395 1901 crassiore
1406 1871 1509 1900 insultu
1533 1871 1572 1898 uti
1585 1874 1725 1902 verentur,
1738 1877 1806 1897 con-

1017 1920 1104 1947 victos
1125 1919 1237 1948 omnino
1266 1926 1296 1946 se
1320 1922 1461 1954 prazstant,
1487 1917 1560 1953 quod
1590 1915 1805 1952 magnitudinem

1015 1964 1146 1992 facinoris
1173 1964 1216 1993 sui
1235 1972 1291 1993 non
1314 1963 1451 1996 nesciant,
1480 1962 1508 1990 in
1535 1966 1669 1998 quantum
1693 1969 1757 1989 vero
1778 1961 1806 1988 id

1016 2020 1072 2041 non
1082 2013 1238 2048 ignorantes
1248 2019 1304 2039 non
1318 2010 1460 2044 recedunt,
1472 2009 1607 2042 efﬁciunt,
1621 2012 1651 2036 ut
1662 2012 1806 2044 peccatum

1016 2058 1070 2086 hoc
1085 2058 1154 2093 ipsis
1167 2065 1224 2086 non
1241 2057 1411 2084 remittatur.

174 2140 226 2166 οὐκ
239 2139 402 2174 ἀφίστανται
415 2158 423 2170 ,
439 2137 632 2173 ἁσύγγνωστον
646 2137 740 2169 αὐτοῖς
756 2137 897 2169 παντελῶς
913 2145 966 2165 κα-
1020 2143 1033 2155 ‘

176 2185 377 2218 τασκευάζουσι
391 2184 422 2211 τὸ
433 2183 633 2220 πλημμέλημα.

212 2232 262 2259 IZ'.
290 2231 370 2258 Ἔστι
389 2230 419 2257 δὲ
439 2230 501 2261 τοὺς
520 2229 571 2264 τῆς
590 2228 718 2265 ἀληθείας
741 2227 865 2264 μαθητὰς
890 2227 964 2260 ἰδεῖν,

176 2277 224 2304 καὶ
235 2276 316 2303 αὑτὸν
328 2276 357 2303 δὲ
373 2276 419 2302 τὸν
433 2274 535 2311 Κύριον
555 2274 634 2310 ἡμῶν
657 2273 762 2309 Ἰησοῦν
774 2273 903 2309 Χριστὸν,
916 2274 966 2309 οὐχ

175 2322 214 2355 ὡς
227 2322 332 2357 ἔτυχεν,
345 2321 402 2349 οὐδ’
427 2319 518 2353 ἅπαξ,
533 2320 591 2347 ἀλλ’
607 2320 663 2347 ἄνω
685 2319 734 2346 καὶ
753 2319 830 2346 κάτω
849 2321 965 2355 περιφέ-

179 2359 276 2403 ροντας
285 2385 295 2398 ,
309 2365 358 2402 τὴν
373 2364 501 2401 Ναζαρὲτ
512 2365 560 2391 καὶ
569 2363 688 2399 πατρίδα
703 2363 854 2395 καλοῦντας
870 2363 964 2398 αὑτοῦ,

178 2411 227 2438 καὶ
239 2410 295 2438 οὔτ’
317 2410 439 2442 ἐκείνους
461 2409 537 2437 οὐδὲν
551 2408 783 2444 εὐλαϐουμένους,
797 2407 861 2435 οὔτε
880 2409 967 2445 αὐτὴν

176 2457 228 2493 τὴν
247 2456 367 2490 ἐπίγειον
402 2455 501 2482 κτίσιν.
523 2453 622 2482 Καίτοι
647 2453 731 2480 πόσον
750 2453 846 2489 ὲπῄτει
878 2454 967 2489 ἀρχὴν

177 2502 262 2530 αὑτοῦ
277 2502 328 2538 τῆς
342 2501 495 2537 γεννήσεως
515 2499 710 2536 ἁνομολογεῖν;
728 2500 760 2527 Εἰ
787 2499 817 2527 δὲ
837 2501 887 2536 τῆς
899 2501 967 2537 ,ὀλες

178 2547 256 2582 Opta;
268 2544 303 2582 ἦν
319 2546 399 2582 ἔργον
414 2545 484 2580 αὓτη
495 2545 604 2581 χειρὸς,
618 2541 674 2580 ἆρα
687 2544 720 2572 ἂν
735 2544 879 2580 ἠνέσχετο,
897 2546 967 2580 ἁγα-

178 2592 225 2625 θὺς
240 2592 278 2619 ὢν
294 2591 397 2626 ἁγαθοῦ
422 2590 530 2626 Πατρδς
545 2591 630 2624 Παῖς,
648 2590 767 2626 πατρίδα
786 2591 890 2626 ταύτην
907 2592 968 2618 ἐπι-

213 2650 226 2667 ⁸
239 2648 306 2677 Luc.
318 2655 349 2682 lt,
361 2647 407 2675 48.
444 2646 456 2662 ⁶
474 2645 541 2674 ibid.
555 2646 600 2674 49.

1049 2222 1132 2251 XVII.
1151 2221 1249 2250 Videas
1259 2228 1325 2249 vero
1340 2219 1463 2248 veritatis
1474 2217 1636 2253 discipulos,
1648 2215 1738 2250 ipsum
1752 2213 1807 2241 Do-

1013 2270 1120 2298 minum
1135 2272 1258 2296 nostrum
1274 2265 1369 2294 Jesum
1389 2265 1530 2294 Christum
1541 2282 1549 2294 .
1570 2269 1627 2289 non
1648 2262 1710 2288 data
1725 2266 1807 2287 occa-

1014 2315 1102 2347 sione,
1117 2318 1165 2342 aut
1179 2313 1278 2346 semel,
1295 2312 1344 2341 sed
1359 2311 1535 2346 undiquaque
1558 2305 1785 2336 circumferentes
1797 2323 1806 2336 ,

1014 2366 1043 2389 et
1066 2359 1183 2388 Nazaret
1203 2360 1320 2396 patriam
1346 2358 1406 2394 ejus
1425 2355 1595 2392 appellantes
1607 2373 1615 2386 ,
1641 2351 1808 2385 eosdemque

1014 2406 1082 2433 nihil
1097 2411 1127 2433 et
1142 2413 1178 2433 ne
1191 2405 1278 2440 ipsam
1297 2403 1413 2440 quidem
1423 2406 1560 2429 terrenam
1574 2398 1746 2426 nativitatem
1764 2404 1808 2424 re-

1015 2458 1128 2479 censere
1139 2449 1319 2486 refugientes.
1339 2448 1477 2481 Quantum
1491 2452 1558 2473 vero
1568 2442 1762 2478 requirebatur
1774 2441 1809 2469 ad

1014 2500 1148 2536 originem
1163 2499 1314 2527 nativitatis
1330 2498 1392 2533 ejus
1408 2493 1633 2523 edisserendaml
1649 2491 1709 2519 .l‘am
1729 2491 1751 2518 si
1761 2490 1809 2536 illa

1016 2535 1177 2581 perniciosa:
1192 2551 1291 2573 manus
1307 2549 1376 2578 opus
1388 2540 1503 2573 fuisset,
1516 2537 1642 2574 nunquid
1665 2541 1747 2572 putas
1760 2535 1810 2562 bo-

1014 2580 1081 2620 num
1095 2591 1157 2620 boni
1172 2590 1262 2618 Patris
1277 2588 1376 2617 Filium
1388 2592 1550 2623 passurum,
1566 2588 1597 2612 ut
1611 2583 1670 2611 haec
1689 2580 1741 2617 ipsi
1759 2587 1810 2615 ρο-

718 2715 834 2743 νΑΒΙΑἳ
854 2714 1048 2744 LECTIONES
1067 2715 1111 2743 ET
1127 2714 1243 2744 NOTAE.

217 2785 255 2821 (9)
269 2784 510 2821 Janus-spatia
534 2783 632 2819 scripsi
649 2792 698 2819 pro
721 2784 873 2820 tua-rapum,
897 2783 970 2819 quod
989 2783 1137 2813 exhibebat
1150 2783 1248 2812 codex.
1260 2783 1357 2811 Sermo
1367 2782 1412 2810 hic
1423 2785 1467 2809 est
1478 2780 1512 2809 de
1533 2779 1708 2806 Testamento
1739 2780 1814 2801 utro-

182 2828 244 2856 que,
260 2825 288 2849 et
303 2821 398 2850 eodem
413 2820 554 2855 utriusque
568 2824 688 2848 auctore.
