1940 3081
145 117 199 150 215

717 115 850 147 ΡΙΙΟΤῙῙ
868 114 1122 147 ΡΑἸἮΙΑΒΟΗΑΞ
1137 115 1193 146 CP.

1720 114 1774 147 216

146 173 197 200 tria
212 171 410 202 vindicaretur,
425 174 472 198 aut
487 169 699 205 permissurum,
720 175 750 198 ut
765 170 894 206 discipuli
907 170 934 198 id

997 170 1111 204 ’ρὰφειν,
1125 170 1142 205 ἢ
1156 170 1205 197 καὶ
1226 170 1291 201 τοὺς
1315 168 1440 205 μαθητὰς
1454 169 1497 196 εία
1508 168 1622 205 τολμᾷν,
1636 168 1651 195 ὃ
1669 169 1720 196 κᾶν
1731 177 1774 201 τις

146 219 290 250 auderent,
309 217 384 252 quod
398 211 421 244 si
440 216 502 251 quis
522 216 592 243 alius
614 216 705 244 dicere
723 216 820 244 fuisset
832 224 935 249 ausus.

145 263 250 298 justum
265 262 317 297 ipsi
330 261 464 297 judicium
482 261 656 288 immissurus
676 265 704 288 et
722 261 757 288 ab
779 261 831 289 hac
849 265 937 289 teme-

148 307 230 334 ritate
249 313 344 334 severe
357 310 520 333 avocaturus
536 305 652 333 fuisset?
665 305 755 340 Atque
774 305 810 332 ita
826 305 938 340 quidem

147 359 198 387 per
210 351 324 387 patriam
340 350 449 378 Domini
463 358 559 378 eorum
580 350 608 378 in
621 358 794 377 communem
809 349 937 384 patriam.

149 398 193 425 vel
216 396 308 432 potius
323 400 407 424 totam
429 397 598 424 creationem
618 396 736 424 insultus
760 395 894 423 evertitur
911 399 939 422 et

149 443 342 479 prosternitur.
366 442 394 470 Si
417 450 482 470 vero
503 443 574 470 alius
589 443 671 470 homo
684 442 773 470 bonus
791 446 853 474 est,
870 441 940 469 alius

149 488 268 516 vicissim
283 489 390 522 malus,
410 496 526 523 quorum
538 489 583 516 ille
598 496 633 515 ex
647 488 720 515 bono
740 487 868 515 thesauro
879 494 940 514 cor-

151 533 193 561 dis
205 534 248 561 sui
269 534 372 561 bonum
395 534 516 569 profert,
533 534 578 561 hic
591 541 658 561 vero
681 533 783 560 malum
799 540 834 560 ex
851 533 939 565 malo,

151 578 213 613 quis
233 586 290 606 non
317 579 490 615 proﬁteatur,
514 579 587 614 quod
613 587 669 606 non
687 579 792 606 creatio
817 578 942 613 corporis

150 625 292 660 primmva,
307 633 358 653 nec
373 626 463 653 anima
474 647 481 658 ,
499 626 527 653 in
549 625 774 660 conjunctionem
796 630 824 652 et
839 625 940 660 guber-

151 670 292 697 nationem
306 670 365 705 ejus
381 670 453 702 data,
467 670 495 697 in
509 670 607 697 hostile
620 670 784 705 principium
800 670 941 697 referenda

152 715 199 748 sit,
215 715 262 742 sed
278 715 350 750 quod
370 715 486 742 liberum
501 715 644 742 arbitrium
655 734 663 746 ,
687 715 716 742 in
730 722 763 741 ea
777 714 898 746 scilicet,
914 714 942 740 in

152 766 213 795 quae
232 767 287 787 non
304 761 437 794 decebat,
455 760 606 792 declinans.
624 760 676 787 hac
694 759 877 787 declinatione
893 767 942 786 sua

153 806 255 834 bonum
281 807 311 834 in
335 806 436 834 malum
459 806 638 834 converterit.
653 806 741 839 Quam
765 806 839 834 enim
860 805 942 833 aliam

153 851 262 879 dederis
275 859 385 878 causam
395 873 403 885 ,
418 852 491 887 quod
507 851 553 879 alii
569 852 694 879 homines
710 851 765 879 sint
779 851 859 884 boni,
874 850 942 878 alios
957 840 980 870 Β

153 904 221 925 vero
236 898 264 924 in
283 898 385 925 malum
408 898 608 933 prospicientes
628 898 737 931 videas,
753 905 808 925 non
828 896 920 924 minus
932 916 941 929 ,

152 943 226 978 quod
238 943 348 978 quidem
363 944 458 976 nolim,
476 951 558 979 quam
571 944 638 971 vos?
649 943 715 976 Quae
729 943 802 971 enim
814 942 843 969 in
855 942 942 969 actio-

153 989 236 1016 nibus
255 993 284 1016 et
305 990 450 1017 sententiis
464 989 563 1017 vestris
580 994 731 1024 spontanea
756 993 799 1016 est
821 988 942 1019 malitia,

152 1035 248 1061 eadem
262 1034 401 1069 separavit
415 1042 464 1061 vos
477 1042 493 1061 a
508 1042 589 1070 grege
603 1034 750 1067 bonorum,
764 1034 836 1061 sicut
847 1037 875 1060 et
886 1033 942 1067 jam

153 1084 217 1107 ante
231 1088 281 1107 vos
298 1088 315 1107 a
337 1079 410 1108 bona
426 1084 583 1108 secreverat
600 1080 753 1108 intentione
768 1084 797 1107 et
816 1078 942 1106 consilio.

153 1124 302 1161 Propterea
330 1126 376 1153 alii
409 1126 519 1161 quidem
550 1131 617 1153 sunt
643 1133 790 1162 prazcones
814 1124 944 1152 bonitatis

153 1170 302 1204 Creatoris,
316 1179 452 1206 suumque
465 1176 493 1199 et
508 1176 612 1199 norunt
622 1172 798 1199 etcelebrant
811 1170 945 1198 Condito-

153 1223 232 1249 rem;
247 1216 293 1244 alii
321 1224 386 1245 vero
402 1216 436 1244 ad
457 1224 520 1244 eum
537 1217 760 1245 calumniandum
781 1221 809 1245 et
824 1216 904 1244 factis
917 1220 945 1243 et

152 1262 245 1298 lingua
269 1262 413 1295 conversi,
427 1269 457 1290 se
474 1262 550 1297 ipsos
572 1262 681 1297 quidem
700 1262 815 1289 bonitati
839 1262 899 1297 ejus
918 1266 946 1289 et

153 1308 288 1337 creationi
301 1313 329 1336 et
338 1308 460 1336 dominio
474 1308 649 1338 subtrahunt.
661 1308 793 1335 obnoxios
807 1314 880 1339 vero,
890 1306 925 1333 oh
937 1307 944 1333 l

154 1354 336 1382 stultitiamne
355 1353 461 1387 dicam,
479 1361 514 1380 an
535 1353 702 1381 dementiam
717 1353 729 1378 ?
746 1352 838 1379 manui
853 1351 947 1379 hostili

154 1404 182 1428 et
195 1400 290 1427 rebelli
307 1399 424 1427 faciunt.
438 1399 467 1427 Si
482 1399 544 1434 quis
559 1398 633 1426 enim
647 1405 704 1425 rem
724 1401 798 1425 recte
812 1397 947 1424 :estimare

154 1445 285 1477 voluerit,
294 1445 327 1478 is,
341 1444 387 1480 qui
401 1452 434 1472 ex
452 1444 542 1471 anima
558 1443 630 1478 (eam
648 1443 721 1471 enim
738 1451 785 1470 cor
803 1442 849 1470 hic
861 1442 948 1478 signi-

156 1490 230 1524 ﬁcat)
243 1490 315 1518 bona
334 1489 440 1525 profert
449 1489 471 1522 ',
489 1490 627 1525 quomodo
651 1489 741 1516 bonus
758 1496 818 1516 esse
838 1492 946 1523 potest,

155 1535 207 1563 nisi
221 1539 277 1563 tota
287 1535 441 1564 substantia
454 1535 526 1563 bona
535 1534 663 1563 dicatur?
674 1535 744 1562 sicut
758 1533 878 1561 vicissim
891 1537 948 1560 tota

157 1580 311 1610 substantia
329 1581 401 1608 mala
421 1585 481 1614 est,
499 1588 561 1616 quae
579 1588 614 1607 ex
628 1580 719 1607 anima
739 1587 787 1606 sua
810 1579 855 1610 id,
876 1577 949 1613 quod

157 1627 330 1655 reconditum
343 1631 404 1660 est,
416 1626 521 1654 malum
540 1626 677 1662 producit.
701 1624 774 1652 Sane
795 1632 851 1652 non
869 1624 950 1651 video

157 1680 240 1708 quam
255 1673 308 1701 sibi
323 1673 430 1701 veniam
449 1672 554 1708 reliqua
572 1672 692 1705 faciant,
713 1671 743 1699 hi
757 1671 885 1699 homines
904 1671 950 1706 qui

158 1718 227 1746 mihi
243 1718 352 1754 potius,
369 1718 434 1746 dum
452 1718 601 1754 prophetas
623 1722 651 1745 et
670 1717 759 1752 legem
779 1716 880 1752 injuria
893 1716 952 1744 alli-

158 1762 246 1797 ciunt,
265 1763 400 1799 ejusmodi
422 1763 531 1799 culpam
552 1762 716 1791 contrahere
732 1762 870 1796 videntur,
891 1769 952 1797 quas

160 1817 175 1836 a
204 1816 286 1844 pmna
319 1808 450 1836 immunis
476 1816 538 1836 esse
568 1815 624 1835 non
654 1807 752 1843 possit.
787 1807 848 1842 Ipse
878 1807 951 1835 enim

160 1855 290 1884 Servator
313 1855 459 1885 clamavit:
476 1855 554 1882 Multi
584 1854 719 1890 propheta:
737 1858 762 1881 et
788 1854 875 1888 justi;
905 1854 952 1881 ubi

159 1901 264 1929 clarum
285 1906 346 1933 est,
371 1901 422 1928 hos
444 1908 505 1928 esse
531 1907 594 1933 eos,
622 1899 670 1935 qui
691 1899 743 1926 sub
764 1898 824 1934 lege
853 1903 952 1931 erant,

160 1947 345 1974 desiderarunt
368 1947 457 1973 videre
477 1950 503 1973 et
524 1945 713 1980 audireyquaz
742 1944 835 1972 videtis
857 1949 881 1971 et
903 1952 953 1972 au—

159 1992 222 2019 ditis
230 1991 251 2018 ⁸.
259 1991 359 2019 Eadem
370 1999 452 2026 opera
460 1990 601 2026 discipulis
612 1991 722 2026 quidem
735 1991 857 2018 ostendit
869 1990 954 2017 ratio-

160 2045 224 2065 nem
245 2037 384 2073 dignitatis
395 2041 423 2064 et
438 2036 541 2072 gloriae,
556 2036 590 2064 ad
600 2044 682 2072 quam
698 2035 886 2071 pervenerint,
904 2035 953 2062 de-

161 2083 306 2111 fectionem
316 2090 381 2110 vero
394 2082 529 2110 subvertit
540 2082 567 2109 in
576 2090 619 2116 eo,
632 2081 705 2117 quod
715 2082 830 2118 gratiam
842 2081 954 2116 quidem

159 2129 273 2164 ejusque
293 2135 436 2164 praecones
462 2127 585 2163 potiores
607 2131 708 2163 partes,
741 2126 877 2155 secundas
889 2134 954 2154 vero

987 216 1065 247 ἄλλος
1078 215 1168 250 λέγειν
1181 215 1396 251 ἁπεϐρασύνετο,
1409 215 1513 242 δίκαιόν
1524 224 1554 242 τε
1568 215 1648 250 δίκην
1662 215 1775 242 ἑπιϐάλ-

987 262 1043 289 λειν
1060 261 1135 297 αὑτῷ
1145 261 1252 288 καὶτοῦ
1264 261 1438 297 τολμήματος
1453 260 1524 288 κατὰ
1540 260 1642 295 πολλῆς
1657 260 1778 294 ἁπάγειν

988 309 1038 344 τῆς
1059 308 1295 343 ἁγανακτήσεωςς
1326 306 1397 334 ’Δλλ’
1422 306 1494 334 οὕτω
1517 307 1567 342 μὲν
1593 306 1638 333 διὰ
1657 306 1708 341 τῆς
1728 305 1776 333 τοῦ

988 355 1091 390 κυρίου
1107 354 1236 390 πατρίδος
1247 354 1264 389 ἡ
1275 354 1347 381 κατὰ
1358 353 1408 388 τῆς
1417 353 1509 388 κοινῆς
1522 353 1661 388 πατρίδος,
1675 352 1779 388 μᾶλλον

988 401 1016 427 δὲ
1031 401 1049 436 ἠ
1071 400 1143 427 κατὰ
1158 399 1214 435 (10)
1227 399 1277 434 τῆς
1301 398 1416 430 κτίσεως
1428 399 1492 433 ὅλης
1506 399 1689 430 ἐπανάστασις
1707 398 1777 425 καθ-

989 447 1106 482 σιρεϊται
1122 445 1169 472 καὶ
1190 446 1421 480 καταστρέφεται.
1439 445 1470 471 Εἰ
1483 444 1513 471 δέ
1533 444 1592 471 ἐστι
1608 444 1657 478 μὲν
1673 444 1779 480 ᾶνρρυ-

991 500 1042 523 suo;
1054 491 1156 525 ἀγαθὸς
1168 511 1176 524 ,
1188 490 1248 518 ἐστι
1267 490 1295 518 δέ
1309 499 1351 523 τις
1377 490 1425 517 καὶ
1442 490 1573 526 πονηρὸς⁶
1596 486 1634 518 ὧν
1648 491 1663 517 ὀ
1680 490 1730 525 μὲν
1746 490 1779 517 ὲκ

990 536 1038 563 τοῦ
1050 535 1154 570 ἀγαθοῦ
1169 534 1307 570 Θησαυροῧ
1326 535 1376 570 τῆς
1399 535 1512 570 καρδίας
1533 534 1616 561 αὑτοῦ
1643 534 1779 570 προφέρει

991 581 1021 608 τὸ
1036 581 1149 615 ἀγαθὸν,
1162 581 1176 606 ὀ
1185 580 1215 607 δὲ
1228 580 1260 607 τὸ
1275 580 1393 616 πονηρὸν
1406 580 1440 607 ἐκ
1457 579 1506 606 τοῦ
1520 578 1650 614 πονηροῦ,
1672 579 1715 611 τίς
1729 580 1780 610 οὐκ

990 626 1024 653 ἂν
1037 626 1289 662 συνομολογήσειεν,
1309 625 1346 657 ὡς
1359 625 1408 660 οὐχ
1421 626 1439 661 ἡ
1457 625 1505 651 ἀπ’
1520 625 1608 660 ἀρχῆς
1622 624 1719 655 πλάσις
1732 623 1780 657 τοῦ

992 671 1128 707 σώματος,
1152 671 1246 706 ὥσπερ
1270 671 1323 697 οὐδ’
1350 670 1487 706 ήδοθεᾶια
1506 669 1691 697 συνάπτεσθαι
1706 668 1781 704 ψυχὴ

991 718 1038 745 καὶ
1050 717 1230 753 διακυϐερνᾷν
1239 717 1317 750 αὐτὸ,
1328 717 1379 744 οὐκ
1389 717 1429 748 είς
1439 716 1586 744 ἀντίπαλον
1592 715 1722 749 ἀνάγεται
1732 715 1781 749 ἀρ-

992 763 1055 798 χὴν,
1068 762 1137 789 ἀλλά
1153 770 1186 796 γε
1200 762 1232 788 τὸ
1254 761 1440 794 αὐτεξούσιον,
1457 761 1526 795 πρὸς
1537 760 1556 787 ἃ.
1569 759 1598 786 δὲ
1612 760 1650 794 μὴ
1669 759 1724 785 ἔδει
1735 759 1781 791 ῥο-

994 809 1048 845 πὴν
1066 808 1238 844 προσλαϐεῖν,
1251 807 1317 834 αὐτὸ
1333 807 1376 833 διὰ
1387 806 1437 842 τῆς
1455 806 1543 841 ροτιῆς
1558 805 1608 840 τὴν
1623 804 1782 839 ἁγαθότητα

995 853 1157 889 μεταϐάλλει
1168 854 1208 884 είς
1223 852 1253 879 τὸ
1267 852 1396 888 πονηρόν.
1416 851 1493 878 Ἐπεὶ
1510 850 1571 877 τίνα
1581 850 1615 877 ἂν
1631 850 1688 885 έχοι
1703 849 1783 884 λόγον

994 899 1086 931 ἄλλον,
1101 898 1165 929 τοὺς
1184 897 1234 933 μὶν
1245 897 1298 924 τῶν
1312 896 1467 932 ἀνθρώπων
1486 894 1557 923 εἶναι
1572 895 1702 930 ἀγαθοὺς,
1718 895 1782 926 τοὺς

993 945 1022 971 δὲ
1034 944 1156 979 καθορᾷν
1168 942 1330 975 νενευκότας
1353 944 1394 974 είς
1406 943 1437 969 τὸ
1453 942 1583 977 πονηρὸν,
1599 941 1705 976 ὥσπερ,
1724 941 1784 968 erae

993 989 1022 1016 δὲ
1042 988 1080 1024 μὴ
1094 988 1212 1023 ὤφειλε,
1230 988 1278 1015 καὶ
1295 987 1379 1023 ὑμᾶς.
1402 988 1437 1014 Ἢ
1452 987 1507 1023 γὰρ
1526 988 1555 1014 ὲν
1583 988 1643 1019 ταῖς
1666 986 1784 1022 πράξεσι

994 1035 1042 1061 καὶ
1055 1035 1189 1069 δόγμασιν
1202 1033 1281 1069 ὑμῶν
1303 1032 1358 1060 ἀπὸ
1371 1032 1485 1068 γνώμης
1498 1031 1627 1067 πονηρία,
1642 1031 1783 1066 διέσχισεν

994 1081 1066 1116 ὑμᾶς
1082 1081 1133 1115 τῆς
1150 1079 1252 1115 ἀγέλης
1275 1079 1332 1105 τῶν
1350 1078 1472 1113 ἀγαθῶν,
1494 1078 1712 1113 προδιασχίσασα
1733 1077 1784 1112 τῆς

995 1126 1183 1161 προαιρέσεως
1193 1125 1244 1161 τῆς
1260 1124 1447 1159 uesanam.
1468 1124 1515 1151 Διὸ
1529 1124 1579 1151 καὶ
1590 1125 1615 1151 οἱ
1633 1125 1684 1159 μὲν
1699 1124 1785 1158 κήρυ·

995 1172 1043 1202 κές
1063 1172 1116 1198 εισι
1138 1171 1187 1206 τῆς
1211 1170 1382 1205 ἀγαθότητος
1403 1170 1451 1197 τοῦ
1468 1169 1641 1205 Δημιουργοῦ
1654 1178 1662 1184 ·
1681 1170 1728 1196 καί
1739 1169 1785 1195 τὸν

997 1217 1103 1244 ἑαυτῶν
1117 1216 1278 1243 ἐπίστανται
1307 1215 1355 1242 καὶ
1381 1215 1540 1247 δοξάζουσιν
1565 1215 1698 1250 πλάστην,
1720 1214 1786 1241 οίδὲ

997 1261 1065 1296 πρὸς
1075 1260 1203 1295 διαϐολὴν
1226 1258 1311 1286 αὐτοῦ
1327 1259 1374 1286 καὶ
1388 1260 1446 1290 τοῖς
1469 1259 1670 1294 ἐπιτηδεύμασι
1684 1258 1732 1285 καὶ
1750 1259 1785 1293 τῇ

997 1305 1106 1341 γλώττῃ
1122 1304 1328 1340 κατασύραντες
1343 1305 1471 1337 ὲξιστῶσι
1492 1305 1543 1340 μὲν
1557 1304 1640 1332 αὐτοῦ
1652 1304 1702 1338 τῆς
1717 1305 1787 1338 ἀγα-

998 1351 1121 1386 θότητος,
1135 1351 1183 1377 καὶ
1199 1351 1325 1383 πλάσεως
1345 1351 1391 1378 καὶ
1406 1351 1568 1386 κυριότητος
1593 1351 1719 1383 ἑαυτοὺς,
1737 1350 1789 1377 ὑπ-

997 1397 1137 1430 εξουσίους
1147 1396 1186 1429 δὲ,
1201 1396 1224 1423 ὣ
1239 1396 1298 1428 πῶς
1311 1396 1345 1423 ἂν
1359 1397 1431 1423 eluet
1441 1405 1483 1429 τις
1499 1397 1549 1432 τῆς
1567 1396 1746 1432 ἀναλγησίας,
1770 1396 1788 1431 ἢ

998 1445 1048 1479 τῆς
1063 1442 1232 1479 ὲμπληξίαςί
1262 1443 1505 1478 παρασκευάζουσι
1536 1443 1606 1477 σφᾶς
1628 1443 1727 1474 αὐτοὺς
1739 1442 1789 1477 τῆς

999 1489 1149 1516 ἀντιπάλου
1170 1488 1219 1515 καὶ
1242 1488 1378 1524 πολεμίας
1409 1488 1511 1524 χειρός.
1537 1488 1616 1515 Ἐπεὶ
1640 1487 1668 1514 εῐ
1690 1497 1732 1519 τις
1757 1495 1790 1521 γε

1000 1535 1124 1570 βούλοιτο
1141 1534 1273 1568 συνιέναι,
1286 1535 1300 1561 ὁ
1319 1534 1353 1561 ὲκ
1364 1534 1456 1569 ψυχῆς
1478 1534 1624 1570 προφέρων
1638 1534 1672 1560 τὰ
1689 1532 1789 1568 ἀγαθὰ,

998 1579 1079 1607 τοῦτο
1103 1579 1158 1615 γὰρ
1175 1580 1222 1607 νῦν
1241 1580 1259 1615 ἡ
1280 1580 1380 1616 καρδία
1407 1579 1494 1615 δηλοῖ,
1518 1579 1577 1612 πῶς
1589 1580 1622 1606 ἃν
1640 1579 1658 1614 ἢ
1677 1578 1719 1611 τίς
1747 1579 1791 1614 εἴη

1000 1627 1113 1662 ἀγαθὸς,
1131 1627 1155 1653 εί
1177 1626 1217 1662 μὴ
1242 1627 1304 1654 ὅλον
1329 1627 1438 1661 λέγοιτο
1448 1627 1481 1654 τὸ
1502 1626 1645 1662 σύγκριμα
1669 1625 1792 1660 ἀγαο6ν;

1000 1672 1097 1708 ὥσπερ
1105 1673 1187 1700 πάλιν
1201 1672 1263 1700 ὅλον
1275 1673 1393 1709 πονηρὸν
1404 1673 1493 1700 έκεῖνο
1515 1672 1547 1699 τὸ
1560 1671 1712 1707 σύγκριμα,
1728 1671 1744 1697 ὂ
1758 1671 1790 1697 ὲκ

1000 1719 1051 1754 τῆς
1064 1719 1134 1751 ἰδίας
1147 1718 1238 1754 ψυχῆς
1251 1719 1283 1746 τδ
1296 1718 1550 1754 τεθησαυρισμένον
1561 1718 1694 1755 προφέρει
1710 1726 1792 1753 πονη-

1003 1765 1061 1801 ρόν.
1080 1765 1138 1801 Οὐχ
1152 1765 1210 1801 6ρῶ
1228 1765 1257 1792 δὲ
1280 1766 1344 1792 τίνα
1372 1764 1540 1800 συγγνώμην
1565 1763 1659 1796 αὐτοῖς
1685 1763 1792 1789 ὑπολεί-

1002 1818 1112 1844 πονται,
1137 1811 1240 1846 μᾶλλον
1253 1811 1282 1837 δὲ
1299 1810 1357 1843 πῶς
1378 1810 1571 1845 ἀπαραίτητον
1586 1810 1690 1841 αὐτοῖς,
1707 1808 1743 1835 δι’
1755 1805 1794 1835 ὧν

1002 1857 1066 1888 τοὺς
1101 1857 1245 1892 προφήτας
1272 1857 1321 1883 καὶ
1347 1857 1394 1883 τὸν
1420 1856 1503 1891 νόμον
1530 1854 1729 1890 ἐνυϐρίζουσιν,
1762 1854 1794 1880 οὐ

1003 1902 1238 1934 κατασκευάζουσι
1259 1902 1291 1928 τὸ
1318 1901 1518 1937 πλημμέλημα.
1543 1901 1632 1933 Αὐτὸς
1659 1900 1714 1935 γὰρ
1728 1900 1793 1926 ἀνα-

1003 1947 1140 1983 κέκραγεν
1154 1947 1170 1974 ὁ
1185 1947 1280 1982 Σωτήρ
1293 1954 1302 1963 ’
1316 1947 1430 1974 Πολλοί
1446 1946 1597 1981 προφῆται
1613 1946 1664 1973 καί
1674 1946 1793 1973 δίκαιοι·

1003 1993 1082 2028 δῆλον
1094 1993 1123 2019 δὲ
1135 1993 1184 2025 ὡς,
1201 1994 1234 2019 οι
1250 1993 1286 2020 ἐν
1300 1991 1340 2026 τῷ
1364 1993 1447 2027 νόμῳ
1463 1993 1641 2027 ,ἐπεθύμουν
1652 1991 1728 2020 ἰδεῖν
1745 1991 1794 2018 καί

1003 2037 1144 2070 ἀκοῦσαι,
1164 2037 1324 2070 ἂβλέκετο
1345 2038 1396 2066 καὶ
1412 2039 1549 2070 ἀκούετε,
1575 2039 1632 2070 τοῖς
1659 2038 1795 2074 μαθηταῖς

1005 2083 1066 2119 ἅμα
1089 2092 1120 2110 τε
1151 2084 1198 2110 τὸν
1215 2083 1294 2118 λόγον
1310 2083 1465 2119 προτείνων
1493 2085 1540 2112 καὶ
1557 2084 1605 2111 τοῦ
1628 2084 1795 2120 ἀξιώματος,

1005 2129 1054 2155 καὶ
1069 2128 1120 2164 τῆς
1141 2128 1221 2164 δόξης
1242 2129 1283 2161 είς
1300 2129 1363 2156 ὅσον
1386 2130 1512 2165 ἣκουσιν,
1542 2130 1714 2162 ὲπιδεικνύς²
1737 2131 1796 2165 ἅμα

160 2175 320 2209 prophetas,
335 2178 364 2202 et
389 2181 448 2207 eos,
473 2174 519 2209 qui
537 2174 589 2201 sub
606 2174 666 2209 lege
681 2173 814 2206 vixerint,
843 2180 947 2201 necnon

1004 2173 1033 2200 δὲ
1049 2174 1099 2209 τὴν
1126 2173 1298 2201 ἀποστασίαν
1323 2175 1533 2210 καταστρέφων,
1549 2175 1578 2201 έν
1600 2171 1623 2209 ᾦ
1642 2174 1693 2210 τὴν
1715 2174 1796 2210 χάριν

160 2220 284 2248 veritatis
300 2220 487 2255 bonitatisqoe
508 2220 659 2252 studiosos.
672 2219 800 2247 obtinere
825 2224 953 2247 testatur.

159 2265 304 2299 Quomodo
319 2273 385 2293 vero
394 2265 549 2293 Servatoris
572 2265 688 2300 ejusque
707 2264 867 2300 dogmatum
881 2272 955 2292 ama-

161 2317 235 2339 tores
249 2311 322 2339 servi
336 2311 502 2339 adversariae
525 2310 612 2345 partis
636 2317 698 2337 esse
717 2310 858 2345 possunt?
883 2318 954 2344 quo-

161 2357 244 2385 Inodo
263 2357 346 2385 iidem
371 2356 552 2392 inspiratione
568 2363 585 2382 a
609 2355 681 2383 malo
711 2355 848 2390 principio
874 2355 954 2390 potiti

161 2408 237 2436 sunt,
253 2410 318 2431 cum
331 2410 380 2438 per
390 2407 517 2430 naturam
528 2401 587 2429 ﬁeri
602 2405 732 2436 nequeat,
747 2401 858 2428 eosdem
874 2400 956 2428 simul

160 2455 190 2476 et
205 2449 316 2477 malitiae
340 2449 494 2484 indulgere,
515 2456 550 2476 ne
568 2447 669 2481 dicam,
694 2447 730 2474 ab
751 2455 785 2474 ea
810 2446 957 2473 fabricatos

161 2501 235 2525 esse.
251 2498 280 2522 et
296 2494 433 2522 desiderio
448 2498 539 2521 tamen
551 2494 579 2520 in
595 2493 698 2520 bonum
716 2491 801 2519 ferri?
813 2492 870 2519 Hoc
883 2491 956 2518 enim

163 2540 231 2568 nihil
247 2540 321 2568 aliud
335 2545 388 2573 est,
402 2548 487 2575 quam
503 2540 617 2567 verbum
642 2538 750 2567 Domini
772 2538 801 2565 in
819 2538 957 2566 contraria

162 2585 255 2613 omnia
269 2588 389 2612 vertere.
416 2583 485 2612 illud
510 2584 585 2612 enim
604 2584 710 2612 Bonum
728 2591 763 2611 ex
776 2583 849 2610 malo
875 2583 958 2611 corde

197 2647 208 2663 ⁷
223 2647 281 2675 Luc
296 2655 334 2679 νι,
345 2645 391 2673 45.
427 2646 439 2662 ⁸
453 2644 549 2673 Matth.
562 2651 622 2679 xm,
638 2645 664 2672 7.

1005 2219 1055 2254 μὲν
1073 2219 1121 2246 καὶ
1137 2219 1198 2250 τοὺς
1214 2219 1318 2254 ταύτης
1336 2220 1462 2256 κήρυκας
1486 2220 1518 2247 τδ
1544 2220 1638 2255 μεῖζον
1662 2220 1746 2255 ἔχειν,
1764 2220 1795 2245 οὑ

1005 2266 1060 2301 μήν
1071 2274 1103 2300 γε
1119 2265 1189 2293 ἀλλὰ
1205 2266 1253 2293 καὶ
1274 2267 1337 2298 τοὺς
1358 2268 1501 2302 προφήτας
1524 2268 1571 2294 καὶ
1586 2267 1650 2298 τοὺς
1661 2267 1732 2294 κατὰ
1756 2266 1797 2293 νό-

1003 2320 1056 2347 μον
1070 2311 1329 2347 πολιτευσαμένους,
1344 2313 1463 2348 ἐραστάς
1475 2321 1505 2339 τε
1535 2312 1585 2347 τῆς
1600 2311 1731 2347 ἀληθείας
1749 2312 1796 2338 καὶ

1004 2358 1055 2392 τῆς
1069 2357 1154 2384 αὑτοῦ
1168 2357 1433 2393 προσεμαρτύρησεν
1447 2358 1628 2393 ἀγαθότητος.
1645 2358 1678 2384 Οί
1699 2357 1728 2384 δὲ
1746 2357 1796 2385 τοῦ

1005 2403 1132 2438 Σωτῆρος
1151 2403 1200 2430 καὶ
1213 2403 1269 2430 τῶν
1283 2404 1366 2431 αὑτοῦ
1390 2405 1535 2440 δογμάτων
1557 2405 1672 2440 ἐρασταὶ
1686 2404 1746 2436 πῶς
1763 2403 1797 2432 ἃν

1004 2448 1101 2484 είησαν
1114 2449 1265 2477 ἀντιπάλου
1291 2451 1389 2485 μοίρας
1411 2450 1598 2486 θεραταυταίς
1625 2450 1684 2482 πῶς
1697 2449 1726 2477 δὲ
1747 2449 1797 2485 τὴν

1004 2495 1151 2535 ἐπίπνοιαν
1175 2497 1210 2523 ἑκ
1231 2497 1355 2533 πονηρᾶς
1376 2495 1468 2525 εἷλκον
1485 2497 1647 2532 ένεργείας;
1670 2497 1708 2532 μὴ
1726 2505 1796 2530 συμ-

1005 2539 1144 2572 ϐαίνοντος
1157 2541 1225 2573 ὅλως
1247 2543 1281 2577 τῇ
1297 2540 1378 2577 φύσει
1394 2542 1453 2578 ἅμα
1466 2550 1498 2569 τε
1516 2543 1580 2574 τοὺς
1595 2542 1696 2573 αὐτοὺς
1711 2550 1797 2576 πονη-

1005 2585 1054 2621 ρίᾳ
1066 2586 1214 2622 τελεῖσθαι,
1232 2588 1277 2615 ἵνα
1289 2588 1329 2624 μὴ
1343 2588 1417 2624 λέγω
1438 2589 1732 2623 συγκαπακευάσθαι,
1748 2587 1797 2614 καὶ

702 2722 822 2753 νΑειιιΕ
836 2722 1032 2752 LECTIONES
1051 2721 1096 2751 ET
1114 2721 1231 2751 NOTAE.

200 2783 255 2818 (10)
276 2784 367 2812 Kurd.
380 2783 472 2819 Malim
487 2783 579 2818 legere
593 2783 663 2819 μετὰ
677 2787 808 2819 tanquam
822 2781 908 2817 magis
921 2781 976 2810 huc
995 2782 1242 2812 accommodatum.
1258 2781 1354 2819 Neque
1373 2789 1437 2811 raro
1466 2780 1674 2818 praepositiones
1686 2779 1756 2808 κατά
1771 2781 1801 2808 et

164 2827 234 2854 μετα
248 2819 276 2847 in
295 2827 361 2849 mss.
377 2818 590 2848 confunduntur.
