1941 3085
188 160 243 192 219

745 159 879 190 PHOTII
906 155 1162 188 PATRIARCHE
1178 155 1234 186 CP.

1776 148 1828 180 220

191 224 217 246 et
231 218 310 254 dilige
321 218 468 253 proximum
492 222 566 244 tuum
576 208 645 243 sicut
655 221 679 243 te
694 217 779 251 ipsum
793 217 826 242 ¹⁰.
838 215 906 242 Vide
921 222 985 242 vero

1045 212 1207 247 ὶγαπήσεις
1224 211 1278 238 τὸν
1292 209 1431 245 πλησίον
1456 215 1517 236 σου
1537 207 1579 244 ὡς
1605 206 1749 234 σεαυτόν.
1774 205 1828 254 δαὶ

193 265 306 296 bonum,
319 263 391 298 quod
405 263 540 298 in‘juvene
557 263 603 290 illo
617 267 686 293 erat.
703 261 887 297 utintelligas,
902 259 984 295 quale

193 309 303 344 quidem
326 308 393 335 illud
412 308 458 340 sit,
469 308 548 341 cujus
562 308 720 335 observatio
745 307 830 334 vitam
850 310 983 333 aeternam

193 355 330 382 conciliet.
354 354 424 381 Cum
441 353 514 381 enim
544 353 568 381 is
593 354 795 389 interrogaret,
817 352 886 379 nihil
908 351 984 379 aliud

194 399 283 434 ipsum
295 398 415 431 edocuit,
431 407 524 434 quam,
535 400 680 434 apostasize
694 407 725 426 se
738 405 893 434 opponens,
917 397 985 433 legis

194 449 329 480 pra-cepta
347 446 502 480 proposuit,
517 452 581 472 cum
597 445 680 472 multa
697 443 903 472 asseveratione
916 451 986 471 con-

195 490 322 522 tendens,
341 498 374 518 ea
389 491 460 518 bona
470 498 532 518 esse
544 495 572 518 et
584 491 618 517 ad
628 491 712 518 vitam
727 495 859 517 aeternam
872 489 986 517 ducere.

196 535 274 568 Quod
289 536 311 563 si
336 544 427 564 veroa
441 537 515 565 bono
527 537 606 564 Patre
622 544 677 563 non
699 535 829 569 inissent,
844 535 986 571 ipsiusque

196 583 335 617 praeconio
351 591 482 616 consona,
509 582 556 610 sed
575 590 591 609 a
606 582 752 617 tyrannide
765 586 835 615 orta,
850 580 988 616 quomodo

197 625 243 653 illa
258 625 359 653 veritas
374 626 433 661 ipsa
452 631 584 661 tanquam
599 626 724 654 veritatis
739 626 820 661 plena
841 626 989 661 produxis-

198 672 259 699 set?
277 672 420 705 Quomodo
437 680 503 700 vero
528 673 612 700 vitam
630 676 763 699 aeternam
779 672 912 707 quaerenti
927 679 989 699 eam

198 725 248 753 per
266 726 297 744 ea
315 718 489 753 quaerendam
508 718 662 746 suasisset?
689 718 833 751 Quomodo
857 717 989 752 denique,

199 772 217 791 ο
231 764 378 791 maximam
392 764 545 792 insaniam!
560 764 583 792 si
599 764 661 800 quis
678 764 737 792 haec
750 764 794 792 vel
807 764 835 791 in
852 771 881 792 se
896 763 990 792 consi-

200 810 298 838 derare
312 811 446 845 voluerit,
466 811 549 844 illius,
560 811 607 846 qui
624 811 659 839 ab
670 811 748 838 initio
762 810 897 839 homicida
916 814 989 842 erat,

200 856 244 883 lex
260 856 342 884 fuerit
357 865 364 884 :
376 857 436 884 Non
447 858 558 890 occides,
571 865 624 884 tum
641 856 820 889 moliebaris,
834 860 861 883 et
873 860 990 888 caetera,

200 901 301 936 quibus
330 902 434 929 malitia
469 902 585 937 ejusque
611 907 687 929 sator
717 909 734 929 e
760 901 895 929 diametro
923 900 992 935 ipsis

201 947 363 982 oppositus,
386 955 442 974 non
462 955 543 979 sane,
569 947 694 979 fovetur,
721 946 770 974 sed
795 945 888 981 potius
907 944 992 973 efﬁci-

202 997 257 1025 tur,
269 995 308 1020 ‘ut
330 992 491 1020 obedientes
505 1000 521 1020 a
539 993 761 1028 castigandorum
790 991 880 1027 poenis
895 990 993 1026 procul

201 1037 461 1071 amoveantur?Qui
479 1038 550 1066 enim
559 1046 574 1065 a
590 1038 721 1070 caedibus.
735 1042 763 1065 et
776 1037 859 1068 furto,
873 1041 902 1064 et
916 1036 993 1063 adul-

203 1084 275 1111 terio
286 1087 314 1111 et
327 1084 396 1111 falso
409 1084 568 1111 testimonio
582 1084 732 1110 immunem
745 1090 776 1110 se
790 1086 915 1117 praestat,
931 1089 995 1116 pro-

203 1128 364 1163 ximumque
379 1135 462 1156 suum
477 1128 565 1164 diligit
578 1132 609 1155 ut
622 1135 651 1155 se
676 1127 777 1162 ipsum,
797 1126 841 1154 hic
854 1130 896 1153 est
910 1145 919 1158 ,
947 1126 994 1161 qui

204 1173 278 1210 leges
296 1174 372 1202 Bono
392 1174 535 1209 oppositas
555 1173 716 1204 conculcat.
738 1176 767 1200 et
787 1180 868 1204 eum,
891 1171 938 1207 qui
960 1172 996 1199 ab

205 1219 285 1248 initio
299 1220 386 1247 malus
401 1220 462 1252 fuit.
484 1225 613 1254 tanquam
637 1219 745 1247 hostem
765 1218 926 1250 confundit,
949 1217 996 1253 qui

204 1264 334 1299 denique.
352 1265 481 1299 praestitis
489 1265 634 1300 praeceptis
647 1264 781 1295 Mosaicis,
791 1264 905 1299 gratiam
917 1271 996 1291 acce-

205 1309 246 1345 pit
263 1317 292 1338 se
307 1311 342 1338 ab
357 1311 418 1345 ejus
434 1310 589 1338 actionibus
609 1310 777 1337 abstinendi.
801 1309 841 1337 lta
855 1311 995 1343 actiones,

205 1364 266 1390 qua:
291 1364 307 1383 a
327 1356 395 1392 legis
409 1357 554 1392 praeceptis
574 1356 786 1391 proﬁciscuntur
800 1376 808 1389 ,
831 1365 881 1384 sua
898 1361 997 1384 natura

206 1401 310 1429 bonum
324 1409 417 1429 secum
432 1401 535 1434 ferunt,
551 1406 580 1429 et
603 1401 687 1429 robur
705 1402 767 1429 Mali
785 1409 833 1437 per
845 1409 875 1429 se
899 1401 999 1429 invali-

207 1449 272 1476 dum
290 1455 353 1475 esse
379 1447 579 1475 demonstrant.
598 1447 668 1474 Dum
699 1455 765 1475 vero
792 1447 998 1476 adolescentem

207 1494 359 1529 perfectum
377 1493 436 1521 fore
450 1493 640 1528 pronuntiavit
651 1492 783 1520 Servator
794 1513 801 1526 ,
823 1493 846 1521 si
863 1493 999 1528 reciperet

1034 259 1085 294 ὅρα
1104 258 1151 285 τοῦ
1166 257 1311 284 νεανίσκου
1326 255 1359 282 τὸ
1373 255 1487 291 ἀγαθὸν,
1499 253 1592 281 ὁποῖόν
1610 253 1639 280 τί
1656 252 1742 285 ἐστιν,
1760 248 1792 279 οὖ
1808 252 1824 286 ή

1035 303 1136 340 πρᾶξις
1148 303 1199 338 τήν
1218 302 1327 329 αἰώνιον
1346 301 1420 336 ζωὴν
1435 299 1571 336 προξενεῖ.
1597 297 1800 334 Διερωτῶντος,
1814 297 1829 323 6

1035 350 1133 386 Σωτὴρ
1155 349 1232 376 οὐδὲν
1256 348 1358 384 μᾶλλον
1375 348 1481 375 ἐκεῖνον
1495 346 1641 377 διδάσκων,
1658 344 1675 380 ἢ
1695 343 1767 371 κατὰ
1778 342 1828 378 τῆς

1036 396 1205 427 ἀποστάσιας
1217 387 1374 430 ἱστάμενος,
1387 393 1437 425 τὰς
1452 392 1570 428 νομικὰς
1582 391 1741 428 προέτεινεν
1754 390 1830 417 ὲντο-

1036 443 1096 475 λάς,
1118 442 1187 478 μετὰ
1201 441 1303 477 πολλῆς
1332 441 1384 476 τῆς
1410 438 1600 475 βεϐαιώσεως,
1624 437 1732 472 ἀγαθάς
1759 433 1829 463 εῖναι

1037 489 1140 521 ταύτας
1158 488 1207 515 καὶ
1220 488 1288 523 πρὸς
1303 486 1376 522 ζωὴν
1389 485 1508 520 ἀπάγειν
1522 485 1573 520 τὴν
1583 483 1694 511 αἰώνιον
1706 483 1829 518 ἐπιμαρ-

1037 536 1139 572 τυρῶν.
1153 534 1261 562 Καίτοι
1273 534 1297 561 ει
1315 533 1355 569 μὴ
1366 532 1414 560 τοῦ
1433 530 1539 566 ἀγαθοῦ
1559 530 1669 565 Πατρδς
1681 527 1766 565 ἦσαν,
1782 527 1830 554 καὶ

1038 581 1079 616 τῷ
1107 579 1190 607 αὐτοῦ
1213 578 1374 615 κηρύγματι
1403 576 1559 613 σύμφωνοι,
1586 575 1646 603 ἀλλ’
1661 575 1679 610 ἡ
1704 573 1832 609 τυραννὶς

1039 627 1133 658 αὐτοῖς
1154 625 1301 660 ἐπεφύετο,
1324 623 1384 656 πῶς
1403 623 1453 659 μὲν
1482 622 1568 654 αὐτάς
1593 622 1611 658 ή
1641 620 1768 656 ἀλήθεια,
1794 619 1832 652 ὡς

1042 673 1172 709 μετόχους
1178 671 1284 706 προῆγε
1295 669 1345 705 τῆς
1352 668 1524 703 ἀγαθὸτητος
1534 675 1542 701 ;
1554 667 1615 699 πῶς
1623 666 1653 693 δὲ
1659 665 1699 701 τῷ
1707 664 1833 701 ζητοῦντι

1040 718 1090 754 τὴν
1105 717 1214 745 αἰώνιον
1228 715 1301 752 ζωὴν
1317 715 1351 741 δι’
1373 713 1464 741 αὐτῶν
1484 713 1576 748 εὑρεῖν
1592 711 1752 743 ὲπετίθετος
1770 709 1834 741 Πῶς

1041 764 1080 797 δὲ,
1095 763 1118 790 ὥ
1131 762 1243 798 βαθείας
1272 760 1372 797 μέθηςί
1390 760 1417 786 εῐ
1429 768 1471 791 τις
1484 759 1532 785 καὶ
1557 757 1619 785 καθ’
1641 755 1727 783 ἑαυτά
1745 754 1834 782 ἐθέλοι

1042 811 1129 839 ταῦτα
1146 810 1269 841 σκοπεῖν,
1283 806 1332 834 τοῦ
1343 806 1392 834 ἀπ’
1403 806 1493 843 ἀρχῆς
1503 803 1731 841 ἀνθρωποκτόνου
1753 802 1835 837 νόμος

1042 856 1074 883 τό
1087 864 1096 872 ·
1121 856 1162 882 οὐ
1179 854 1355 890 φονεύσεις,
1377 853 1413 880 οὐ
1425 851 1614 888 μοιχεύσεις,
1639 849 1687 877 καὶ
1705 849 1741 875 τά
1754 847 1835 878 ἄλλα.

1043 901 1085 936 οἷς
1109 903 1143 930 ὲκ
1161 902 1309 938 διαμέτρου
1327 902 1345 937 ἡ
1365 899 1451 928 κακία
1473 900 1522 927 καὶ
1544 899 1559 926 ό
1573 898 1686 933 ⁵ταύτης
1703 895 1836 930 σπορεὺς,

1045 949 1083 986 μὴ
1094 949 1135 976 ὅτι
1148 947 1344 984 θεραπεύεται,
1374 946 1443 974 ἀλλά
1454 953 1486 980 γε
1500 944 1533 981 δὴ
1558 943 1607 971 καὶ
1633 943 1672 975 ὡς
1693 940 1836 978 πορρωτά-

1042 1005 1082 1023 τω
1115 994 1344 1031 μαστιγουμένων
1378 993 1457 1028 δίκην
1486 990 1681 1020 ἀπελαύνεται.
1723 988 1753 1016 ’0
1780 987 1837 1022 γάρ

1044 1044 1133 1079 φόνων
1143 1042 1192 1070 καὶ
1212 1042 1329 1077 κλοπῆς,
1355 1041 1405 1068 καὶ
1435 1039 1560 1076 μοιχείας
1576 1039 1624 1066 καὶ
1646 1037 1837 1073 ψευδομαρτυ-

1047 1089 1105 1124 ρίας
1122 1088 1255 1124 κρείττων
1271 1086 1407 1122 γεγονὼς,
1425 1085 1475 1113 καὶ
1487 1085 1533 1112 τδν
1560 1083 1676 1119 πλησίον
1688 1082 1838 1117 ἀγαπήσας

1044 1135 1082 1166 ὡς
1097 1133 1205 1166 ἑαυτδν,
1227 1130 1307 1164 οὗτός
1325 1133 1400 1159 ἔστιν
1414 1132 1429 1158 ὸ
1453 1129 1620 1158 καταπατῶν
1636 1129 1700 1160 τοὺς
1716 1129 1838 1154 ἀντικει-

1047 1180 1145 1215 μένους
1157 1180 1189 1214 τῇ
1203 1178 1352 1213 ἀγαθὸτητι
1362 1177 1491 1212 θεσμοὺς,
1503 1176 1550 1211 καὶ
1562 1174 1643 1202 αὑτὸν
1654 1174 1683 1201 δὲ
1691 1173 1738 1200 τὸν
1752 1171 1838 1208 ἀρχέ-

1045 1234 1133 1253 κακον
1146 1224 1338 1260 καταισχύνων
1347 1223 1454 1259 ὲχθρὺν,
1475 1222 1523 1250 καὶ
1539 1222 1594 1249 τῶν
1612 1220 1696 1248 αὑτοῦ
1708 1218 1837 1255 πράξεων

1048 1271 1159 1308 μακράν
1169 1269 1334 1298 άποδιώκειν
1356 1269 1437 1305 χάριν
1453 1268 1544 1295 λαϐὼν
1567 1267 1612 1295 διά
1634 1268 1685 1302 τῆς
1704 1264 1838 1301 ἐργασίας

1046 1317 1102 1344 τῶν
1116 1316 1274 1344 Μωσαῖκῶν
1288 1315 1414 1343 ἐντολῶν.
1433 1313 1529 1346 Οὕτως
1543 1313 1592 1340 καὶ
1602 1312 1663 1340 καθ’
1677 1311 1762 1339 ἑαυτά
1784 1310 1840 1337 τῶν

1047 1363 1168 1400 νομικῶν
1182 1362 1297 1390 ἐντολῶν
1310 1362 1339 1389 αἱ
1353 1361 1469 1397 πράξεις
1485 1360 1535 1396 τὴν
1555 1359 1714 1394 ἀγαθότητα
1741 1358 1841 1392 φέρου-

1049 1417 1091 1437 σιν
1107 1410 1136 1436 ὲν
1148 1409 1268 1441 ἑαυταῖς,
1281 1407 1389 1435 καὶτοῦ
1405 1406 1531 1442 Πονηροῦ
1553 1405 1584 1433 τὸ
1603 1405 1707 1441 κράτος
1733 1403 1837 1440 σαθρὸν

1048 1455 1191 1491 ἐλέγχουσι
1205 1455 1240 1482 δι’
1260 1454 1374 1482 ἑαυτῶν.
1392 1453 1425 1481 El.
1442 1453 1471 1480 δὲ
1497 1453 1544 1480 καὶ
1558 1452 1661 1479 τέλειον
1679 1451 1725 1478 τὸν
1748 1449 1843 1477 νεανί-

1049 1510 1114 1529 σκον
1129 1502 1239 1529 ἀνεῖπεν
1253 1500 1364 1528 ἔσεσθαι
1370 1498 1616 1535 προσλαμϐάνοντα
1631 1497 1679 1524 καὶ
1688 1496 1739 1528 τὰς
1755 1495 1842 1529 ιδίας,

207 1545 235 1566 et
247 1546 313 1571 sua,
330 1547 392 1574 quae
412 1539 528 1575 gratiam
564 1543 715 1574 parerent,
733 1543 886 1574 przeccpta,
908 1546 994 1573 neque

1050 1548 1079 1575 αἱ
1094 1548 1143 1583 τὴν
1156 1547 1236 1583 χάριν
1249 1546 1384 1580 ποιοῦσιν,
1399 1545 1522 1578 ἐντολὰς,
1537 1544 1598 1571 οὐδὲ
1622 1542 1702 1570 τοῦτο
1718 1542 1776 1574 τοῖς
1802 1541 1842 1567 ει-

209 1585 263 1612 hoc
286 1592 353 1612 sane
372 1585 541 1620 quidquam,
562 1584 635 1619 quod
654 1584 734 1612 dictis
762 1584 928 1612 contrarium
952 1583 999 1617 sit,

209 1629 304 1657 infert.
328 1629 449 1658 Primum
469 1630 543 1658 enim
569 1638 625 1658 non
653 1630 867 1665 unumquodque
893 1637 1000 1663 eorum,

1052 1594 1182 1630 ρημένοις
1201 1592 1277 1620 οὐδὲν
1301 1591 1464 1619 ὑπεναντίον
1482 1590 1634 1627 μετακινεῖ.
1655 1588 1768 1624 Πρῶτον
1793 1586 1844 1622 μὲν

1051 1641 1105 1676 γὰρ
1121 1640 1182 1668 οὐδὲ
1202 1640 1305 1675 ἑκάστη
1318 1639 1373 1666 τῶν
1387 1639 1416 1665 ὲν
1445 1639 1480 1673 τῇ
1494 1637 1587 1673 χάριτι
1616 1635 1682 1663 καθ’
1699 1633 1801 1670 ἑαυτὴν
1812 1632 1846 1660 τδ

210 1683 272 1710 qua:
287 1675 338 1702 sub
349 1676 435 1711 gratia
445 1679 690 1710 sunt.pra:ceptum
701 1683 751 1710 per
763 1683 792 1703 se
803 1675 994 1710 perfectionem

1051 1675 1156 1713 τέλειον
1172 1685 1309 1721 προξενεῖ,
1326 1684 1390 1711 επεὶ
1413 1682 1526 1719 ἐξήρκει
1540 1681 1574 1709 ἂν
1601 1682 1618 1717 ἡ
1646 1681 1708 1716 μία,
1725 1679 1774 1706 καὶ
1788 1678 1846 1705 τῶν

212 1722 330 1756 confert,
345 1722 408 1758 quia
429 1722 470 1750 sic
491 1722 631 1750 sufliceret
653 1729 754 1755 unum,
777 1726 805 1749 et
834 1721 994 1756 reliquorum

1053 1731 1141 1759 ἀλλων
1193 1731 1210 1765 ἡ
1224 1729 1325 1765 πρᾶξις
1344 1729 1472 1764 περιττή.
1492 1727 1532 1756 οὐ
1555 1726 1610 1762 γάρ
1633 1725 1711 1753 τοῦτο
1731 1723 1847 1758 νομοθε-

213 1768 369 1796 observatio
392 1776 597 1804 supervacanea
625 1767 707 1796 foret.
726 1767 820 1803 Neque
843 1768 916 1795 enim
950 1767 994 1794 ho:

1055 1777 1116 1809 σίας
1130 1767 1248 1812 ἀγαθῆς,
1264 1775 1295 1802 τδ
1309 1775 1371 1802 καθ’
1395 1774 1496 1810 ἑαυτὴν
1520 1773 1653 1809 παρέχειν
1673 1771 1705 1798 τὸ
1728 1769 1848 1802 ἑντελὶς,

215 1818 320 1841 tantum
334 1814 368 1842 ad
385 1814 464 1842 bonae
478 1815 545 1850 legis
560 1814 695 1841 rationem
714 1814 874 1849 requiritur,
886 1817 917 1840 ut
931 1813 959 1840 in
973 1821 994 1841 ει

1054 1822 1124 1851 ἀλλὰ
1139 1823 1170 1849 τὸ
1185 1822 1269 1858 μηδὲν
1289 1821 1464 1855 καθυφεῖναι,
1478 1820 1542 1855 τύγε
1565 1819 1610 1846 ἐπ’
1626 1818 1707 1853 αὐτῇ,
1733 1817 1803 1852 πρὸς
1816 1815 1849 1842 τὺ

216 1858 411 1894 perfectionem
420 1860 558 1891 exhibeat,
569 1860 617 1887 sed
628 1860 655 1887 id
670 1860 771 1895 potius,
785 1864 815 1886 ut
827 1859 906 1892 nihil,
919 1867 994 1895 quan

1058 1868 1097 1904 μὴ
1112 1867 1260 1896 συνάπτειν
1278 1868 1328 1903 μὲν
1346 1866 1392 1894 τὸν
1413 1866 1540 1901 μετιόντα
1563 1863 1666 1899 ταύτην
1681 1862 1723 1898 τῷ
1739 1861 1849 1897 ἀγαθῷ,

215 1910 274 1932 tum
289 1906 399 1941 quidem
411 1905 438 1933 in
453 1906 510 1941 ipsa
522 1911 575 1938 est,
591 1906 726 1941 reliquum
739 1906 832 1937 faciat.
858 1906 994 1942 quominu:

1056 1915 1174 1949 ἀπάγειν
1184 1914 1270 1950 suae
1280 1913 1411 1950 ἐργασίας
1420 1912 1468 1939 τοῦ
1477 1911 1608 1947 πονηροῦ.
1621 1910 1754 1945 Δεύτερον
1763 1909 1791 1936 δὲ
1800 1907 1851 1935 καὶ

216 1959 291 1984 eum,
306 1952 352 1987 qui
372 1952 445 1980 circa
459 1960 520 1980 eam
545 1957 689 1986 versatur,
712 1952 786 1980 bono
802 1953 961 1988 coniungat,
979 1960 994 1980 e

1057 1961 1091 1988 δι’
1105 1960 1192 1995 αὐτῆς
1204 1960 1263 1986 ἐστι
1271 1959 1322 1994 τῆς
1333 1958 1498 1994 ἀποφάσεως
1512 1957 1588 1984 οὐδὲν
1598 1956 1708 1983 ἔλαττον
1721 1954 1850 1986 συνιδεῖν,

217 1998 253 2025 ab
264 1998 419 2027 actionibus
436 1999 515 2026 malis
529 2004 634 2027 avocet.
653 1999 757 2027 Deinde
781 2004 809 2027 et
831 2008 862 2027 ex
879 2000 938 2035 ipsa
955 1999 994 2027 hac

1059 2007 1077 2042 ἢ
1086 2005 1132 2034 διά
1144 2005 1199 2033 τῶν
1212 2005 1354 2042 προτέρων
1367 2004 1417 2036 τὰς
1425 2003 1541 2039 νομικὰς
1557 2001 1717 2045 τιμωμένας
1727 1999 1851 2045 ἐντολάς,

218 2043 373 2071 assertione
386 2051 441 2072 non
460 2045 563 2078 minus,
579 2053 662 2080 quam
677 2053 712 2073 ex
726 2045 865 2080 praedictis
875 2066 882 2078 .
902 2045 993 2080 perspi

1059 2052 1097 2078 Τὸ
1110 2052 1165 2087 γὰρ
1179 2050 1288 2082 ὲκείνας
1315 2049 1365 2085 μὲν
1388 2049 1434 2076 τδν
1456 2049 1571 2084 Σωτῆρα
1591 2048 1630 2082 μὴ
1647 2043 1785 2078 ἐκϐαλεῖν,
1802 2044 1853 2071 ἐπὶ

219 2096 284 2116 cere
304 2089 383 2122 licet,
402 2095 539 2126 praecepta
557 2091 625 2127 legis
645 2091 672 2118 in
695 2091 799 2118 honore
819 2091 915 2119 fuisse.
940 2090 994 2118 Dun

1058 2097 1088 2123 δὲ
1110 2096 1223 2128 ταύταις
1235 2095 1282 2122 καὶ
1297 2095 1347 2126 τὰς
1374 2095 1441 2127 ιδίας
1457 2093 1618 2128 ἒπαγαγεῖν,
1642 2089 1702 2119 εἶτα
1714 2089 1762 2117 τὸν
1779 2089 1852 2125 (ιε’)

219 2135 292 2163 enim
307 2135 437 2163 Servator
459 2137 503 2164 illa
525 2144 581 2164 non
603 2137 716 2172 abiicit,
739 2137 787 2164 sed
803 2137 895 2171 potius
912 2136 994 2164 iisdem

1058 2142 1162 2169 τέλειον
1188 2142 1223 2169 δι’
1242 2142 1344 2176 ἀμφοῖν
1363 2139 1567 2172 ἀποτελεῖσθαι,
1584 2137 1664 2173 δῆλον
1688 2138 1722 2164 ἂν
1744 2136 1798 2171 εἴη,
1813 2135 1854 2167 ὡς

220 2190 268 2210 sua
287 2184 456 2218 superaddit,
472 2189 604 2219 praeterea
620 2192 685 2211 vero
703 2191 753 2219 per
768 2187 883 2218 utraque
917 2182 993 2218 perfe

1061 2188 1203 2219 κάκείναις
1216 2189 1250 2223 τῇ
1267 2187 1404 2222 συνδρομῇ
1415 2194 1446 2212 τε
1472 2186 1519 2212 καὶ
1536 2182 1725 2211 συνοικειώσει
1749 2181 1805 2208 τῶν
1821 2181 1853 2208 ὲν

220 2232 294 2254 ctum
316 2229 462 2262 quemdam
485 2228 543 2256 ﬁeri
559 2228 731 2270 pronuntiat.
749 2228 926 2256 manifestum
943 2236 991 2255 san

1045 2226 1094 2269 ’τῇ
1112 2234 1205 2269 χάριτι
1227 2221 1276 2268 τῆς
1289 2221 1458 2268 τελειότητος
1482 2229 1668 2265 άνακηρύττει
1687 2227 1853 2263 μετασχεῖν.

220 2278 262 2301 est
275 2293 283 2306 ,
306 2274 377 2309 quod
398 2282 430 2301 ea
449 2282 559 2309 quoque
582 2275 641 2310 ipsa
657 2275 708 2302 hac
729 2282 844 2307 eorum,
868 2282 930 2309 quae
957 2274 994 2302 sui

1064 2280 1101 2307 Οὐ
1119 2279 1173 2315 γάρ
1187 2280 1220 2307 ἄν
1229 2288 1271 2311 τις
1287 2279 1382 2311 σώζων
1395 2278 1463 2309 ὅλως
1477 2276 1523 2304 τοῦ
1541 2270 1673 2311 λὸγισμοῦ
1687 2274 1718 2301 τδ
1732 2273 1856 2308 ἀξίωμα,

221 2320 307 2354 gratia
321 2324 395 2352 sunt,
409 2321 581 2348 connexione
591 2325 619 2348 et
629 2320 824 2356 conjunctione
834 2320 994 2354 perfectioni

1063 2325 1097 2358 ἃς
1110 2325 1216 2360 ἀγαθάς
1227 2334 1258 2352 τε
1273 2325 1383 2352 ἀνεῖπεν
1394 2322 1449 2359 (l3)
1466 2323 1484 2358 ἡ
1501 2322 1614 2357 ἀλήθεια
1629 2321 1675 2347 καὶ
1688 2320 1757 2355 πρὸς
1768 2317 1857 2354 αὐτὴν

221 2364 359 2391 consortia
374 2372 436 2391 esse
457 2365 629 2399 pronuntiat.
652 2365 747 2400 Neque
762 2365 837 2393 enim
851 2365 994 2400 quisquam

1064 2370 1114 2406 τὴν
1145 2370 1285 2406 βασιλείαν
1310 2370 1365 2397 τῶν
1388 2368 1512 2405 οὐρανῶν
1533 2366 1722 2403 χειραγωγοὺς
1750 2364 1859 2396 πάντας

221 2409 270 2446 qui
281 2410 394 2437 rationis
411 2418 490 2438 usum
506 2411 642 2446 integrum
658 2410 760 2444 habet,
781 2410 922 2437 aﬂirmarit
933 2432 942 2444 ,
965 2418 994 2438 ea

1062 2416 1269 2451 ἀποψηφιεῖται,
1287 2416 1312 2442 εί
1336 2415 1384 2442 καὶ
1416 2413 1595 2450 προσέχουσιν
1612 2411 1641 2438 αί
1664 2410 1715 2447 τῆς
1732 2409 1858 2446 χάριτος,

223 2455 309 2490 leges,
323 2463 390 2490 quas
401 2455 459 2490 ipsa
475 2452 576 2484 veritas
589 2456 675 2483 bonas
687 2463 759 2490 esse,
771 2460 800 2483 et
809 2455 844 2483 ad
855 2455 943 2491 ipsum
957 2463 994 2483 cut

1066 2460 1151 2496 μηδὲν
1167 2460 1236 2496 πρὸς
1245 2459 1298 2496 ¹τὴν
1314 2459 1473 2495 τελειότητα
1494 2457 1641 2486 συντελεῖν.

224 2501 313 2529 lorum
327 2509 440 2538 regnum
452 2502 553 2530 ducere
577 2502 687 2535 asserit,
704 2501 811 2530 etiamsi
826 2509 858 2529 ea
872 2509 933 2537 qua:
951 2509 1015 2537 gra-

225 2547 270 2575 tiae
281 2552 356 2582 sunt,
370 2548 452 2576 simul
464 2548 573 2582 adsint,
596 2548 666 2576 nihil
681 2548 715 2576 ad
732 2547 932 2584 perfectionem
952 2555 1016 2575 con-

225 2594 309 2622 ferre.

264 2653 285 2670 '°
298 2652 394 2681 Matth.
410 2661 467 2686 XIX,
483 2653 578 2682 16-20.

789 2745 906 2774 VARIE
925 2742 1115 2773 LECTIONES
1131 2740 1176 2770 ET
1192 2739 1308 2768 ΝΟΤΛΕ.

266 2806 337 2842 (η’)
356 2805 415 2833 Τὸν
425 2804 559 2842 τέλειον,
589 2803 717 2833 Fortasse
741 2805 902 2842 praestiterit
927 2803 1018 2842 legere

231 2842 262 2878 (ιδ
271 2838 393 2878 ’τέλειον,
409 2840 481 2878 sicut
495 2840 577 2877 paulo
591 2843 655 2869 ante
668 2838 764 2870 noster
774 2840 893 2878 .dixerat
917 2838 947 2866 τὸ
958 2838 1018 2866 ⁷τὲ-

231 2877 304 2905 λειον
314 2876 450 2912 προξενεῖ.

1108 2800 1177 2833 (13)
1213 2798 1359 2833 ζΑν-εἷπεν.
1391 2797 1531 2833 Scriptum
1560 2796 1679 2832 primum
1706 2796 1733 2824 in
1768 2794 1871 2822 codice

1072 2839 1133 2863 erat
1150 2831 1183 2861 ἂν
1198 2831 1285 2876 εἶπεν,
1313 2833 1387 2869 quod
1412 2831 1508 2862 eadem
1527 2831 1624 2861 manus
1638 2836 1711 2860 recte
1738 2837 1871 2858 correxe-

1073 2875 1116 2899 rat
1130 2877 1179 2906 per
1193 2870 1314 2898 ἀνεῖπεν.
