1940 3081
112 128 161 161 221

611 105 774 160 .CONTRA
793 129 1023 161 MANICH/EOS
1037 131 1152 162 LIBER
1170 132 1220 163 IV.

1687 133 1740 164 222

147 186 198 213 ΙΘ’.
220 185 300 221 Ἐμοὶ
333 183 383 219 μὲν
396 179 445 222 οὖν
463 182 550 210 ταῦτα
576 183 754 220 λογιζομένῳ,
774 185 821 212 καὶ
838 185 901 213 ὅσον

987 186 1059 214 XIX.
1075 187 1140 214 Mihi
1154 195 1221 215 vero
1236 187 1294 215 haec
1308 186 1344 214 ita
1356 187 1571 222 argumentanti,
1593 193 1632 220 et,
1653 196 1740 223 quan-

113 232 207 267 ῐσχυτε
221 230 292 257 κατά
305 229 352 256 τοῦ
366 229 461 263 γένους
477 228 491 254 ό
505 228 612 263 ὲχθρδς,
638 229 678 260 εἰς
692 229 751 256 οἵαν
770 237 800 256 τι
827 238 897 256 κατ-

112 277 214 312 ηνέχθη
229 276 334 303 πτῶσιν
347 276 360 302 ό
372 274 525 310 ἄνθρωπος⁷
534 274 582 301 καὶ
595 274 664 310 πρὸς
676 275 742 311 ὅσην
751 275 898 310 ἀλλοτρίω-

113 331 157 350 σιν
183 323 200 358 ἠ
220 322 301 356 φύσις
315 320 454 356 ἀπηνέχθη
469 320 517 347 τοῦ
543 319 709 352 πλάσαντος,
733 320 901 356 ἀνθελομένη

112 369 160 396 τοῦ
175 368 294 395 κτίστου
310 367 357 394 τὺν
381 367 511 402 πολέμιον
530 365 733 401 ἐπιγράφεσθαι
751 366 901 401 δεσπότηνσ

113 413 315 449 ἀναστρέφεται
334 413 384 448 μὲν
403 412 437 439 τὰ
458 412 546 446 ὲντδς,
568 412 741 448 ταράσσεται
756 412 812 448 (M)
824 412 852 439 δὲ
868 413 904 440 τὰ

114 459 270 494 σπλάγχνα,
286 459 334 485 καὶ
352 459 503 494 προπίπτει
529 458 647 494 δάκρυα,
676 458 803 490 καὶτοὺς
825 458 903 492 ἐλέγ-

114 514 180 543 χους
193 505 220 531 οί
245 504 339 540 θρῆνοι
355 504 552 540 παρέρχονται.
581 503 663 531 Ἀλλὰ
678 504 721 536 τίς
748 503 781 531 ἂν
805 503 904 539 θρῆνος

115 551 261 587 ἐξαρκέσει
281 550 321 585 τῷ
346 550 447 583 πάθει;
479 549 564 585 Οῐμαι
588 550 643 585 γὰρ
679 550 728 576 καὶ
757 549 837 577 αὐτὸν
858 549 905 577 τδν

120 596 268 632 Ἰερεμίαν,
281 595 408 631 θρήνους,
422 596 449 622 εί
457 604 499 627 τις
513 595 603 628 ἀλλος,
617 595 706 622 εἰδότα
719 595 905 630 συμπαρατεί-

115 650 172 669 νειν
185 638 402 677 παραπτώμασι,
419 640 450 668 τδ
465 641 576 668 ἔλαττον
584 641 703 668 ἐνταῦθα
715 641 843 672 λαϐόντα,
857 641 905 668 καὶ

114 688 164 723 τὴν
174 686 346 722 συμπάθειαν
357 686 383 713 ὃ)
389 696 422 722 ην
433 687 592 713 κενώσαντα
604 686 743 714 ἀπελθεῖν.
769 687 905 722 Τηλικοῦ-

114 742 161 760 τον
178 733 324 768 πρόκειται
351 733 466 767 πτῶμα,
491 733 540 759 καὶ
561 732 711 768 τηλικαύτη
733 733 850 768 κατέσχε
876 733 906 759 τὺ

114 779 287 814 ἀνθρώπινον
298 778 402 813 πληγή.
421 778 493 813 Ὅρα
508 778 574 813 γὰρ,
591 778 678 813 οῐμοι,
703 777 751 804 νῦν
768 778 817 814 μὲν
831 779 906 810 ὅπως

115 824 283 859 συνηγόρους
296 823 412 856 ἑαυτοὺς
428 823 649 859 προχειρίζονται
669 823 717 850 τοῦ
731 824 840 859 ὲχθροῦ,
857 824 906 851 νῦν

115 870 144 896 δὲ
155 870 187 896 οὐ
201 870 368 906 συνηγόρους
385 870 466 905 μόνον
481 869 549 896 ἀλλὰ
571 870 620 897 καὶ
645 871 679 905 τῇ
696 870 780 905 κακίᾳ
819 870 904 907 ὑπερ·
919 861 943 891 Β

117 916 230 950 ἑχοντας
253 916 302 942 καὶ
321 915 591 951 παρευδοκιμῶντας
610 915 656 942 τὸν
680 916 836 951 ἀρχέκακον
858 917 907 944 καὶ

116 961 274 997 ὑποσπορὰ
295 963 352 992 τοῖς
370 961 511 993 τοιούτοις.
538 962 592 988 Καὶ
612 961 830 997 παρελαύνοντες
850 963 907 994 τοῖς

115 1007 278 1038 ἀτόποιςτδν
287 1005 449 1043 εἰσηγητὴν,
460 1007 589 1043 αἴσθησιν
597 1007 648 1034 οὐκ
665 1007 788 1034 ἐθέλουσι
802 1007 905 1036 λαϐεῖν.

114 1051 171 1079 Τοῦ
188 1052 243 1087 γὰρ
258 1052 384 1087 Σωτῆρος
400 1052 479 1087 ἡμῶν
495 1052 547 1088 ήδη
562 1052 613 1088 τὴν
627 1052 710 1080 αὐτοῦ
721 1052 836 1089 θεότητα
857 1054 905 1080 καὶ

116 1099 196 1133 ἰσχὺν
207 1097 437 1133 παραδεικνύντος
448 1099 505 1130 τοῖς
521 1098 668 1134 θαύμασιν,
681 1099 743 1125 ἐπεὶ
753 1099 808 1125 τῶν
819 1098 907 1125 ἀλλων

115 1143 281 1178 νοσημάτων
301 1143 481 1170 ἀπαλλάττων
497 1143 528 1170 τὸ
547 1145 646 1171 οἰκεῖον
660 1143 783 1179 πλάσμα,
796 1143 858 1170 οὐδὲ
876 1143 908 1170 τὸ

114 1188 172 1215 τῶν
197 1188 335 1224 δαιμόνων
363 1188 457 1223 στῖφος
476 1187 521 1214 εία
549 1187 710 1222 διενοχλεϊν,
734 1187 804 1214 ἀλλὰ
834 1188 906 1223 μετά

117 1234 221 1269 πολλῆς
237 1235 289 1268 τῆς
308 1234 454 1265 αὐθεντίας
476 1233 644 1269 ἀπήλαυνεν,
669 1234 720 1260 οὐκ
745 1233 906 1269 ἐτόλμησεν,

116 1281 187 1315 ὅπερ
203 1279 347 1314 πρότερον,
359 1278 594 1311 ἀλαζονεύσασθαι
607 1280 627 1315 ό
636 1278 742 1314 ἐχθρὸς,
754 1278 802 1305 καὶ¹
810 1278 907 1306 ἑαυτοῦ

116 1324 200 1358 εἶναι,
220 1325 251 1357 ἑξ
276 1321 308 1351 οὗ
332 1324 474 1358 ἐδιώκετο,
500 1326 648 1352 ἀντειπεῖν.
669 1324 740 1351 Ἀλλ’
768 1325 827 1360 ἅμα
841 1334 872 1352 τε
893 1326 913 1353 ὁ.

117 1372 243 1407 Κτίστης
262 1371 446 1407 εὔσπλαγχνῳ
480 1371 520 1406 τῷ
553 1371 683 1406 κτίσματι
722 1371 912 1407 προσέϐλεψεν

115 1417 235 1452 ὄμματι,
255 1417 303 1443 καὶ
322 1415 452 1451 όλεγεὼν
476 1416 654 1452 ὲδραπέτευε,
669 1417 716 1443 καὶ
740 1417 791 1444 οὐκ
812 1416 842 1449 ἐξ
865 1413 908 1444 ὧν

116 1462 218 1497 φεύγει
231 1463 312 1498 μόνον
339 1462 387 1503 τοῦ
412 1462 555 1497 ἀλλοτρίου
574 1462 731 1495 διώκεσθαι,
752 1464 802 1490 καὶ
833 1463 908 1490 ἄκων

115 1510 452 1546 εργοιςὲπιμαρτύρεται,
480 1510 538 1537 ἀλλ⁹
562 1511 603 1537 ὅτι
632 1511 701 1546 μηδὲ
726 1511 782 1538 τῶν
807 1511 909 1547 χοίρων

73 1548 76 1551 ’
115 1557 201 1591 φύσις
220 1556 273 1583 ὑπὸ
287 1556 337 1592 τὴν
351 1556 474 1591 πονηράν
486 1556 546 1583 ἔστι
559 1556 660 1584 πλάσιν
674 1557 722 1584 καὶ
736 1557 824 1593 ἀρχὴν
839 1558 909 1593 λαμ-

115 1603 254 1638 πρότερον
267 1602 440 1636 ἀνομολογεῖ.
458 1601 570 1629 Αίτοῦσι
585 1602 640 1637 γὰρ
655 1603 681 1629 οί
700 1602 749 1638 τῆς
774 1603 910 1638 πονηρίας

115 1648 166 1676 τὸν
182 1648 272 1676 κοινὸν
287 1648 408 1684 κτίστην
433 1647 483 1675 καὶ
512 1649 685 1684 Δημιουργδν
710 1649 803 1676 ἄδειαν
817 1649 909 1681 αὐτοῖς

116 1694 284 1729 παρασχεῖν,
309 1693 362 1720 κᾶν
379 1688 446 1728 γοῦν
476 1694 506 1720 ἐν
532 1694 648 1726 ἐκείνοις
663 1694 806 1722 εἰσελθεῖν.
829 1695 861 1721 ’0
879 1694 909 1722 δὲ

116 1739 174 1774 ἀρα
189 1739 278 1765 πάντα
294 1738 324 1765 ἐν
342 1738 425 1774 σοφίᾳ
438 1738 535 1769 ποιῶν,
555 1738 606 1765 οὐκ
621 1738 746 1771 ἐκείνοις,
761 1739 799 1770 ὡς
825 1738 908 1771 ἔοικε,

116 1784 310 1820 χαριζόμενος,
324 1784 381 1811 ἀλλ’
401 1784 437 1820 ἢν
458 1784 528 1811 κατὰ
549 1784 605 1810 τῶν
628 1784 781 1820 ἀνθρώπων
809 1784 910 1820 ἔχθραν

118 1831 213 1866 ἔχουσι
244 1831 293 1858 καὶ
320 1830 478 1866 μιαιφονίαν
514 1830 685 1863 ἐνδείξασθαι
722 1831 910 1866 παραχωρῶν,

117 1877 190 1904 ἀλλά
207 1877 262 1912 μὴν
277 1877 326 1904 καὶ
341 1877 393 1912 τῆς
412 1877 515 1904 ἀτόπου
546 1877 651 1912 ταύτης
672 1876 763 1909 νόσου,
778 1875 834 1903 οἷόν
849 1886 910 1904 τινα

118 1922 272 1958 θεραπείαν
312 1922 641 1957 προκατασκευαζόμενος
676 1922 727 1957 τήν
742 1930 772 1949 τε
801 1922 911 1957 αἴτησιν

118 1968 213 1996 αὐτῶν
225 1968 316 2004 ἀφῆκε
334 1968 487 2004 προελθεῖν,
505 1968 553 1995 καὶ
572 1967 622 2003 τὴν
636 1967 727 1994 αὐτῶν
752 1967 841 2003 ὁρμὴν
861 1968 911 1995 καὶ

120 2013 241 2048 γνώμην
265 2013 306 2045 είς
327 2013 461 2048 θρίαμὸον
489 2013 619 2046 ἐξελθεῖν.
637 2014 720 2049 Ὁρᾷς
738 2013 798 2045 πῶς
820 2014 834 2040 ό
856 2014 910 2040 τῶν

115 2057 255 2093 δαιμόνων
273 2057 375 2092 λεγεὼν
388 2058 418 2085 οὐ
431 2058 524 2092 λόγοις
544 2059 603 2086 ἀλλ’
619 2058 728 2094 ἀνάγκῃ
747 2058 910 2094 πιεζόμενος

117 2103 182 2134 τοὺς
199 2102 308 2137 χοίρους
325 2102 487 2137 ἀνομολογεῖ
500 2103 570 2138 ἔργα
586 2100 657 2129 εῖναι
671 2102 718 2129 τοῦ
737 2103 766 2129 ὲν
782 2104 816 2138 τῇ
827 2104 911 2139 σαρκὶ

118 2149 311 2184 κρυπτομένου
321 2148 451 2184 ἀληθινοῦ
463 2149 531 2176 Θεοῦ
543 2157 551 2182 ;
573 2147 641 2175 Εἶτα
668 2149 683 2175 ό
697 2149 795 2184 ἐχθρὸς
811 2149 910 2185 πρότε-

953 236 1008 259 tum
1025 233 1112 260 hostis
1125 238 1220 261 contra
1237 233 1361 261 homines
1377 233 1504 266 valuerit,
1517 234 1545 261 in
1553 239 1739 270 quantamque

951 277 1099 312 perniciem
1114 278 1269 313 praecipites
1287 277 1326 305 illi
1343 278 1397 305 acti
1409 278 1477 312 sint,
1490 286 1572 314 quam
1585 279 1651 307 item
1675 288 1740 315 pro-

951 323 996 350 cul
1013 327 1110 351 natura
1127 331 1142 351 a
1157 323 1305 351 Conditore
1318 331 1414 351 aversa
1431 324 1476 358 sit,
1489 330 1632 360 postquam
1646 326 1740 353 adver-

953 368 1054 395 sarium
1076 369 1136 396 loco
1163 368 1318 396 Conditoris
1341 374 1371 397 ut
1385 369 1526 397 dominum
1547 377 1627 398 suum
1649 371 1739 406 elegit,

953 414 1111 449 exponenti,
1131 415 1260 442 interiora
1279 415 1471 448 invertuntur,
1487 416 1741 453 visceraque_com-

952 465 1107 493 moventur,
1125 461 1251 496 lacrymaa
1270 469 1303 489 ex
1324 461 1412 489 oculis
1427 462 1548 495 cadunt,
1568 467 1596 490 et
1622 463 1741 498 querela:

953 510 1112 541 argumenta
1132 512 1273 541 superant.
1290 507 1344 534 Sed
1366 506 1556 542 quze'tandem
1582 509 1742 536 lamentatio

954 552 1081 580 allectum
1108 553 1176 580 satis
1198 554 1355 588 exprimat?
1370 554 1461 589 Ipsum
1483 554 1557 581 enim
1575 554 1719 582 Jeremiam
1733 576 1741 587 ,

954 597 999 631 qui
1010 602 1094 629 certe,
1111 598 1206 633 siquis
1219 598 1300 630 alius,
1320 599 1433 626 threnos
1448 598 1555 626 delictis
1576 607 1655 635 pares
1675 608 1742 627 con-

955 642 1067 670 cinnare
1082 643 1175 676 valuit,
1189 643 1233 671 hic
1250 643 1409 671 inferiorem
1423 644 1492 677 fore,
1508 649 1536 672 et
1546 645 1621 672 omni
1634 646 1744 672 commi-

955 687 1092 715 seratione
1107 687 1218 722 profusa
1238 689 1379 724 negotium
1402 689 1562 717 relicturum
1577 698 1638 717 esse
1653 690 1743 717 credi-

946 732 1053 759 ,derim.
1069 732 1136 759 Tam
1150 732 1240 768 gravis
1254 733 1290 760 ob
1307 733 1402 761 oculos
1415 735 1494 762 nobis
1504 740 1630 762 versatur
1640 735 1743 770 lapsus.

956 781 984 804 et
1006 781 1111 804 tantqu
1131 785 1217 814 genus
1238 778 1389 806 humanum
1414 780 1514 807 vulnus
1543 780 1658 815 accepit.
1678 780 1744 808 Vide

957 823 1029 850 enim
1044 823 1181 858 quomodo
1197 832 1270 852 nunc
1283 825 1404 859 quidem,
1420 825 1488 860 proh
1505 825 1582 854 dolor
1595 827 1601 853 ι
1617 834 1647 854 se
1660 827 1746 854 hostis

957 869 1131 896 administras
1156 869 1271 903 sistant,
1296 879 1371 898 nunc
1386 879 1451 898 vero
1482 879 1537 899 non
1567 872 1745 899 administros

957 912 1049 945 modo,
1060 913 1108 940 sed
1121 917 1149 940 et
1164 917 1194 940 ut
1211 914 1280 941 tales
1292 934 1300 946 ,
1320 915 1367 950 qui
1388 915 1490 942 malitia
1505 923 1538 943 ac
1554 916 1631 943 lactis
1648 917 1744 951 hujus-

957 959 1030 986 modi
1039 959 1128 994 ipsum
1141 959 1176 987 ab
1186 960 1291 996 origine
1307 961 1409 988 malum
1430 966 1457 988 et
1473 962 1537 988 mali
1561 966 1679 989 saturem
1698 970 1746 989 su-

958 1011 1054 1040 perant
1068 1013 1100 1033 ac
1112 1006 1238 1036 vincunt.
1255 1011 1283 1034 et
1297 1014 1332 1033 ne
1348 1006 1388 1034 sic
1401 1006 1512 1041 quidem
1523 1007 1647 1042 quamvis
1661 1008 1746 1042 magi-

959 1056 1046 1078 strum
1067 1052 1212 1080 insolentia
1233 1060 1281 1080 sua
1303 1053 1557 1088 praetervehantur,
1574 1053 1638 1080 mali
1663 1061 1746 1080 sensu

959 1097 1125 1125 alliciuntur.
1136 1097 1205 1125 Cum
1224 1098 1297 1125 enim
1318 1099 1447 1126 Servator
1464 1104 1558 1126 noster
1578 1099 1746 1126 divinitatem

959 1151 1035 1171 suam
1048 1148 1075 1170 et
1089 1144 1239 1178 potentiam
1255 1144 1395 1172 miraculis
1408 1144 1465 1179 jam
1483 1144 1658 1176 declarasset,
1674 1144 1746 1171 idem

959 1196 1014 1215 non
1031 1188 1118 1216 solum
1134 1189 1194 1216 aliis
1213 1189 1316 1217 morbis
1329 1194 1484 1216 creaturam
1501 1197 1577 1216 suam
1601 1189 1746 1220 liberavit,

959 1233 1007 1261 sed
1025 1241 1076 1261 nec
1090 1233 1230 1267 permisit,
1254 1238 1284 1260 ut
1306 1233 1401 1261 eadem
1424 1241 1439 1260 a
1463 1233 1616 1261 daemonum
1637 1237 1746 1260 caterva

961 1279 1127 1311 turbaretur,
1141 1283 1224 1314 atque
1243 1279 1312 1306 adeo
1326 1286 1388 1306 cum
1405 1273 1572 1306 auctoritate
1584 1278 1669 1305 multa
1686 1285 1747 1305 eam

961 1324 1139 1359 propulsavit,
1154 1331 1210 1351 non
1225 1332 1291 1351 sane
1306 1328 1382 1357 tunc,
1398 1329 1427 1351 ut
1437 1329 1527 1356 antea,
1544 1331 1627 1351 ausus
1642 1329 1685 1351 est
1699 1331 1750 1361 su-_

960 1370 1068 1405 perbire
1083 1370 1181 1402 hostis,
1193 1365 1330 1405 suumque
1351 1370 1388 1402 id,
1407 1377 1462 1405 quo
1477 1370 1671 1405 impetebatur,
1686 1376 1748 1396 esse

961 1416 1038 1443 dixit.
1054 1415 1107 1443 Sed
1121 1415 1203 1444 simul
1221 1423 1252 1443 ac
1271 1416 1386 1443 Creator
1400 1420 1554 1443 creaturam
1575 1423 1653 1443 suam
1668 1415 1749 1442 oculo

961 1462 1109 1490 miserante
1121 1462 1237 1497 aspexit.
1259 1462 1329 1497 legio
1345 1462 1498 1489 daemonum
1511 1461 1618 1497 aufugit
1629 1462 1676 1492 η’.
1699 1468 1749 1488 ne-

961 1515 1015 1542 que
1026 1499 1161 1535 solum’eo
1179 1507 1249 1542 ipso,
1263 1507 1336 1542 quod
1352 1507 1430 1543 fugit,
1450 1507 1484 1534 ab
1504 1507 1632 1534 alienosc
1647 1506 1702 1541 peti
1718 1514 1749 1534 re

960 1552 1028 1588 ipsa.
1045 1552 1125 1580 etiam
1141 1552 1255 1585 invitus,
1271 1557 1396 1585 testatur,
1411 1552 1459 1580 sed
1474 1557 1513 1586 et,
1527 1552 1600 1587 quod
1616 1560 1667 1580 nec
1680 1560 1746 1587 por-

960 1606 1054 1626 corum
1069 1603 1166 1625 natura
1185 1599 1259 1626 malo
1269 1599 1405 1627 conditori
1427 1603 1455 1626 et
1469 1599 1607 1634 principio
1625 1599 1747 1634 subjecta

960 1644 1005 1676 sit,
1023 1643 1174 1671 clarissime
1186 1644 1342 1679 proﬁtetur.
1356 1643 1419 1671 Mali
1434 1644 1508 1672 enim
1520 1645 1564 1672 isti
1578 1653 1593 1672 ε
1608 1644 1749 1672 communi

959 1689 1108 1716 Conditore
1122 1693 1151 1716 et
1162 1689 1292 1717 Creatore
1311 1695 1444 1725 expetunt
1457 1690 1508 1718 sibi
1526 1691 1683 1718 facultatem
1705 1691 1749 1718 vel

960 1734 987 1762 in
1003 1742 1102 1770 porcos
1114 1735 1295 1770 ingrediendi.
1309 1735 1360 1768 Qui
1376 1743 1440 1763 vero
1457 1737 1549 1763 omnia
1562 1735 1699 1770 sapienter
1709 1735 1751 1762 la-

960 1780 1058 1813 ciebat,
1076 1784 1151 1808 certe
1161 1788 1216 1808 non
1233 1780 1296 1813 illis,
1310 1785 1340 1807 ut
1351 1781 1468 1812 videtur,
1481 1781 1692 1816 gratiﬁcaturus,
1701 1780 1750 1808 sed

960 1825 1051 1860 potius
1060 1830 1233 1858 ostensurus,
1249 1833 1330 1860 quam
1342 1826 1473 1854 adversus
1490 1826 1616 1853 homines
1629 1825 1749 1853 inimici-

960 1871 1026 1899 tiam
1037 1871 1158 1905 loveant,
1172 1871 1335 1906 caedemque
1353 1871 1467 1906 spirent,
1479 1872 1534 1898 imo
1546 1879 1614 1899 vero
1626 1876 1653 1899 et
1666 1872 1750 1899 medi-

960 1918 1050 1945 cinam
1064 1917 1211 1952 quamdam
1229 1921 1326 1945 contra
1341 1917 1505 1945 insolentem
1529 1918 1602 1945 hunc
1624 1919 1750 1946 morbum

959 1967 1115 1998 paraturus,
1131 1962 1292 1998 petitionem
1305 1969 1402 1990 eorum
1420 1964 1495 1990 omni
1507 1972 1540 1990 ex
1562 1967 1639 1998 parte
1661 1969 1750 1993 ratam

960 2014 1032 2039 esse,
1050 2014 1201 2041 eorumque
1223 2007 1357 2043 impetum
1378 2012 1407 2034 et
1426 2008 1595 2035 voluntatem
1618 2009 1750 2044 triumphi

960 2053 1020 2081 loco
1029 2053 1165 2081 inservire
1174 2053 1298 2088 iubebat.
1314 2053 1442 2087 Videsne,
1457 2055 1595 2089 quomodo
1611 2055 1681 2090 legio
1696 2056 1751 2083 da:-

960 2107 1072 2127 monum
1094 2107 1150 2127 non
1168 2099 1261 2127 verbis
1277 2100 1326 2127 sed
1344 2100 1424 2128 factis
1436 2119 1443 2131 .
1468 2108 1557 2135 neque
1575 2105 1673 2135 sponte
1689 2109 1749 2133 sua,

961 2143 1009 2172 sed
1028 2144 1195 2172 necessitate
1212 2149 1316 2177 coacta,
1336 2145 1515 2179 proﬁteatur,
1538 2153 1634 2179 porcos
1665 2153 1749 2180 opera

120 2203 168 2230 ρον
184 2194 421 2230 καταψευδόμενος
439 2195 487 2222 καὶ
502 2194 598 2229 λέγων’
618 2195 715 2222 Ταῦτα
731 2194 830 2222 πάντα
852 2195 907 2230 ἐμά

960 2197 1021 2217 esse
1034 2190 1090 2217 veri
1108 2190 1168 2222 Dei,
1184 2190 1237 2218 sub
1254 2198 1337 2218 carne
1352 2191 1481 2218 occultati
1494 2191 1507 2217 ?
1521 2190 1623 2217 Deinde
1644 2191 1748 2222 hostis,

118 2241 196 2272 ἐστι,
211 2240 260 2266 καὶ
275 2239 330 2266 ἐὰν
355 2240 459 2267 πεσὼν
479 2239 704 2274 προσκυνήσῃς
730 2248 792 2274 μοι,
821 2240 908 2268 δώσω

118 2293 170 2312 σοι
186 2284 279 2312 αὐτὰ·
309 2281 386 2316 οὗτος
400 2285 462 2311 τότε
478 2285 584 2319 ἀγνοῶν
600 2284 660 2319 μὲν,
680 2286 722 2312 ὃτι
744 2285 811 2318 Θεὸς
825 2283 870 2321 ἦν,
886 2283 909 2320 ᾦ

118 2332 171 2367 τὴν
190 2332 289 2367 πεῖραν
306 2332 440 2366 προσῆγε,
462 2330 746 2366 καταλαζονευόμενος
761 2332 801 2364 δὲ,
821 2332 859 2364 ὡς
875 2332 909 2360 τὰ

118 2377 233 2412 ἐπίγειά
246 2377 321 2404 ἐστιν
335 2376 429 2410 αὐτοῦ,
445 2376 496 2411 τῆς
518 2376 613 2411 θεῖκῆς
626 2377 677 2412 ἢδη
693 2377 773 2412 δόξης
795 2377 840 2404 διὰ
854 2377 909 2404 τῶν

119 2422 270 2458 θαυμάτων
296 2422 559 2457 ἀπαστραπτούσης,
576 2421 663 2448 ἔδεισέ
702 2431 731 2449 τε
747 2423 762 2449 ό
785 2423 908 2458 ἀναιδὴς,

117 2469 168 2496 καὶ
186 2468 238 2503 τῆς
249 2468 410 2500 ἀλαζονείας
425 2467 545 2502 ἀπέστη·
559 2468 607 2494 καὶ
621 2468 751 2502 ὁμολογεῖ
764 2468 798 2495 δι’
820 2469 910 2504 ἔργων

118 2514 189 2549 μηδὲ
200 2513 252 2549 τὴν
264 2513 312 2540 ἐπὶ
324 2514 381 2545 τοῖς
399 2513 501 2548 χοίροις
517 2512 591 2548 ἔχειν
607 2512 746 2547 ἐξουσίαν,
768 2514 807 2550 μὴ
819 2515 863 2541 ὅτι
876 2523 909 2549 γε

117 2558 230 2585 πλάσιν.

154 2644 195 2661 ’⁸⁸
210 2644 294 2674 Marc.
308 2651 337 2678 ν,
349 2643 378 2672 9.
417 2643 438 2660 ⁸⁸
450 2643 547 2673 Matth.
577 2653 615 2678 vi,
625 2645 653 2682 9,

957 2235 1004 2270 qui
1019 2235 1137 2270 primum
1155 2236 1286 2263 mentitus
1300 2240 1359 2263 erat
1373 2236 1488 2263 dicens:
1509 2235 1572 2262 ch
1586 2236 1675 2262 omnia
1692 2243 1751 2262 mea

957 2286 1028 2315 sunt,
1044 2285 1079 2314 et,
1090 2282 1113 2308 si
1125 2281 1261 2316 precidem
1273 2281 1427 2308 adoraveris
1441 2290 1490 2314 me,
1516 2290 1547 2308 ea
1569 2281 1616 2308 tibi
1631 2281 1699 2308 dabo
1711 2281 1750 2314 ";

958 2327 992 2359 is,
1009 2327 1131 2362 inquam,
1145 2327 1256 2362 quidem
1273 2327 1403 2363 ignorans
1414 2346 1422 2360 ,
1440 2327 1526 2354 Deum
1543 2334 1603 2355 esse
1618 2335 1698 2360 eum,
1721 2327 1751 2354 in

958 2381 1039 2409 quem
1054 2373 1234 2401 tentationem
1252 2363 1405 2406 moliretur;
1419 2378 1502 2409 atque
1517 2373 1587 2401 adeo
1609 2373 1751 2400 terrestria

958 2427 1008 2447 sua
1020 2427 1082 2446 esse
1095 2419 1236 2454 gloriatos,
1252 2427 1341 2450 nunc.
1365 2419 1475 2454 quando
1489 2419 1582 2447 divina
1599 2419 1684 2455 gloria
1701 2427 1752 2455 per

958 2464 1089 2493 miracula
1105 2465 1247 2497 eluxisset,
1264 2465 1356 2492 timuit
1369 2465 1421 2492 sibi
1436 2465 1581 2500 impudens
1591 2485 1598 2496 ,
1616 2469 1643 2492 et
1659 2465 1693 2492 ab
1707 2472 1751 2492 ar-

958 2511 1082 2547 rogantia
1094 2511 1244 2539 abstinuit:
1259 2517 1342 2546 atque
1360 2511 1399 2538 sic
1414 2518 1498 2546 opere
1509 2511 1568 2546 ipso
1586 2511 1704 2543 fatetur,
1721 2518 1752 2538 se

957 2564 1010 2584 nec
1024 2560 1188 2592 potestatem
1208 2556 1321 2592 quidem
1339 2557 1368 2584 in
1390 2564 1489 2592 porcos
1506 2557 1625 2592 habere,
1649 2556 1752 2586 nedum

959 2609 1008 2630 COS
1019 2610 1139 2630 creasse.

680 2740 798 2770 VARIE
823 2742 1016 2772 LECTIONES
1030 2743 1074 2771 ET
1093 2743 1208 2772 NOTAE.

155 2827 214 2863 (ιι)
242 2829 438 2864 Ταράσσεται.
467 2829 507 2857 ita
528 2829 624 2864 scripsi
650 2836 700 2864 pro
722 2829 905 2866 παράσσεται,

957 2831 989 2860 od
1002 2834 1046 2860 est
1060 2831 1089 2860 in
1108 2839 1160 2859 ma.
