1941 3085
219 134 271 167 223

255 191 315 219 XX.
328 191 370 218 Tu
386 198 461 224 vero,
477 198 494 218 ο
516 191 608 223 homo,
625 190 832 227 expergiscere:
848 192 1007 219 nondumne

220 237 366 266 hominum
380 242 456 265 tuum
472 244 621 272 agnoscere
636 237 723 272 cupis,
740 237 789 264 sed
803 237 893 264 adhuc
908 245 1008 272 corpus

219 289 296 312 tuum
319 288 474 312 creaturam
496 283 557 310 Mali
582 283 721 318 appellas?
741 282 782 315 ls,
806 283 886 318 cujus
909 283 1008 319 agebas

219 335 374 364 patronum,
397 329 495 356 timore
511 334 670 363 correptus,
693 329 807 364 deponit
822 329 1006 362 mendacium,

219 380 247 402 tu
260 382 323 402 vero
337 374 365 401 in
378 374 531 409 patrocinio
543 374 652 410 pergis?
666 375 713 402 Illo
727 382 809 410 opere
824 375 883 410 ipso
896 375 1004 408 clamat,

217 420 289 455 quod
300 427 351 447 nec
364 427 510 455 porcorum
522 420 558 447 sit
572 420 711 453 dominus,
725 424 753 448 tu
767 428 832 448 vero
847 428 910 448 eum
929 425 1006 448 tuum

218 465 286 493 facis
310 465 477 493 dominum?
505 465 530 493 ls
558 466 681 493 nondum
712 465 834 501 perfecte
861 465 1006 494 Dominum

216 517 379 545 agnoscens,
396 518 486 545 neque
503 510 575 538 enim
590 518 657 538 crux
668 511 758 539 adhuc
769 515 828 539 erat
841 511 905 544 ﬁxa,
917 519 1006 547 neque

216 555 257 583 sol
269 556 390 583 tenebris
403 556 554 583 obduxerat
570 556 658 583 lucem
672 576 680 589 ,
702 564 792 591 neque
808 561 910 584 terram
923 577 930 590 ,
956 565 1006 592 per

217 605 345 628 naturam
363 601 483 636 alioquin
513 601 633 636 quietam
646 621 653 633 ,
678 601 812 629 mirabilis
832 602 1006 637 corripuerat

217 650 421 681 tremor,neque
431 647 568 674 conclavia
581 647 731 674 inferorum
744 648 864 675 locorum
875 652 1004 675 evacuata

216 692 304 719 adhuc
310 697 397 723 erant.
405 700 494 727 neque
503 693 667 721 resurrectio
673 693 781 729 cognita
790 702 796 720 :
806 694 882 721 ctvel
889 694 1004 726 sic,cum

216 737 283 764 nihil
301 738 397 764 horum
413 738 530 771 adesset,
544 739 612 766 latro
626 759 634 772 ,
657 746 672 766 a
700 739 814 767 veritate
833 740 1004 768 substantiali

214 783 266 810 sibi
283 788 417 815 metuens,
433 791 448 810 ιι
458 788 690 819 potestate,quam
707 790 787 812 antea
798 785 850 812 sibi
860 785 911 820 ipsi
927 785 1005 813 attin-

215 832 301 860 xerat,
315 836 344 856 se
359 829 449 864 ipsum
463 829 544 857 etiam
561 830 662 857 invitus
678 835 798 858 revocat.
811 830 918 858 Veritas
930 832 1002 858 enim

215 874 374 901 mendacem
383 874 420 902 ita
433 875 588 907 coercebat,
604 880 633 902 ut
643 883 705 915 cum
717 881 802 903 antea
819 884 901 912 regna
912 877 1003 915 omnia

214 928 264 947 sua
279 929 340 948 esse
355 921 531 956 gloriaretur,
552 929 635 956 opere
655 921 715 957 ipso
723 930 758 949 ne
780 923 808 949 in
824 930 923 957 porcos
941 922 1004 958 qui-

214 966 289 997 dem.
311 967 412 993 nedum
435 967 462 993 in
491 967 640 1002 quidquam
678 967 762 1000 aliud,
790 972 954 1002 potestatem
973 976 1003 997 se

215 1011 317 1039 habere
344 1013 484 1040 clamaret.
509 1013 549 1040 Tu
568 1020 636 1040 vero
655 1017 718 1048 post
733 1021 842 1041 crucem
858 1014 1000 1049 perlatam,

215 1061 277 1092 post
292 1058 438 1092 spoliatum
458 1058 608 1090 infernum,
620 1062 684 1093 post
700 1058 800 1086 factam
822 1060 1002 1088 resurrectio-

214 1111 288 1135 nem,
319 1108 381 1139 post
408 1103 593 1139 triumphatos
619 1104 789 1140 principatus
803 1109 832 1132 et
850 1110 1002 1140 potestates

215 1148 400 1181 tenebrarum,
428 1153 490 1184 post
503 1148 596 1176 datam
624 1149 674 1176 tibi
699 1149 867 1183 facultatem,
891 1159 1000 1178 omnem

213 1193 310 1225 hostis,
329 1194 351 1221 si
376 1194 454 1227 velis,
474 1199 638 1229 potestatem
656 1195 802 1229 eludendi;
820 1201 859 1230 tu,
876 1197 1000 1233 inquam,

214 1239 331 1273 teipsum
360 1239 450 1267 adhuc
476 1239 548 1268 ferre
580 1244 670 1275 potes,
695 1242 806 1276 quando
826 1246 852 1270 te
867 1243 947 1276 alius,
965 1251 1001 1271 ne

212 1284 300 1311 dicant
325 1289 355 1312 tu
386 1285 574 1320 temetipsum,
606 1286 756 1314 obnoxium
792 1292 820 1314 et
845 1293 1000 1316 creaturam

211 1328 274 1358 Mali
288 1330 430 1365 appellat?
446 1331 513 1365 Quis
528 1339 594 1359 vero
619 1340 675 1359 non
698 1332 743 1360 vel
762 1333 827 1360 hinc
844 1333 923 1362 facile
936 1342 1000 1369 per-

213 1375 348 1410 spexerit,
377 1375 461 1409 quod,
483 1375 530 1409 qui
555 1375 606 1403 sub
629 1375 689 1411 lege
720 1378 861 1412 propheta:
883 1383 1001 1408 erantet

212 1419 303 1454 legati.
331 1425 455 1454 quosque
479 1418 642 1454 Jerusalem,
674 1428 725 1449 ceu
748 1422 1000 1457 stupidissimorum

211 1465 367 1494 Iudaeorum
380 1470 468 1493 coetus
490 1466 592 1501 prodit,
613 1466 740 1502 lapidans
756 1472 785 1495 et
803 1469 932 1497 occidens
944 1477 1000 1497 non

212 1511 329 1542 ferebat,
356 1510 395 1538 illi
406 1511 518 1538 omnino
538 1519 553 1538 a
574 1511 646 1539 bono
667 1513 804 1548 principio
824 1509 950 1549 inspirati
971 1520 1000 1542 et

213 1555 289 1582 missi
316 1555 383 1587 sint,
408 1560 490 1590 atque
515 1555 578 1583 inde
611 1557 744 1592 originem
767 1558 905 1592 duxerint,
928 1560 1001 1588 unde

213 1601 306 1628 omnia
330 1600 382 1628 ista
405 1601 603 1636 profluxerant,
630 1610 729 1638 nempe
743 1603 778 1631 ab
795 1604 856 1639 ipso
883 1605 1001 1635 Domino

213 1652 308 1675 nostro
324 1646 389 1674 Jesu
413 1647 535 1680 Christo,
549 1648 673 1676 veritatis
696 1649 772 1677 fonte
785 1649 797 1676 ?
810 1650 835 1678 is
857 1651 931 1678 enim
948 1652 1001 1679 mi-

212 1698 303 1718 seram
318 1690 418 1718 clamat
433 1697 495 1718 esse
517 1690 669 1719 Jerusalem
687 1692 723 1719 ob
741 1699 785 1726 ea,
807 1694 907 1728 quibus
928 1695 1001 1724 facta

212 1736 250 1764 sit
273 1736 403 1764 obnoxia.
426 1735 487 1765 Non
515 1744 579 1765 vero
603 1737 732 1766 miseram
758 1738 863 1767 diceret
889 1739 1001 1769 Bonitas

213 1782 272 1817 ipsa
284 1789 343 1809 eam
359 1782 466 1814 urbem.
489 1790 550 1818 qua:
564 1783 696 1818 lapidaret
710 1788 758 1812 aut
781 1785 919 1813 occideret
937 1794 1001 1821 pra-

212 1828 305 1856 vitatis
326 1833 464 1856 amatores
482 1834 531 1857 aut
553 1829 678 1864 ejusdem
702 1830 825 1866 legatos:
852 1831 1001 1861 Jerusalem

211 1874 293 1907 enim,
319 1874 416 1910 inquit,
438 1874 597 1908 Jerusalem,
622 1884 681 1911 qua:
703 1878 798 1905 occidis
808 1879 957 1914 prophetas,
976 1884 1001 1908 et

212 1919 318 1954 lapidas
332 1921 424 1947 missos
446 1920 482 1947 ad
505 1928 564 1947 eam
577 1921 610 1948 ¹².
632 1921 666 1948 Et
678 1922 914 1956 postea:Quotiea
930 1925 1002 1952 uolui

211 1972 374 1999 congregare
386 1964 455 1998 ﬁlios
478 1969 546 1998 tuos,
560 1967 688 2001 quomodo
710 1967 813 2002 gallina
826 1968 913 2003 pullos
926 1978 1000 2004 suos,

212 2017 258 2035 eos
282 2013 371 2036 autem
396 2009 516 2037 noluistis
542 2010 574 2040 ¹²,
592 2010 648 2039 Hoc
669 2016 727 2040 est:
743 2012 858 2046 Quoties
873 2015 948 2043 volui
966 2023 1001 2043 ex

211 2054 455 2083 commiseratione
491 2063 539 2083 eos
565 2057 599 2084 ad
631 2065 677 2085 me
698 2059 831 2094 recipere,
861 2065 890 2088 et
912 2069 1001 2098 poenas

781 134 913 166 PHOTII
931 134 1186 166 PATRIARCH/E
1213 135 1267 167 ΟΡ.

1793 139 1840 171 224

1020 192 1047 222 Λ
1092 192 1135 219 K’.
1149 192 1204 220 Καὶ
1217 192 1261 225 σὺ,
1273 191 1413 227 ἄνθρωπε,
1427 191 1575 228 ἀνάνηψον,
1589 192 1666 221 οὔπω
1681 193 1768 227 θέλεις
1783 195 1838 223 ἑπι-

1057 237 1161 272 γνῶναι
1175 237 1221 264 τὸν
1237 238 1353 265 σεαυτοῦ
1366 238 1516 273 Δεσπότην,
1527 238 1585 266 ἀλλ’
1598 238 1640 266 ἔτι
1657 238 1689 266 τὸ
1702 239 1748 267 σὺν
1763 241 1838 277 σῶμα

1057 283 1171 319 πλάσμα
1190 283 1282 318 λέγεις
1303 283 1351 311 τοῦ
1367 284 1509 319 Πονηροῦ;
1532 284 1562 312 '0
1597 285 1837 322 συνηγορούμενος,

1057 326 1133 362 φόδῳ
1163 328 1317 364 συσχεθεὶς,
1344 328 1376 355 τὸ
1396 328 1502 364 ψεῦδος
1523 329 1654 363 ἀπέθετο,
1670 331 1766 358 καὶσὺ
1792 332 1837 367 τὴν

1059 373 1224 408 συνηγορίαν
1252 372 1292 400 ἔτι.
1320 375 1500 409 συγκροτεῖςς
1523 374 1643 406 Ἐκεῖνος
1667 377 1725 408 τοῖς
1750 376 1836 412 ἔργοις

1057 417 1173 454 ἁναὸοᾷ,
1187 419 1225 451 ὡς
1241 419 1303 446 οὐδὲ
1323 419 1379 446 τῶν
1404 419 1503 455 χοίρων
1527 420 1623 455 κύριός
1647 421 1718 454 ἐστι,
1744 423 1837 450 καὶσὺ

1057 464 1171 491 σεαυτοῦ
1190 465 1285 500 κύριον
1309 466 1415 498 ποιεῖς;
1434 465 1553 497 Ἐκεῖνος
1568 465 1646 493 οὔπω
1666 467 1777 499 τελείως
1796 468 1838 495 τὸν

1056 509 1194 546 Δεσπότην
1218 511 1346 545 ἐπιγνοὺς
1361 511 1430 546 (15),
1453 510 1530 537 οὔπω
1554 511 1609 547 γὰρ
1635 509 1670 548 ἦν
1688 513 1703 539 ὀ
1729 513 1838 549 σταυρὸς

1056 555 1167 590 πνιγεὶς,
1190 555 1246 583 οὐδ’
1270 557 1285 583 ὁ
1309 556 1386 592 ἥλιος
1402 556 1492 592 σκότῳ
1508 556 1700 592 καλυψάμενος
1722 557 1754 585 τὸ
1772 558 1836 593 φῶς,

1055 600 1116 628 οὐδὲ
1132 601 1183 636 τὴν
1198 601 1252 636 γῆν
1262 600 1323 628 ἀντὶ
1337 601 1384 636 τῆς
1400 601 1471 628 κατὰ
1485 602 1566 636 φύσιν
1578 603 1698 638 ἠρεμίας
1716 604 1731 630 ό
1750 604 1835 639 παρά-

1055 646 1130 679 δοξος
1138 644 1195 682 εἷχε
1202 647 1314 683 τρόμος,
1327 647 1389 674 οὐδὲ
1397 647 1432 674 τὰ
1440 646 1486 674 τοῦ
1497 647 1561 683 ᾅδου
1571 646 1721 676 ὲκεκὲνιιὶτο
1729 650 1835 684 ταμεία,

1055 691 1142 727 οὐδὲή
1158 692 1306 724 ἀνάστασις
1317 693 1492 727 ἐγινώσκετο.
1516 693 1586 720 Ἀλλ’
1602 693 1650 721 οῦν
1660 694 1708 721 καὶ
1726 695 1836 730 μηδενὸς

1055 737 1095 764 ἔτι
1104 737 1209 765 τούτων
1217 738 1351 774 παρόντος
1364 739 1378 765 ό
1391 738 1494 774 λῃστὴς
1501 739 1551 775 τὴν
1559 739 1740 768 ινυπόστατον
1746 739 1836 773 δεδιὼς

1054 783 1196 819 ἀλήθειαν,
1213 784 1247 819 ἢν
1260 784 1336 820 αὑτῷ
1349 784 1574 820 προανεπλάσατο
1586 785 1722 818 ἐξουσίαν,
1737 786 1838 822 ταύτης

1056 829 1151 856 ἑαυτὸν
1162 830 1207 856 καῒ
1227 829 1304 857 ἄκων
1328 829 1444 864 ἀπάγει.
1464 829 1605 862 Ἑὸιάζετο
1619 831 1674 867 γὰρ
1698 831 1837 867 ἠάλήθεια

1017 857 1041 887 Β
1055 876 1101 904 τὸν
1106 873 1239 910 ψεύστην·
1246 876 1294 902 καὶ
1302 875 1371 910 μηδὲ
1378 857 1558 910 τιῦνχοίρων,
1565 875 1604 911 μὴ

1053 922 1068 948 ό
1080 921 1130 953 τὰς
1147 919 1288 956 βασιλείας
1314 919 1405 951 πάσας
1420 919 1516 946 ἑαυτοῦ
1533 920 1751 956 τερατευόμενος
1769 918 1837 948 εἷναι

1055 966 1118 1002 μηδ’
1139 965 1229 992 αὐτῶν
1258 964 1331 1000 ἔχειν
1352 964 1404 1000 τὴν
1432 964 1581 1001 κυριότητα
1604 966 1662 997 τοῖς
1679 966 1838 1002 πράγμασιν

1052 1012 1214 1047 ἀνακράζει.
1230 1011 1288 1039 Καὶ
1300 1011 1332 1038 σὺ
1349 1013 1418 1046 μετὰ
1431 1011 1478 1038 τὸν
1496 1011 1625 1046 σταυρὸν,
1644 1012 1713 1047 μετὰ
1727 1013 1758 1039 τὸ
1775 1021 1839 1039 σκυ-

1052 1056 1235 1092 λευθῆναιτδν
1257 1055 1344 1091 ᾅδην,
1359 1055 1430 1090 μετὰ
1453 1054 1503 1091 τὴν
1527 1056 1688 1089 ἀνάστασιν,
1712 1057 1782 1092 μετὰ
1806 1057 1838 1084 τὸ

1053 1101 1359 1139 παραδειγματισθῆναι
1372 1101 1421 1134 τὰς
1434 1102 1522 1137 ἀρχὰς
1531 1102 1578 1129 καὶ
1590 1102 1639 1134 τὰς
1652 1102 1779 1135 ἐξουσίας
1790 1102 1837 1130 τοῦ

1052 1148 1177 1180 σκότους,
1209 1147 1280 1184 μετὰ
1293 1147 1324 1174 τὸ
1345 1147 1439 1175 λαϐεῖν
1455 1156 1484 1174 σε
1510 1147 1560 1182 τὴν
1574 1147 1709 1181 ἐξουσίαν,
1735 1148 1768 1176 ἂν
1784 1148 1837 1184 ἄρα

1052 1194 1148 1231 βούλῃ,
1163 1195 1236 1221 κατὰ
1252 1194 1343 1230 πάσης
1365 1194 1416 1230 τῆς
1432 1194 1574 1229 δυνάμεως
1590 1194 1637 1221 τοῦ
1659 1195 1769 1230 ἐχθροῦ,
1796 1195 1837 1222 ἐτι

1052 1241 1164 1267 σεαυτὸν
1174 1239 1271 1275 ἀνέχῃ,
1280 1239 1356 1271 εῐτις
1369 1247 1398 1265 σε
1408 1238 1488 1270 ἄλλος
1498 1239 1660 1272 ὑπεξοιὴιον
1670 1239 1717 1266 καὶ
1726 1239 1837 1275 πλάσμα

1051 1285 1125 1320 λέγει
1149 1285 1196 1312 τοῦ
1211 1283 1343 1321 πονηροῦ,
1365 1284 1404 1319 μὴ
1419 1284 1461 1311 ὅτι
1481 1292 1513 1318 γε
1530 1285 1562 1311 σὺ
1585 1284 1718 1318 σεαυτόν;
1743 1285 1792 1316 Τίς
1813 1285 1837 1312 δ’

1050 1330 1112 1366 οὐχὶ
1135 1328 1284 1356 κάντεῦθεν
1308 1328 1397 1363 ῥᾷστα
1416 1327 1527 1360 συνίδοι,
1539 1327 1577 1359 ὡς
1591 1328 1616 1354 οἱ
1633 1327 1678 1355 διὰ
1690 1327 1738 1354 τοῦ
1753 1328 1836 1363 νόμου

1051 1375 1190 1412 προφῆται
1212 1374 1261 1401 καὶ
1283 1373 1494 1408 ἀπεσταλμένοι,
1516 1372 1563 1405 οὒς
1580 1374 1597 1408 ἡ
1619 1372 1806 1408 Ἰερουσαλὴμ,
1822 1373 1838 1400 ὃ

1051 1421 1099 1448 νῦν
1108 1421 1185 1456 δηλοῖ
1194 1420 1248 1447 τῶν
1255 1418 1504 1455 άγνωμονεστέρων
1518 1419 1654 1446 Ἰουδαίων
1663 1419 1693 1446 τὸ
1700 1419 1838 1454 σύστημα,

1051 1466 1227 1494 λιθοδολοῦσά
1239 1474 1270 1493 τε
1284 1465 1334 1493 καὶ
1346 1464 1532 1492 ἁποκτιννῦσα
1550 1464 1600 1491 οὐκ
1615 1465 1695 1498 ἀνίει,
1712 1461 1787 1491 οὗτοι
1805 1464 1838 1500 δὴ

1013 1529 1035 1558 c
1051 1513 1101 1548 τῆς
1118 1512 1225 1547 ἀγαθῆς
1242 1511 1366 1547 ὑπῆρχον
1390 1511 1535 1542 ἐπιπνοίας
1558 1519 1589 1537 τε
1606 1510 1654 1537 καὶ
1673 1509 1839 1558 άποστολῆς,

1051 1558 1100 1585 καὶ
1114 1558 1147 1595 δὴ
1159 1558 1208 1585 καὶ
1220 1558 1272 1594 τὴν
1282 1557 1463 1593 δημιουργίαν
1477 1557 1603 1588 ἕλκοντες
1611 1555 1717 1583 ἐκεῖθεν
1732 1564 1740 1588 ;
1754 1555 1840 1582 Πόθεν

1051 1605 1099 1631 καὶ
1111 1604 1153 1636 τίς
1169 1604 1187 1639 ἠ
1214 1603 1387 1639 παράστασις
1397 1611 1405 1619 ·
1430 1602 1511 1634 αὑτός
1521 1603 1596 1629 ἔστιν
1610 1603 1625 1629 ὁ
1643 1602 1744 1637 Κύριος
1759 1601 1841 1637 ἡμῶν

1058 1649 1162 1684 Ἰησοῦς
1176 1648 1305 1684 Χριστὸς,
1321 1648 1338 1683 ἡ
1352 1648 1402 1683 τῆς
1425 1646 1555 1683 ἀληθείας
1568 1646 1656 1682 πηγή.
1682 1646 1841 1678 Ταλανίζων

1051 1697 1107 1731 γὰρ
1120 1695 1170 1731 τὴν
1187 1693 1379 1731 Ἰερουσαλὴμ,
1394 1690 1436 1725 οἷς
1452 1693 1482 1719 ὲν
1495 1692 1601 1724 τούτοις
1622 1691 1776 1727 ὑπηνέχθη,
1790 1691 1842 1718 οὒκ

1052 1740 1086 1768 ἂν
1105 1740 1133 1767 δὲ
1147 1739 1318 1768 ταλανίσειιν
1331 1739 1350 1775 ἡ
1364 1738 1502 1773 ἀγαθότης
1516 1737 1566 1773 τὴν
1580 1736 1772 1764 λιθοϐολοῦσαν
1792 1737 1842 1764 καὶ

1051 1785 1254 1814 ἀποκτενοῦσαν
1279 1785 1344 1817 τοὺς
1369 1784 1487 1820 ἐραστὰς
1501 1785 1551 1817 τῆς
1569 1783 1724 1818 πονηρίας,
1742 1782 1759 1818 ἢ
1777 1783 1844 1815 τοὺς

1051 1831 1099 1859 ὑπ’
1110 1830 1196 1866 αὐτῆς
1207 1828 1442 1866 ἀπεσταλμένους.
1461 1828 1662 1863 Ἰερουσαλὴμ
1670 1828 1737 1864 γὰρ,
1745 1828 1843 1863 φησὶν,

1057 1876 1272 1912 Ἰερουσαλὴμ,
1282 1876 1302 1911 ἡ
1313 1875 1520 1904 ἀποκτείνασα
1531 1874 1603 1908 τοὺς
1611 1875 1779 1909 προφήτας,
1790 1874 1844 1901 καὶ

1051 1922 1257 1951 λιθοϐολοῦσα
1274 1920 1346 1952 τοὺς
1368 1920 1619 1955 ἀπεσταλμένους
1635 1920 1712 1955 πρὸς
1732 1919 1842 1953 αὐτήν.

1051 1964 1128 1994 Εἶτα·
1154 1965 1287 1998 Homini,-
1310 1964 1448 1999 ἠθέλησα
1472 1964 1656 1996 ἐπισυνάξαι
1682 1964 1719 1992 τὰ
1750 1964 1845 1991 τέκνα

1052 2019 1124 2044 σου,
1141 2011 1178 2038 ὃν
1195 2010 1305 2044 τρόπον
1314 2010 1397 2044 ὅρνις
1411 2008 1448 2036 τὰ
1461 2009 1575 2036 νοσσία
1586 2009 1708 2043 ἑαυτῆς,
1726 2009 1776 2036 καί
1786 2010 1847 2037 οὐκ

1051 2056 1233 2092 ἠθελήσατε.
1260 2055 1334 2082 Ἀντὶ
1351 2054 1411 2082 τοῦ·
1431 2054 1555 2087 Ποσάκις
1571 2054 1693 2091 ἠθέλησα
1716 2055 1760 2082 διὰ
1773 2063 1846 2089 συγ-

1051 2102 1169 2138 γνώμης.
1185 2101 1331 2128 ἀναλαϐεῖν
1345 2100 1428 2135 ὑμᾶς,
1450 2100 1498 2127 καὶ
1512 2100 1562 2135 τῆς
1579 2099 1657 2135 δίκης
1673 2099 1845 2135 ἐξαρπάσαι,

212 2100 385 2134 subtrahere,
401 2109 463 2136 qua:
480 2110 528 2130 vos
543 2111 594 2138 pro
610 2103 684 2131 unde
697 2105 894 2140 prophetarum
906 2112 936 2134 et
949 2115 1000 2143 pro

1051 2149 1114 2184 ἣτις
1126 2147 1188 2174 ἀντὶ
1206 2146 1262 2174 τῶν
1280 2145 1460 2182 προφητικῶν
1474 2145 1598 2180 αἱμάτων
1613 2144 1661 2172 καὶ
1677 2142 1718 2177 οἷς
1732 2145 1787 2172 τῶν
1800 2145 1848 2172 δε-

213 2145 343 2178 ludibrio,
365 2146 393 2173 in
410 2147 483 2183 leges
508 2147 588 2176 vobis
600 2148 678 2177 datas
706 2150 832 2184 probato,
860 2152 999 2185 manebat,

213 2194 400 2225 praetereaque
413 2192 543 2227 eagratia
563 2193 676 2225 donare,
700 2198 730 2221 ut
747 2196 876 2229 praesenti
896 2196 924 2223 in
947 2197 998 2224 bac

1053 2193 1174 2228 δομένων
1189 2192 1255 2229 ὑμῖν
1273 2191 1453 2226 κατορχεῖσθε
1469 2190 1572 2225 νόμων,
1593 2191 1735 2221 ἀπέκειτο,
1751 2190 1848 2216 εὐδαι-

213 2235 271 2263 vita
297 2235 428 2264 felicitate
451 2236 504 2265 frui
527 2238 658 2272 possitis?
682 2238 716 2266 At
743 2240 895 2273 enimvero,
915 2249 998 2277 quam

1053 2239 1149 2275 μονὶας
1173 2247 1205 2266 τε
1229 2238 1360 2269 συνόντας
1388 2236 1516 2272 ἀλλήλοις
1532 2235 1583 2270 τῆς
1609 2235 1681 2263 κατὰ
1707 2235 1753 2262 τὸν
1784 2235 1847 2270 βίον

213 2282 387 2318 tyrannidem
420 2283 532 2319 insipidi
561 2284 614 2319 ipsi
642 2284 721 2312 vobis
745 2285 939 2319 constituistis,
968 2294 1002 2315 ea

1053 2284 1209 2317 ἀπολαύειν,
1223 2283 1304 2319 χάριν
1316 2283 1482 2317 παρασχεῖν.
1505 2279 1575 2308 Ἀλλ’
1588 2281 1621 2316 ἢν
1636 2280 1714 2308 αὐτοί
1732 2288 1763 2314 γε
1780 2279 1848 2307 καθ’

211 2335 269 2355 non
288 2328 378 2356 solum
400 2336 457 2356 non
483 2329 625 2364 permissit
652 2329 687 2357 ad
715 2330 923 2360 conversionem
947 2332 1002 2360 ullo

1053 2330 1155 2357 ἑαυτῶν
1180 2329 1231 2364 τῆς
1254 2328 1385 2360 ἀπονοίας
1407 2326 1552 2362 τυραννίδα
1576 2325 1797 2362 προεστήσασθε,
1813 2326 1848 2353 οὐ

212 2374 307 2407 modo,
332 2383 415 2411 quam
442 2365 635 2404 tamen'tanta
665 2380 694 2404 et
720 2377 782 2404 talis
811 2377 1002 2407 benevolentia

1053 2377 1136 2412 μόνον
1150 2375 1228 2402 οὐδὲν
1251 2374 1322 2410 πρὸς
1346 2372 1516 2409 ἐπιστροφὴν
1535 2373 1643 2408 ἁφορᾷν
1669 2373 1742 2407 ὑμᾶς
1769 2381 1851 2408 παρ-

210 2420 356 2453 oﬂ‘erebat,
377 2425 405 2450 et
417 2421 451 2449 ad
474 2428 535 2449 eam
548 2422 765 2457 amplectendam
790 2423 996 2457 cohortabatur,

1053 2421 1186 2449 εσκεύασε
1196 2420 1287 2448 καίτοι
1297 2419 1432 2455 τοσαύτης
1446 2419 1495 2445 καὶ
1508 2417 1677 2459 τηλικαύτης
1686 2417 1738 2452 τῆς
1756 2417 1848 2453 εὐμε-

211 2467 361 2502 respicere,
386 2467 435 2496 sed
458 2473 488 2496 et
517 2472 550 2495 ut
582 2468 719 2503 prioribus
754 2469 853 2497 similia
879 2470 997 2504 addatis,

1053 2467 1127 2499 νείας
1144 2467 1247 2502 ταύτην
1269 2466 1335 2502 ὑμῖν
1362 2464 1569 2505 προτεινούσης,
1601 2463 1650 2490 καὶ
1669 2463 1740 2499 πρὸς
1755 2463 1850 2499 αὐτὴν

212 2511 340 2546 impellit.
359 2513 393 2540 Et
419 2513 485 2549 quid
503 2512 565 2541 dico
580 2512 698 2540 similia?
711 2512 769 2540 lmo
793 2512 872 2549 longe
893 2514 998 2550 pejora,

1055 2509 1271 2549 ὲπιστρέφέσθαι
1280 2510 1506 2548 παρακαλούσης,
1514 2509 1584 2537 ἀλλὰ
1593 2510 1640 2537 καὶ
1648 2509 1709 2537 καθ’
1721 2509 1850 2544 ἑκάστην

210 2557 314 2591 quibus
322 2558 522 2593 providentiam
532 2565 622 2586 meam
633 2562 662 2586 et
675 2557 874 2586 humanitatem
889 2566 906 2587 a
921 2559 1000 2588 vobis

1055 2558 1262 2595 παραθρασύνει
1282 2557 1340 2594 (16)
1366 2555 1541 2593 προστιθέναι
1568 2555 1604 2583 τὰ
1626 2556 1718 2592 ὃμοια.
1742 2555 1800 2583 Καὶ
1817 2554 1850 2581 τί

249 2614 272 2632 ³⁸
288 2615 384 2644 Matth.
401 2624 479 2649 xm],
495 2616 540 2644 37.
597 2617 620 2633 ¹³
640 2616 706 2644 ibid.
720 2617 765 2645 58.

776 2684 894 2713 γΑιιιλΕ
912 2683 1102 2712 LECTIONES
1117 2683 1160 2711 ET
1173 2680 1291 2710 NOTE.

250 2743 308 2780 (15)
333 2743 504 2780 Ἔπη-γους.
528 2742 569 2769 ita
586 2741 639 2770 fert
647 2741 799 2780 _variorum
812 2741 922 2780 Patrum
938 2749 1002 2769 scn-

1053 2747 1148 2780 eorum
1156 2739 1275 2779 collecta
1290 2745 1306 2765 a
1317 2735 1462 2780 __I?ion_ysio
1480 2735 1593 2780 Patavio
1606 2735 1640 2780 in
1666 2734 1850 2770 Dogmatibus

215 2769 313 2811 teniia',
341 2769 442 2806 malum
465 2769 616 2816 daemonem
631 2769 791 2816 Christum,
815 2781 846 2804 ut
875 2777 960 2816 Deum
975 2780 1003 2804 et
1052 2774 1212 2816 theologigis,
1231 2769 1468 2816 ιιῖειιιιθψκίίῐιὶξἶ
1480 2769 1652 2816 asapia};

217 2804 524 2844 ἐέὲζᾶἰοίέηιῖηυιιᾱι,
552 2812 604 2839 sub
628 2804 799 2846 nativitatem
820 2816 867 2839 aut
892 2811 1001 2838 initiqu
1087 2804 1147 2846 (16}
1165 2804 1401 2846 Πάραθρασιξνει.
1424 2805 1470 2846 S_ic
1485 2804 1580 2840 putavi
1597 2804 1772 2832 scribendum
1794 2812 1852 2840 pro

217 2848 350 2884 praeconii
370 2848 431 2884 ejus
454 2842 522 2877 non'
536 2847 707 2884 cognovisse.
746 2845 812 2875 Vide
845 2845 1002 2875 testimonia

1053 2842 1262 2879 παραθρασύνη,
1275 2842 1347 2877 quod
1359 2845 1420 2869 erat
1436 2842 1463 2868 in
1479 2848 1530 2867 ms.
