1941 3085
86 125 135 157 225

606 112 756 146 CONTRA
775 108 1006 142 MANICHIEOS
1026 107 1144 139 LIBER
1167 107 1217 139 IV.

1661 100 1715 135 226

88 183 154 217 λέγω
169 179 205 208 τὰ
214 179 296 215 ὅμοια
309 186 317 211 ;
341 175 422 204 Ἀλλὰ
443 174 482 210 μὴ
495 172 531 200 τὰ
545 172 614 200 πολῦ
629 171 821 207 χαλεπώτερα,
839 167 874 195 δι’
889 191 892 199 ,

945 166 995 194 )siS
1010 163 1187 201 propulsatis.
1207 162 1356 198 Propterea
1372 166 1401 190 et
1419 166 1529 196 tempus
1550 168 1600 188 vos
1616 167 1716 196 exspe-

1014 211 1021 217 .
1044 211 1051 217 .
1082 214 1089 217 .
1169 216 1188 217 ,,
1205 216 1217 217 η
1397 206 1465 217 μη,
1486 214 1539 217 ,λ-
1558 205 1645 217 ηιμ,
1662 205 1701 217 ιη,

88 215 125 256 ὦν
144 228 223 262 ὑμεῖς
247 225 299 260 τὴν
332 222 403 259 ἐμὴν
423 221 552 257 πρόνοιαν
584 219 632 246 καὶ
668 215 875 252 φιλανθρωπίαν

91 261 193 301 ἑαυτῶν
223 267 466 298 ἀπεσκευάσασθε.
493 265 539 292 Διὸ
575 265 625 292 καὶ
651 264 666 291 ὁ
688 262 784 298 καιρὸς
811 261 878 296 ὑμῖν

89 315 259 346 ἀπαιτεῖσθαι
268 314 428 350 παρέστηκε
438 311 474 339 τὰ
483 310 622 346 ἐπίχειρα,
633 310 683 344 τήν
691 317 723 335 τε
735 307 783 334 ἀπ’
793 306 878 340 ἀλλή-

91 365 141 392 λων
165 360 358 393 καταδικάζων
369 357 533 393 διασπορὰν,
557 357 605 384 καὶ
616 355 647 383 οὐ
664 354 714 391 τὴν
727 352 879 388 διασπορὰν

93 411 181 446 μόνον,
198 407 267 436 ἀλλά
286 406 335 434 καὶ
352 405 438 440 αὐτὴν
460 402 510 439 τὴν
531 402 611 430 πόλιν
635 401 728 432 αὐτοῖς
743 398 880 446 θεμελίοις

91 443 301 491 καταστρέφων,
318 451 367 479 καὶ
389 449 495 486 ἐρημίᾳ
510 447 686 484 παραδιδούς.
700 446 733 473 El
748 443 796 472 οῦν
808 444 881 472 κατά

91 502 142 529 τῶν
171 498 351 536 προφητικῶν
371 496 497 532 αἱμάτων
521 496 539 531 ἡ
558 494 647 529 τόλμα
665 492 712 519 καὶ
746 490 802 518 τῶν
826 490 881 517 ἀπ-

92 546 262 582 εσταλμένων
273 543 289 570 ὁ
304 543 385 578 φόνος
396 543 438 574 είς
455 539 624 575 ταλανισμὺν
643 538 692 574 μὲν
703 536 805 571 ἀπάγει
818 536 882 576 τοὺς

97 592 251 623 Ἰουδαίους,
268 588 413 625 προοίμιον
427 588 457 614 δὲ
472 586 579 622 γίνεται
594 586 643 621 τῆς
656 584 775 620 ἐσχάτης
793 581 883 609 αὐτῶν

93 638 242 670 ἀπωλείας,
253 636 313 668 πῶς
330 635 392 670 οὐχὶ
403 634 454 669 τὴν
467 634 530 669 ῐσην
543 632 633 668 δίκην.
647 631 693 658 ινα
704 630 742 666 μὴ
753 629 826 664 λέγω
833 628 883 664 τὴν

95 684 217 720 μείζονα,
234 682 259 709 οι
276 680 375 716 θερμοὶ
400 679 450 715 μὲν
467 678 521 705 τῶν
540 677 676 704 Ἰουδαίων
701 673 819 711 μιμηταὶ
836 672 884 700 καὶ

93 729 296 767 ὑπερϐαλέσθαι
311 729 340 756 δὲ
357 728 598 764 φιλονεικήσαντες
610 725 721 757 αὐτοὺς,
741 723 792 751 οὐκ
806 722 884 749 αὐτοὶ

93 776 154 804 καθ’
170 775 276 803 ἑαυτῶν
295 773 432 808 ὲπάγουσί
449 782 480 800 τε
502 772 550 800 καὶ
564 771 683 806 ἄφυκτον
709 769 813 804 ταύτην
834 776 886 794 κα-

93 821 294 854 τασκευάζουσι
305 819 477 856 περιφανῶς.
494 818 527 846 οι
541 817 597 853 γὰρ
613 816 737 850 πονηρᾶς
751 814 884 856 θημιουρ-

94 869 166 904 γίας,
183 851 427 901 (adnotatas-'11va
440 867 454 892 ὁ
464 851 570 900 Σωτὴρ,
581 851 699 894 τούτους
708 851 884 904 δυσφημοῦν-

95 903 139 947 τες
169 913 330 949 προελθεῖν,
352 911 443 947 πολλῷ
473 909 665 946 χαλεπώτερον
692 903 814 941 τολμῶσι
832 904 887 949 τῶν

95 948 246 987 ἀνελόντων
256 957 366 990 αὐτούς.
383 956 417 984 οι
434 955 485 992 μὲν
501 955 556 991 γὰρ
571 954 643 981 κατὰ
663 951 799 988 σωμάτων
811 948 888 982 ἅπαξ

95 1006 206 1041 ἀφῆκαν
216 1004 268 1041 τὴν
282 1002 401 1038 πληγὴν,
414 1002 441 1029 οἱ
452 1002 484 1028 δὲ
491 1001 543 1037 τὴν
555 999 690 1035 πονηρίαν
703 997 796 1028 αὐτοῖς
807 995 888 1031 φύσει

97 1047 403 1085 συγκατασκευάζοντες
413 1068 421 1080 ,
443 1046 532 1074 ἀΐδιον
559 1045 694 1080 ὲναφιεϊσι
710 1043 761 1078 τὴν
778 1042 889 1069 ἀνίατον

97 1096 145 1123 καὶ
163 1094 352 1122 ἀνυπόστατον
369 1092 488 1127 πληγὴν,
506 1090 577 1126 μετά
589 1090 621 1117 τὸ
638 1089 686 1116 καὶ
700 1088 763 1120 τοὺς
779 1086 889 1114 ἀνελόν-

97 1150 148 1173 τας
162 1141 263 1172 αὐτοὺς
274 1139 336 1167 ἀντὶ
342 1138 394 1173 τῆς
413 1137 552 1173 τιμωρίας
566 1135 696 1167 ὲπάθλοις
709 1133 835 1169 κοσμεῖν,
855 1132 890 1159 δι’

98 1185 137 1214 ὢν
152 1187 203 1223 μὲν
217 1186 268 1221 τῆς
280 1183 442 1220 σωματικῆς
456 1182 564 1218 ἐκείνης
580 1181 689 1216 σφαγῆς
702 1179 842 1215 ἀρχηγοὺς
856 1178 890 1213 τῇ

97 1231 197 1268 γνώμῃ
222 1228 394 1266 παριστῶσιν
410 1227 536 1259 ἑαυτούς.
561 1227 618 1254 Καὶ
638 1226 670 1253 οὺ
686 1224 775 1252 ταῦτα
798 1223 890 1260 μόνον,

98 1278 146 1306 καί
158 1286 200 1304 τοι
218 1274 372 1311 τηλικαῦτα
385 1274 460 1305 ὂντα,
477 1273 547 1301 ἀλλά
560 1273 609 1300 καὶ
623 1272 678 1300 ἀπὸ
690 1271 740 1307 τῆς
753 1270 826 1298 κατὰ.
838 1270 892 1296 τῶν

100 1323 237 1359 σωμάτων
262 1320 409 1355 ἀσελγείας
431 1319 480 1347 επὶ
504 1318 551 1346 τὸν
572 1317 661 1345 κοινὸν
678 1316 820 1351 Δεσπότην
845 1314 893 1342 καὶ

100 1367 275 1405 Δημιουργδν
284 1366 433 1402 ἀναφέρειν
447 1365 479 1392 οὐ
493 1364 651 1400 φρίττουσιν
664 1363 715 1398 τὴν
733 1361 892 1396 ἀσέλγειαν.

100 1411 149 1446 Οἷς
174 1413 241 1448 γὰρ,
259 1408 297 1439 ὥν
311 1412 386 1438 ἐστιν
410 1410 530 1442 ἔκδικος,
554 1408 657 1440 κακίας
681 1407 810 1442 λέγουσιν
822 1405 894 1442 ἔργα

102 1460 152 1487 καὶ
171 1457 355 1494 θεραπευτὰς,
383 1455 490 1488 τούτοις
516 1454 566 1490 τὴν
593 1454 684 1489 ὕϐριν,
702 1453 760 1480 ἀλλ’
788 1451 839 1479 οὐκ
860 1451 895 1478 ἂν

101 1505 281 1540 ὸνομάσαιμι,
297 1501 520 1538 ωνεξυὸριζουσι
532 1501 580 1528 καὶ
596 1500 641 1527 τὸν
651 1499 809 1535 ὲκδικητήν.
868 1541 882 1547 -
907 1515 930 1547 C

139 1550 206 1579 ΚΜ.
225 1550 289 1577 Ὀτι
305 1549 335 1577 δὲ
358 1548 414 1575 τῶν
439 1546 588 1584 προφητῶν
611 1546 627 1573 ό
650 1546 748 1582 χορος,
774 1545 822 1573 καὶ
850 1541 910 1577 αἷς,

104 1595 270 1633 ἱερολογίαις
279 1594 388 1629 Μωσῆς
402 1593 608 1629 ὑπηρετήσατο,
623 1591 701 1618 αὐτοί
713 1599 743 1618 τε
762 1590 831 1617 Θεοῦ
845 1598 896 1616 πε·

105 1644 209 1680 φήνασι
225 1641 274 1669 τοῦ
301 1640 406 1676 ἀγαθοῦ
419 1639 468 1667 καὶ
488 1639 604 1674 πλάσμα
627 1638 674 1665 καὶ
685 1636 834 1672 λατρευταὶ
848 1635 896 1662 καὶ

102 1687 142 1716 ὣν
161 1688 302 1724 ὑποφῆται
321 1685 493 1723 χρηματίσαι
514 1685 595 1720 χάριν
618 1683 725 1716 ἐλαῶν,
751 1682 896 1714 ἐπιπνοίας

103 1734 139 1772 ἦν
146 1735 234 1762 ταῦτα
242 1735 292 1761 καὶ⁸
301 1733 429 1769 προνοίας
444 1730 628 1767 ἀγαθουργοῦ,
637 1731 685 1757 καὶ
692 1730 769 1757 οὐδὲν
779 1727 813 1765 ἦν
828 1729 898 1764 πρός

103 1792 138 1818 γε
152 1783 203 1819 τὴν
219 1782 281 1809 τότε
296 1781 351 1808 τῶν
365 1779 518 1815 ἀνθρώπιον
531 1778 631 1813 ἀκοὴν,
642 1776 706 1804 οὔτε
730 1776 897 1810 σοφώτερον,

103 1828 169 1856 οὔτε
185 1826 398 1861 ἀσφαλέστερον,
423 1824 482 1851 ἀλλ’
504 1822 567 1850 οὕτε
583 1822 722 1857 σωτηρίαν
746 1821 898 1856 παρασχεῖν

105 1870 363 1909 ἑτοιμότερον,οὑδὲ
376 1869 585 1906 χειραγωγῆσαι
598 1868 713 1904 βέλτιον,
723 1867 804 1900 αὐτὸς
818 1866 899 1893 πάλιν

107 1921 176 1956 ἡμῖν
190 1921 205 1946 ὀ
230 1919 278 1946 καὶ
293 1919 344 1953 τῆς
360 1917 479 1949 παλαιᾶς
491 1915 541 1943 καὶ
561 1915 613 1951 τῆς
629 1915 693 1947 νέας
707 1914 840 1949 διαθήκης
852 1914 901 1940 Δε-

108 1967 226 2001 σπότης,
247 1964 365 2000 παρέχει
384 1963 431 1990 καὶ
455 1962 506 1998 τὴν
519 1960 669 1994 ἀπόδειξιν.
690 1959 826 1996 Τοιαύτην
846 1959 900 1994 γὰρ

107 2014 168 2045 τοῖς
183 2012 341 2048 προφήταις
354 2011 413 2042 τοίς
425 2009 508 2037 αὐτοῦ
520 2008 659 2044 παρέσχεν
672 2006 764 2043 ἔργοις
782 2005 832 2042 τὴν
851 2006 901 2041 τῆς

105 2058 239 2094 ἀληθείας
256 2056 419 2092 ἀσφάλειαν,
435 2055 484 2082 καὶ
495 2054 537 2086 είς
550 2053 686 2088 τοσαύτην
698 2052 811 2083 τούτους
821 2051 901 2084 δόξαν

106 2104 158 2132 καὶ
171 2103 351 2139 περιφάνειαν
370 2100 490 2137 ὕψωσεν,
509 2099 581 2127 ὥστε
592 2099 627 2126 οὐ
642 2099 677 2126 τὰ
693 2098 832 2134 παράδοξα
846 2098 901 2124 τῶν

108 2151 202 2186 ἔργων
228 2150 309 2185 μόνον
333 2147 450 2179 τούτους
474 2145 645 2173 ἐπιδείκνυσι
666 2144 900 2181 προκαταγγεῖλαι

927 217 1002 241 ctare
1012 211 1091 247 jubet
1100 216 1194 245 poenas
1205 207 1379 244 promeritas,
1393 206 1467 242 quod
1486 214 1542 233 non
1557 205 1646 233 solum
1659 205 1718 232 dis-

928 257 1085 294 persionem
1095 264 1111 284 a
1124 254 1203 284 vobis
1222 253 1342 282 invicem
1371 251 1512 288 irrogabit,
1529 251 1577 280 sed
1587 255 1615 279 et
1631 250 1718 286 ipsam

928 304 1025 332 urbem
1052 302 1176 331 funditus
1193 304 1312 332 evertet.
1339 303 1368 327 et
1390 299 1526 326 desertam
1550 297 1655 325 reddet.
1689 295 1719 324 Si

929 350 1013 386 igitur
1038 349 1127 377 audax
1154 348 1182 375 in
1201 345 1399 382 prophetarum
1424 344 1586 379 sanguinem
1612 342 1720 375 facinus

929 401 958 424 et
982 395 1132 423 missorum
1150 393 1239 421 caedes
1254 391 1365 419 Iudaeos
1387 391 1417 418 in
1436 390 1576 418 miseriam
1598 388 1720 424 conjicit,

931 447 1016 478 atque
1041 441 1152 469 initium
1173 439 1237 467 facit
1264 443 1394 467 extrema:
1413 438 1533 472 ipsorum
1549 435 1720 467 calamitatis,

931 486 1070 523 quomodo
1089 493 1146 513 non
1171 485 1243 513 idem
1262 483 1410 520 judicium,
1425 490 1461 510 ne
1489 482 1578 509 dicam
1600 481 1721 516 gravius,

932 532 1040 561 strenui
1073 531 1230 559 .ludzeorum
1264 528 1430 559 imitatores,
1466 526 1523 554 imo
1551 525 1661 553 eosdem
1692 529 1723 552 ut

933 581 1075 613 superent,
1101 575 1269 608 adnitentes,
1300 574 1351 609 ipsi
1373 573 1412 600 illi
1436 573 1464 600 in
1484 580 1515 599 se
1540 571 1723 601 transferunt.

934 622 1020 658 idque
1047 621 1193 649 manifeste
1215 619 1374 647 inevitabile
1402 616 1547 645 reddunt?
1573 615 1624 649 Qui
1649 616 1724 642 enim

934 676 995 701 eos,
1021 675 1138 703 quorum
1165 666 1281 694 ultorem
1301 664 1431 692 Servator
1459 671 1489 691 se
1520 663 1600 690 nobis
1614 662 1726 692 sistit.a

935 714 1008 742 malo
1027 713 1162 749 principio
1185 711 1324 748 proﬁcisci
1348 709 1550 738 calumniantur
1565 729 1572 740 ,
1601 708 1640 735 illi
1664 715 1727 743 gra-

935 760 1013 788 viora
1030 759 1134 786 audent
1160 758 1231 790 istis,
1260 757 1307 792 qui
1335 764 1384 784 eos
1403 763 1435 783 ex
1462 756 1516 783 vita
1545 754 1727 782 sustulerunt.

936 806 977 834 llli
998 805 1071 833 enim
1087 804 1175 832 semel
1196 803 1359 839 corporibus
1389 809 1488 829 manus
1506 801 1668 833 intulerunt,
1690 805 1728 832 at,

938 853 985 889 qui
1001 851 1133 880 malitiam
1148 855 1248 878 natura
1262 849 1331 885 ipsis
1350 849 1461 876 insitam
1487 851 1637 882 nugantur,
1665 854 1728 882 per-

937 902 1023 934 petuo
1047 897 1102 924 illis
1120 897 1213 932 plagas
1227 895 1351 923 inierunt
1365 893 1535 922 insanabiles
1551 898 1580 921 et
1598 893 1730 920 intolera-

938 943 1020 974 biles.
1049 940 1186 976 siquidem
1217 945 1245 967 et
1270 939 1409 967 occisores
1435 945 1531 966 eorum
1561 943 1611 972 pro
1640 943 1731 971 pinna:

938 987 1061 1025 praemiis
1076 991 1188 1020 ornant,
1209 990 1293 1021 atque
1303 985 1344 1013 sic
1362 984 1452 1020 quoad
1467 988 1589 1011 mentem
1603 987 1631 1010 et
1645 981 1729 1009 animi

939 1034 1116 1066 sententiam,
1131 1033 1214 1061 caedis
1244 1031 1327 1067 hujus
1350 1037 1491 1066 corporea:
1513 1029 1599 1057 duces
1618 1035 1648 1056 se
1666 1034 1732 1062 pro-

939 1082 1019 1110 bant.
1048 1079 1115 1113 Quae
1142 1078 1269 1115 quamvis
1297 1077 1390 1114 gravia
1416 1077 1483 1109 sint,
1505 1083 1541 1103 ne
1557 1075 1598 1103 sic
1620 1074 1732 1109 quidem

941 1126 997 1154 illis
1022 1124 1173 1157 suﬂiciunt,
1199 1123 1246 1160 qui
1287 1123 1380 1159 potius
1406 1121 1587 1158 petulantiam
1612 1127 1690 1148 suam
1717 1127 1733 1146 a

941 1171 1106 1207 corporibus
1135 1171 1170 1199 ad
1200 1176 1377 1199 communem
1400 1168 1547 1195 Dominum
1573 1171 1602 1194 et
1629 1165 1733 1194 Condiw

942 1223 1030 1247 torem
1041 1221 1204 1245 convertere
1219 1223 1274 1243 non
1286 1219 1427 1242 verentur.
1443 1213 1559 1247 Quando
1574 1212 1650 1240 enim
1669 1219 1731 1243 eos,

943 1271 1062 1300 quorum
1077 1263 1151 1291 ultor
1165 1267 1218 1294 est,
1245 1261 1360 1289 malitiae
1375 1267 1458 1295 opera
1472 1264 1500 1287 et
1515 1258 1655 1286 ministros
1674 1264 1736 1285 esse

943 1311 1051 1342 dicunt,
1066 1313 1124 1336 tum
1140 1307 1253 1343 injuria,
1267 1307 1312 1334 vix
1324 1306 1413 1334 ausim
1436 1305 1540 1340 dicere,
1564 1303 1653 1340 ipsum
1664 1311 1735 1340 quo-

943 1363 999 1392 que
1015 1354 1150 1384 vindicem
1163 1361 1260 1382 eorum
1274 1352 1409 1382 alliciunt.

984 1555 1058 1583 XXI.
1073 1554 1151 1588 Quod
1179 1562 1246 1583 vero
1271 1553 1468 1590 prophetarum
1482 1552 1587 1580 chorus
1605 1555 1635 1579 et
1652 1551 1741 1579 Moses

949 1602 978 1630 in
994 1601 1081 1630 sacris
1092 1601 1222 1634 oraculis,
1244 1609 1305 1636 qua:
1319 1600 1479 1632 ediderunt,
1496 1603 1527 1626 ut
1552 1606 1621 1633 opus
1645 1597 1693 1627 Dei
1714 1601 1740 1624 et

949 1648 1069 1676 ministri
1094 1647 1164 1675 Boni
1193 1651 1418 1682 comparuerunt,
1444 1649 1527 1679 atque
1555 1651 1599 1676 ea,
1623 1650 1741 1678 quorum

951 1693 1098 1730 praenuntii
1111 1692 1242 1728 appellari
1263 1692 1450 1722 merebantur,
1467 1690 1502 1717 ab
1532 1689 1624 1717 alllatu
1639 1694 1667 1716 et
1679 1695 1730 1724 pro

955 1739 1077 1767 videntia
1094 1738 1185 1766 divina
1201 1737 1321 1773 profecta
1336 1739 1458 1769 erant,e|
1469 1735 1534 1763 talia
1542 1734 1666 1766 omnino,
1681 1732 1742 1768 qui-

951 1785 1003 1813 bus
1017 1792 1051 1812 eo
1063 1789 1187 1819 tempore
1207 1783 1234 1810 in
1249 1782 1362 1810 auribus
1381 1781 1524 1808 hominum
1543 1779 1614 1806 nihil
1630 1778 1741 1813 sapien-

953 1831 1020 1863 tius,
1034 1829 1128 1858 verius
1135 1829 1215 1861 nihil,
1234 1832 1282 1856 aut
1295 1828 1329 1855 ad
1345 1827 1464 1855 salutem
1479 1825 1628 1862 parandam
1639 1823 1740 1859 aptius,

952 1877 996 1905 vel
1009 1876 1042 1904 ad
1058 1875 1212 1904 docendum
1226 1875 1326 1902 melius
1340 1873 1434 1906 fuerit,
1449 1873 1508 1908 ipse
1522 1872 1620 1898 iterum
1635 1869 1746 1897 Veteris

953 1928 981 1950 et
992 1922 1062 1950 Novi
1075 1921 1245 1950 Testamenti
1262 1920 1396 1948 Dominus
1412 1920 1592 1947 demonstrat.
1608 1916 1746 1952 Operibus

953 1968 1092 1997 enimsuis
1102 1967 1246 2004 prophetis
1256 1974 1316 1995 eam
1325 1965 1450 1994 veritatis
1463 1964 1546 1992 ﬁdem
1558 1963 1632 1995 fecit,
1643 1969 1746 1996 eosque

954 2016 982 2044 in
994 2019 1097 2043 tantam
1107 2015 1220 2051 gloriam
1233 2017 1260 2041 et
1272 2013 1433 2048 dignitatem
1450 2010 1552 2043 evexit,
1570 2008 1746 2041 utostendat,

954 2070 1002 2090 eas
1021 2070 1077 2090 non
1088 2062 1177 2090 solum
1194 2059 1328 2088 mirabilia
1344 2066 1430 2094 opera
1439 2065 1489 2085 sua
1503 2056 1675 2092 praedixisse,
1688 2059 1746 2086 aut.

954 2115 1065 2136 crucem
1079 2112 1108 2135 et
1124 2111 1255 2139 mortem,
1270 2112 1353 2140 quam
1380 2110 1576 2139 perpessurus,
1605 2107 1747 2138 genusque

954 2157 1079 2180 nostrum
1111 2153 1148 2179 ita
1182 2152 1374 2185 redempturus
1408 2149 1521 2182 sit;aut
1556 2147 1591 2174 [ei
1621 2151 1648 2174 et
1685 2153 1748 2172 acc-

108 2196 159 2223 κσὶ
187 2195 320 2225 ἀνειπεῖν.
344 2193 399 2220 οὐδ’
426 2193 468 2219 ὃτι
491 2191 607 2226 σταυρὺν
633 2190 681 2217 καὶ
704 2190 831 2222 θάνατον,
857 2186 892 2221 οἷς

949 2203 1018 2230 tum,
1047 2198 1147 2233 quibus
1173 2197 1310 2232 potandus
1335 2196 1392 2229 sit,
1414 2199 1462 2222 aut
1485 2194 1564 2226 solis,
1590 2192 1746 2227 passionem

108 2242 300 2277 ὑποστήσεται
315 2239 372 2276 (l7)
391 2238 475 2266 σώσει
488 2238 520 2265 τὸ
534 2238 611 2272 γένος
628 2236 709 2272 ἡμῶν
721 2244 730 2252 ·
746 2235 808 2262 οὐδὲ
820 2235 903 2271 χολὴν

109 2288 162 2315 καὶ
176 2287 248 2320 ὗξος,
261 2286 300 2317 ὡς
316 2284 372 2320 (18)
387 2279 583 2318 ποτισθήσεται
593 2290 601 2298 '
616 2281 674 2308 οὐδ’
686 2280 770 2308 ὅτιτὸ
791 2279 877 2311 πάθος
889 2280 904 2306 ὁ

108 2334 188 2370 ἣλιος
199 2333 232 2360 οὐ
249 2332 341 2368 φέρων
356 2329 578 2364 σκοτισθήσεται,
592 2328 647 2355 οὐδ’
669 2328 721 2355 ὅσα
742 2327 810 2354 ἄλλα
834 2326 905 2361 μετά

109 2379 161 2407 τοῦ
177 2377 337 2414 ὑπερφυοῦς
356 2376 526 2404 καθέκαστον
547 2374 611 2410 ἔσχε
628 2374 678 2409 τὴν
703 2372 817 2400 ἔκϐασιν
832 2373 906 2399 ἀπα-

112 2426 270 2463 ράτρεπτον
280 2432 287 2440 ·
305 2422 363 2450 ἀλλ’
378 2422 433 2450 οὐδ’
445 2422 489 2449 ὅτι
499 2421 545 2448 ἐπὶ
563 2420 652 2448 πῶλον
662 2420 723 2447 θνου
739 2419 905 2452 καθεδεῖται,

109 2471 161 2497 καὶ
175 2468 231 2496 τῶν
256 2466 529 2502 δυσανασχετούντων
543 2466 607 2496 τοὺς
620 2465 720 2497 παῖδας
731 2464 900 2499 ὑμνολόγους

110 2514 182 2547 ἕξει.
205 2511 345 2548 Οὐμενοῦν
371 2511 447 2538 οὐδὲν
462 2509 565 2537 τούτων
584 2509 675 2544 ἀφῆκε
696 2509 735 2544 μὴ
750 2509 822 2536 κατὰ
840 2508 905 2540 τοὺς

111 2559 229 2586 ἐκείνων
243 2557 340 2591 λόγους
354 2557 404 2584 καὶ
421 2556 472 2588 τὰς
487 2555 658 2591 προφητείας
679 2554 833 2590 προελθεῖν,
857 2554 905 2581 καὶ

112 2605 213 2632 δαυτδν
230 2603 364 2637 ἐπιδεῖξαι
383 2603 628 2639 διαπραττόμενον.
649 2600 736 2636 Καίγε
758 2600 785 2627 τί
815 2609 902 2636 προσ-

116 2653 182 2686 ἧκον
189 2648 235 2687 ἦν,
249 2649 295 2677 τὸν
304 2649 451 2684 ἀναιρέτην
460 2649 511 2684 τῆς
523 2643 633 2681 κακίας,
649 2647 696 2674 καὶ
709 2642 740 2674 οῦ
753 2646 803 2682 τῆς
813 2646 907 2682 ἐπιδη-

955 2245 1027 2272 hanc
1048 2252 1105 2272 non
1134 2243 1260 2275 ferentis,
1296 2241 1542 2272 obscurationem;
1568 2239 1746 2265 aut'cattera

955 2290 1059 2323 omnia,
1090 2297 1151 2325 quae
1175 2289 1286 2324 quidem
1319 2287 1438 2323 singula,
1466 2290 1498 2312 ut
1523 2282 1746 2320 supematuralia

956 2340 1046 2368 erant,
1062 2339 1191 2363 eventum
1222 2332 1444 2362 indeclinabilem
1469 2329 1676 2360 sortiebantur;
1698 2327 1747 2355 sed

956 2387 985 2410 et
1001 2382 1074 2417 quod
1094 2389 1177 2417 super
1193 2381 1296 2416 pullum
1312 2379 1395 2407 asinae
1408 2383 1545 2409 sessurus,
1561 2379 1590 2403 et
1601 2374 1748 2409 indignan-

955 2427 1024 2455 tium
1040 2426 1111 2454 lilios
1134 2426 1292 2453 laudatores
1321 2423 1466 2451 habiturus
1494 2421 1540 2448 sit.
1568 2419 1684 2452 Horum,
1705 2419 1750 2445 in-

955 2480 1050 2508 quam,
1076 2472 1146 2499 nihil
1172 2472 1310 2506 reliquum
1333 2469 1408 2503 fecit,
1425 2467 1500 2503 quod
1513 2473 1571 2494 non
1597 2464 1749 2492 secundum

953 2525 1097 2547 sermones
1108 2525 1204 2546 eorum
1223 2522 1251 2545 et
1279 2516 1406 2544 vaticinia
1417 2514 1608 2550 perﬁceretur,
1628 2517 1712 2545 seque
1723 2509 1750 2536 id

952 2564 1065 2593 edicere
1088 2569 1247 2592 testaretur.
1280 2562 1340 2591 1am
1352 2569 1417 2590 vero
1441 2560 1509 2596 quid
1533 2558 1648 2587 decebat
1675 2563 1749 2588 eum,

961 2611 1007 2646 qui
1024 2611 1126 2638 malum
1142 2610 1303 2638 sublaturus
1326 2611 1386 2637 erat
1401 2616 1417 2636 e
1444 2606 1547 2639 medio,
1562 2609 1590 2633 et
1606 2603 1686 2639 cujus
1699 2600 1749 2628 ad-

960 2661 1060 2686 ventus
1087 2657 1259 2692 potissimum
1270 2656 1306 2684 ad
1332 2655 1483 2692 tyrannidis
1497 2652 1674 2682 abolitionem
1689 2654 1751 2683 spe-

681 2713 802 2743 VARUE
825 2713 1021 2743 LECTIONES
1038 2713 1083 2742 ΕΤ
1097 2712 1212 2743 NOTAE.

156 2787 213 2822 (l7)
235 2785 622 2822 ῪποᾳτήσεταιίΕιείᾱίεεο
632 2785 679 2822 hic
695 2785 804 2814 videtur
818 2784 952 2820 particula
968 2785 1026 2813 καί.

154 2818 212 2859 (18}
237 2822 295 2856 Ὦς.
310 2818 392 2850 Forte
407 2821 510 2851 rectius
523 2821 622 2856 legeris
636 2818 686 2853 οἷς.

342 2902 356 2917 ἱ
