1940 3081
219 112 271 144 227

794 110 926 141 PIIOTII
946 110 1201 142 PATRIARCH/E
1220 113 1275 143 ΟΡ.

1801 115 1855 149 228

221 170 324 198 stabat.
336 176 400 197 cum
424 172 519 196 nosset
543 172 601 195 tum
618 166 761 203 praedicta,
775 172 832 195 tum
849 176 908 202 eos,
919 168 965 204 qui
977 177 1002 196 ει

1063 169 1127 205 μίας
1141 170 1171 197 τὸ
1187 170 1318 206 μέγιστον
1329 171 1346 207 ἠ
1356 170 1406 206 τῆς
1415 171 1575 208 τυραννίδος
1586 170 1748 205 κατάλυσις,
1762 171 1854 200 eiusa

219 215 427 252 praedixerant?
442 215 541 242 Utrum
563 214 656 241 omnia
676 213 730 241 illis
752 214 892 242 contraria
906 215 1008 248 facere,

222 262 246 290 si
260 270 276 289 a
291 261 430 290 contrario
444 260 579 295 principio
593 265 686 288 essent
701 260 833 296 profecta,
858 268 893 288 an
919 261 1011 296 potius

218 315 331 342 operam
351 307 416 334 dare
432 306 522 341 ipsum
542 306 667 339 decebat,
685 311 717 334 ut
739 307 832 334 omnia
861 307 1010 343 impleren-

219 359 274 386 tur,
307 353 430 388 nihilque
456 360 564 385 eorum,
580 360 641 388 qua:
656 353 708 388 ipsi
731 353 926 388 praedixerant,
950 353 1010 380 irri-

217 405 274 427 tum
290 399 466 434 relinquere?
481 399 563 434 Atqui
575 399 703 427 Christus
718 399 786 427 adeo
813 399 882 426 nillil
899 407 1007 432 eorum,

217 453 278 480 quae
303 445 322 472 ii
349 444 489 472 vaticinati
518 449 607 478 erant,
631 444 763 480 neglexit,
792 448 822 472 ut
837 452 921 480 saepe,
944 452 1008 472 cum

215 493 319 527 aliquid
340 492 454 526 faceret,
477 492 616 524 innueret,
641 500 671 520 se
685 492 736 519 ista
748 491 850 524 facere,
869 497 952 528 prout
969 491 1007 519 illi

215 539 327 574 quidem
341 538 531 574 prmviderint,
545 543 572 566 et
590 537 779 573 praedixerint,
800 545 941 573 operaque
951 546 1002 566 sua

215 586 374 612 nullatenus
404 585 439 612 ab
462 585 496 612 iis
516 585 603 617 abire,
632 592 694 619 quae
711 584 745 611 ab
761 584 822 611 istis
835 589 915 612 erant
936 592 1007 620 pra:-

213 630 297 658 dieta.
321 630 397 657 Adeo
415 637 506 665 opera:
533 630 651 665 pretium
665 630 772 664 putavit
787 630 944 663 ostendere,
959 637 1007 657 eos

213 686 275 705 esse
292 685 414 709 veraces,
439 684 621 712 magnamque
644 677 671 703 in
691 684 724 704 eo
747 684 841 714 curam
857 677 959 711 posuit,
977 680 1008 703 ut

213 723 426 755 demonstraret,
453 721 514 748 illos
536 721 593 749 veri
617 721 663 748 Dei
677 724 705 748 et
729 720 818 747 Patris
844 728 925 748 veros
945 728 1007 748 esse

213 768 365 803 prophetas
385 771 413 794 et
435 767 589 794 ministros.
616 766 650 793 Et
666 766 791 801 quicum
808 765 914 794 ratione
936 773 1004 793 con-

212 813 298 840 ciliari
328 817 432 847 posset,
457 812 608 847 prophetas
631 811 757 839 veritatis
773 811 878 839 fontem
900 811 1005 838 consti-

213 863 303 892 tuere,
336 862 384 885 aut
404 865 489 893 opere
511 858 571 893 ipso
593 857 729 885 mirabilia
752 864 848 886 eorum
875 857 1003 885 vaticinia

211 904 375 932 conﬁrmare
404 908 432 931 et
463 904 608 939 perﬁcere,
637 911 670 931 ac
701 907 789 931 totum
816 904 911 931 orbem
940 903 1004 931 ﬁdei

211 958 307 978 eorum
322 954 408 978 testes
419 950 543 978 oculatos
556 949 676 977 sistere?
691 949 765 977 Idem
782 953 857 977 certe
874 949 928 977 hoc
948 953 1002 982 est,

211 1004 244 1025 ac
261 997 285 1024 si
312 996 413 1024 veritas
432 996 494 1031 ipsa
522 996 647 1029 doceret,
676 995 805 1032 principii
823 995 932 1023 hostilis
950 995 1004 1022 hoc

209 1050 273 1071 esse
302 1042 463 1078 negotium,
493 1046 525 1070 ut
568 1043 714 1070 veritatem
751 1046 890 1078 suggerat.
929 1040 1002 1069 Nota

209 1097 287 1122 vero,
320 1088 507 1126 Servatorcm,
541 1088 616 1123 pullo
654 1092 774 1119 vectum;
806 1087 857 1114 alia
891 1094 1003 1122 quoque

210 1134 377 1161 subinnuere
389 1154 395 1160 .
407 1132 464 1160 Hoc
479 1132 585 1159 scilicet
603 1131 725 1159 omnium
751 1130 868 1158 maxime
883 1129 1001 1157 manife-

210 1184 283 1207 stum
305 1184 364 1211 est,
388 1178 460 1213 quod
490 1178 662 1214 prophetiam
689 1177 852 1204 conlirmare
873 1180 1001 1204 conetur.

211 1225 420 1253 Sanctissimum
432 1224 506 1251 enim
522 1223 574 1251 hoc
590 1223 732 1251 oraculum
748 1222 850 1250 edicit:
866 1222 925 1249 Hoc
936 1229 1001 1249 vero

209 1280 291 1299 omne
307 1271 408 1298 factum
425 1275 483 1304 est,
500 1275 530 1298 ut
546 1270 719 1306 impleretur,
733 1264 819 1305 'quod
840 1270 993 1297 cnntiatum

208 1323 251 1346 est
263 1327 312 1354 per
332 1317 497 1353 Prophetam
526 1317 664 1345 dicentem
688 1324 694 1342 :
719 1316 804 1343 Dicite
827 1316 890 1350 ﬁlia:
912 1315 1000 1343 Sion:

209 1365 277 1392 Ecce
292 1364 346 1391 Rea:
359 1368 418 1390 tuus
428 1364 498 1390 venit
525 1363 571 1390 tibi
583 1366 748 1389 mansuetus:
769 1367 793 1389 et
808 1362 899 1389 cedens
923 1369 1000 1396 super

209 1410 326 1442 asinam,
342 1414 366 1436 et
380 1409 482 1444 pullum
496 1408 643 1444 subjugth
655 1408 687 1435 “.
705 1407 839 1440 Videsne,
862 1407 1000 1442 quomodo

209 1455 339 1483 Servator
364 1455 460 1482 mundi
484 1455 561 1489 pullo
582 1453 701 1481 insideat
723 1454 756 1480 ad
783 1453 948 1488 implendam
972 1457 1001 1480 et

209 1500 426 1528 conﬁrmandam
440 1498 706 1536 prophetiam?Qu:e
718 1499 803 1532 enim,
815 1506 920 1533 quaeso,
929 1498 952 1526 si
965 1498 999 1526 ab

210 1546 264 1575 hoc
274 1546 431 1574 testimonio
450 1546 540 1574 dando
553 1545 724 1584 discesseris,
739 1545 791 1572 alia
806 1552 889 1572 causa
905 1545 1001 1572 adesse

210 1593 331 1626 videtur,
360 1600 431 1628 quae,
455 1592 499 1619 via
523 1591 592 1619 adeo
616 1590 693 1618 brevi
717 1591 880 1624 exsistente,
906 1589 1001 1617 Jesum

211 1638 287 1673 pullo
301 1637 420 1665 insidere
435 1637 562 1671 suaserit,
574 1637 621 1671 qui
643 1644 715 1671 saepe
726 1640 755 1664 et
771 1636 861 1664 varias
882 1635 940 1663 vias
952 1643 1001 1671 pe-

210 1684 292 1712 dibus
305 1683 480 1712 confecerat'!
492 1683 546 1710 Aut
560 1690 641 1718 quam
660 1681 773 1717 gloriam
788 1681 880 1717 pullus
898 1681 1000 1713 attulit,

209 1729 275 1757 dum
301 1729 439 1765 portabat,
459 1728 495 1761 ei,
519 1728 565 1763 qui
586 1728 671 1755 verbo
693 1727 804 1755 virtutis
830 1735 887 1755 suae
910 1730 1002 1761 portat

209 1775 322 1803 omnia?
346 1775 425 1808 Quod
439 1782 504 1802 vero
527 1781 642 1810 regnum
668 1773 810 1809 subjugale
829 1773 999 1809 praedicavit,

210 1822 275 1850 dum
288 1821 441 1850 sustinebat
451 1824 560 1848 vectum
576 1827 666 1856 regem
678 1819 802 1848 lsraelisi
813 1819 1000 1848 Humilitatem

210 1868 283 1895 enim
303 1872 332 1895 et
352 1867 591 1895 mansuetudinem
610 1866 633 1894 si
652 1874 708 1894 non
729 1866 825 1901 magis,
844 1871 918 1894 certe
943 1873 1000 1894 non

211 1912 301 1939 minus
326 1916 453 1938 testatam
470 1911 592 1944 iecisset,
615 1911 638 1938 si
662 1911 714 1938 iter
739 1911 856 1944 pedibus
875 1911 998 1939 fecisset.

210 1957 286 1984 Adeo
300 1965 343 1989 ea,
359 1958 420 1992 quae
436 1957 536 1984 veteris
550 1962 629 1984 erant
651 1957 818 1988 testamenti,
842 1965 904 1984 cum
928 1965 1000 1986 novo

210 2001 377 2036 conjunxit:
393 2001 462 2028 adeo
486 2006 514 2028 et
536 2001 629 2029 verbis
643 2006 671 2028 et
695 2001 775 2029 factis
802 2001 918 2030 edocere
937 2009 1000 2037 per-

210 2046 297 2079 rexit,
318 2054 351 2073 ex
373 2046 468 2073 eadem
498 2046 621 2073 bonitate
642 2050 670 2073 et
694 2054 764 2074 nova
791 2047 836 2074 illa
847 2047 998 2082 proﬁcisci,

209 2091 337 2127 quamvis
349 2091 422 2118 inter
436 2095 535 2119 caetera
554 2091 681 2127 dogmata
693 2092 747 2120 hoe
760 2092 850 2128 ipsum
868 2093 954 2129 gratia
969 2093 999 2121 in

211 2138 309 2174 primis
324 2141 444 2174 urgeret.

245 2272 341 2300 XXIII.
360 2272 430 2306 Quid
451 2274 537 2307 enim,
560 2281 623 2302 cum
647 2274 676 2303 in
695 2275 827 2311 templum
846 2277 910 2310 iret,
931 2285 999 2306 num

209 2318 276 2347 illud
291 2320 325 2347 ad
339 2327 368 2347 se
381 2327 437 2347 non
457 2320 597 2355 pertinere
619 2321 722 2356 edixit,
738 2330 789 2350 ceu
812 2324 945 2359 apostatis
957 2324 1000 2352 vi-

209 2366 309 2393 detur?
333 2370 381 2392 aut
404 2373 471 2393 num
491 2366 630 2401 profanari
662 2367 690 2395 id
705 2369 845 2403 permisit,
869 2373 1000 2405 tanquam

210 2411 334 2438 futurum
349 2411 502 2446 tyrannidis
515 2419 530 2439 a
546 2419 575 2439 se
592 2412 783 2447 destruenda},
808 2415 952 2443 delubrum
972 2420 1001 2444 et

210 2455 398 2483 domicilium?
416 2455 497 2484 Certe
513 2457 535 2484 si
552 2456 589 2484 ita
614 2458 788 2486 statuendum
805 2459 911 2494 fuisset,
926 2461 1000 2496 quod

211 2500 284 2527 absit
294 2500 405 2528 dicere!
423 2501 531 2529 initium
545 2503 659 2530 omnino
679 2504 875 2533 destructionis
895 2505 1000 2534 facien-

210 2546 276 2574 dum
284 2552 344 2574 erat
353 2555 386 2575 eo
398 2547 505 2581 inloco,
520 2549 565 2576 ubi
580 2549 617 2577 ita
631 2550 703 2578 hosti
714 2551 803 2579 cultus
810 2552 997 2580 exhiberetur.

209 2593 246 2620 At
263 2593 404 2620 enimvero
420 2593 465 2620 ille
480 2594 572 2622 omnia
583 2595 636 2623 alia
648 2596 756 2631 agebat,
774 2604 856 2632 opere
872 2598 931 2632 ipso
946 2598 997 2626 ho-

246 2639 269 2656 “
288 2639 386 2667 Matth.
407 2648 463 2673 xxI,
483 2641 552 2678 4,,5.

1062 217 1111 243 καὶ
1125 216 1161 243 τὰ
1176 217 1411 253 προφητευθέντα,
1426 218 1475 245 καὶ
1485 218 1510 245 οἱ
1529 217 1617 245 ταῦτα
1630 218 1852 254 προεφήτευσαν,

1060 262 1177 298 πότερον
1193 262 1360 295 ἀπεναντίας
1373 263 1485 290 ἐκείνων
1499 263 1609 290 ἅπαντα
1620 263 1762 298 πράττειν,
1773 263 1853 299 εἴπερ

1060 304 1132 343 ἦσαν
1143 307 1174 341 ἐξ
1188 307 1382 343 ἀντικειμένης
1395 308 1494 344 ἀρχῆς,
1503 309 1521 344 ἢ
1534 308 1626 344 ζητεῖν
1636 309 1726 335 πάντα
1739 308 1853 344 πληρῶ-

1061 363 1119 386 σαι,
1131 354 1179 382 καὶ
1194 354 1279 390 μηδὲν
1289 354 1370 382 ἐᾶσαι
1384 355 1536 386 διαπεσεῖν,
1555 350 1593 381 ὧν
1608 353 1723 386 ἐκείνοις
1735 353 1854 389 ἐπῆλθεν

1060 401 1161 428 εἰπεῖν.
1181 400 1263 427 ’Δλλὰ
1276 400 1315 436 μὴ
1327 399 1456 428 τοσοῦτον
1470 400 1561 436 ὤφθη,
1576 400 1661 435 μηδὲν
1671 400 1726 426 τῶν
1737 400 1854 432 ἐκείνοις

1059 446 1284 482 τεθεσπισμένων
1310 445 1457 481 ὑπεριδὼν,
1480 446 1518 478 ὼς
1543 446 1590 472 καὶ
1612 445 1743 476 πολλάκις
1766 446 1796 472 ἐν
1812 444 1853 481 τῷ

1059 492 1194 528 πράττειν
1220 491 1469 527 ἐπισημαίνεσθαι,
1481 491 1573 524 καθὼς
1590 492 1714 527 προεῖδον
1739 492 1850 524 ἐκεῖνοι,

1059 538 1107 565 καὶ
1128 538 1353 576 μπροαπήγγειλον
1373 537 1446 565 οὕτω
1470 539 1570 571 ποιεῖν,
1597 537 1644 564 καὶ
1669 538 1740 564 κατὰ
1766 538 1851 573 μηδὲν

1058 585 1113 611 τῶν
1128 585 1243 617 ἐκεινοις
1262 584 1538 620 κεχρησμῳδημένων
1554 583 1801 619 άπαλλοτριοῦσθαι
1815 584 1850 611 τὰ

1058 629 1128 665 ἔργα
1145 629 1238 657 αὐτοῦ.
1266 629 1346 657 Οὕτω
1361 629 1502 665 προῦργου
1516 629 1547 657 τδ
1567 630 1710 665 ἀληθεύειν
1727 631 1850 663 ἐκείνους

1057 675 1174 707 ἐτίθετο,
1186 675 1234 702 καὶ
1242 675 1280 707 ὡς
1293 675 1340 702 τοῦ
1352 675 1479 711 ἀληθινοῦ
1495 675 1564 702 Θεοῦ
1576 675 1624 703 καὶ
1639 675 1751 711 Πατρὸς
1779 684 1850 703 παν-

1057 720 1168 756 αληθεῖς
1184 720 1308 756 ὑπῆρχον
1327 721 1466 756 ὑποφῆται
1473 720 1521 748 καὶ
1540 720 1671 753 διάκονοι,
1685 720 1786 756 πολλὴν
1800 721 1850 758 τὴν

1056 766 1187 801 πρόνοιαν
1210 767 1395 794 ἐπεδείκνυτο.
1413 766 1469 793 Καὶ
1483 766 1543 799 πῶς
1562 766 1595 794 ἂν
1609 766 1668 802 ἔχοι
1688 767 1778 802 λόγον,
1795 776 1850 803 πη-

1057 811 1154 846 γάζειν
1167 812 1232 844 τοὺς
1244 813 1398 848 προφήτας,
1411 812 1632 848 παρασκευάζειν
1646 812 1695 848 τὴν
1709 812 1847 848 ἀλήθειαν,

1058 856 1086 891 ἢ,
1099 856 1154 883 τῶν
1168 856 1446 892 κεχρησμῳδημένων
1462 857 1553 890 αὐτοῖς
1570 856 1732 893 παραδόξων
1751 857 1847 890 ὅντων,

1057 902 1145 938 πέρας
1158 903 1192 929 τὰ
1213 902 1283 938 ἔργα
1301 903 1441 938 παρέχειν,
1456 904 1503 930 καὶ
1516 904 1566 938 τῆς
1588 903 1701 931 ἐκείνων
1716 903 1847 939 ἀληθείας

1056 949 1107 983 τὴν
1134 949 1298 984 οἰκουμένην
1318 950 1410 977 πᾶσαν
1433 949 1479 976 διὰ
1513 950 1568 977 τῶν
1596 950 1730 985 ὀμμάτων
1759 950 1847 977 ποιεῖν

1058 993 1224 1030 μάρτυρας;
1241 995 1274 1022 '0
1301 995 1400 1022 ταυτὸν
1438 996 1497 1022 ἐστι
1522 994 1574 1030 τῆς
1601 995 1735 1032 μισούσης
1757 995 1847 1031 ἀρχῆς

1054 1038 1105 1074 τὴν
1127 1038 1259 1074 ἀλήθειαν
1291 1038 1464 1074 ἐπιτήδευμα
1483 1038 1620 1071 διδάσκειν
1644 1036 1714 1065 εῐναι
1736 1037 1768 1065 τὸ
1782 1046 1847 1073 χορ-

1056 1085 1136 1120 ηγεῖν
1163 1084 1213 1121 τὴν
1226 1084 1358 1120 ἀλήθειαν
1369 1105 1376 1113 .
1394 1085 1465 1120 Ὅρα
1477 1085 1517 1117 δὲ,
1542 1084 1590 1112 καὶ
1611 1084 1680 1112 ἄλλα
1693 1084 1742 1120 μὲν
1759 1084 1845 1111 αἰνιτ-

1054 1131 1169 1165 τόμενος
1182 1131 1196 1158 ὸ
1210 1131 1307 1167 Σωτὴρ
1314 1130 1354 1166 τῷ
1364 1130 1447 1166 πώλῳ
1460 1130 1559 1167 ἔποχος
1571 1129 1616 1168 ἦν.
1630 1130 1667 1158 Τδ
1677 1131 1706 1158 δέ
1723 1131 1844 1167 μάλιστα

1055 1176 1178 1211 ἐμφανὲς
1194 1176 1244 1211 τὴν
1265 1176 1436 1212 προφητείαν
1457 1175 1517 1203 ἐστι
1532 1176 1634 1209 λασεῖν,
1653 1177 1694 1203 ὅτι
1715 1176 1845 1212 βεϐαιῶν.

1054 1221 1136 1255 Λέγει
1147 1221 1204 1257 γὰρ
1220 1221 1254 1248 τὰ
1268 1221 1346 1255 λόγια
1358 1221 1392 1247 τὰ
1409 1221 1507 1250 σεπτά.
1521 1221 1607 1247 Τοῦτο
1628 1221 1657 1248 δὲ
1680 1220 1742 1248 ὅλον
1763 1221 1845 1256 γέγο-

1055 1275 1110 1300 νεν,
1128 1266 1173 1293 ἵνα
1189 1266 1321 1303 πληρωθῇ
1333 1267 1363 1293 τὺ
1372 1266 1457 1303 ῥηθὲν
1472 1267 1517 1294 διὰ
1535 1266 1583 1293 τοῦ
1593 1267 1737 1302 προφήτου
1752 1267 1846 1300 λέγον-

1054 1321 1111 1345 τος⁸
1128 1314 1241 1341 Ειπατε
1255 1313 1292 1348 τῇ
1306 1314 1428 1349 θυγατρί
1444 1313 1521 1341 Σιών
1533 1321 1540 1329 ·
1562 1313 1636 1341 Ἰδοὺ
1656 1315 1673 1340 ό
1693 1314 1845 1347 ,βασιλεύς

1054 1367 1112 1387 σου
1126 1360 1244 1394 ἔρχεται
1269 1368 1320 1388 σοι
1334 1359 1443 1395 πραῢς,
1458 1359 1507 1387 καὶ
1519 1359 1701 1394 ἐπιϐεϐηκὼς
1708 1359 1757 1386 ἐπὶ
1772 1360 1845 1387 ὄνον

1054 1405 1102 1432 καί
1122 1405 1226 1432 πῶλον
1239 1405 1307 1433 υἱὸν
1321 1405 1494 1441 ὑποζυγίου.
1511 1405 1594 1441 Ὁρᾷς
1609 1405 1683 1437 ὅπως
1701 1406 1746 1431 ἐπ’
1760 1405 1844 1432 ἐκδά-

1055 1461 1097 1479 σει
1110 1460 1140 1478 τε
1159 1452 1208 1480 καὶ¹
1230 1451 1376 1487 βεῦαιώσει
1390 1453 1441 1488 τῆς
1459 1452 1652 1488 προφητείαςὸ
1671 1451 1720 1479 τοῦ
1731 1442 1843 1488 ’κόσμου

1055 1499 1150 1534 Σωτὴρ
1163 1499 1210 1526 ἐπὶ
1226 1499 1272 1526 τὸν
1288 1499 1378 1526 πῶλον
1399 1499 1562 1532 καθέζεταις
1582 1498 1659 1525 Ἐπεὶ
1681 1498 1729 1526 καὶ
1757 1498 1844 1534 χωρὶς

1039 1545 1100 1580 ¹τῆς
1116 1545 1243 1581 τοιαύτης
1257 1545 1422 1581 μαρτυρίας,
1434 1545 1507 1573 κατά
1519 1553 1552 1579 γε
1567 1544 1599 1571 τὸ
1615 1544 1788 1579 φαινόμενον,
1800 1544 1844 1576 τίς

1052 1592 1134 1628 ἑτέρα
1151 1592 1231 1627 χρεία
1246 1592 1338 1627 παρῆν
1354 1592 1565 1626 κατεπείγουσα,
1582 1591 1718 1626 συντόμου
1730 1599 1844 1626 προκει-

1052 1637 1137 1674 μένης
1153 1637 1225 1665 οὖτω
1234 1637 1285 1672 τῆς
1295 1635 1368 1670 ὁδοῦ,
1383 1637 1540 1673 ἐποχεῖσθαι
1557 1636 1641 1672 πώλῳ
1656 1636 1702 1664 τὸν
1724 1636 1841 1671 Ἰησοῦν,

1051 1684 1082 1716 ὃς
1098 1692 1130 1718 γε
1152 1683 1284 1715 πολλάκις
1300 1684 1349 1710 καὶ
1371 1683 1575 1716 πολυπλασίους
1592 1683 1656 1710 ποσὶ
1677 1683 1735 1714 τοῖς
1758 1682 1842 1710 αὑτοῦ

1050 1729 1160 1765 διῆλθεν
1174 1729 1268 1763 ὀδούς;
1281 1729 1318 1756 ’Ἡ
1335 1729 1415 1756 ποίαν
1428 1729 1510 1763 δόξαν
1526 1728 1632 1764 ἀνῆπτε
1642 1727 1733 1764 φέρων
1745 1728 1760 1755 δ
1781 1727 1842 1754 πῶ-

1051 1776 1097 1808 λος
1111 1776 1150 1812 τῷ
1161 1775 1308 1812 σύμπαντα
1324 1775 1434 1811 φέροντι
1447 1775 1486 1811 τῷ
1501 1775 1606 1811 ῥήματι
1622 1774 1671 1810 τῆς
1696 1773 1841 1809 δυνάμεως

1051 1822 1146 1850 αὑτοῦ.
1158 1822 1226 1850 Τίνα
1245 1822 1275 1849 δὲ
1293 1822 1343 1849 καὶ
1357 1821 1498 1857 βασιλείαν
1516 1821 1666 1856 ἐκήρυττεν
1680 1819 1840 1854 ὑποζύγιον,

1050 1869 1145 1905 ἀνέχον
1160 1868 1306 1904 ὀχούμενον
1323 1868 1354 1895 τὸ
1373 1867 1486 1903 βασιλέα
1503 1867 1551 1894 τοῦ
1575 1866 1703 1902 Ὶσραὴλ;
1718 1865 1755 1893 Τδ
1784 1866 1842 1901 γὰρ

1049 1915 1178 1942 ταπεινὸν
1193 1915 1241 1942 καὶ
1256 1914 1353 1951 πρᾷον,
1365 1914 1408 1941 ῐνα
1423 1914 1461 1950 μὴ
1469 1913 1539 1949 λέγω
1551 1913 1696 1949 primole
1712 1913 1761 1948 τὴν
1768 1912 1840 1940 ὁδοι-

1050 1961 1150 1997 πορίαν
1169 1961 1232 1988 ποσὶ
1245 1960 1361 1996 βαδίζων
1374 1959 1491 1995 διήνυεν,
1511 1958 1569 1986 ἀλλ’
1586 1957 1633 1986 οὖν
1653 1959 1703 1985 οὐκ
1727 1957 1840 1985 ἔλαττον

1050 2008 1183 2043 παρεῖχεν
1197 2007 1308 2033 ἐννοεῖν.
1324 2005 1403 2032 Οὕτω
1417 2004 1451 2031 τὰ
1461 2005 1510 2039 τῆς
1525 2004 1643 2035 παλαιᾶς
1654 2004 1710 2036 τοῖς
1722 2004 1772 2038 τῆς
1787 2003 1839 2039 χά-

1052 2060 1126 2087 ριτος
1141 2051 1314 2084 συνεσίῦαζε,
1331 2051 1380 2077 καὶ
1397 2050 1468 2079 οὓτω
1479 2050 1524 2077 διὰ
1538 2050 1589 2086 τῆς
1602 2050 1689 2085 αὐτῆς
1700 2050 1839 2085 ἁγαούτη-

1049 2106 1096 2129 τος
1106 2097 1188 2124 καινὰ
1200 2097 1247 2123 καὶ
1273 2096 1360 2124 ταῦτα
1372 2096 1527 2132 προελθεῖν,
1548 2096 1574 2122 εί
1593 2096 1641 2124 καὶ
1655 2096 1686 2122 τὸ
1713 2095 1807 2132 μεῖζον
1821 2096 1839 2129 ἠ

1049 2144 1128 2179 χάρις
1141 2140 1199 2178 εῐχε
1216 2142 1288 2179 μετὰ.
1300 2141 1356 2171 τῶν
1369 2141 1458 2170 ἄλλων
1475 2142 1619 2178 σωτηρίων
1632 2142 1778 2178 δογμάτων
1792 2143 1840 2169 καὶ

1011 2191 1039 2222 Ι)
1051 2188 1141 2221 τοῦτο,
1158 2188 1206 2215 καὶ
1219 2187 1311 2222 λόγοις
1335 2186 1384 2216 καὶ
1410 2186 1503 2223 ἔργοις
1523 2185 1694 2214 έκπαιδεὺων
1712 2187 1764 2214 οὐκ
1787 2187 1841 2222 ἀφ-

1048 2233 1150 2262 ίστατο.

1083 2280 1150 2308 KI“.
1167 2279 1224 2316 Τίμ
1237 2280 1294 2315 (I9)
1310 2279 1377 2316 ἱερῷ
1387 2278 1546 2315 προσελθὼν
1568 2279 1623 2315 ἄρα
1637 2278 1777 2314 ἀλλότριον
1789 2279 1842 2307 ἀπ·

1049 2325 1150 2361 ἔφηνεν
1164 2325 1242 2358 αὐτὸ,
1255 2325 1284 2352 δν
1296 2325 1424 2362 τρόπονή
1439 2325 1594 2352 ἀποστασία
1617 2325 1751 2360 βούληαι,
1768 2325 1785 2360 ἢ
1797 2325 1841 2360 βε-

1050 2371 1202 2407 δηλοῦσθαι
1226 2371 1363 2407 παρῆκεν,
1379 2370 1418 2403 ὼς
1442 2371 1493 2406 τῆς
1520 2369 1672 2406 μελλούσης
1686 2371 1733 2397 ὑπ’
1754 2370 1840 2397 αὑτοῦ

1051 2418 1242 2454 καθαιρεῖσθαι
1255 2417 1412 2452 τυραννίδος
1432 2417 1584 2452 ἀνάκτορον
1601 2416 1657 2451 (20)
1672 2416 1719 2443 καὶ
1744 2425 1840 2443 κατοι-

1053 2465 1186 2500 κητήριον
1200 2463 1241 2496 ὃν,
1255 2463 1354 2490 πολλοῦ
1368 2471 1401 2497 γε
1411 2463 1458 2490 καὶ
1467 2462 1518 2495 δεὶ,
1532 2461 1656 2497 καίτοιγε
1670 2461 1764 2498 ἐχρῆν·
1779 2462 1841 2489 ἀλλ’

1050 2510 1130 2541 ἵλεως
1148 2509 1191 2544 εἴη
1205 2509 1282 2542 Θεὸς,
1298 2509 1346 2544 ἀφ’
1362 2505 1394 2535 οὗ
1411 2508 1529 2544 μάλιστα
1544 2507 1596 2543 τὴν
1623 2507 1773 2542 θεραπείαν
1787 2508 1839 2544 ήδη

1049 2555 1279 2590 προσφερομένην
1290 2554 1330 2590 τῷ
1341 2554 1443 2590 ἐχθρῷ.
1452 2553 1567 2580 αὐτόθεν
1580 2552 1665 2580 αὐτοῦ
1678 2562 1707 2580 τε
1721 2553 1771 2588 τῆς
1786 2562 1838 2580 κα-

1048 2599 1188 2632 ταλύσεως
1216 2599 1353 2627 ποιεῖσθαι
1376 2600 1425 2634 τὴν
1445 2599 1545 2635 ἀρχήν.
1566 2599 1595 2626 '0
1625 2599 1655 2626 δὲ
1683 2599 1840 2627 τούναντίον

765 2685 885 2716 νΑῐιιᾹε
904 2687 1097 2718 LECTIONES
1117 2690 1162 2719 ET
1175 2691 1293 2721 NOTAE.

243 2741 300 2779 (i9)
316 2741 376 2777 ΤΙμ.
394 2740 523 2779 _L_acunze
536 2742 737 2779 vestigiumﬁn
752 2751 805 2771 ms.
825 2751 997 2779 expressum,

208 2777 322 2813 credere
338 2777 481 2813 Inerjubet,
500 2777 675 2813 scribendum
691 2777 775 2805 fuisse
790 2778 817 2804 τί
833 2777 896 2813 μέν.

244 2811 301 2846 (20)
321 2812 512 2846 Ἀνάκτορον.
529 2812 587 2839 Vox
611 2813 669 2839 hac
690 2813 800 2848 proprie
827 2811 936 2847 quidem
965 2814 1000 2841 de

209 2847 404 2876 Dioscurorum
421 2848 536 2882 templo,
552 2851 608 2875 tum
634 2847 699 2876 vero
714 2847 864 2881 generatim
881 2849 914 2876 de
935 2850 1001 2877 reli-

1043 2748 1114 2785 quis
1127 2748 1255 2777 omnibus
1270 2750 1396 2785 usurpari
1421 2758 1436 2778 a
1449 2749 1552 2778 Graecis
1569 2751 1650 2779 solet.
1677 2750 1747 2779 Vide
1766 2751 1835 2778 Eze-

1045 2783 1164 2821 chielem
1186 2783 1396 2819 Spanbemium,
1415 2787 1450 2815 ad
1475 2785 1592 2821 hymnos
1616 2786 1776 2815 Callimachi
1806 2787 1835 2814 in

1046 2817 1213 2854 Apollinem,
1229 2828 1255 2848 ν.
1272 2820 1316 2849 76.
