  <div class='ocr_page' id='page_1' title='image "/cluster/home/n/w/nwhite01/storage/ocr_20150623/102/njp.32101010943874/126.png"; bbox 0 0 1940 3081; ppageno 0'>
   <div class='ocr_carea' id='block_1_1' title="bbox 86 101 140 134">
    <p class='ocr_par' dir='ltr' id='par_1_1' title="bbox 86 101 140 134">
     <span class='ocr_line' id='line_1_1' title="bbox 86 101 140 134; baseline 0 -1"><span class='ocrx_word' id='word_1_1' title='bbox 86 101 140 134; x_wconf 66' lang='lat'><strong>29.9</strong></span> 
     </span>
    </p>
   </div>
   <div class='ocr_carea' id='block_1_2' title="bbox 599 97 1206 130">
    <p class='ocr_par' dir='ltr' id='par_1_2' title="bbox 599 97 1206 130">
     <span class='ocr_line' id='line_1_2' title="bbox 599 97 1206 130; baseline 0 0"><span class='ocrx_word' id='word_1_2' title='bbox 599 98 747 130; x_wconf 76' lang='lat' dir='ltr'><strong>CONTRA</strong></span> <span class='ocrx_word' id='word_1_3' title='bbox 766 97 998 129; x_wconf 63' lang='lat' dir='ltr'><strong>MANICHEOS</strong></span> <span class='ocrx_word' id='word_1_4' title='bbox 1018 99 1139 130; x_wconf 85' lang='lat' dir='ltr'><strong>LIBER</strong></span> <span class='ocrx_word' id='word_1_5' title='bbox 1157 99 1206 130; x_wconf 83' lang='lat' dir='ltr'><strong>IV.</strong></span> 
     </span>
    </p>
   </div>
   <div class='ocr_carea' id='block_1_3' title="bbox 1671 99 1724 132">
    <p class='ocr_par' dir='ltr' id='par_1_3' title="bbox 1671 99 1724 132">
     <span class='ocr_line' id='line_1_3' title="bbox 1671 99 1724 132; baseline 0 0"><span class='ocrx_word' id='word_1_6' title='bbox 1671 99 1724 132; x_wconf 77' lang='lat'><strong>230</strong></span> 
     </span>
    </p>
   </div>
   <div class='ocr_carea' id='block_1_4' title="bbox 88 140 889 193">
    <p class='ocr_par' dir='ltr' id='par_1_4' title="bbox 88 155 878 193">
     <span class='ocr_line' id='line_1_4' title="bbox 88 155 878 193; baseline -0.001 -9"><span class='ocrx_word' id='word_1_7' title='bbox 88 158 161 184; x_wconf 69' lang='grc' dir='ltr'>ἅπαν</span> <span class='ocrx_word' id='word_1_8' title='bbox 175 156 284 184; x_wconf 79' lang='grc' dir='ltr'>ἐκτελεῖ</span> <span class='ocrx_word' id='word_1_9' title='bbox 291 156 326 184; x_wconf 82' lang='grc' dir='ltr'>δι’</span> <span class='ocrx_word' id='word_1_10' title='bbox 340 157 429 193; x_wconf 78' lang='grc' dir='ltr'>έργων</span> <span class='ocrx_word' id='word_1_11' title='bbox 440 155 531 192; x_wconf 77' lang='grc' dir='ltr'>αὐτῶν</span> <span class='ocrx_word' id='word_1_12' title='bbox 545 155 665 191; x_wconf 70' lang='grc' dir='ltr'>ἐλέγχων</span> <span class='ocrx_word' id='word_1_13' title='bbox 683 156 748 188; x_wconf 74' lang='grc' dir='ltr'>τοὺς</span> <span class='ocrx_word' id='word_1_14' title='bbox 758 155 878 189; x_wconf 81' lang='grc' dir='ltr'>ἀσεϐεῖς.</span> 
     </span>
    </p>
   </div>
   <div class='ocr_carea' id='block_1_5' title="bbox 942 140 1723 193">
    <p class='ocr_par' dir='ltr' id='par_1_5' title="bbox 942 156 1723 192">
     <span class='ocr_line' id='line_1_5' title="bbox 942 156 1723 192; baseline 0.003 -9"><span class='ocrx_word' id='word_1_15' title='bbox 942 156 1021 184; x_wconf 86' lang='lat' dir='ltr'><strong>nines</strong></span> <span class='ocrx_word' id='word_1_16' title='bbox 1036 156 1135 192; x_wconf 84' lang='lat' dir='ltr'><strong>impios</strong></span> <span class='ocrx_word' id='word_1_17' title='bbox 1151 156 1342 192; x_wconf 83' lang='lat' dir='ltr'><strong>castigaturus.</strong></span> <span class='ocrx_word' id='word_1_18' title='bbox 1364 156 1423 184; x_wconf 86' lang='lat' dir='ltr'><strong>Non</strong></span> <span class='ocrx_word' id='word_1_19' title='bbox 1445 157 1533 186; x_wconf 91' lang='lat' dir='ltr'><strong>solum</strong></span> <span class='ocrx_word' id='word_1_20' title='bbox 1553 157 1627 185; x_wconf 85' lang='lat' dir='ltr'><strong>enim</strong></span> <span class='ocrx_word' id='word_1_21' title='bbox 1649 158 1723 185; x_wconf 85' lang='lat' dir='ltr'><strong>nulla</strong></span> 
     </span>
    </p>
   </div>
   <div class='ocr_carea' id='block_1_6' title="bbox 88 201 880 238">
    <p class='ocr_par' dir='ltr' id='par_1_6' title="bbox 88 201 880 238">
     <span class='ocr_line' id='line_1_6' title="bbox 88 201 880 238; baseline -0.001 -9"><span class='ocrx_word' id='word_1_22' title='bbox 88 203 124 229; x_wconf 86' lang='grc' dir='ltr'><strong>οὗ</strong></span> <span class='ocrx_word' id='word_1_23' title='bbox 139 202 197 238; x_wconf 88' lang='grc' dir='ltr'><strong>γὰρ</strong></span> <span class='ocrx_word' id='word_1_24' title='bbox 219 203 302 238; x_wconf 89' lang='grc' dir='ltr'>μόνον</span> <span class='ocrx_word' id='word_1_25' title='bbox 317 203 394 230; x_wconf 83' lang='grc' dir='ltr'>οὐδὲν</span> <span class='ocrx_word' id='word_1_26' title='bbox 415 203 465 230; x_wconf 83' lang='grc' dir='ltr'>οὐκ</span> <span class='ocrx_word' id='word_1_27' title='bbox 484 202 591 238; x_wconf 82' lang='grc' dir='ltr'>ἀφῆκεν</span> <span class='ocrx_word' id='word_1_28' title='bbox 620 201 790 237; x_wconf 77' lang='grc' dir='ltr'>ὑϐριστικὸν,</span> <span class='ocrx_word' id='word_1_29' title='bbox 811 202 880 229; x_wconf 75' lang='grc' dir='ltr'>ἀλλὰ</span> 
     </span>
    </p>
   </div>
   <div class='ocr_carea' id='block_1_7' title="bbox 88 247 880 285">
    <p class='ocr_par' dir='ltr' id='par_1_7' title="bbox 88 247 880 285">
     <span class='ocr_line' id='line_1_7' title="bbox 88 247 880 285; baseline 0 -11"><span class='ocrx_word' id='word_1_30' title='bbox 88 248 212 280; x_wconf 76' lang='grc' dir='ltr'>καὶτοὺς</span> <span class='ocrx_word' id='word_1_31' title='bbox 228 248 267 285; x_wconf 81' lang='grc' dir='ltr'>μὴ</span> <span class='ocrx_word' id='word_1_32' title='bbox 280 248 342 275; x_wconf 83' lang='grc' dir='ltr'>λίαν</span> <span class='ocrx_word' id='word_1_33' title='bbox 367 248 550 284; x_wconf 76' lang='grc' dir='ltr'><strong>τετιμηκότας</strong></span> <span class='ocrx_word' id='word_1_34' title='bbox 577 247 704 275; x_wconf 74' lang='grc' dir='ltr'>ἐκϐάλλει</span> <span class='ocrx_word' id='word_1_35' title='bbox 720 248 813 278; x_wconf 71' lang='grc' dir='ltr'>τεκαὶ</span> <span class='ocrx_word' id='word_1_36' title='bbox 826 247 880 274; x_wconf 78' lang='grc' dir='ltr'><strong>ἀπ⁴</strong></span> 
     </span>
    </p>
   </div>
   <div class='ocr_carea' id='block_1_8' title="bbox 94 291 881 330">
    <p class='ocr_par' dir='ltr' id='par_1_8' title="bbox 94 291 881 330">
     <span class='ocr_line' id='line_1_8' title="bbox 94 291 881 330; baseline 0 -10"><span class='ocrx_word' id='word_1_37' title='bbox 94 293 201 321; x_wconf 71' lang='grc' dir='ltr'>ελαύνει</span> <span class='ocrx_word' id='word_1_38' title='bbox 217 294 266 322; x_wconf 81' lang='grc' dir='ltr'><strong>σὺν</strong></span> <span class='ocrx_word' id='word_1_39' title='bbox 278 294 391 330; x_wconf 81' lang='grc' dir='ltr'>ἀπειλῇ,</span> <span class='ocrx_word' id='word_1_40' title='bbox 406 295 453 322; x_wconf 81' lang='grc' dir='ltr'>καὶ</span> <span class='ocrx_word' id='word_1_41' title='bbox 463 294 515 330; x_wconf 80' lang='grc' dir='ltr'>τῆς</span> <span class='ocrx_word' id='word_1_42' title='bbox 534 294 631 330; x_wconf 72' lang='grc' dir='ltr'>ὀργῆς,</span> <span class='ocrx_word' id='word_1_43' title='bbox 644 295 711 329; x_wconf 83' lang='grc' dir='ltr'><strong>ὅσης</strong></span> <span class='ocrx_word' id='word_1_44' title='bbox 722 291 794 330; x_wconf 80' lang='grc' dir='ltr'>ἦσαν</span> <span class='ocrx_word' id='word_1_45' title='bbox 810 293 881 326; x_wconf 80' lang='grc' dir='ltr'>ἄξιοι</span> 
     </span>
    </p>
   </div>
   <div class='ocr_carea' id='block_1_9' title="bbox 90 338 880 376">
    <p class='ocr_par' dir='ltr' id='par_1_9' title="bbox 90 338 880 376">
     <span class='ocr_line' id='line_1_9' title="bbox 90 338 880 376; baseline 0 -9"><span class='ocrx_word' id='word_1_46' title='bbox 90 338 267 376; x_wconf 81' lang='grc' dir='ltr'>βεϐηλοῦντες</span> <span class='ocrx_word' id='word_1_47' title='bbox 278 341 325 368; x_wconf 82' lang='grc' dir='ltr'>τὸν</span> <span class='ocrx_word' id='word_1_48' title='bbox 337 338 412 368; x_wconf 78' lang='grc' dir='ltr'>οἷκον</span> <span class='ocrx_word' id='word_1_49' title='bbox 431 341 480 368; x_wconf 83' lang='grc' dir='ltr'>τοῦ</span> <span class='ocrx_word' id='word_1_50' title='bbox 494 342 598 376; x_wconf 83' lang='grc' dir='ltr'>πατρὸς</span> <span class='ocrx_word' id='word_1_51' title='bbox 611 341 701 368; x_wconf 86' lang='grc' dir='ltr'>αὐτῶν</span> <span class='ocrx_word' id='word_1_52' title='bbox 724 341 880 376; x_wconf 81' lang='grc' dir='ltr'>παριστῶν,</span> 
     </span>
    </p>
   </div>
   <div class='ocr_carea' id='block_1_10' title="bbox 89 385 882 423">
    <p class='ocr_par' dir='ltr' id='par_1_10' title="bbox 89 385 882 423">
     <span class='ocr_line' id='line_1_10' title="bbox 89 385 882 423; baseline 0.001 -11"><span class='ocrx_word' id='word_1_53' title='bbox 89 385 252 422; x_wconf 75' lang='grc' dir='ltr'>φραγέλλιον</span> <span class='ocrx_word' id='word_1_54' title='bbox 280 396 311 414; x_wconf 87' lang='grc' dir='ltr'><strong>τε</strong></span> <span class='ocrx_word' id='word_1_55' title='bbox 329 387 386 423; x_wconf 74' lang='grc'><strong>(21)</strong></span> <span class='ocrx_word' id='word_1_56' title='bbox 419 386 544 423; x_wconf 81' lang='grc' dir='ltr'><strong>σχοινίων</strong></span> <span class='ocrx_word' id='word_1_57' title='bbox 563 387 717 420; x_wconf 79' lang='grc' dir='ltr'><strong>διαπλέκει,</strong></span> <span class='ocrx_word' id='word_1_58' title='bbox 733 387 781 414; x_wconf 78' lang='grc' dir='ltr'>καὶ</span> <span class='ocrx_word' id='word_1_59' title='bbox 801 386 882 414; x_wconf 83' lang='grc' dir='ltr'>τοῦτο</span> 
     </span>
    </p>
   </div>
   <div class='ocr_carea' id='block_1_11' title="bbox 89 432 883 468">
    <p class='ocr_par' dir='ltr' id='par_1_11' title="bbox 89 432 883 468">
     <span class='ocr_line' id='line_1_11' title="bbox 89 432 883 468; baseline 0 -10"><span class='ocrx_word' id='word_1_60' title='bbox 89 432 195 464; x_wconf 81' lang='grc' dir='ltr'>τούτοις</span> <span class='ocrx_word' id='word_1_61' title='bbox 208 432 427 465; x_wconf 69' lang='grc' dir='ltr'>ἐπανατείνεται,</span> <span class='ocrx_word' id='word_1_62' title='bbox 443 433 490 459; x_wconf 78' lang='grc' dir='ltr'>καὶ</span> <span class='ocrx_word' id='word_1_63' title='bbox 504 432 536 459; x_wconf 71' lang='grc' dir='ltr'>οὐ</span> <span class='ocrx_word' id='word_1_64' title='bbox 547 432 627 460; x_wconf 86' lang='grc' dir='ltr'>τοῦτο</span> <span class='ocrx_word' id='word_1_65' title='bbox 643 432 736 468; x_wconf 77' lang='grc' dir='ltr'>μόνον,</span> <span class='ocrx_word' id='word_1_66' title='bbox 753 432 821 459; x_wconf 84' lang='grc' dir='ltr'><strong>ἀλλὰ</strong></span> <span class='ocrx_word' id='word_1_67' title='bbox 834 432 883 459; x_wconf 78' lang='grc' dir='ltr'>καὶ</span> 
     </span>
    </p>
   </div>
   <div class='ocr_carea' id='block_1_12' title="bbox 89 475 882 512">
    <p class='ocr_par' dir='ltr' id='par_1_12' title="bbox 89 475 882 512">
     <span class='ocr_line' id='line_1_12' title="bbox 89 475 882 512; baseline 0.003 -10"><span class='ocrx_word' id='word_1_68' title='bbox 89 475 139 507; x_wconf 82' lang='grc' dir='ltr'><strong>τὰς</strong></span> <span class='ocrx_word' id='word_1_69' title='bbox 147 477 287 512; x_wconf 78' lang='grc' dir='ltr'>τραπέζας</span> <span class='ocrx_word' id='word_1_70' title='bbox 299 477 354 503; x_wconf 89' lang='grc' dir='ltr'><strong>τῶν</strong></span> <span class='ocrx_word' id='word_1_71' title='bbox 367 477 562 510; x_wconf 84' lang='grc' dir='ltr'>κολλυϐιστῶν,</span> <span class='ocrx_word' id='word_1_72' title='bbox 580 475 661 504; x_wconf 79' lang='grc' dir='ltr'>αὗται</span> <span class='ocrx_word' id='word_1_73' title='bbox 675 478 698 504; x_wconf 78' lang='grc' dir='ltr'>δ’</span> <span class='ocrx_word' id='word_1_74' title='bbox 715 478 748 505; x_wconf 78' lang='grc' dir='ltr'>ἂν</span> <span class='ocrx_word' id='word_1_75' title='bbox 765 476 820 504; x_wconf 82' lang='grc' dir='ltr'>εἶεν</span> <span class='ocrx_word' id='word_1_76' title='bbox 832 498 839 509; x_wconf 83' lang='grc'><strong>,</strong></span> <span class='ocrx_word' id='word_1_77' title='bbox 853 477 882 504; x_wconf 75' lang='grc' dir='ltr'>αἳ</span> 
     </span>
    </p>
   </div>
   <div class='ocr_carea' id='block_1_13' title="bbox 89 521 881 559">
    <p class='ocr_par' dir='ltr' id='par_1_13' title="bbox 89 521 881 559">
     <span class='ocr_line' id='line_1_13' title="bbox 89 521 881 559; baseline 0 -11"><span class='ocrx_word' id='word_1_78' title='bbox 89 521 120 548; x_wconf 81' lang='grc' dir='ltr'><strong>τὺ</strong></span> <span class='ocrx_word' id='word_1_79' title='bbox 135 522 185 556; x_wconf 83' lang='grc' dir='ltr'><strong>τῆς</strong></span> <span class='ocrx_word' id='word_1_80' title='bbox 198 522 319 557; x_wconf 78' lang='grc' dir='ltr'>ἀλλαγῆς</span> <span class='ocrx_word' id='word_1_81' title='bbox 343 523 476 558; x_wconf 86' lang='grc' dir='ltr'>ἀργύριον</span> <span class='ocrx_word' id='word_1_82' title='bbox 499 523 547 550; x_wconf 83' lang='grc' dir='ltr'>καὶ</span> <span class='ocrx_word' id='word_1_83' title='bbox 571 524 606 550; x_wconf 70' lang='grc' dir='ltr'><strong>τὰ</strong></span> <span class='ocrx_word' id='word_1_84' title='bbox 622 523 750 559; x_wconf 76' lang='grc' dir='ltr'><strong>κέρματα</strong></span> <span class='ocrx_word' id='word_1_85' title='bbox 771 522 881 557; x_wconf 76' lang='grc' dir='ltr'>ἔφερον,</span> 
     </span>
    </p>
   </div>
   <div class='ocr_carea' id='block_1_14' title="bbox 89 565 882 604">
    <p class='ocr_par' dir='ltr' id='par_1_14' title="bbox 89 565 882 604">
     <span class='ocr_line' id='line_1_14' title="bbox 89 565 882 604; baseline 0.001 -11"><span class='ocrx_word' id='word_1_86' title='bbox 89 565 183 601; x_wconf 77' lang='grc' dir='ltr'>ὲφ⁹οἶς</span> <span class='ocrx_word' id='word_1_87' title='bbox 197 568 244 594; x_wconf 81' lang='grc' dir='ltr'>καὶ</span> <span class='ocrx_word' id='word_1_88' title='bbox 258 568 308 599; x_wconf 82' lang='grc' dir='ltr'>τὰς</span> <span class='ocrx_word' id='word_1_89' title='bbox 324 568 461 604; x_wconf 82' lang='grc' dir='ltr'><strong>καθέδρας</strong></span> <span class='ocrx_word' id='word_1_90' title='bbox 485 568 539 596; x_wconf 88' lang='grc' dir='ltr'><strong>τῶν</strong></span> <span class='ocrx_word' id='word_1_91' title='bbox 559 568 722 596; x_wconf 80' lang='grc' dir='ltr'>πωλούντων</span> <span class='ocrx_word' id='word_1_92' title='bbox 738 569 788 599; x_wconf 81' lang='grc' dir='ltr'>τὰς</span> <span class='ocrx_word' id='word_1_93' title='bbox 802 576 882 604; x_wconf 86' lang='grc' dir='ltr'>περι-</span> 
     </span>
    </p>
   </div>
   <div class='ocr_carea' id='block_1_15' title="bbox 91 613 882 650">
    <p class='ocr_par' dir='ltr' id='par_1_15' title="bbox 91 613 882 650">
     <span class='ocr_line' id='line_1_15' title="bbox 91 613 882 650; baseline 0.001 -12"><span class='ocrx_word' id='word_1_94' title='bbox 91 613 191 648; x_wconf 72' lang='grc' dir='ltr'>στερὰς</span> <span class='ocrx_word' id='word_1_95' title='bbox 207 613 298 649; x_wconf 70' lang='grc' dir='ltr'>ἢτοὺς</span> <span class='ocrx_word' id='word_1_96' title='bbox 323 613 386 648; x_wconf 85' lang='grc' dir='ltr'>βοῦς</span> <span class='ocrx_word' id='word_1_97' title='bbox 396 622 405 630; x_wconf 89' lang='grc'><strong>·</strong></span> <span class='ocrx_word' id='word_1_98' title='bbox 430 615 455 641; x_wconf 92' lang='grc' dir='ltr'><strong>εί</strong></span> <span class='ocrx_word' id='word_1_99' title='bbox 479 614 570 650; x_wconf 82' lang='grc' dir='ltr'>βούλει</span> <span class='ocrx_word' id='word_1_100' title='bbox 586 614 615 641; x_wconf 81' lang='grc' dir='ltr'>δὲ</span> <span class='ocrx_word' id='word_1_101' title='bbox 637 615 685 641; x_wconf 82' lang='grc' dir='ltr'>καὶ</span> <span class='ocrx_word' id='word_1_102' title='bbox 698 613 732 641; x_wconf 69' lang='grc' dir='ltr'>τὰ</span> <span class='ocrx_word' id='word_1_103' title='bbox 747 613 882 649; x_wconf 80' lang='grc' dir='ltr'>πρόϐατα,</span> 
     </span>
    </p>
   </div>
   <div class='ocr_carea' id='block_1_16' title="bbox 90 657 883 694">
    <p class='ocr_par' dir='ltr' id='par_1_16' title="bbox 90 657 883 694">
     <span class='ocr_line' id='line_1_16' title="bbox 90 657 883 694; baseline 0.003 -10"><span class='ocrx_word' id='word_1_104' title='bbox 90 657 276 693; x_wconf 77' lang='grc' dir='ltr'>καταστρέφει</span> <span class='ocrx_word' id='word_1_105' title='bbox 286 658 354 694; x_wconf 67' lang='lat'><strong>(22).</strong></span> <span class='ocrx_word' id='word_1_106' title='bbox 371 659 426 686; x_wconf 83' lang='grc' dir='ltr'><strong>Καὶ</strong></span> <span class='ocrx_word' id='word_1_107' title='bbox 446 660 497 686; x_wconf 80' lang='grc' dir='ltr'>οὐκ</span> <span class='ocrx_word' id='word_1_108' title='bbox 513 659 616 694; x_wconf 73' lang='grc' dir='ltr'>ἔπραξε</span> <span class='ocrx_word' id='word_1_109' title='bbox 634 659 684 694; x_wconf 80' lang='grc' dir='ltr'>μὲν</span> <span class='ocrx_word' id='word_1_110' title='bbox 701 659 788 686; x_wconf 84' lang='grc' dir='ltr'>ταῦτα</span> <span class='ocrx_word' id='word_1_111' title='bbox 800 667 808 674; x_wconf 90' lang='grc'><strong>·</strong></span> <span class='ocrx_word' id='word_1_112' title='bbox 825 659 883 686; x_wconf 76' lang='grc' dir='ltr'>ἐσί-</span> 
     </span>
    </p>
   </div>
   <div class='ocr_carea' id='block_1_17' title="bbox 90 704 884 741">
    <p class='ocr_par' dir='ltr' id='par_1_17' title="bbox 90 704 884 741">
     <span class='ocr_line' id='line_1_17' title="bbox 90 704 884 741; baseline 0.004 -12"><span class='ocrx_word' id='word_1_113' title='bbox 90 711 161 738; x_wconf 91' lang='grc' dir='ltr'>γησε</span> <span class='ocrx_word' id='word_1_114' title='bbox 181 704 221 730; x_wconf 86' lang='grc' dir='ltr'>δέ.</span> <span class='ocrx_word' id='word_1_115' title='bbox 245 704 279 731; x_wconf 84' lang='grc' dir='ltr'><em>Ἥ</em></span> <span class='ocrx_word' id='word_1_116' title='bbox 296 705 347 731; x_wconf 86' lang='grc' dir='ltr'>οὐκ</span> <span class='ocrx_word' id='word_1_117' title='bbox 374 705 487 741; x_wconf 67' lang='grc' dir='ltr'>ἐσίγησε</span> <span class='ocrx_word' id='word_1_118' title='bbox 514 706 574 741; x_wconf 84' lang='grc' dir='ltr'>μὲν,</span> <span class='ocrx_word' id='word_1_119' title='bbox 602 706 647 732; x_wconf 80' lang='grc' dir='ltr'><strong>διὰ</strong></span> <span class='ocrx_word' id='word_1_120' title='bbox 669 705 826 740; x_wconf 89' lang='grc' dir='ltr'>παραϐολῆς</span> <span class='ocrx_word' id='word_1_121' title='bbox 855 705 884 732; x_wconf 76' lang='grc' dir='ltr'>δὲ</span> 
     </span>
    </p>
   </div>
   <div class='ocr_carea' id='block_1_18' title="bbox 91 748 882 788">
    <p class='ocr_par' dir='ltr' id='par_1_18' title="bbox 91 748 882 788">
     <span class='ocr_line' id='line_1_18' title="bbox 91 748 882 788; baseline 0.004 -13"><span class='ocrx_word' id='word_1_122' title='bbox 91 748 260 783; x_wconf 74' lang='grc' dir='ltr'>ἐφθέγξατο·</span> <span class='ocrx_word' id='word_1_123' title='bbox 281 750 344 785; x_wconf 84' lang='grc' dir='ltr'><strong>ῆού</strong></span> <span class='ocrx_word' id='word_1_124' title='bbox 355 750 437 778; x_wconf 83' lang='grc' dir='ltr'>τοῦτο</span> <span class='ocrx_word' id='word_1_125' title='bbox 457 751 518 786; x_wconf 82' lang='grc' dir='ltr'>μὲν,</span> <span class='ocrx_word' id='word_1_126' title='bbox 546 752 578 778; x_wconf 79' lang='grc' dir='ltr'>οὐ</span> <span class='ocrx_word' id='word_1_127' title='bbox 606 752 655 779; x_wconf 77' lang='grc' dir='ltr'><strong>σὺν</strong></span> <span class='ocrx_word' id='word_1_128' title='bbox 673 752 817 788; x_wconf 75' lang='grc' dir='ltr'>παρρησίᾳ</span> <span class='ocrx_word' id='word_1_129' title='bbox 843 751 882 778; x_wconf 80' lang='grc' dir='ltr'>δέ.</span> 
     </span>
    </p>
   </div>
   <div class='ocr_carea' id='block_1_19' title="bbox 92 795 884 833">
    <p class='ocr_par' dir='ltr' id='par_1_19' title="bbox 92 795 884 833">
     <span class='ocr_line' id='line_1_19' title="bbox 92 795 884 833; baseline 0.005 -12"><span class='ocrx_word' id='word_1_130' title='bbox 92 795 148 821; x_wconf 80' lang='grc' dir='ltr'><strong>Καὶ</strong></span> <span class='ocrx_word' id='word_1_131' title='bbox 158 795 201 827; x_wconf 79' lang='grc' dir='ltr'><strong>τίς</strong></span> <span class='ocrx_word' id='word_1_132' title='bbox 213 795 248 822; x_wconf 73' lang='grc' dir='ltr'>ἂν</span> <span class='ocrx_word' id='word_1_133' title='bbox 261 795 340 828; x_wconf 80' lang='grc' dir='ltr'>ἀλλος</span> <span class='ocrx_word' id='word_1_134' title='bbox 356 796 399 832; x_wconf 75' lang='grc' dir='ltr'>εἴη</span> <span class='ocrx_word' id='word_1_135' title='bbox 411 798 579 833; x_wconf 85' lang='grc' dir='ltr'>σαφέστερος</span> <span class='ocrx_word' id='word_1_136' title='bbox 595 798 684 832; x_wconf 83' lang='grc' dir='ltr'>λόγος,</span> <span class='ocrx_word' id='word_1_137' title='bbox 697 798 713 833; x_wconf 83' lang='grc' dir='ltr'>ἢ</span> <span class='ocrx_word' id='word_1_138' title='bbox 731 799 764 833; x_wconf 77' lang='grc' dir='ltr'>τῇ</span> <span class='ocrx_word' id='word_1_139' title='bbox 776 798 884 832; x_wconf 82' lang='grc' dir='ltr'>παρρη-</span> 
     </span>
    </p>
   </div>
   <div class='ocr_carea' id='block_1_20' title="bbox 92 840 884 879">
    <p class='ocr_par' dir='ltr' id='par_1_20' title="bbox 92 840 884 879">
     <span class='ocr_line' id='line_1_20' title="bbox 92 840 884 879; baseline 0.005 -13"><span class='ocrx_word' id='word_1_140' title='bbox 92 840 140 876; x_wconf 83' lang='grc' dir='ltr'><strong>σιᾳ</strong></span> <span class='ocrx_word' id='word_1_141' title='bbox 154 841 275 876; x_wconf 84' lang='grc' dir='ltr'>κρατῶν,</span> <span class='ocrx_word' id='word_1_142' title='bbox 290 842 335 869; x_wconf 82' lang='grc' dir='ltr'><strong>ἴνα</strong></span> <span class='ocrx_word' id='word_1_143' title='bbox 351 843 388 878; x_wconf 89' lang='grc' dir='ltr'><strong>μή</strong></span> <span class='ocrx_word' id='word_1_144' title='bbox 401 852 444 874; x_wconf 79' lang='grc' dir='ltr'><strong>τις</strong></span> <span class='ocrx_word' id='word_1_145' title='bbox 459 843 507 870; x_wconf 75' lang='grc' dir='ltr'>καὶ</span> <span class='ocrx_word' id='word_1_146' title='bbox 524 843 579 870; x_wconf 91' lang='grc' dir='ltr'><strong>τῶν</strong></span> <span class='ocrx_word' id='word_1_147' title='bbox 599 844 763 879; x_wconf 81' lang='grc' dir='ltr'>κακουργεῖν</span> <span class='ocrx_word' id='word_1_148' title='bbox 788 843 884 878; x_wconf 80' lang='grc' dir='ltr'>σοφίαν</span> 
     </span>
    </p>
   </div>
   <div class='ocr_carea' id='block_1_21' title="bbox 92 886 885 924">
    <p class='ocr_par' dir='ltr' id='par_1_21' title="bbox 92 886 885 924">
     <span class='ocr_line' id='line_1_21' title="bbox 92 886 885 924; baseline 0.004 -12"><span class='ocrx_word' id='word_1_149' title='bbox 92 886 274 922; x_wconf 79' lang='grc' dir='ltr'>ποιουμένων,</span> <span class='ocrx_word' id='word_1_150' title='bbox 296 888 424 924; x_wconf 83' lang='grc' dir='ltr'>ἀφορμήν</span> <span class='ocrx_word' id='word_1_151' title='bbox 443 888 525 924; x_wconf 78' lang='grc' dir='ltr'>ἀλλην</span> <span class='ocrx_word' id='word_1_152' title='bbox 547 889 638 924; x_wconf 75' lang='grc' dir='ltr'>ἑαυτῷ</span> <span class='ocrx_word' id='word_1_153' title='bbox 654 888 885 923; x_wconf 63' lang='grc' dir='ltr'>διας-πλαττόμενος</span> 
     </span>
    </p>
   </div>
   <div class='ocr_carea' id='block_1_22' title="bbox 92 932 885 971">
    <p class='ocr_par' dir='ltr' id='par_1_22' title="bbox 92 932 885 971">
     <span class='ocr_line' id='line_1_22' title="bbox 92 932 885 971; baseline 0.005 -14"><span class='ocrx_word' id='word_1_154' title='bbox 92 933 133 963; x_wconf 78' lang='grc' dir='ltr'><strong>εἰς</strong></span> <span class='ocrx_word' id='word_1_155' title='bbox 151 932 261 967; x_wconf 76' lang='grc' dir='ltr'>ἐκείνην</span> <span class='ocrx_word' id='word_1_156' title='bbox 284 933 339 960; x_wconf 86' lang='grc' dir='ltr'><strong>τῶν</strong></span> <span class='ocrx_word' id='word_1_157' title='bbox 357 934 562 970; x_wconf 79' lang='grc' dir='ltr'><strong>πεπραγμένων</strong></span> <span class='ocrx_word' id='word_1_158' title='bbox 576 935 685 970; x_wconf 83' lang='grc' dir='ltr'>ἀνάπτῃ</span> <span class='ocrx_word' id='word_1_159' title='bbox 700 934 749 971; x_wconf 86' lang='grc' dir='ltr'>τὴν</span> <span class='ocrx_word' id='word_1_160' title='bbox 775 935 885 962; x_wconf 72' lang='grc' dir='ltr'>αῑτίανο</span> 
     </span>
    </p>
   </div>
   <div class='ocr_carea' id='block_1_23' title="bbox 92 977 887 1020">
    <p class='ocr_par' dir='ltr' id='par_1_23' title="bbox 92 977 887 1020">
     <span class='ocr_line' id='line_1_23' title="bbox 92 977 887 1020; baseline 0.004 -17"><span class='ocrx_word' id='word_1_161' title='bbox 92 977 153 1020; x_wconf 75' lang='grc' dir='ltr'>ἀλλ’</span> <span class='ocrx_word' id='word_1_162' title='bbox 168 978 226 1013; x_wconf 76' lang='grc' dir='ltr'>ἅμα</span> <span class='ocrx_word' id='word_1_163' title='bbox 240 987 269 1005; x_wconf 84' lang='grc' dir='ltr'><strong>τε</strong></span> <span class='ocrx_word' id='word_1_164' title='bbox 280 979 424 1014; x_wconf 77' lang='grc' dir='ltr'>εἰργάζετο</span> <span class='ocrx_word' id='word_1_165' title='bbox 436 979 525 1007; x_wconf 83' lang='grc' dir='ltr'>ταῦτα</span> <span class='ocrx_word' id='word_1_166' title='bbox 536 981 566 1007; x_wconf 80' lang='grc' dir='ltr'>τὸ</span> <span class='ocrx_word' id='word_1_167' title='bbox 591 981 726 1016; x_wconf 79' lang='grc' dir='ltr'>πατρικὸν</span> <span class='ocrx_word' id='word_1_168' title='bbox 746 981 819 1016; x_wconf 75' lang='grc' dir='ltr'>ἱερὸν</span> <span class='ocrx_word' id='word_1_169' title='bbox 836 981 887 1016; x_wconf 86' lang='grc' dir='ltr'>τῆς</span> 
     </span>
    </p>
   </div>
   <div class='ocr_carea' id='block_1_24' title="bbox 92 1024 888 1063">
    <p class='ocr_par' dir='ltr' id='par_1_24' title="bbox 92 1024 888 1063">
     <span class='ocr_line' id='line_1_24' title="bbox 92 1024 888 1063; baseline 0.001 -12"><span class='ocrx_word' id='word_1_170' title='bbox 92 1024 149 1051; x_wconf 82' lang='grc' dir='ltr'><strong>τῶν</strong></span> <span class='ocrx_word' id='word_1_171' title='bbox 167 1024 302 1052; x_wconf 78' lang='grc' dir='ltr'>Ἰουδαίων</span> <span class='ocrx_word' id='word_1_172' title='bbox 318 1025 464 1061; x_wconf 74' lang='grc' dir='ltr'>ὀλιγωρίας</span> <span class='ocrx_word' id='word_1_173' title='bbox 485 1026 680 1063; x_wconf 72' lang='grc' dir='ltr'>ἀποκαθαίρων</span> <span class='ocrx_word' id='word_1_174' title='bbox 699 1027 747 1054; x_wconf 82' lang='grc' dir='ltr'>καὶ</span> <span class='ocrx_word' id='word_1_175' title='bbox 770 1028 888 1062; x_wconf 74' lang='grc' dir='ltr'>ἁφαγνι-</span> 
     </span>
    </p>
   </div>
   <div class='ocr_carea' id='block_1_25' title="bbox 93 1071 888 1109">
    <p class='ocr_par' dir='ltr' id='par_1_25' title="bbox 93 1071 888 1109">
     <span class='ocr_line' id='line_1_25' title="bbox 93 1071 888 1109; baseline 0.005 -13"><span class='ocrx_word' id='word_1_176' title='bbox 93 1071 220 1105; x_wconf 79' lang='grc' dir='ltr'>ζόμενος.</span> <span class='ocrx_word' id='word_1_177' title='bbox 243 1072 440 1107; x_wconf 16' lang='grc' dir='ltr'>Καὶξχρησμὸν</span> <span class='ocrx_word' id='word_1_178' title='bbox 468 1072 598 1108; x_wconf 72' lang='grc' dir='ltr'>ἐπέφερε,</span> <span class='ocrx_word' id='word_1_179' title='bbox 622 1073 759 1109; x_wconf 79' lang='grc' dir='ltr'>λαμπρῶς</span> <span class='ocrx_word' id='word_1_180' title='bbox 774 1073 821 1100; x_wconf 70' lang='grc' dir='ltr'>καὶ</span> <span class='ocrx_word' id='word_1_181' title='bbox 838 1073 888 1100; x_wconf 80' lang='grc' dir='ltr'>σὺν</span> 
     </span>
    </p>
   </div>
   <div class='ocr_carea' id='block_1_26' title="bbox 93 1118 887 1156">
    <p class='ocr_par' dir='ltr' id='par_1_26' title="bbox 93 1118 887 1156">
     <span class='ocr_line' id='line_1_26' title="bbox 93 1118 887 1156; baseline 0.005 -12"><span class='ocrx_word' id='word_1_182' title='bbox 93 1118 242 1154; x_wconf 73' lang='grc' dir='ltr'>παρρησίᾳ</span> <span class='ocrx_word' id='word_1_183' title='bbox 256 1119 404 1152; x_wconf 83' lang='grc' dir='ltr'>διδάσκων,</span> <span class='ocrx_word' id='word_1_184' title='bbox 422 1120 470 1146; x_wconf 81' lang='grc' dir='ltr'>καὶ</span> <span class='ocrx_word' id='word_1_185' title='bbox 483 1120 533 1155; x_wconf 85' lang='grc' dir='ltr'>τῆς</span> <span class='ocrx_word' id='word_1_186' title='bbox 546 1121 661 1156; x_wconf 80' lang='grc' dir='ltr'>ἀπειλῆς</span> <span class='ocrx_word' id='word_1_187' title='bbox 675 1121 722 1148; x_wconf 80' lang='grc' dir='ltr'><strong>καὶ</strong></span> <span class='ocrx_word' id='word_1_188' title='bbox 733 1121 784 1155; x_wconf 80' lang='grc' dir='ltr'>τῆς</span> <span class='ocrx_word' id='word_1_189' title='bbox 800 1130 887 1148; x_wconf 81' lang='grc' dir='ltr'>κατα-</span> 
     </span>
    </p>
   </div>
   <div class='ocr_carea' id='block_1_27' title="bbox 92 1164 888 1202">
    <p class='ocr_par' dir='ltr' id='par_1_27' title="bbox 92 1164 888 1202">
     <span class='ocr_line' id='line_1_27' title="bbox 92 1164 888 1202; baseline 0.004 -11"><span class='ocrx_word' id='word_1_190' title='bbox 92 1164 217 1199; x_wconf 71' lang='grc' dir='ltr'>στροφῆς</span> <span class='ocrx_word' id='word_1_191' title='bbox 234 1164 288 1191; x_wconf 90' lang='grc' dir='ltr'><strong>τῶν</strong></span> <span class='ocrx_word' id='word_1_192' title='bbox 303 1166 352 1200; x_wconf 82' lang='grc' dir='ltr'>τῆς</span> <span class='ocrx_word' id='word_1_193' title='bbox 367 1165 504 1201; x_wconf 75' lang='grc' dir='ltr'>ἐμπορίας</span> <span class='ocrx_word' id='word_1_194' title='bbox 522 1167 667 1202; x_wconf 78' lang='grc' dir='ltr'>τραπεζῶν</span> <span class='ocrx_word' id='word_1_195' title='bbox 683 1167 731 1193; x_wconf 80' lang='grc' dir='ltr'>καὶ</span> <span class='ocrx_word' id='word_1_196' title='bbox 747 1166 888 1202; x_wconf 83' lang='grc' dir='ltr'>καθεδρῶν</span> 
     </span>
    </p>
   </div>
   <div class='ocr_carea' id='block_1_28' title="bbox 92 1208 889 1247">
    <p class='ocr_par' dir='ltr' id='par_1_28' title="bbox 92 1208 889 1247">
     <span class='ocr_line' id='line_1_28' title="bbox 92 1208 889 1247; baseline 0.005 -13"><span class='ocrx_word' id='word_1_197' title='bbox 92 1208 146 1244; x_wconf 81' lang='grc' dir='ltr'>τὴν</span> <span class='ocrx_word' id='word_1_198' title='bbox 159 1209 259 1236; x_wconf 84' lang='grc' dir='ltr'>αἰτίαν.</span> <span class='ocrx_word' id='word_1_199' title='bbox 282 1209 314 1236; x_wconf 92' lang='lat'><strong>&#39;0</strong></span> <span class='ocrx_word' id='word_1_200' title='bbox 329 1208 413 1244; x_wconf 76' lang='grc' dir='ltr'>οἶκός</span> <span class='ocrx_word' id='word_1_201' title='bbox 423 1220 484 1246; x_wconf 79' lang='grc' dir='ltr'><strong>μου</strong></span> <span class='ocrx_word' id='word_1_202' title='bbox 505 1211 571 1247; x_wconf 83' lang='grc' dir='ltr'>γὰρ,</span> <span class='ocrx_word' id='word_1_203' title='bbox 587 1213 680 1247; x_wconf 77' lang='grc' dir='ltr'>φησὶν,</span> <span class='ocrx_word' id='word_1_204' title='bbox 699 1209 781 1244; x_wconf 73' lang='grc' dir='ltr'>οἶκος</span> <span class='ocrx_word' id='word_1_205' title='bbox 795 1219 889 1246; x_wconf 80' lang='grc' dir='ltr'>προσ-</span> 
     </span>
    </p>
   </div>
   <div class='ocr_carea' id='block_1_29' title="bbox 92 1253 889 1290">
    <p class='ocr_par' dir='ltr' id='par_1_29' title="bbox 92 1253 889 1290">
     <span class='ocr_line' id='line_1_29' title="bbox 92 1253 889 1290; baseline 0.001 -10"><span class='ocrx_word' id='word_1_206' title='bbox 92 1253 194 1288; x_wconf 78' lang='grc' dir='ltr'>ευχῆς</span> <span class='ocrx_word' id='word_1_207' title='bbox 224 1254 421 1289; x_wconf 76' lang='grc' dir='ltr'>κληθήσεται,</span> <span class='ocrx_word' id='word_1_208' title='bbox 442 1255 527 1290; x_wconf 83' lang='grc' dir='ltr'>ὑμεῖς</span> <span class='ocrx_word' id='word_1_209' title='bbox 555 1253 590 1281; x_wconf 73' lang='grc' dir='ltr'>δὲ</span> <span class='ocrx_word' id='word_1_210' title='bbox 613 1255 707 1282; x_wconf 84' lang='grc' dir='ltr'>αὐτὸν</span> <span class='ocrx_word' id='word_1_211' title='bbox 724 1255 889 1289; x_wconf 76' lang='grc' dir='ltr'>ἐποιήσατε</span> 
     </span>
    </p>
   </div>
   <div class='ocr_carea' id='block_1_30' title="bbox 93 1299 889 1337">
    <p class='ocr_par' dir='ltr' id='par_1_30' title="bbox 93 1299 889 1337">
     <span class='ocr_line' id='line_1_30' title="bbox 93 1299 889 1337; baseline 0 -9"><span class='ocrx_word' id='word_1_212' title='bbox 93 1300 253 1334; x_wconf 74' lang='grc' dir='ltr'>σπήλαιον</span> <span class='ocrx_word' id='word_1_213' title='bbox 261 1300 386 1335; x_wconf 74' lang='grc' dir='ltr'>λῃστῶν</span> <span class='ocrx_word' id='word_1_214' title='bbox 398 1310 405 1316; x_wconf 94' lang='grc'><strong>·</strong></span> <span class='ocrx_word' id='word_1_215' title='bbox 421 1299 497 1328; x_wconf 81' lang='grc' dir='ltr'>οἷκον</span> <span class='ocrx_word' id='word_1_216' title='bbox 507 1303 663 1337; x_wconf 86' lang='grc' dir='ltr'>προσευχῆς</span> <span class='ocrx_word' id='word_1_217' title='bbox 676 1302 723 1328; x_wconf 76' lang='grc' dir='ltr'>καὶ</span> <span class='ocrx_word' id='word_1_218' title='bbox 733 1301 801 1328; x_wconf 80' lang='grc' dir='ltr'>Θεοῦ</span> <span class='ocrx_word' id='word_1_219' title='bbox 815 1299 889 1327; x_wconf 85' lang='grc' dir='ltr'>οἶκον</span> 
     </span>
    </p>
   </div>
   <div class='ocr_carea' id='block_1_31' title="bbox 93 1346 885 1383">
    <p class='ocr_par' dir='ltr' id='par_1_31' title="bbox 93 1346 885 1383">
     <span class='ocr_line' id='line_1_31' title="bbox 93 1346 885 1383; baseline 0.001 -10"><span class='ocrx_word' id='word_1_220' title='bbox 93 1347 142 1373; x_wconf 84' lang='grc' dir='ltr'>τὸν</span> <span class='ocrx_word' id='word_1_221' title='bbox 157 1347 268 1381; x_wconf 80' lang='grc' dir='ltr'>νομικὸν</span> <span class='ocrx_word' id='word_1_222' title='bbox 288 1347 334 1374; x_wconf 76' lang='grc' dir='ltr'>καὶ</span> <span class='ocrx_word' id='word_1_223' title='bbox 350 1346 427 1379; x_wconf 86' lang='grc' dir='ltr'>είδὼς</span> <span class='ocrx_word' id='word_1_224' title='bbox 441 1348 488 1374; x_wconf 78' lang='grc' dir='ltr'>καὶ</span> <span class='ocrx_word' id='word_1_225' title='bbox 502 1347 645 1383; x_wconf 81' lang='grc' dir='ltr'>ὀνομάζων</span> <span class='ocrx_word' id='word_1_226' title='bbox 659 1347 733 1374; x_wconf 90' lang='grc' dir='ltr'>ναόν.</span> <span class='ocrx_word' id='word_1_227' title='bbox 751 1348 806 1374; x_wconf 82' lang='grc' dir='ltr'><strong>Καὶ</strong></span> <span class='ocrx_word' id='word_1_228' title='bbox 817 1347 885 1374; x_wconf 64' lang='grc' dir='ltr'>ὶκδιτ</span> 
     </span>
    </p>
   </div>
   <div class='ocr_carea' id='block_1_32' title="bbox 95 1392 891 1429">
    <p class='ocr_par' dir='ltr' id='par_1_32' title="bbox 95 1392 891 1429">
     <span class='ocr_line' id='line_1_32' title="bbox 95 1392 891 1429; baseline 0.004 -11"><span class='ocrx_word' id='word_1_229' title='bbox 95 1392 154 1418; x_wconf 80' lang='grc' dir='ltr'><strong>κῶν</strong></span> <span class='ocrx_word' id='word_1_230' title='bbox 175 1392 256 1419; x_wconf 80' lang='grc' dir='ltr'>αὐτὸν</span> <span class='ocrx_word' id='word_1_231' title='bbox 278 1392 490 1429; x_wconf 80' lang='grc' dir='ltr'>βεϐηλούμενον,</span> <span class='ocrx_word' id='word_1_232' title='bbox 513 1393 580 1420; x_wconf 80' lang='grc' dir='ltr'>διότι</span> <span class='ocrx_word' id='word_1_233' title='bbox 596 1402 626 1420; x_wconf 93' lang='grc' dir='ltr'><strong>τε</strong></span> <span class='ocrx_word' id='word_1_234' title='bbox 646 1393 692 1420; x_wconf 84' lang='grc' dir='ltr'>τοῦ</span> <span class='ocrx_word' id='word_1_235' title='bbox 707 1393 812 1428; x_wconf 82' lang='grc' dir='ltr'>ἀγαθοῦ</span> <span class='ocrx_word' id='word_1_236' title='bbox 835 1403 891 1421; x_wconf 88' lang='grc' dir='ltr'>πα-</span> 
     </span>
    </p>
   </div>
   <div class='ocr_carea' id='block_1_33' title="bbox 94 1435 889 1475">
    <p class='ocr_par' dir='ltr' id='par_1_33' title="bbox 94 1435 889 1475">
     <span class='ocr_line' id='line_1_33' title="bbox 94 1435 889 1475; baseline 0.004 -11"><span class='ocrx_word' id='word_1_237' title='bbox 94 1437 161 1474; x_wconf 80' lang='grc' dir='ltr'>τρὸς</span> <span class='ocrx_word' id='word_1_238' title='bbox 175 1435 220 1472; x_wconf 79' lang='grc' dir='ltr'><strong>ἦν,</strong></span> <span class='ocrx_word' id='word_1_239' title='bbox 235 1438 283 1464; x_wconf 78' lang='grc' dir='ltr'>καὶ</span> <span class='ocrx_word' id='word_1_240' title='bbox 301 1438 368 1465; x_wconf 79' lang='grc' dir='ltr'>διότι</span> <span class='ocrx_word' id='word_1_241' title='bbox 386 1439 434 1465; x_wconf 77' lang='grc' dir='ltr'>καὶ</span> <span class='ocrx_word' id='word_1_242' title='bbox 448 1439 543 1471; x_wconf 80' lang='grc' dir='ltr'>αὑτοῦ,</span> <span class='ocrx_word' id='word_1_243' title='bbox 567 1439 649 1475; x_wconf 80' lang='grc' dir='ltr'>εἴπερ</span> <span class='ocrx_word' id='word_1_244' title='bbox 663 1440 773 1467; x_wconf 73' lang='grc' dir='ltr'>ἅπαντα</span> <span class='ocrx_word' id='word_1_245' title='bbox 791 1441 825 1466; x_wconf 70' lang='grc' dir='ltr'><strong>τὰ</strong></span> <span class='ocrx_word' id='word_1_246' title='bbox 842 1440 889 1467; x_wconf 83' lang='grc' dir='ltr'>τοῦ</span> 
     </span>
    </p>
   </div>
   <div class='ocr_carea' id='block_1_34' title="bbox 931 203 1723 240">
    <p class='ocr_par' dir='ltr' id='par_1_34' title="bbox 931 203 1723 240">
     <span class='ocr_line' id='line_1_34' title="bbox 931 203 1723 240; baseline 0.004 -10"><span class='ocrx_word' id='word_1_247' title='bbox 931 203 999 231; x_wconf 90' lang='lat' dir='ltr'><strong>illud</strong></span> <span class='ocrx_word' id='word_1_248' title='bbox 1012 203 1111 239; x_wconf 83' lang='lat' dir='ltr'><strong>injuria</strong></span> <span class='ocrx_word' id='word_1_249' title='bbox 1124 203 1229 238; x_wconf 79' lang='lat' dir='ltr'><strong>aﬂ‘ecit,</strong></span> <span class='ocrx_word' id='word_1_250' title='bbox 1245 204 1293 232; x_wconf 88' lang='lat' dir='ltr'><strong>sed</strong></span> <span class='ocrx_word' id='word_1_251' title='bbox 1304 212 1363 237; x_wconf 87' lang='lat' dir='ltr'><strong>eos,</strong></span> <span class='ocrx_word' id='word_1_252' title='bbox 1378 205 1425 240; x_wconf 86' lang='lat' dir='ltr'><strong>qui</strong></span> <span class='ocrx_word' id='word_1_253' title='bbox 1441 213 1494 233; x_wconf 88' lang='lat' dir='ltr'><strong>non</strong></span> <span class='ocrx_word' id='word_1_254' title='bbox 1511 206 1578 233; x_wconf 84' lang='lat' dir='ltr'><strong>satis</strong></span> <span class='ocrx_word' id='word_1_255' title='bbox 1594 213 1723 233; x_wconf 88' lang='lat' dir='ltr'><strong>reveren-</strong></span> 
     </span>
    </p>
   </div>
   <div class='ocr_carea' id='block_1_35' title="bbox 933 250 1727 285">
    <p class='ocr_par' dir='ltr' id='par_1_35' title="bbox 933 250 1727 285">
     <span class='ocr_line' id='line_1_35' title="bbox 933 250 1727 285; baseline 0.001 -8"><span class='ocrx_word' id='word_1_256' title='bbox 933 255 976 278; x_wconf 87' lang='lat' dir='ltr'><strong>ter</strong></span> <span class='ocrx_word' id='word_1_257' title='bbox 989 250 1017 277; x_wconf 88' lang='lat' dir='ltr'><strong>id</strong></span> <span class='ocrx_word' id='word_1_258' title='bbox 1034 251 1206 283; x_wconf 84' lang='lat' dir='ltr'><strong>habueram,</strong></span> <span class='ocrx_word' id='word_1_259' title='bbox 1231 250 1306 285; x_wconf 80' lang='lat' dir='ltr'><strong>ejicit</strong></span> <span class='ocrx_word' id='word_1_260' title='bbox 1329 255 1357 277; x_wconf 90' lang='lat' dir='ltr'><strong>et</strong></span> <span class='ocrx_word' id='word_1_261' title='bbox 1371 258 1433 278; x_wconf 85' lang='lat' dir='ltr'><strong>cunt</strong></span> <span class='ocrx_word' id='word_1_262' title='bbox 1450 251 1666 279; x_wconf 72' lang='lat' dir='ltr'><strong>comminatione</strong></span> <span class='ocrx_word' id='word_1_263' title='bbox 1677 258 1727 278; x_wconf 63' lang='lat' dir='ltr'><strong>ex»</strong></span> 
     </span>
    </p>
   </div>
   <div class='ocr_carea' id='block_1_36' title="bbox 932 296 1725 332">
    <p class='ocr_par' dir='ltr' id='par_1_36' title="bbox 932 296 1725 332">
     <span class='ocr_line' id='line_1_36' title="bbox 932 296 1725 332; baseline 0.001 -9"><span class='ocrx_word' id='word_1_264' title='bbox 932 296 1018 331; x_wconf 88' lang='lat' dir='ltr'><strong>pellit,</strong></span> <span class='ocrx_word' id='word_1_265' title='bbox 1034 296 1102 323; x_wconf 88' lang='lat' dir='ltr'><strong>iram</strong></span> <span class='ocrx_word' id='word_1_266' title='bbox 1124 304 1247 332; x_wconf 90' lang='lat' dir='ltr'><strong>quoque,</strong></span> <span class='ocrx_word' id='word_1_267' title='bbox 1264 304 1317 331; x_wconf 88' lang='lat' dir='ltr'><strong>qua</strong></span> <span class='ocrx_word' id='word_1_268' title='bbox 1334 297 1409 331; x_wconf 80' lang='lat' dir='ltr'><strong>digni</strong></span> <span class='ocrx_word' id='word_1_269' title='bbox 1436 301 1515 325; x_wconf 87' lang='lat' dir='ltr'><strong>erant</strong></span> <span class='ocrx_word' id='word_1_270' title='bbox 1533 297 1725 332; x_wconf 86' lang='lat' dir='ltr'><strong>profanatores</strong></span> 
     </span>
    </p>
   </div>
   <div class='ocr_carea' id='block_1_37' title="bbox 932 341 1726 378">
    <p class='ocr_par' dir='ltr' id='par_1_37' title="bbox 932 341 1726 378">
     <span class='ocr_line' id='line_1_37' title="bbox 932 341 1726 378; baseline -0.001 -8"><span class='ocrx_word' id='word_1_271' title='bbox 932 343 1027 378; x_wconf 77' lang='lat' dir='ltr'><strong>templi</strong></span> <span class='ocrx_word' id='word_1_272' title='bbox 1043 342 1133 370; x_wconf 82' lang='lat' dir='ltr'><strong>Patris</strong></span> <span class='ocrx_word' id='word_1_273' title='bbox 1148 343 1190 370; x_wconf 85' lang='lat' dir='ltr'><strong>sui</strong></span> <span class='ocrx_word' id='word_1_274' title='bbox 1203 363 1210 375; x_wconf 83' lang='grc'><strong>,</strong></span> <span class='ocrx_word' id='word_1_275' title='bbox 1223 343 1421 373; x_wconf 85' lang='lat' dir='ltr'><strong>declaraturus.</strong></span> <span class='ocrx_word' id='word_1_276' title='bbox 1447 342 1583 378; x_wconf 81' lang='lat' dir='ltr'><strong>ﬂagellum</strong></span> <span class='ocrx_word' id='word_1_277' title='bbox 1601 350 1634 370; x_wconf 84' lang='lat' dir='ltr'><strong>ex</strong></span> <span class='ocrx_word' id='word_1_278' title='bbox 1651 341 1726 369; x_wconf 88' lang='lat' dir='ltr'><strong>funi-</strong></span> 
     </span>
    </p>
   </div>
   <div class='ocr_carea' id='block_1_38' title="bbox 932 386 1726 422">
    <p class='ocr_par' dir='ltr' id='par_1_38' title="bbox 932 386 1726 422">
     <span class='ocr_line' id='line_1_38' title="bbox 932 386 1726 422; baseline -0.001 -7"><span class='ocrx_word' id='word_1_279' title='bbox 932 387 1002 415; x_wconf 85' lang='lat' dir='ltr'><strong>culis</strong></span> <span class='ocrx_word' id='word_1_280' title='bbox 1025 387 1221 422; x_wconf 88' lang='lat' dir='ltr'><strong>complicatum</strong></span> <span class='ocrx_word' id='word_1_281' title='bbox 1244 387 1311 421; x_wconf 90' lang='lat' dir='ltr'><strong>ipsis</strong></span> <span class='ocrx_word' id='word_1_282' title='bbox 1328 386 1453 414; x_wconf 79' lang='lat' dir='ltr'><strong>infert&quot;.</strong></span> <span class='ocrx_word' id='word_1_283' title='bbox 1479 387 1535 414; x_wconf 82' lang='lat' dir='ltr'><strong>Nec</strong></span> <span class='ocrx_word' id='word_1_284' title='bbox 1561 387 1588 414; x_wconf 93' lang='lat' dir='ltr'><strong>in</strong></span> <span class='ocrx_word' id='word_1_285' title='bbox 1607 387 1660 414; x_wconf 92' lang='lat' dir='ltr'><strong>hoc</strong></span> <span class='ocrx_word' id='word_1_286' title='bbox 1678 395 1726 414; x_wconf 85' lang='lat' dir='ltr'><strong>ac-</strong></span> 
     </span>
    </p>
   </div>
   <div class='ocr_carea' id='block_1_39' title="bbox 932 432 1725 469">
    <p class='ocr_par' dir='ltr' id='par_1_39' title="bbox 932 432 1725 469">
     <span class='ocr_line' id='line_1_39' title="bbox 932 432 1725 469; baseline 0 -9"><span class='ocrx_word' id='word_1_287' title='bbox 932 433 1079 469; x_wconf 90' lang='lat' dir='ltr'><strong>quiescens</strong></span> <span class='ocrx_word' id='word_1_288' title='bbox 1102 440 1211 460; x_wconf 85' lang='lat' dir='ltr'><strong>mensas</strong></span> <span class='ocrx_word' id='word_1_289' title='bbox 1224 440 1334 467; x_wconf 88' lang='lat' dir='ltr'><strong>quoque</strong></span> <span class='ocrx_word' id='word_1_290' title='bbox 1352 432 1610 465; x_wconf 88' lang='lat' dir='ltr'><strong>nummulariorum,</strong></span> <span class='ocrx_word' id='word_1_291' title='bbox 1634 432 1659 459; x_wconf 91' lang='lat' dir='ltr'><strong>id</strong></span> <span class='ocrx_word' id='word_1_292' title='bbox 1671 437 1725 463; x_wconf 85' lang='lat' dir='ltr'><strong>cst.</strong></span> 
     </span>
    </p>
   </div>
   <div class='ocr_carea' id='block_1_40' title="bbox 932 478 1726 514">
    <p class='ocr_par' dir='ltr' id='par_1_40' title="bbox 932 478 1726 514">
     <span class='ocr_line' id='line_1_40' title="bbox 932 478 1726 514; baseline 0 -8"><span class='ocrx_word' id='word_1_293' title='bbox 932 487 979 506; x_wconf 87' lang='lat' dir='ltr'><strong>eas</strong></span> <span class='ocrx_word' id='word_1_294' title='bbox 990 486 1051 513; x_wconf 66' lang='lat' dir='ltr'><strong>qua:</strong></span> <span class='ocrx_word' id='word_1_295' title='bbox 1063 483 1205 514; x_wconf 74' lang='lat' dir='ltr'><strong>argentum</strong></span> <span class='ocrx_word' id='word_1_296' title='bbox 1224 478 1419 513; x_wconf 85' lang='lat' dir='ltr'><strong>permutationi</strong></span> <span class='ocrx_word' id='word_1_297' title='bbox 1434 482 1528 512; x_wconf 86' lang='lat' dir='ltr'><strong>aptum</strong></span> <span class='ocrx_word' id='word_1_298' title='bbox 1543 486 1726 513; x_wconf 87' lang='lat' dir='ltr'><strong>nummosque</strong></span> 
     </span>
    </p>
   </div>
   <div class='ocr_carea' id='block_1_41' title="bbox 933 522 1726 558">
    <p class='ocr_par' dir='ltr' id='par_1_41' title="bbox 933 522 1726 558">
     <span class='ocr_line' id='line_1_41' title="bbox 933 522 1726 558; baseline -0.004 -6"><span class='ocrx_word' id='word_1_299' title='bbox 933 524 1069 556; x_wconf 88' lang='lat' dir='ltr'><strong>ferebant,</strong></span> <span class='ocrx_word' id='word_1_300' title='bbox 1084 524 1198 558; x_wconf 83' lang='lat' dir='ltr'><strong>insuper</strong></span> <span class='ocrx_word' id='word_1_301' title='bbox 1211 531 1278 550; x_wconf 82' lang='lat' dir='ltr'><strong>vero</strong></span> <span class='ocrx_word' id='word_1_302' title='bbox 1291 523 1374 550; x_wconf 85' lang='lat' dir='ltr'><strong>etiam</strong></span> <span class='ocrx_word' id='word_1_303' title='bbox 1386 522 1467 549; x_wconf 88' lang='lat' dir='ltr'><strong>sellas</strong></span> <span class='ocrx_word' id='word_1_304' title='bbox 1486 522 1662 549; x_wconf 80' lang='lat' dir='ltr'><strong>vendentium</strong></span> <span class='ocrx_word' id='word_1_305' title='bbox 1677 531 1726 550; x_wconf 86' lang='lat' dir='ltr'><strong>co-</strong></span> 
     </span>
    </p>
   </div>
   <div class='ocr_carea' id='block_1_42' title="bbox 933 568 1727 602">
    <p class='ocr_par' dir='ltr' id='par_1_42' title="bbox 933 568 1727 602">
     <span class='ocr_line' id='line_1_42' title="bbox 933 568 1727 602; baseline -0.003 -4"><span class='ocrx_word' id='word_1_306' title='bbox 933 571 1039 598; x_wconf 87' lang='lat' dir='ltr'><strong>lumbas</strong></span> <span class='ocrx_word' id='word_1_307' title='bbox 1054 574 1102 597; x_wconf 88' lang='lat' dir='ltr'><strong>aut</strong></span> <span class='ocrx_word' id='word_1_308' title='bbox 1112 570 1206 601; x_wconf 84' lang='lat' dir='ltr'><strong>boves,</strong></span> <span class='ocrx_word' id='word_1_309' title='bbox 1223 569 1278 596; x_wconf 92' lang='lat' dir='ltr'><strong>imo</strong></span> <span class='ocrx_word' id='word_1_310' title='bbox 1290 573 1318 596; x_wconf 86' lang='lat' dir='ltr'><strong>et</strong></span> <span class='ocrx_word' id='word_1_311' title='bbox 1334 576 1410 599; x_wconf 85' lang='lat' dir='ltr'><strong>oves,</strong></span> <span class='ocrx_word' id='word_1_312' title='bbox 1422 568 1532 595; x_wconf 90' lang='lat' dir='ltr'><strong>evertit.</strong></span> <span class='ocrx_word' id='word_1_313' title='bbox 1562 568 1650 602; x_wconf 85' lang='lat' dir='ltr'><strong>Atque</strong></span> <span class='ocrx_word' id='word_1_314' title='bbox 1669 569 1727 596; x_wconf 72' lang='lat' dir='ltr'><strong>haec</strong></span> 
     </span>
    </p>
   </div>
   <div class='ocr_carea' id='block_1_43' title="bbox 933 613 1727 651">
    <p class='ocr_par' dir='ltr' id='par_1_43' title="bbox 933 613 1727 651">
     <span class='ocr_line' id='line_1_43' title="bbox 933 613 1727 651; baseline -0.004 -8"><span class='ocrx_word' id='word_1_315' title='bbox 933 616 1044 651; x_wconf 85' lang='lat' dir='ltr'><strong>quidem</strong></span> <span class='ocrx_word' id='word_1_316' title='bbox 1070 624 1126 643; x_wconf 91' lang='lat' dir='ltr'><strong>non</strong></span> <span class='ocrx_word' id='word_1_317' title='bbox 1144 620 1249 643; x_wconf 87' lang='lat' dir='ltr'><strong>tantum</strong></span> <span class='ocrx_word' id='word_1_318' title='bbox 1274 614 1349 646; x_wconf 76' lang='lat' dir='ltr'><strong>fecit.</strong></span> <span class='ocrx_word' id='word_1_319' title='bbox 1361 618 1390 642; x_wconf 86' lang='lat' dir='ltr'><strong>et</strong></span> <span class='ocrx_word' id='word_1_320' title='bbox 1407 614 1497 647; x_wconf 87' lang='lat' dir='ltr'><strong>siluit;</strong></span> <span class='ocrx_word' id='word_1_321' title='bbox 1520 613 1578 648; x_wconf 84' lang='lat' dir='ltr'><strong>ipsa</strong></span> <span class='ocrx_word' id='word_1_322' title='bbox 1598 613 1642 640; x_wconf 87' lang='lat' dir='ltr'><strong>illa</strong></span> <span class='ocrx_word' id='word_1_323' title='bbox 1662 621 1727 649; x_wconf 86' lang='lat' dir='ltr'><strong>par-</strong></span> 
     </span>
    </p>
   </div>
   <div class='ocr_carea' id='block_1_44' title="bbox 934 658 1727 696">
    <p class='ocr_par' dir='ltr' id='par_1_44' title="bbox 934 658 1727 696">
     <span class='ocr_line' id='line_1_44' title="bbox 934 658 1727 696; baseline -0.005 -7"><span class='ocrx_word' id='word_1_324' title='bbox 934 662 1024 689; x_wconf 88' lang='lat' dir='ltr'><strong>rhesia</strong></span> <span class='ocrx_word' id='word_1_325' title='bbox 1053 661 1175 696; x_wconf 85' lang='lat' dir='ltr'><strong>quidem,</strong></span> <span class='ocrx_word' id='word_1_326' title='bbox 1205 661 1254 688; x_wconf 88' lang='lat' dir='ltr'><strong>sed</strong></span> <span class='ocrx_word' id='word_1_327' title='bbox 1281 668 1330 695; x_wconf 91' lang='lat' dir='ltr'><strong>per</strong></span> <span class='ocrx_word' id='word_1_328' title='bbox 1357 659 1502 695; x_wconf 83' lang='lat' dir='ltr'><strong>parabolas</strong></span> <span class='ocrx_word' id='word_1_329' title='bbox 1529 658 1606 693; x_wconf 85' lang='lat' dir='ltr'><strong>quasi</strong></span> <span class='ocrx_word' id='word_1_330' title='bbox 1638 666 1727 686; x_wconf 85' lang='lat' dir='ltr'><strong>enun-</strong></span> 
     </span>
    </p>
   </div>
   <div class='ocr_carea' id='block_1_45' title="bbox 934 703 1727 738">
    <p class='ocr_par' dir='ltr' id='par_1_45' title="bbox 934 703 1727 738">
     <span class='ocr_line' id='line_1_45' title="bbox 934 703 1727 738; baseline -0.004 -4"><span class='ocrx_word' id='word_1_331' title='bbox 934 707 1023 738; x_wconf 84' lang='lat' dir='ltr'><strong>tiavit,</strong></span> <span class='ocrx_word' id='word_1_332' title='bbox 1041 710 1089 733; x_wconf 87' lang='lat' dir='ltr'><strong>aut</strong></span> <span class='ocrx_word' id='word_1_333' title='bbox 1103 711 1131 733; x_wconf 88' lang='lat' dir='ltr'><strong>et</strong></span> <span class='ocrx_word' id='word_1_334' title='bbox 1145 706 1198 733; x_wconf 87' lang='lat' dir='ltr'><strong>hoc</strong></span> <span class='ocrx_word' id='word_1_335' title='bbox 1214 705 1288 737; x_wconf 81' lang='lat' dir='ltr'><strong>fecit.</strong></span> <span class='ocrx_word' id='word_1_336' title='bbox 1306 704 1353 732; x_wconf 86' lang='lat' dir='ltr'><strong>sed</strong></span> <span class='ocrx_word' id='word_1_337' title='bbox 1368 704 1428 731; x_wconf 85' lang='lat' dir='ltr'><strong>sine</strong></span> <span class='ocrx_word' id='word_1_338' title='bbox 1439 703 1571 738; x_wconf 81' lang='lat' dir='ltr'><strong>loquendi</strong></span> <span class='ocrx_word' id='word_1_339' title='bbox 1589 703 1727 731; x_wconf 77' lang='lat' dir='ltr'><strong>libertate.</strong></span> 
     </span>
    </p>
   </div>
   <div class='ocr_carea' id='block_1_46' title="bbox 935 749 1728 786">
    <p class='ocr_par' dir='ltr' id='par_1_46' title="bbox 935 749 1728 786">
     <span class='ocr_line' id='line_1_46' title="bbox 935 749 1728 786; baseline -0.006 -6"><span class='ocrx_word' id='word_1_340' title='bbox 935 752 992 780; x_wconf 91' lang='lat' dir='ltr'><strong>lmo</strong></span> <span class='ocrx_word' id='word_1_341' title='bbox 1004 756 1051 779; x_wconf 89' lang='lat' dir='ltr'><strong>aut</strong></span> <span class='ocrx_word' id='word_1_342' title='bbox 1067 759 1122 779; x_wconf 94' lang='lat' dir='ltr'><strong>non</strong></span> <span class='ocrx_word' id='word_1_343' title='bbox 1138 751 1224 783; x_wconf 86' lang='lat' dir='ltr'><strong>siluit,</strong></span> <span class='ocrx_word' id='word_1_344' title='bbox 1250 754 1412 786; x_wconf 86' lang='lat' dir='ltr'><strong>argumento</strong></span> <span class='ocrx_word' id='word_1_345' title='bbox 1434 754 1477 777; x_wconf 88' lang='lat' dir='ltr'><strong>est</strong></span> <span class='ocrx_word' id='word_1_346' title='bbox 1500 749 1728 781; x_wconf 78' lang='lat' dir='ltr'><strong>luculentissimo,</strong></span> 
     </span>
    </p>
   </div>
   <div class='ocr_carea' id='block_1_47' title="bbox 935 796 1729 831">
    <p class='ocr_par' dir='ltr' id='par_1_47' title="bbox 935 796 1729 831">
     <span class='ocr_line' id='line_1_47' title="bbox 935 796 1729 831; baseline -0.006 -4"><span class='ocrx_word' id='word_1_347' title='bbox 935 799 1076 827; x_wconf 85' lang='lat' dir='ltr'><strong>Christum</strong></span> <span class='ocrx_word' id='word_1_348' title='bbox 1093 798 1226 830; x_wconf 87' lang='lat' dir='ltr'><strong>noluisse,</strong></span> <span class='ocrx_word' id='word_1_349' title='bbox 1245 801 1275 824; x_wconf 88' lang='lat' dir='ltr'><strong>ut</strong></span> <span class='ocrx_word' id='word_1_350' title='bbox 1289 797 1434 831; x_wconf 88' lang='lat' dir='ltr'><strong>quisquam</strong></span> <span class='ocrx_word' id='word_1_351' title='bbox 1459 803 1566 827; x_wconf 86' lang='lat' dir='ltr'><strong>eorum,</strong></span> <span class='ocrx_word' id='word_1_352' title='bbox 1585 796 1630 831; x_wconf 84' lang='lat' dir='ltr'><strong>qui</strong></span> <span class='ocrx_word' id='word_1_353' title='bbox 1649 796 1729 823; x_wconf 82' lang='lat' dir='ltr'><strong>mali-</strong></span> 
     </span>
    </p>
   </div>
   <div class='ocr_carea' id='block_1_48' title="bbox 938 842 1729 883">
    <p class='ocr_par' dir='ltr' id='par_1_48' title="bbox 938 842 1729 883">
     <span class='ocr_line' id='line_1_48' title="bbox 938 842 1729 883; baseline -0.006 -9"><span class='ocrx_word' id='word_1_354' title='bbox 938 847 1070 883; x_wconf 85' lang='lat' dir='ltr'><strong>gnitatem</strong></span> <span class='ocrx_word' id='word_1_355' title='bbox 1084 853 1136 881; x_wconf 86' lang='lat' dir='ltr'><strong>pro</strong></span> <span class='ocrx_word' id='word_1_356' title='bbox 1152 844 1287 880; x_wconf 81' lang='lat' dir='ltr'><strong>sapientia</strong></span> <span class='ocrx_word' id='word_1_357' title='bbox 1301 844 1419 876; x_wconf 84' lang='lat' dir='ltr'><strong>habent,</strong></span> <span class='ocrx_word' id='word_1_358' title='bbox 1434 843 1516 870; x_wconf 89' lang='lat' dir='ltr'><strong>aliam</strong></span> <span class='ocrx_word' id='word_1_359' title='bbox 1539 843 1590 870; x_wconf 88' lang='lat' dir='ltr'><strong>sibi</strong></span> <span class='ocrx_word' id='word_1_360' title='bbox 1606 842 1729 870; x_wconf 85' lang='lat' dir='ltr'><strong>occasio-</strong></span> 
     </span>
    </p>
   </div>
   <div class='ocr_carea' id='block_1_49' title="bbox 938 889 1730 927">
    <p class='ocr_par' dir='ltr' id='par_1_49' title="bbox 938 889 1730 927">
     <span class='ocr_line' id='line_1_49' title="bbox 938 889 1730 927; baseline -0.006 -7"><span class='ocrx_word' id='word_1_361' title='bbox 938 900 1000 920; x_wconf 85' lang='lat' dir='ltr'><strong>nem</strong></span> <span class='ocrx_word' id='word_1_362' title='bbox 1017 896 1180 927; x_wconf 84' lang='lat' dir='ltr'><strong>pra-texens,</strong></span> <span class='ocrx_word' id='word_1_363' title='bbox 1197 891 1225 918; x_wconf 89' lang='lat' dir='ltr'><strong>in</strong></span> <span class='ocrx_word' id='word_1_364' title='bbox 1241 891 1315 918; x_wconf 89' lang='lat' dir='ltr'><strong>illam</strong></span> <span class='ocrx_word' id='word_1_365' title='bbox 1327 890 1390 918; x_wconf 89' lang='lat' dir='ltr'><strong>facti</strong></span> <span class='ocrx_word' id='word_1_366' title='bbox 1405 897 1516 918; x_wconf 86' lang='lat' dir='ltr'><strong>causam</strong></span> <span class='ocrx_word' id='word_1_367' title='bbox 1530 889 1648 916; x_wconf 79' lang='lat' dir='ltr'><strong>referat?</strong></span> <span class='ocrx_word' id='word_1_368' title='bbox 1667 889 1730 916; x_wconf 87' lang='lat' dir='ltr'><strong>Ideo</strong></span> 
     </span>
    </p>
   </div>
   <div class='ocr_carea' id='block_1_50' title="bbox 937 935 1730 972">
    <p class='ocr_par' dir='ltr' id='par_1_50' title="bbox 937 935 1730 972">
     <span class='ocr_line' id='line_1_50' title="bbox 937 935 1730 972; baseline -0.006 -5"><span class='ocrx_word' id='word_1_369' title='bbox 937 944 965 967; x_wconf 90' lang='lat' dir='ltr'><strong>et</strong></span> <span class='ocrx_word' id='word_1_370' title='bbox 977 939 1096 966; x_wconf 84' lang='lat' dir='ltr'><strong>faciebat</strong></span> <span class='ocrx_word' id='word_1_371' title='bbox 1109 945 1158 971; x_wconf 90' lang='lat' dir='ltr'><strong>ea,</strong></span> <span class='ocrx_word' id='word_1_372' title='bbox 1178 937 1268 965; x_wconf 87' lang='lat' dir='ltr'><strong>Patris</strong></span> <span class='ocrx_word' id='word_1_373' title='bbox 1292 937 1334 965; x_wconf 88' lang='lat' dir='ltr'><strong>sui</strong></span> <span class='ocrx_word' id='word_1_374' title='bbox 1364 936 1498 972; x_wconf 83' lang='lat' dir='ltr'><strong>templum</strong></span> <span class='ocrx_word' id='word_1_375' title='bbox 1521 943 1537 963; x_wconf 88' lang='lat' dir='ltr'><strong>a</strong></span> <span class='ocrx_word' id='word_1_376' title='bbox 1564 935 1730 971; x_wconf 71' lang='lat' dir='ltr'><strong>negligentia</strong></span> 
     </span>
    </p>
   </div>
   <div class='ocr_carea' id='block_1_51' title="bbox 936 981 1732 1014">
    <p class='ocr_par' dir='ltr' id='par_1_51' title="bbox 936 981 1732 1014">
     <span class='ocr_line' id='line_1_51' title="bbox 936 981 1732 1014; baseline -0.004 -3"><span class='ocrx_word' id='word_1_377' title='bbox 936 984 1094 1012; x_wconf 63' lang='lat' dir='ltr'><strong>Iudaeorum</strong></span> <span class='ocrx_word' id='word_1_378' title='bbox 1129 984 1252 1011; x_wconf 87' lang='lat' dir='ltr'><strong>immune</strong></span> <span class='ocrx_word' id='word_1_379' title='bbox 1288 987 1316 1010; x_wconf 87' lang='lat' dir='ltr'><strong>et</strong></span> <span class='ocrx_word' id='word_1_380' title='bbox 1342 982 1477 1010; x_wconf 90' lang='lat' dir='ltr'><strong>illibatum</strong></span> <span class='ocrx_word' id='word_1_381' title='bbox 1502 981 1674 1014; x_wconf 86' lang='lat' dir='ltr'><strong>redditurus;</strong></span> <span class='ocrx_word' id='word_1_382' title='bbox 1702 985 1732 1009; x_wconf 83' lang='lat' dir='ltr'><strong>et</strong></span> 
     </span>
    </p>
   </div>
   <div class='ocr_carea' id='block_1_52' title="bbox 938 1027 1731 1063">
    <p class='ocr_par' dir='ltr' id='par_1_52' title="bbox 938 1027 1731 1063">
     <span class='ocr_line' id='line_1_52' title="bbox 938 1027 1731 1063; baseline -0.004 -6"><span class='ocrx_word' id='word_1_383' title='bbox 938 1030 1081 1057; x_wconf 85' lang='lat' dir='ltr'><strong>oraculum</strong></span> <span class='ocrx_word' id='word_1_384' title='bbox 1110 1028 1287 1063; x_wconf 75' lang='lat' dir='ltr'><strong>sul-jiciebat,</strong></span> <span class='ocrx_word' id='word_1_385' title='bbox 1308 1036 1371 1056; x_wconf 91' lang='lat' dir='ltr'><strong>cum</strong></span> <span class='ocrx_word' id='word_1_386' title='bbox 1400 1027 1565 1056; x_wconf 83' lang='lat' dir='ltr'><strong>auctoritate</strong></span> <span class='ocrx_word' id='word_1_387' title='bbox 1589 1032 1617 1054; x_wconf 86' lang='lat' dir='ltr'><strong>et</strong></span> <span class='ocrx_word' id='word_1_388' title='bbox 1644 1027 1731 1055; x_wconf 88' lang='lat' dir='ltr'><strong>libere</strong></span> 
     </span>
    </p>
   </div>
   <div class='ocr_carea' id='block_1_53' title="bbox 939 1071 1731 1106">
    <p class='ocr_par' dir='ltr' id='par_1_53' title="bbox 939 1071 1731 1106">
     <span class='ocr_line' id='line_1_53' title="bbox 939 1071 1731 1106; baseline -0.001 -6"><span class='ocrx_word' id='word_1_389' title='bbox 939 1080 1051 1100; x_wconf 84' lang='lat' dir='ltr'><strong>causam</strong></span> <span class='ocrx_word' id='word_1_390' title='bbox 1068 1072 1188 1100; x_wconf 87' lang='lat' dir='ltr'><strong>reddens</strong></span> <span class='ocrx_word' id='word_1_391' title='bbox 1203 1076 1231 1100; x_wconf 89' lang='lat' dir='ltr'><strong>ct</strong></span> <span class='ocrx_word' id='word_1_392' title='bbox 1247 1072 1481 1106; x_wconf 87' lang='lat' dir='ltr'><strong>comminationis,</strong></span> <span class='ocrx_word' id='word_1_393' title='bbox 1505 1076 1533 1100; x_wconf 88' lang='lat' dir='ltr'><strong>et</strong></span> <span class='ocrx_word' id='word_1_394' title='bbox 1549 1073 1607 1105; x_wconf 74' lang='lat' dir='ltr'><strong>iraa,</strong></span> <span class='ocrx_word' id='word_1_395' title='bbox 1622 1076 1651 1099; x_wconf 91' lang='lat' dir='ltr'><strong>et</strong></span> <span class='ocrx_word' id='word_1_396' title='bbox 1664 1071 1731 1099; x_wconf 89' lang='lat' dir='ltr'><strong>sub-</strong></span> 
     </span>
    </p>
   </div>
   <div class='ocr_carea' id='block_1_54' title="bbox 938 1117 1733 1153">
    <p class='ocr_par' dir='ltr' id='par_1_54' title="bbox 938 1117 1733 1153">
     <span class='ocr_line' id='line_1_54' title="bbox 938 1117 1733 1153; baseline -0.001 -8"><span class='ocrx_word' id='word_1_397' title='bbox 938 1118 1076 1146; x_wconf 80' lang='lat' dir='ltr'><strong>versionis</strong></span> <span class='ocrx_word' id='word_1_398' title='bbox 1101 1125 1261 1146; x_wconf 86' lang='lat' dir='ltr'><strong>mensarum</strong></span> <span class='ocrx_word' id='word_1_399' title='bbox 1288 1125 1321 1145; x_wconf 90' lang='lat' dir='ltr'><strong>ac</strong></span> <span class='ocrx_word' id='word_1_400' title='bbox 1344 1118 1485 1151; x_wconf 80' lang='lat' dir='ltr'><strong>sellarum,</strong></span> <span class='ocrx_word' id='word_1_401' title='bbox 1513 1125 1574 1153; x_wconf 65' lang='lat' dir='ltr'><strong>quae</strong></span> <span class='ocrx_word' id='word_1_402' title='bbox 1598 1117 1633 1145; x_wconf 90' lang='lat' dir='ltr'><strong>ad</strong></span> <span class='ocrx_word' id='word_1_403' title='bbox 1660 1125 1733 1144; x_wconf 80' lang='lat' dir='ltr'><strong>nun-</strong></span> 
     </span>
    </p>
   </div>
   <div class='ocr_carea' id='block_1_55' title="bbox 939 1162 1731 1198">
    <p class='ocr_par' dir='ltr' id='par_1_55' title="bbox 939 1162 1731 1198">
     <span class='ocr_line' id='line_1_55' title="bbox 939 1162 1731 1198; baseline -0.001 -8"><span class='ocrx_word' id='word_1_404' title='bbox 939 1163 1106 1191; x_wconf 89' lang='lat' dir='ltr'><strong>dinationem</strong></span> <span class='ocrx_word' id='word_1_405' title='bbox 1121 1163 1294 1198; x_wconf 83' lang='lat' dir='ltr'><strong>spectabant.</strong></span> <span class='ocrx_word' id='word_1_406' title='bbox 1316 1163 1417 1190; x_wconf 74' lang='lat' dir='ltr'><strong>Domus</strong></span> <span class='ocrx_word' id='word_1_407' title='bbox 1439 1163 1512 1190; x_wconf 86' lang='lat' dir='ltr'><strong>enim</strong></span> <span class='ocrx_word' id='word_1_408' title='bbox 1542 1171 1613 1195; x_wconf 79' lang='lat' dir='ltr'><strong>mea,</strong></span> <span class='ocrx_word' id='word_1_409' title='bbox 1632 1162 1731 1198; x_wconf 86' lang='lat' dir='ltr'><strong>inquit,</strong></span> 
     </span>
    </p>
   </div>
   <div class='ocr_carea' id='block_1_56' title="bbox 939 1208 1732 1243">
    <p class='ocr_par' dir='ltr' id='par_1_56' title="bbox 939 1208 1732 1243">
     <span class='ocr_line' id='line_1_56' title="bbox 939 1208 1732 1243; baseline -0.001 -8"><span class='ocrx_word' id='word_1_410' title='bbox 939 1209 1031 1235; x_wconf 73' lang='lat' dir='ltr'><strong>domus</strong></span> <span class='ocrx_word' id='word_1_411' title='bbox 1055 1209 1214 1243; x_wconf 76' lang='lat' dir='ltr'><strong>precationis</strong></span> <span class='ocrx_word' id='word_1_412' title='bbox 1238 1208 1377 1234; x_wconf 76' lang='lat' dir='ltr'><strong>vocabitur</strong></span> <span class='ocrx_word' id='word_1_413' title='bbox 1392 1215 1402 1234; x_wconf 89' lang='lat'><strong>.°</strong></span> <span class='ocrx_word' id='word_1_414' title='bbox 1419 1216 1463 1234; x_wconf 78' lang='lat' dir='ltr'><strong>vos</strong></span> <span class='ocrx_word' id='word_1_415' title='bbox 1482 1216 1543 1234; x_wconf 79' lang='lat' dir='ltr'><strong>vero</strong></span> <span class='ocrx_word' id='word_1_416' title='bbox 1552 1216 1611 1235; x_wconf 86' lang='lat' dir='ltr'><strong>eam</strong></span> <span class='ocrx_word' id='word_1_417' title='bbox 1634 1208 1732 1243; x_wconf 71' lang='lat' dir='ltr'><strong>fecistis</strong></span> 
     </span>
    </p>
   </div>
   <div class='ocr_carea' id='block_1_57' title="bbox 940 1253 1733 1290">
    <p class='ocr_par' dir='ltr' id='par_1_57' title="bbox 940 1253 1733 1290">
     <span class='ocr_line' id='line_1_57' title="bbox 940 1253 1733 1290; baseline -0.001 -9"><span class='ocrx_word' id='word_1_418' title='bbox 940 1255 1094 1290; x_wconf 73' lang='lat' dir='ltr'><strong>speluncam</strong></span> <span class='ocrx_word' id='word_1_419' title='bbox 1121 1254 1258 1281; x_wconf 83' lang='lat' dir='ltr'><strong>latronum</strong></span> <span class='ocrx_word' id='word_1_420' title='bbox 1269 1255 1308 1286; x_wconf 87' lang='lat'><strong>“;</strong></span> <span class='ocrx_word' id='word_1_421' title='bbox 1332 1253 1378 1281; x_wconf 84' lang='lat' dir='ltr'><strong>ubi</strong></span> <span class='ocrx_word' id='word_1_422' title='bbox 1394 1254 1505 1281; x_wconf 91' lang='lat' dir='ltr'><strong>domum</strong></span> <span class='ocrx_word' id='word_1_423' title='bbox 1525 1253 1690 1289; x_wconf 89' lang='lat' dir='ltr'><strong>precationis</strong></span> <span class='ocrx_word' id='word_1_424' title='bbox 1704 1258 1733 1281; x_wconf 90' lang='lat' dir='ltr'><strong>et</strong></span> 
     </span>
    </p>
   </div>
   <div class='ocr_carea' id='block_1_58' title="bbox 941 1299 1732 1334">
    <p class='ocr_par' dir='ltr' id='par_1_58' title="bbox 941 1299 1732 1334">
     <span class='ocr_line' id='line_1_58' title="bbox 941 1299 1732 1334; baseline 0 -7"><span class='ocrx_word' id='word_1_425' title='bbox 941 1301 989 1327; x_wconf 88' lang='lat' dir='ltr'><strong>Dei</strong></span> <span class='ocrx_word' id='word_1_426' title='bbox 1008 1300 1120 1327; x_wconf 92' lang='lat' dir='ltr'><strong>domum</strong></span> <span class='ocrx_word' id='word_1_427' title='bbox 1141 1299 1272 1334; x_wconf 88' lang='lat' dir='ltr'><strong>templum</strong></span> <span class='ocrx_word' id='word_1_428' title='bbox 1289 1303 1317 1327; x_wconf 89' lang='lat' dir='ltr'><strong>et</strong></span> <span class='ocrx_word' id='word_1_429' title='bbox 1351 1299 1475 1334; x_wconf 74' lang='lat' dir='ltr'><strong>agnoscit</strong></span> <span class='ocrx_word' id='word_1_430' title='bbox 1484 1303 1512 1326; x_wconf 86' lang='lat' dir='ltr'><strong>et</strong></span> <span class='ocrx_word' id='word_1_431' title='bbox 1521 1299 1639 1334; x_wconf 86' lang='lat' dir='ltr'><strong>appellat</strong></span> <span class='ocrx_word' id='word_1_432' title='bbox 1652 1299 1732 1331; x_wconf 86' lang='lat' dir='ltr'><strong>illud,</strong></span> 
     </span>
    </p>
   </div>
   <div class='ocr_carea' id='block_1_59' title="bbox 940 1343 1734 1380">
    <p class='ocr_par' dir='ltr' id='par_1_59' title="bbox 940 1343 1734 1380">
     <span class='ocr_line' id='line_1_59' title="bbox 940 1343 1734 1380; baseline -0.001 -8"><span class='ocrx_word' id='word_1_433' title='bbox 940 1345 1012 1380; x_wconf 90' lang='lat' dir='ltr'><strong>quod</strong></span> <span class='ocrx_word' id='word_1_434' title='bbox 1028 1345 1079 1372; x_wconf 89' lang='lat' dir='ltr'><strong>sub</strong></span> <span class='ocrx_word' id='word_1_435' title='bbox 1088 1345 1146 1380; x_wconf 79' lang='lat' dir='ltr'><strong>lege</strong></span> <span class='ocrx_word' id='word_1_436' title='bbox 1155 1348 1324 1371; x_wconf 89' lang='lat' dir='ltr'><strong>exstructum</strong></span> <span class='ocrx_word' id='word_1_437' title='bbox 1335 1349 1406 1376; x_wconf 90' lang='lat' dir='ltr'><strong>erat,</strong></span> <span class='ocrx_word' id='word_1_438' title='bbox 1421 1343 1546 1378; x_wconf 88' lang='lat' dir='ltr'><strong>idemque</strong></span> <span class='ocrx_word' id='word_1_439' title='bbox 1560 1343 1734 1378; x_wconf 88' lang='lat' dir='ltr'><strong>profanatum</strong></span> 
     </span>
    </p>
   </div>
   <div class='ocr_carea' id='block_1_60' title="bbox 940 1388 1732 1424">
    <p class='ocr_par' dir='ltr' id='par_1_60' title="bbox 940 1388 1732 1424">
     <span class='ocr_line' id='line_1_60' title="bbox 940 1388 1732 1424; baseline -0.001 -7"><span class='ocrx_word' id='word_1_440' title='bbox 940 1391 1072 1421; x_wconf 85' lang='lat' dir='ltr'><strong>vindicat,</strong></span> <span class='ocrx_word' id='word_1_441' title='bbox 1101 1397 1134 1417; x_wconf 88' lang='lat' dir='ltr'><strong>eo</strong></span> <span class='ocrx_word' id='word_1_442' title='bbox 1149 1389 1223 1424; x_wconf 90' lang='lat' dir='ltr'><strong>quod</strong></span> <span class='ocrx_word' id='word_1_443' title='bbox 1249 1393 1276 1416; x_wconf 86' lang='lat' dir='ltr'><strong>et</strong></span> <span class='ocrx_word' id='word_1_444' title='bbox 1301 1389 1366 1416; x_wconf 88' lang='lat' dir='ltr'><strong>boni</strong></span> <span class='ocrx_word' id='word_1_445' title='bbox 1392 1388 1483 1416; x_wconf 83' lang='lat' dir='ltr'><strong>Patris</strong></span> <span class='ocrx_word' id='word_1_446' title='bbox 1505 1393 1575 1421; x_wconf 81' lang='lat' dir='ltr'><strong>erat,</strong></span> <span class='ocrx_word' id='word_1_447' title='bbox 1598 1395 1626 1416; x_wconf 88' lang='lat' dir='ltr'><strong>et</strong></span> <span class='ocrx_word' id='word_1_448' title='bbox 1652 1397 1732 1416; x_wconf 88' lang='lat' dir='ltr'><strong>suum</strong></span> 
     </span>
    </p>
   </div>
   <div class='ocr_carea' id='block_1_61' title="bbox 942 1434 1734 1472">
    <p class='ocr_par' dir='ltr' id='par_1_61' title="bbox 942 1434 1734 1472">
     <span class='ocr_line' id='line_1_61' title="bbox 942 1434 1734 1472; baseline -0.003 -8"><span class='ocrx_word' id='word_1_449' title='bbox 942 1437 1039 1472; x_wconf 81' lang='lat' dir='ltr'><strong>ipsius,</strong></span> <span class='ocrx_word' id='word_1_450' title='bbox 1054 1443 1117 1464; x_wconf 87' lang='lat' dir='ltr'><strong>cum</strong></span> <span class='ocrx_word' id='word_1_451' title='bbox 1132 1435 1242 1468; x_wconf 89' lang='lat' dir='ltr'><strong>omnia,</strong></span> <span class='ocrx_word' id='word_1_452' title='bbox 1258 1443 1319 1470; x_wconf 75' lang='lat' dir='ltr'><strong>qua:</strong></span> <span class='ocrx_word' id='word_1_453' title='bbox 1334 1434 1423 1462; x_wconf 85' lang='lat' dir='ltr'><strong>Patris</strong></span> <span class='ocrx_word' id='word_1_454' title='bbox 1444 1439 1528 1468; x_wconf 89' lang='lat' dir='ltr'><strong>sunt,</strong></span> <span class='ocrx_word' id='word_1_455' title='bbox 1547 1439 1575 1462; x_wconf 89' lang='lat' dir='ltr'><strong>et</strong></span> <span class='ocrx_word' id='word_1_456' title='bbox 1597 1442 1645 1462; x_wconf 81' lang='lat' dir='ltr'><strong>sua</strong></span> <span class='ocrx_word' id='word_1_457' title='bbox 1668 1435 1734 1462; x_wconf 86' lang='lat' dir='ltr'><strong>sint.</strong></span> 
     </span>
    </p>
   </div>
   <div class='ocr_carea' id='block_1_62' title="bbox 95 1481 889 1523">
    <p class='ocr_par' dir='ltr' id='par_1_62' title="bbox 95 1484 889 1523">
     <span class='ocr_line' id='line_1_62' title="bbox 95 1484 889 1523; baseline 0.004 -13"><span class='ocrx_word' id='word_1_458' title='bbox 95 1484 207 1519; x_wconf 84' lang='grc' dir='ltr'>Πατρός</span> <span class='ocrx_word' id='word_1_459' title='bbox 221 1484 281 1510; x_wconf 78' lang='grc' dir='ltr'>ἐστι</span> <span class='ocrx_word' id='word_1_460' title='bbox 300 1485 349 1511; x_wconf 79' lang='grc' dir='ltr'>καὶ</span> <span class='ocrx_word' id='word_1_461' title='bbox 361 1485 454 1512; x_wconf 83' lang='grc' dir='ltr'>αὑτοῦ.</span> <span class='ocrx_word' id='word_1_462' title='bbox 471 1485 526 1512; x_wconf 88' lang='grc' dir='ltr'>Καί</span> <span class='ocrx_word' id='word_1_463' title='bbox 539 1494 580 1513; x_wconf 90' lang='grc' dir='ltr'><strong>τοι</strong></span> <span class='ocrx_word' id='word_1_464' title='bbox 594 1486 666 1522; x_wconf 87' lang='grc' dir='ltr'>πόση</span> <span class='ocrx_word' id='word_1_465' title='bbox 680 1495 723 1518; x_wconf 85' lang='grc' dir='ltr'><strong>τις</strong></span> <span class='ocrx_word' id='word_1_466' title='bbox 739 1487 756 1521; x_wconf 85' lang='grc' dir='ltr'><strong>ή</strong></span> <span class='ocrx_word' id='word_1_467' title='bbox 771 1487 889 1523; x_wconf 83' lang='grc' dir='ltr'>βεϐήλω-</span> 
     </span>
    </p>
   </div>
   <div class='ocr_carea' id='block_1_63' title="bbox 942 1481 1735 1523">
    <p class='ocr_par' dir='ltr' id='par_1_63' title="bbox 942 1481 1735 1518">
     <span class='ocr_line' id='line_1_63' title="bbox 942 1481 1735 1518; baseline -0.001 -8"><span class='ocrx_word' id='word_1_468' title='bbox 942 1484 976 1510; x_wconf 83' lang='grc' dir='ltr'>Ει</span> <span class='ocrx_word' id='word_1_469' title='bbox 987 1491 1067 1518; x_wconf 81' lang='lat' dir='ltr'><strong>quant</strong></span> <span class='ocrx_word' id='word_1_470' title='bbox 1094 1482 1211 1518; x_wconf 73' lang='lat' dir='ltr'><strong>exigua,</strong></span> <span class='ocrx_word' id='word_1_471' title='bbox 1241 1489 1353 1517; x_wconf 66' lang='lat' dir='ltr'><strong>quasso,</strong></span> <span class='ocrx_word' id='word_1_472' title='bbox 1380 1486 1439 1509; x_wconf 88' lang='lat' dir='ltr'><strong>erat</strong></span> <span class='ocrx_word' id='word_1_473' title='bbox 1455 1482 1506 1509; x_wconf 87' lang='lat' dir='ltr'><strong>ista</strong></span> <span class='ocrx_word' id='word_1_474' title='bbox 1531 1481 1695 1516; x_wconf 85' lang='lat' dir='ltr'><strong>profanatio,</strong></span> <span class='ocrx_word' id='word_1_475' title='bbox 1719 1490 1735 1509; x_wconf 88' lang='lat' dir='ltr'><strong>a</strong></span> 
     </span>
    </p>
   </div>
   <div class='ocr_carea' id='block_1_64' title="bbox 95 1526 891 1566">
    <p class='ocr_par' dir='ltr' id='par_1_64' title="bbox 95 1526 891 1566">
     <span class='ocr_line' id='line_1_64' title="bbox 95 1526 891 1566; baseline 0.003 -10"><span class='ocrx_word' id='word_1_476' title='bbox 95 1536 142 1560; x_wconf 84' lang='grc' dir='ltr'><strong>σις</strong></span> <span class='ocrx_word' id='word_1_477' title='bbox 156 1526 190 1564; x_wconf 80' lang='grc' dir='ltr'>ἦν</span> <span class='ocrx_word' id='word_1_478' title='bbox 204 1529 337 1563; x_wconf 80' lang='grc' dir='ltr'>ἀργυρίου</span> <span class='ocrx_word' id='word_1_479' title='bbox 355 1528 433 1562; x_wconf 77' lang='grc' dir='ltr'>ξύλον</span> <span class='ocrx_word' id='word_1_480' title='bbox 447 1530 494 1557; x_wconf 84' lang='grc' dir='ltr'>καὶ</span> <span class='ocrx_word' id='word_1_481' title='bbox 507 1530 654 1566; x_wconf 85' lang='grc' dir='ltr'>κερμάτων</span> <span class='ocrx_word' id='word_1_482' title='bbox 670 1531 761 1565; x_wconf 79' lang='grc' dir='ltr'>πίναξ,</span> <span class='ocrx_word' id='word_1_483' title='bbox 778 1532 807 1558; x_wconf 73' lang='grc' dir='ltr'>ἐν</span> <span class='ocrx_word' id='word_1_484' title='bbox 824 1529 847 1565; x_wconf 83' lang='grc' dir='ltr'>ᾧ</span> <span class='ocrx_word' id='word_1_485' title='bbox 860 1532 891 1558; x_wconf 81' lang='grc' dir='ltr'><strong>τὸ</strong></span> 
     </span>
    </p>
   </div>
   <div class='ocr_carea' id='block_1_65' title="bbox 95 1573 891 1611">
    <p class='ocr_par' dir='ltr' id='par_1_65' title="bbox 95 1573 891 1611">
     <span class='ocr_line' id='line_1_65' title="bbox 95 1573 891 1611; baseline 0.005 -12"><span class='ocrx_word' id='word_1_486' title='bbox 95 1573 154 1600; x_wconf 86' lang='grc' dir='ltr'><strong>τῶν</strong></span> <span class='ocrx_word' id='word_1_487' title='bbox 166 1573 275 1608; x_wconf 83' lang='grc' dir='ltr'>ἀλόγων</span> <span class='ocrx_word' id='word_1_488' title='bbox 297 1574 376 1606; x_wconf 77' lang='grc' dir='ltr'>ζώων</span> <span class='ocrx_word' id='word_1_489' title='bbox 401 1575 583 1611; x_wconf 83' lang='grc' dir='ltr'>ἀντάλλαγμα</span> <span class='ocrx_word' id='word_1_490' title='bbox 607 1576 801 1604; x_wconf 77' lang='grc' dir='ltr'>κατεϐάλλετο.</span> <span class='ocrx_word' id='word_1_491' title='bbox 822 1577 891 1603; x_wconf 80' lang='grc' dir='ltr'><strong>Ἀλλ’</strong></span> 
     </span>
    </p>
   </div>
   <div class='ocr_carea' id='block_1_66' title="bbox 96 1619 893 1657">
    <p class='ocr_par' dir='ltr' id='par_1_66' title="bbox 96 1619 893 1657">
     <span class='ocr_line' id='line_1_66' title="bbox 96 1619 893 1657; baseline 0.003 -11"><span class='ocrx_word' id='word_1_492' title='bbox 96 1619 187 1650; x_wconf 73' lang='grc' dir='ltr'>οὕτως</span> <span class='ocrx_word' id='word_1_493' title='bbox 207 1619 266 1655; x_wconf 70' lang='grc' dir='ltr'>ᾔδει</span> <span class='ocrx_word' id='word_1_494' title='bbox 279 1620 340 1646; x_wconf 85' lang='grc' dir='ltr'>τότε</span> <span class='ocrx_word' id='word_1_495' title='bbox 354 1621 490 1656; x_wconf 84' lang='grc' dir='ltr'>τοσαύτης</span> <span class='ocrx_word' id='word_1_496' title='bbox 504 1621 569 1648; x_wconf 73' lang='grc' dir='ltr'>ὄντα</span> <span class='ocrx_word' id='word_1_497' title='bbox 586 1622 670 1657; x_wconf 84' lang='grc' dir='ltr'>τιμῆς</span> <span class='ocrx_word' id='word_1_498' title='bbox 691 1623 737 1649; x_wconf 74' lang='grc' dir='ltr'>καὶ</span> <span class='ocrx_word' id='word_1_499' title='bbox 749 1622 893 1654; x_wconf 85' lang='grc' dir='ltr'>εὐλαϐείας</span> 
     </span>
    </p>
   </div>
   <div class='ocr_carea' id='block_1_67' title="bbox 98 1666 893 1704">
    <p class='ocr_par' dir='ltr' id='par_1_67' title="bbox 98 1666 893 1704">
     <span class='ocr_line' id='line_1_67' title="bbox 98 1666 893 1704; baseline 0.004 -12"><span class='ocrx_word' id='word_1_500' title='bbox 98 1666 177 1698; x_wconf 75' lang='grc' dir='ltr'>ἄξιον</span> <span class='ocrx_word' id='word_1_501' title='bbox 189 1667 235 1693; x_wconf 78' lang='grc' dir='ltr'><strong>τὸν</strong></span> <span class='ocrx_word' id='word_1_502' title='bbox 250 1667 325 1699; x_wconf 80' lang='grc' dir='ltr'>ναὸν,</span> <span class='ocrx_word' id='word_1_503' title='bbox 351 1667 390 1699; x_wconf 88' lang='grc' dir='ltr'><strong>ὡς</strong></span> <span class='ocrx_word' id='word_1_504' title='bbox 412 1667 481 1702; x_wconf 84' lang='grc' dir='ltr'>μηδὲ</span> <span class='ocrx_word' id='word_1_505' title='bbox 500 1668 532 1694; x_wconf 83' lang='grc' dir='ltr'>τὸ</span> <span class='ocrx_word' id='word_1_506' title='bbox 552 1667 722 1703; x_wconf 77' lang='grc' dir='ltr'>βραχύτατον</span> <span class='ocrx_word' id='word_1_507' title='bbox 747 1668 893 1704; x_wconf 77' lang='grc' dir='ltr'>ἀνέχεσθαι</span> 
     </span>
    </p>
   </div>
   <div class='ocr_carea' id='block_1_68' title="bbox 98 1712 895 1750">
    <p class='ocr_par' dir='ltr' id='par_1_68' title="bbox 98 1712 895 1750">
     <span class='ocr_line' id='line_1_68' title="bbox 98 1712 895 1750; baseline 0.004 -11"><span class='ocrx_word' id='word_1_508' title='bbox 98 1712 157 1740; x_wconf 88' lang='grc' dir='ltr'><strong>τῶν</strong></span> <span class='ocrx_word' id='word_1_509' title='bbox 176 1712 230 1746; x_wconf 78' lang='grc' dir='ltr'><strong>ἐξω</strong></span> <span class='ocrx_word' id='word_1_510' title='bbox 256 1714 414 1741; x_wconf 85' lang='grc' dir='ltr'>πιπτόντων</span> <span class='ocrx_word' id='word_1_511' title='bbox 427 1714 478 1749; x_wconf 75' lang='grc' dir='ltr'>τῆς</span> <span class='ocrx_word' id='word_1_512' title='bbox 504 1714 684 1750; x_wconf 82' lang='grc' dir='ltr'>ὀφειλομένης</span> <span class='ocrx_word' id='word_1_513' title='bbox 706 1715 781 1750; x_wconf 76' lang='grc' dir='ltr'>αὐτῷ</span> <span class='ocrx_word' id='word_1_514' title='bbox 809 1715 895 1750; x_wconf 85' lang='grc' dir='ltr'>τιμῆς</span> 
     </span>
    </p>
   </div>
   <div class='ocr_carea' id='block_1_69' title="bbox 99 1759 894 1795">
    <p class='ocr_par' dir='ltr' id='par_1_69' title="bbox 99 1759 894 1795">
     <span class='ocr_line' id='line_1_69' title="bbox 99 1759 894 1795; baseline 0.004 -11"><span class='ocrx_word' id='word_1_515' title='bbox 99 1760 278 1794; x_wconf 76' lang='grc' dir='ltr'>παραχωρεῖν</span> <span class='ocrx_word' id='word_1_516' title='bbox 293 1768 354 1786; x_wconf 82' lang='grc' dir='ltr'>τινα</span> <span class='ocrx_word' id='word_1_517' title='bbox 369 1759 472 1795; x_wconf 82' lang='grc' dir='ltr'>τολμᾷν</span> <span class='ocrx_word' id='word_1_518' title='bbox 487 1761 527 1791; x_wconf 75' lang='grc' dir='ltr'>εἰς</span> <span class='ocrx_word' id='word_1_519' title='bbox 549 1760 640 1787; x_wconf 78' lang='grc' dir='ltr'>αὐτόν.</span> <span class='ocrx_word' id='word_1_520' title='bbox 660 1760 693 1786; x_wconf 80' lang='grc' dir='ltr'>Τί</span> <span class='ocrx_word' id='word_1_521' title='bbox 716 1759 822 1795; x_wconf 81' lang='grc' dir='ltr'>λέγεις;</span> <span class='ocrx_word' id='word_1_522' title='bbox 847 1760 894 1787; x_wconf 82' lang='grc' dir='ltr'>τὸν</span> 
     </span>
    </p>
   </div>
   <div class='ocr_carea' id='block_1_70' title="bbox 99 1802 894 1841">
    <p class='ocr_par' dir='ltr' id='par_1_70' title="bbox 99 1802 894 1841">
     <span class='ocr_line' id='line_1_70' title="bbox 99 1802 894 1841; baseline 0.004 -12"><span class='ocrx_word' id='word_1_523' title='bbox 99 1802 175 1830; x_wconf 73' lang='grc' dir='ltr'>οὕτω</span> <span class='ocrx_word' id='word_1_524' title='bbox 189 1803 342 1839; x_wconf 80' lang='grc' dir='ltr'>τιμηθέντα</span> <span class='ocrx_word' id='word_1_525' title='bbox 361 1804 424 1831; x_wconf 81' lang='grc' dir='ltr'>ναὸν</span> <span class='ocrx_word' id='word_1_526' title='bbox 434 1804 486 1831; x_wconf 77' lang='grc' dir='ltr'><strong>ὑπὸ</strong></span> <span class='ocrx_word' id='word_1_527' title='bbox 500 1803 549 1832; x_wconf 80' lang='grc' dir='ltr'>τοῦ</span> <span class='ocrx_word' id='word_1_528' title='bbox 566 1805 692 1840; x_wconf 80' lang='grc' dir='ltr'>Σωτῆρος</span> <span class='ocrx_word' id='word_1_529' title='bbox 709 1805 789 1841; x_wconf 83' lang='grc' dir='ltr'>ἡμῶν</span> <span class='ocrx_word' id='word_1_530' title='bbox 805 1805 894 1841; x_wconf 86' lang='grc' dir='ltr'><strong>Ἰησοῦ</strong></span> 
     </span>
    </p>
   </div>
   <div class='ocr_carea' id='block_1_71' title="bbox 101 1849 894 1887">
    <p class='ocr_par' dir='ltr' id='par_1_71' title="bbox 101 1849 894 1887">
     <span class='ocr_line' id='line_1_71' title="bbox 101 1849 894 1887; baseline 0.003 -11"><span class='ocrx_word' id='word_1_531' title='bbox 101 1849 235 1885; x_wconf 79' lang='grc' dir='ltr'>Χριστοῦ,</span> <span class='ocrx_word' id='word_1_532' title='bbox 253 1850 302 1876; x_wconf 81' lang='grc' dir='ltr'>καὶ</span> <span class='ocrx_word' id='word_1_533' title='bbox 315 1851 380 1882; x_wconf 83' lang='grc' dir='ltr'>τοὺς</span> <span class='ocrx_word' id='word_1_534' title='bbox 401 1850 635 1886; x_wconf 66' lang='grc' dir='ltr'>ἐπιχειρήσαντας</span> <span class='ocrx_word' id='word_1_535' title='bbox 648 1851 751 1887; x_wconf 86' lang='grc' dir='ltr'>τρόπον</span> <span class='ocrx_word' id='word_1_536' title='bbox 772 1852 834 1879; x_wconf 84' lang='grc' dir='ltr'>τινὰ</span> <span class='ocrx_word' id='word_1_537' title='bbox 848 1851 894 1887; x_wconf 79' lang='grc' dir='ltr'>βε-</span> 
     </span>
    </p>
   </div>
   <div class='ocr_carea' id='block_1_72' title="bbox 100 1894 896 1932">
    <p class='ocr_par' dir='ltr' id='par_1_72' title="bbox 100 1894 896 1932">
     <span class='ocr_line' id='line_1_72' title="bbox 100 1894 896 1932; baseline 0.003 -11"><span class='ocrx_word' id='word_1_538' title='bbox 100 1894 214 1930; x_wconf 72' lang='grc' dir='ltr'>ϐηλοῦν,</span> <span class='ocrx_word' id='word_1_539' title='bbox 224 1894 392 1930; x_wconf 82' lang='grc' dir='ltr'>τηλικαύτης</span> <span class='ocrx_word' id='word_1_540' title='bbox 406 1896 586 1931; x_wconf 80' lang='grc' dir='ltr'>ἀποφήναντα</span> <span class='ocrx_word' id='word_1_541' title='bbox 598 1896 694 1931; x_wconf 80' lang='grc' dir='ltr'>ὀργῆς,</span> <span class='ocrx_word' id='word_1_542' title='bbox 711 1897 765 1932; x_wconf 76' lang='grc' dir='ltr'>ἄρα</span> <span class='ocrx_word' id='word_1_543' title='bbox 777 1897 821 1931; x_wconf 82' lang='grc' dir='ltr'>εἴη</span> <span class='ocrx_word' id='word_1_544' title='bbox 831 1897 896 1929; x_wconf 78' lang='grc' dir='ltr'>τοὺς</span> 
     </span>
    </p>
   </div>
   <div class='ocr_carea' id='block_1_73' title="bbox 100 1941 896 1978">
    <p class='ocr_par' dir='ltr' id='par_1_73' title="bbox 100 1941 896 1978">
     <span class='ocr_line' id='line_1_73' title="bbox 100 1941 896 1978; baseline 0.001 -10"><span class='ocrx_word' id='word_1_545' title='bbox 100 1941 153 1968; x_wconf 83' lang='grc' dir='ltr'>οὐκ</span> <span class='ocrx_word' id='word_1_546' title='bbox 172 1941 217 1968; x_wconf 66' lang='grc' dir='ltr'><strong>ἐπ’</strong></span> <span class='ocrx_word' id='word_1_547' title='bbox 234 1941 352 1976; x_wconf 74' lang='grc' dir='ltr'>ἐργασίᾳ</span> <span class='ocrx_word' id='word_1_548' title='bbox 370 1941 441 1978; x_wconf 77' lang='grc' dir='ltr'>μόνῃ</span> <span class='ocrx_word' id='word_1_549' title='bbox 472 1943 548 1978; x_wconf 81' lang='grc' dir='ltr'>κοινῇ</span> <span class='ocrx_word' id='word_1_550' title='bbox 576 1942 709 1977; x_wconf 81' lang='grc' dir='ltr'>βεϐηλοῦν</span> <span class='ocrx_word' id='word_1_551' title='bbox 725 1942 896 1978; x_wconf 75' lang='grc' dir='ltr'>ἐπαρθέντας</span> 
     </span>
    </p>
   </div>
   <div class='ocr_carea' id='block_1_74' title="bbox 100 1988 896 2026">
    <p class='ocr_par' dir='ltr' id='par_1_74' title="bbox 100 1988 896 2026">
     <span class='ocr_line' id='line_1_74' title="bbox 100 1988 896 2026; baseline 0.001 -11"><span class='ocrx_word' id='word_1_552' title='bbox 100 1990 196 2021; x_wconf 78' lang='grc' dir='ltr'>αὑτὸν,</span> <span class='ocrx_word' id='word_1_553' title='bbox 216 1988 275 2016; x_wconf 78' lang='grc' dir='ltr'>ἀλλ’</span> <span class='ocrx_word' id='word_1_554' title='bbox 290 1989 351 2016; x_wconf 84' lang='grc' dir='ltr'>ὅλον</span> <span class='ocrx_word' id='word_1_555' title='bbox 365 1989 452 2016; x_wconf 77' lang='grc' dir='ltr'>διόλου</span> <span class='ocrx_word' id='word_1_556' title='bbox 470 1989 574 2024; x_wconf 82' lang='grc' dir='ltr'>μύσους</span> <span class='ocrx_word' id='word_1_557' title='bbox 590 1990 714 2026; x_wconf 76' lang='grc' dir='ltr'>ἀρρήτου</span> <span class='ocrx_word' id='word_1_558' title='bbox 735 1990 783 2017; x_wconf 85' lang='grc' dir='ltr'>καὶ</span> <span class='ocrx_word' id='word_1_559' title='bbox 802 1989 896 2024; x_wconf 82' lang='grc' dir='ltr'>βδελυ-</span> 
     </span>
    </p>
   </div>
   <div class='ocr_carea' id='block_1_75' title="bbox 101 2035 894 2071">
    <p class='ocr_par' dir='ltr' id='par_1_75' title="bbox 101 2035 894 2071">
     <span class='ocr_line' id='line_1_75' title="bbox 101 2035 894 2071; baseline 0.003 -10"><span class='ocrx_word' id='word_1_560' title='bbox 101 2035 165 2070; x_wconf 88' lang='grc' dir='ltr'>ρίας</span> <span class='ocrx_word' id='word_1_561' title='bbox 177 2035 386 2071; x_wconf 85' lang='grc' dir='ltr'>ἀνυπερϐλήτου</span> <span class='ocrx_word' id='word_1_562' title='bbox 403 2035 576 2071; x_wconf 81' lang='grc' dir='ltr'>πληροῦντας</span> <span class='ocrx_word' id='word_1_563' title='bbox 596 2036 688 2068; x_wconf 76' lang='grc' dir='ltr'>αὑτὸν,</span> <span class='ocrx_word' id='word_1_564' title='bbox 704 2035 791 2068; x_wconf 77' lang='grc' dir='ltr'>οὕτως</span> <span class='ocrx_word' id='word_1_565' title='bbox 813 2038 894 2064; x_wconf 84' lang='grc' dir='ltr'>ἀνευ-</span> 
     </span>
    </p>
   </div>
   <div class='ocr_carea' id='block_1_76' title="bbox 101 2080 896 2118">
    <p class='ocr_par' dir='ltr' id='par_1_76' title="bbox 101 2080 896 2118">
     <span class='ocr_line' id='line_1_76' title="bbox 101 2080 896 2118; baseline 0.003 -11"><span class='ocrx_word' id='word_1_566' title='bbox 101 2080 201 2113; x_wconf 78' lang='grc' dir='ltr'>θύνους</span> <span class='ocrx_word' id='word_1_567' title='bbox 217 2081 335 2117; x_wconf 80' lang='grc' dir='ltr'>ἀφήσειν</span> <span class='ocrx_word' id='word_1_568' title='bbox 348 2081 449 2113; x_wconf 82' lang='grc' dir='ltr'>αὐτούς</span> <span class='ocrx_word' id='word_1_569' title='bbox 460 2090 468 2115; x_wconf 88' lang='grc'>;</span> <span class='ocrx_word' id='word_1_570' title='bbox 481 2082 537 2109; x_wconf 81' lang='grc' dir='ltr'><strong>Καὶ</strong></span> <span class='ocrx_word' id='word_1_571' title='bbox 556 2081 607 2109; x_wconf 82' lang='grc' dir='ltr'>ποῦ</span> <span class='ocrx_word' id='word_1_572' title='bbox 620 2080 654 2109; x_wconf 76' lang='grc' dir='ltr'>ἂν</span> <span class='ocrx_word' id='word_1_573' title='bbox 673 2082 717 2118; x_wconf 77' lang='grc' dir='ltr'>εἴη</span> <span class='ocrx_word' id='word_1_574' title='bbox 728 2082 808 2109; x_wconf 86' lang='grc' dir='ltr'>τοῦτο</span> <span class='ocrx_word' id='word_1_575' title='bbox 821 2083 896 2117; x_wconf 87' lang='grc' dir='ltr'>λογι-</span> 
     </span>
    </p>
   </div>
   <div class='ocr_carea' id='block_1_77' title="bbox 101 2126 896 2166">
    <p class='ocr_par' dir='ltr' id='par_1_77' title="bbox 101 2126 896 2166">
     <span class='ocr_line' id='line_1_77' title="bbox 101 2126 896 2166; baseline 0.004 -13"><span class='ocrx_word' id='word_1_576' title='bbox 101 2127 184 2161; x_wconf 85' lang='grc' dir='ltr'>σμοῖς</span> <span class='ocrx_word' id='word_1_577' title='bbox 199 2126 340 2162; x_wconf 82' lang='grc' dir='ltr'>νηφόντων</span> <span class='ocrx_word' id='word_1_578' title='bbox 356 2126 455 2166; x_wconf 27' lang='grc' dir='ltr'>ιλαϐεἷν</span> <span class='ocrx_word' id='word_1_579' title='bbox 483 2127 614 2161; x_wconf 85' lang='grc' dir='ltr'>δυνατόν;</span> <span class='ocrx_word' id='word_1_580' title='bbox 642 2128 783 2156; x_wconf 85' lang='grc' dir='ltr'>Ἐντεῦθεν</span> <span class='ocrx_word' id='word_1_581' title='bbox 811 2129 840 2156; x_wconf 81' lang='grc' dir='ltr'>δὲ</span> <span class='ocrx_word' id='word_1_582' title='bbox 862 2129 896 2156; x_wconf 83' lang='grc' dir='ltr'>ἂν</span> 
     </span>
    </p>
   </div>
   <div class='ocr_carea' id='block_1_78' title="bbox 103 2159 934 2210">
    <p class='ocr_par' dir='ltr' id='par_1_78' title="bbox 103 2159 934 2210">
     <span class='ocr_line' id='line_1_78' title="bbox 103 2159 934 2210; baseline 0.006 -12"><span class='ocrx_word' id='word_1_583' title='bbox 103 2159 171 2204; x_wconf 57' lang='lat' dir='ltr'><strong>[dote</strong></span> <span class='ocrx_word' id='word_1_584' title='bbox 186 2159 388 2208; x_wconf 45' lang='grc' dir='ltr'>οὑκ-ἔλαττονξῆ</span> <span class='ocrx_word' id='word_1_585' title='bbox 398 2174 443 2201; x_wconf 80' lang='grc' dir='ltr'><strong>διὰ</strong></span> <span class='ocrx_word' id='word_1_586' title='bbox 459 2159 678 2210; x_wconf 81' lang='grc' dir='ltr'>προειρημένων,</span> <span class='ocrx_word' id='word_1_587' title='bbox 692 2175 758 2210; x_wconf 84' lang='grc' dir='ltr'>ὅσης</span> <span class='ocrx_word' id='word_1_588' title='bbox 774 2176 836 2202; x_wconf 88' lang='grc' dir='ltr'>τότε</span> <span class='ocrx_word' id='word_1_589' title='bbox 851 2176 896 2203; x_wconf 82' lang='grc' dir='ltr'>δό-</span> <span class='ocrx_word' id='word_1_590' title='bbox 913 2159 934 2187; x_wconf 78' lang='lat' dir='ltr'><strong>D</strong></span> 
     </span>
    </p>
   </div>
   <div class='ocr_carea' id='block_1_79' title="bbox 104 2218 895 2257">
    <p class='ocr_par' dir='ltr' id='par_1_79' title="bbox 104 2218 895 2257">
     <span class='ocr_line' id='line_1_79' title="bbox 104 2218 895 2257; baseline 0.005 -13"><span class='ocrx_word' id='word_1_591' title='bbox 104 2218 156 2253; x_wconf 80' lang='grc' dir='ltr'>ξης</span> <span class='ocrx_word' id='word_1_592' title='bbox 168 2219 217 2245; x_wconf 77' lang='grc' dir='ltr'>καὶ</span> <span class='ocrx_word' id='word_1_593' title='bbox 228 2218 311 2254; x_wconf 83' lang='grc' dir='ltr'>τιμῆς</span> <span class='ocrx_word' id='word_1_594' title='bbox 321 2218 396 2252; x_wconf 78' lang='grc' dir='ltr'>ἄξιος</span> <span class='ocrx_word' id='word_1_595' title='bbox 405 2219 420 2246; x_wconf 81' lang='grc' dir='ltr'><strong>ὁ</strong></span> <span class='ocrx_word' id='word_1_596' title='bbox 435 2219 539 2255; x_wconf 83' lang='grc' dir='ltr'>Μωσῆς</span> <span class='ocrx_word' id='word_1_597' title='bbox 554 2219 601 2246; x_wconf 75' lang='grc' dir='ltr'>καὶ</span> <span class='ocrx_word' id='word_1_598' title='bbox 628 2221 659 2246; x_wconf 76' lang='grc' dir='ltr'><strong>τὸ</strong></span> <span class='ocrx_word' id='word_1_599' title='bbox 672 2220 727 2247; x_wconf 82' lang='grc' dir='ltr'><strong>τῶν</strong></span> <span class='ocrx_word' id='word_1_600' title='bbox 745 2222 895 2257; x_wconf 83' lang='grc' dir='ltr'>προφητῶν</span> 
     </span>
    </p>
   </div>
   <div class='ocr_carea' id='block_1_80' title="bbox 105 2262 895 2302">
    <p class='ocr_par' dir='ltr' id='par_1_80' title="bbox 105 2262 895 2302">
     <span class='ocr_line' id='line_1_80' title="bbox 105 2262 895 2302; baseline 0.004 -12"><span class='ocrx_word' id='word_1_601' title='bbox 105 2262 246 2298; x_wconf 77' lang='grc' dir='ltr'>μακάριον</span> <span class='ocrx_word' id='word_1_602' title='bbox 264 2263 420 2299; x_wconf 78' lang='grc' dir='ltr'>σύνταγμα,</span> <span class='ocrx_word' id='word_1_603' title='bbox 437 2265 484 2291; x_wconf 82' lang='grc' dir='ltr'>καὶ</span> <span class='ocrx_word' id='word_1_604' title='bbox 503 2265 545 2292; x_wconf 79' lang='grc' dir='ltr'><strong>ὅτι</strong></span> <span class='ocrx_word' id='word_1_605' title='bbox 571 2264 717 2300; x_wconf 82' lang='grc' dir='ltr'>σύμφωνος</span> <span class='ocrx_word' id='word_1_606' title='bbox 738 2267 753 2293; x_wconf 82' lang='grc' dir='ltr'><strong><em>ὁ</em></strong></span> <span class='ocrx_word' id='word_1_607' title='bbox 766 2266 848 2301; x_wconf 84' lang='grc' dir='ltr'>νόμος</span> <span class='ocrx_word' id='word_1_608' title='bbox 860 2267 895 2302; x_wconf 80' lang='grc' dir='ltr'>τῇ</span> 
     </span>
    </p>
   </div>
   <div class='ocr_carea' id='block_1_81' title="bbox 121 2311 211 2338">
    <p class='ocr_par' dir='ltr' id='par_1_81' title="bbox 121 2311 211 2338">
     <span class='ocr_line' id='line_1_81' title="bbox 121 2311 211 2338; baseline 0 0"><span class='ocrx_word' id='word_1_609' title='bbox 121 2311 211 2338; x_wconf 78' lang='grc' dir='ltr'>ἀοιτι.</span> 
     </span>
    </p>
   </div>
   <div class='ocr_carea' id='block_1_82' title="bbox 102 2319 900 2395">
    <p class='ocr_par' dir='ltr' id='par_1_82' title="bbox 102 2319 900 2395">
     <span class='ocr_line' id='line_1_82' title="bbox 121 2319 211 2338; baseline 0.011 -1"><span class='ocrx_word' id='word_1_610' title='bbox 121 2319 140 2338; x_wconf 89' lang='grc' dir='ltr'><strong>α</strong></span> <span class='ocrx_word' id='word_1_611' title='bbox 161 2319 211 2338; x_wconf 83' lang='grc' dir='ltr'>ιτι.</span> 
     </span>
     <span class='ocr_line' id='line_1_83' title="bbox 102 2319 900 2395; baseline 0.004 -12"><span class='ocrx_word' id='word_1_612' title='bbox 102 2319 121 2345; x_wconf 68' lang='grc' dir='ltr'><strong>χ</strong></span> <span class='ocrx_word' id='word_1_613' title='bbox 140 2319 206 2385; x_wconf 61' lang='lat' dir='ltr'><strong>lpﬂ&#39;.</strong></span> <span class='ocrx_word' id='word_1_614' title='bbox 222 2356 374 2394; x_wconf 83' lang='grc' dir='ltr'>Πληρώσας</span> <span class='ocrx_word' id='word_1_615' title='bbox 388 2357 444 2393; x_wconf 86' lang='grc' dir='ltr'><strong>γὰρ</strong></span> <span class='ocrx_word' id='word_1_616' title='bbox 460 2357 511 2394; x_wconf 86' lang='grc' dir='ltr'>τὴν</span> <span class='ocrx_word' id='word_1_617' title='bbox 532 2358 690 2393; x_wconf 79' lang='grc' dir='ltr'>οἰκονομίαν</span> <span class='ocrx_word' id='word_1_618' title='bbox 707 2357 722 2384; x_wconf 82' lang='grc' dir='ltr'>ὁ</span> <span class='ocrx_word' id='word_1_619' title='bbox 745 2358 900 2395; x_wconf 80' lang='grc' dir='ltr'>φιλάνθρω-</span> 
     </span>
    </p>
   </div>
   <div class='ocr_carea' id='block_1_83' title="bbox 101 2403 900 2440">
    <p class='ocr_par' dir='ltr' id='par_1_83' title="bbox 101 2403 900 2440">
     <span class='ocr_line' id='line_1_84' title="bbox 101 2403 900 2440; baseline 0.003 -11"><span class='ocrx_word' id='word_1_620' title='bbox 101 2411 158 2434; x_wconf 73' lang='grc' dir='ltr'><strong>πος</strong></span> <span class='ocrx_word' id='word_1_621' title='bbox 175 2403 255 2438; x_wconf 84' lang='grc' dir='ltr'>ήμῶν</span> <span class='ocrx_word' id='word_1_622' title='bbox 273 2403 322 2431; x_wconf 85' lang='grc' dir='ltr'>καὶ</span> <span class='ocrx_word' id='word_1_623' title='bbox 338 2403 440 2438; x_wconf 80' lang='grc' dir='ltr'>ἀγαθὸς</span> <span class='ocrx_word' id='word_1_624' title='bbox 456 2403 533 2436; x_wconf 78' lang='grc' dir='ltr'>Θεὸς,</span> <span class='ocrx_word' id='word_1_625' title='bbox 556 2403 603 2431; x_wconf 83' lang='grc' dir='ltr'>καὶ</span> <span class='ocrx_word' id='word_1_626' title='bbox 620 2403 669 2439; x_wconf 82' lang='grc' dir='ltr'>τὴν</span> <span class='ocrx_word' id='word_1_627' title='bbox 685 2404 765 2440; x_wconf 87' lang='grc' dir='ltr'>νίκην</span> <span class='ocrx_word' id='word_1_628' title='bbox 787 2405 837 2440; x_wconf 78' lang='grc' dir='ltr'><strong>ήδη</strong></span> <span class='ocrx_word' id='word_1_629' title='bbox 851 2405 900 2439; x_wconf 80' lang='grc' dir='ltr'>φέ-</span> 
     </span>
    </p>
   </div>
   <div class='ocr_carea' id='block_1_84' title="bbox 104 2449 900 2486">
    <p class='ocr_par' dir='ltr' id='par_1_84' title="bbox 104 2449 900 2486">
     <span class='ocr_line' id='line_1_85' title="bbox 104 2449 900 2486; baseline -0.001 -9"><span class='ocrx_word' id='word_1_630' title='bbox 104 2459 162 2485; x_wconf 84' lang='grc' dir='ltr'><strong>ρων</strong></span> <span class='ocrx_word' id='word_1_631' title='bbox 178 2450 251 2477; x_wconf 79' lang='grc' dir='ltr'>κατά</span> <span class='ocrx_word' id='word_1_632' title='bbox 262 2458 296 2485; x_wconf 86' lang='grc' dir='ltr'><strong>γε</strong></span> <span class='ocrx_word' id='word_1_633' title='bbox 319 2449 366 2477; x_wconf 82' lang='grc' dir='ltr'>τοῦ</span> <span class='ocrx_word' id='word_1_634' title='bbox 381 2449 500 2477; x_wconf 77' lang='grc' dir='ltr'>θανάτου</span> <span class='ocrx_word' id='word_1_635' title='bbox 522 2450 568 2477; x_wconf 78' lang='grc' dir='ltr'>καὶ</span> <span class='ocrx_word' id='word_1_636' title='bbox 599 2449 683 2476; x_wconf 81' lang='grc' dir='ltr'>αὐτοῦ</span> <span class='ocrx_word' id='word_1_637' title='bbox 699 2449 746 2476; x_wconf 84' lang='grc' dir='ltr'>τοῦ</span> <span class='ocrx_word' id='word_1_638' title='bbox 765 2449 900 2486; x_wconf 80' lang='grc' dir='ltr'>προξενή-</span> 
     </span>
    </p>
   </div>
   <div class='ocr_carea' id='block_1_85' title="bbox 141 2519 672 2553">
    <p class='ocr_par' dir='ltr' id='par_1_85' title="bbox 141 2519 672 2553">
     <span class='ocr_line' id='line_1_86' title="bbox 141 2519 672 2553; baseline -0.004 -5"><span class='ocrx_word' id='word_1_639' title='bbox 141 2520 166 2536; x_wconf 89' lang='grc'><strong>¹⁸</strong></span> <span class='ocrx_word' id='word_1_640' title='bbox 177 2519 256 2548; x_wconf 83' lang='lat' dir='ltr'><strong>Joan.</strong></span> <span class='ocrx_word' id='word_1_641' title='bbox 274 2527 306 2553; x_wconf 82' lang='grc' dir='ltr'><strong>ιι,</strong></span> <span class='ocrx_word' id='word_1_642' title='bbox 327 2519 373 2552; x_wconf 78' lang='grc'><strong>15.</strong></span> <span class='ocrx_word' id='word_1_643' title='bbox 410 2521 433 2537; x_wconf 84' lang='grc'><strong>¹⁶</strong></span> <span class='ocrx_word' id='word_1_644' title='bbox 443 2519 540 2548; x_wconf 82' lang='lat' dir='ltr'><strong>Matth.</strong></span> <span class='ocrx_word' id='word_1_645' title='bbox 554 2527 611 2553; x_wconf 75' lang='lat' dir='ltr'><strong>ut,</strong></span> <span class='ocrx_word' id='word_1_646' title='bbox 628 2519 672 2547; x_wconf 79' lang='lat' dir='ltr'><strong>l5.</strong></span> 
     </span>
    </p>
   </div>
   <div class='ocr_carea' id='block_1_86' title="bbox 942 1527 1735 1564">
    <p class='ocr_par' dir='ltr' id='par_1_86' title="bbox 942 1527 1735 1564">
     <span class='ocr_line' id='line_1_87' title="bbox 942 1527 1735 1564; baseline -0.003 -7"><span class='ocrx_word' id='word_1_647' title='bbox 942 1537 1036 1557; x_wconf 87' lang='lat' dir='ltr'><strong>mensa</strong></span> <span class='ocrx_word' id='word_1_648' title='bbox 1049 1528 1204 1564; x_wconf 82' lang='lat' dir='ltr'><strong>argentaria</strong></span> <span class='ocrx_word' id='word_1_649' title='bbox 1221 1532 1249 1555; x_wconf 92' lang='lat' dir='ltr'><strong>et</strong></span> <span class='ocrx_word' id='word_1_650' title='bbox 1261 1527 1479 1555; x_wconf 84' lang='lat' dir='ltr'><strong>nuntulariorum</strong></span> <span class='ocrx_word' id='word_1_651' title='bbox 1497 1527 1587 1555; x_wconf 85' lang='lat' dir='ltr'><strong>tabula</strong></span> <span class='ocrx_word' id='word_1_652' title='bbox 1601 1527 1735 1562; x_wconf 82' lang='lat' dir='ltr'><strong>profecta.</strong></span> 
     </span>
    </p>
   </div>
   <div class='ocr_carea' id='block_1_87' title="bbox 943 1573 1733 1610">
    <p class='ocr_par' dir='ltr' id='par_1_87' title="bbox 943 1573 1733 1610">
     <span class='ocr_line' id='line_1_88' title="bbox 943 1573 1733 1610; baseline -0.003 -8"><span class='ocrx_word' id='word_1_653' title='bbox 943 1575 970 1602; x_wconf 93' lang='lat' dir='ltr'><strong>in</strong></span> <span class='ocrx_word' id='word_1_654' title='bbox 986 1582 1039 1610; x_wconf 89' lang='lat' dir='ltr'><strong>qua</strong></span> <span class='ocrx_word' id='word_1_655' title='bbox 1064 1574 1206 1609; x_wconf 71' lang='lat' dir='ltr'><strong>praemium</strong></span> <span class='ocrx_word' id='word_1_656' title='bbox 1221 1581 1270 1609; x_wconf 92' lang='lat' dir='ltr'><strong>pro</strong></span> <span class='ocrx_word' id='word_1_657' title='bbox 1288 1573 1441 1609; x_wconf 81' lang='lat' dir='ltr'><strong>pecudibus</strong></span> <span class='ocrx_word' id='word_1_658' title='bbox 1456 1573 1659 1601; x_wconf 82' lang='lat' dir='ltr'><strong>irrationalibus</strong></span> <span class='ocrx_word' id='word_1_659' title='bbox 1671 1581 1733 1609; x_wconf 79' lang='lat' dir='ltr'><strong>per-</strong></span> 
     </span>
    </p>
   </div>
   <div class='ocr_carea' id='block_1_88' title="bbox 944 1619 1737 1654">
    <p class='ocr_par' dir='ltr' id='par_1_88' title="bbox 944 1619 1737 1654">
     <span class='ocr_line' id='line_1_89' title="bbox 944 1619 1737 1654; baseline -0.003 -6"><span class='ocrx_word' id='word_1_660' title='bbox 944 1621 1113 1648; x_wconf 88' lang='lat' dir='ltr'><strong>solvebatur.</strong></span> <span class='ocrx_word' id='word_1_661' title='bbox 1128 1619 1181 1647; x_wconf 89' lang='lat' dir='ltr'><strong>Sed</strong></span> <span class='ocrx_word' id='word_1_662' title='bbox 1198 1619 1268 1646; x_wconf 88' lang='lat' dir='ltr'><strong>adeo</strong></span> <span class='ocrx_word' id='word_1_663' title='bbox 1288 1619 1348 1654; x_wconf 88' lang='lat' dir='ltr'><strong>ipse</strong></span> <span class='ocrx_word' id='word_1_664' title='bbox 1367 1623 1484 1646; x_wconf 77' lang='lat' dir='ltr'><strong>noverat</strong></span> <span class='ocrx_word' id='word_1_665' title='bbox 1507 1619 1639 1654; x_wconf 90' lang='lat' dir='ltr'><strong>templum</strong></span> <span class='ocrx_word' id='word_1_666' title='bbox 1659 1624 1737 1647; x_wconf 89' lang='lat' dir='ltr'><strong>tanto</strong></span> 
     </span>
    </p>
   </div>
   <div class='ocr_carea' id='block_1_89' title="bbox 944 1664 1735 1700">
    <p class='ocr_par' dir='ltr' id='par_1_89' title="bbox 944 1664 1735 1700">
     <span class='ocr_line' id='line_1_90' title="bbox 944 1664 1735 1700; baseline -0.001 -7"><span class='ocrx_word' id='word_1_667' title='bbox 944 1666 1051 1694; x_wconf 87' lang='lat' dir='ltr'><strong>honore</strong></span> <span class='ocrx_word' id='word_1_668' title='bbox 1077 1670 1106 1693; x_wconf 81' lang='lat' dir='ltr'><strong>et</strong></span> <span class='ocrx_word' id='word_1_669' title='bbox 1135 1665 1289 1693; x_wconf 86' lang='lat' dir='ltr'><strong>reverentia</strong></span> <span class='ocrx_word' id='word_1_670' title='bbox 1311 1664 1443 1700; x_wconf 82' lang='lat' dir='ltr'><strong>dignum,</strong></span> <span class='ocrx_word' id='word_1_671' title='bbox 1468 1669 1498 1692; x_wconf 84' lang='lat' dir='ltr'><strong>ut</strong></span> <span class='ocrx_word' id='word_1_672' title='bbox 1527 1673 1563 1692; x_wconf 87' lang='lat' dir='ltr'><strong>ne</strong></span> <span class='ocrx_word' id='word_1_673' title='bbox 1592 1664 1735 1693; x_wconf 90' lang='lat' dir='ltr'><strong>minimum</strong></span> 
     </span>
    </p>
   </div>
   <div class='ocr_carea' id='block_1_90' title="bbox 946 1710 1736 1747">
    <p class='ocr_par' dir='ltr' id='par_1_90' title="bbox 946 1710 1736 1747">
     <span class='ocr_line' id='line_1_91' title="bbox 946 1710 1736 1747; baseline -0.001 -8"><span class='ocrx_word' id='word_1_674' title='bbox 946 1711 1058 1747; x_wconf 86' lang='lat' dir='ltr'><strong>quidem</strong></span> <span class='ocrx_word' id='word_1_675' title='bbox 1073 1712 1145 1739; x_wconf 90' lang='lat' dir='ltr'><strong>ferre</strong></span> <span class='ocrx_word' id='word_1_676' title='bbox 1169 1715 1263 1746; x_wconf 89' lang='lat' dir='ltr'><strong>posset</strong></span> <span class='ocrx_word' id='word_1_677' title='bbox 1285 1718 1392 1742; x_wconf 86' lang='lat' dir='ltr'><strong>eorum,</strong></span> <span class='ocrx_word' id='word_1_678' title='bbox 1415 1718 1476 1745; x_wconf 61' lang='lat' dir='ltr'><strong>quae</strong></span> <span class='ocrx_word' id='word_1_679' title='bbox 1500 1710 1644 1745; x_wconf 87' lang='lat' dir='ltr'><strong>quisquam</strong></span> <span class='ocrx_word' id='word_1_680' title='bbox 1665 1710 1736 1738; x_wconf 79' lang='lat' dir='ltr'><strong>infra</strong></span> 
     </span>
    </p>
   </div>
   <div class='ocr_carea' id='block_1_91' title="bbox 946 1755 1736 1792">
    <p class='ocr_par' dir='ltr' id='par_1_91' title="bbox 946 1755 1736 1792">
     <span class='ocr_line' id='line_1_92' title="bbox 946 1755 1736 1792; baseline -0.004 -7"><span class='ocrx_word' id='word_1_681' title='bbox 946 1758 1079 1785; x_wconf 91' lang='lat' dir='ltr'><strong>honorem</strong></span> <span class='ocrx_word' id='word_1_682' title='bbox 1104 1757 1155 1792; x_wconf 88' lang='lat' dir='ltr'><strong>ipsi</strong></span> <span class='ocrx_word' id='word_1_683' title='bbox 1180 1756 1301 1784; x_wconf 88' lang='lat' dir='ltr'><strong>debitum</strong></span> <span class='ocrx_word' id='word_1_684' title='bbox 1337 1755 1460 1783; x_wconf 89' lang='lat' dir='ltr'><strong>auderet.</strong></span> <span class='ocrx_word' id='word_1_685' title='bbox 1490 1755 1619 1790; x_wconf 85' lang='lat' dir='ltr'><strong>Nunquid</strong></span> <span class='ocrx_word' id='word_1_686' title='bbox 1639 1760 1736 1791; x_wconf 83' lang='lat' dir='ltr'><strong>putas,</strong></span> 
     </span>
    </p>
   </div>
   <div class='ocr_carea' id='block_1_92' title="bbox 947 1800 1736 1836">
    <p class='ocr_par' dir='ltr' id='par_1_92' title="bbox 947 1800 1736 1836">
     <span class='ocr_line' id='line_1_93' title="bbox 947 1800 1736 1836; baseline 0 -6"><span class='ocrx_word' id='word_1_687' title='bbox 947 1803 1120 1830; x_wconf 84' lang='lat' dir='ltr'><strong>Servatorem</strong></span> <span class='ocrx_word' id='word_1_688' title='bbox 1133 1806 1257 1829; x_wconf 79' lang='lat' dir='ltr'><strong>nastrum</strong></span> <span class='ocrx_word' id='word_1_689' title='bbox 1272 1800 1366 1828; x_wconf 77' lang='lat' dir='ltr'><strong>Iesum</strong></span> <span class='ocrx_word' id='word_1_690' title='bbox 1382 1800 1533 1833; x_wconf 86' lang='lat' dir='ltr'><strong>Christum,</strong></span> <span class='ocrx_word' id='word_1_691' title='bbox 1544 1801 1590 1836; x_wconf 93' lang='lat' dir='ltr'><strong>qui</strong></span> <span class='ocrx_word' id='word_1_692' title='bbox 1604 1801 1736 1835; x_wconf 83' lang='lat' dir='ltr'><strong>templum</strong></span> 
     </span>
    </p>
   </div>
   <div class='ocr_carea' id='block_1_93' title="bbox 946 1845 1738 1883">
    <p class='ocr_par' dir='ltr' id='par_1_93' title="bbox 946 1845 1738 1883">
     <span class='ocr_line' id='line_1_94' title="bbox 946 1845 1738 1883; baseline -0.005 -7"><span class='ocrx_word' id='word_1_693' title='bbox 946 1849 1016 1877; x_wconf 84' lang='lat' dir='ltr'><strong>adeo</strong></span> <span class='ocrx_word' id='word_1_694' title='bbox 1034 1848 1062 1875; x_wconf 94' lang='lat' dir='ltr'><strong>in</strong></span> <span class='ocrx_word' id='word_1_695' title='bbox 1077 1847 1167 1883; x_wconf 87' lang='lat' dir='ltr'><strong>pretio</strong></span> <span class='ocrx_word' id='word_1_696' title='bbox 1187 1846 1300 1878; x_wconf 85' lang='lat' dir='ltr'><strong>habuit,</strong></span> <span class='ocrx_word' id='word_1_697' title='bbox 1319 1850 1402 1880; x_wconf 85' lang='lat' dir='ltr'><strong>atque</strong></span> <span class='ocrx_word' id='word_1_698' title='bbox 1421 1853 1486 1878; x_wconf 82' lang='lat' dir='ltr'><strong>eos.</strong></span> <span class='ocrx_word' id='word_1_699' title='bbox 1500 1846 1546 1880; x_wconf 92' lang='lat' dir='ltr'><strong>qui</strong></span> <span class='ocrx_word' id='word_1_700' title='bbox 1562 1845 1588 1873; x_wconf 93' lang='lat' dir='ltr'><strong>id</strong></span> <span class='ocrx_word' id='word_1_701' title='bbox 1606 1845 1738 1880; x_wconf 87' lang='lat' dir='ltr'><strong>quodam-</strong></span> 
     </span>
    </p>
   </div>
   <div class='ocr_carea' id='block_1_94' title="bbox 947 1890 1738 1929">
    <p class='ocr_par' dir='ltr' id='par_1_94' title="bbox 947 1890 1738 1929">
     <span class='ocr_line' id='line_1_95' title="bbox 947 1890 1738 1929; baseline -0.005 -7"><span class='ocrx_word' id='word_1_702' title='bbox 947 1896 1030 1922; x_wconf 91' lang='lat' dir='ltr'><strong>modo</strong></span> <span class='ocrx_word' id='word_1_703' title='bbox 1055 1893 1202 1929; x_wconf 81' lang='lat' dir='ltr'><strong>profanare</strong></span> <span class='ocrx_word' id='word_1_704' title='bbox 1225 1891 1344 1927; x_wconf 79' lang='lat' dir='ltr'><strong>aggressi</strong></span> <span class='ocrx_word' id='word_1_705' title='bbox 1371 1896 1460 1923; x_wconf 82' lang='lat' dir='ltr'><strong>erant.</strong></span> <span class='ocrx_word' id='word_1_706' title='bbox 1487 1895 1563 1918; x_wconf 89' lang='lat' dir='ltr'><strong>tanta</strong></span> <span class='ocrx_word' id='word_1_707' title='bbox 1583 1890 1622 1918; x_wconf 91' lang='lat' dir='ltr'><strong>ira</strong></span> <span class='ocrx_word' id='word_1_708' title='bbox 1641 1891 1738 1927; x_wconf 84' lang='lat' dir='ltr'><strong>dignos</strong></span> 
     </span>
    </p>
   </div>
   <div class='ocr_carea' id='block_1_95' title="bbox 947 1946 1739 1985">
    <p class='ocr_par' dir='ltr' id='par_1_95' title="bbox 947 1946 1739 1985">
     <span class='ocr_line' id='line_1_96' title="bbox 947 1946 1739 1985; baseline -0.004 -8"><span class='ocrx_word' id='word_1_709' title='bbox 947 1948 1144 1985; x_wconf 81' lang='lat' dir='ltr'><strong>pronuntiavit.</strong></span> <span class='ocrx_word' id='word_1_710' title='bbox 1163 1947 1229 1974; x_wconf 86' lang='lat' dir='ltr'><strong>istos</strong></span> <span class='ocrx_word' id='word_1_711' title='bbox 1244 1946 1383 1979; x_wconf 87' lang='lat' dir='ltr'><strong>homines,</strong></span> <span class='ocrx_word' id='word_1_712' title='bbox 1407 1946 1453 1980; x_wconf 91' lang='lat' dir='ltr'><strong>qui</strong></span> <span class='ocrx_word' id='word_1_713' title='bbox 1467 1953 1523 1973; x_wconf 90' lang='lat' dir='ltr'><strong>non</strong></span> <span class='ocrx_word' id='word_1_714' title='bbox 1545 1950 1652 1974; x_wconf 89' lang='lat' dir='ltr'><strong>tantum</strong></span> <span class='ocrx_word' id='word_1_715' title='bbox 1673 1953 1739 1981; x_wconf 90' lang='lat' dir='ltr'><strong>pro-</strong></span> 
     </span>
    </p>
   </div>
   <div class='ocr_carea' id='block_1_96' title="bbox 947 1992 1738 2031">
    <p class='ocr_par' dir='ltr' id='par_1_96' title="bbox 947 1992 1738 2031">
     <span class='ocr_line' id='line_1_97' title="bbox 947 1992 1738 2031; baseline -0.008 -6"><span class='ocrx_word' id='word_1_716' title='bbox 947 1997 1010 2025; x_wconf 85' lang='lat' dir='ltr'><strong>fana</strong></span> <span class='ocrx_word' id='word_1_717' title='bbox 1024 1995 1142 2031; x_wconf 88' lang='lat' dir='ltr'><strong>quadam</strong></span> <span class='ocrx_word' id='word_1_718' title='bbox 1154 1993 1357 2021; x_wconf 88' lang='lat' dir='ltr'><strong>nundinatione</strong></span> <span class='ocrx_word' id='word_1_719' title='bbox 1372 1992 1399 2020; x_wconf 90' lang='lat' dir='ltr'><strong>id</strong></span> <span class='ocrx_word' id='word_1_720' title='bbox 1415 1992 1560 2027; x_wconf 79' lang='lat' dir='ltr'><strong>profanare</strong></span> <span class='ocrx_word' id='word_1_721' title='bbox 1582 1992 1640 2020; x_wconf 87' lang='lat' dir='ltr'><strong>ausi</strong></span> <span class='ocrx_word' id='word_1_722' title='bbox 1662 1997 1738 2026; x_wconf 87' lang='lat' dir='ltr'><strong>sunt,</strong></span> 
     </span>
    </p>
   </div>
   <div class='ocr_carea' id='block_1_97' title="bbox 948 2036 1739 2075">
    <p class='ocr_par' dir='ltr' id='par_1_97' title="bbox 948 2036 1739 2075">
     <span class='ocr_line' id='line_1_98' title="bbox 948 2036 1739 2075; baseline -0.006 -6"><span class='ocrx_word' id='word_1_723' title='bbox 948 2041 995 2070; x_wconf 86' lang='lat' dir='ltr'><strong>sed</strong></span> <span class='ocrx_word' id='word_1_724' title='bbox 1008 2045 1106 2073; x_wconf 89' lang='lat' dir='ltr'><strong>totum,</strong></span> <span class='ocrx_word' id='word_1_725' title='bbox 1117 2043 1250 2075; x_wconf 83' lang='lat' dir='ltr'><strong>quantum</strong></span> <span class='ocrx_word' id='word_1_726' title='bbox 1266 2042 1318 2070; x_wconf 84' lang='lat' dir='ltr'><strong>est,</strong></span> <span class='ocrx_word' id='word_1_727' title='bbox 1335 2036 1449 2064; x_wconf 82' lang='lat' dir='ltr'><strong>infando</strong></span> <span class='ocrx_word' id='word_1_728' title='bbox 1458 2037 1563 2072; x_wconf 87' lang='lat' dir='ltr'><strong>flagitio</strong></span> <span class='ocrx_word' id='word_1_729' title='bbox 1578 2042 1606 2065; x_wconf 88' lang='lat' dir='ltr'><strong>et</strong></span> <span class='ocrx_word' id='word_1_730' title='bbox 1619 2037 1739 2065; x_wconf 89' lang='lat' dir='ltr'><strong>incredi-</strong></span> 
     </span>
    </p>
   </div>
   <div class='ocr_carea' id='block_1_98' title="bbox 948 2083 1738 2120">
    <p class='ocr_par' dir='ltr' id='par_1_98' title="bbox 948 2083 1738 2120">
     <span class='ocr_line' id='line_1_99' title="bbox 948 2083 1738 2120; baseline -0.008 -4"><span class='ocrx_word' id='word_1_731' title='bbox 948 2088 995 2116; x_wconf 90' lang='lat' dir='ltr'><strong>bili</strong></span> <span class='ocrx_word' id='word_1_732' title='bbox 1021 2087 1126 2115; x_wconf 85' lang='lat' dir='ltr'><strong>scelere</strong></span> <span class='ocrx_word' id='word_1_733' title='bbox 1151 2085 1351 2120; x_wconf 88' lang='lat' dir='ltr'><strong>inquinarunt,</strong></span> <span class='ocrx_word' id='word_1_734' title='bbox 1384 2083 1534 2118; x_wconf 89' lang='lat' dir='ltr'><strong>impunitos</strong></span> <span class='ocrx_word' id='word_1_735' title='bbox 1561 2083 1738 2111; x_wconf 89' lang='lat' dir='ltr'><strong>dimissurum</strong></span> 
     </span>
    </p>
   </div>
   <div class='ocr_carea' id='block_1_99' title="bbox 949 2127 1740 2164">
    <p class='ocr_par' dir='ltr' id='par_1_99' title="bbox 949 2127 1740 2164">
     <span class='ocr_line' id='line_1_100' title="bbox 949 2127 1740 2164; baseline -0.008 -4"><span class='ocrx_word' id='word_1_736' title='bbox 949 2132 1026 2160; x_wconf 84' lang='lat' dir='ltr'><strong>esse?</strong></span> <span class='ocrx_word' id='word_1_737' title='bbox 1047 2130 1190 2164; x_wconf 85' lang='lat' dir='ltr'><strong>Quomodo</strong></span> <span class='ocrx_word' id='word_1_738' title='bbox 1208 2129 1250 2157; x_wconf 91' lang='lat' dir='ltr'><strong>vel</strong></span> <span class='ocrx_word' id='word_1_739' title='bbox 1270 2128 1411 2156; x_wconf 87' lang='lat' dir='ltr'><strong>somnians</strong></span> <span class='ocrx_word' id='word_1_740' title='bbox 1431 2128 1489 2155; x_wconf 66' lang='lat' dir='ltr'><strong>haec</strong></span> <span class='ocrx_word' id='word_1_741' title='bbox 1507 2127 1559 2155; x_wconf 87' lang='lat' dir='ltr'><strong>sibi</strong></span> <span class='ocrx_word' id='word_1_742' title='bbox 1574 2128 1740 2163; x_wconf 80' lang='lat' dir='ltr'><strong>persuadere</strong></span> 
     </span>
    </p>
   </div>
   <div class='ocr_carea' id='block_1_100' title="bbox 948 2173 1740 2214">
    <p class='ocr_par' dir='ltr' id='par_1_100' title="bbox 948 2173 1740 2214">
     <span class='ocr_line' id='line_1_101' title="bbox 948 2173 1740 2214; baseline -0.004 -10"><span class='ocrx_word' id='word_1_743' title='bbox 948 2177 1057 2214; x_wconf 83' lang='lat' dir='ltr'><strong>posset?</strong></span> <span class='ocrx_word' id='word_1_744' title='bbox 1069 2176 1122 2204; x_wconf 88' lang='lat' dir='ltr'><strong>Sed</strong></span> <span class='ocrx_word' id='word_1_745' title='bbox 1135 2180 1163 2203; x_wconf 88' lang='lat' dir='ltr'><strong>et</strong></span> <span class='ocrx_word' id='word_1_746' title='bbox 1178 2175 1242 2203; x_wconf 88' lang='lat' dir='ltr'><strong>hinc</strong></span> <span class='ocrx_word' id='word_1_747' title='bbox 1259 2182 1313 2201; x_wconf 91' lang='lat' dir='ltr'><strong>non</strong></span> <span class='ocrx_word' id='word_1_748' title='bbox 1329 2173 1432 2204; x_wconf 88' lang='lat' dir='ltr'><strong>minus.</strong></span> <span class='ocrx_word' id='word_1_749' title='bbox 1452 2180 1536 2208; x_wconf 87' lang='lat' dir='ltr'><strong>quam</strong></span> <span class='ocrx_word' id='word_1_750' title='bbox 1558 2180 1592 2200; x_wconf 79' lang='lat' dir='ltr'><strong>ex</strong></span> <span class='ocrx_word' id='word_1_751' title='bbox 1602 2173 1740 2208; x_wconf 58' lang='lat' dir='ltr'><strong>praedictis</strong></span> 
     </span>
    </p>
   </div>
   <div class='ocr_carea' id='block_1_101' title="bbox 949 2218 1740 2259">
    <p class='ocr_par' dir='ltr' id='par_1_101' title="bbox 949 2218 1740 2259">
     <span class='ocr_line' id='line_1_102' title="bbox 949 2218 1740 2259; baseline -0.008 -8"><span class='ocrx_word' id='word_1_752' title='bbox 949 2224 1083 2259; x_wconf 86' lang='lat' dir='ltr'><strong>intelligas</strong></span> <span class='ocrx_word' id='word_1_753' title='bbox 1093 2244 1100 2256; x_wconf 92' lang='lat'><strong>,</strong></span> <span class='ocrx_word' id='word_1_754' title='bbox 1115 2229 1171 2257; x_wconf 88' lang='lat' dir='ltr'><strong>quo</strong></span> <span class='ocrx_word' id='word_1_755' title='bbox 1184 2221 1289 2248; x_wconf 89' lang='lat' dir='ltr'><strong>honore</strong></span> <span class='ocrx_word' id='word_1_756' title='bbox 1302 2225 1330 2247; x_wconf 88' lang='lat' dir='ltr'><strong>et</strong></span> <span class='ocrx_word' id='word_1_757' title='bbox 1346 2219 1421 2247; x_wconf 89' lang='lat' dir='ltr'><strong>cultu</strong></span> <span class='ocrx_word' id='word_1_758' title='bbox 1438 2219 1543 2251; x_wconf 81' lang='lat' dir='ltr'><strong>Moses,</strong></span> <span class='ocrx_word' id='word_1_759' title='bbox 1567 2223 1595 2246; x_wconf 90' lang='lat' dir='ltr'><strong>et</strong></span> <span class='ocrx_word' id='word_1_760' title='bbox 1612 2218 1740 2246; x_wconf 85' lang='lat' dir='ltr'><strong>beatissi-</strong></span> 
     </span>
    </p>
   </div>
   <div class='ocr_carea' id='block_1_102' title="bbox 949 2263 1741 2303">
    <p class='ocr_par' dir='ltr' id='par_1_102' title="bbox 949 2263 1741 2303">
     <span class='ocr_line' id='line_1_103' title="bbox 949 2263 1741 2303; baseline -0.008 -7"><span class='ocrx_word' id='word_1_761' title='bbox 949 2277 1011 2296; x_wconf 83' lang='lat' dir='ltr'><strong>mus</strong></span> <span class='ocrx_word' id='word_1_762' title='bbox 1032 2267 1230 2303; x_wconf 84' lang='lat' dir='ltr'><strong>prophetarum</strong></span> <span class='ocrx_word' id='word_1_763' title='bbox 1253 2270 1341 2293; x_wconf 65' lang='lat' dir='ltr'><strong>castus</strong></span> <span class='ocrx_word' id='word_1_764' title='bbox 1365 2264 1475 2292; x_wconf 85' lang='lat' dir='ltr'><strong>habitus</strong></span> <span class='ocrx_word' id='word_1_765' title='bbox 1498 2263 1590 2296; x_wconf 86' lang='lat' dir='ltr'><strong>fuerit,</strong></span> <span class='ocrx_word' id='word_1_766' title='bbox 1613 2264 1741 2299; x_wconf 83' lang='lat' dir='ltr'><strong>quodque</strong></span> 
     </span>
    </p>
   </div>
   <div class='ocr_carea' id='block_1_103' title="bbox 947 2311 1350 2348">
    <p class='ocr_par' dir='ltr' id='par_1_103' title="bbox 947 2311 1350 2348">
     <span class='ocr_line' id='line_1_104' title="bbox 947 2311 1350 2348; baseline -0.01 -6"><span class='ocrx_word' id='word_1_767' title='bbox 947 2315 993 2342; x_wconf 87' lang='lat' dir='ltr'><strong>lex</strong></span> <span class='ocrx_word' id='word_1_768' title='bbox 1008 2321 1070 2340; x_wconf 71' lang='lat' dir='ltr'><strong>cum</strong></span> <span class='ocrx_word' id='word_1_769' title='bbox 1086 2312 1172 2348; x_wconf 86' lang='lat' dir='ltr'><strong>gratia</strong></span> <span class='ocrx_word' id='word_1_770' title='bbox 1189 2311 1350 2339; x_wconf 79' lang='lat' dir='ltr'><strong>concordet.</strong></span> 
     </span>
    </p>
   </div>
   <div class='ocr_carea' id='block_1_104' title="bbox 985 2354 1742 2388">
    <p class='ocr_par' dir='ltr' id='par_1_104' title="bbox 985 2354 1742 2388">
     <span class='ocr_line' id='line_1_105' title="bbox 985 2354 1742 2388; baseline -0.005 -1"><span class='ocrx_word' id='word_1_771' title='bbox 985 2358 1082 2388; x_wconf 81' lang='lat' dir='ltr'><strong>XXIV.</strong></span> <span class='ocrx_word' id='word_1_772' title='bbox 1101 2358 1170 2386; x_wconf 88' lang='lat' dir='ltr'><strong>Cum</strong></span> <span class='ocrx_word' id='word_1_773' title='bbox 1184 2357 1257 2385; x_wconf 90' lang='lat' dir='ltr'><strong>enim</strong></span> <span class='ocrx_word' id='word_1_774' title='bbox 1275 2357 1347 2384; x_wconf 86' lang='lat' dir='ltr'><strong>Deus</strong></span> <span class='ocrx_word' id='word_1_775' title='bbox 1365 2360 1462 2384; x_wconf 85' lang='lat' dir='ltr'><strong>noster</strong></span> <span class='ocrx_word' id='word_1_776' title='bbox 1477 2354 1620 2382; x_wconf 86' lang='lat' dir='ltr'><strong>hominum</strong></span> <span class='ocrx_word' id='word_1_777' title='bbox 1643 2362 1742 2383; x_wconf 88' lang='lat' dir='ltr'><strong>aman-</strong></span> 
     </span>
    </p>
   </div>
   <div class='ocr_carea' id='block_1_105' title="bbox 949 2400 1742 2439">
    <p class='ocr_par' dir='ltr' id='par_1_105' title="bbox 949 2400 1742 2439">
     <span class='ocr_line' id='line_1_106' title="bbox 949 2400 1742 2439; baseline -0.005 -6"><span class='ocrx_word' id='word_1_778' title='bbox 949 2406 1072 2434; x_wconf 90' lang='lat' dir='ltr'><strong>tissimus</strong></span> <span class='ocrx_word' id='word_1_779' title='bbox 1097 2408 1125 2432; x_wconf 90' lang='lat' dir='ltr'><strong>et</strong></span> <span class='ocrx_word' id='word_1_780' title='bbox 1149 2404 1270 2439; x_wconf 88' lang='lat' dir='ltr'><strong>optimus</strong></span> <span class='ocrx_word' id='word_1_781' title='bbox 1292 2402 1382 2430; x_wconf 78' lang='lat' dir='ltr'><strong>oﬂicio</strong></span> <span class='ocrx_word' id='word_1_782' title='bbox 1403 2409 1454 2428; x_wconf 88' lang='lat' dir='ltr'><strong>suo</strong></span> <span class='ocrx_word' id='word_1_783' title='bbox 1479 2400 1640 2435; x_wconf 88' lang='lat' dir='ltr'><strong>perfunctus</strong></span> <span class='ocrx_word' id='word_1_784' title='bbox 1659 2406 1742 2433; x_wconf 73' lang='lat' dir='ltr'><strong>esset.</strong></span> 
     </span>
    </p>
   </div>
   <div class='ocr_carea' id='block_1_106' title="bbox 950 2445 1744 2485">
    <p class='ocr_par' dir='ltr' id='par_1_106' title="bbox 950 2445 1744 2485">
     <span class='ocr_line' id='line_1_107' title="bbox 950 2445 1744 2485; baseline -0.008 -6"><span class='ocrx_word' id='word_1_785' title='bbox 950 2451 1150 2485; x_wconf 82' lang='lat' dir='ltr'><strong>victoriamque</strong></span> <span class='ocrx_word' id='word_1_786' title='bbox 1163 2449 1298 2477; x_wconf 85' lang='lat' dir='ltr'><strong>illustrem</strong></span> <span class='ocrx_word' id='word_1_787' title='bbox 1313 2456 1329 2476; x_wconf 91' lang='lat' dir='ltr'><strong>a</strong></span> <span class='ocrx_word' id='word_1_788' title='bbox 1342 2451 1440 2480; x_wconf 86' lang='lat' dir='ltr'><strong>morte,</strong></span> <span class='ocrx_word' id='word_1_789' title='bbox 1460 2450 1488 2474; x_wconf 86' lang='lat' dir='ltr'><strong>et</strong></span> <span class='ocrx_word' id='word_1_790' title='bbox 1500 2453 1544 2479; x_wconf 89' lang='lat' dir='ltr'><strong>eo,</strong></span> <span class='ocrx_word' id='word_1_791' title='bbox 1561 2445 1606 2481; x_wconf 90' lang='lat' dir='ltr'><strong>qui</strong></span> <span class='ocrx_word' id='word_1_792' title='bbox 1627 2446 1744 2474; x_wconf 86' lang='lat' dir='ltr'><strong>homini-</strong></span> 
     </span>
    </p>
   </div>
   <div class='ocr_carea' id='block_1_107' title="bbox 660 2604 1185 2635">
    <p class='ocr_par' dir='ltr' id='par_1_107' title="bbox 660 2604 1185 2635">
     <span class='ocr_line' id='line_1_108' title="bbox 660 2604 1185 2635; baseline -0.008 0"><span class='ocrx_word' id='word_1_793' title='bbox 660 2606 779 2635; x_wconf 70' lang='grc' dir='ltr'>νΑιιιΑτῖ</span> <span class='ocrx_word' id='word_1_794' title='bbox 794 2605 988 2634; x_wconf 79' lang='lat' dir='ltr'><strong>LECTIONES</strong></span> <span class='ocrx_word' id='word_1_795' title='bbox 1006 2605 1051 2632; x_wconf 83' lang='lat' dir='ltr'><strong>ET</strong></span> <span class='ocrx_word' id='word_1_796' title='bbox 1068 2604 1185 2632; x_wconf 58' lang='lat' dir='ltr'><strong>NOTAE.</strong></span> 
     </span>
    </p>
   </div>
   <div class='ocr_carea' id='block_1_108' title="bbox 141 2676 900 2715">
    <p class='ocr_par' dir='ltr' id='par_1_108' title="bbox 141 2676 900 2715">
     <span class='ocr_line' id='line_1_109' title="bbox 141 2676 900 2715; baseline -0.007 -8"><span class='ocrx_word' id='word_1_797' title='bbox 141 2679 199 2715; x_wconf 75' lang='lat'><strong>(2|)</strong></span> <span class='ocrx_word' id='word_1_798' title='bbox 217 2679 432 2714; x_wconf 66' lang='grc' dir='ltr'><strong>Φρατγέλλιον.</strong></span> <span class='ocrx_word' id='word_1_799' title='bbox 455 2678 494 2706; x_wconf 86' lang='lat' dir='ltr'><strong>Ita</strong></span> <span class='ocrx_word' id='word_1_800' title='bbox 520 2685 692 2715; x_wconf 82' lang='lat' dir='ltr'><strong>communem</strong></span> <span class='ocrx_word' id='word_1_801' title='bbox 723 2676 900 2715; x_wconf 75' lang='lat' dir='ltr'><strong>scriptionem</strong></span> 
     </span>
    </p>
   </div>
   <div class='ocr_carea' id='block_1_109' title="bbox 103 2712 902 2755">
    <p class='ocr_par' dir='ltr' id='par_1_109' title="bbox 103 2712 902 2755">
     <span class='ocr_line' id='line_1_110' title="bbox 103 2712 902 2755; baseline -0.005 -13"><span class='ocrx_word' id='word_1_802' title='bbox 103 2712 247 2755; x_wconf 62' lang='lat' dir='ltr'><strong>approbat</strong></span> <span class='ocrx_word' id='word_1_803' title='bbox 259 2712 365 2755; x_wconf 67' lang='lat' dir='ltr'><strong>noster,</strong></span> <span class='ocrx_word' id='word_1_804' title='bbox 385 2721 434 2748; x_wconf 89' lang='lat' dir='ltr'><strong>pro</strong></span> <span class='ocrx_word' id='word_1_805' title='bbox 446 2721 499 2755; x_wconf 63' lang='lat' dir='ltr'><strong>qua</strong></span> <span class='ocrx_word' id='word_1_806' title='bbox 517 2721 588 2755; x_wconf 72' lang='lat' dir='ltr'><strong>unus</strong></span> <span class='ocrx_word' id='word_1_807' title='bbox 605 2713 707 2740; x_wconf 88' lang='lat' dir='ltr'><strong>alterve</strong></span> <span class='ocrx_word' id='word_1_808' title='bbox 720 2712 816 2755; x_wconf 62' lang='lat' dir='ltr'><strong>codex,</strong></span> <span class='ocrx_word' id='word_1_809' title='bbox 833 2716 902 2755; x_wconf 73' lang='lat' dir='ltr'><strong>teste</strong></span> 
     </span>
    </p>
   </div>
   <div class='ocr_carea' id='block_1_110' title="bbox 105 2747 903 2790">
    <p class='ocr_par' dir='ltr' id='par_1_110' title="bbox 105 2747 903 2790">
     <span class='ocr_line' id='line_1_111' title="bbox 105 2747 903 2790; baseline -0.008 -13"><span class='ocrx_word' id='word_1_810' title='bbox 105 2747 204 2790; x_wconf 56' lang='lat' dir='ltr'><strong>“illic,</strong></span> <span class='ocrx_word' id='word_1_811' title='bbox 229 2747 632 2790; x_wconf 30' lang='lat' dir='ltr'><strong>exhibet.‘tfpayféitovupege</strong></span> <span class='ocrx_word' id='word_1_812' title='bbox 644 2755 706 2782; x_wconf 60' lang='lat' dir='ltr'><strong>quas</strong></span> <span class='ocrx_word' id='word_1_813' title='bbox 725 2747 763 2790; x_wconf 69' lang='lat' dir='ltr'><strong>de</strong></span> <span class='ocrx_word' id='word_1_814' title='bbox 787 2751 903 2790; x_wconf 75' lang='lat' dir='ltr'><strong>utraque</strong></span> 
     </span>
    </p>
   </div>
   <div class='ocr_carea' id='block_1_111' title="bbox 104 2781 902 2847">
    <p class='ocr_par' dir='ltr' id='par_1_111' title="bbox 104 2781 902 2847">
     <span class='ocr_line' id='line_1_112' title="bbox 104 2781 902 2819; baseline -0.005 -8"><span class='ocrx_word' id='word_1_815' title='bbox 104 2785 258 2819; x_wconf 77' lang='lat' dir='ltr'><strong>scriptione</strong></span> <span class='ocrx_word' id='word_1_816' title='bbox 271 2781 531 2812; x_wconf 61' lang='lat' dir='ltr'><strong>attulitlJIIdolohus</strong></span> <span class='ocrx_word' id='word_1_817' title='bbox 545 2781 687 2815; x_wconf 74' lang='lat' dir='ltr'><strong>Kusierus,</strong></span> <span class='ocrx_word' id='word_1_818' title='bbox 699 2783 733 2810; x_wconf 87' lang='lat' dir='ltr'><strong>ad</strong></span> <span class='ocrx_word' id='word_1_819' title='bbox 745 2781 902 2816; x_wconf 76' lang='lat' dir='ltr'><strong>Aristopha-</strong></span> 
     </span>
     <span class='ocr_line' id='line_1_113' title="bbox 106 2818 450 2847; baseline 0.003 -1"><span class='ocrx_word' id='word_1_820' title='bbox 106 2821 147 2847; x_wconf 70' lang='lat' dir='ltr'><strong>nis</strong></span> <span class='ocrx_word' id='word_1_821' title='bbox 167 2821 330 2847; x_wconf 71' lang='lat' dir='ltr'><strong>Aelianum.</strong></span> <span class='ocrx_word' id='word_1_822' title='bbox 345 2827 373 2847; x_wconf 85' lang='grc' dir='ltr'>ν.</span> <span class='ocrx_word' id='word_1_823' title='bbox 386 2818 450 2847; x_wconf 79' lang='grc'><strong>720.</strong></span> 
     </span>
    </p>
   </div>
   <div class='ocr_carea' id='block_1_112' title="bbox 106 2827 450 2848">
    <p class='ocr_par' dir='ltr' id='par_1_112' title="bbox 106 2827 450 2848">
     <span class='ocr_line' id='line_1_114' title="bbox 106 2827 450 2848; baseline 0 -1"><span class='ocrx_word' id='word_1_824' title='bbox 106 2828 147 2847; x_wconf 76' lang='grc' dir='ltr'><strong>ιω</strong></span> <span class='ocrx_word' id='word_1_825' title='bbox 167 2827 330 2848; x_wconf 73' lang='grc' dir='ltr'>Αειιαηιεηε.</span> <span class='ocrx_word' id='word_1_826' title='bbox 345 2827 373 2847; x_wconf 82' lang='grc' dir='ltr'>ν.</span> <span class='ocrx_word' id='word_1_827' title='bbox 391 2827 450 2847; x_wconf 75' lang='grc' dir='ltr'><strong>ΙΖυ-</strong></span> 
     </span>
    </p>
   </div>
   <div class='ocr_carea' id='block_1_113' title="bbox 989 2671 1744 2713">
    <p class='ocr_par' dir='ltr' id='par_1_113' title="bbox 989 2671 1744 2713">
     <span class='ocr_line' id='line_1_115' title="bbox 989 2671 1744 2713; baseline -0.004 -12"><span class='ocrx_word' id='word_1_828' title='bbox 989 2674 1046 2713; x_wconf 49' lang='grc' dir='ltr'>(τε)</span> <span class='ocrx_word' id='word_1_829' title='bbox 1071 2673 1286 2713; x_wconf 50' lang='grc' dir='ltr'>Καταστρέφει,</span> <span class='ocrx_word' id='word_1_830' title='bbox 1302 2673 1361 2713; x_wconf 88' lang='lat' dir='ltr'><strong>_ita_</strong></span> <span class='ocrx_word' id='word_1_831' title='bbox 1380 2673 1490 2713; x_wconf 72' lang='lat' dir='ltr'><strong>videtur</strong></span> <span class='ocrx_word' id='word_1_832' title='bbox 1514 2677 1609 2713; x_wconf 79' lang='lat' dir='ltr'><strong>noster</strong></span> <span class='ocrx_word' id='word_1_833' title='bbox 1627 2671 1744 2713; x_wconf 73' lang='lat' dir='ltr'><strong>probare</strong></span> 
     </span>
    </p>
   </div>
   <div class='ocr_carea' id='block_1_114' title="bbox 953 2706 1745 2742">
    <p class='ocr_par' dir='ltr' id='par_1_114' title="bbox 953 2706 1745 2742">
     <span class='ocr_line' id='line_1_116' title="bbox 953 2706 1745 2742; baseline -0.006 -5"><span class='ocrx_word' id='word_1_834' title='bbox 953 2706 1098 2737; x_wconf 82' lang='lat' dir='ltr'><strong>lectionem</strong></span> <span class='ocrx_word' id='word_1_835' title='bbox 1124 2706 1207 2736; x_wconf 78' lang='lat' dir='ltr'><strong>unius</strong></span> <span class='ocrx_word' id='word_1_836' title='bbox 1222 2706 1324 2737; x_wconf 78' lang='lat' dir='ltr'><strong>codicis</strong></span> <span class='ocrx_word' id='word_1_837' title='bbox 1350 2708 1568 2740; x_wconf 88' lang='lat' dir='ltr'><strong>Leicestricnsis,</strong></span> <span class='ocrx_word' id='word_1_838' title='bbox 1589 2706 1635 2742; x_wconf 87' lang='lat' dir='ltr'><strong>qui</strong></span> <span class='ocrx_word' id='word_1_839' title='bbox 1663 2706 1745 2742; x_wconf 80' lang='lat' dir='ltr'><strong>habet</strong></span> 
     </span>
    </p>
   </div>
   <div class='ocr_carea' id='block_1_115' title="bbox 955 2741 1745 2779">
    <p class='ocr_par' dir='ltr' id='par_1_115' title="bbox 955 2741 1745 2779">
     <span class='ocr_line' id='line_1_117' title="bbox 955 2741 1745 2779; baseline -0.006 -7"><span class='ocrx_word' id='word_1_840' title='bbox 955 2744 1122 2779; x_wconf 76' lang='grc' dir='ltr'>κατέστρεψε</span> <span class='ocrx_word' id='word_1_841' title='bbox 1144 2751 1194 2778; x_wconf 90' lang='lat' dir='ltr'><strong>pro</strong></span> <span class='ocrx_word' id='word_1_842' title='bbox 1218 2744 1327 2779; x_wconf 85' lang='lat' dir='ltr'><strong>vulgato</strong></span> <span class='ocrx_word' id='word_1_843' title='bbox 1343 2744 1503 2779; x_wconf 83' lang='grc' dir='ltr'>ἀνέστρεψε,</span> <span class='ocrx_word' id='word_1_844' title='bbox 1525 2741 1603 2779; x_wconf 80' lang='lat' dir='ltr'><strong>quod</strong></span> <span class='ocrx_word' id='word_1_845' title='bbox 1614 2741 1745 2779; x_wconf 70' lang='lat' dir='ltr'><strong>Lamber-</strong></span> 
     </span>
    </p>
   </div>
   <div class='ocr_carea' id='block_1_116' title="bbox 956 2775 1744 2815">
    <p class='ocr_par' dir='ltr' id='par_1_116' title="bbox 956 2775 1744 2815">
     <span class='ocr_line' id='line_1_118' title="bbox 956 2775 1744 2815; baseline -0.006 -8"><span class='ocrx_word' id='word_1_846' title='bbox 956 2786 1000 2808; x_wconf 87' lang='lat' dir='ltr'><strong>tus</strong></span> <span class='ocrx_word' id='word_1_847' title='bbox 1023 2775 1080 2815; x_wconf 74' lang='lat' dir='ltr'><strong>Bos</strong></span> <span class='ocrx_word' id='word_1_848' title='bbox 1096 2775 1126 2806; x_wconf 60' lang='lat' dir='ltr'><strong>&#39;in</strong></span> <span class='ocrx_word' id='word_1_849' title='bbox 1142 2775 1291 2815; x_wconf 40' lang='lat' dir='ltr'><strong>Erercitaut.</strong></span> <span class='ocrx_word' id='word_1_850' title='bbox 1305 2775 1471 2815; x_wconf 60' lang='lat' dir='ltr'><strong>pltilologi&#39;cis&#39;</strong></span> <span class='ocrx_word' id='word_1_851' title='bbox 1488 2779 1517 2805; x_wconf 83' lang='lat' dir='ltr'><strong>in</strong></span> <span class='ocrx_word' id='word_1_852' title='bbox 1530 2775 1632 2805; x_wconf 82' lang='lat' dir='ltr'><strong>Novum</strong></span> <span class='ocrx_word' id='word_1_853' title='bbox 1646 2775 1744 2804; x_wconf 66' lang='lat' dir='ltr'><strong>Fatdus</strong></span> 
     </span>
    </p>
   </div>
   <div class='ocr_carea' id='block_1_117' title="bbox 957 2814 1522 2850">
    <p class='ocr_par' dir='ltr' id='par_1_117' title="bbox 957 2814 1522 2850">
     <span class='ocr_line' id='line_1_119' title="bbox 957 2814 1522 2850; baseline -0.004 -8"><span class='ocrx_word' id='word_1_854' title='bbox 957 2822 1019 2842; x_wconf 89' lang='lat' dir='ltr'><strong>cum</strong></span> <span class='ocrx_word' id='word_1_855' title='bbox 1034 2814 1167 2849; x_wconf 80' lang='grc' dir='ltr'>ἀνέτρεψε</span> <span class='ocrx_word' id='word_1_856' title='bbox 1184 2819 1370 2850; x_wconf 84' lang='lat' dir='ltr'><strong>permutatum</strong></span> <span class='ocrx_word' id='word_1_857' title='bbox 1384 2814 1522 2849; x_wconf 83' lang='lat' dir='ltr'><strong>cupiebat.</strong></span> 
     </span>
    </p>
   </div>
  </div>
