1940 3081
205 137 258 171 2'31

788 133 922 165 ΡΗΟἸἹῙ
942 133 1196 163 ΡΑΤΒΙΛΒΟΗᾸΞ
1216 134 1270 164 CP.

1787 137 1842 171 232

207 195 260 223 bus
295 197 413 222 mortem
436 191 644 224 conciliaverat,
672 190 829 224 retulisset,
856 195 999 226 postquam

1056 197 1150 221 σαντος
1168 189 1210 225 τῷ
1221 189 1295 225 γένει
1305 189 1351 217 τὸν
1364 190 1479 218 θάνατον
1505 191 1636 228 λαμπρὰν
1660 192 1728 229 (23),
1745 194 1842 232 ἐπειδὴ

208 246 298 269 morte
319 240 434 276 spoliata
454 242 664 271 resurrexerat,
689 242 718 265 et
743 245 844 272 corpus
863 241 943 264 antea
966 236 1001 263 ab

207 287 299 314 anima
312 287 471 321 seiunctum
492 289 651 319 receperat,
678 288 762 318 atque
785 290 848 310 cum
875 282 1002 316 Cleoplm

208 333 367 364 comitibus.
382 331 428 366 qui
446 331 592 358 Dominum
614 337 669 357 non
688 329 889 365 agnoscebant,
907 335 1002 355 versa-

208 383 285 405 retur
295 379 335 411 '7;
353 378 428 412 ipsos
448 376 559 411 quidem
578 374 756 410 ignorantiae,
773 373 817 401 vel
834 373 925 408 potius
951 373 1002 400 im-

207 424 360 460 prudentiae
383 428 412 450 et
434 423 507 450 circa
536 429 582 449 res
605 421 668 448 ﬁdei
694 419 865 456 negligentiae
889 420 1002 447 nomine

208 469 396 505 reprehendit.
412 469 473 496 Non
488 469 543 495 alio
555 475 621 495 vero
636 467 756 499 nomine,
774 475 856 502 quam
875 466 948 502 quod
967 466 1002 494 ad

207 515 351 544 scientiam
384 514 556 550 pertinebat,
582 512 777 548 reprehendit,
816 512 941 547 quamvis
973 511 1001 538 in

208 565 336 596 promptu
358 565 449 592 esset.
475 567 576 587 manus
591 559 753 590 ostendere.
777 563 806 586 et
831 559 954 586 dextram
975 563 1002 586 et

208 607 303 642 pedes.
316 607 363 642 qui
378 612 406 634 et
418 607 559 634 clavorum
574 609 611 633 'et
631 606 732 633 lanceae
746 605 859 640 vestigia
875 610 902 632 et
924 605 1002 641 signa

209 653 376 684 referebant,
389 659 519 686 eumque.
533 651 580 686 qui
600 658 699 686 passus
715 655 786 682 erat.
801 650 860 685 ipsa
877 651 922 678 illa
940 658 1003 685 per-

210 698 336 733 pessione
360 698 569 725 demonstrabat
590 708 596 725 :
622 698 693 725 sicut
718 701 746 724 et
772 702 866 732 postea
893 705 942 732 per
971 705 1001 724 ea

210 743 428 771 incredulitatem
455 751 469 770 a
499 743 642 778 discipulis
670 743 862 771 dubitantibus
887 743 1000 770 amolie.

209 790 299 817 batur.
319 789 412 824 Neque
432 790 516 817 etiam
541 790 569 817 in
587 789 748 817 memoriam
775 789 826 816 illis
844 789 1001 822 revocabat.

208 835 281 870 quod
296 840 360 862 ante
373 835 530 870 passionem
550 835 642 862 adhuc
663 843 726 862 cum
745 835 813 870 ipsis
832 840 956 862 versatus
971 843 1001 862 ea

208 881 383 915 praedixerit;
403 889 454 908 nec
475 880 645 908 memorabat
666 881 766 916 quibus
784 881 923 908 miraculis
941 889 1001 909 ser-

208 933 320 954 monum
330 933 444 954 suorum
457 926 602 953 veritatem
612 926 828 961 comprobasset,
838 927 962 961 quamvis
974 930 1003 954 et

209 971 263 999 hoc
274 971 445 1006 illis,quibus
453 971 554 999 deinde
566 971 703 1006 apparuit.
714 978 882 1000 recenseret.
893 972 946 1000 Sed
959 973 1003 999 ni~

209 1017 247 1045 hil
263 1017 361 1044 horum
371 1017 438 1052 ipsis
452 1017 634 1053 proponebat,
647 1025 698 1045 nec
709 1017 793 1044 ullum
806 1017 933 1045 salutaris
946 1026 1003 1045 suze

209 1062 345 1097 passionis
366 1067 539 1089 momentum
562 1062 629 1097 ipsis
641 1062 798 1098 objiciebat,
820 1068 867 1090 aut
884 1072 1003 1098 expone-

209 1111 265 1143 bat,
280 1110 327 1137 sed
342 1114 505 1137 ostensurus
518 1109 606 1145 quasi,
623 1114 651 1138 et
664 1117 728 1137 suos
742 1118 884 1138 sermones
897 1115 926 1138 et
941 1119 1001 1146 pas-

209 1156 314 1183 sionem
325 1176 333 1188 ,
354 1160 382 1182 et
398 1155 517 1182 Mosaica
534 1163 567 1183 ac
582 1155 743 1190 prophetica
762 1156 872 1183 oracula
898 1156 930 1184 ad
955 1157 1004 1184 de-

209 1202 414 1230 monstrandam
438 1202 583 1230 veritatem
611 1206 639 1230 et
666 1202 840 1230 illustrandas
860 1203 1003 1229 hominum

210 1253 316 1276 mentes
331 1247 456 1276 sufﬁcere
473 1256 482 1277 :
498 1247 558 1276 aliis
576 1247 697 1283 quidem,
711 1248 830 1275 ostensis
844 1248 874 1275 in
889 1255 1004 1284 corpore

210 1294 345 1330 passionis
356 1301 413 1322 sua:
428 1293 560 1330 vestigiis,
576 1301 638 1329 qua:
651 1294 710 1329 ipse
721 1294 896 1329 praedixerat,
914 1302 1006 1322 resur-

210 1338 363 1366 rectionem
379 1346 457 1365 suam
474 1338 663 1372 conﬁrmavit;
680 1338 741 1366 aliis
756 1346 838 1371 vero,
855 1338 901 1373 qui
920 1339 1004 1366 visi0¢

210 1391 274 1411 nem
295 1384 356 1419 ejus
371 1384 463 1411 animo
483 1388 691 1419 praeceperant,
717 1384 793 1410 nullo
808 1391 920 1417 eorum,
944 1393 1005 1420 qute

211 1430 284 1457 dicta
297 1435 372 1461 sunt.
385 1429 507 1465 seipsum
522 1429 565 1457 vel
583 1429 718 1462 revelans,
735 1429 778 1456 vel
792 1429 820 1456 in
835 1430 1005 1466 objurgatio-

212 1483 276 1502 nem
289 1482 385 1502 eorum
400 1479 492 1507 utens,
508 1482 541 1502 ex
553 1475 694 1509 prophetis
709 1479 737 1502 et
749 1474 823 1503 Mose
836 1475 1004 1511 objurgatio-

1051 235 1096 263 τὸν
1113 236 1229 263 θάνατον
1253 236 1405 269 σκυλεύσας
1429 237 1540 273 ἀνέστη,
1558 238 1651 265 καὶτὸ
1670 238 1761 274 σῶμα,
1773 240 1843 277 ὅπερ

1051 283 1101 318 τῆς
1115 283 1206 318 ψυχῆς
1221 283 1326 319 διέστη,
1346 283 1428 311 πάλιν
1447 284 1627 321 προσείληφε,
1654 286 1703 312 καὶ
1724 287 1780 318 τοῖς
1792 287 1843 323 μέν

1052 328 1117 364 περὶ
1128 328 1256 356 Κλεόπαν
1279 329 1434 356 ὀδοποιοῦσι
1465 331 1675 365 συνεπορεύετο,
1696 331 1722 358 οί
1745 331 1844 362 δέ,τὺν

1052 375 1191 410 Δεσπότην
1204 375 1255 401 οὐκ
1271 375 1439 409 ἐγίνωσκον·
1465 376 1580 412 ἐπιτιμᾷ
1602 376 1653 412 μὲν
1675 377 1777 410 αὐτοὺς
1791 377 1845 413 τῆς

1052 421 1174 455 ἀγνοίας,
1193 420 1295 456 μᾶλλον
1304 421 1332 447 δέ
1344 421 1393 456 τῆς
1404 421 1508 455 ἀνοίας,
1520 423 1568 449 καὶ
1584 422 1635 457 τῆς
1654 422 1720 458 περὶ
1732 423 1783 459 τὴν
1799 423 1845 451 πί-

1053 475 1111 494 στιν
1126 467 1303 504 βραδύτητος.
1322 468 1379 495 οὐκ
1389 467 1503 495 ἄλλοθεν
1521 469 1550 496 δὲ
1569 469 1742 505 ἐπιτίμησιν,
1762 470 1779 506 ἢ
1794 471 1844 506 τὴν

1052 514 1099 540 ἐπὶ
1109 514 1211 548 γνῶσιν
1225 515 1314 550 φέρει,
1333 516 1422 542 καίτοι
1450 516 1516 551 ῥᾷον
1529 515 1559 542 ὃν
1586 515 1679 551 χεῖράς
1703 524 1734 543 τε
1757 515 1843 549 δεῖξαι

1052 561 1101 587 καὶ
1116 561 1211 593 πόδας,
1226 560 1244 588 ἃ
1260 561 1315 588 τῶν
1336 561 1411 596 ἠλων
1432 562 1478 588 καὶ
1491 561 1541 597 τῆς
1556 561 1659 597 λόγχης
1682 562 1765 598 ἔφερε
1779 562 1844 594 τοὺς

1052 606 1164 639 τύπους,
1181 607 1229 633 καὶ
1252 607 1287 634 τὰ
1305 606 1439 643 σύμϐολα.
1453 608 1502 634 καὶ
1516 607 1555 647 τῷ
1575 607 1657 635 πάθει
1672 608 1766 643 σαφῶς
1781 609 1843 635 ἀνε-

1052 651 1162 678 δίδασκε
1177 651 1222 678 τὸν
1235 651 1401 683 πεπονθότα,
1417 652 1513 688 ὥσπερ
1524 653 1639 688 ὕστερον
1649 653 1705 684 τοῖς
1719 652 1773 680 τῶν
1791 661 1843 688 μα-

1053 695 1144 732 θητῶν
1156 695 1356 730 ἀμφιδάλλουσι
1366 696 1400 723 δι’
1411 696 1502 723 αὐτῶν
1512 696 1562 730 τὴν
1572 695 1702 723 ἀπιστίαν
1710 696 1842 724 διέλυσεν.

1054 742 1091 768 Οὐ
1110 742 1160 776 μὲν
1175 742 1230 769 οὐδ’
1245 742 1409 778 ἀνέμνησεν,
1436 742 1478 768 ὅτι
1499 741 1553 777 πρὸ
1571 741 1619 768 τοῦ
1638 741 1740 774 πάθους
1755 741 1844 768 συνὼν

1054 788 1146 820 αὐτοῖς
1162 788 1248 816 ταῦτα
1264 789 1406 824 προεῖπεν,
1426 788 1482 814 οὐδ’
1495 785 1535 820 οἷς
1555 787 1775 824 θαυματουργῶν
1788 788 1843 814 τῶν

1053 834 1140 868 λόγων
1155 834 1237 861 αὑτοῦ
1252 835 1302 870 τὴν
1315 834 1447 869 ἀλήθειαν
1464 835 1571 869 συνείχε
1581 842 1588 850 ”
1604 834 1693 861 καίτοι
1707 833 1755 860 καὶ
1764 834 1844 860 τοῦτο

1055 881 1289 916 προσανέμνησεν,
1304 877 1345 912 οἷς
1371 879 1451 915 ὤφθη
1473 879 1543 915 μετά
1557 879 1656 909 ταῦτα.
1679 878 1751 906 Ἀλλ’
1765 879 1842 906 οὐδὲν

1053 925 1157 953 τούτων
1171 926 1263 958 αὐτοῖς
1284 925 1406 961 προθεὶς,
1419 925 1474 952 οὐδ’
1487 925 1535 960 ἀφ’
1552 926 1611 957 ινδς
1626 925 1681 952 τῶν
1696 926 1844 962 σωτηρίων

1054 971 1149 998 παθῶν
1159 991 1166 1004 ,
1182 971 1244 998 οὔτε
1257 972 1422 1007 ἐπιπλήξας.
1445 970 1509 998 οὔτε
1534 971 1655 1004 διδάξας,
1674 971 1732 998 ἀλλ’
1748 970 1845 1006 ὥσπερ

1056 1018 1310 1054 μονονουχὶδεικνὺς
1321 1018 1487 1053 ἐφαμίλλους
1500 1016 1646 1054 εἶναιπρὸς
1657 1017 1786 1054 ἀληθείας
1793 1026 1846 1044 πα-

1055 1066 1199 1101 ράστασιν,
1216 1065 1264 1092 καὶ
1276 1064 1405 1099 φωτίζειν
1419 1064 1574 1100 ἀνθρώπων
1588 1064 1719 1096 διάνοιαν,
1735 1063 1798 1096 τούς
1815 1072 1846 1091 τε

1054 1111 1170 1142 οἰκείους
1185 1110 1281 1144 λόγους
1297 1111 1344 1137 καὶ
1357 1110 1392 1136 τά
1405 1109 1479 1144 πάθη
1494 1109 1542 1136 καὶ
1556 1109 1589 1144 δὴ
1604 1109 1652 1136 καὶ
1666 1109 1716 1140 τὰς
1731 1109 1846 1136 Mussi-

1055 1157 1106 1188 κάς
1121 1157 1169 1184 καὶ
1180 1156 1352 1192 προφητικάς
1366 1156 1469 1191 φωνάς·
1484 1157 1540 1188 τοῖς
1557 1155 1608 1191 μὲν
1619 1155 1653 1181 δι’
1666 1151 1703 1182 ὦν
1718 1154 1804 1187 ἐδειξέ
1816 1163 1846 1182 τε

1054 1202 1089 1229 τὰ
1106 1201 1154 1228 ἐπὶ
1174 1201 1222 1229 τοῦ
1247 1201 1375 1237 σώματος
1395 1201 1452 1229 τῶν
1467 1202 1564 1229 παθῶν
1590 1201 1670 1237 ίχνη,
1694 1201 1742 1228 καὶ
1764 1201 1849 1233 αὐτὸς

1055 1247 1264 1284 προεθέσπιζεν,
1279 1247 1406 1275 ἐϐεϐαίου
1420 1247 1469 1283 τὴν
1485 1247 1644 1274 ἀνάστασιν
1660 1247 1722 1279 τοὺς
1738 1247 1768 1274 δέ
1781 1255 1849 1283 προ-

1055 1293 1189 1325 λαϐόντας
1212 1294 1252 1324 είς
1273 1293 1338 1320 θέαν
1357 1292 1440 1320 αὑτοῦ
1463 1292 1648 1327 καταστῆναι,
1674 1293 1723 1319 ἀπ’
1739 1291 1847 1324 οὐδενὸς

1054 1338 1109 1365 τῶν
1126 1338 1281 1374 εἰρημένων
1298 1338 1394 1365 ἐαυτδν
1410 1338 1611 1365 ἀνακαλύπτων
1623 1358 1630 1372 ,
1649 1338 1705 1365 οὐδ⁹
1728 1337 1848 1366 ὑποϐάλ-

1055 1383 1110 1410 λων
1125 1385 1165 1415 είς
1184 1384 1361 1419 ἐπιτίμησιν,
1374 1384 1429 1411 ἀπό
1448 1392 1481 1419 γε
1497 1384 1552 1411 τῶν
1570 1384 1718 1421 προφητῶν
1739 1385 1787 1412 καὶ
1799 1384 1848 1412 τοῦ

1055 1429 1179 1462 Μωσέως
1201 1429 1232 1456 τό
1253 1438 1283 1456 τε
1304 1429 1431 1465 ἐγκλημα
1457 1429 1563 1462 τούτοις
1590 1430 1711 1465 ὑφαίνει,
1728 1430 1777 1458 καὶ
1797 1429 1848 1466 τὴν

1056 1476 1170 1510 ἄγνοιαν
1185 1476 1276 1503 αὐτῶν
1298 1476 1348 1511 τῆς
1361 1475 1463 1511 ψυχῆς,
1489 1475 1547 1511 ἀμα
1569 1476 1617 1503 καὶ
1636 1475 1692 1503 τῶν
1715 1475 1849 1511 ὀμμάτων

213 1528 276 1548 nem
287 1520 384 1552 nectit.
403 1520 554 1555 eademque
569 1527 651 1555 opera
667 1520 851 1556 ignorantiam
861 1525 890 1549 et
904 1521 1004 1550 mentis

1056 1521 1288 1554 ἀποσκευάζεται.
1310 1522 1367 1549 Καὶ
1390 1522 1453 1556 τόγε
1475 1521 1615 1557 ἐξαίρετον
1639 1522 1679 1553 είς
1705 1521 1782 1556 ίσχὺν
1801 1521 1848 1548 καὶ

213 1571 241 1594 et
259 1568 402 1594 oculorum
417 1567 451 1593 ab
467 1567 500 1594 iis
517 1566 657 1594 amolitur.
674 1566 753 1599 Quod
772 1575 837 1594 vero
853 1567 887 1595 ad
902 1568 956 1595 vim
972 1576 1005 1596 ac

211 1612 371 1647 dignitatem
395 1611 461 1647 legis
484 1611 681 1639 ostendendam
700 1613 817 1640 multum
839 1612 922 1646 facit,
940 1614 1005 1641 hinc

211 1656 321 1690 quidem
339 1655 374 1682 ad
392 1655 547 1683 doctrinam
559 1660 587 1683 et
600 1655 818 1684 confutationem
830 1658 1005 1686 sermonibus

212 1702 270 1729 suis
286 1706 314 1730 et
329 1701 458 1737 passione
475 1710 543 1730 usus
562 1707 614 1736 est,
632 1708 773 1739 assumpto
789 1704 818 1731 in
833 1705 1004 1733 consortium

212 1747 331 1776 Mosaico
351 1753 379 1776 et
394 1748 557 1784 prophetico
578 1749 754 1784 testimonio;
775 1750 841 1778 hinc
856 1759 922 1780 vero
939 1760 1005 1788 pro-

213 1794 330 1830 pheticis
347 1799 375 1822 et
389 1794 516 1823 Mosaicis
533 1796 625 1824 verbis
638 1797 795 1832 passionem
810 1805 888 1825 suam
906 1803 933 1826 et
948 1799 1006 1835 glo-

213 1840 281 1867 riam
299 1844 328 1867 et
347 1840 577 1869 resurrectionem
603 1843 748 1876 revelans.
767 1844 795 1871 in
820 1844 874 1872 illis
896 1845 1007 1880 penitus

213 1886 367 1921 acquievit,
385 1887 487 1922 quippe
504 1887 550 1922 qui
567 1888 776 1917 continuatione
791 1889 902 1918 aliunde
921 1891 1004 1926 petita

213 1937 268 1957 non
285 1931 392 1965 egebat.
408 1931 486 1958 Adeo
501 1931 524 1959 is
540 1937 711 1968 perspectam
733 1934 849 1962 habebat
861 1935 915 1963 vim
937 1937 1008 1964 veri-

215 1975 278 2003 tatis
292 1976 437 2004 verborum
455 1978 678 2012 prophcticorum
699 1985 728 2007 et
741 1980 932 2014 Mosaicorum,
946 1990 1008 2010 ma-

215 2029 351 2056 gnamque
362 2030 458 2049 eorum
473 2023 630 2056 utilitatem.
645 2033 699 2052 non
714 2026 786 2060 quod
800 2027 858 2054 hac
868 2027 923 2055 illis
935 2036 1007 2063 pra:-

216 2065 320 2098 tulerit,
338 2066 386 2093 sed
399 2067 474 2101 quod
491 2075 539 2101 pro
556 2069 702 2103 prudentia
723 2078 772 2098 sua
786 2072 894 2100 ellicere
914 2074 1006 2107 vellet,

217 2115 248 2137 ut
262 2110 371 2138 oracula
394 2110 554 2140 fruerentur
576 2116 731 2143 reverentia
751 2121 780 2144 et
796 2117 897 2146 virtute
914 2126 1008 2148 earum

217 2163 320 2188 rerum.
343 2164 405 2191 quas
427 2162 492 2185 ante
519 2160 651 2188 nuntiata:
675 2168 748 2189 nunc
770 2168 929 2192 evenerant.
952 2165 1008 2193 [llis

216 2201 290 2228 enim
309 2202 460 2230 domestica
476 2210 608 2233 venustas
628 2206 790 2240 sutiiciebat,
811 2209 854 2238 his
866 2214 958 2238 autem
974 2211 1008 2239 ad
1021 2196 1048 2227 Β

216 2247 390 2275 nobilitatem
407 2248 516 2277 insitam
532 2250 641 2279 decoris
657 2252 760 2288 aliquid
778 2254 841 2282 addi
855 2257 1009 2291 oportebat.

218 2293 273 2321 Sed
292 2295 360 2322 nihil
386 2299 469 2328 vetat,
496 2298 643 2332 quominus
663 2299 722 2334 ipsa
739 2300 847 2329 Domini
865 2303 947 2331 verba
962 2312 1012 2331 au-

217 2339 335 2367 diamus.
350 2340 420 2368 Dicit
431 2342 505 2369 enim
521 2343 752 2379 :Oimprudmtea
765 2351 790 2373 et
801 2347 870 2382 pigri
887 2350 964 2376 corde
977 2350 1012 2377 ad

217 2385 377 2412 credendum
391 2387 436 2419 iis,
450 2395 508 2421 quae
519 2387 599 2415 locuti
614 2395 675 2417 sunt
687 2393 821 2425 prophetw
834 2394 866 2422 ".
878 2394 1011 2428 Audisne,

218 2431 357 2465 quomodo
371 2433 591 2469 objurgationem
614 2444 663 2471 per
682 2438 829 2473 prophetas
845 2439 964 2468 inierat?
980 2442 1014 2470 Et

218 2482 313 2511 postea
332 2486 339 2504 :
360 2478 453 2506 Nonne
467 2480 523 2508 lucc
544 2482 680 2516 oportebat
693 2485 749 2517 puti
763 2484 898 2514 Christum
908 2508 916 2520 ,
937 2493 962 2515 et
975 2490 1013 2516 sic

219 2522 321 2568 ingredi
342 2523 369 2550 in
386 2524 500 2559 gloriam
523 2535 600 2554 suam
616 2528 655 2554 "'P
676 2529 715 2556 Ita
741 2531 883 2566 prophetae
899 2533 1012 2568 gloriam

221 2567 377 2597 Servatoris
399 2572 564 2600 annuntiant
580 2581 587 2600 :
607 2578 635 2601 tu
655 2582 722 2602 vero
741 2583 789 2603 eos
804 2577 839 2604 ad
861 2567 1012 2607 extremam

221 2612 398 2648 ignominiam
412 2615 552 2644 deturbas.
564 2616 598 2644 Et
613 2617 636 2645 is
648 2618 771 2653 quidem,
786 2619 858 2649 iacto
870 2629 886 2649 a
899 2621 973 2652 Mose
985 2628 1013 2652 et

257 2673 278 2688 ¹⁷
304 2672 372 2701 Luc.
393 2681 466 2706 xxrv.
487 2675 531 2704 l8.
571 2676 593 2693 ¹³
609 2676 677 2706 Luc.
694 2686 770 2713 χειν,
789 2679 834 2708 l5.

1056 1567 1177 1603 ἀξίωμα,
1198 1568 1229 1595 ἐν
1244 1565 1286 1600 οἷς
1307 1568 1357 1603 μὲν
1373 1568 1510 1603 ἐχρήσατο
1526 1567 1596 1603 πρὸς
1611 1567 1787 1595 διδασκαλίαν
1802 1566 1849 1594 καὶ

1056 1613 1169 1650 ἔλεγχον
1180 1614 1238 1645 τοῖς
1250 1613 1334 1641 αὑτοῦ
1345 1613 1436 1648 λόγοις
1449 1613 1496 1640 καὶ
1507 1612 1653 1649 παθήμασι
1666 1613 1713 1640 καὶ
1723 1612 1772 1648 τὴν
1785 1613 1849 1640 Mut-

1058 1660 1156 1695 σαῐκὴν
1169 1661 1215 1687 καὶ
1229 1660 1403 1696 προφητικὴν
1418 1660 1571 1696 μαρτυρίαν
1583 1660 1805 1695 συνεφήρμοσενο
1819 1659 1849 1686 ἐν

1056 1704 1098 1739 οἶς
1117 1707 1145 1734 δὲ
1158 1707 1203 1734 διά
1216 1706 1270 1734 τῶν
1288 1706 1468 1742 προφητικῶν
1484 1707 1531 1734 καὶ
1544 1706 1700 1734 Μωσαῖκῶν
1718 1705 1850 1741 ῥημάτων

1057 1753 1092 1779 τὰ.
1117 1752 1190 1788 πάθη
1213 1753 1261 1780 καὶ
1287 1753 1337 1788 τὴν
1359 1754 1440 1787 δόξαν
1458 1753 1541 1780 αὐτοῦ
1559 1753 1607 1780 καὶ
1629 1751 1680 1788 τὴν
1699 1752 1850 1780 ἀνάστασιν

1059 1798 1264 1832 ἀπεκάλυπτεν,
1278 1799 1401 1835 ἠρκέσθη
1412 1799 1530 1832 τούτοις,
1543 1798 1619 1826 οὐδὲν
1633 1798 1788 1832 ἐπιδεηθεὶς
1800 1797 1850 1832 τῆς

1057 1845 1112 1872 ἀπὸ
1124 1845 1179 1872 τῶν
1192 1845 1281 1873 ἄλλων
1294 1845 1478 1881 βεϐαιώσεως.
1494 1845 1628 1872 Τοσοῦτον
1642 1844 1702 1880 ᾔδει
1714 1843 1769 1870 τῶν
1783 1851 1850 1878 atpo-

1059 1889 1182 1925 φητικῶν
1193 1890 1292 1925 λογίων
1306 1890 1354 1917 καὶ
1364 1890 1521 1918 Μωσαϊκῶν
1533 1890 1564 1917 τδ
1575 1889 1625 1926 τῆς
1636 1888 1765 1924 ἀληθείας
1780 1887 1850 1923 κρά-

1058 1944 1104 1968 τος
1125 1937 1172 1962 καὶ
1194 1936 1246 1971 τῆς
1263 1935 1400 1971 ὠφελείας
1421 1935 1452 1963 τὺ
1475 1935 1606 1972 μέγεθος,
1631 1935 1681 1970 οὐχ
1703 1935 1745 1964 ὅτι
1763 1934 1850 1962 ταῦτα

1059 1982 1173 2010 ἐκείνων
1196 1984 1332 2018 προῆγεν,
1355 1982 1413 2010 ἀλλ’
1433 1983 1530 2018 ὅτιπερ
1552 1982 1600 2009 ἐπὶ
1616 1981 1745 2009 τοσοῦτον
1766 1981 1850 2016 ἐμεθ-

1059 2028 1135 2055 6δευε
1152 2029 1216 2060 τοὺς
1228 2029 1258 2055 ἐν
1273 2028 1313 2063 τῷ
1327 2029 1403 2064 νόμῳ
1424 2028 1567 2064 χρησμοὺς
1582 2027 1780 2055 συναπολαύειν
1801 2027 1851 2061 τῆς

1059 2072 1126 2101 τῶν
1137 2073 1329 2110 ἐκϐεὸηκότων
1351 2074 1567 2110 σεσασμιότητύς
1585 2082 1615 2100 τε
1630 2074 1678 2101 καὶ
1695 2074 1850 2108 δυνάμεωςο

1059 2121 1116 2150 τοῖς
1128 2119 1179 2155 μέν
1193 2119 1248 2155 γὰρ
1264 2120 1344 2155 ἢρκει
1359 2120 1440 2156 χάρις
1452 2121 1470 2156 ἡ
1485 2120 1601 2152 οἴκοθεν,
1613 2120 1669 2151 τοῖς
1682 2119 1711 2147 δὲ
1725 2119 1851 2155 προσέδει

1060 2165 1163 2202 κόσμον
1178 2166 1290 2201 ἀνάγειν
1305 2167 1346 2198 είς
1359 2166 1409 2202 τὴν
1423 2166 1537 2193 ἐκείνων
1551 2166 1701 2200 εὐγένειαν.
1725 2165 1795 2195 Ἀλλ’
1807 2165 1852 2192 οὐ·

1059 2212 1105 2239 δέν
1119 2213 1194 2239 ἐστιν
1203 2211 1259 2240 οἷον
1269 2213 1359 2240 αὐτῶν
1372 2213 1426 2240 τῶν
1439 2212 1612 2239 Δεσποτικῶν
1623 2213 1756 2248 ῥημάτων
1768 2212 1854 2238 ἀκού-

1060 2267 1111 2286 ειν’
1128 2259 1211 2293 Λέγει
1227 2260 1292 2296 γάρ·
1303 2257 1341 2287 Ὦ
1355 2259 1479 2294 ἀνόητοι
1494 2260 1542 2286 καὶ
1555 2259 1680 2293 βραδεῖς
1694 2259 1732 2293 τῇ
1747 2258 1854 2293 καρδίᾳ

1059 2306 1114 2334 τοῦ
1127 2306 1282 2334 πιστεύειν
1291 2306 1341 2333 ἐπὶ
1353 2305 1458 2340 πᾶσιν,
1473 2304 1518 2340 οἶς
1528 2306 1688 2340 ἐλάλησαν
1698 2307 1725 2332 ol
1737 2304 1854 2340 προφῆ-

1060 2359 1119 2378 ται.
1140 2351 1272 2383 Ἀκούεις,
1287 2352 1346 2383 πῶς
1353 2352 1404 2387 τὴν
1417 2351 1575 2387 ἐπιτίμησιν
1585 2351 1629 2378 διὰ
1639 2351 1694 2378 τῶν
1706 2351 1854 2386 προφητῶν

1062 2397 1176 2431 ἐπάγει;
1188 2395 1264 2424 Εῐτα’
1274 2397 1350 2432 οὐχί
1357 2398 1450 2425 ταῦτα
1461 2397 1522 2425 ἔδει
1532 2396 1638 2424 παθεῖν
1648 2396 1702 2423 τὸν
1713 2396 1852 2430 Χριστὸν,

1063 2442 1113 2469 καὶ
1127 2442 1278 2470 εἰσελθεῖν
1291 2444 1336 2475 είς
1352 2443 1410 2476 τὴν
1425 2442 1520 2474 δόξαν
1538 2442 1650 2474 αὐτοῦ;
1665 2442 1721 2477 Τὴν
1735 2441 1814 2474 δόξαν
1828 2441 1854 2468 ol

1062 2488 1203 2524 προφῆται
1216 2488 1264 2516 τοῦ
1278 2489 1404 2525 Σωτῆρος
1419 2489 1594 2524 κηρύττουσι⁵
1614 2488 1662 2515 καὶ
1676 2488 1709 2515 σὺ
1723 2487 1791 2523 πρὸς
1803 2487 1855 2523 τὴν

1061 2534 1182 2570 ἐσχάτην
1203 2535 1320 2568 αὐτοὺς.
1338 2536 1438 2571 μᾶλλον
1461 2536 1489 2564 δέ
1510 2534 1667 2568 κάκείνων,
1690 2533 1856 2565 ἀπελαύνεις

1062 2580 1186 2616 ἀτιμίαν.
1204 2582 1261 2608 Καὶ
1282 2581 1437 2617 ἀρξάμενος
1455 2580 1510 2608 ἀπὸ
1531 2581 1654 2612 Μωσέως
1675 2580 1724 2607 καὶ
1746 2579 1856 2606 πάντων

1061 2625 1119 2653 τῶν
1136 2627 1302 2663 προφητῶν,
1320 2627 1499 2663 διερμήνευεν
1517 2627 1611 2659 αὐτοῖς
1626 2626 1656 2654 ἐν
1680 2625 1782 2657 πάσαις
1795 2625 1857 2657 ταῖς

885 2681 906 2698 ι’
927 2682 993 2711 ibid.
1006 2683 1062 2718 νο.

773 2759 891 2788 νΑιιιΑς
907 2757 1101 2791 LECTIONES
1116 2763 1161 2792 ΕΤ
1178 2762 1293 2792 ΝΟΤΙΕ.

260 2823 491 2868 (εδγᾼψέπράν.
505 2824 552 2855 Sic
568 2827 628 2864 lego
642 2835 692 2864 pro
707 2829 844 2866 λαμπρὸν,
863 2831 935 2867 quod
956 2840 1003 2861 era

1056 2841 1062 2860 I
1079 2842 1130 2862 ms.
1147 2834 1262 2862 Praestat
1277 2833 1362 2868 enim,
1379 2841 1474 2861 vocem
1507 2834 1578 2862 hanc
1592 2832 1694 2862 referre
1724 2831 1757 2860 ad
1778 2832 1858 2867 νίκην

220 2866 301 2890 quant
317 2860 349 2887 ad
365 2860 489 2888 θάνατον.
