1940 3081
216 141 269 171 235

791 141 922 171 ΡΙῙΟΤῙΙ
943 142 986 171 PA
992 142 1197 173 TRIARCILE
1216 143 1269 173 ΕΡ.

1795 130 1842 174 236

219 203 324 225 tuarum
338 196 418 228 Deus,
430 197 474 223 sed
486 196 625 224 viventia»:
639 197 672 223 ²⁰.
693 196 762 229 Quid
773 198 846 225 enim
861 198 999 233 quisquam

1055 197 1111 227 οὖν
1125 201 1141 226 ό
1159 199 1235 231 Θεὸς
1247 196 1362 232 ’νεκρῶν
1378 197 1467 230 Θεὸς,
1485 197 1566 224 ἀλλὰ
1586 195 1710 227 ζώντων.
1735 199 1769 225 Τί
1790 199 1841 235 γὰρ

219 244 270 270 hoc
293 242 401 270 oraculo
421 241 556 269 invenerit
573 242 725 275 eﬂicacius,
742 249 789 279 aut
812 244 845 272 ad
861 245 1002 272 audaciam

218 290 338 317 hostium
358 289 403 315 Dei
425 289 618 316 destruendam
631 290 740 324 aptius?
758 290 830 317 Deus
842 290 1002 324 Abrahami,

219 336 302 363 lsaaci
313 340 340 363 et
354 335 457 367 Jacobi,
472 335 622 362 viventium
635 335 706 362 Deus
716 339 767 362 est.
783 335 817 363 Et
829 337 1003 364 manifestum

217 390 283 409 sane
296 387 353 413 est,
369 381 441 416 quod
461 389 577 416 quorum
597 386 638 409 est
661 381 731 408 Deus
743 401 750 414 ,
769 381 806 409 illi
822 387 849 409 et
868 390 942 409 nunc
954 402 960 414 ,
977 387 1004 410 et

217 432 277 462 post
289 426 516 454 resurrectionem
533 427 559 452 in
576 426 634 461 ipso
647 426 748 453 vivant.
766 427 1004 455 llesurrectionem

216 482 282 500 vero
296 477 425 507 operatur
448 472 529 504 Deus,
546 472 668 507 adeoque
687 480 755 507 quos
774 480 916 508 resurgere
939 473 1003 500 facit

215 519 299 546 Filius
314 519 323 554 (
336 519 479 546 resuscitat
490 526 555 545 vero
569 519 692 545 homines
710 526 816 551 omnes,
834 520 932 554 quibus
945 527 1003 546 om-

216 567 282 592 nino
306 564 481 592 continentur
497 567 523 590 et
548 564 665 598 majores
690 565 951 600 patriarcharum),
969 565 1003 592 iis

213 610 328 637 omnino
342 609 497 636 dominatur
518 614 545 635 et
559 616 632 635 nunc
651 613 679 636 et
693 613 755 644 post
773 610 1002 637 resurrectionem

218 659 299 689 Deus,
320 655 429 690 quando
448 655 527 682 ﬁctus
544 655 588 681 ille
604 656 728 690 corporis
745 656 783 683 tui
798 656 923 682 conditor
942 655 1003 690 igne

214 707 242 729 et
257 701 342 728 vermi
356 706 460 729 mtcrno
477 701 591 728 traditus
606 702 668 733 erit,
683 709 739 728 non
754 702 842 729 solum
864 702 933 736 ipse.
954 702 1002 729 sed

215 753 242 775 et
255 747 292 774 illi
307 747 407 782 quibus
431 747 531 781 volupe
556 745 608 773 fuit
631 747 745 774 obedire
765 751 793 774 et
811 747 1002 781 obtemperare

216 793 348 821 voluntati
375 793 444 827 ejus.
469 792 509 819 Ac
536 793 573 819 illi
600 793 711 827 quidem
738 801 799 820 cum
829 793 887 827 ipso
908 799 1004 828 poenas

214 839 404 870 sustinebunt,
431 837 603 864 Abrahamus
631 844 695 864 vero
717 842 744 863 et
763 837 887 867 Isaacus,
911 841 938 862 et
959 835 999 863 Ja-

213 885 317 915 cobus.
344 891 503 920 omnesque.
522 883 568 917 qui
594 882 648 910 Deo
684 890 733 917 per
761 883 847 917 legem
876 882 1002 917 placent,
1020 870 1040 897 Β

213 930 312 965 gaudio
332 936 473 963 nunquam
497 928 617 956 iiniendo
641 936 692 955 nec
712 928 892 955 edisserendo
909 927 1003 955 fruen-

214 983 269 1004 tur.
293 977 363 1009 Quid
387 976 439 1008 ais,
466 976 550 1003 miser
579 976 673 1008 homo,
700 980 773 1007 tuus,
801 983 882 1009 quem
910 983 1002 1007 vocas,

213 1022 339 1050 conditor
359 1022 429 1057 ignis
445 1021 474 1048 ﬁt
492 1029 565 1052 esca,
578 1021 616 1048 illi
629 1028 705 1053 vero,
727 1021 774 1055 qui
789 1021 861 1047 circa
877 1020 1002 1047 Abraha-

213 1075 288 1094 mum
303 1072 376 1099 sunt,
391 1074 406 1093 a
418 1073 482 1093 vero
497 1065 552 1092 Deo
567 1065 689 1092 coelestia
705 1065 858 1091 sortiuntur
875 1064 1003 1091 taberna—

212 1113 285 1140 cula.
306 1112 338 1139 Et
355 1116 382 1138 tu
398 1111 438 1138 ais
453 1111 591 1146 imperare
607 1110 641 1137 iis
656 1117 737 1141 eum,
757 1117 838 1145 quem
853 1110 1002 1137 exteriores

207 1157 334 1185 tenebrze
355 1160 492 1183 coercent.
512 1155 642 1183 Servator
662 1155 758 1182 mundi
786 1156 893 1182 Patrem
921 1163 1001 1182 suum

212 1208 293 1230 vocat
309 1204 392 1230 Deum
420 1201 567 1229 Abrahami
591 1206 619 1229 et
646 1207 808 1228 ceterorum
828 1201 1001 1236 patriarcha-

212 1257 285 1276 rum.
301 1248 342 1276 Tu
361 1256 428 1275 vero
440 1255 503 1275 eum
522 1248 556 1275 de
581 1247 696 1282 imperio
710 1247 851 1279 deturbas,
868 1247 928 1282 ejus
936 1255 1001 1274 vero

212 1295 274 1323 loco
286 1294 439 1321 introducis
453 1301 528 1324 eum,
543 1293 795 1328 quiignetabescit,
813 1300 845 1320 ac
858 1298 884 1319 te
899 1293 1000 1328 ipsum,

212 1340 266 1367 nisi
284 1340 338 1367 cito
361 1339 528 1373 resipiscens
553 1345 674 1365 errorem
695 1338 821 1373 ellugias,
846 1338 873 1364 in
889 1338 1000 1365 easdem

211 1393 307 1420 pcenas
323 1384 444 1419 abripit?
469 1385 499 1410 Et
523 1383 610 1411 Judaei
630 1384 758 1418 quidem,
774 1383 919 1411 Servatore
942 1383 1000 1410 inec

208 1431 331 1462 dicente,
365 1429 584 1464 percellebantur
610 1438 616 1455 :
646 1429 701 1455 imo
732 1434 760 1456 et
786 1429 998 1456 Sadducseorum

207 1475 356 1510 impudens
372 1474 455 1501 factio
470 1474 659 1501 coercebatur.
681 1474 720 1501 'l‘u
741 1481 807 1501 vero
823 1482 857 1501 ne
879 1474 919 1502 sic
938 1474 999 1508 qui-

210 1522 272 1550 dem
291 1521 412 1556 linguam
436 1520 603 1555 compescis,
618 1528 670 1547 nec
695 1520 793 1555 impias
819 1520 999 1555 cogitationes

210 1567 324 1595 deseris.
337 1566 480 1599 Quomodo
492 1566 593 1600 itaque,
604 1570 650 1592 aut
663 1566 745 1599 unde,
755 1570 803 1593 aut
811 1574 864 1601 quo
877 1570 1000 1601 tempore

210 1613 254 1640 vel
269 1617 344 1650 gutta
361 1611 447 1639 venia:
464 1611 512 1639 tibi
529 1611 662 1639 stillabit?

246 1702 340 1730 XXVI.
364 1702 418 1730 Sed
432 1710 482 1730 nec
504 1703 558 1730 hoc
576 1703 786 1738 praetermittere
802 1703 843 1732 fas
860 1710 912 1733 est.
931 1705 1000 1738 Qui-

209 1749 273 1777 dam
291 1748 503 1780 l’lrarisaaorum,
522 1748 568 1783 qui
581 1748 641 1776 aliis
654 1748 721 1784 legis
737 1749 852 1777 scientia
868 1757 999 1785 przesmre

209 1793 384 1826 videbantur,
401 1792 583 1820 tentationem
599 1792 663 1819 Jesu
682 1792 855 1827 aggreditur,
870 1798 898 1820 et
915 1794 999 1821 inter-

208 1843 297 1874 rogat,
314 1838 420 1869 dicens,
433 1837 568 1872 Magister,
582 1838 713 1872 quodnam
728 1842 886 1872 prmeptum
905 1839 933 1865 in
942 1839 999 1873 lege

209 1884 297 1918 majus
313 1888 349 1910 est
365 1882 477 1910 “.Vide
494 1890 558 1909 vero
570 1890 602 1909 ex
620 1881 662 1915 iis,
677 1890 738 1916 qua:
749 1883 897 1918 respondet
907 1883 997 1916 Jesus,

208 1925 347 1962 quiimodo
360 1927 504 1962 praeceptis
516 1926 641 1954 Mosaicis
649 1932 676 1954 et
691 1927 862 1962 dignitatem,
872 1931 907 1955 -et
922 1936 997 1954 amo-

208 1981 267 2000 rem
288 1973 336 2000 Dei
355 1973 408 2000 illis
431 1978 610 2007 prmceptum,
632 1973 762 2000 vindicet.
790 1973 888 2009 Diliges
911 1974 996 2008 enim,

208 2019 310 2054 inquit,
337 2018 478 2045 Dominum
493 2019 578 2045 Deum
601 2023 674 2045 tuum
692 2027 723 2045 ea:
739 2024 791 2045 tota
806 2023 881 2046 corde
899 2024 954 2051 tuo,
973 2025 997 2046 et

207 2065 235 2090 ἰσι
249 2068 304 2090 tota
316 2064 407 2090 anima
420 2068 476 2095 tua,
488 2068 511 2090 et
525 2064 619 2090 intota
632 2069 716 2091 mente
731 2070 777 2091 tua
789 2066 822 2091 θ’.
836 2066 926 2100 Atque
938 2066 996 2094 haec

207 2109 318 2143 quidem
334 2108 403 2143 legis
429 2116 507 2136 mens
521 2113 563 2136 est
581 2118 587 2136 :
602 2109 715 2137 attende
738 2118 804 2137 vero
820 2115 845 2137 et
868 2111 900 2137 ad
922 2111 996 2146 judi-

206 2154 279 2180 cium
293 2153 413 2180 Domini.
433 2153 579 2188 Subjungit
601 2154 674 2181 enim
689 2164 695 2181 :
721 2155 777 2181 [Ioc
791 2161 826 2182 est
844 2157 959 2191 primum
971 2162 995 2183 et

1056 245 1088 272 ἄν
1099 254 1140 277 τις
1154 245 1230 280 εὖροι
1242 243 1343 278 ταύτης
1354 243 1404 277 τῆς
1417 243 1542 279 χρήσεως
1557 242 1742 279 βεϐαιότερον,
1751 244 1768 279 ἢ
1780 245 1842 272 καθ-

1055 291 1126 317 ελεῖν
1147 291 1197 326 τὴν
1214 289 1430 324 τῶνὊεομάχων
1448 289 1551 324 τόλμαν
1579 290 1790 326 κραταιότερον;
1814 291 1841 317 '0

1055 339 1101 364 τοῦ
1124 336 1251 372 ’Δϐραὰμ
1269 336 1317 362 καὶ
1339 336 1354 361 ὁ
1374 335 1422 362 τοῦ
1454 335 1546 362 Ἰσαὰκ
1568 335 1617 361 καὶ
1639 336 1653 362 ὁ
1672 336 1718 362 τοῦ
1749 335 1841 363 Ἰακὼῦ

1054 382 1130 415 Θεὸς,
1143 383 1222 413 αὑτός
1231 382 1305 408 ἐστιν
1316 382 1330 407 ὁ
1345 381 1398 408 τῶν
1411 380 1520 413 ζώντων
1531 380 1608 412 Θεός.
1621 381 1677 408 Καὶ
1692 381 1783 416 δῆλον,
1795 382 1840 414 ὡς,

1055 425 1093 456 ὧν
1102 429 1161 455 ἐστι
1171 428 1247 461 Θεὸς,
1260 424 1407 459 οὗτοιζῶσι
1419 427 1465 453 καὶ
1475 427 1523 453 νῦν
1535 427 1583 453 καὶ
1596 427 1664 462 μετὰ
1670 427 1718 463 τὴν
1729 428 1843 455 ἀνάστα-

1056 483 1099 501 σιν
1115 475 1144 501 ὲν
1160 474 1244 509 αὐτῷ.
1262 473 1317 509 Τὴν
1336 473 1365 500 δὲ
1389 473 1538 500 ἀνάστασιν
1560 473 1714 508 ἐνήργησεν
1730 473 1744 499 ὁ
1767 473 1841 505 Θεὸς,

1054 522 1124 548 ὥστε
1143 520 1191 552 οὓς
1213 521 1355 555 ἀνίστησιν
1378 521 1391 546 ὁ
1414 519 1476 551 Υἱὺς
1495 519 1611 555 (ἀνιστᾷ
1631 519 1660 546 δὲ
1685 519 1795 554 σύμπαν
1814 518 1843 545 τὸ

1055 567 1160 602 ποίημα
1172 566 1240 601 (‘27),
1254 567 1282 592 ὲν
1292 563 1332 597 οἷς
1341 566 1388 592 καὶ
1401 566 1425 592 οἱ
1438 566 1566 601 πρόγονοι
1576 565 1631 592 τῶν
1642 565 1841 600 πατριαρχῶν),

1054 612 1157 639 τούτων
1170 612 1223 646 ἄρα
1238 610 1375 646 βασιλεύει
1388 611 1435 637 καὶ
1449 610 1498 637 νῦν
1514 612 1561 637 καὶ
1575 611 1644 645 μετὰ
1659 610 1708 645 τὴν
1725 610 1842 636 ἀνάστα-

1055 667 1097 685 σιν
1112 660 1125 684 ο
1137 658 1203 689 Θεὸς
1214 678 1221 690 ,
1234 658 1279 684 ὅτε
1295 657 1341 683 καὶ
1355 657 1402 683 τοῦ
1418 656 1464 683 σοῦ
1481 656 1640 690 πλάσματος
1656 656 1670 681 ὁ
1682 655 1841 689 πεπλασμέ-

1054 713 1100 736 νος
1115 704 1229 738 ποιητὴς
1247 702 1286 738 τῷ
1309 702 1481 737 ἀτελευτήτῳ
1503 702 1571 737 πυρὶ
1594 701 1641 728 καὶ
1663 700 1701 732 τῷ
1722 700 1842 735 σκώληκι

1055 748 1247 783 παραδέδοται,
1262 748 1342 779 αὐτός
1357 756 1386 774 τε
1400 748 1447 773 καὶ
1459 745 1500 779 οἷς
1512 747 1660 773 ὑπακούειν
1676 746 1723 772 καὶ
1738 746 1840 781 ὑπηρε-

1054 795 1110 821 τεῖν
1122 794 1204 821 αὑτοῦ
1222 793 1319 829 γνώμη
1330 794 1427 828 γέγονε
1440 793 1478 827 τῷ
1495 792 1637 828 θελήματι.
1659 791 1729 818 Ἀλλ’
1745 792 1841 818 ἐκεῖνοι

1056 840 1105 875 μὲν
1117 841 1166 867 σὺν
1177 840 1274 875 ἐκείνῳ
1288 840 1337 874 τὴν
1351 840 1429 874 δίκην
1441 839 1597 873 ὑπέχουσιν,
1617 837 1744 873 ’Λὸραάμ
1758 837 1786 864 δὲ
1797 837 1842 864 καὶ

1061 887 1164 919 Ἰσαὰκ,
1180 887 1229 913 καὶ
1252 886 1360 918 Ἰακὼ6,
1372 886 1419 913 καὶ
1430 886 1531 916 πάντες
1542 882 1583 916 οἷς
1594 886 1609 920 ἡ
1623 884 1668 911 διὰ
1679 884 1762 919 νόμου
1775 883 1841 910 Θεοῦ

1054 932 1245 968 εὐαρέστησις,
1261 932 1312 967 τῆς
1323 932 1502 966 ἀτελευτήτου
1517 931 1564 956 καὶ¹
1576 930 1759 964 ἀνεκλαλήτου
1777 938 1842 964 τρυ-

1054 977 1106 1012 φῆς
1125 977 1301 1003 ἀπολαύουσι.
1317 976 1349 1003 Τί
1365 976 1454 1010 λέγεις
1465 996 1472 1008 ,
1489 975 1575 1007 ἄθλιε,
1589 975 1602 1000 ὁ
1618 973 1665 1006 σὸς
1680 976 1712 1008 τῇ
1735 973 1840 1009 γλώττῃ

1052 1022 1217 1057 δημιουργὺς
1247 1021 1333 1057 πυρὸς
1353 1020 1460 1055 γίνεται¹
1483 1020 1586 1055 τροφὴ,
1616 1020 1641 1046 οί
1660 1019 1688 1045 δὲ
1715 1019 1779 1054 περὶ
1797 1019 1841 1045 τδν

1059 1067 1184 1102 Ἀϐραὰμ
1199 1067 1274 1101 παρὰ
1285 1067 1331 1093 τοῦ
1343 1066 1470 1101 ἀληθινοῦ
1485 1065 1552 1092 Θεοῦ
1565 1065 1613 1096 τὰς
1625 1065 1767 1100 οὐρανίους
1778 1064 1841 1100 κλη-

1053 1114 1164 1148 ροῦνται
1182 1113 1296 1148 σκηνάς.
1315 1113 1368 1139 Καὶ
1387 1112 1419 1138 σὺ
1437 1112 1527 1146 λέγεις
1543 1112 1638 1147 ἄρχειν
1651 1110 1751 1143 αὐτῶν,
1771 1111 1798 1137 ὃν
1810 1110 1841 1136 τὸ

1052 1158 1184 1194 ἐξώτερον
1200 1159 1308 1193 συνέχει
1323 1157 1434 1190 σκότος;
1457 1157 1486 1183 Ὀ
1500 1157 1596 1192 Σωτὴρ
1611 1155 1657 1182 τοῦ
1675 1156 1778 1191 κόσμου
1795 1155 1840 1181 τὸν

1026 1211 1031 1215 ·
1051 1205 1149 1231 ἑαυτοῦ
1164 1205 1273 1240 Πατέρα
1285 1203 1351 1230 Θεδν
1364 1203 1438 1237 λέγει
1453 1202 1500 1229 τοῦ
1521 1202 1647 1237 ’Δϐραὰμ
1663 1203 1710 1228 καὶ
1726 1201 1779 1229 τῶν
1794 1201 1840 1228 ἄλ-

1052 1249 1107 1276 λων
1122 1249 1310 1284 πατριαρχῶν.
1327 1249 1364 1275 Σὺ
1382 1248 1431 1282 μὲν
1447 1247 1541 1273 τοῦτον
1565 1246 1707 1277 ἐκϐάλλεις
1723 1246 1773 1280 τῆς
1791 1246 1840 1281 ἀρ-

1051 1294 1112 1329 χῆς,
1140 1294 1312 1327 ἀντεισάγεις
1339 1293 1368 1319 δὲ
1393 1293 1437 1319 τὸν
1456 1292 1680 1328 κατατηκόμενον
1697 1292 1735 1327 τῷ
1753 1292 1818 1327 πυρὶ
1830 1312 1839 1324 ,

1051 1343 1098 1366 καί
1115 1340 1156 1372 σὲ,
1174 1339 1221 1366 ἐὰν
1237 1340 1275 1374 μὴ
1287 1339 1382 1366 θᾶττον
1399 1339 1540 1373 ἀνανήψας
1555 1338 1643 1373 φύγῃς
1659 1337 1708 1372 τὴν
1724 1337 1840 1372 πλάνην,

1050 1386 1111 1416 ταῖς
1136 1385 1231 1416 αὑταῖς
1253 1384 1445 1418 συναπάγοντα
1458 1383 1513 1418 (28)
1537 1384 1655 1414 ποιναῖς.
1675 1383 1731 1410 Ka‘t
1749 1383 1773 1409 oi
1792 1382 1842 1417 μὲν

1058 1431 1189 1464 Ἰουδαῖοι,
1214 1430 1301 1459 ταῦτα
1320 1430 1447 1464 λέγοντος
1471 1429 1518 1456 τοῦ
1548 1429 1685 1464 Σωτῆρος,
1710 1429 1842 1464 ἐξεπλήτ-

1051 1485 1138 1510 τοντο,
1150 1477 1193 1503 ναὶ
1206 1476 1238 1512 δὴ
1252 1477 1298 1503 καὶ
1307 1475 1338 1502 τὸ
1354 1475 1408 1502 τῶν
1419 1475 1604 1502 Σαδδουκαίων
1621 1475 1728 1506 ἀναιδὲς
1742 1476 1840 1510 ἐπεφί-

1013 1536 1034 1565 c
1053 1531 1136 1556 μωτο.
1158 1521 1194 1548 Σὺ
1219 1521 1241 1547 δ’
1259 1521 1312 1547 οὐδ’
1335 1520 1406 1546 οὕτω
1424 1519 1542 1555 χαλινοῖς
1559 1519 1608 1554 τὴν
1620 1519 1756 1553 γλῶτταν,
1781 1519 1842 1547 οὐδὲ

1050 1569 1105 1594 τῶν
1119 1567 1257 1602 λογισμῶν
1280 1566 1460 1601 ἀπορρίπτεις
1482 1566 1513 1591 τὸ
1526 1565 1696 1601 δυσσέϐημα.
1712 1565 1767 1592 Καὶ
1782 1565 1842 1597 πῶς

1050 1613 1082 1640 ἂν
1095 1613 1181 1645 ἄλλως
1204 1613 1220 1648 ῆ
1248 1613 1329 1639 πόθεν
1356 1612 1522 1647 συγγνώμης
1539 1620 1579 1638 σοι
1597 1611 1716 1646 σταγὼν,
1736 1612 1753 1647 ἢ
1769 1611 1842 1639 κατά

1050 1660 1127 1685 ποῖον
1141 1659 1237 1694 καιρὸν
1254 1657 1501 1693 ὲπισταχθήσεταις

1085 1703 1157 1738 [ἐπ’.
1179 1704 1241 1730 Οὐδ’
1267 1705 1355 1730 ἐκεῖνο
1382 1703 1411 1730 δὲ
1434 1704 1524 1738 δεήσει
1548 1704 1749 1739 παραδραμεῖν.
1780 1703 1842 1730 Τῶν

1049 1750 1202 1785 Φαρισαίων
1218 1758 1271 1782 τις,
1284 1749 1370 1775 δοκῶν
1385 1748 1440 1774 τῶν
1456 1747 1544 1774 ἄλλων
1558 1749 1591 1783 τῇ
1609 1748 1656 1774 τοῦ
1673 1749 1755 1782 νόμου
1770 1746 1842 1781 γνώ-

1050 1804 1091 1822 σει
1108 1795 1244 1830 προέχειν,
1263 1796 1302 1825 είς
1317 1796 1414 1830 πεῖραν
1423 1795 1504 1821 αὑτὸν
1518 1794 1663 1829 καθίστησι
1673 1793 1721 1820 τοῦ
1741 1793 1841 1827 Ἰησοῦ,

1050 1842 1096 1868 καὶ
1113 1841 1250 1876 ἐπερωτᾷ,
1265 1839 1445 1871 Διδάσκαλε,
1461 1839 1559 1873 λέγων,
1578 1839 1650 1866 ποία
1665 1838 1776 1871 ἐντολὴ
1787 1846 1842 1872 ,με-

1049 1885 1126 1921 τάλη
1151 1886 1186 1913 ἐν
1210 1885 1250 1918 τῷ
1277 1886 1375 1919 νόμου
1406 1885 1461 1911 Καὶ
1478 1885 1545 1919 ὅρα,
1565 1884 1599 1910 δι’
1615 1880 1652 1910 ὧν
1668 1883 1811 1918 ἀμείϐεται
1827 1883 1843 1909 ὁ

1055 1930 1171 1966 Ἰησοῦς,
1191 1931 1265 1961 ὅπως
1279 1931 1339 1960 ταῖς
1359 1929 1519 1960 Μωσαῗκαῖς
1541 1929 1661 1959 ἐντολαῖς
1683 1927 1774 1954 καὶτὸ
1789 1935 1842 1961 με-

1048 1975 1157 2010 γαλεῖον
1172 1975 1389 2010 ἐπιμαρτύρεται
1403 1975 1450 2000 καὶ
1465 1974 1496 2000 τὸ
1508 1973 1643 2008 Θεοφιλές.
1664 1972 1842 2007 Ἀγαπήσεις

1049 2021 1114 2056 γὰρ,
1129 2021 1211 2055 φησὶ,
1234 2021 1344 2053 Κύριον
1358 2019 1412 2046 τὸν
1433 2019 1507 2046 Θεόν
1527 2025 1585 2045 σου
1600 2018 1657 2052 ὅλῃ
1679 2017 1716 2051 τῇ
1732 2017 1843 2052 καρδίᾳ

1048 2073 1117 2097 σου,
1136 2068 1185 2091 καὶ
1208 2065 1243 2091 ἐν
1261 2065 1320 2098 ὅλῃ
1342 2064 1381 2098 τῇ
1404 2063 1490 2098 ψυχῇ
1514 2072 1589 2096 σου,
1606 2062 1655 2090 καὶ
1678 2063 1713 2090 ἐν
1729 2063 1786 2097 ὅλῃ
1802 2062 1842 2097 τῇ

1047 2111 1162 2144 διανοίᾳ
1187 2119 1257 2139 σου.
1284 2111 1338 2137 Καὶ
1355 2110 1435 2137 τοῦτο
1453 2110 1536 2145 μὲνὴ
1562 2110 1609 2136 τοῦ
1634 2110 1718 2145 νόμον
1745 2111 1840 2145 φωνή·

1048 2157 1167 2192 πρόσχες
1181 2156 1209 2182 δὲ
1232 2156 1279 2183 καὶ
1301 2156 1438 2191 ἐπικρίσει
1462 2158 1496 2191 τῇ
1509 2157 1671 2191 Δεσποτικῇ.
1698 2156 1842 2190 Ἐπιφέρει

206 2201 372 2235 praecipuum
394 2201 608 2235 praeceptum";
630 2209 757 2236 magnum
787 2207 952 2237 prteceptum
969 2208 996 2230 et

1052 2203 1210 2238 γάρἈῦτη
1233 2203 1299 2230 ἐστὶ
1323 2203 1422 2236 πρώτη
1445 2204 1493 2229 καὶ
1507 2204 1623 2238 μεγάλη
1645 2203 1773 2237 ἐντολὴ,
1792 2211 1841 2237 με.

206 2246 376 2281 praecipuum
393 2254 466 2280 eum,
483 2247 529 2281 qui
545 2247 596 2282 legi
608 2247 758 2274 conformis
768 2252 820 2280 est,
835 2248 879 2275 Dei
892 2248 995 2276 cultum

205 2300 319 2320 vocans.
335 2293 466 2325 Quaenam
482 2297 572 2320 autem
587 2293 702 2328 iubebat
718 2294 869 2321 necessitas
886 2294 937 2321 hoc
950 2295 994 2329 ju-

206 2337 308 2364 dicium
320 2337 403 2370 ferre,
416 2342 442 2365 et
453 2338 524 2365 hanc
538 2338 745 2373 praerogativam
758 2339 897 2366 vindicare
911 2340 996 2367 cultui

206 2383 299 2410 divino
328 2383 458 2416 Mosaico,
490 2383 543 2410 nisi
560 2391 609 2418 pro
633 2388 746 2418 paterno
773 2384 898 2411 instituto
920 2385 995 2412 illum

205 2428 369 2455 habuisset?
388 2429 442 2455 Sed
466 2429 554 2463 ipsum
571 2437 680 2463 quoque
695 2434 862 2464 praeceptum
889 2438 938 2465 per
955 2438 994 2462 se,

206 2473 228 2500 si
241 2474 302 2508 quis
316 2474 544 2507 consideraverit,
566 2482 658 2501 nonne
677 2473 791 2509 plenum
808 2480 848 2502 est
864 2475 996 2503 benefica:

1050 2247 1136 2283 γάλην
1157 2247 1267 2282 ἐντολὴν
1294 2248 1337 2274 καῖ
1357 2247 1469 2283 πρώτην
1485 2249 1533 2284 τὴν
1555 2248 1626 2275 κατὰ
1655 2249 1731 2283 ,νόμον
1746 2248 1843 2275 θεοσέ-

1051 2294 1126 2320 6ειαν
1147 2293 1247 2319 καλῶν.
1262 2293 1359 2320 Καίτοι
1373 2294 1415 2325 τίς
1429 2295 1554 2320 ἐπέκειτο
1569 2295 1648 2330 χρεία
1662 2295 1702 2326 είς
1719 2294 1768 2329 τὴν
1783 2294 1843 2330 ψῆ-

1045 2347 1095 2373 φον
1117 2338 1220 2373 ταύτην
1234 2338 1334 2371 ἐλθεῖν,
1350 2339 1398 2366 καὶ¹
1409 2340 1440 2366 τδ
1460 2340 1604 2375 μεγαλεῖον
1619 2341 1708 2367 δοῦναι
1728 2342 1761 2377 τῇ
1778 2340 1844 2367 θεο-

1046 2385 1139 2421 σεϐείᾳ
1159 2387 1192 2421 τῇ
1208 2386 1362 2422 Μωσαῖκῇ,
1383 2388 1407 2413 εί
1424 2387 1461 2423 μὴ
1477 2388 1606 2423 πατρῴας
1621 2388 1724 2423 ταύτην
1743 2388 1843 2423 ὲπεγί-

1044 2439 1133 2458 νωσκε
1155 2432 1326 2467 νομοθεσίας.
1350 2433 1423 2468 Πλὴν
1438 2434 1485 2460 καὶ
1501 2435 1570 2469 αὐτή
1581 2443 1612 2468 γε
1629 2434 1691 2461 καθ’
1705 2434 1806 2469 ἑαυτὴν
1821 2435 1841 2470 ἡ

1045 2476 1152 2512 ἐντολὴ,
1181 2477 1206 2504 εί
1221 2487 1263 2510 τις
1281 2479 1368 2506 ἐθέλοι
1385 2480 1508 2515 θεωρεῖν,
1533 2479 1592 2512 πῶς
1614 2480 1644 2506 οὐ
1673 2480 1759 2516 μεστὴ
1787 2479 1844 2514 μὲν

242 2529 264 2545 ²⁰
274 2529 369 2557 Matth.
389 2537 457 2562 xm,
471 2531 516 2558 51.
554 2531 574 2546 "
591 2530 687 2557 Matth.
703 2538 772 2562 χχιι,
785 2530 830 2558 56.
869 2532 892 2546 ³⁸
905 2532 972 2560 ibid.
990 2534 999 2562 Ξ

1074 2535 1096 2551 ’³
1109 2535 1174 2562 ibid.

745 2609 862 2636 νΑιιιΑε
879 2610 1072 2639 LECTIONES
1087 2613 1131 2640 ET
1151 2613 1270 2642 ΝΟΤᾸΕ.

239 2665 486 2704 (27λΠοιήμαχιᾷο
495 2665 651 2693 hominibus
661 2666 801 2704 speciatim
815 2667 991 2704 interpretor,

203 2701 238 2728 de
251 2701 351 2736 quibus
362 2709 428 2728 sane
439 2701 483 2728 hic
495 2709 585 2738 sermo
596 2705 648 2731 est.
659 2710 712 2729 non
723 2702 851 2737 ignorans
860 2701 991 2738 alioquin,

204 2737 238 2763 de
253 2742 309 2764 tota
325 2741 512 2763 creaturarum
527 2736 704 2763 universitate
723 2736 793 2764 hanc
808 2746 900 2765 vocem
914 2736 994 2766 usurL

204 2772 263 2805 pari
279 2779 370 2813 posse,
383 2772 455 2813 sicut
467 2776 494 2797 et
506 2770 576 2813 Deus
592 2771 649 2813 ipse
663 2772 1003 2813 abearunrproductione'

204 2805 318 2846 πριητὴς
337 2807 504 2846 appellatur.
530 2805 651 2846 “lustris
674 2805 822 2846 Theophili
847 2813 890 2846 est
918 2809 995 2846 locus

201 2840 252 2869 lib.
270 2840 341 2874 r,'Ad
355 2840 510 2877 Autolycum
528 2849 537 2869 :
553 2841 619 2873 Θεὸς
638 2840 803 2877 δημιουργὸς
819 2843 868 2870 καὶ
881 2845 995 2881 ποιητὴς

1044 2670 1172 2732 λέγεῖἓιι,
1197 2672 1242 2699 διὰ
1256 2672 1287 2699 τὸ
1303 2673 1386 2701 αὑτὸν
1411 2675 1481 2702 εἶναι
1499 2676 1612 2712 κτίστην
1625 2695 1632 2709 ,
1651 2677 1698 2703 καὶ
1720 2677 1842 2712 ποιητὴν

1044 2715 1099 2732 των
1112 2716 1126 2732 ο
1137 2716 1191 2732 .ων.

1044 2715 1099 2732 των
1112 2715 1191 2734 ολων.

1081 2742 1137 2783 (es)
1157 2743 1387 2783 Euraxdjrowa.
1404 2745 1446 2772 Ita
1468 2746 1646 2783 scribendum
1657 2750 1699 2774 est
1711 2754 1760 2781 pro
1773 2756 1844 2775 συν·
1895 2753 1899 2761 ‘

1045 2780 1195 2818 υπαγοντα,
1217 2780 1290 2813 quod
1311 2784 1358 2818 est
1379 2781 1407 2806 in
1429 2789 1479 2818 nis.
1497 2781 1591 2818 Neque
1605 2781 1676 2818 enim
1696 2780 1769 2818 aliud
1791 2791 1845 2818 pa-

1045 2814 1112 2838 titur
1127 2820 1276 2852 prononren
1294 2814 1323 2840 σὲ
1341 2815 1516 2852 antecedens,
1535 2814 1567 2844 ad
1585 2816 1658 2852 quod
1673 2814 1844 2845 refertur‘eo

1047 2847 1225 2882 συναπάγειν,
1239 2848 1265 2876 id
1273 2854 1321 2879 ,εει
1331 2868 1338 2882 ,
1360 2849 1498 2878 abducere.
