1940 3081
91 165 137 197 237

587 166 736 197 CONTRA
756 164 987 195 MANICHAEOS
1004 164 1120 194 LIBER
1140 164 1189 195 IV.

1660 165 1714 196 238

90 217 257 255 ἁγαθοειδοῦς
282 219 331 245 καὶ
359 217 435 250 θείας
463 218 626 251 ἐπιπνοίας
659 220 745 254 μεστὴ
766 218 795 245 δὲ
824 219 873 253 τῆς

935 222 952 244 ιι
966 217 1065 245 divinae
1080 217 1276 252 inspirationis,
1287 219 1403 253 plenum
1416 218 1510 253 prima:
1523 218 1712 254 philosophia,

91 265 196 301 πρώτης
219 264 396 299 φιλοσοφίας,
412 264 479 290 Θεδν
497 264 597 291 ειδέναι
614 264 660 290 τὸν
676 264 803 298 Πλάστην
825 263 873 290 καὶ

91 311 250 345 Εὐεργέτην,
272 310 321 336 καὶ
338 310 392 344 πρὸ
414 310 467 336 τῶν
486 310 574 337 ἄλλων
597 310 725 337 ἁπάντων
751 310 872 345 ἀγαπᾷν.

91 357 153 383 Τίνα
164 357 218 391 γὰρ
233 355 312 382 ἄλλον
330 355 414 390 ἐχρῆν
429 355 483 390 πρὸ
498 355 545 382 τοῦ
563 355 712 390 κηδεμόνος
726 355 774 382 καὶ
789 355 822 381 ὲκ
836 354 874 390 μὴ

89 402 168 428 ὄντων
189 396 408 436 ὑποστήσαιιτοξ;
432 401 491 432 πῶς
516 401 545 428 δὲ
570 401 619 435 οὐχ
635 400 684 437 ὅλῃ
710 400 760 435 μὲν
784 400 873 435 ψυχῇ,

90 447 134 481 οὐχ
145 447 194 482 ὅλῃ
208 446 237 472 δὲ
253 445 360 481 καρδίᾳ,
374 446 422 480 οὺχ
439 446 486 482 ὅλῃ
502 446 530 473 δὲ
542 446 659 481 διανοίᾳ,
679 445 750 480 μετά
762 453 834 477 τινος
846 445 875 471 δὲ

89 491 235 526 δισταγμοῦ
250 492 297 518 καὶ
313 491 495 527 διαμερισμοῦ
516 491 655 526 λογισμῶν
672 491 719 518 καὶ
748 488 804 518 οἷον
823 492 876 526 ἅφ-

90 538 246 572 οσιούμενον
259 537 297 572 τῷ
309 537 431 569 ἐτάζοντι
441 537 555 573 καρδίας
564 538 612 564 καὶ
626 537 741 572 νεφροὺς
752 537 876 572 προσῆκε

91 585 181 620 φέρειν
195 584 244 619 τὴν
259 584 308 616 τῆς
323 584 434 619 ἀγάπης
450 584 560 619 ὀφειλὴν
579 583 638 610 ἀνθ’
655 580 695 610 ὧν
712 583 875 617 ὕπέστησεν,

92 631 146 658 ἀνθ’
166 627 204 658 ὧν
220 630 314 666 τρέφει
335 630 381 656 καὶ
406 631 525 665 συνέχει,
552 629 611 656 ἀνθ’
634 625 672 656 ὧν
697 629 878 665 ἡμαρτηκότα

93 678 129 714 μὴ
143 677 283 707 ἀπώσατο,
300 676 369 703 ἀλλά
383 676 430 702 καὶ
443 676 489 709 τὸν
499 676 565 702 τδιον
580 675 655 707 Υἰὸν,
671 675 726 701 τῶν
741 674 823 701 αὐτοῦ
840 674 877 709 μὴ

90 726 233 753 διαστεῑιντα
248 725 368 756 κόλπων,
392 724 439 750 ἐπὶ
455 723 579 759 σωτηρίᾳ
601 723 648 750 καὶ
664 722 814 758 ἀνορθώσει
830 721 877 748 τοῦ

92 769 299 805 πεπλανημένον
330 769 413 804 σαρκὶ
441 769 602 804 κατέπεμψε
639 770 696 800 τοῖς
723 767 879 803 ἀνθρώποις

91 815 355 851 ὲμπολιτεύσασθαι⁹
386 814 417 847 ὃς
444 815 491 842 ἐπὶ
527 814 653 842 τοσοῦτον
684 815 715 842 τὸ
746 814 879 850 πατρικὸν

91 863 231 897 ἠσπάσατο
247 861 388 897 βούλημα,
415 862 454 893 ὼς
483 861 520 897 μὴ
548 862 628 896 μόνον
648 862 715 896 ἡμῖν
731 861 880 896 παραπλη-

92 908 153 939 σίως
168 907 334 942 κοινωνῆσαι
350 906 453 942 σαρκδς
469 907 518 933 καὶ
532 906 657 942 αἵματος,
674 905 720 932 καὶ
732 905 793 932 καθ¹
805 905 880 940 ἡμᾶς

90 953 233 989 ἅνθρωπος
256 953 342 988 χωρὶς
370 952 508 988 ἁμαρτίας
525 951 713 987 χρηματίσαι,
740 950 807 977 ἀλλά
832 951 880 977 καὶ

93 999 206 1033 σταυρὸν
219 1000 267 1025 καὶ
281 999 395 1025 θάνατον
406 999 539 1032 ἐνεγκεῖν,
547 998 581 1024 δι’
592 994 628 1024 ὧν
637 998 651 1024 ὁ
665 996 755 1023 πεσὼν
769 996 879 1032 ἀνέστη,

92 1045 138 1071 καὶ
153 1044 278 1079 μείζονος
301 1044 318 1079 ἢ
333 1044 383 1079 τῆς
402 1044 540 1079 προτέρας
555 1043 635 1079 δόξης
651 1042 786 1078 ﬁgite-rat;
810 1042 882 1069 Ἀντὶ

91 1090 156 1125 γοῦν
185 1091 286 1116 τούτων.
312 1090 356 1126 ἄρ’
382 1090 434 1116 οὐκ
451 1090 481 1116 ἐν
494 1090 542 1125 ὅλῃ
567 1089 666 1125 καρδίᾳ
683 1089 730 1115 καὶ
746 1089 817 1124 ψυχῇ
835 1088 883 1115 καὶ

91 1136 196 1171 διανοίᾳ
222 1136 268 1162 τὸν
291 1135 379 1162 ταῦτα
407 1136 591 1170 χαρισάμενον
618 1135 668 1162 οὐκ
695 1135 805 1171 ἀγαπᾷν
823 1134 880 1168 δεῖς

92 1182 200 1217 Ταύτην
212 1181 261 1217 τὴν
271 1181 380 1216 ἐντολὴν
395 1182 409 1208 ὁ
423 1181 460 1216 μὴ
475 1181 607 1216 σωτήριόν
621 1190 651 1208 τε
666 1181 713 1208 καὶ
722 1181 773 1216 τῆς
794 1180 881 1215 Ἰησοῦ

92 1227 255 1263 νομοθεσίας
270 1227 398 1260 εὐταξίαν
416 1227 464 1254 καὶ
481 1227 588 1262 φρονῶν
601 1227 648 1254 καὶ
660 1226 758 1261 λέγων,
774 1226 883 1259 ἀνάξιον

92 1273 188 1300 ὲαυτὺν
203 1273 242 1305 ὡς
256 1273 364 1308 ἀληθῶς
386 1273 579 1307 ἐπιγινώσκειν
594 1273 739 1307 ἀποφαίνει
754 1272 800 1298 τὸν
816 1272 882 1307 ἀλη-

93 1317 167 1344 θινὸν
182 1317 257 1345 Θεόν,
273 1318 309 1344 Σὺ
326 1318 355 1344 δὲ
368 1318 420 1356 {ipa
435 1318 483 1344 καὶ
495 1318 545 1353 τὴν
568 1318 669 1353 ἐφεξῆς
680 1325 688 1333 ·
708 1317 882 1352 Ἀγαπήσεις

91 1362 148 1388 τὸν
163 1361 296 1396 πλησίον
317 1370 376 1389 σου
402 1362 443 1395 ὡς
461 1364 602 1390 σεαυτόν.
619 1363 674 1389 Καὶ
688 1362 715 1389 τί
730 1362 832 1397 ταύτης
850 1363 883 1389 ἂν

93 1408 139 1442 εἴη
160 1407 378 1442 λυσιτελέστερον
406 1407 423 1442 ἢ
439 1407 694 1442 ἀγαθοειδὲστερον;
716 1407 732 1442 ἢ
756 1408 801 1433 τὸν
827 1406 884 1442 βίον

93 1454 220 1488 συνέχειν
232 1454 466 1489 ὲπιτηδειότερον;
479 1454 495 1488 ἢ
507 1453 538 1480 τὺ
550 1453 709 1480 κοινωνικὸν
722 1453 769 1479 καὶ
778 1453 884 1489 ἥμερον

93 1500 258 1535 συγκροτεῖν
276 1499 327 1534 τῆς
343 1499 461 1533 φύσεως,
477 1499 515 1530 ὡς
529 1499 560 1525 τὸ
579 1499 689 1534 ἀγαπᾷν
706 1498 752 1525 τὸν
769 1499 884 1533 πλησίον

925 264 1074 299 quaejubet
1083 264 1168 291 Deum
1185 271 1266 292 nosse
1282 269 1310 291 et
1319 263 1496 291 Conditorem
1511 268 1537 291 et
1551 263 1714 292 Benefacto-

926 317 995 342 rem,
1009 318 1127 345 eumque
1139 318 1196 345 pra:
1207 310 1335 337 omnibus
1348 310 1408 337 aliis
1419 310 1528 337 amare?
1540 309 1626 342 Quem
1640 311 1715 338 enitn

926 356 1011 383 alium
1024 357 1171 391 oportebat
1185 364 1277 384 amare
1289 364 1344 391 pra:
1357 356 1413 389 illo,
1425 357 1471 391 qui
1486 356 1609 384 omnium
1621 364 1716 384 curam

927 401 1020 434 habet,
1038 406 1066 428 ct
1088 402 1181 429 omnia
1196 410 1230 429 ex
1256 402 1343 429 nihilo
1368 402 1488 429 creavit?
1504 402 1647 435 Quomodo
1659 411 1716 431 non

927 447 1002 474 omni
1020 447 1122 478 anima.
1139 448 1213 475 omni
1230 448 1323 481 corde,
1348 452 1376 475 et
1391 447 1466 475 omni
1481 453 1583 480 mente,
1604 448 1651 476 sed
1665 456 1718 484 po-

928 493 981 521 tius
1007 500 1070 521 cum
1102 487 1272 521 dubitatione
1288 494 1404 529 quadam
1435 494 1591 529 mentisque
1617 495 1718 522 distra-

928 539 1019 566 ctione
1030 544 1058 567 et
1070 540 1148 574 quasi
1164 540 1352 575 perfunctorie
1364 540 1413 572 illi,
1424 540 1471 575 qui
1480 541 1561 567 corda
1578 545 1716 568 scrutatur

928 589 956 612 et
972 593 1063 612 renes.
1081 585 1202 612 debitum
1228 593 1351 613 amorem
1369 586 1476 614 solvere
1503 586 1646 614 conveniat
1668 593 1718 621 pro

928 638 961 658 eo
973 632 1045 666 quod
1067 632 1205 666 produxit,
1227 632 1299 667 quod
1322 633 1408 660 nutrit
1424 637 1452 659 et
1467 637 1622 665 conservat,
1645 632 1719 667 quod

928 677 1134 712 delinquentem
1154 679 1222 705 adeo
1234 686 1290 705 non
1307 685 1322 705 a
1333 686 1362 705 se
1379 679 1491 714 repulit,
1518 683 1547 706 ut
1566 679 1658 714 potius
1673 678 1718 705 Fi-

929 724 995 751 lium
1011 724 1164 759 proprium.
1186 733 1201 752 a
1217 732 1266 752 suo
1282 725 1344 752 sinu
1366 733 1420 752 non
1438 730 1584 758 remotum,
1601 726 1629 752 in
1645 725 1719 753 saltt-

929 774 984 797 tem
1001 770 1244 805 reductionemque
1258 771 1408 798 errantium
1427 771 1552 799 indutum
1567 779 1650 799 carne
1667 771 1719 799 mi-

929 815 975 848 sit,
985 820 1015 842 ut
1030 816 1102 843 inter
1114 816 1239 844 homines
1255 823 1428 845 versaretur:
1441 818 1487 852 qui
1501 825 1566 845 sane
1576 822 1720 852 paternam

930 862 1099 889 voluntatem
1116 862 1152 889 ita
1164 866 1286 890 sectatus
1301 867 1354 896 est,
1369 868 1399 890 ιιι
1413 871 1468 891 non
1479 864 1566 891 solum
1575 863 1720 890 nobiscunt

932 907 1071 943 particeps
1095 907 1183 935 factus
1214 908 1249 936 sit
1276 908 1366 936 carnis
1397 914 1426 936 et
1440 909 1590 944 sanguinis.
1606 912 1634 936 et
1660 909 1721 936 sine

931 958 1045 989 peccato
1060 954 1142 981 homo
1158 954 1321 989 appellatus,
1334 955 1380 982 sed
1393 959 1421 982 et
1436 963 1545 982 crucem
1557 963 1588 982 ac
1603 960 1721 983 ntortem

931 999 1086 1034 pertulerit,
1113 1007 1163 1034 per
1190 1007 1271 1033 quain
1289 1000 1336 1034 qui
1365 999 1480 1032 cecidit,
1497 1000 1672 1032 excitaretur,
1693 1004 1722 1026 ct

932 1046 1046 1080 majore,
1071 1052 1159 1081 quaut'
1181 1050 1272 1077 antea.
1299 1046 1383 1082 gloria
1409 1045 1582 1073 alliceretur?
1599 1045 1652 1073 Pro
1679 1045 1721 1072 his

932 1091 1006 1119 enim
1022 1091 1152 1118 omnibus
1168 1098 1319 1126 eorumque
1329 1090 1466 1118 similibus
1475 1097 1567 1116 nonne
1581 1097 1655 1122 eum,
1673 1089 1721 1124 qui

933 1137 996 1165 talia
1008 1137 1120 1173 largitus
1131 1142 1182 1170 est,
1193 1137 1267 1164 omni
1282 1136 1377 1169 corde,
1386 1136 1476 1163 anima
1490 1140 1517 1162 et
1529 1140 1621 1162 mente
1629 1142 1722 1162 amare

932 1183 1055 1222 oportet?
1068 1182 1119 1216 Qut
1133 1183 1185 1210 hoc
1198 1187 1364 1218 praeceptum
1381 1189 1434 1208 non
1448 1181 1578 1215 salutare,
1593 1189 1643 1208 nec
1656 1181 1722 1208 Jesu

934 1227 1057 1255 instituta
1086 1227 1157 1254 bene
1174 1227 1300 1254 ordinata
1317 1226 1357 1253 vel
1376 1226 1473 1259 credit,
1489 1226 1533 1253 vel
1550 1225 1680 1260 appellat.
1699 1225 1723 1252 is

933 1274 1046 1302 omnino
1066 1273 1157 1308 prodit
1171 1281 1201 1300 se
1216 1273 1370 1307 indignum,
1385 1273 1431 1307 qui
1445 1281 1538 1300 verum
1558 1273 1642 1299 Deum
1658 1280 1724 1300 vere

934 1321 1076 1353 agnoscat.
1086 1317 1126 1344 Tu
1138 1325 1204 1345 vero
1220 1317 1364 1345 considera
1373 1321 1401 1344 et
1408 1324 1527 1352 sequens
1535 1321 1702 1352 prmeeptum
1714 1326 1721 1343 :

934 1363 1034 1399 Diliges
1051 1364 1202 1398 proximum
1225 1368 1299 1389 tuum
1315 1363 1382 1389 sicut
1401 1367 1426 1389 te
1444 1363 1531 1397 ipsum
1546 1362 1581 1388 ”.
1600 1362 1639 1389 Eo
1658 1369 1724 1389 vero

934 1410 1071 1444 quodnam
1086 1409 1179 1436 utilius
1192 1413 1240 1436 aut
1254 1408 1352 1435 melius
1365 1409 1426 1435 est?
1441 1408 1579 1443 quodnam
1595 1408 1627 1435 ad
1641 1408 1724 1435 vitam

935 1455 1139 1491 producendam
1146 1454 1233 1482 autad
1245 1454 1423 1482 socialitatetn
1431 1453 1726 1488 mansuetudinemque

935 1501 1063 1529 humana:
1095 1506 1200 1528 naturze
1230 1500 1433 1535 provehendam
1465 1501 1549 1535 magis
1575 1500 1724 1533 idoneum.

92 1545 134 1575 ὡς
147 1544 261 1577 tau-MV;
277 1545 324 1571 καὶ
340 1544 421 1579 ἔργον
438 1543 487 1578 μὲν
500 1543 549 1578 τῆς
567 1543 651 1578 αὐτῆς
665 1543 765 1570 εἰδέναι
781 1543 883 1579 χειρὸς,

936 1535 1027 1581 quam.
1039 1547 1151 1582 diligere
1172 1547 1326 1581 proximum
1341 1550 1372 1573 ut
1400 1546 1537 1581 seipsum?
1554 1550 1582 1573 et
1600 1553 1681 1573 nosse
1695 1554 1726 1574 se

93 1591 204 1625 φύσεως
225 1591 255 1617 δὲ
270 1591 353 1625 μιᾶς;
367 1590 413 1617 διὰ
423 1590 472 1625 τῆς
489 1590 574 1624 αὐτῆς
589 1590 616 1616 δὲ
631 1590 764 1624 γενέσεως
776 1591 816 1622 εἰς
828 1590 886 1625 φῶς

93 1635 274 1671 προελθόντα,
290 1636 339 1662 καὶ
349 1636 393 1662 διὰ
406 1637 454 1671 τῆς
468 1636 553 1670 αὐτῆς
563 1635 623 1662 ὸδοῦ
634 1635 680 1662 τὸν
694 1635 752 1670 βίον
767 1635 886 1670 ἀπολιμ-

93 1682 228 1714 πάνοντα,
244 1682 293 1708 καὶ
316 1682 366 1718 τὴν
391 1682 440 1716 μὲν
470 1682 629 1717 περιμένειν
653 1682 699 1709 τὸν
723 1682 814 1715 αὑτὸν,
838 1682 886 1709 καὶ

92 1728 151 1755 τῶν
164 1727 337 1762 βεὸιωμένων
351 1727 508 1763 ἐξεταστὴν,
518 1729 565 1755 καὶ
578 1727 630 1763 πρό
641 1727 784 1760 γετούτων
802 1728 886 1763 μηδὲν

93 1774 243 1809 ἀνέχεσθαι
269 1773 439 1809 πλημμελεῖν
465 1775 506 1806 είς
526 1774 573 1801 τὸν
603 1774 704 1807 πέλας,
729 1771 767 1801 ὧν
798 1774 886 1805 οὐδεὶς

92 1819 195 1846 ἑαυτὸν
206 1819 273 1854 (28')
292 1818 463 1854 πλημμελῶν
485 1819 517 1846 ἂν
536 1819 642 1854 ὀφθείη,
661 1819 697 1846 τὰ
714 1819 845 1846 κάλλιστα
857 1818 886 1845 δὲ

94 1866 147 1892 καὶ
163 1865 286 1900 σωτήρια
300 1865 348 1891 καὶ
372 1864 550 1899 συνεύχεσθαι
566 1864 614 1891 καὶ
636 1861 658 1898 ᾧ
672 1867 814 1900 παροικεῖς
829 1864 886 1900 (29)

93 1909 408 1945 συγκαταπρὰττεσοαιο
427 1909 505 1936 τοῦτο
516 1910 571 1945 γάρ
589 1911 662 1936 ἐστιν
679 1911 693 1937 ὁ
709 1910 761 1945 τῆς
776 1910 888 1945 ἀγάπης

92 1957 189 1990 λόγος.
208 1956 281 1991 Ἀρσ.
295 1956 325 1982 οὐ
338 1956 413 1982 δοκεί
425 1964 466 1982 σοι
480 1955 514 1982 τὰ
531 1956 646 1990 μέγιστα
659 1956 706 1982 καὶ
717 1956 887 1992 καιριώτατα

92 2002 153 2029 τῶν
171 2003 201 2029 ὲν
222 2001 392 2037 ἀνθρώποις;
410 2001 561 2037 Προσθήσω
581 2001 609 2028 δὲ
625 2003 673 2029 καὶ
687 2003 738 2029 ὅσα
753 2003 812 2029 ἐστὶ
828 2002 888 2030 θεῖα

92 2049 146 2076 καὶ
157 2048 270 2082 Θεοφιλῆ
283 2047 328 2074 διὰ
342 2047 444 2082 ταύτης
461 2047 674 2075 κατευθύνεσθαι
693 2049 743 2083 τῆς
765 2049 886 2084 ἐντολῆς.

92 2095 155 2129 οὐχ
167 2094 273 2120 ἴσταται
290 2093 318 2120 δὲ
328 2093 390 2120 οὐδὲ
400 2093 481 2128 μέχρι
498 2093 600 2120 τούτων
614 2095 628 2119 ὁ
641 2093 745 2130 Σωτὴρ,
764 2094 821 2121 ἀλλ’
845 2095 889 2122 ἳνα

93 2140 190 2166 πᾶσαν
209 2139 266 2165 τῶν
284 2137 393 2165 ἀσεϐῶν
414 2138 532 2173 διακόψῃ
559 2139 705 2174 πρόφασιν,
729 2140 797 2175 μηδὲ
820 2140 888 2176 πρός

91 2194 160 2213 τινα
178 2185 348 2220 κακουργίαν
373 2184 572 2219 ἀποϐλέψωσιν,
592 2184 629 2215 ὡς
653 2184 722 2220 αὕτη
742 2186 809 2221 μόνη
834 2187 888 2213 τῶν

937 1593 1061 1627 ejusdem
1073 1599 1172 1619 manus
1183 1592 1332 1625 opilicium,
1347 1591 1470 1626 ejusdem
1486 1595 1601 1625 naturae,
1613 1599 1645 1618 ac
1653 1591 1726 1626 ejus-

936 1639 997 1667 dem
1013 1638 1197 1674 generationis
1211 1638 1346 1665 beneticio
1361 1637 1486 1664 inlucem
1499 1637 1613 1670 editum,
1629 1637 1726 1665 eadem

937 1691 1046 1719 quoque
1062 1683 1105 1711 via
1135 1691 1168 1710 ex
1186 1682 1239 1710 vita
1261 1682 1313 1709 hac
1338 1682 1486 1713 abiturum,
1508 1685 1651 1717 postquam
1672 1682 1726 1709 int-

936 1729 1040 1756 mineat
1056 1735 1127 1755 unus
1142 1728 1268 1762 idemque
1282 1735 1374 1755 rerum
1390 1727 1417 1754 in
1430 1728 1485 1754 vita
1498 1732 1634 1762 gestarum
1652 1726 1726 1753 arbi-

937 1779 980 1802 ter
993 1778 1022 1801 et
1034 1773 1117 1808 judex
1128 1782 1135 1806 ;
1147 1777 1174 1800 et
1186 1778 1249 1800 ante
1263 1772 1356 1800 omnia
1370 1772 1579 1804 statuere,nihil
1590 1771 1616 1798 in
1632 1771 1726 1806 proxi-

936 1828 1011 1848 mum
1036 1819 1241 1854 suscipiendum
1264 1825 1326 1846 esse
1351 1826 1467 1850 eorum,
1493 1825 1553 1852 qua:
1582 1825 1664 1845 nemo
1697 1817 1726 1844 in

938 1866 1058 1901 seipsum
1084 1871 1193 1901 patrare
1221 1873 1341 1900 unquam
1364 1868 1508 1897 cernatur;
1536 1863 1638 1898 optinta
1658 1871 1726 1891 vero

937 1918 1053 1946 quaeque
1078 1915 1107 1937 et
1124 1910 1251 1937 salutaria
1264 1914 1321 1937 tum
1340 1909 1458 1944 precari.
1483 1913 1540 1936 tum
1553 1908 1602 1940 illi,
1622 1909 1665 1936 cui
1689 1909 1727 1936 vi-

938 1957 1017 1984 cinus
1038 1964 1078 1989 es,
1095 1956 1204 1983 afferre.
1224 1955 1263 1983 Ea
1275 1955 1349 1982 enim
1360 1959 1403 1982 est
1416 1954 1517 1982 atnoris
1533 1955 1612 1982 ratio.
1630 1954 1727 1983 Nonne

939 2003 986 2030 tibi
1001 2002 1052 2029 ista
1068 2002 1178 2037 quidem
1202 2001 1308 2036 potiora
1323 2005 1351 2028 et
1372 2000 1509 2036 praecipua
1526 2000 1654 2027 videntur
1665 2008 1727 2028 esse

939 2048 966 2075 in
987 2048 1116 2075 humanis
1133 2048 1215 2075 rebus
1238 2046 1344 2074 ollicia?
1358 2046 1462 2074 Addam
1480 2054 1545 2074 vero
1567 2054 1651 2079 nunc,
1666 2054 1727 2081 qua:

938 2093 1030 2121 divina
1057 2093 1201 2128 divinique
1222 2093 1324 2120 amoris
1345 2092 1442 2127 plena,
1470 2092 1566 2119 eodem
1591 2097 1727 2127 pra‘cepto

939 2140 1094 2172 observato,
1106 2139 1201 2174 perﬁci
1217 2139 1332 2173 possint.
1349 2137 1443 2172 Neque
1456 2138 1529 2164 enim
1546 2138 1590 2165 hic
1603 2137 1726 2164 subsistit

941 2184 1079 2214 Serv-ator.
1099 2183 1146 2211 sed
1162 2188 1190 2210 ut
1209 2190 1318 2210 omnem
1335 2182 1481 2217 impiorum
1497 2185 1657 2216 praatextum
1667 2180 1727 2207 elu—

94 2231 189 2257 ἇλλων
206 2230 261 2265 ἄρα
279 2231 296 2265 ἡ
320 2229 385 2261 δυὰς
405 2230 454 2264 τῆς
470 2229 596 2264 τιμώσης
615 2230 699 2265 αὐτὴν
718 2232 883 2266 Δεσποτικῆς

939 2229 997 2262 dat,
1009 2229 1174 2264 efﬁciatque,
1192 2236 1226 2256 ne
1240 2228 1306 2263 quid
1321 2228 1432 2259 maligni
1452 2227 1635 2262 suspicentur,
1647 2226 1726 2260 quasi

93 2274 204 2310 ἠξιώθη
229 2274 338 2309 ψήφοιν
357 2274 412 2300 τῶν
439 2274 461 2300 δ’
482 2274 572 2301 ἄλλων
593 2274 673 2308 λόγος
696 2276 770 2302 ἐστὶν
790 2276 888 2307 οὐδείς·

95 2321 144 2347 ἵνα
179 2320 272 2346 τοίνυν
286 2320 379 2351 αὐτοῖς
403 2320 575 2355 πανταχόθεν
601 2320 754 2356 ἀποκλείσῃ
775 2321 825 2356 τὴν
840 2321 891 2356 τῆς

95 2366 237 2401 πονηρίας
254 2365 390 2401 μηχανὴν,
412 2365 462 2400 ὅρα
483 2365 543 2396 πῶς
563 2365 672 2400 tenth/5v
695 2366 745 2393 Ἐν
768 2367 889 2400 ταύταις

94 2412 167 2445 ταῖς
182 2412 274 2438 δυσὶν
283 2410 421 2443 ἐντολαῖς
434 2411 506 2444 ὅλος
516 2412 532 2437 ὁ
542 2411 635 2445 νόμος
645 2411 693 2438 καὶ
704 2413 732 2438 οι
741 2412 891 2446 προφῆται

94 2458 262 2492 κρέμανται
271 2476 279 2489 ,
294 2457 437 2491 μονονουχὶ
450 2456 549 2489 λέγων,
560 2455 597 2487 ὼς
611 2453 651 2487 οἷς
664 2453 744 2483 αὗται
754 2457 805 2491 τῆς
818 2458 889 2493 ἐμῆς

97 2504 236 2539 μετέσχον
257 2502 365 2534 δικαίας
387 2501 538 2536 ἀποδοχῆς,
560 2495 607 2528 καὶ
630 2501 692 2528 καθ’
714 2502 814 2534 ἑαυτὰς
839 2503 890 2538 τὴν

96 2549 186 2583 φύσιν
202 2547 256 2574 εἰσὶ
270 2547 401 2582 σωτήριοι
424 2546 472 2573 καὶ
492 2545 627 2580 θεοφιλεῖς
638 2566 645 2579 ,
661 2546 705 2573 διὰ
722 2543 779 2573 τῶν
800 2548 890 2575 αὐτῶν

134 2617 159 2631 ’⁸
172 2615 271 2643 Matth.
287 2622 354 2647 xm,
369 2614 414 2642 58.

939 2275 993 2303 duo
1013 2275 1058 2302 illa
1075 2279 1181 2302 tantum
1208 2278 1345 2309 praecepta
1361 2274 1414 2301 hoc
1436 2272 1657 2307 Dominijudicio
1677 2272 1727 2298 ho-

939 2321 1055 2349 noriﬁco
1072 2320 1152 2356 digna
1179 2321 1270 2348 habita
1295 2320 1360 2351 sint.
1391 2319 1557 2354 reliquorum
1577 2326 1641 2345 vero
1658 2318 1727 2345 ratio

941 2367 1035 2395 haberi
1060 2374 1114 2394 non
1131 2366 1229 2394 debeat
1246 2375 1252 2393 :
1271 2370 1309 2399 ut,
1337 2366 1460 2400 inquam,
1476 2365 1529 2392 illis
1552 2364 1728 2398 undiquaque

941 2412 1050 2440 malitiae
1075 2416 1236 2446 apparatum
1257 2411 1395 2442 occludat,
1421 2409 1484 2437 vide
1504 2417 1564 2444 quae
1586 2409 1698 2444 subiicit
1720 2418 1727 2437 :

943 2458 985 2486 Ea:
1003 2459 1042 2486 Iu's
1056 2459 1156 2485 duabus
1170 2458 1308 2492 proneptis
1332 2461 1388 2483 tuta
1404 2455 1445 2483 lea;
1466 2460 1490 2482 et
1512 2456 1644 2490 prophettz
1664 2463 1729 2489 pen-

941 2506 1002 2532 dent
1016 2513 1026 2532 :
1041 2504 1119 2539 quasi
1129 2504 1243 2536 diceret,
1260 2502 1332 2537 quod
1347 2502 1375 2529 in
1383 2505 1516 2536 quantutn
1534 2501 1579 2528 illa
1594 2501 1729 2537 duojusta

941 2558 1002 2578 mea
1013 2549 1209 2585 approbatione
1223 2548 1308 2584 potita
1322 2552 1397 2580 sunt,
1413 2552 1441 2574 et
1453 2550 1550 2574 natura
1564 2554 1614 2574 sua
1626 2548 1729 2575 saluta-

640 2670 755 2698 VARl/E
775 2671 967 2701 LECTIONES
986 2674 1030 2701 ET
1046 2672 1162 2700 NOTIE.

137 2730 205 2767 (28')
222 2729 338 2767 Οὐᾷείς.
369 2728 460 2756 Malim
485 2728 582 2767 legere
601 2724 638 2754 ὧν
660 2727 736 2767 ούδὲν
758 2730 888 2767 εῐςλέαυ-

96 2761 156 2797 τδκὶ.
176 2761 244 2796 οἱα..
267 2765 293 2792 id
315 2761 367 2797 est,
387 2772 499 2798 quorum
516 2761 628 2789 tntillum
644 2763 783 2798 quisquam
806 2765 835 2792 in
860 2774 888 2793 se

96 2802 186 2835 ipsum
200 2807 317 2834 unquam
335 2799 480 2835 admiserit.
498 2798 577 2835 certe
591 2798 747 2835 praepositio
760 2801 802 2835 είς
818 2801 888 2829 exei-

96 2832 149 2867 dit.
176 2832 278 2871 quippe
296 2841 349 2871 qua
379 2834 413 2861 ad
440 2833 560 2871 phrasim
588 2832 886 2871 pletttthreddendam

96 2878 171 2907 opus
183 2867 236 2899 est:
246 2867 344 2898 'Fac’iie
355 2867 446 2897 autem
457 2868 582 2896 excidere
595 2867 692 2902 potuit,
708 2867 736 2896 in
752 2870 849 2904 primis
864 2871 886 2899 si

941 2730 1172 2765 ΡΙιοιξυῃιρὺδεὶς
1183 2730 1325 2765 scripsisse
1340 2735 1454 2765 statuas.

977 2767 1033 2802 (‘29)
1049 2761 1085 2801 Ὢ
1096 2761 1258 2802 adpotum-4:.
1274 2765 1323 2794 Ms.
1338 2762 1369 2802 οὗ
1381 2766 1540 2802 παροίκοις,
1551 2766 1624 2794 nullo
1636 2774 1728 2795 sensu.

941 2800 1055 2829 Photins
1069 2800 1199 2835 loquitur
1212 2800 1247 2828 de
1265 2800 1538 2836 proxitnu,reumque
1551 2810 1566 2828 a
1585 2801 1729 2829 vicinitate

941 2836 1071 2864 domicilii
1095 2835 1226 2863 describit
1257 2835 1284 2863 ld
1310 2844 1376 2864 vero
1399 2835 1670 2872 Graeci’expritnunt
1681 2845 1727 2873 pu

941 2872 1083 2909 παροικεῖν
1097 2879 1159 2898 τινι.
