1940 3081
466 119 491 135 "'i

206 143 259 174 23.9

770 141 902 171 ΡΗΟΤΙΙ
922 142 1175 172 PATRIARCH/E
1195 143 1250 173 ΟΡ.

1782 142 1834 173 240

208 207 246 224 ria
262 201 327 224 sunt
341 204 373 224 ac
383 202 503 222 amorem
520 194 565 221 Dei
585 199 693 230 urgent,
721 195 746 222 in
770 199 873 222 tantum
897 200 924 222 et
947 196 990 223 lex

1053 197 1097 223 καὶ
1117 197 1131 222 ό
1145 197 1226 232 νόμος
1244 197 1303 228 ὅλος
1318 198 1366 223 καὶ
1384 197 1409 223 οἱ
1425 196 1565 233 προφῆται
1585 196 1640 223 τῶν
1657 196 1748 224 αὐτῶν
1768 197 1835 224 εἰσιν

206 247 262 270 tota
289 247 317 269 et
339 242 479 277 prophetae
494 240 590 267 eodem
620 241 724 268 honore
752 241 826 276 digni
852 241 991 276 jndicandi

207 296 282 316 sunt.
295 288 387 315 Mutuo
406 287 479 313 enim
495 294 565 313 nexu
584 294 614 313 ea
631 287 681 313 sibi
710 287 827 313 invicem
850 287 994 321 conjuncta

206 326 281 367 sunt,
299 334 368 360 etab
382 332 478 360 eodem
495 332 648 367 legislatore
663 332 797 367 profecta,
814 337 841 360 et
856 332 995 368 legislator

206 375 239 407 ac
257 380 351 407 doctor
379 387 474 406 eorum
498 378 620 405 otnnium
635 378 731 406 eodem
758 378 930 413 undiqueque
945 379 995 405 ho-

207 433 274 452 ποι-ε
289 424 496 460 prosequendus
511 429 560 451 est.
578 424 623 450 Sic
634 428 657 451 el
677 424 805 451 Davidcm
823 424 886 451 alibi
899 429 994 451 testetn

203 465 297 503 affert,
312 471 358 505 qui
376 470 464 505 ipsum
480 474 510 497 ut
533 470 677 497 Dominum
693 475 722 498 et
739 471 870 498 victorem
893 479 996 498 rettuli-

204 511 295 554 tiavit,
309 525 364 544 non
380 516 453 543 nude
466 520 493 543 et
517 524 566 550 per
584 524 624 548 se,
640 516 686 543 sed
704 516 733 543 in
758 516 862 550 Spiritu
886 521 994 548 sancto.

210 562 289 589 talem
308 562 373 589 item
385 561 432 596 qui
452 570 466 588 a
482 561 608 593 Domino,
625 562 757 589 Dominus
778 563 913 590 essistens
927 562 994 596 ipse,

207 599 359 635 sessionem
383 616 397 634 a
422 607 524 635 dextris
550 608 697 642 acceperit,
726 608 878 642 videritque
904 608 996 636 hostes

207 662 273 681 suos
284 654 403 681 scabello
417 654 517 689 pedum
539 662 650 682 suorum
669 655 808 690 subjectos
829 661 857 683 ct
874 661 996 690 prostra-

206 695 262 728 tos.
279 700 331 733 Qui
345 708 411 728 vero
428 701 607 736 pronuntiare
620 701 677 728 haec
693 706 720 728 ct
731 701 880 736 praedicare
891 702 997 736 potuis-

209 751 264 778 set,
285 747 414 774 contrarii
430 747 556 782 principii
571 747 661 774 atllatu
674 751 761 780 actus,
778 747 805 775 in
821 747 926 782 primis,
936 756 997 776 cum

207 788 265 820 "tam
280 792 353 819 clare
362 797 389 819 et
398 792 486 827 palam
497 792 590 819 Jesum
604 793 688 820 Deum
698 794 867 828 pronuntiet,
881 801 998 829 eumque

208 838 354 865 Dominum
372 846 451 866 suum
471 838 642 873 proﬁteatur,
661 838 804 874 Patrisque
827 839 997 874 dignitatem,

1047 243 1152 275 ἐπάξιοι
1166 243 1266 278 γερῶν.
1281 243 1453 278 Συνήρτηται
1472 243 1526 278 γὰρ
1545 243 1671 278 ἀλλήλοις
1685 244 1774 270 ταῦτα
1787 245 1836 270 καὶ

1047 288 1206 323 συνέχεται,
1223 289 1271 315 καὶ
1285 289 1334 323 τῆς
1347 288 1432 323 αὐτῆς
1453 288 1617 324 νομοθεσίας
1639 288 1765 323 ἐξῆπται.
1780 289 1835 316 Καὶ

1046 334 1126 365 αὐτὸς
1147 334 1277 369 ὁμότιμος
1295 335 1369 361 ἐστιν
1391 335 1405 361 ὁ
1425 334 1529 361 τούτων
1545 335 1674 362 ἁπάντων
1692 335 1739 362 καὶ
1754 343 1834 370 νομο-

1046 379 1127 414 θέτης
1146 379 1193 405 καὶ
1216 380 1376 415 εἰσηγητής.
1404 380 1513 415 Ἀμέλει
1533 375 1581 407 καὶ
1596 381 1641 407 τὸν
1661 380 1743 407 Aut/£6
1755 381 1835 408 πάλιν

1046 425 1151 459 εἰσάγει
1165 426 1300 460 μάρτυρα,
1318 425 1419 461 Κύριον
1433 427 1515 453 αὐτὴν
1528 426 1575 453 καὶ
1587 427 1704 462 νικητὴν
1719 435 1836 462 προανα-

1046 470 1229 506 κηρὺττοντα,
1245 471 1293 498 καὶ
1303 472 1353 506 οὐχ
1367 471 1462 503 ἁπλῶς
1475 492 1483 504 ,
1495 472 1551 498 ἀλλ’
1568 472 1597 498 ὲν
1612 472 1752 507 Πνεύματι
1765 473 1836 507 ἁγίῳ

1047 517 1094 544 καὶ
1108 517 1184 552 παρὰ
1200 517 1304 553 Κυρίου
1323 517 1373 554 τὴν
1393 518 1426 545 ἐκ
1451 517 1546 551 δεξιῶν
1562 518 1708 553 καθέδραν,
1732 518 1836 554 Κύριον

1047 563 1095 590 καὶ
1115 563 1196 589 αὑτὸν
1208 563 1283 595 ὂντα,
1302 563 1487 600 λαμϐάνοντα⁷
1505 565 1551 591 xui.
1565 565 1629 596 τοὺς
1643 564 1756 600 ἐχθροὺς
1769 565 1835 591 ὑπο-

1048 609 1140 636 πόδιον
1163 609 1218 636 τῶν
1240 610 1327 637 ποδῶν
1347 609 1428 637 αὐτοῦ
1456 610 1626 644 τιθεμένους,
1648 610 1697 636 καὶ
1718 611 1836 637 καταπί-

1048 663 1176 687 πτοντας.
1200 656 1256 682 Καὶ
1276 656 1327 682 ποῦ
1345 655 1432 682 ταῦτα
1457 656 1656 691 προαγορεύειν
1671 656 1775 683 ἐκεῖνον
1790 656 1837 682 καὶ

1048 700 1185 734 θεολογεῖν
1199 702 1301 737 παρῆν,
1323 703 1348 728 εἰ
1363 702 1413 737 τῆς
1427 702 1551 733 ἐναντίας
1569 699 1644 728 εἷλκε
1662 701 1773 737 μερίδος
1787 702 1838 736 τὴν

1048 747 1203 778 ἐπίπνοιαν,
1228 747 1347 782 μάλιστά
1370 756 1403 782 γε
1428 747 1565 781 θεολογεῖν
1587 747 1660 774 οὓτω
1681 747 1776 782 σαφῶς
1791 748 1838 774 καὶ

1049 791 1279 826 ἀπερικαλύπτως
1303 792 1349 819 τὸν
1369 792 1484 827 Ἰησοῦν,
1504 792 1608 827 Κύριον
1631 801 1662 819 τε
1677 793 1744 818 ῐδιον
1756 792 1838 818 αὐτὸν

1050 837 1237 871 ἀνομολογεῖν,
1250 837 1298 864 καὶ
1313 837 1342 864 τὸ
1355 837 1488 872 πατρικὸν
1506 837 1615 872 ἀξίωμα
1627 837 1672 864 διὰ
1683 837 1733 872 τῆς
1747 837 1840 873 κυριό-

210 889 424 911 commemorato
440 883 573 916 dominio,
594 884 643 918 ipsi
660 884 791 917 vindicet,
805 889 832 912 et
843 893 923 919 quam
938 885 995 912 illu-

1053 890 1130 917 τητος
1154 883 1366 918 ἐπιμαρτυρεῖν,
1384 883 1431 909 καὶ
1449 883 1487 915 ώς
1509 883 1642 918 λαμπρῶς
1662 884 1710 910 καὶ
1723 884 1840 918 ἀναφαί·

209 935 291 958 strcm
321 930 562 965 invincibilemque
581 931 731 966 potentiam
755 931 887 958 adversus
905 931 999 959 hostes

209 977 373 1011 probaturus
402 977 454 1008 sit,
479 981 604 1005 testetnr.
634 977 695 1004 llaec
719 977 810 1004 omnia
838 978 916 1011 cujus
939 977 998 1004 fue-

210 1022 246 1049 rit
272 1026 300 1049 et
324 1022 526 1056 prmnuntiare,
551 1026 579 1049 et
608 1022 637 1049 in
664 1022 792 1051 eﬂ‘ectutn
821 1022 973 1057 perducere

209 1074 290 1103 quam
316 1066 426 1101 quidetn
444 1066 572 1093 beneﬁca:
589 1066 636 1093 Dei
666 1066 822 1100 sapientiat,
848 1073 896 1100 per
918 1073 998 1100 quam

209 1116 237 1140 et
252 1112 343 1139 omnia
357 1112 521 1143 consistunt,
532 1116 559 1139 ct
575 1119 617 1144 ea,
631 1119 691 1146 qua:
704 1111 736 1138 ad
753 1112 868 1139 salutem
878 1115 999 1138 nostram

208 1159 366 1194 pertinent,
387 1150 420 1185 ab
435 1158 540 1193 origine
565 1158 659 1185 tnnndi
679 1158 802 1189 deﬁnila‘,
817 1163 1000 1192 eventumque

211 1203 318 1235 sortita,
337 1207 403 1230 sunt
418 1211 461 1235 eo,
478 1203 523 1237 qui
540 1203 714 1236 deliniverat,
729 1211 783 1230 non
805 1203 965 1238 indignum?

210 1246 211 1249 “
244 1248 350 1276 XXVII.
378 1249 581 1284 l‘erpendatnus
603 1256 669 1276 vero
693 1249 775 1276 etiam
800 1249 850 1276 hoc
866 1249 934 1281 loco,
950 1257 1001 1275 an-

208 1302 263 1321 non
279 1294 368 1322 Moses
383 1298 410 1321 et
426 1294 508 1327 Elias,
536 1294 685 1322 secundum
701 1295 788 1329 legem
801 1295 933 1327 viventes,
953 1294 1001 1321 mi-

208 1340 287 1367 nistri
302 1340 403 1367 fuerint
417 1340 480 1367 boni
506 1344 534 1366 et
551 1340 608 1367 veri
630 1340 690 1370 Dei,
709 1340 814 1374 ipsique
831 1340 1001 1375 placuerint?

209 1385 352 1420 Quomodo
371 1385 445 1412 enim
460 1386 487 1412 in
504 1389 606 1417 monte,
630 1385 658 1412 in
677 1393 731 1420 quo
748 1386 876 1413 Servator
891 1386 1000 1413 transﬁ-

209 1436 321 1466 guratus
330 1435 381 1462 est,
393 1431 561 1466 gloriamque
572 1431 723 1458 divinitatis
739 1439 794 1458 sua:
804 1431 1000 1466 manifestavit,

210 1481 237 1502 et
249 1476 391 1510 praecipuis
401 1476 457 1503 suis
469 1476 609 1511 discipulis
622 1476 736 1512 fulguris
754 1477 841 1504 instar
855 1477 1001 1504 videndam

211 1521 295 1554 dedit,
307 1521 421 1548 aderant
434 1521 488 1553 illi,
505 1522 653 1556 divinoque
668 1522 814 1556 splendore
830 1521 1000 1554 fruebantur,

211 1567 264 1594 nisi
277 1567 311 1593 ad
326 1567 446 1593 cultores
461 1567 520 1601 ejus
543 1572 571 1594 et
581 1567 723 1594 ministros
737 1567 936 1602 pertinuissent
954 1569 975 1584 ³²
991 1568 1002 1594 ?

212 1612 270 1639 ltno
287 1612 423 1648 quomodo
437 1620 491 1638 non
510 1613 597 1639 solum
615 1613 738 1645 aderant,
765 1613 852 1640 instar
865 1613 1002 1640 nudorum

214 1661 411 1692 ’speetatorum.
431 1657 476 1684 sed
494 1662 522 1684 ut
535 1659 611 1691 tales,
627 1658 673 1693 qui
690 1666 744 1693 prae
756 1659 867 1693 reliquis
882 1659 1003 1694 discipu-

214 1703 247 1729 lis
259 1702 388 1737 primitiis
402 1702 445 1729 his
460 1703 573 1730 visionis
589 1703 635 1730 Dei
658 1703 831 1736 fruebantur,
853 1709 880 1731 et
894 1711 927 1731 ex
941 1712 1003 1739 gra-

216 1748 252 1774 tia
266 1748 444 1783 praerogativa
475 1748 591 1783 quadam
616 1756 673 1784 pra:
687 1748 749 1782 illis,
764 1749 792 1776 in
804 1757 921 1784 quorum
936 1749 1004 1777 alio-

215 1793 283 1828 quin
299 1793 431 1819 societate
448 1798 537 1824 erant,
550 1793 740 1820 ornabantur?
767 1793 918 1829 Splendore
930 1794 1003 1822 enim

214 1838 373 1866 circumfusi
402 1846 464 1865 cum
485 1838 549 1866 Jesu
577 1839 770 1874 loquebantur,
791 1848 1004 1876 sermonumque

213 1884 322 1911 illorum
337 1892 442 1910 summa
463 1888 521 1911 erat
552 1893 629 1916 crux,
660 1889 688 1912 et
702 1885 813 1912 victoria
830 1890 857 1913 et
873 1891 973 1920 tropaea
989 1894 1004 1913 a

215 1933 304 1955 morte
322 1929 497 1963 reportanda.
511 1929 590 1962 Quod
604 1930 684 1966 igitur
698 1935 825 1965 respectu
838 1936 1002 1959 caeterorum

214 1974 413 2009 discipulorum
436 1975 553 2007 Petrus,
582 1975 699 2003 Jacobus
719 1981 747 2003 ct
769 1976 889 2004 Joannes
906 1982 1003 2010 erant,

215 2019 241 2046 id
262 2024 389 2054 respectu
405 2020 513 2047 illorum
530 2021 676 2056 (veterum)
690 2021 782 2048 Mosen
801 2026 828 2049 ct
844 2022 931 2049 Eliam
943 2030 1005 2050 esse

212 2065 268 2094 hoc
291 2065 350 2100 ipso
380 2066 510 2093 Servator
536 2066 703 2099 declarabat,
735 2075 837 2102 eosque
860 2068 1004 2096 evellebat.

211 2112 291 2145 Quod
306 2121 371 2140 vero
382 2113 508 2140 collocuti
521 2121 582 2141 cum
597 2121 630 2140 eo
643 2114 707 2146 sint,
728 2114 901 2150 primumque
914 2115 1004 2142 locum

214 2157 386 2190 occuparint,
422 2156 458 2183 ita
492 2155 633 2192 Scriptura
661 2164 737 2184 sacra
750 2157 856 2184 effert:
887 2158 1005 2193 Cumque

1051 937 1129 963 ρετον
1150 928 1181 954 τὸ
1205 929 1306 963 κράτος
1331 929 1498 964 ἀναδήσεται
1514 930 1545 956 τὸ
1566 930 1638 956 κατὰ
1653 929 1707 956 τῶν
1723 929 1838 965 ἐχθρῶν.

1050 973 1085 1000 Ἃ
1099 973 1170 1004 τίνος
1186 971 1220 1010 ἦν
1237 974 1318 1001 ἄλλου
1337 975 1384 1001 καὶ
1407 974 1602 1010 προθεσπίζειν
1624 975 1672 1001 καὶ
1686 975 1726 1006 είς
1747 975 1835 1008 πέρας

1049 1020 1136 1054 ἄγειν,
1152 1021 1174 1046 εξ
1192 1020 1229 1054 μὴ
1249 1020 1299 1055 τῆς
1319 1020 1508 1054 ἀγαθοδότιδος
1522 1021 1577 1056 (50)
1593 1020 1661 1047 Θεοῦ
1677 1020 1791 1054 σοφίας,
1805 1019 1839 1046 δι’

1048 1062 1082 1100 ἦς
1093 1065 1124 1092 τό
1136 1074 1165 1092 τε
1182 1067 1291 1101 σύμπαν
1305 1066 1420 1101 ὑπέστη,
1434 1067 1480 1093 καὶ
1495 1067 1529 1093 τὰ
1542 1066 1593 1101 τῆς
1606 1066 1745 1101 σωτηρίας
1758 1065 1840 1100 ἡμῶν

1050 1112 1103 1138 ἁπδ
1113 1111 1266 1146 καταϐολῆς
1277 1112 1435 1147 προωρίσθη
1455 1113 1570 1147 κόσμου,
1587 1112 1633 1139 καὶ
1655 1112 1741 1147 πέρας
1758 1111 1838 1138 ἔλαϐε

1049 1156 1096 1182 τοῦ
1112 1156 1307 1192 προορίααντος
1323 1157 1373 1183 οὐκ
1387 1157 1508 1189 ἀνάξιον.

1086 1245 1153 1272 Kll'.
1171 1245 1322 1280 Σκοπῶμεν
1345 1246 1374 1271 δὲ
1389 1245 1555 1278 κάντεῦθεν,
1575 1247 1600 1272 εἱ
1614 1245 1651 1280 μὴ
1668 1246 1771 1281 Μωσῆς
1793 1247 1842 1273 καὶ

1057 1291 1150 1322 Ἠλίας
1164 1290 1239 1326 νόμῳ
1255 1290 1416 1325 βεὸιωκότες
1432 1291 1598 1326 θεράποντες
1610 1288 1691 1326 ἦσαν,
1710 1291 1757 1318 καὶ
1772 1291 1841 1326 πρὸς

1050 1336 1198 1372 ἀρέσκειαν
1229 1337 1396 1372 πράττοντες
1420 1337 1469 1363 τοῦ
1499 1337 1603 1371 ἀγαθοῦ
1632 1337 1682 1364 καὶ
1712 1336 1840 1372 ἀληθινοῦ

1051 1381 1130 1407 Θεου.
1145 1381 1207 1411 Πῶς
1222 1382 1250 1408 ὲν
1262 1380 1300 1416 τῷ
1317 1381 1386 1416 ὖρει,
1402 1381 1431 1407 ἐν
1448 1378 1470 1414 ᾧ
1487 1381 1689 1417 μετεμορφώθη
1706 1382 1720 1407 ὁ
1735 1382 1840 1417 Σωτὴρ,

1051 1424 1100 1452 καὶ
1124 1425 1173 1459 τὴν
1193 1425 1272 1459 δόξαν
1291 1424 1373 1452 αὐτοῦ
1399 1425 1448 1461 τῆς
1468 1425 1594 1460 θεότητος
1620 1425 1841 1461 παρεγύμνωσε.

1052 1471 1100 1498 καὶ
1119 1471 1271 1506 ὲνήστραψε
1289 1472 1346 1502 τοῖς
1364 1471 1527 1506 προκρίταις
1544 1471 1598 1498 τῶν
1613 1471 1754 1506 μαθητῶν,
1771 1480 1843 1506 συμο

1053 1517 1180 1552 παρῆσαν
1201 1514 1273 1543 οὗτοι
1291 1517 1338 1543 καὶ
1362 1517 1553 1552 συναπήλαυον
1568 1516 1620 1551 τῆς
1645 1516 1720 1548 θείας
1739 1517 1843 1551 ἀστρα-

1054 1563 1119 1597 πῆς,
1137 1562 1174 1598 μὴ
1189 1563 1238 1598 τῆς
1255 1562 1338 1589 αὺτοῦ
1354 1562 1483 1598 λατρείας
1503 1561 1570 1598 μηδὲ
1587 1562 1735 1597 θεραπείας
1749 1562 1842 1596 δντεςς

1054 1608 1108 1635 Καὶ
1122 1609 1153 1635 οὺ
1178 1608 1360 1644 συμπαρῆσαν
1379 1608 1459 1643 μόνον
1478 1605 1522 1634 οἷα
1536 1607 1568 1643 δὴ
1585 1608 1712 1643 τυχόντες
1729 1609 1842 1642 θεαταὶ,

1053 1653 1122 1680 ἀλλὰ
1136 1653 1265 1688 μαθητῶν
1281 1653 1330 1688 μὲν
1344 1654 1399 1680 τῶν
1415 1653 1546 1680 πλειόνων
1561 1653 1723 1686 οἰκειώσεώς
1734 1662 1763 1680 τε
1777 1663 1845 1689 προ-

1054 1701 1157 1734 νομίοις
1169 1700 1216 1726 καὶ
1232 1699 1369 1731 θεοπτίαις
1384 1699 1573 1735 ἐξαιρούμενοι
1583 1708 1590 1715 ·
1607 1701 1653 1727 καὶ
1669 1698 1710 1731 οἷς
1736 1700 1765 1726 δὲ
1781 1709 1845 1726 συν-

1054 1746 1196 1772 ετάττοντο
1215 1745 1348 1778 κάκείνων
1360 1753 1386 1771 τι
1407 1745 1489 1771 πλέον
1504 1744 1576 1780 ἔχειν
1592 1745 1666 1780 παρὰ
1681 1746 1730 1780 τῆς
1745 1744 1846 1778 ἀγαθός

1054 1800 1133 1826 τητος
1142 1781 1227 1826 δῶρον
1239 1791 1378 1825 φέροντες.
1393 1791 1447 1816 Καὶ
1455 1791 1509 1826 γὰρ
1519 1789 1583 1826 δόξῃ
1596 1790 1846 1826 περιαυγαξόμενοι

1055 1837 1216 1863 συνελάλουν
1238 1836 1277 1872 τῷ
1304 1835 1392 1871 Ἰησοῦ
1417 1838 1463 1863 καὶ
1482 1836 1537 1863 τῶν
1551 1837 1637 1871 λόγων
1652 1834 1686 1872 ἦν
1710 1836 1740 1863 τὺ
1759 1836 1845 1871 κεφά-

1054 1882 1129 1909 λαιον
1143 1883 1157 1909 ὀ
1171 1881 1288 1917 σταυρὸς
1308 1883 1355 1908 καὶ
1369 1883 1385 1917 ἡ
1401 1881 1471 1908 κατὰ
1485 1880 1532 1907 τοῦ
1547 1881 1662 1908 θανάτου
1675 1881 1736 1916 νίκη
1754 1882 1801 1908 καὶ
1815 1881 1847 1907 τὸ

1055 1929 1195 1962 τρόπαιον,
1222 1927 1305 1954 Ὥστε
1323 1927 1391 1962 ὅπερ
1406 1924 1475 1962 ἦσαν
1490 1927 1547 1958 τοῖς
1570 1926 1660 1958 ἄλλοις
1676 1927 1779 1961 Πέτρος
1798 1928 1847 1954 καὶ

1061 1973 1188 2005 Ἰάκωϐος
1217 1973 1264 2000 καὶ
1287 1973 1428 2008 Ἰωάννης,
1460 1972 1538 1998 τοῦτο
1568 1973 1654 2007 Μωσῆ
1678 1972 1725 1999 καὶ
1751 1973 1846 1999 Ἠλίαν

1054 2019 1160 2050 τούτοις
1173 2017 1244 2046 εἶναι
1256 2018 1396 2054 διεκέσμει
1410 2018 1481 2045 κατά
1489 2026 1521 2052 γε
1531 2017 1610 2044 τοῦτο
1624 2017 1846 2053 καὶὲμεγάλυνεν

1055 2066 1069 2091 ὁ
1087 2065 1192 2101 Σωτήρ.
1211 2064 1271 2091 Ὅτι
1286 2064 1322 2095 δε
1333 2064 1499 2099 συνωμίλουν
1517 2063 1593 2098 αὑτῷ
1606 2065 1653 2090 καὶ
1668 2063 1718 2098 τὴν
1733 2063 1847 2099 πρώτην

1055 2111 1130 2143 τάξιν
1154 2110 1290 2145 ἐπλήρουν
1302 2129 1310 2141 ,
1326 2109 1375 2135 ὡδὶ
1398 2109 1428 2136 τὸ
1450 2110 1499 2144 τῆς
1517 2109 1667 2144 ίερολογίας
1690 2109 1771 2143 φησί*
1789 2109 1847 2136 Καὶ

1055 2156 1174 2191 ἐγένετο
1193 2156 1228 2182 ἐν
1240 2155 1280 2187 τῷ
1296 2155 1517 2189 προσεύχεσθαι
1530 2155 1634 2186 αὐτὸν,
1651 2154 1685 2181 τὸ
1699 2152 1778 2187 εἶδος
1791 2154 1848 2181 τοῦ

212 2206 376 2236 precaretur,
399 2202 504 2229 habitus
520 2203 606 2230 vultus
636 2203 693 2238 ejus
712 2205 798 2238 {actus
820 2208 857 2230 est
876 2204 957 2236 alius,
980 2212 999 2231 et

1057 2201 1219 2235 προσώπου
1235 2200 1328 2227 αὐτοῦ
1348 2200 1460 2234 ἕτερον,
1481 2199 1532 2226 καὶ
1548 2200 1564 2225 ό
1580 2199 1736 2233 ἱματισμὸς
1751 2197 1848 2224 αὐτοῦ

214 2249 365 2275 vestimenta
383 2249 439 2283 ejus
454 2249 515 2276 alba
532 2257 564 2276 ac
580 2249 748 2284 refulgentia.
778 2249 809 2277 Et
822 2259 879 2277 ecce
890 2251 940 2277 duo
954 2251 1004 2277 viri

213 2293 426 2328 adloquebantur
437 2303 494 2321 cum
513 2303 552 2328 eo,
578 2296 623 2330 qui
648 2301 722 2322 erant
738 2295 820 2323 Moses
835 2300 859 2323 et
877 2296 951 2323 Elius
971 2297 1004 2324 ".

213 2337 358 2366 Audisne?
384 2339 482 2372 Moses,
508 2340 607 2375 inquit,
628 2347 721 2375 erant,
748 2346 775 2368 et
791 2341 882 2375 Elias,
908 2342 954 2376 qui
978 2341 1006 2368 in

213 2384 299 2418 gloria
324 2391 487 2421 apparentes
510 2385 560 2421 ipsi
576 2387 681 2413 exitum
714 2387 909 2421 praedicebant,
925 2395 1006 2423 quem

215 2431 360 2458 sortiturus
385 2436 444 2459 erat
465 2432 668 2467 Hierosolymis.
685 2431 734 2459 Vel
753 2432 775 2460 si
794 2433 880 2461 mavis
905 2433 1006 2460 intelli-

215 2481 278 2508 gere
293 2476 406 2510 gloriam
418 2477 453 2504 de
469 2484 521 2512 qua
534 2477 586 2504 alia
606 2475 758 2511 Scriptura
770 2481 895 2508 testatur,
913 2477 1006 2504 Mosen

215 2525 242 2546 et
258 2521 342 2548 Eliam
354 2522 503 2551 divinitatis
523 2531 590 2554 suae,
617 2523 708 2558 quoad
722 2522 767 2549 illa
789 2523 823 2550 ab
837 2523 949 2550 homine
961 2524 1003 2550 vi-

216 2565 273 2593 deri
286 2571 383 2601 potest,
400 2574 567 2603 spectatores
581 2569 710 2597 Servator
722 2568 931 2605 transﬁguratus
946 2577 1006 2598 esse

254 2622 276 2637 ²⁶
287 2622 383 2650 Matth.
398 2631 464 2656 XVII,
478 2624 505 2655 θ,
518 2625 545 2650 5.

1056 2244 1168 2277 λευκὸς
1185 2244 1411 2277 ἐξαστράπτων,
1424 2243 1473 2269 καί
1498 2243 1563 2270 ἰδοὺ
1578 2243 1686 2277 ἄνδρες
1702 2243 1756 2269 δύο
1772 2249 1849 2268 συν-

1056 2291 1191 2318 ελάλουν
1209 2290 1300 2323 αὐτῷ,
1318 2290 1427 2322 οἵτινες
1445 2288 1528 2325 ἦσαν
1541 2290 1654 2323 Μωσῆς
1669 2290 1720 2317 καὶ
1737 2289 1848 2321 Ἠλίας.

1063 2337 1203 2370 Ἀκούειςς
1219 2337 1322 2372 Μωσῆς
1333 2355 1341 2368 ,
1363 2337 1446 2371 φησὶν
1457 2357 1465 2371 ,
1482 2335 1552 2372 ἦσαν
1565 2336 1612 2363 καὶ
1634 2336 1739 2368 Ἠλίας,
1751 2335 1776 2361 οἱ
1796 2335 1849 2368 ὀφ-

1057 2383 1150 2415 θέντες
1163 2385 1192 2409 ὲν
1207 2383 1271 2419 δόξῃ
1282 2402 1290 2413 .
1305 2382 1398 2416 ἔλεγον
1412 2382 1461 2418 τὴν
1477 2382 1566 2414 ἔξοδον
1580 2381 1663 2407 αὑτοῦ
1675 2402 1684 2414 ,
1701 2381 1735 2416 ἢν
1751 2380 1851 2416 ἔμελλε

1058 2429 1179 2465 πληροῦν
1196 2430 1225 2455 ὲν
1248 2428 1438 2464 Ἰερουσαλήμ.
1466 2429 1500 2454 Ἥ
1527 2428 1550 2453 εί
1573 2427 1662 2462 βούλει
1682 2427 1731 2462 τὴν
1747 2426 1827 2458 δόξαν
1841 2446 1851 2458 ,

1057 2475 1150 2510 ὥσπερ
1166 2475 1234 2511 ἄλλη
1250 2474 1370 2501 διδάσκει
1384 2473 1480 2509 Γραφὴ
1497 2473 1551 2508 (51)
1569 2473 1671 2507 Μωσῆν
1687 2473 1734 2499 καὶ
1754 2472 1851 2498 Ἠλίαν

1057 2521 1106 2556 τῆς
1134 2520 1216 2548 αὑτοῦ
1242 2520 1387 2555 θεότητος,
1415 2519 1452 2552 ὥς
1476 2520 1550 2546 ἐστιν
1575 2517 1712 2554 ἀνθρώπῳ
1736 2512 1851 2545 δυνατὶν

1060 2568 1134 2599 ἰδεῖν,
1161 2567 1317 2602 παρέστησε
1341 2566 1440 2597 θεατὰς
1463 2564 1620 2600 μορφωθεὶς
1643 2564 1657 2590 ὁ
1680 2563 1784 2598 Σωτὴρ,
1801 2564 1850 2589 καὶ

765 2680 880 2710 VARI/[<1
896 2681 1087 2709 LECTIONES
1101 2681 1145 2708 ET
1165 2679 1282 2707 NOT/E.
1606 2688 1619 2700 ο

254 2735 309 2775 ςὸθ)
336 2734 575 2775 Ἁγςαθςδέζιδοςε
592 2734 651 2775 Ms._
669 2735 838 2775 ἁταθὸτιδος,
864 2735 1001 2775 Ili-scripsi

237 2769 305 2802 rius,
319 2778 352 2796 ex
369 2769 535 2804 ἀγαθοδότης
552 2773 579 2795 et
595 2770 621 2796 in
640 2769 771 2797 feminino
784 2778 884 2803 genere
899 2769 1002 2804 ἁγαθο-

237 2779 303 2802 rtus,
319 2779 352 2796 ex
369 2779 500 2804 αγαυοοοτ
521 2779 535 2800 ς
552 2779 579 2795 et
595 2779 621 2796 tn
640 2779 771 2797 temttnno
784 2779 884 2803 genere
899 2779 1002 2804 αγαυο-

218 2779 299 2836 Edric,
314 2805 339 2832 id
355 2810 407 2837 est,
420 2805 465 2839 qui
480 2779 520 2831 véi
535 2812 593 2839 (μιαν
610 2805 675 2831 bona
688 2806 849 2839 suppeditat.
867 2805 939 2833 Usus
956 2806 1006 2833 hac

221 2847 286 2867 voce
301 2844 343 2868 est
357 2839 502 2874 Dionysius
521 2839 691 2874 Areopagita.

1094 2737 1149 2773 (3|)
1165 2736 1283 2773 Γραφῇ.
1294 2735 1398 2773 alludit
1408 2736 1505 2773 Noster
1519 2737 1619 2773 procul
1628 2736 1711 2773 dubio
1724 2737 1757 2765 ad
1768 2737 1836 2765 Joan
1845 2758 1854 2765 .

1060 2781 1079 2802 l.
1095 2771 1138 2803 Μ,
1155 2772 1200 2800 ubi
1221 2772 1258 2799 ita
1277 2780 1283 2798 :
1300 2771 1414 2806 Εἴδαμεν
1431 2771 1480 2807 τὴν
1496 2771 1575 2804 δόξαν
1591 2772 1674 2799 αὑτοῦ
1687 2792 1694 2804 ,
1715 2773 1797 2806 δόξαν
1813 2773 1856 2805 ὡς

1062 2808 1233 2842 Μονογενοῦς
1247 2806 1323 2842 παρὰ
1339 2807 1457 2842 Πατρός.
