1940 3081
91 147 139 180 241

603 153 751 184 CONTRA
770 155 998 198 MANICH/EOS
1014 157 1129 187 LIBER
1156 148 1205 188 iV.

1668 159 1723 190 212

91 204 144 235 τοῖς
165 202 302 239 μαθηταῖς
317 203 475 239 συντάττει,
493 200 594 241 μᾶλλον
611 208 649 238 δὲ.
665 209 703 240 ὡς
723 209 876 241 δέδεικται,

931 211 1025 242 voluit,
1037 219 1138 247 eosque
1151 219 1211 239 cum
1229 211 1372 247 discipulis
1384 212 1535 247 coniungit,
1559 213 1600 240 vel
1617 215 1719 248 potius,

92 250 214 283 προάγει.
231 252 279 284 οὐχ
296 251 337 277 ὅτι
350 251 438 278 διόλου
456 253 487 279 τὸ
504 252 613 280 ἔλαττον
630 253 747 287 ἕξουσιν,
765 255 824 282 ἀλλ’
837 257 878 283 ὅτι

92 296 145 327 τοῖς
159 296 210 330 μὲν
221 296 260 330 τῷ
274 295 312 331 νῷ
325 296 447 325 διαπλεῖν
461 297 561 326 ἐτι-τὸν
576 299 644 334 βίον,
656 301 703 327 καὶ
713 302 773 332 ταῖς
784 310 879 336 τρικυ-

94 340 184 375 μῖαις,
204 339 249 368 οἷα
265 341 298 376 δὴ
320 342 354 369 τὰ
374 343 552 379 ἀνθρώπινα,
575 345 723 372 ὑπελίπετο
747 346 878 373 κλυδωνί-

92 385 184 417 {saltat
194 396 202 402 -
218 388 242 414 oi
260 388 288 414 δὲ
302 388 348 415 τὸν
357 389 442 424 ὅρμον
458 388 530 425 εἶχον
543 391 709 426 ἀκύμαντον.
737 392 766 419 Ὀ
786 393 814 419 δὲ
828 393 878 428 τῆς

93 432 241 466 ἀσφαλείας
255 434 304 460 καὶ
319 434 366 461 τοῦ
386 434 495 470 λιμένος
513 435 596 472 μήπω
609 436 712 472 τυχὼν,
730 438 778 464 τοῦ
793 447 879 465 κατα-

92 476 215 508 λαὸὁντος
231 478 293 513 ἤδη,
314 479 362 506 καὶ
376 480 443 506 πολὺ
457 480 621 516 τιμιώτερον
635 481 664 508 τὸ
681 483 790 518 φορτίον
807 483 878 520 φέρῃ

91 524 122 558 τῇ
132 525 134 528 ’
144 523 241 559 ἀδηλίᾳ
257 526 307 559 τῆς
326 526 475 561 σωτηρίας,
493 526 540 554 τοῦ
555 527 668 562 βεϐαίαν
683 528 786 563 ταύτην
801 530 879 563 εὑρο-

92 570 171 604 μένου
187 570 277 605 πολλῷ
294 571 419 598 λείπεται
436 572 504 607 (52).
529 573 602 608 Πλὴν
615 573 673 600 ἀλλ’
689 574 736 606 οὓς
749 575 879 611 τηλικαύ-

89 623 137 649 της
160 615 240 649 δόξης
265 616 337 648 ἀξιοῖ
352 617 470 652 Χριστος
487 619 503 652 ἡ
519 618 644 654 ἀλήθεια,
661 619 699 651 ὡς
714 621 761 646 καὶ
783 621 879 648 συλλα-

89 661 144 688 λεῖν
164 661 264 693 αὐτοὺς
280 662 356 697 αὺτῷ
372 663 419 689 καὶ
440 664 536 699 ὑμνεῖν
556 665 639 692 αὑτοῦ
654 666 703 701 τὴν
726 666 806 699 δόξαν
832 669 879 695 καὶ

88 707 136 742 τὴν
148 707 253 740 ἐξῡδον,
268 709 323 744 ἄρα
337 709 449 741 τούτους
463 711 494 737 οὐ
514 711 636 746 φρίττεις
652 714 804 748 κωμῳδεῖν,
821 714 877 741 ἀλλ’

88 754 127 785 εἰς
139 755 262 789 πονηρὰν
277 755 399 787 ἐλαύνεις
413 757 516 792 άρχήν;
533 758 581 789 Τίς
593 757 616 785 δ’
631 759 711 786 αὐτὸν
724 760 815 786 ἐκάλει
830 760 878 787 καὶ

88 799 167 835 χρείᾳ
182 800 286 834 ἀγαθὸν
299 800 364 827 ὂντα
380 802 428 828 καὶ
442 802 610 838 άγαϐότητος
626 804 734 839 πηγὴν,
748 805 813 836 τοὺς
828 806 879 832 οὐκ

87 847 165 878 δντας
182 847 232 882 μὲν
246 848 341 880 αὐτοῦ,
358 849 444 885 κακίᾳ
457 849 484 875 δὲ
500 852 644 885 συμφυεῖς,
659 853 715 882 τοῖς
728 860 758 878 τε
774 851 874 885 ἄλλοις,

86 893 106 920 ἃ
130 893 310 928 προείρηται,
330 884 435 930 τιμᾷνς
454 895 503 921 καὶ
527 896 595 931 πρὸς
617 897 713 923 ἑαυτὸν
741 884 877 933 μετακλήέ
892 884 913 911 Β

86 948 148 971 τους
163 941 262 967 ποιεῖν.
281 940 349 967 οὐδὲ
371 941 426 976 γὰρ
447 941 547 968 ἐκεῖνοι
565 941 662 979 γνώμῃ
681 944 809 980 παρῆσαν
826 953 876 972 πο-

87 985 150 1018 θὲν,
163 986 225 1012 οὐδὲ
240 986 295 1022 γὰρ
320 986 423 1022 ἴσχυον,
441 988 509 1014 ἀλλὰ
531 988 578 1016 τὸν
602 989 651 1024 μὲν
672 990 753 1022 αὐτὸς
768 991 797 1022 ἐξ
811 990 877 1026 ᾅδου

85 1031 214 1058 ἀνασπῶν
224 1051 231 1063 ,
248 1032 294 1059 τὸν
308 1031 336 1058 δὲ
351 1033 384 1059 ὲκ
402 1033 557 1068 μεταρσίων
572 1042 601 1060 τε
615 1035 662 1061 καὶ
679 1034 782 1070 φθορᾶς
798 1036 877 1062 ﬂeu—

86 1077 172 1112 θέρων
201 1077 328 1112 μετάγων
357 1079 564 1114 σκηνωμάτων,
595 1080 756 1114 ὲξῳκειοῦτό
779 1090 808 1107 τε
829 1081 876 1108 καὶ

86 1124 222 1158 συνῆπτεν
250 1124 350 1156 αὐτοὺς
369 1124 470 1160 ἐαυτῷ.
486 1125 542 1151 Καὶ
560 1125 592 1152 οὐ
608 1125 695 1153 ταῦτα
711 1126 808 1161 μόνον,
826 1127 875 1154 ἀλ-

84 1169 119 1195 λά
130 1177 161 1202 γε
174 1169 223 1195 καὶ
235 1169 249 1195 ὁ
260 1169 356 1204 Πατὴρ
369 1169 483 1203 ἄνωθεν,
495 1170 637 1205 παρόντων
651 1171 706 1198 τῶν
715 1172 874 1207 ἀλλοτρίων,

83 1215 122 1245 ὼς
135 1215 159 1240 oi
174 1215 221 1241 τοῦ
232 1215 374 1250 ἀλλοτρίου
389 1217 467 1250 φασὶ,
481 1217 596 1252 νεφέλην
608 1217 696 1251 φωτὸς
711 1217 874 1251 διετάννυεν,

82 1260 297 1292 ἐπισκιάζουσιν
322 1262 430 1294 αὐτούς.
449 1262 503 1288 Καὶ
520 1263 613 1297 φωνὴν
636 1263 668 1289 ὲκ
688 1264 738 1299 τῆς
760 1259 876 1300 νεφέλης

81 1303 159 1338 ἀφίει
171 1304 313 1338 λέγουσαν·
329 1303 423 1339 Οὗτός
435 1307 523 1333 ἐστιν
537 1308 554 1334 ὀ
572 1307 638 1341 Υἱός
649 1316 708 1342 μου
725 1308 742 1335 ὀ
760 1308 876 1343 ἀγαπη-

82 1350 146 1382 τὸς,
165 1350 201 1376 ἐν
221 1347 245 1384 ᾦ
266 1351 420 1385 εὐδόκησα
462 1353 558 1380 αὐτοῦ
583 1354 717 1382 ἀκούετε.
737 1354 808 1386 Τοὺς
828 1353 875 1381 οὖν

82 1395 244 1430 τηλικούτου
271 1397 408 1433 θεάματος
428 1399 550 1431 ἐπόπτας
570 1401 617 1427 καὶ
633 1400 738 1435 μύστας
753 1401 801 1427 καὶ
822 1410 874 1437 μυ-

83 1443 245 1476 σταγωγοὺς
260 1443 314 1480 ἄρα
328 1445 359 1471 οὺ
373 1445 418 1471 διὰ
433 1445 523 1481 πάσης
539 1446 676 1481 προσῆκεν
690 1447 767 1481 ἄγειν
779 1449 873 1483 τιμῆς,

82 1485 125 1519 οἷς
140 1488 221 1522 λόγος
238 1490 313 1517 ἐστὶν
334 1490 460 1518 ὁπωσοῦν
483 1492 531 1517 καὶ
547 1492 674 1526 πράξεων
691 1493 738 1519 καὶ
757 1493 875 1529 κρίσεων

82 1532 140 1560 τῶν
158 1534 351 1568 Δεσποτικῶν;
381 1535 461 1562 Ἀλλὰ
484 1536 538 1571 γὰρ
562 1538 576 1564 ὁ
597 1537 692 1572 Σωτὴρ
715 1538 761 1565 καὶ
785 1539 876 1572 πάντα

82 1579 183 1614 σοφίας
201 1581 309 1616 πλούτῳ
325 1582 373 1609 καὶ
387 1570 594 1619 φιλανθρωπίας
616 1570 812 1620 καί-πράττων
827 1570 877 1613 καί

82 1626 302 1662 προσδεχόμενος
328 1627 382 1653 τῶν
412 1628 516 1655 παίδων
541 1630 596 1660 τοῖς
625 1628 738 1664 ὕμνοις,
763 1630 810 1662 οὓς
842 1631 877 1658 τὰ

82 1671 225 1706 παράδοξα
237 1672 292 1699 τῶν
307 1673 396 1708 ἔργων
410 1675 449 1706 εἰς
463 1674 603 1710 εὐφημίαν
613 1675 698 1702 ἐκίνει
709 1677 875 1713 δορυφορού-

83 1724 179 1750 μενος,
194 1718 256 1744 ἐπεὶ
279 1718 334 1745 τῶν
354 1719 521 1755 Ἰουδαίωνή
540 1720 669 1756 πώρωσις
691 1723 737 1749 καὶ
760 1723 878 1758 σκληρο-

82 1763 188 1798 καρδία
210 1765 250 1797 εἰς
263 1765 485 1801 διαγογγυσμοϋς
499 1766 703 1803 ἐξερριπίζετο,
726 1768 776 1795 οὐκ
794 1769 877 1796 ἀλλα-

81 1809 165 1845 χόθεν
186 1811 284 1843 αὐτοὺς
302 1812 478 1848 ἐπιπλήττων
501 1813 672 1848 στηλιτεὺει,
690 1815 771 1841 πάλιν
787 1815 816 1841 δὲ
831 1815 878 1842 τὸν

81 1856 229 1885 Δαυῑτικὸν
242 1858 366 1892 χρησμὸν
381 1858 501 1893 ἄφυκτον
518 1859 638 1894 ἐλέγχων
654 1860 709 1895 (55)
726 1861 876 1888 ἀνατείνει·

82 1901 134 1928 καὶ
160 1901 194 1928 δι’
212 1902 318 1929 ἐκείνου
344 1904 409 1935 τοὺς
438 1904 489 1939 μὲν
514 1905 711 1940 καταισχύνει,
739 1906 830 1941 ἐαυτῷ
849 1906 879 1932 δὲ

81 1947 150 1978 τοὺς
175 1946 276 1982 ὕμνους
301 1949 460 1976 ὲπιὸάλλειν
487 1950 620 1978 διδάσκει.
642 1951 697 1978 Καὶ
725 1951 778 1978 ποῦ
798 1952 879 1979 τοῦτο

82 1993 186 2025 καλόνς
203 1994 254 2020 ποῦ
267 1995 295 2021 δὲ
311 1995 473 2029 ἀκόλουθονς
490 1996 594 2024 δίκαιον
609 1997 637 2024 δὲ
653 1997 712 2030 πῶς
728 1998 762 2026 ἂν
777 1998 820 2034 εἴη
834 1999 879 2025 τὸν

83 2040 297 2074 παραγεγονότα
313 2041 464 2068 καταλῦσαι
482 2042 512 2068 τὸ
523 2042 569 2069 τοῦ
581 2042 706 2070 διαϐόλου
721 2044 832 2079 κράτος,
845 2044 879 2070 δι’

81 2084 194 2111 ἐκείνου
218 2086 248 2112 τὺ
270 2087 320 2122 τῆς
344 2087 425 2122 δόξης
452 2088 573 2123 πρέπον,
596 2089 643 2116 καὶ
668 2089 718 2125 τὴν
748 2089 880 2117 σύστασιν

82 2130 177 2165 ἑαυτῷ
201 2131 323 2166 πορίζειν
340 2133 416 2168 (54);
440 2134 519 2160 τοῦτο
541 2134 597 2170 γὰρ
619 2135 670 2170 τῆς
691 2136 878 2172 ἀποπατικῆς

83 2178 194 2212 σπορᾶς
207 2177 222 2204 ό
243 2179 359 2214 καρπός.
384 2181 438 2207 Καὶ
454 2180 512 2215 ἅμα
529 2181 579 2216 μὲν
600 2181 769 2217 ἐπιδημῆσαι
788 2183 879 2218 πάσης

82 2226 208 2255 πίστεως
229 2225 331 2260 ἄπορον
353 2227 399 2253 τὸν
415 2227 512 2262 ἐχθρὸν
526 2228 613 2255 ποιεῖν
625 2248 632 2260 ,
650 2228 708 2263 ἅμα
722 2229 751 2255 δὲ
764 2229 814 2261 τὰς
830 2238 879 2264 με-

82 2270 184 2303 γίστας
199 2270 273 2306 αὐτῷ
287 2271 430 2306 προξενεῖν
443 2273 490 2299 καὶ
499 2273 642 2300 λανθάνειν
650 2275 746 2301 ἑαυτὸν
757 2275 882 2301 ἀντισυν-

85 2316 208 2343 ιστῶντα
219 2317 267 2343 καὶ
279 2317 458 2352 κρατύνοντα,
470 2316 501 2345 οὗ
517 2320 548 2346 τὸ
563 2320 664 2354 κράτος
677 2317 745 2355 ἧκεν
759 2320 880 2354 ἀφελεῖν.

83 2359 134 2390 οἷς
152 2361 210 2395 γὰρ
219 2361 252 2388 ἂν
270 2370 312 2393 τις
334 2362 378 2389 διὰ
398 2363 453 2390 τῶν
470 2364 517 2391 τοῦ
540 2364 659 2399 ψεύστου
679 2364 811 2399 ῥημάτων
832 2365 881 2400 τὴν

82 2407 219 2443 ἀλήθειαν
242 2408 388 2441 σπουδάζει
405 2409 490 2442 δεῖξαι
519 2410 661 2446 παροῦσαν
676 2410 767 2446 ἐαυτῷ
788 2411 881 2437 καὶτὸ

120 2478 146 2493 ὀ
159 2470 257 2504 suum.
272 2486 339 2510 xvu,
354 2478 381 2505 5.

930 265 979 285 ceu
994 255 1134 285 ostensum
1153 261 1204 289 est,
1223 257 1257 285 iis
1270 258 1389 293 praelert,
1404 266 1459 285 non
1473 259 1545 293 quod
1562 267 1610 293 per
1629 260 1721 287 omnia

930 303 1064 330 secundas
1079 309 1171 338 partes
1185 303 1266 331 laturi
1281 309 1384 336 essent,
1412 304 1459 331 sed
1473 304 1544 338 quod
1565 305 1592 331 hi
1611 305 1721 340 quidem

929 349 1020 375 animo
1045 348 1134 375 adhuc
1151 355 1202 383 per
1237 348 1320 375 vitam
1343 348 1421 383 quasi
1445 348 1473 375 in
1491 349 1560 376 mari
1577 349 1670 385 vagari
1693 354 1721 377 et

929 393 1067 426 ﬂuctibus,
1093 402 1162 429 qttos
1184 395 1311 421 humanae
1334 402 1378 422 res
1392 402 1485 421 secum
1504 394 1607 427 lerunt,
1621 395 1720 430 jactari

929 440 1020 467 adhuc
1035 440 1179 472 deberent,
1193 439 1247 466 illis
1266 438 1443 473 tranquillum
1469 444 1579 473 portutn
1602 439 1721 466 tenenti-

929 486 990 513 bus.
1009 485 1062 518 Qui
1074 493 1141 513 vero
1162 486 1337 513 securitatem
1368 489 1396 512 et
1412 479 1520 520 por'tum
1537 484 1660 511 nondum
1677 492 1728 511 εις--

930 536 1041 559 secutus
1053 536 1106 564 est,
1123 531 1270 559 deterioris
1292 535 1334 559 est
1346 531 1512 559 conditionis
1532 538 1574 562 eo,
1595 531 1641 565 qui
1663 530 1720 565 jam

929 583 1076 612 utrumque
1090 582 1182 610 tenet;
1209 582 1236 604 et
1256 577 1335 612 cujus
1349 577 1423 603 salus
1441 576 1531 604 adhuc
1546 577 1651 603 incerta
1666 580 1718 605 est.

929 622 975 651 illo
991 628 1033 651 est
1047 624 1134 651 multo
1150 624 1275 656 inferior,
1298 624 1343 658 qui
1360 631 1420 650 eam
1436 623 1492 658 jam
1507 622 1621 650 invenit.
1646 621 1730 655 Quos

929 680 994 700 vero
1017 676 1091 699 tanta
1107 671 1193 707 gloria
1219 672 1347 707 dignatur
1368 671 1508 703 Christus,
1530 670 1587 705 ipsa
1608 669 1720 698 veritas,

929 718 965 745 ita
981 722 1010 745 ut
1032 723 1059 745 et
1080 718 1195 752 colloqui
1219 725 1266 744 eos
1292 725 1395 749 secum,
1419 721 1447 744 et
1461 716 1575 751 gloriam
1598 722 1675 742 suam
1690 715 1732 742 ac‘

929 763 1031 790 exitum
1051 763 1199 798 praedicare
1215 761 1305 794 faciat,
1321 761 1397 788 eisne
1418 764 1447 788 tu
1471 759 1600 792 illudere,
1618 759 1672 785 into
1686 753 1725 785 at?

928 809 1031 836 malum
1053 807 1220 843 principium
1240 814 1288 834 eos
1307 806 1410 834 referre
1431 813 1488 832 non
1504 803 1628 831 vereris?
1653 803 1722 836 Quis

928 862 994 882 vero
1011 862 1073 882 eum
1087 857 1115 882 et
1135 853 1290 881 necessario
1305 853 1407 879 bonum
1423 855 1452 878 et
1466 850 1595 878 bonitatis
1615 849 1729 876 fontem'

928 899 1076 935 appellabit
1089 900 1136 934 qui
1156 906 1212 926 non
1227 899 1283 925 sint
1296 898 1349 930 sui,
1366 897 1412 924 sed
1428 897 1519 932 potius
1530 895 1593 923 mali
1610 899 1719 926 natura,

929 949 986 973 tum
1008 945 1079 977 aliis,
1100 952 1168 980 quos
1191 944 1328 974 diximus,
1352 943 1440 970 modis
1461 942 1543 974 colat,
1566 945 1623 968 tum
1638 941 1672 968 ad
1689 948 1721 967 se

928 991 1070 1018 advocet?
1094 990 1190 1025 Neque
1213 989 1286 1016 enim
1304 989 1341 1015 illi
1363 993 1462 1023 sponte
1477 994 1527 1014 sua
1549 986 1601 1022 ipsi
1619 989 1722 1020 praesto

927 1038 1051 1069 fuerunt,
1071 1045 1123 1064 nec
1141 1044 1202 1064 esse
1218 1039 1365 1071 poterant:
1389 1035 1438 1072 sed
1452 1034 1534 1061 alium
1557 1032 1669 1067 quidem
1686 1037 1725 1058 ex‘

927 1084 1055 1118 sepulcro
1080 1087 1250 1115 retractum,
1281 1081 1365 1108 alium
1391 1087 1458 1107 vero
1489 1087 1523 1107 ex
1556 1077 1723 1106 habitaculis

927 1129 1054 1164 supernis
1062 1132 1089 1155 et
1099 1136 1114 1155 a
1128 1128 1306 1162 corruptione
1322 1126 1490 1153 immunibus
1503 1125 1651 1152 deductum
1667 1124 1720 1151 sibi

926 1175 1075 1203 asciscebat
1088 1174 1147 1208 ipse
1168 1178 1196 1200 ct
1216 1173 1357 1208 iungebat.
1373 1172 1466 1206 Neque
1479 1171 1532 1198 hoc
1550 1170 1651 1202 solum,
1669 1169 1720 1197 sed

927 1225 954 1248 et
971 1220 1051 1247 Pater
1068 1220 1127 1253 ipse
1139 1225 1271 1253 superne,
1294 1216 1476 1252 prtesentibus
1492 1215 1600 1246 alienis,
1618 1219 1649 1241 ut
1668 1214 1718 1247 illi,

926 1266 973 1301 qui
989 1265 1024 1293 ad
1038 1265 1159 1292 alienum
1182 1264 1332 1298 pertinent,
1358 1263 1446 1294 aiunt,
1470 1261 1539 1288 lucis
1553 1261 1656 1287 nubem
1669 1268 1720 1286 ex-

926 1312 1022 1347 pandit
1033 1319 1082 1338 eos
1096 1310 1318 1341 obumbrantem,
1335 1313 1364 1336 et
1378 1315 1474 1336 vocem
1492 1315 1525 1334 ex
1536 1306 1610 1333 nube
1625 1304 1720 1332 emisit

925 1358 1063 1385 dicentem
1076 1365 1082 1383 :
1102 1355 1152 1383 llic
1163 1359 1201 1382 est
1220 1355 1304 1382 Filius
1318 1362 1390 1382 meus
1404 1353 1525 1384 dilectus,
1536 1353 1564 1379 in
1575 1359 1625 1386 quo
1647 1359 1720 1377 com-

926 1401 1016 1436 placui
1037 1409 1046 1428 :
1072 1407 1132 1427 eum
1149 1399 1285 1426 audite”.
1311 1398 1367 1425 llos
1387 1398 1469 1432 igitur
1486 1396 1554 1424 tanti
1567 1394 1720 1430 spectaculi

926 1446 1158 1482 contemplatores
1177 1450 1206 1472 et
1226 1448 1327 1480 mystas
1346 1449 1374 1471 et
1393 1444 1520 1470 doctores
1535 1448 1626 1468 nonne
1641 1441 1718 1468 omni

926 1493 1039 1521 honoris
1054 1499 1155 1527 genere
1187 1490 1315 1526 prosequi
1331 1489 1412 1516 decet
1423 1489 1493 1520 illos,
1508 1488 1554 1522 qui
1571 1487 1612 1514 vel
1634 1486 1722 1513 actio—

890 1549 911 1578 α
928 1546 995 1566 num
1005 1538 1046 1566 vel
1057 1538 1224 1573 iudiciorum
1235 1536 1340 1563 Domini
1355 1535 1438 1562 ullam
1453 1534 1554 1561 habent
1565 1531 1721 1560 rationem?

931 1589 987 1616 lmo
1018 1592 1046 1614 et
1070 1586 1211 1618 Servator,
1242 1585 1288 1620 qui
1310 1584 1402 1612 omnia
1431 1589 1480 1617 pro
1500 1580 1643 1616 sapientia:
1664 1587 1727 1606 suae

930 1632 1086 1667 amorisque
1101 1632 1128 1658 in
1147 1630 1274 1658 homines
1290 1629 1394 1657 divitiis
1410 1628 1474 1663 agit,
1487 1631 1520 1654 'et
1533 1626 1641 1660 recipit,
1658 1632 1724 1652 cum

930 1677 1195 1713 infautumhymnis,
1219 1683 1287 1712 quos
1302 1675 1426 1703 miranda
1442 1682 1491 1702 sua
1507 1680 1590 1707 opera
1614 1672 1648 1698 ad
1663 1671 1722 1698 latt-

930 1725 992 1752 dem
1007 1722 1461 1759 permoverant,ell'erretur,atque
1476 1719 1530 1746 hoc
1545 1719 1605 1752 ipso
1617 1715 1726 1744 ludatis

931 1770 1050 1797 indurati
1064 1768 1243 1803 dilIicilesquc
1264 1766 1348 1795 corde
1365 1766 1400 1793 ad
1414 1772 1555 1792 murmura
1572 1763 1721 1797 compelle-

931 1819 1038 1846 rentur,
1059 1822 1115 1842 non
1130 1813 1241 1840 aliunde
1257 1820 1305 1840 eos
1323 1811 1482 1846 objurgatos
1499 1808 1657 1842 compescit.
1673 1807 1722 1834 sed

932 1861 1032 1888 iterum
1047 1860 1189 1887 oraculum
1213 1857 1371 1885 Davidicum
1391 1856 1477 1884 instar
1496 1853 1648 1889 argumenti
1666 1860 1725 1878 non

931 1905 1060 1933 eludendi
1087 1903 1227 1936 immittit,
1251 1910 1338 1937 eoque
1353 1901 1413 1928 illos
1436 1900 1545 1934 quidem
1567 1897 1722 1927 confundit.

933 1953 1052 1987 seipsum
1069 1958 1136 1978 vero
1155 1949 1282 1977 laudibus
1298 1947 1425 1983 prosequi
1445 1947 1534 1974 docet.
1563 1944 1642 1972 Unde
1656 1951 1723 1970 vero

933 1997 985 2025 hoc
1000 1997 1102 2023 bonum
1114 1993 1254 2022 nascitur?
1277 1993 1324 2028 qui
1338 1993 1403 2019 item
1418 1990 1586 2019 conveniens
1602 1993 1652 2020 est,
1669 1988 1724 2015 imo

932 2042 1070 2078 quomodo
1080 2041 1184 2075 justum
1194 2046 1361 2074 mquumque
1373 2041 1443 2069 erat,
1458 2040 1489 2063 ttt
1503 2035 1527 2063 is
1537 2035 1583 2069 qui
1600 2034 1675 2062 venit
1695 2037 1724 2059 ut

932 2087 1051 2115 solveret
1062 2088 1226 2121 potestatem
1239 2083 1352 2116 diaboli,
1366 2090 1414 2118 per
1428 2082 1517 2116 ipsum
1536 2080 1612 2108 illum
1631 2078 1724 2115 gloria:

933 2138 1037 2170 partem
1061 2137 1089 2160 et
1105 2131 1248 2159 materiam
1269 2130 1322 2158 sibi
1341 2133 1451 2165 pararet
1475 2127 1532 2163 (hic
1552 2127 1625 2154 enim
1642 2133 1724 2159 apos-

933 2180 1021 2208 taticaz
1045 2178 1160 2206 sationis
1175 2177 1281 2205 fructus
1297 2176 1361 2211 est),
1384 2179 1412 2202 et
1426 2174 1521 2202 eadem
1538 2180 1618 2207 opera
1633 2172 1723 2198 ellicc-

892 2227 918 2257 D
933 2230 984 2258 ret,
1000 2230 1030 2253 ut
1047 2229 1075 2252 et
1098 2224 1195 2257 hostis,
1220 2223 1309 2251 omnis
1329 2221 1391 2249 ﬁdei
1413 2228 1524 2252 vacuus,
1545 2218 1682 2249 adveniat,
1696 2221 1725 2244 et

931 2273 1053 2308 potiores
1068 2272 1118 2307 ipsi
1131 2276 1223 2307 partes
1235 2271 1383 2305 relinquat,
1399 2267 1569 2302 nesciatquc,
1601 2266 1723 2300 scipsuut

931 2327 994 2347 eum
1008 2318 1106 2353 iuvare
1125 2322 1153 2345 et
1171 2316 1362 2347 corroborare,
1387 2315 1431 2343 cui
1447 2314 1529 2342 robur
1542 2313 1725 2346 adempturus

930 2364 1064 2392 venerat?
1083 2363 1214 2398 Quisquis
1236 2363 1309 2390 enim
1330 2370 1379 2398 per
1391 2361 1476 2390 verba
1492 2360 1635 2388 mendacis
1650 2358 1726 2385 veri-

931 2415 1015 2439 tatem
1026 2410 1216 2438 dcmonsuare
1230 2413 1355 2440 conatur,
1372 2415 1452 2443 quam
1468 2407 1526 2442 ipse
1542 2405 1634 2437 habet,
1654 2408 1682 2432 et
1697 2403 1726 2431 id

636 2554 753 2582 VARIIE
774 2555 969 2584 LECTIONES
985 2555 1028 2582 ET
1046 2554 1163 2583 ΝΟΤιΕ.

121 2625 181 2661 (52)
212 2625 362 2661 Λείπιετειιἶ
377 2625 487 2661 Deesse
501 2624 547 2661 hic
566 2625 690 2661 quaedam
706 2632 768 2661 non
783 2628 882 2661 praiter

85 2658 145 2688 rem
164 2658 300 2694 suspicari
316 2660 384 2686 mihi
404 2659 508 2687 videor.
524 2658 645 2690 Duobus,
668 2659 691 2686 si
705 2659 770 2694 quid
788 2660 878 2693 video,

85 2696 225 2723 similibus
240 2703 307 2722 usus
325 2695 370 2722 hic
394 2699 437 2722 est
451 2694 567 2722 Pltotius
583 2703 590 2721 :
604 2694 693 2730 altero
715 2703 730 2722 a
750 2694 881 2730 navigan-

86 2731 181 2763 tibus,
205 2731 293 2758 altero
312 2738 327 2757 a
352 2730 529 2764 portitoribus
556 2729 650 2764 petito.
671 2729 791 2764 Utraque
816 2737 880 2756 vero

85 2770 232 2800 comparat
252 2773 315 2792 cum
342 2766 375 2793 iis
398 2765 485 2799 quiet
515 2764 688 2800 navigatione
714 2765 835 2792 defuncti
854 2768 880 2792 et

84 2809 174 2829 onere
187 2801 294 2828 liberati
307 2805 382 2828 sunt.
397 2801 433 2827 At
445 2800 582 2834 posterius
596 2800 685 2827 simile
694 2800 777 2827 dictio
791 2800 882 2827 hiulca

87 2844 144 2862 uon
164 2836 233 2863 satis
248 2836 388 2870 exprimit.
405 2836 518 2863 Interim
541 2834 682 2870 scriptoris
701 2839 820 2863 mentem
839 2843 882 2862 me

87 2876 155 2904 puto
170 2875 336 2899 assecutum.

973 2625 1027 2658 ('55)
1046 2625 1200 2659 Ἀφυκτον
1223 2624 1365 2659 ἐλέγχων.
1385 2622 1540 2659 chcndum
1554 2627 1631 2657 pttto,
1653 2621 1727 2659 quod-

935 2663 963 2686 et
977 2659 1003 2686 in
1018 2657 1142 2686 versione
1157 2657 1298 2693 expressi,
1308 2657 1433 2692 ἄφυκτον
1444 2658 1566 2692 ἔλεγχον,
1581 2657 1725 2693 utscilicot

934 2694 1060 2729 χρησμὸς
1086 2695 1131 2721 ille
1147 2691 1291 2721 Davidicus
1311 2691 1360 2729 pro
1377 2691 1537 2728 argurttettto
1565 2691 1667 2719 invicto
1691 2691 1727 2718 ad.

934 2734 1058 2756 errantes
1074 2729 1277 2757 convincendos
1291 2730 1433 2756 habeatur.
1718 2736 1721 2742 λ

972 2764 1028 2799 (5i)
1044 2764 1187 2798 ιΙορίζὲιν.
1211 2764 1266 2792 Hoc
1282 2765 1410 2792 substitui
1431 2771 1487 2799 prop
1498 2762 1605 2797 πορίζει
1622 2760 1724 2788 codicis

937 2807 1019 2835 manu
1033 2800 1148 2827 exarati.
1167 2799 1260 2835 Neque
1275 2800 1349 2828 enim
1373 2800 1400 2827 id
1411 2798 1488 2834 jungi
1503 2801 1593 2832 potest
1613 2800 1724 2823 antece-

936 2834 1010 2861 denti
1026 2835 1186 2862 καταλῦσαι.
