1941 3085
196 138 251 170 2L3

199 240 369 267 mendacium
396 239 492 266 ducem
522 239 650 270 habebat.
691 239 813 267 veritatis
846 243 987 266 auctorem

200 287 302 314 faciens
327 294 342 313 a
369 286 485 313 crimine
511 286 586 313 omni
613 286 739 314 absolvit.
767 285 862 320 Neque
891 284 988 320 magis,

199 332 270 366 quod
292 337 382 359 tamen
402 332 473 359 Deus
483 332 643 367 prohibeat!
658 341 687 360 se
701 333 789 367 ipsum
803 332 952 359 immunem
973 338 990 358 a

199 378 438 406 criminationibus
465 378 622 406 Iudaeorum
650 387 712 407 esse
742 379 872 412 ostendit,
906 386 988 413 quam

200 423 287 455 illum,
310 424 389 458 cujus
411 431 462 459 ope
483 425 533 452 ista
548 425 689 457 arnolitur,
712 432 728 451 a
743 423 890 456 mendacii,
908 423 990 457 cujus

201 473 298 497 auctor
318 474 371 503 est,
387 470 474 505 culpa’
486 470 595 498 liberat.
619 471 713 506 Itaque
732 469 896 498 defectionis
913 477 991 497 amor

200 515 280 542 vobis
292 520 367 543 certe
382 522 438 542 non
452 515 540 551 vergit
555 516 582 542 in
596 515 781 548 commodum,
795 515 904 550 quando
920 515 992 542 veri-

201 560 266 588 tatis
292 561 399 588 Patrem
427 561 579 596 prtedicatis
599 569 660 589 esse
680 561 815 589 mendacii
838 565 991 593 auctorem,

202 606 237 633 ab
274 605 327 633 hoc
360 611 453 634 autem
481 608 626 634 veritatem
662 607 869 635 substantialem
895 614 992 634 verum

202 656 300 679 mutuo
323 652 484 687 sumpsisse,
511 657 539 680 et
554 653 661 688 aequali,
674 661 709 681 ne
721 653 809 681 dicam
823 653 933 688 majori,
949 661 992 686 ea,

203 705 265 731 qua:
281 702 421 725 mutuatus
438 703 493 732 est,
506 699 596 727 studio
612 699 770 735 excipienda
785 699 886 727 dicitis.

209 748 223 762 ⁸
241 744 361 774 XXVIII.
379 746 435 781 Age
449 754 525 779 vero,
551 747 634 774 etiam
650 754 699 782 per
710 747 854 782 parabolas
869 754 925 773 non
941 753 995 780 pa-

205 792 335 825 rabolice,
367 793 414 820 sed
429 793 523 826 clare,
547 792 646 829 dogma
673 793 819 828 impiorum
848 793 994 828 disjectum

204 838 358 867 videamus.
379 839 465 871 Quod
492 839 565 866 enim
597 839 727 866 Servatur
759 839 923 872 advenerit,

442 168 445 171 .
764 138 896 170 ΡΗΟΤΠ
915 135 1171 168 PATRIARCH/E
1189 137 1244 168 ΟΡ.

198 195 270 230 quod
285 194 425 222 deﬁnitum
437 198 505 222 erat.
518 193 581 221 inde
592 194 753 229 producere,
771 194 797 221 is
809 202 884 227 eum,
903 201 984 228 quem
1001 215 1003 220 .

1054 188 1145 227 ρισθὲν
1161 192 1302 228 προελθεῖν
1312 200 1320 208 ⁸
1336 189 1424 225 οὗτος,
1442 193 1472 221 ὃν
1489 193 1520 221 τὸ
1535 193 1638 229 ’ψεῦδος
1654 194 1733 230 ἔσχεν
1747 195 1826 231 ἀρχη-·

1775 136 1819 168 244

1041 238 1100 272 γὸν,
1120 238 1250 274 ἀληθείας
1263 239 1370 271 δεικνὺς
1395 239 1512 275 χορηγὸν
1535 240 1587 275 τῆς
1605 241 1721 276 ἐνούσης
1744 241 1821 273 αίτίας

1024 283 1166 324 ἀπολύει.
1195 285 1251 312 Καὶ
1273 285 1351 312 οὐδὲν
1378 285 1489 321 μᾶλλον,
1512 285 1571 312 ἀλλ’
1588 286 1667 317 ἵλεως
1688 286 1730 322 εἴη
1750 286 1821 318 Θεὸςί

1042 329 1190 357 ἀνεύθυνον
1209 331 1395 358 ἐπιδείκνυσιν
1409 331 1505 358 ἑαυτὸν
1519 331 1575 358 τῶν
1593 332 1764 367 αίτιαμάτων
1777 331 1823 358 τῶν

1049 377 1214 411 Ἰουδαϊκῶν,
1228 378 1245 412 ἢ
1261 377 1318 410 τδν,
1338 377 1371 404 δι’
1390 374 1421 404 οὗ
1436 377 1523 404 ταῦτα
1540 377 1769 410 ἀποσκευάζεται,
1782 378 1824 413 τῆς

1043 423 1091 451 τοῦ
1105 424 1231 459 ψεύδους,
1244 421 1275 452 οὔ
1291 424 1408 460 χορηγός
1422 426 1507 458 ἐστιν,
1521 425 1626 460 ὲνοχῆς.
1642 425 1713 459 ΙἈρα
1730 424 1777 451 οὐκ
1790 425 1823 456 είς

1044 470 1127 498 καλὸν
1142 471 1206 505 ὑμῖν
1216 471 1230 498 ὁ
1241 470 1290 506 τῆς
1303 470 1474 502 ἀποστασξας
1488 470 1558 506 ἔρως
1567 469 1693 505 τελευτᾷ,
1707 470 1826 505 ἀληθείας

1047 517 1096 552 μὲν
1112 517 1258 551 κηρύττειν
1271 517 1317 542 τὸν
1336 515 1445 551 Πατέρα
1458 515 1506 542 τοῦ
1525 515 1642 550 ψεύδους
1657 515 1824 552 δημιουργὸν,

1045 561 1075 594 ἐξ
1085 561 1168 589 αὑτοῦ
1178 562 1207 589 δὲ
1219 562 1436 594 κατασκευάζειν
1448 563 1498 597 τὴν
1509 561 1692 588 ὲνυπὸστατον
1706 562 1827 597 ἀλήθειαν

1045 607 1216 640 δανείζεσθαι
1241 607 1271 634 τὸ
1287 607 1402 642 ἀληθὲς.
1427 608 1475 634 καὶ
1491 604 1532 639 οἷς
1549 607 1719 640 δανείζεται,
1737 607 1779 634 ἶνα
1794 607 1827 643 μὴ

1046 654 1118 688 λέγω
1153 654 1275 689 μείζοσι,
1304 655 1364 686 ταῖς
1384 653 1457 687 τσαις
1475 654 1597 689 ὀφείλειν
1624 652 1829 686 ἀντιδεξιοῦσθαι

1046 700 1150 735 τιμαῖς.

1084 745 1149 774 ΚΘ’.
1164 746 1232 782 Φέρε
1249 745 1282 782 δὴ
1298 745 1346 772 καὶ
1362 745 1407 773 διὰ
1420 745 1474 772 τῶν
1490 745 1654 782 παραϐολῶν
1669 745 1764 773 οὺκ,ὲν
1779 753 1828 772 πα-

1051 793 1188 829 ραϐολαῖς,
1206 793 1264 819 ἀλλ’
1283 792 1414 827 ἐμφανῶς
1429 792 1529 827 ἴδωμεν
1545 791 1577 818 τὸ
1595 791 1683 826 δόγμα
1707 791 1831 818 καταλυό-

966 843 996 866 ut
1052 848 1131 874 μενον
1152 839 1207 866 τῶν
1230 838 1347 866 ἀσεϐῶν.
1374 839 1437 865 Ὅτι
1460 838 1510 874 μὲν
1537 838 1591 874 γὰρ
1621 838 1801 872 καταγέγονεν
1819 838 1833 864 ό

205 889 310 919 quaerat
321 889 349 912 et
359 889 450 912 servet
465 885 491 912 id
504 885 575 920 quod
593 885 730 920 perditum
743 885 846 918 erat",
858 893 872 912 a
884 884 995 912 nemine

1053 886 1146 921 Σωτὴρ
1174 886 1291 921 ζητῆσαι
1323 886 1371 912 καὶ
1398 885 1484 912 σῶσαι
1510 885 1541 911 τὸ
1567 884 1722 918 ἀπολωλὸς,
1752 883 1833 910 οὐδενὶ

206 931 262 958 Luc
278 931 343 959 dum
366 931 394 959 in
419 931 532 959 dubium
549 936 676 960 vocatum
702 936 755 959 est.
775 930 804 958 Si
828 939 893 959 vero
915 938 996 959 ovem

205 984 270 1005 vere
287 977 421 1012 perditam
436 978 470 1005 ab
486 978 597 1005 interitu
620 977 706 1005 voluit
729 978 856 1010 liberare,
873 981 901 1005 et
920 977 953 1004 ad
968 985 998 1005 se

205 1024 349 1057 reducere,
365 1028 393 1052 et
409 1024 441 1051 ad
456 1024 570 1051 salutem
591 1032 728 1058 revocare,
743 1032 798 1052 non
815 1024 922 1052 ditl‘tcile
937 1024 998 1052 fue-

206 1069 244 1097 rit
257 1070 412 1105 perspicere
433 1071 506 1105 quod
520 1070 648 1106 parabola
664 1071 744 1098 docet
764 1071 912 1098 humanam
932 1070 999 1097 sub-

206 1116 335 1144 stantiam
361 1124 460 1144 manus
478 1117 608 1144 lienelicze
630 1125 700 1152 opus
724 1117 866 1145 exsistere.
880 1116 999 1145 Omnino

207 1163 281 1190 enim
306 1164 364 1191 ovis
389 1163 529 1198 deperdita
553 1163 674 1198 primum
690 1163 796 1191 ecaula
819 1171 914 1191 earum
937 1163 998 1196 fuit,

207 1216 268 1243 quae
284 1213 400 1236 servatae
415 1213 488 1241 sunt,
507 1208 607 1236 deinde
622 1216 687 1236 vero
703 1217 718 1236 a
734 1216 815 1245 grege
833 1208 958 1236 resiliens
972 1208 1000 1235 in

207 1255 280 1283 viam
294 1255 328 1282 ad
343 1255 456 1282 exitiqu
469 1255 626 1284 declinavit.
641 1255 720 1288 Quod
738 1255 812 1282 enim
827 1254 862 1282 ab
879 1255 959 1282 initio
972 1255 1000 1282 in

206 1301 330 1337 pernicie
347 1306 441 1329 natum
460 1301 519 1334 fuit,
541 1310 577 1329 ne
595 1306 722 1329 naturam
745 1301 856 1336 quidem
878 1301 912 1328 ad
927 1300 1002 1327 salu-

207 1349 264 1372 tem
280 1345 434 1372 revertendi
448 1345 540 1378 habet,
552 1346 595 1373 vel
611 1346 701 1381 potius
715 1346 814 1373 reverti
830 1354 885 1373 non
900 1349 1000 1380 potest,

208 1395 257 1418 aut
271 1391 384 1419 servari.
401 1391 458 1419 lmo
480 1399 531 1419 nec
545 1400 595 1419 usu
613 1392 665 1428 ip5i
683 1392 778 1420 venire
792 1393 882 1428 potuit
898 1393 1000 1428 perire,

209 1436 344 1472 siquidem
365 1444 428 1464 cum
453 1438 513 1472 ipso
537 1441 599 1465 ortu
613 1445 647 1465 ex
667 1438 739 1466 malo
755 1439 880 1473 provenit
897 1438 1001 1474 princi-

208 1481 266 1516 pio,
281 1489 332 1508 nec
348 1489 468 1516 unquam
482 1482 546 1509 boni
557 1487 585 1510 et
596 1483 690 1511 salutis
701 1484 836 1519 particeps
846 1484 934 1512 visum
948 1489 999 1512 est.

209 1525 296 1578 {iuius
318 1526 390 1553 enim
410 1527 508 1561 aliquis
528 1535 669 1562 nunquam
693 1528 755 1562 fuit,
778 1530 914 1564 quomodo
937 1530 1000 1558 inde
1015 1548 1037 1578 Ο

210 1571 265 1599 dici
283 1576 372 1606 potest
387 1573 525 1608 delapsus,
542 1578 569 1601 et
582 1574 628 1609 qui
648 1575 743 1602 salutis
757 1575 784 1602 in
798 1581 861 1603 ortu
874 1576 933 1611 ipso
946 1584 1001 1604 non

212 1615 264 1644 fuit
285 1617 430 1652 particeps,
445 1619 593 1652 -quomodo
609 1620 643 1647 ad
661 1621 775 1647 exitium
796 1622 938 1656 pervenire
956 1627 1004 1650 aut

211 1663 327 1698 periisse
340 1663 393 1691 diei
407 1665 516 1699 potest?
534 1664 587 1693 Sed
607 1670 635 1694 et
651 1666 783 1694 Dominus
802 1672 897 1695 noster
913 1669 1003 1696 homi-

211 1717 278 1738 num
294 1710 507 1744 amantissimus,
523 1712 648 1740 veritatis
663 1713 759 1741 doctor
774 1718 801 1741 et
817 1719 922 1746 auctor.
940 1723 1003 1743 eum

210 1757 346 1791 deperditi
366 1758 535 1785 mentionem
555 1759 705 1794 srepissime
728 1760 841 1793 faceret,
862 1769 1003 1797 nunquam

211 1807 303 1830 tamen
325 1804 487 1838 pravitatem
515 1810 643 1840 tanquam
658 1814 719 1834 cum
736 1807 832 1835 eodem
853 1809 1002 1841 conditam.

211 1855 259 1878 aut
283 1851 432 1886 perniciem
460 1852 503 1879 vel
527 1853 634 1880 eminus
659 1860 878 1883 commemorat:
895 1863 1004 1891 semper

211 1903 278 1930 vero
296 1897 469 1924 occasionem
492 1896 559 1925 facit
572 1898 721 1934 cogitandi,
735 1901 808 1934 quod
826 1900 892 1928 illud
906 1902 1003 1937 postli-

212 1941 298 1968 minio
313 1941 346 1968 ab
358 1941 455 1968 ordine
478 1942 594 1977 pristino
612 1951 740 1978 nexuque
763 1949 791 1972 et
809 1947 1004 1976 communione

212 1994 275 2014 eum
302 1988 409 2014 caeteris
431 1988 598 2023 disiunctum
624 1989 652 2017 in
674 1991 823 2025 perniciem
851 1992 1002 2021 devenerit.

212 2033 259 2061 Ait
280 2034 353 2061 enim
372 2043 379 2061 :
393 2035 462 2067 Quid
476 2036 546 2062 vobis
562 2037 673 2069 videtur,
691 2038 713 2064 si
730 2039 773 2065 cui
789 2039 890 2066 Iromim'
904 2040 1003 2074 fuerint

212 2084 316 2107 sentum
340 2089 398 2107 oves
413 2081 446 2108 ³⁸.
465 2082 535 2109 Ecce
549 2090 614 2110 oves
635 2083 686 2110 illa:
705 2089 815 2111 centum
841 2090 905 2113 sunt
931 2091 1003 2114 totus

213 2134 279 2162 grex
292 2127 412 2154 nondum
427 2136 523 2156 errans
537 2138 543 2156 :
555 2129 629 2155 nulla
645 2137 737 2157 earum
753 2135 818 2158 tunc
831 2132 872 2159 vel
882 2133 1002 2165 errabat,

212 2173 255 2200 vel
274 2173 380 2208 perdita
402 2178 471 2201 erat.
487 2173 515 2201 Si
532 2179 625 2208 postea
639 2175 682 2202 vel
706 2184 760 2203 una
776 2183 809 2203 ex
824 2177 877 2205 illis
891 2185 906 2205 a
922 2185 1002 2214 grege

211 2219 389 2253 aberraverit,
405 2227 420 2246 a
436 2220 519 2247 salvis
535 2220 580 2247 illa
595 2228 624 2248 se
645 2226 764 2256 separat,
780 2230 795 2250 a
809 2230 863 2250 non
883 2224 1001 2251 erranti-
1014 2214 1041 2244 D

211 2265 264 2293 bus
279 2266 398 2299 aberrat,
413 2274 445 2293 ex
460 2266 523 2293 ovili
540 2268 652 2295 recedit.
665 2268 810 2303 Propterea
822 2274 849 2296 et
861 2269 1002 2297 hominum

211 2311 416 2338 amantissimus
434 2312 505 2339 illam
522 2311 603 2340 citius
618 2314 725 2348 quaerit,
742 2319 768 2341 et
787 2319 923 2350 repertam
940 2317 1003 2344 reli-

211 2357 274 2392 quis
292 2366 347 2385 non
363 2358 452 2385 deviis
468 2364 644 2391 annumerat.
661 2364 688 2386 et
705 2360 738 2387 de
755 2365 880 2395 reparata
898 2363 1003 2397 jactura

213 2402 322 2437 gaudet,
337 2407 366 2429 et
379 2402 483 2430 amicos
498 2403 551 2430 sibi
567 2403 679 2439 angelos
696 2403 722 2431 in
740 2405 899 2433 societatem
913 2407 1003 2442 gaudii

213 2448 315 2475 excitat
328 2449 361 2480 ’⁸,
377 2449 440 2484 quia
463 2456 542 2476 ovem
563 2449 596 2477 ab
617 2450 713 2477 ordine
729 2455 756 2478 et
770 2452 853 2487 gloria
879 2453 1001 2487 ipsarum

215 2498 278 2521 ante
297 2499 451 2528 separatam
465 2495 499 2522 ad
515 2503 604 2528 suam,
622 2504 675 2531 qua
693 2497 743 2532 ipsi
757 2498 922 2533 gaudebant.
944 2500 1003 2527 l‘eli-

1050 931 1132 967 μέχρι
1155 931 1203 959 νῦν
1223 932 1263 963 είς
1281 932 1429 968 δισταγμὸν
1446 932 1642 967 περιέστηκεν·
1659 933 1683 958 εί
1699 931 1728 958 δὲ
1747 931 1776 957 τὸ
1798 930 1833 962 ὡς
1848 964 1850 968 Ι

1048 977 1156 1013 ἀληθῶς
1173 977 1313 1010 ἀπολωλὸς
1328 977 1464 1014 πρόϐατον
1483 978 1533 1013 τῆς
1549 978 1688 1009 ἀπωλείας
1706 977 1834 1012 ἠθέλησεν

1049 1024 1253 1057 ἀνασώσασθαι,
1269 1024 1316 1051 καὶ
1341 1024 1381 1056 είς
1407 1024 1504 1051 ἑαυτὸν
1517 1024 1690 1059 ἐπιστρέψαι,
1708 1024 1755 1050 καὶ
1771 1023 1834 1058 πρὸς
1858 1060 1861 1062 η

1050 1071 1188 1107 σωτηρίαν
1211 1071 1445 1104 ἀνακαλέσασθαι,
1463 1071 1539 1098 οὐδὲν
1563 1071 1682 1106 ἐργῶδες
1711 1070 1832 1101 συνιδεῖν,

1048 1117 1086 1149 ὡς
1107 1118 1194 1153 ἀρχῆς
1207 1117 1237 1145 τὸ
1256 1118 1427 1154 ἀνθρώπινον
1441 1117 1583 1153 σύγκριμα
1602 1118 1651 1151 τῆς
1665 1114 1834 1151 ἁγαθουργοῦ

1050 1161 1181 1197 παλάμης
1202 1161 1284 1197 ἔργον
1310 1162 1463 1189 ἐκδιδάσκει
1492 1163 1509 1197 ή
1538 1161 1694 1197 παραϐολή.
1726 1161 1835 1193 ﬂavam:

1049 1208 1104 1244 γὰρ
1114 1208 1145 1234 τὸ
1157 1208 1296 1240 ἀπολωλὸς
1307 1208 1498 1244 πρόϐατοντῆς
1510 1208 1630 1244 μάνδρας
1639 1207 1771 1242 πρότερον
1783 1205 1837 1232 τῶν

1051 1253 1232 1288 σεσωσμένων
1246 1254 1368 1288 γεγονὸς,
1392 1252 1505 1288 ὕστερον
1522 1252 1552 1279 δὲ
1576 1253 1625 1287 τῆς
1645 1252 1747 1287 ἀγέλης
1773 1252 1838 1278 ἀποκ

1052 1300 1203 1335 σκιρτῆσαν
1231 1299 1288 1335 (55)
1306 1300 1346 1332 εἰς
1368 1299 1417 1334 τὴν
1432 1300 1482 1336 τῆς
1496 1299 1635 1330 ἀπωλείας
1659 1297 1839 1333 ἀπεπλανήοη

1051 1346 1120 1373 ὀδόν.
1136 1346 1173 1372 Τὸ
1188 1345 1239 1381 μὲν
1257 1346 1312 1381 γὰρ
1329 1345 1377 1373 ἀπ’
1396 1346 1485 1381 ἀρχῆς
1499 1345 1533 1372 δι’
1546 1345 1683 1377 ἀπωλείας
1695 1344 1761 1379 φυὲν
1784 1343 1838 1370 οὐδ’

1051 1392 1107 1427 ἔχει
1133 1393 1216 1426 φύσιν
1235 1392 1304 1427 πρὸς
1322 1392 1370 1427 τὴν
1387 1392 1525 1427 σωτηρίαν
1547 1391 1715 1424 ἐπανελθεῖν,
1739 1390 1839 1426 μᾶλλον

1051 1437 1079 1464 δὲ
1092 1437 1147 1464 οὐδ’
1161 1437 1230 1469 ὅλως
1245 1438 1300 1472 (56)
1320 1438 1394 1464 ἐστὶν
1415 1437 1491 1473 αὐτῷ
1509 1437 1539 1464 τὸ
1553 1437 1721 1470 ἐπανελθεῖν,
1734 1437 1794 1464 οὐδὲ
1809 1436 1843 1463 τὸ

1052 1484 1238 1519 ἀνασωθῆναι.
1262 1483 1334 1510 Ἀλλ’
1351 1484 1406 1511 οὐδ’
1420 1484 1539 1519 ἐπῆλθεν
1554 1483 1630 1518 αὐτῷ
1647 1484 1678 1510 τὸ
1702 1483 1841 1510 ἀπολωλέ-

1052 1538 1107 1565 ναι.
1123 1531 1203 1565 είπερ
1225 1530 1257 1556 ἐκ
1280 1529 1403 1565 χείρονος
1422 1529 1471 1564 μὲν
1479 1529 1537 1564 ἅμα
1551 1528 1590 1564 τῷ
1605 1528 1687 1563 φῦναι
1707 1528 1842 1564 προῆλθεν

1055 1563 1153 1610 ἀρχῆς,
1167 1563 1296 1602 οθδὲποτε
1316 1563 1345 1602 δὲ
1362 1563 1602 1610 τῆςγάγαθότητος
1628 1575 1676 1601 καὶ
1705 1573 1845 1609 σωτηρίας

1054 1621 1133 1656 ὤφθη
1157 1620 1311 1656 μετασχών.
1328 1621 1364 1647 Οὐ
1386 1620 1441 1656 γάρ
1457 1629 1498 1653 τις
1527 1621 1637 1655 γέγονεν
1665 1619 1801 1655 οὐδαμῶς,
1824 1619 1844 1654 ἢ

1055 1668 1114 1699 πῶς
1127 1669 1160 1694 ἂν
1174 1668 1279 1694 ἐκεῖθεν
1294 1667 1391 1703 ῥηθείη
1420 1666 1596 1699 καταπεσὼν,
1611 1667 1658 1694 καὶ¹
1675 1667 1689 1694 ό
1705 1666 1844 1702 σωτηρίας

1054 1714 1188 1750 ἀμέτοχος
1215 1712 1365 1747 προελθὼν,
1396 1713 1454 1744 πῶς
1483 1712 1517 1739 ἂν
1541 1714 1580 1745 είς
1601 1712 1741 1740 ἀπώλειαν
1778 1720 1847 1739 κατ-

1054 1761 1191 1796 ενεχθείη,
1212 1760 1229 1795 ἢ
1244 1759 1345 1794 λέγοιτ’
1374 1761 1407 1787 ἂν
1420 1759 1578 1791 ἀπολωλώς.
1599 1758 1680 1786 Ἀλλὰ
1697 1758 1750 1794 μὴν
1769 1758 1817 1785 καὶ
1831 1759 1849 1784 ὀ

1055 1806 1248 1842 φιλάνθρωπος
1264 1807 1343 1841 ήμῶν
1357 1806 1505 1840 Δεσπότης,
1520 1807 1534 1832 ὁ
1549 1806 1600 1840 τῆς
1625 1805 1755 1839 ἀληθείας
1776 1804 1848 1831 διδά-

1055 1853 1155 1884 σκαλος
1174 1853 1220 1879 καὶ
1238 1852 1367 1888 χορηγὸς,
1380 1852 1426 1879 τοῦ
1442 1852 1613 1883 ἀπολωλότος
1627 1852 1736 1887 μνήμην
1750 1849 1848 1876 ποιού-

1056 1908 1136 1935 μενος
1148 1899 1295 1934 πολλαχοῦ,
1308 1898 1427 1934 οὐδαμοῦ
1440 1897 1753 1933 συγκατεσκευασμένην
1769 1897 1849 1932 αὑτῷ

1054 1945 1104 1981 τὴν
1119 1944 1248 1979 κακίανῆ
1271 1944 1321 1980 τὴν
1342 1943 1481 1970 ἀπώλειαν
1504 1943 1638 1978 οὐμενοῦν
1668 1943 1730 1969 οὐδὲ
1761 1942 1850 1977 μέχρι

1053 1991 1134 2026 ψιλῆς
1153 1990 1274 2022 ἐπινοίας
1297 1989 1469 2025 παραδηλοῖ·
1490 1990 1534 2016 ἀεὶ
1551 1989 1580 2016 δὲ
1598 1989 1636 2021 ὡς
1662 1988 1777 2024 ὕστερον
1797 1988 1851 2023 τῆς

1054 2038 1157 2071 τάξεως
1173 2038 1221 2064 καὶ
1241 2037 1291 2070 τῆς
1305 2036 1359 2063 τῶν
1375 2036 1462 2063 ἄλλων
1482 2035 1631 2070 συναφείας
1654 2044 1684 2061 τε
1707 2034 1754 2061 καὶ
1781 2042 1852 2060 συν-

1054 2082 1195 2118 διατριϐἦς
1222 2080 1381 2117 ἀπορραγὲν
1396 2080 1483 2111 οὕτως
1499 2079 1682 2114 ἀπενεχθῆναι
1700 2078 1770 2114 πρὸς
1797 2079 1853 2113 τὴν

1054 2129 1193 2156 ἀπώλειαν
1217 2128 1332 2163 παρέχει
1359 2129 1440 2154 νοεῖν.
1456 2126 1511 2153 Καὶ
1527 2127 1581 2161 γὰρ
1600 2134 1692 2160 φησιν,
1715 2125 1745 2152 Τί
1773 2124 1855 2159 ὑμῖν

1054 2175 1146 2208 δοκεῖ,
1165 2174 1219 2201 ἐὰν
1247 2174 1370 2209 γένηταί
1389 2181 1447 2200 τινι
1468 2173 1613 2206 ἀνθρώπῳ
1635 2171 1746 2198 ἑκατὸν
1772 2171 1854 2204 πρό-

1055 2223 1137 2249 ϐατα.
1159 2221 1224 2248 ’ἰδοὺ
1237 2220 1273 2247 τὰ
1289 2219 1386 2246 ἑκατὸν
1397 2218 1521 2254 πρόϐατα
1539 2219 1613 2244 πᾶσα
1629 2218 1645 2252 ή
1660 2217 1744 2251 ἀγέλη
1757 2216 1855 2244 ἀπλα-

1053 2269 1120 2304 νής·
1146 2267 1222 2294 οὐδὲν
1248 2266 1337 2293 αὐτῶν
1357 2266 1427 2297 τέως
1451 2264 1514 2291 οὗτε
1541 2263 1762 2298 πεπλανημένον,
1784 2261 1856 2288 οὒτε

1053 2314 1193 2345 ἀπολωλός
1217 2313 1285 2349 ('57).
1299 2310 1367 2339 Εἶτα
1387 2312 1438 2339 κᾶν
1451 2311 1575 2347 πλανηθῇ
1591 2310 1619 2337 ἓν
1632 2310 1663 2342 ἐξ
1677 2309 1780 2342 αὐτῶν,
1800 2308 1859 2344 τῆς

1054 2361 1156 2396 ἀγέλης
1176 2360 1231 2386 τῶν
1259 2360 1421 2394 σωζομένων
1450 2358 1554 2392 διέστη,
1567 2356 1622 2383 τῶν
1643 2355 1680 2391 μὴ
1702 2354 1858 2389 πεπλανηι

1057 2408 1146 2443 μένων
1168 2405 1361 2441 ἀπεπλανήθη,
1383 2405 1432 2439 τῆς
1460 2403 1582 2438 μάνδρας
1607 2402 1699 2436 ἐξέϐη.
1718 2401 1765 2428 Διὸ
1803 2400 1861 2427 καὶ

1057 2455 1154 2481 θᾶττον
1170 2452 1238 2480 αὐτὸ
1251 2452 1307 2487 (58)
1323 2452 1338 2477 ὁ
1358 2450 1549 2486 φιλάνθρωπος
1565 2448 1700 2484 ἐπιζητεῖ,
1717 2447 1766 2474 καὶ
1791 2448 1860 2480 τοῖς

1063 2500 1101 2536 μὴ
1122 2498 1342 2534 πεπλανημένοις
1366 2496 1489 2533 ἀνευρὼν
1512 2493 1791 2529 συγκαταλέγειβθ),
1804 2494 1862 2521 καὶ

251 2550 381 2579 "Matth.
402 2559 480 2585 xvm,
499 2552 542 2580 ll.
581 2553 604 2569 ’³
617 2552 713 2580 Matth.
734 2562 812 2586 xvm,
830 2554 873 2582 12.
913 2555 935 2572 ³³
952 2556 1010 2584 Luc
1024 2557 1103 2591 “,4.

762 2632 876 2661 VARIE
895 2633 1086 2664 LECTIONES
1101 2635 1146 2663 ET
1161 2635 1275 2664 NOTAE.

251 2690 308 2727 (55)
324 2688 572 2727 Ἀποφειρῖῆοιαν.
580 2691 618 2718 Ita
625 2691 676 2719 εοτί
681 2691 721 2725 psi
731 2698 780 2727 pro
790 2691 1007 2727 ἀποσκιρτήσας,

214 2723 288 2760 quod
298 2723 350 2752 ius.
364 2723 521 2760 exhibebat.
537 2723 709 2754 Anteeedens
724 2723 797 2754 enirn
814 2723 953 2759 ἀπολωλὸς
980 2723 1008 2755 et

217 2759 329 2796 γεγονδς
347 2760 420 2796 hanc
429 2759 550 2796 formant
560 2762 686 2796 requirit.

253 2795 487 2830 t36)0i;6‘6’1wc.
525 2795 569 2823 Sic
599 2795 772 2824 Scribcndum
794 2805 844 2831 pro
858 2797 888 2823 οὺ
911 2796 1004 2830 δόλως,

215 2832 297 2868 quod
304 2835 363 2868 erat
373 2831 409 2868 in,
417 2838 468 2868 ms.

252 2866 309 2902 (57)
325 2866 501 2900 Ἀπαίωλός.
511 2866 567 2895 lloe
583 2867 702 2895 rationes
712 2867 893 2904 grammaticae
909 2872 1002 2904 postu-

1058 2695 1115 2722 lant
1127 2702 1176 2730 pro
1191 2693 1350 2730 ἀπολωλὼς.
1368 2692 1440 2730 quod
1461 2693 1488 2720 in
1504 2692 1604 2730 codice
1624 2691 1818 2730 i_nven_i_elgam.

1094 2726 1150 2765 (58)
1170 2729 1258 2756 Αῠτὸ.
1274 2729 1321 2765 lta_
1336 2726 1482 2765 legendum
1509 2727 1649 2765 proeli-rip
1664 2726 1770 2755 codicis
1797 2734 1865 2754 ms.

1056 2763 1185 2792 Refertur
1200 2764 1273 2791 enim
1291 2763 1324 2790 ad
1342 2764 1508 2791 antecedens
1518 2763 1662 2798 πρόϐατον.

1092 2801 1147 2835 (59)
1176 2799 1403 2833 Συτκαταλέγει.
1424 2798 1482 2827 IIoc
1503 2796 1617 2827 verbum
1643 2796 1759 2833 requirit
1787 2804 1866 2824 seu-

1055 2843 1101 2863 sus
1117 2843 1166 2870 pro
1186 2834 1387 2869 συγκαταλήγει
1400 2841 1452 2861 ms.
