1940 3081
123 124 175 155 245

631 125 781 156 CONTRA
803 124 1032 155 ΜΛΝΙΟΗιΕΟΞ
1052 125 1169 156 LIBER
1186 127 1234 156 IV.

1701 127 1753 160 246

122 178 213 213 χαίρει
232 177 279 204 ἐπὶ
290 178 323 212 τῇ
335 177 489 213 ἀνευρέσει,
503 178 549 204 καὶ
562 178 612 210 τὰς
623 178 703 212 φίλας
716 178 845 214 δυνάμεις
860 178 915 213 (40)

973 179 1077 207 :itatem
1094 184 1119 207 et
1138 180 1251 207 salutem
1271 180 1370 207 reverti
1387 180 1524 208 viderunt.
1541 179 1574 207 Et
1588 180 1631 208 illa
1645 189 1754 217 quoque

124 224 286 259 συγχαίρειν
309 223 525 259 παρασκευάζει,
536 224 578 250 ὃτι
605 224 635 250 τὸ
656 224 850 259 ἀποπλανηθὲν
865 224 914 259 τῆς

123 270 226 302 τάξεως
242 269 289 296 καὶ
302 269 381 304 δόξης
392 268 492 301 αὐτῶν,
509 269 591 296 πάλιν
603 270 642 301 εἰς
656 270 707 305 τὴν
724 270 813 297 αὐτῶν
836 270 915 297 ἐθεά-

125 315 411 351 σαντσὲπαναδραμδν
424 315 573 351 εὐκληρίαν
590 324 620 342 τε
631 306 679 343 καὶ
694 316 842 351 σωτηρίαν.
859 316 915 343 Καὶ

123 362 178 388 τῶν
204 361 270 388 δέκα
293 362 320 388 δὲ
349 362 514 397 δραχμῶνή
537 362 690 398 παραϐολὴ,
706 363 736 395 ἐξ
757 359 794 389 ὧν
821 364 838 399 ἡ
865 363 915 399 μία

124 407 258 440 ἀπώλετο,
278 408 328 442 τὴν
348 407 432 442 αὐτὴν
461 408 658 442 ἀναμφιϐόλως
681 409 847 445 παρίστησιν
873 409 916 435 ἕν-

124 462 208 480 νοιαν.
224 453 292 480 Τότε
308 453 363 488 γὰρ
375 454 424 485 τὰς
439 454 508 481 δέκα
528 454 653 489 δραχμὰς
667 455 712 482 τὸν
733 455 815 482 αὑτὸν
840 447 915 482 ἔντε-

123 502 284 536 τυπωμένον
298 502 393 537 φέρειν
404 502 567 538 χαρακτῆρα
581 504 629 529 καὶ
642 503 691 538 τὴν
699 503 760 537 ἴσην
772 502 857 538 ῥοπὴν
872 503 916 529 ἕλ-

125 556 201 578 κειν,
221 548 245 574 ει
261 547 352 582 βούλει
368 548 396 574 δὲ
413 548 459 574 καὶ
474 548 522 583 τὴν
537 548 603 584 ὕλην
631 548 695 584 μίαν
710 549 792 575 πᾶσιν
807 549 916 575 ὑποκεῖ-

125 592 186 618 σθαι
199 593 247 627 τῆς
261 593 383 627 ἐμφύτου
391 593 560 628 ἀγαθότητος
574 594 621 620 καὶ
632 594 769 629 σωτηρίας
783 594 813 621 τὸ
828 595 916 630 ἀπαρ-

125 637 259 664 mum;
291 638 426 664 πάντοθεν
449 638 612 666 ἐκδιδάσκει.
629 639 684 665 Καὶ
700 640 724 666 εἰ
755 640 838 674 μηδὲν
851 640 914 666 τού-

123 692 177 709 των
189 683 369 718 παρείληπτο,
380 683 448 710 ἀλλὰ
461 684 490 710 τό
500 692 532 718 γε
545 684 596 711 ὑπὸ
606 684 656 719 τὴν
669 685 755 720 αὐτὴν
767 686 916 722 κυριότητα

124 729 218 760 πᾶσαν
230 729 318 755 τελεῖν
328 729 358 755 τὸ
369 729 418 764 τῆς
427 729 551 762 ἐξουσίας
565 730 688 765 ἄτμητον
702 732 749 758 καὶ
765 732 916 768 ἀδιαίρετον

125 774 320 810 ἀνακηρύττει.
339 775 386 801 καὶ
406 775 437 808 ἐξ
457 773 496 802 ὦν
521 776 655 807 ἐσώζοντο
683 778 780 810 πᾶσαι,
804 778 844 804 ὅτι
868 779 916 813 τῆς

125 820 298 854 ἀγαθουργοῦ
315 821 364 856 μὲν
392 821 532 857 δυνάμεως
555 823 703 858 ἐτύγχανεν
718 823 796 858 ἔργα.
815 825 859 859 Τῷ
887 825 915 851 δὲ

125 865 175 898 τῆς
190 866 428 901 αὑτεξουσιότητος
441 866 576 902 ἀξιώματι
589 869 613 894 oi
635 869 684 903 μὲν
696 869 739 904 ἐφ’
765 867 816 905 ἦτε
846 879 916 904 προ-

127 910 254 945 ήχθησαν
278 911 426 946 ἁγαοότητι
441 913 489 938 καὶ
513 913 636 949 σωτηρίᾳ
665 914 824 949 διέμειναν·
842 916 856 942 ὁ
888 917 917 943 δὲ

126 956 326 991 παρακινηθεὶς
345 958 449 984 ἐκεῖθεν
459 958 595 994 ἐξετράπη
616 959 684 994 πρὸς
700 960 846 988 ἀπώλειαν.
862 962 917 988 Καὶ

125 1003 222 1036 γέγονε
239 1003 270 1029 τὺ
292 1003 343 1038 τῆς
371 1003 483 1039 γνώμης
502 1005 707 1039 αὐτοδὲσποτον,
729 1006 824 1042 ὥσπερ
847 1009 915 1041 τοῖς,

129 1047 182 1074 καθ
203 1048 233 1074 ὃν
252 1048 307 1074 ἔδει
319 1049 431 1084 τρόπον,
444 1050 629 1085 χρησαμένοις
642 1052 728 1088 αὐτῷ,
739 1053 787 1088 τῆς
799 1062 827 1079 τε
841 1053 917 1080 ἐνού-

128 1102 181 1128 σης
204 1095 341 1129 σωτηρίας
368 1095 416 1121 καὶ
447 1095 616 1130 ἀγαθότητος
645 1098 840 1134 φυλακτήριον,
870 1100 918 1126 καὶ

127 1139 271 1175 προσθήκη
291 1140 414 1174 μείζονος
444 1141 612 1176 τελείοτητος
638 1143 685 1177 (Τὸ
698 1144 752 1179 γὰρ
767 1145 852 1180 χωρὶς
865 1145 919 1172 τῶν

128 1184 256 1219 πράξεων
270 1185 487 1221 θαυμαζόμενον,
499 1187 545 1213 καὶ
557 1187 608 1222 τὴν
623 1188 677 1214 ἀπὸ
691 1189 746 1216 τῶν
767 1189 856 1224 ἔργων
876 1190 919 1217 δό-

129 1229 178 1262 ξαν
194 1230 357 1265 προσλαθῶν,
375 1231 442 1257 πολὺ
459 1231 683 1268 θαυμασιώτερόν
704 1242 733 1260 τε
755 1235 802 1261 καὶ
819 1235 918 1270 τιμιώ-

129 1275 231 1311 τερον),
252 1275 324 1302 οὕτω
339 1277 394 1308 τοῖς
419 1278 678 1313 παραχρησαμένοις
702 1279 740 1314 τῷ
770 1281 919 1316 χαρίσματι

130 1322 172 1353 είς
184 1319 322 1348 ἀπώλειάν
337 1330 367 1347 τε
380 1324 543 1350 καταπεσεῖν
556 1331 563 1338 ·
579 1324 627 1358 τῆς
642 1324 778 1359 ὁμοφυοῦς
790 1326 920 1362 καλλονῆς

130 1367 312 1402 προελήλυθε,
328 1367 377 1393 καὶ
393 1368 443 1402 τὴν
455 1368 501 1395 ἐπὶ
515 1368 549 1395 τὰ
564 1369 648 1404 χείρω
662 1370 754 1398 λαϐεῖν
776 1371 920 1399 ἀλλοίωσιν

129 1414 185 1441 τῶν
196 1415 360 1449 κρειττόνων
375 1415 566 1450 ἀλλαξάμενοι,
582 1417 607 1444 εί
624 1417 662 1452 μή
678 1426 720 1449 τις
735 1418 786 1453 τῆς
796 1419 844 1446 ἐπὶ
857 1420 922 1455 (ρούς

131 1469 180 1496 ρον
191 1460 312 1495 ἀγούσης
335 1461 484 1496 μεταϐολῆς
501 1462 571 1496 μετὰ
595 1463 696 1499 πολλῆς
711 1465 829 1500 σπουδῆς
856 1467 922 1493 ἀνα-

131 1506 241 1539 σώσειε,
259 1506 446 1542 προδεδώκασι
470 1508 519 1543 τὴν
542 1509 623 1544 φύσιν
639 1511 854 1539 καταπεπῶσθαι
880 1513 919 1549 τῷ
935 1521 959 1552 c

131 1554 348 1589 παραπτώματι.

168 1600 236 1628 ΚΘ¹.
253 1602 453 1639 Ἐπιστράφηθι
468 1605 500 1640 δὴ
515 1606 564 1632 καὶ
575 1606 644 1642 πρὸς
657 1607 720 1639 τοὺς
736 1608 768 1634 ἐκ
779 1607 826 1634 τοῦ
839 1607 921 1634 αὐτοῦ

132 1646 236 1681 πατρὸς
249 1647 296 1673 δύο
317 1650 475 1683 πεφυκότας
504 1649 659 1685 παῖδας,ὧν
683 1654 697 1678 ὁ
717 1652 849 1688 νεώτερος
878 1653 924 1680 τὸν

130 1694 268 1728 πατρικὸν
282 1695 332 1721 οὐκ
346 1696 450 1724 ἐλάττω
464 1698 512 1724 τοῦ
538 1699 726 1734 πρεσὸυτέρου
749 1699 839 1726 λαϐὼν
855 1699 923 1734 κλῆ-

133 1747 193 1774 ρον,
207 1741 247 1772 είς
261 1741 353 1777 χώραν
372 1743 422 1777 μὲν
433 1744 525 1771 ἄπεισι
542 1745 662 1780 μακρὰν,
671 1745 718 1771 καὶ
727 1744 776 1780 τὴν
790 1744 925 1780 τοσαύτην

133 1786 229 1813 οὐσίαν
252 1789 432 1821 κατασπάσας
449 1790 505 1826 (41)
522 1799 551 1817 τε
565 1791 612 1817 καὶ
630 1791 882 1826 κατασπαταλήσας
891 1793 924 1826 τῇ

133 1832 286 1868 ἀποδημίᾳ,
311 1834 354 1860 ἐπ’
372 1835 463 1870 ἐνδείᾳ
490 1836 523 1871 τῇ
539 1835 736 1871 ἀνυπερϐλήτῳ
751 1836 847 1871 (οίρων
863 1845 924 1872 τρο-

134 1877 190 1912 φὴν
208 1879 390 1914 προσεφέρετο
413 1880 446 1906 τὰ
468 1881 590 1915 κεράτια.
610 1881 658 1912 Τις
673 1881 704 1907 οὐ
730 1883 763 1917 τῇ
786 1882 874 1918 πλάνῃ
890 1883 924 1917 τῇ

132 1922 254 1958 τοσαύτῃ
268 1923 408 1956 σταλάξειε
420 1925 536 1960 δάκρυον
550 1926 605 1961 (42)
617 1934 624 1959 ;
649 1926 678 1952 Ὀ
691 1926 859 1962 τηλικαύτης
877 1927 926 1953 κύ-

136 1977 198 2003 ριος
226 1970 386 2004 περιουσίας
401 1991 408 2003 ,
437 1972 599 2007 μισθαρνίας
625 1972 743 2006 ἔκδοτος,
761 1974 806 2000 καὶ
828 1974 928 2009 χοίρων

133 2015 223 2050 τροφῇ
238 2015 287 2051 τὴν
308 2016 431 2052 ἀνάγκην
446 2018 570 2045 κλέπτων
583 2020 634 2054 τῆς
652 2019 769 2053 φύσεως,
787 2017 847 2046 εἶτα
871 2022 928 2051 τοῖς

135 2060 237 2087 πάθεσι
258 2061 306 2087 καὶ
331 2062 370 2097 τῷ
398 2063 470 2099 λιμῷ
495 2065 699 2100 μεταδιδαχοεὶς
725 2066 755 2092 τὸ
782 2066 926 2102 ὀλίσθημα,

135 2107 320 2142 ἐπανέρχεται
337 2111 404 2143 πρὸς
416 2109 462 2135 τὸν
485 2111 601 2146 πατέρα,
621 2111 668 2138 καὶ
684 2112 846 2147 συντρυμμῷ
859 2121 928 2148 καρ-

135 2152 197 2183 δίας
215 2153 265 2188 τὴν
285 2155 430 2189 μετάνοιαν
453 2156 649 2192 προχεὰμενος,
665 2158 687 2184 ὣ
712 2158 763 2192 τῆς
790 2160 854 2194 περὶ
877 2161 927 2194 ἐμὲ

965 225 998 253 de
1011 225 1106 253 decem
1120 226 1258 253 drachmis
1270 227 1408 261 parabole.
1421 234 1455 253 ex
1470 227 1569 261 quibus
1580 234 1633 254 una
1649 229 1755 262 perdita

967 276 1035 304 erat,
1061 271 1186 298 eamdem
1214 271 1274 299 sine
1298 273 1458 307 exceptione
1482 274 1646 300 sententiam
1675 275 1755 302 nobis

965 317 1138 345 commendat
1154 317 1187 343 ⁸⁰.
1210 317 1288 350 Quod
1313 318 1386 344 enim
1414 318 1508 345 decem
1538 318 1590 345 illae
1618 319 1755 347 drachma:

965 363 1089 390 eamdem
1109 363 1161 390 sibi
1176 367 1267 390 notam
1284 363 1444 398 impressam
1458 364 1569 397 habent,
1587 369 1615 392 et
1631 365 1753 399 ejusdem

965 414 1029 437 sunt
1044 410 1153 443 valoris,
1171 410 1225 438 imo
1247 410 1340 443 etiam,
1355 410 1376 438 si
1395 411 1490 444 placet,
1508 420 1541 438 ex
1553 412 1648 438 eadem
1667 412 1754 439 mate-

965 454 1005 481 ria
1030 459 1094 484 sunt
1121 459 1279 490 eompactae,
1307 455 1371 483 boni
1399 456 1473 483 insiti
1507 457 1758 492 ineolumitatisquc

965 502 1175 535 perpetuitatem
1199 501 1374 536 undiquaque
1398 502 1491 529 infert.
1520 502 1589 535 lmo,
1615 503 1638 530 si
1656 504 1754 530 horum

966 547 1035 573 nihil
1060 547 1123 574 inde
1147 547 1358 582 relinqueretur,
1374 547 1399 574 id
1415 551 1489 575 certe
1511 548 1658 582 evincitur,
1682 549 1756 583 quod

967 593 1017 620 sub
1033 593 1128 620 eodem
1148 593 1259 620 Domino
1273 594 1362 621 omnis
1376 597 1496 628 potestas
1513 594 1629 622 indivisa
1642 599 1670 621 et
1686 595 1756 621 indi-

967 639 1042 665 vulsa
1072 639 1244 666 contineatur
1266 648 1273 666 :
1294 639 1422 674 quoniam
1450 647 1515 666 vero
1549 639 1631 666 etiam
1661 648 1771 676 omnes_

967 689 1082 711 serrata:
1105 688 1179 717 sunt,
1204 685 1229 711 id
1257 685 1357 712 indicio
1382 685 1492 720 quidem
1509 690 1561 718 est,
1581 693 1678 713 omnes
1695 693 1756 712 esse

966 731 1095 765 potentia:
1109 731 1237 758 benefica:
1251 739 1343 765 opera.
1360 731 1393 758 Et
1404 731 1528 758 nonnulli
1544 731 1654 766 quidem
1671 732 1756 759 libero

967 785 1016 804 suo
1030 776 1144 803 arbitrio
1164 780 1239 803 recte
1258 776 1299 803 usi
1322 776 1351 803 in
1364 783 1407 808 ea,
1422 784 1475 811 qua
1492 776 1583 803 donati
1601 780 1689 808 erant,
1707 777 1756 803 bo-

967 821 1054 848 nitate
1068 820 1293 847 eti'ncolumitate
1305 825 1516 855 permanserunt
1533 830 1539 847 :
1553 821 1599 855 qui
1613 828 1680 848 vero
1691 821 1756 847 inde

967 871 1075 894 amotus
1088 871 1140 898 est,
1156 866 1183 893 in
1197 866 1346 901 perniciem
1357 874 1386 894 se
1403 866 1460 901 ipse
1471 867 1596 893 detrusit.
1613 866 1645 892 Et
1659 874 1755 901 quem-

967 913 1112 940 admodum
1138 913 1255 940 liberum
1281 913 1441 944 arbitrium,
1466 912 1539 946 illis,
1569 913 1614 947 qui
1635 920 1668 940 eo
1683 917 1756 939 recte

969 959 1125 990 utebantur,
1150 959 1340 994 prosperitatis
1356 958 1542 994 honitatisque
1562 959 1627 994 ipsis
1652 959 1757 986 collatae

968 1005 1202 1033 eonservatorium
1217 1011 1287 1038 erat,
1305 1009 1333 1032 et
1344 1005 1456 1040 majoris
1471 1005 1648 1040 perfectionis
1664 1012 1756 1032 acces—

968 1051 1009 1078 sio
1038 1051 1121 1087 (quod
1150 1051 1224 1079 enim
1240 1052 1322 1078 etiam
1336 1051 1396 1078 sine
1412 1051 1564 1078 actionibus
1581 1051 1757 1078 admirationi

969 1100 1019 1128 est,
1036 1096 1072 1129 id,
1087 1096 1132 1123 ubi
1150 1095 1234 1131 gloria
1250 1103 1283 1122 ex
1298 1095 1427 1130 operibus
1444 1095 1558 1127 accedit,
1572 1095 1657 1121 multo
1671 1094 1756 1129 magis

968 1141 1099 1168 miramur
1113 1145 1140 1168 et
1153 1141 1242 1176 magni
1263 1139 1387 1174 facimus)
1406 1149 1412 1166 :
1432 1140 1467 1166 ita
1483 1139 1536 1166 illis
1552 1139 1598 1173 qui
1614 1139 1686 1165 dono
1704 1138 1757 1165 hoc

969 1188 1160 1220 abutebantur,
1188 1187 1295 1214 occasio
1310 1186 1416 1213 exstitit
1433 1193 1449 1212 a
1466 1187 1558 1212 nativa
1577 1185 1700 1212 bonitate
1727 1185 1758 1210 in

970 1234 1116 1270 perniciem
1131 1232 1279 1265 incidendi,
1295 1237 1322 1259 et
1337 1231 1516 1258 mutationem
1531 1231 1558 1257 in
1572 1230 1650 1264 pejus
1662 1230 1759 1256 admit-

972 1279 1056 1311 tenrli,
1073 1279 1121 1314 qui
1136 1278 1261 1314 proinde,
1281 1278 1351 1305 facta
1368 1277 1419 1304 hac
1437 1284 1498 1303 cum
1513 1275 1672 1303 melioribus
1693 1282 1758 1309 per—

971 1326 1143 1358 mutatione,
1174 1325 1228 1352 nisi
1256 1325 1317 1360 quis
1343 1332 1375 1352 ex
1404 1323 1606 1351 transversione
1635 1323 1704 1355 hac,
1731 1322 1760 1348 in

972 1373 1085 1401 exitium
1109 1372 1236 1403 ducente,
1262 1379 1324 1398 cum
1344 1378 1409 1398 cura
1424 1378 1452 1398 se
1471 1369 1613 1404 receperit,
1640 1368 1761 1404 produnt

972 1422 1097 1446 naturam
1113 1425 1191 1446 suam
1205 1417 1283 1452 lapsu
1300 1417 1352 1445 isto
1365 1417 1520 1452 absorptam
1540 1415 1633 1443 fuisse.

982 1623 985 1626 -
1010 1603 1105 1631 XXIX.
1127 1603 1161 1631 At
1176 1607 1305 1631 converte
1323 1605 1349 1629 te
1364 1609 1438 1629 nunc
1458 1601 1540 1628 etiam
1554 1600 1586 1627 ad
1601 1599 1670 1627 duos
1694 1598 1764 1625 ﬁlios

975 1659 1009 1679 ex
1033 1651 1128 1678 eodem
1153 1654 1229 1685 patre
1252 1653 1345 1681 natos,
1372 1655 1487 1682 quorum
1505 1651 1572 1674 natu
1597 1646 1687 1673 minor
1708 1653 1765 1671 non

975 1697 1120 1728 minorem,
1136 1703 1216 1731 quam
1230 1695 1327 1730 major,
1337 1698 1438 1722 sortem
1449 1693 1598 1728 accipiens,
1614 1692 1641 1719 in
1654 1691 1764 1719 dissitas

976 1743 1034 1770 abit
1058 1743 1193 1777 regiones,
1220 1745 1363 1774 tantasque
1397 1739 1538 1766 facultates
1563 1737 1716 1772 dilapidans
1737 1741 1765 1763 et

978 1788 1145 1823 profundens
1168 1788 1195 1813 in
1219 1786 1333 1818 itinere,
1361 1785 1471 1812 tandem
1501 1783 1590 1817 inopia
1620 1781 1764 1809 immodica

977 1835 1120 1865 adductus,
1137 1832 1249 1866 siliquis,
1267 1838 1413 1866 porcorum
1426 1829 1498 1860 cibo,
1515 1836 1580 1856 usus
1593 1832 1634 1855 est
1649 1827 1681 1853 ".
1698 1826 1764 1859 Quis

977 1889 1032 1908 non
1048 1884 1169 1907 errorem
1185 1879 1257 1905 hunc
1273 1874 1616 1912 lacrymis,prosequatur?
1633 1873 1684 1906 Qui
1704 1877 1766 1899 tar-

978 1933 1066 1955 tarum
1088 1933 1170 1961 opum
1199 1924 1326 1952 dominus
1350 1927 1427 1954 erat,
1450 1921 1474 1948 is
1489 1920 1656 1948 mercenaria
1682 1925 1764 1954 opera

978 1974 1098 2004 functus,
1121 1977 1321 2006 porcorumque
1347 1976 1438 1996 escam
1461 1967 1495 1995 ad
1516 1966 1697 1994 sublevandas
1716 1973 1766 1992 na-

980 2025 1046 2047 tura:
1080 2018 1258 2046 necessitates
1295 2016 1461 2048 sufluratus,
1499 2019 1593 2050 postea
1621 2013 1699 2040 malis
1726 2013 1767 2039 his

980 2065 1092 2100 ipsaque
1104 2064 1175 2091 fame
1185 2062 1297 2090 meliora
1310 2061 1432 2092 edoctus,
1447 2059 1594 2087 revertitur
1607 2058 1641 2085 ad
1651 2063 1765 2093 patrem,

979 2116 1007 2138 et
1021 2119 1053 2137 ex
1071 2110 1188 2137 contrito
1204 2108 1287 2135 corde
1305 2107 1499 2142 pmnitentiam
1533 2110 1658 2135 testatus,
1675 2111 1691 2130 ο
1709 2111 1767 2129 ma-

980 2164 1061 2192 gnam
1078 2155 1162 2190 patris-
1173 2159 1201 2181 et
1219 2153 1321 2181 domini
1338 2151 1548 2180 humanitatem!
1566 2149 1672 2184 majori,
1685 2156 1767 2182 quam

135 2197 240 2233 πολλῆς
266 2201 313 2225 τοῦ
335 2201 441 2236 Πατρὸς
465 2202 512 2228 καὶ
535 2203 673 2229 Δεσπότου
703 2204 909 2238 φιλανθρωπίας

982 2203 1125 2237 impetrata
1139 2200 1220 2227 venia
1235 2206 1346 2234 sperare
1358 2197 1480 2232 jubebat,
1498 2195 1654 2229 receptione
1670 2194 1769 2229 dignus

134 2244 288 2280 πλείονεςῆ
308 2246 378 2273 κατὰ
393 2247 559 2283 συγγνώμην
574 2248 696 2280 ἀξιοῦται
708 2249 869 2282 δεξιώσεως.
895 2251 925 2277 Ὀ

135 2291 193 2325 γὰρ
208 2291 300 2326 πατὴρ
313 2292 358 2318 τὸν
370 2295 556 2328 νεωτερισμδν
571 2294 622 2320 οὐκ
639 2294 776 2327 ὀνειδίζει,
791 2295 851 2322 οὐδὲ
877 2297 928 2331 τὴν

136 2336 245 2372 πλάνην
267 2339 392 2374 αίσχύναι
406 2341 522 2375 προάγει
537 2348 543 2355 ·
560 2341 613 2367 οὐδ’
628 2341 669 2367 ὅτι
695 2341 744 2376 τῆς
759 2342 839 2376 λιμοῦ
861 2344 928 2378 μᾶλ-

136 2382 211 2417 λονῆ
221 2383 271 2417 τῆς
289 2384 402 2419 γνώμης
417 2386 491 2412 ἐστὶν
508 2387 524 2422 ἡ
542 2386 705 2422 ἐπιστροφή.
719 2387 802 2414 Οὐδὲν
823 2389 928 2417 τούτων

176 2450 198 2466 ¹⁰
211 2450 276 2479 Luc.
285 2460 330 2483 xv,
340 2452 365 2478 8.
405 2453 425 2468 ³¹
443 2453 509 2480 Luc.
521 2459 566 2485 xv,
579 2453 607 2480 Η
616 2473 622 2480 .

982 2248 1110 2276 habetur.
1136 2246 1214 2272 Pater
1241 2244 1315 2272 enim
1339 2242 1487 2279 juvenilem
1504 2241 1610 2275 culpam
1627 2247 1681 2266 non
1705 2247 1768 2274 per-

982 2294 1099 2328 stringit,
1121 2299 1171 2319 nec
1185 2298 1306 2318 errorem
1328 2288 1426 2324 pudori
1449 2287 1569 2322 exponit,
1588 2293 1678 2319 neque
1701 2292 1769 2312 con-

983 2341 1134 2369 versionem
1154 2338 1228 2365 illam
1243 2336 1306 2364 fami
1322 2328 1411 2371 potius
1426 2341 1506 2368 quam
1523 2332 1607 2359 animi
1629 2331 1769 2366 proposito

983 2392 1121 2423 acceptam
1158 2382 1352 2412 fert:nullum
1391 2382 1486 2408 horum
1512 2379 1538 2406 in
1565 2377 1769 2412 delinquentcm

673 2521 789 2549 VARl/E
810 2522 1004 2551 LECTIONES
1019 2523 1064 2552 ET
1079 2521 1195 2551 NOTIE.

176 2588 447 2628 (40)A1;rdpelg._De
456 2590 561 2624 angelis
573 2590 746 2628 interpretor,
760 2599 829 2628 quos
839 2592 866 2618 in
877 2600 926 2628 ap-

137 2623 288 2658 plicatione
296 2623 432 2659 parabolre
447 2623 652 2652 commemorat
659 2623 787 2653 Servator
797 2626 864 2654 Luc.
880 2623 924 2659 ιν,

139 2659 184 2696 ιο.
207 2658 323 2696 Εινειιῂςε
342 2660 492 2696 scriptores
515 2660 692 2696 ecclesiastici
706 2668 778 2696 saepe
793 2662 850 2689 voci
884 2662 928 2689 isti

139 2695 216 2730 hung
229 2694 410 2730 significatum
425 2695 582 2730 subjiciunt.
590 2694 928 2730 Chrysostomus,hom.6,

140 2729 169 2756 in
196 2728 284 2763 Epist.
298 2730 333 2766 ad
361 2728 500 2766 Hebraeos,
518 2728 709 2765 λειτουργὶκὰς
734 2731 862 2766 δυνάμεις
880 2728 929 2758 vo;

141 2769 185 2791 cat
200 2771 294 2798 :-quas
304 2765 461 2800 Apostolus,
477 2764 560 2792 Hebr.
572 2774 591 2798 l,
607 2764 650 2797 Η,
665 2764 839 2800 λειτουργικὰ
851 2767 930 2793 πνεύ-

142 2807 217 2833 ματα
232 2799 358 2834 appellat.
370 2800 470 2827 Confer
477 2800 579 2827 Suiceri
601 2799 760 2827 Thasum-uni
771 2801 929 2828 ecclesiasti-

142 2841 202 2860 cum
216 2834 312 2869 tomJ,
327 2843 354 2870 p.
370 2835 440 2868 9159;
454 2840 480 2863 et
493 2835 600 2865 Henrie.
621 2835 765 2869 Valesium,
788 2837 822 2863 ad
844 2837 930 2874 Euscj

979 2593 1067 2625 bium,
1081 2600 1109 2627 p.
1126 2591 1227 2627 2827b,
1246 2590 1296 2627 ubi
1311 2588 1430 2627 ostendit
1457 2588 1566 2615 Graecos
1583 2587 1618 2613 τὰ
1645 2587 1772 2620 δαιμόνια

980 2624 1117 2664 appellare
1135 2626 1275 2664 δυνάμεις,
1287 2624 1396 2664 Latinos
1411 2628 1501 2663 autem
1514 2626 1664 2664 potestates.

1022 2658 1076 2697 (41)
1089 2658 1305 2697 Καταστὶιὶσας.
1322 2659 1385 2697 Hoc
1414 2658 1556 2697 rescripsi__
1566 2666 1614 2692 pro
1629 2665 1771 2696 κατασπατ

985 2692 1087 2733 σθήσας
1100 2696 1253 2733 ms._Gncc_i
1284 2695 1357 2733 enim
1372 2695 1515 2733 κατασπᾴν
1531 2693 1634 2733 dicunt_
1645 2699 1691 2733 eos
1717 2692 1771 2733 Δ(μιί

985 2727 1054 2760 bona
1072 2727 1120 2759 sua
1138 2730 1315 2765 abliguriunt.
1328 2729 1438 2757 Testem
1446 2729 1578 2756 habemus
1597 2727 1771 2754 scholiaslcm

984 2767 1175 2802 Aristophanis
1189 2766 1223 2793 ad
1236 2765 1354 2802 Equites.

1021 2797 1086 2838 (42f
1095 2801 1239 2836 Διὶκρυο-ν.
1253 2797 1378 2828 Fortasse
1394 2799 1536 2836 legendum
1549 2797 1683 2832 δακρύων.
