1940 3081
194 147 247 180 Ξίτ

774 146 907 177 ΡΗΟΤΙΙ
926 145 1180 178 PATRIARCH/E
1198 148 1254 179 CP.

1765 151 1818 182 2&8

195 204 319 239 conjicit.
346 201 464 230 Noverat
489 200 573 234 cnim,
601 209 663 228 eum
688 201 733 236 qui
759 209 884 228 reversus
912 204 980 231 erat,

1038 201 1072 233 εἰς
1085 201 1131 228 τδν
1146 202 1358 237 ἐξημαρτηκότα
1377 202 1543 239 ἀπορρίπτει
1558 212 1565 219 ·
1582 203 1641 238 ᾔδει
1651 203 1706 239 γὰρ
1733 203 1818 231 αὑτοῦ

195 257 271 277 suam
283 256 343 276 esse
359 247 515 283 progeniem
534 247 670 282 (quamvis
689 255 737 282 per
753 247 872 274 alienum
888 254 980 274 semen

193 295 362 322 adulteratus
391 293 490 327 esset);
519 298 633 320 noverat
649 301 664 319 a
688 300 718 321 se
743 300 777 320 ex
802 300 895 319 amore
921 299 983 319 esse

192 340 366 376 productum,
383 347 437 366 non
454 344 544 366 autem
569 339 677 366 aliunde
697 346 791 366 recens
810 343 908 365 satum.
931 337 982 365 Ita-

193 393 245 419 que
260 384 328 411 nihil
354 384 451 411 horum
469 392 524 419 quo
543 385 698 412 contristari
714 385 736 412 is
750 389 866 420 poterat,
881 385 981 412 affere-

192 430 254 463 bat;
273 437 362 464 neque
377 429 514 457 diuturnis
530 430 577 456 ﬁlii
593 430 723 457 aerumnis
737 430 882 464 adjiciebat
899 431 982 465 quid-

191 483 283 510 quam.
312 475 423 502 Utinam
438 480 468 502 ut
490 475 592 502 erroris
615 476 663 507 tui,
688 475 724 503 ita
741 481 768 503 et
781 476 981 509 conversionis,

191 529 223 548 ac
250 521 424 556 receptionis.
444 522 472 548 in
491 521 604 556 gratiam
627 521 721 553 factm,
751 521 870 549 fructum
891 522 982 556 perci-

191 567 279 602 piam!
296 566 406 594 Scilicet
422 567 636 594 humanissimus
650 571 678 594 et
692 567 812 601 optimus
826 572 904 602 pater
917 574 980 594 eum

191 613 303 640 eminus
337 613 426 639 adhuc
450 617 478 639 et
497 612 552 639 sola
580 612 742 647 pceuitcntia
767 612 800 639 ad
820 620 849 639 se
878 613 982 640 adven-

191 661 306 688 tantem,
335 656 439 683 nullum
456 664 521 684 vero
540 656 657 683 fructum
672 656 727 684 huc
750 656 813 683 dum
837 656 980 690 ferentem,

179 701 385 736 'conspicatus,
412 710 447 731 ne
473 701 577 729 ferebat
605 702 715 737 quidem
746 701 812 729 istos
843 701 982 736 poeniten-

189 747 235 774 tiae
250 747 367 778 labores,
385 747 435 774 sed
451 747 546 775 videns
570 747 657 782 ipsum
685 748 752 774 adeo
775 747 938 782 squalidum,
954 752 983 775 et

182 793 248 834 sola
273 793 436 828 pwnitentia
451 800 480 819 se
499 792 700 828 respicientem,
715 793 902 820 misericordia
919 800 981 828 per-

190 844 280 868 motus
297 845 356 874 est,
374 844 405 868 ut
421 849 536 868 currens
557 841 711 876 collumque
730 841 789 876 ejus
812 841 982 876 amplexatus

190 895 254 916 eum
270 887 486 915 deoscularetur.
500 887 570 920 Quid
588 895 654 915 vero
671 887 761 914 filius?
782 887 844 921 quis
860 894 907 914 eos
922 887 983 921 qui-

191 933 243 961 bus
259 933 473 966 distrahebatur,
489 933 604 960 aHectus
620 932 843 961 enumeraverit?
861 932 983 960 Aderant

191 979 290 1014 pudor,
307 979 415 1006 tristitia
427 999 435 1012 ,
459 983 557 1012 metus,
574 979 698 1014 angustia
712 979 815 1010 animi,
834 979 982 1010 timiditas,

192 1032 256 1060 spes
271 1025 297 1052 in
311 1025 370 1052 solo
378 1025 514 1052 desiderio
530 1024 674 1057 fluctuans,
690 1026 821 1051 memoria
832 1032 922 1052 rerum
937 1032 982 1051 su-

191 1070 342 1106 periorum,
358 1069 511 1097 recordatio
529 1069 714 1102 infandorum,
731 1069 859 1104 cogitatio
875 1068 985 1096 futuro-

181 1123 265 1151 ‘rum.
281 1115 314 1142 Et
326 1115 378 1143 illis
393 1120 483 1142 tamen
496 1115 623 1142 omnibus
636 1122 684 1149 per
700 1114 888 1149 pwnitentiam
902 1121 984 1150 supe-

192 1161 250 1188 rior
262 1166 313 1189 est.
329 1161 374 1188 Ait
389 1161 462 1189 enim
476 1169 482 1187 :
500 1161 592 1193 Pater,
612 1161 718 1195 peccavi
737 1161 766 1187 in
783 1160 876 1187 emtum
895 1165 921 1187 et
940 1168 984 1186 co-

193 1215 252 1233 ram
274 1211 298 1233 te
310 1226 317 1239 ,
334 1215 416 1242 neque
433 1207 527 1242 dignus
552 1206 666 1240 amplius
680 1214 754 1239 sum,
767 1206 813 1241 qui
827 1214 903 1233 vocer
912 1205 985 1243 ﬁlius

194 1257 255 1280 tuus
265 1253 298 1280 ".
313 1253 402 1288 Atque
417 1253 470 1280 ista
484 1252 619 1280 confessio
634 1252 724 1280 verbis
739 1252 820 1284 facta,
838 1252 873 1279 ab
886 1252 985 1279 animm

193 1299 288 1327 habitu
299 1307 353 1326 non
363 1300 529 1335 discrepans,
542 1299 606 1328 facit
614 1303 642 1326 ul
650 1304 728 1334 pater
736 1300 825 1334 ipsum
836 1304 909 1326 veste
915 1307 985 1334 prae-

193 1347 272 1382 eipua
290 1347 394 1379 induat,
412 1347 514 1374 annulo
533 1355 629 1373 manus
645 1354 701 1373 sua:
715 1346 838 1373 actiones
851 1345 985 1380 obsignct,

193 1394 333 1429 pedesque
347 1393 608 1425 calceamentis,nea
619 1391 841 1427 serpentecalces
852 1392 912 1419 laedi
922 1399 985 1426 pos-

193 1443 270 1471 sent,
286 1439 401 1466 muniat.
414 1438 512 1466 Postea
525 1442 553 1465 et
571 1438 685 1464 vitulum
699 1438 851 1473 saginatum
866 1441 984 1470 mactat,

193 1493 348 1521 magnoque
363 1492 425 1512 cum
435 1485 578 1519 splendore
589 1488 617 1511 et
627 1488 737 1519 sumptu
746 1484 907 1511 convivatur
923 1491 985 1511 cum

1033 245 1156 281 γέννημα
1179 244 1249 274 εἶναι
1278 247 1324 274 τὸν
1353 248 1536 282 προσελθόντα
1551 269 1559 281 ,
1583 249 1635 275 κᾶν
1663 249 1818 285 ἀλλοτρίαις

1033 292 1196 327 ὲπισποραῖς
1215 292 1365 325 ἐνοοεύετο,
1380 293 1427 320 καὶ
1453 295 1503 329 τῆς
1517 294 1600 320 αὑτοῦ
1624 294 1817 331 φιλανθρώπου

1033 339 1210 373 προαγωγῆς,
1233 339 1290 365 ἀλλ’
1318 339 1367 374 οὐχ
1386 340 1483 374 ἑτέρας
1504 339 1586 366 ποθὲν
1605 341 1819 375 νεωτεριζούσης
1868 374 1872 378 ἱ

1033 384 1197 418 καταϐολῆς.
1213 385 1315 419 Μηδενὶ
1325 385 1381 420 (45)
1395 385 1423 411 δὲ
1434 385 1488 411 τῶν
1502 385 1657 412 λυπούντων
1673 386 1819 421 προδιαθέ-

1034 438 1124 471 μενος,
1145 430 1206 465 μηδ’
1223 430 1361 457 ἐπιϐαλὼν
1377 431 1488 466 ἄλγημα
1503 433 1559 463 τοῖς
1573 431 1759 466 πολυχρονίοις
1770 432 1818 459 τοῦ

1033 477 1129 509 παιδὸς
1158 477 1325 512 ἀλγήμασιν.
1356 477 1414 504 Δῑθ’
1441 478 1536 513 ὥσπερ
1561 487 1608 504 σου
1631 479 1681 513 τῆς
1702 478 1816 513 πλάνης,

1032 522 1104 549 οὕτω
1118 523 1221 558 καὶτῆς
1238 523 1407 558 ἐπιστροφῆς
1426 524 1473 550 καὶ
1493 525 1542 559 τῆς
1556 524 1692 559 ἀποδοχῆς
1718 532 1819 551 κοινω-

1033 569 1147 603 νήσαιμι
1164 569 1170 595 !
1192 568 1263 595 Ἀλλ’
1283 566 1330 596 οὖν
1347 570 1361 595 δ
1379 569 1571 605 φιλάνθρωπος
1586 570 1631 596 καὶ
1643 569 1745 603 ἀγαθὸς
1769 578 1821 595 πα-

1032 613 1084 649 τὴρ
1101 613 1141 640 ἔτι
1157 614 1252 649 πόρρω
1274 614 1322 640 καὶ
1341 614 1386 640 διὰ
1400 614 1482 649 μόνης
1501 615 1552 646 τῆς
1581 614 1726 649 μετανοίας
1748 613 1820 648 ὁρῶν

1032 659 1262 695 προσερχόμενον,
1276 660 1382 696 καρπον
1397 660 1426 686 δὲ
1444 660 1499 686 οὐδ’
1513 659 1653 687 ὁντιναοῦν
1670 659 1820 694 προϐαλλόρ

1034 714 1125 740 μενον,
1140 706 1191 732 οὐκ
1207 706 1334 740 ἀνέμεινε
1347 706 1393 732 καὶ
1415 707 1480 737 πὸς
1502 706 1550 732 ἐπὶ
1566 706 1599 741 τῇ
1625 705 1755 740 μετανοίᾳ
1769 704 1819 732 πότ-

1032 759 1105 782 νους,
1119 751 1176 777 ἀλλ’
1189 750 1250 777 ἰδὼν
1264 751 1346 777 αὐτὸν
1359 750 1430 777 οὕτω
1443 751 1562 785 κατηφῆ.
1578 751 1625 777 καὶ
1639 752 1672 785 τῇ
1688 749 1819 785 μετανοίᾳ

1034 797 1104 833 μόνῃ
1112 797 1300 824 ἀποϐλέποντα
1307 796 1511 832 ἐσπλαγχνίσθη
1520 805 1527 812 ·
1536 797 1583 823 καὶ
1595 795 1708 831 δραμὼν
1719 795 1820 822 ἐπέπε-

1034 851 1080 870 σεν
1096 844 1142 870 ἐπὶ
1152 844 1197 870 τὸν
1210 843 1348 878 τράχηλον
1361 843 1455 876 αὑτοῦ,
1470 844 1518 869 καὶ
1531 843 1715 877 κατεφίλησεν
1726 841 1819 869 αὐτόν.

1034 889 1067 916 Τί
1082 889 1109 916 δὲ
1129 890 1142 915 ὀ
1157 889 1228 921 uide;
1246 889 1288 920 τίς
1301 890 1346 921 ἂν,
1361 889 1380 915 ἃ.
1399 888 1460 915 τότε
1477 888 1632 924 διεμέριζεν
1648 889 1740 920 αὑτὸν,
1755 888 1822 914 ἀνα-

1034 934 1167 970 ριομήσαι
1182 934 1271 970 mter};
1286 934 1413 969 αἰσχύνη,
1433 934 1505 968 λύπη
1517 954 1524 967 ,
1543 934 1640 968 φόϐος.
1658 932 1760 965 δειλία,
1772 941 1823 959 κα-

1033 981 1147 1015 τήφεια,
1168 980 1287 1012 ἐλπίδες,
1304 980 1379 1014 μόνῳ
1393 978 1433 1014 τῷ
1449 978 1538 1007 θέλειν
1556 978 1720 1006 σαλεύουσαι
1734 998 1742 1010 ,
1757 977 1824 1004 ἀνά-

1036 1035 1134 1063 μνησις
1151 1027 1205 1053 τῶν
1221 1027 1355 1062 ἀρχαίων,
1372 1026 1467 1061 μνήμη
1495 1025 1550 1051 τῶν
1566 1024 1733 1060 ὑπερορίων,
1753 1024 1825 1058 λογι-

1035 1073 1103 1108 σμὸς
1130 1073 1186 1100 τῶν
1213 1073 1377 1107 μελλόντων.
1405 1073 1435 1098 '0
1457 1071 1485 1098 δὲ
1511 1073 1608 1107 κρατεῖ
1632 1072 1665 1106 τῇ
1695 1070 1824 1105 μετανοίᾳ

1034 1119 1155 1147 πάντων.
1175 1119 1228 1144 Καί
1243 1126 1323 1153 φησι·
1339 1117 1443 1152 Πάτερ,
1458 1117 1592 1151 ’ἥμαρτον
1606 1117 1649 1149 εἰς
1662 1116 1716 1142 τὸν
1734 1116 1823 1149 air-cap-

1034 1166 1090 1192 νὺν
1101 1165 1149 1192 καὶ
1160 1163 1290 1191 ἐνώπιόν
1305 1170 1378 1195 σου,
1393 1163 1441 1189 καὶ
1459 1161 1560 1189 οὐκέτι
1574 1160 1632 1196 εἰμὶ
1647 1160 1733 1193 ἄξιος
1752 1161 1824 1192 κλη-

1034 1210 1122 1244 θῆναι
1137 1210 1202 1243 υἱός
1214 1218 1283 1236 σου.
1300 1210 1356 1236 Καὶ
1376 1209 1393 1243 ἡ
1413 1208 1467 1234 τῶν
1485 1207 1617 1243 ῥημάτων
1631 1206 1825 1240 ἐξομολόγησις

1034 1258 1084 1292 τῆς
1098 1257 1187 1291 ψυχῆς
1210 1256 1239 1282 οὐ
1263 1254 1415 1289 ψευδομὲνη
1443 1253 1491 1288 τὴν
1510 1253 1640 1285 διάθεσιν,
1669 1250 1825 1286 παραυτίκα

1037 1303 1086 1338 μὲν
1103 1303 1184 1329 αὐτὸν
1199 1302 1248 1336 τὴν
1265 1301 1359 1336 στολὴν
1374 1300 1463 1327 ὲνδύει
1486 1299 1535 1334 τὴν
1560 1297 1683 1334 πρώτην.
1708 1297 1762 1323 Καὶ
1779 1295 1826 1322 δα-

1036 1349 1137 1384 κτυλίῳ
1162 1348 1212 1383 τῆς
1244 1347 1334 1383 χειρὸς
1362 1347 1412 1378 τὰς
1439 1345 1555 1381 πράξεις
1580 1343 1746 1379 σφραγίζει,
1777 1342 1827 1369 καὶ

1036 1395 1192 1430 ὑποδήμασι
1205 1394 1268 1424 τοὺς
1281 1392 1376 1424 πόδας,
1395 1392 1493 1426 μηκέτι
1508 1391 1617 1417 δάκνειν
1633 1389 1678 1416 τὸν
1700 1389 1763 1421 ὅφιν
1775 1387 1825 1422 τὴν

1036 1441 1165 1476 πτέρναν,
1195 1438 1383 1473 ἀσφαλίζεται.
1410 1436 1475 1463 Εἶτα
1497 1438 1544 1463 καὶ
1571 1436 1617 1462 τὸν
1641 1435 1741 1470 μόσχον
1767 1432 1827 1459 θύει

1035 1487 1081 1514 τὴν
1098 1485 1220 1513 σιτευτὸν
1230 1506 1237 1517 ,
1252 1484 1300 1511 καὶ
1315 1483 1492 1518 εὐφραίνεται
1514 1481 1649 1516 λαμπρῶς
1663 1487 1693 1507 τε
1713 1479 1761 1505 καὶ
1776 1486 1825 1504 ποι

193 1531 282 1563 ﬁlio,'a
294 1530 408 1557 mortuis
421 1537 541 1561 reverso,
549 1533 576 1556 et
585 1534 644 1564 post
652 1529 759 1563 longam
768 1529 840 1555 illam
850 1529 984 1563 iacturam

1038 1532 1157 1563 λυτελῶς
1180 1533 1193 1558 ὁ
1207 1531 1299 1565 πατὴρ
1316 1530 1382 1565 μετὰ
1399 1529 1447 1555 τοῦ
1470 1529 1502 1554 ἐκ
1516 1527 1622 1563 νεκρῶν
1640 1524 1826 1554 ἀναλύσαντος

193 1577 294 1604 iterum
321 1580 441 1611 reperto.
460 1575 561 1607 Vides,
590 1575 727 1610 quomodo
745 1575 873 1609 parabola
889 1575 945 1602 hzec
959 1575 987 1602 in

194 1623 337 1658 aenigmate
345 1622 502 1649 omnium‘et
514 1621 729 1656 exquisitissimo
737 1625 763 1648 el
771 1621 988 1649 luculentissimo

193 1669 285 1697 tradat
297 1668 348 1695 ista
362 1677 368 1695 :
387 1676 402 1695 a
415 1668 487 1695 bono
502 1672 530 1694 et
543 1667 690 1694 Conditore
706 1671 735 1694 et
747 1667 878 1694 Creatore
892 1671 987 1694 natum

194 1719 223 1743 et
237 1719 326 1742 ortum
338 1721 399 1741 esse
416 1718 443 1741 et
463 1713 606 1748 prodigum
620 1713 695 1740 illum
710 1712 794 1740 tilium
804 1734 812 1745 ,
828 1717 856 1740 et
871 1713 987 1740 alterum

195 1761 271 1788 illum
290 1760 413 1795 ejusdem
429 1763 516 1791 ortus,
540 1766 572 1786 ac
588 1763 643 1785 tum
665 1763 744 1785 aetate
762 1761 818 1785 tum
837 1757 913 1785 factis
929 1757 988 1792 ipso

195 1807 342 1842 majorem,
370 1806 417 1842 qui
438 1811 465 1834 et
490 1805 516 1833 in
535 1805 621 1840 patria
640 1805 722 1832 domo
738 1805 935 1842 permanserit,
961 1809 989 1831 et

195 1853 343 1888 pristinum
358 1853 442 1880 decus
456 1859 488 1879 ac
505 1850 648 1878 facultates
665 1858 729 1877 suas
743 1858 805 1877 cum
819 1849 905 1877 aetatis
921 1857 990 1884 prae-

196 1899 317 1935 rogativa
332 1898 495 1925 retinuerit:
508 1905 563 1935 non
577 1901 669 1924 autem
686 1897 817 1930 majorem
832 1896 907 1923 illum
922 1900 989 1922 natu

196 1953 230 1972 ex
242 1945 305 1977 alia,
321 1944 455 1971 minorem
471 1952 537 1971 vero
548 1934 640 1971 itidem
660 1951 692 1970 ex
708 1943 760 1970 alia
775 1943 858 1977 stirpe
880 1946 927 1969 aut
941 1949 989 1976 ge-

197 1991 340 2018 neratiOne
354 1991 470 2023 derivat,
482 1990 531 2017 sed
548 1994 695 2024 utrumque
715 1989 754 2023 ab,
764 1989 860 2016 iisdem
877 1988 990 2023 origini-

197 2036 251 2064 bus
271 2040 299 2063 et
320 2036 501 2070 productione
525 2039 553 2062 et
576 2035 738 2062 educatione
764 2035 884 2062 deducit.
904 2034 990 2061 Simul

198 2089 265 2109 vero
281 2086 308 2108 et
326 2082 377 2108 hoc
391 2081 565 2108 considerare
580 2080 621 2108 fas
639 2085 692 2112 est,
713 2081 797 2115 quod.
812 2080 833 2107 si
847 2081 910 2115 quis
922 2080 991 2107 filios

199 2129 228 2155 in
245 2127 372 2163 parabola
385 2127 430 2154 illa
442 2130 607 2153 memoratos
618 2126 765 2152 humanam
781 2130 904 2152 naturam
920 2125 991 2152 indi-

199 2183 263 2203 care
282 2178 408 2206 censeat,
425 2178 453 2200 et
468 2181 516 2208 per
530 2174 660 2208 majorem
683 2178 748 2200 natu
767 2173 826 2199 illos
842 2192 847 2203 ,
867 2172 913 2206 qui
929 2179 990 2206 gra-

199 2223 266 2249 tiam
289 2221 432 2255 pristinam
450 2220 650 2251 eonservarint,
672 2228 723 2247 nec
740 2220 841 2247 donum
863 2218 929 2249 illud
950 2218 990 2245 in-

199 2267 381 2302 temperantia
407 2274 455 2295 sua
477 2266 666 2300 corruperint;
693 2273 740 2301 per
760 2265 899 2300 juniorem
928 2272 993 2291 vero

200 2319 259 2343 eos,
274 2312 319 2346 qui
332 2312 402 2339 mala
413 2320 469 2346 prae
483 2311 563 2339 bonis
575 2311 717 2347 elegerint,
733 2315 762 2338 et
776 2311 919 2338 facultates
930 2317 994 2337 suas

200 2357 309 2385 luxuria
324 2357 503 2392 dissiparim;
525 2358 583 2385 sive
597 2357 673 2384 illum
690 2357 801 2391 quidem
815 2357 973 2392 angelorum
984 2376 992 2389 ,

201 2403 349 2431 huncvero
362 2403 505 2431 hominum
521 2407 718 2438 repraesentare
726 2402 789 2429 hinc
806 2407 917 2434 statum,
930 2402 994 2430 hinc

201 2448 392 2480 mutationem,
405 2451 535 2481 censeat;
550 2448 607 2475 sive
629 2447 747 2482 denique
762 2447 867 2481 placeat
879 2449 887 2482 (
900 2447 994 2475 licebit

202 2495 276 2522 enim
291 2495 423 2530 quidquid
450 2494 579 2530 libuerit)
607 2502 655 2529 per
673 2502 721 2521 eos
745 2494 896 2530 intelligere
915 2495 992 2526 illos,

203 2548 320 2576 quorum
343 2541 388 2567 alii
409 2541 460 2568 sub
487 2540 546 2576 lege
571 2540 616 2567 alii
639 2540 689 2567 sub
711 2540 795 2575 gratia
824 2540 894 2572 sint;
918 2544 995 2568 certe

204 2591 319 2620 utraque
342 2586 401 2613 haec
413 2586 552 2613 meditatio
566 2586 638 2614 dare
653 2590 682 2614 et
696 2586 756 2614 sine
771 2587 931 2622 exceptione
946 2587 995 2614 de-

240 2632 263 2648 "
283 2631 350 2659 Luc.
371 2640 418 2664 xv,
436 2631 482 2659 ‘1].

1038 1578 1097 1605 υἱοῦ
1122 1579 1169 1604 καὶ
1196 1577 1389 1612 ἁνευρεθέντος
1410 1574 1479 1610 μετὰ
1506 1574 1556 1608 τὴν
1583 1573 1694 1608 μακρὰν
1720 1569 1827 1605 ἐκείνην

1037 1625 1187 1652 ἀπώλειαν.
1209 1624 1290 1658 Ὁρᾷς
1306 1623 1380 1653 ὅπως
1396 1620 1568 1655 αἰνιγμάτων
1583 1619 1694 1645 πάντων
1711 1615 1826 1651 ἀκριϐέ-

1038 1670 1134 1704 στερόν
1150 1678 1180 1695 τε
1193 1669 1240 1695 καὶ
1258 1668 1425 1701 σαφέστερον
1441 1666 1457 1701 ἡ
1475 1664 1616 1700 παραϐολὴ
1632 1661 1827 1699 παραδίδωσιν.

1045 1715 1159 1751 ’Δγαθοῦ
1177 1715 1226 1750 μὲν
1243 1714 1291 1741 καὶ
1313 1713 1431 1739 πλάστου
1448 1712 1494 1738 καὶ
1511 1711 1669 1744 πλὰσματος
1687 1707 1829 1742 προελθεῖν

1038 1771 1069 1789 τε
1094 1762 1141 1788 καὶ
1161 1761 1242 1795 φῦναι
1266 1760 1311 1786 τόν
1328 1767 1359 1785 τε
1374 1758 1478 1785 ἄσωτον
1497 1756 1555 1783 υἱὸν
1579 1755 1627 1782 καὶ
1648 1755 1693 1780 τὸν
1718 1751 1828 1787 ὁμοφυῆ

1039 1808 1087 1835 καὶ
1100 1806 1287 1842 πρεσϐύτερον
1298 1802 1392 1834 αὐτοῦ,
1405 1803 1453 1828 καὶ
1469 1801 1557 1836 χρόνῳ
1566 1801 1612 1827 καὶ
1626 1797 1828 1832 ἀνορθώμασιν,

1039 1854 1068 1884 ὃς
1088 1841 1136 1879 mi.
1155 1853 1189 1886 τῇ
1208 1850 1254 1878 τοῦ
1278 1848 1412 1884 πατρικοῦ
1435 1846 1550 1883 οῐδιαίτῃ
1565 1846 1621 1880 (44)
1643 1841 1829 1879 διαμεμένηκέ

1039 1908 1081 1931 τε,
1100 1899 1148 1925 καὶ
1170 1899 1220 1933 τὴν
1244 1896 1381 1932 προτέραν
1400 1893 1491 1927 δόξαν,
1515 1893 1562 1920 καὶ
1581 1891 1675 1918 οὐσίαν
1698 1890 1766 1925 μετὰ
1781 1887 1829 1914 τοῦ

1040 1945 1188 1979 πρεσϐείου
1208 1943 1376 1977 συνετήρησε
1388 1961 1396 1972 ,
1412 1941 1458 1967 καὶ
1471 1939 1532 1974 οὐχὶ
1552 1939 1598 1965 τὸν
1613 1937 1663 1971 μὲν
1678 1934 1830 1970 «95066:;-

1042 2000 1087 2026 ρον
1103 1990 1133 2022 ἐξ
1150 1990 1244 2024 ἅλλης,
1258 1989 1303 2014 τὸν
1319 1987 1347 2013 δὲ
1363 1987 1496 2022 νεώτερον
1511 1985 1539 2017 ἐξ
1557 1982 1746 2018 ἀντικειμένης
1762 1988 1830 2006 σπο-

1043 2038 1092 2073 ρᾶς
1108 2037 1125 2071 ἢ
1143 2035 1278 2070 γενέσεως
1296 2033 1431 2068 προάγει,
1448 2031 1504 2058 ἀλλ’
1526 2031 1609 2065 ἄμφω
1631 2026 1786 2061 καταῦολῆς
1800 2033 1830 2051 τε

1040 2085 1090 2118 τῆς
1103 2082 1188 2116 αὐτῆς
1204 2081 1250 2107 καὶ
1272 2079 1379 2114 φύσεως
1394 2078 1441 2104 καὶ
1460 2075 1628 2112 προαγωγῆς
1649 2074 1702 2118 καὶ,
1723 2073 1831 2118 διαίτης

1041 2125 1270 2163 ἁναγράφει,Καὶ
1291 2124 1452 2158 ἐπιθεωρεῖν
1466 2122 1610 2157 προσήκει,
1625 2120 1662 2150 ὡς
1676 2117 1752 2148 εἴτις
1766 2117 1830 2148 τοὺς

1043 2165 1092 2208 τῆς
1109 2172 1268 2208 παραϐολῆς
1284 2171 1358 2201 υἱοὺς
1375 2170 1424 2204 τὴν
1446 2166 1622 2203 ἀνθρωπίνην
1638 2164 1736 2200 δηλοῦν
1749 2163 1831 2198 φύσιν

1043 2220 1186 2252 ὑπολάϐοι,
1202 2220 1249 2245 καὶ
1263 2218 1307 2245 διὰ
1326 2218 1374 2252 μὲν
1389 2216 1438 2242 τοῦ
1453 2214 1639 2250 πρεσϐυτέρου
1655 2211 1728 2244 τοὺς,
1744 2210 1769 2237 οἳ
1782 2209 1831 2244 τὴν
1851 2214 1855 2217 ·

1043 2267 1090 2294 ἀπ’
1106 2265 1194 2301 ἀρχῆς
1204 2263 1367 2291 διεσώσαντο
1380 2262 1470 2298 χάριν,
1485 2259 1575 2287 καὶτὸ
1589 2259 1675 2292 δῶρον
1691 2257 1740 2291 οὐχ
1754 2255 1832 2290 669t-

1044 2320 1094 2338 σαν
1110 2310 1224 2346 ἀσωτίᾳ,
1240 2310 1284 2336 διὰ
1300 2309 1329 2335 δὲ
1342 2308 1389 2335 τοῦ
1404 2307 1539 2342 νεωτέρου
1552 2306 1615 2336 τοὺς
1633 2302 1831 2337 ἁνθελομένους

1042 2358 1077 2384 τὰ
1099 2356 1190 2392 φαῦλα
1209 2355 1263 2390 πρὸ
1286 2355 1340 2381 τῶν
1364 2353 1525 2388 ἀμεινόνων,
1547 2351 1594 2378 καὶ
1611 2350 1662 2383 τὴν
1676 2347 1772 2392 οὐσίαν
1790 2346 1833 2392 είς

1043 2402 1164 2429 ἀσωτίαν
1178 2395 1380 2435 ἀμειψαμένους
1391 2419 1398 2430 ,
1413 2398 1467 2424 εἴτε
1482 2396 1527 2423 τὸν
1544 2396 1593 2431 μὲν
1608 2393 1657 2429 τὴν
1671 2391 1832 2427 ἀγγελικὴν,

1041 2449 1087 2475 τὸν
1098 2448 1125 2474 δὲ
1139 2447 1188 2482 τὴν
1200 2446 1375 2481 ἀνθρωπίνην
1387 2441 1648 2479 παραδειγματίζειν
1664 2439 1832 2465 κατάστασιν

1043 2495 1093 2522 καὶ
1107 2494 1196 2530 λῆξιν.
1212 2494 1244 2520 Εἰ
1260 2492 1348 2527 βούλει
1368 2492 1396 2518 δὲ
1422 2490 1490 2526 (πῶς
1509 2489 1532 2515 δ’
1551 2488 1584 2514 ἂν
1606 2487 1638 2513 σὺ
1665 2483 1832 2530 βουληθῇς),

1041 2542 1107 2572 τοὺς
1122 2541 1175 2569 ὑπὸ
1188 2540 1234 2568 τὸν
1246 2539 1329 2572 νόμον
1344 2546 1374 2563 τε
1387 2537 1434 2563 καὶ
1446 2536 1498 2561 ὑπὸ
1512 2534 1560 2569 τὴν
1575 2533 1655 2568 χάριν
1669 2531 1724 2567 (45)
1734 2551 1742 2562 ,
1757 2529 1832 2555 οὐδὲν

1044 2586 1154 2613 ἔλαττον
1168 2585 1202 2612 δι’
1214 2584 1349 2620 ἑκατέρας
1363 2583 1480 2618 θεωρίας
1490 2579 1626 2616 λαμπρῶς
1638 2586 1668 2604 τι
1682 2576 1728 2603 καὶ
1744 2577 1832 2607 ἀναμ-

755 2677 873 2706 VARUI‘.
894 2678 1086 2707 LECTIONES
1107 2677 1150 2705 ET
1171 2675 1286 2704 NOT/E.

254 2725 299 2760 15)
311 2724 438 2759 Μηδειιί.
455 2724 544 2752 Malim
560 2724 649 2759 legere
666 2723 760 2760 μηδὲν.
785 2724 811 2750 ld
835 2724 909 2751 enim
943 2724 995 2752 sibi

204 2760 276 2788 velle
290 2761 398 2788 videtur
411 2761 519 2791 Noster.
533 2760 606 2794 quod
625 2760 691 2786 nihil
704 2767 798 2787 eorum
825 2760 851 2786 in
873 2760 994 2786 medium

205 2796 336 2828 attulerit,
349 2804 410 2831 qua:
438 2795 559 2822 animum
584 2795 743 2830 pmnitentis
769 2795 878 2822 tristitia
892 2795 996 2830 majore

207 2832 320 2865 implere
336 2835 472 2866 poterant.

244 2867 298 2902 (Μ)
319 2865 462 2900 οτδιαιτη.
477 2866 516 2894 lta
531 2873 582 2894 ms.
599 2865 704 2894 Sensus
720 2873 783 2893 vero
802 2873 850 2900 per
861 2872 890 2892 se
901 2869 994 2893 osten-

1141 2729 1242 2750 enoum
1255 2727 1316 2748 esse
1330 2718 1405 2745 οἴκου
1417 2720 1499 2753 διαιτέ1

1081 2724 1242 2758 tlegenoum
1255 2727 1316 2748 esse
1330 2724 1405 2745 οἰκον
1417 2724 1518 2778 σιαιτῃγ
1553 2751 1559 2756 _

1081 2758 1137 2793 (45)
1151 2757 1210 2794 ,Καὶ
1223 2756 1288 2794 ὑπὸ.
1301 2755 1360 2794 τὴν
1381 2753 1481 2787 χάριν.
1521 2758 1592 2794 arms
1604 2749 1833 2794 vetertrmwhulus

1045 2785 1182 2828 parabolae
1197 2785 1544 2828 expositiopes'niemorat
1558 2787 1594 2826 c|_.
1677 2785 1832 2828 d'Outrein.

1045 2821 1072 2856 in
1092 2821 1278 2862 Explicationc
1293 2823 1504 2862 Belgica__huius
1520 2827 1548 2862 et
1563 2821 1693 2862 similium
1717 2821 1833 2862 aliarum

1045 2856 1246 2900 parabolarum,
1256 2869 1317 2896 quae
1331 2856 1431 2895 prodiit
1441 2856 1604 2889 Amstciod.,
1622 2856 1701 2888 1692,
1716 2856 1744 2883 4.

1047 2723 1088 2751 dit
1097 2724 1141 2758 leg
