1940 3081
119 150 172 180 249

651 150 800 183 CONTRA
825 151 1054 184 MANIClLEOS
1070 156 1186 187 LIBER
1202 158 1250 189 1V.

1692 161 1745 191 250

117 205 237 238 φιεόλως
250 204 444 238 ἐπιδείκνυται,
457 206 495 237 ὡς
509 207 542 233 ἑκ
553 207 603 242 τῆς
617 207 702 242 αὐτῆς
715 207 772 234 ἐστι
786 209 894 243 πατριᾶς

955 215 1107 244 monstrat,
1130 212 1202 246 quod
1221 213 1256 240 ab
1276 213 1372 241 eodem
1396 213 1476 241 Patre
1495 219 1523 241 et
1544 215 1615 241 bono
1631 220 1659 242 et
1675 215 1745 242 Ente

116 251 165 277 καὶ
184 251 352 284 ἀταθότητος
369 251 416 277 καὶ
436 251 609 285 οὐσιώσεως,
625 253 685 279 τότε
702 253 757 279 τῶν
779 251 905 288 ἀγγέλων

117 297 165 323 καὶ
179 296 211 322 τὺ
224 296 279 322 τῶν
292 296 446 331 ἀνθρώπων
457 297 546 331 γένος,
560 299 574 324 ὅ
585 307 615 324 τε
626 294 707 333 νόμος
721 300 768 325 καὶ
784 300 801 334 ἡ
813 301 904 335 χάρις,

117 343 165 369 καὶ
178 342 195 376 ἡ
216 341 271 368 τῶν
285 342 435 376 ἀνθρώπων
452 342 533 377 φύσις
544 363 551 374 ,
578 343 630 370 κᾶν
643 343 659 378 ἡ
677 343 726 378 μὲν
738 344 769 370 τὸ
784 344 905 379 ἔμφυτον

118 387 320 414 συνδιασὼσατο
335 388 476 423 χάρισμα.
496 389 513 423 ή
532 389 560 415 δὲ
583 389 633 424 τῆς
652 390 757 424 δωρεᾶς
779 391 829 425 τὴν
851 392 904 417 ἀπ-

116 433 216 460 ώλειαν
230 434 428 461 άντεσπάσατο.
439 435 494 461 Καὶ
502 435 565 468 τόγε
577 437 626 471 τῆς
636 436 794 471 παραϐολῆς
808 446 905 472 χρησι-

115 479 243 514 μώτατόν
258 488 287 506 τε
309 481 358 506 καὶ
372 480 611 514 Θαυμασιώτατον,
630 482 668 512 ὡς
685 484 750 517 μιᾶς
763 491 836 515 τινος
849 483 903 510 τῶν

114 523 199 558 τριῶν
217 523 315 559 μοίρας
338 525 492 560 κρατούσης
508 526 582 553 οὐδὲν
603 526 724 558 ἔλαττον,
745 528 761 562 ἢ
781 528 860 563 εἴπερ
875 530 903 555 αι

114 571 190 605 τρεῖς
203 570 253 605 τὴν
270 570 331 605 ίσην
342 571 508 606 ἐκληροῦντο
520 573 610 609 νίκην,
624 574 674 608 τῆς
689 575 857 608 ἀποστασίας
874 576 902 602 τὸ

113 616 243 651 φρόνημα
260 617 470 644 καταϐάλλεται.
781 618 785 620 ’

149 663 191 688 Λ’.
213 662 400 690 Καταδάλοιτο
410 663 433 690 δ’
447 663 480 690 ἂν
495 664 605 699 ὁμοίως,
622 666 670 692 καὶ
681 664 724 697 οἷς
734 667 797 698 τοὺς
809 667 902 702 Γραμ-

114 708 211 740 ματείς
234 708 282 734 καὶ
300 708 463 744 Φαρισαίους
477 709 531 736 τῶν
559 710 695 737 Ἰουδαίων
718 711 874 743 ἐταλάνιζεν
887 712 902 738 ό

111 753 241 787 Χριστὸς,
258 754 299 780 ὅτι
313 755 367 780 τῶν
380 755 437 790 (46)
452 756 503 789 μὲν
517 755 666 790 δεδομένων
680 757 771 789 αὐτοῖς
782 758 901 792 ἠμέλουν

111 798 213 833 νόμων,
235 799 286 830 τὰς
310 800 338 826 δὲ
367 800 437 832 ἰδίας
451 800 609 836 ἔμπροσθεν
634 800 712 838 ἦγον.
740 803 813 830 οὐαὶ
834 804 899 839 γὰρ,

110 844 205 878 φησὶν,
225 844 306 879 ὑμῖν,
321 845 426 880 ὁδηγοὶ
447 847 495 873 καὶ
513 848 623 881 τυφλοὶ
638 850 665 875 ol
681 849 833 882 λέγοντες·
850 850 899 881 Ὀς

110 889 151 916 ἂν·
164 889 260 924 ὀμόσῃ
274 891 310 916 ἐν
324 889 364 923 τῷ
376 890 438 923 ναῷ
448 891 540 918 οὐδέν
552 892 646 919 ἐστιν·
664 893 698 926 ὃς
711 893 737 919 δ’
752 892 791 920 ἂν
801 895 898 928 ὀμόσῃ

108 933 145 959 ἐν
156 933 197 966 τῷ
215 934 320 968 χρυσῷ
338 934 391 961 τοῦ
404 934 491 968 ναοῦ,
509 936 623 970 ὀφείλει
634 957 641 969 ,
659 938 800 964 τουτέστιν
814 937 898 965 ὑπεύ-

109 978 189 1011 θυνός
214 981 273 1006 ἐστι
288 980 376 1014 δίκης,
389 980 427 1012 ὼς
441 981 605 1017 παραϐάτης
625 983 717 1018 ὅρκον,
737 981 804 1010 Εἶτα
815 985 897 1019 ὁρᾶτε

106 1025 139 1051 τὺ
153 1025 268 1060 μέγεθος
279 1026 356 1060 ὑμῶν
375 1027 424 1061 τῆς
440 1026 544 1062 πλάνης
554 1048 562 1059 ,
577 1029 629 1055 κᾶν
645 1029 702 1061 νῦν,
724 1030 749 1056 εί
774 1030 810 1066 μὴ
828 1031 896 1066 πρόα

106 1079 198 1105 τερον.
217 1071 330 1105 Ἐπάτει
343 1071 399 1106 γὰρ
415 1074 477 1104 ταῖς
499 1073 701 1107 προλαϐούσαις
720 1076 897 1110 ὲπιτιμήσεσι

107 1117 155 1143 καὶ
167 1116 264 1143 ταῦτα·
279 1118 377 1152 Μωροὶ
391 1118 442 1145 καί
457 1119 578 1153 τυφλοὶ,
594 1118 638 1152 τίς
653 1119 759 1154 μείζων
769 1121 866 1154 ἐστὶν,
880 1123 897 1148 d

105 1162 233 1196 χρυσὸς,
247 1162 266 1196 ἣ
281 1163 298 1189 d
310 1163 384 1196 ναὸς
395 1163 520 1198 ἁγιάζων
530 1165 585 1191 τὸν
597 1166 736 1199 χρυσύν;
750 1166 806 1200 οὐχ
819 1166 896 1200 ἅγιον

107 1208 190 1242 μόνον
204 1208 252 1235 τὸν
264 1209 376 1244 νομικὸν
388 1209 462 1242 ναὸν,
473 1210 541 1237 ἀλλὰ
555 1211 602 1237 καὶ
617 1212 666 1246 τὴν
682 1212 735 1247 γῆν
751 1212 894 1248 ἁγιότητος

104 1254 155 1280 καὶ
168 1254 310 1288 γινώσκων
335 1256 383 1282 καὶ
403 1256 561 1284 ἀποκαλῶν.
594 1257 664 1284 Ἀλλ’
688 1258 703 1284 ὁ
727 1259 776 1294 μὲν
799 1259 895 1294 Σωτὴρ

103 1299 233 1336 τοιαύτην
247 1301 336 1335 ἀφῆκε
351 1300 441 1336 ψῆφον
456 1302 519 1337 περὶ¹
533 1302 582 1329 τοῦ
592 1303 668 1329 ναοῦ·
683 1303 762 1338 ὑμεῖς
776 1304 799 1330 δ’
814 1305 895 1331 αὐτὸν

103 1346 136 1372 οὺ
152 1346 278 1380 φριττετε
293 1346 471 1382 καθυϐρίζειν
483 1348 533 1383 τὴν
547 1349 664 1384 ἐσχάτην
676 1348 765 1384 ὕϐριν,
777 1350 895 1386 πολεμίᾳ

103 1391 350 1426 προσανατιθέντες
367 1393 447 1429 χειρί.
466 1394 520 1421 Καὶ
531 1394 602 1421 τίσιν
614 1395 648 1421 ἂν
663 1395 764 1428 μᾶλλον
774 1396 817 1428 τὸ,
832 1404 894 1429 μω-

99 1437 151 1472 ροὶ
167 1439 215 1465 καὶ
231 1439 340 1472 ’τυφλοὶ
353 1459 360 1471 ,
383 1439 548 1474 ὲφαρμόσειε
562 1460 570 1473 ,
582 1442 640 1471 τοῖς
660 1441 820 1476 τετιμηκόσι
844 1441 894 1475 μὲν

100 1483 141 1515 ὡς
159 1484 253 1518 ἁγίους
269 1485 371 1519 ἄμφω,
388 1486 605 1521 προτετιμηκύσι
629 1486 657 1512 δὲ
676 1487 724 1512 τὸν
747 1487 859 1522 χρυσὸν,
875 1486 892 1522 ἤ

957 257 1164 290 proﬁciscantur
1175 262 1203 285 et
1214 259 1372 294 angelorum
1393 265 1421 286 et
1435 259 1576 286 hominum
1592 267 1687 294 genus,
1703 260 1744 287 lex

956 301 1021 329 item
1034 307 1061 330 et
1075 304 1169 338 gratia,
1183 307 1209 331 et
1222 305 1362 331 hominum
1375 309 1482 337 natura,
1501 305 1557 331 sive
1571 305 1615 331 illa
1631 305 1744 332 insitum

955 348 1056 375 bonum
1074 350 1255 382 conservarit,
1271 350 1329 377 sive.
1353 358 1402 385 pro
1422 351 1494 378 dono
1515 350 1608 385 gratim
1630 350 1743 378 exitium

955 395 1099 429 receperit.
1118 395 1250 430 Quodque
1264 395 1292 422 in
1309 396 1360 422 hac
1375 396 1503 430 parabola
1518 401 1546 423 et
1563 396 1741 423 utilissimum

954 445 982 467 et
996 441 1161 475 praecipuum
1173 445 1231 470 est.
1245 441 1316 475 quod
1334 441 1438 468 scilicet
1453 449 1504 468 una
1519 445 1640 476 potestas
1657 441 1744 468 tribus

955 485 1008 512 illis
1021 485 1186 518 dominetur,
1205 486 1231 512 id
1246 494 1299 512 non
1315 486 1416 518 minus,
1432 494 1465 513 ac
1479 486 1501 513 si
1518 491 1573 513 tres
1589 487 1641 513 illa:
1652 493 1743 521 atqua-

954 529 1006 557 lem
1020 531 1162 558 victoriam
1178 532 1354 563 retulissent,
1376 536 1562 566 apostatarum
1577 532 1741 559 sententiam

953 577 1110 611 prosternit.

987 665 1071 692 XXX.
1091 665 1282 693 Prosternetur
1308 673 1373 693 vero
1395 673 1427 693 ea
1450 665 1578 692 similiter
1600 671 1649 699 per
1671 664 1738 697 ista,

952 711 1050 746 quibus
1063 711 1188 738 Christus
1199 710 1308 739 Serihas
1318 716 1346 739 et
1361 711 1511 738 Pharisaeos
1522 711 1678 738 Iudaeorum
1691 711 1740 737 mi-

952 764 1028 784 seros
1042 757 1229 791 proclamavit,
1241 757 1302 791 quia
1318 757 1389 792 leges
1405 756 1472 790 ipsis
1485 756 1562 782 datas
1573 755 1740 790 negligentes

951 802 1091 829 ratiocinia
1114 811 1162 829 sua
1178 803 1283 837 potiora
1296 803 1451 830 ducebant:
1475 801 1519 828 l-‘w
1535 801 1620 834 enim,
1638 801 1739 834 inquit,

951 848 1032 879 vobis,
1047 848 1122 874 duces
1137 853 1160 874 et
1171 848 1242 880 cruci,
1255 848 1300 883 qui
1311 848 1398 874 dicitis
1416 854 1426 874 :
1441 846 1596 881 Quicunque
1605 846 1739 880 juraveril

949 902 996 928 per
1012 893 1146 928 templum,
1164 894 1230 920 nihil
1240 898 1292 926 est;
1307 894 1351 926 qui
1364 901 1424 919 vero
1436 893 1568 927 juraverit
1583 900 1630 926 per
1643 890 1739 918 aurum

949 939 1047 973 templi,
1055 940 1128 966 debet
1138 940 1169 965 ³³.
1181 940 1236 966 Hoc
1242 944 1293 972 est,
1301 939 1409 967 crimini
1417 943 1458 966 est
1467 938 1602 966 obnoxius
1609 945 1738 972 tanquam

949 991 1133 1021 transgressor
1149 986 1308 1020 juramenti.
1329 985 1443 1017 Deinde,
1464 985 1554 1012 videte
1575 983 1738 1019 magnitudi-

948 1039 1010 1059 nem
1025 1032 1126 1059 erroris
1141 1031 1225 1059 vestri
1239 1031 1282 1058 vel
1297 1038 1386 1062 nunc,
1403 1031 1425 1057 si
1442 1030 1533 1057 minus
1548 1032 1639 1056 antea.
1656 1029 1739 1056 Addit

947 1079 1020 1106 enim
1041 1078 1257 1112 praecedentibus
1270 1076 1508 1111 objurgationibus
1523 1079 1550 1102 et
1565 1075 1616 1102 ista
1632 1083 1639 1101 :
1657 1073 1739 1102 Stulti

946 1129 972 1150 et
983 1124 1055 1152 arci.
1071 1124 1133 1158 quid
1151 1123 1238 1157 majus
1259 1127 1308 1153 est,
1322 1130 1451 1148 uurumne
1468 1130 1502 1147 an
1520 1120 1653 1155 templum,
1670 1119 1739 1154 quod

946 1169 1094 1203 sanctiﬁcat
1111 1177 1207 1195 aurum
1224 1168 1265 1194 ιιι»
1283 1168 1329 1194 ubi
1346 1175 1399 1193 non
1424 1167 1512 1194 solum
1536 1158 1665 1200 templum
1685 1165 1738 1192 sub

946 1215 1004 1249 lege
1031 1219 1164 1241 structum
1187 1218 1322 1244 sanctum,
1342 1213 1389 1240 sed
1413 1217 1440 1239 et
1460 1217 1560 1239 terram
1585 1211 1737 1238 sanctitatis

946 1261 1053 1295 plenam
1070 1259 1194 1295 agnoscit
1211 1265 1239 1286 et
1254 1259 1381 1293 appellat.
1395 1258 1448 1285 Sed
1464 1257 1536 1284 hanc
1550 1257 1660 1291 quidem
1672 1264 1737 1283 sen-

946 1307 1059 1333 tentiam
1084 1299 1124 1333 de.
1144 1305 1244 1339 templo
1269 1305 1395 1331 Servatur
1420 1303 1486 1332 fert.
1521 1302 1575 1330 Vos
1599 1310 1664 1329 vero
1681 1309 1736 1328 non

945 1351 1077 1380 veremini
1097 1352 1214 1378 maxima
1239 1351 1304 1378 illud
1332 1349 1480 1385 ignominia
1498 1349 1606 1376 allicere
1618 1369 1625 1378 .
1644 1347 1736 1374 hostili

944 1398 1194 1432 manui‘acceptum
1214 1397 1349 1425 ferentes?
1365 1396 1398 1423 Et
1412 1396 1444 1423 ad
1461 1403 1529 1430 quos
1548 1395 1634 1430 magis
1655 1401 1736 1421 voces

944 1442 1013 1476 illas,
1033 1443 1106 1470 stulti
1119 1447 1142 1470 et
1153 1443 1235 1474 εει·σὶ,
1258 1442 1357 1469 referat
1373 1441 1407 1468 ad
1423 1448 1507 1468 eosne
1521 1440 1567 1475 qui
1585 1445 1735 1474 utrumque

944 1494 974 1516 nt
989 1493 1113 1516 sanctum
1137 1489 1249 1520 colunt,
1267 1495 1363 1514 aurum
1383 1495 1450 1514 vero
1468 1487 1631 1521 prmierunt‘,
1646 1493 1684 1512 an
1701 1485 1735 1511 ad

100 1530 160 1560 τοῖς
177 1529 225 1556 καὶ
243 1529 289 1557 τὸν
311 1531 375 1557 ναὸν
396 1531 476 1557 αὑτὸν
500 1532 547 1558 καὶ
564 1531 653 1558 πάντα
679 1532 712 1558 τὰ
726 1533 756 1558 ὲν
771 1532 843 1568 αὐτῷ
859 1535 892 1568 τῇ

947 1535 1013 1567 illos,
1030 1536 1078 1570 qui
1095 1540 1124 1562 et
1144 1535 1274 1569 templum
1292 1533 1391 1568 ipsum,
1418 1537 1445 1560 et
1464 1533 1555 1559 omnia
1572 1540 1632 1567 (μου
1653 1532 1681 1558 in
1701 1539 1735 1558 eo

101 1574 258 1610 βλασφήμῳ
285 1575 421 1602 διασπῶσι
452 1576 571 1613 γλώττῃ,
597 1578 645 1604 καὶ
676 1577 715 1613 μὴ
743 1579 891 1613 πεφρικόσι

947 1585 1040 1613 erant,
1058 1581 1149 1616 lingua
1170 1580 1302 1607 maledica
1326 1578 1524 1613 proscindunt,
1542 1585 1593 1604 nec
1617 1576 1735 1604 infandis

100 1621 234 1656 ἀρρήτοις
248 1620 343 1657 ὕϐρεσι
360 1623 554 1655 καταπλύνειν,
569 1624 617 1650 καὶ
637 1624 828 1659 διωϐουμὲνοις
841 1625 890 1661 τῆς

99 1665 275 1702 ἁγαθουργοῦ
284 1667 411 1703 προνοίας
420 1669 461 1700 εἰς
472 1670 521 1704 τὴν
530 1669 717 1697 ἀνυπόστατον
728 1671 778 1706 τῆς
788 1680 889 1707 τυραν-

99 1711 173 1743 νίδος
189 1712 319 1740 ἐπίνοιαν.
334 1711 411 1739 Εἶτα·
424 1714 478 1741 Kal
491 1714 525 1746 ὃς
533 1714 589 1749 (47)
603 1715 629 1742 δ’
640 1715 678 1743 ἂν
693 1717 789 1751 ὀμόσῃ
803 1718 838 1744 ἐν
851 1717 890 1750 τῷ

99 1759 317 1792 θυσιαστηρίῳ,
331 1759 422 1786 οὐδέν
433 1760 519 1787 ἐστιν
531 1769 539 1776 ·
555 1761 590 1794 ὗς
600 1763 625 1788 δ’
644 1762 682 1789 ἂν
696 1763 792 1798 ὀμόσῃ
806 1763 840 1790 ὲν
851 1763 890 1796 τῷ

99 1803 184 1837 δώρῳ
197 1803 238 1837 τῷ
256 1804 358 1831 ἐπάνω
378 1805 431 1832 τοῦ
446 1807 675 1842 θυσιαστηρίου,
693 1808 815 1843 ὀφείλει.
835 1810 889 1836 Καὶ

97 1851 162 1881 ταῖς
176 1850 248 1883 ἴσαις
267 1852 422 1886 παροινίαις
440 1852 485 1888 ῐση
502 1853 583 1880 πάλιν
596 1854 642 1880 καὶ⁴
657 1855 673 1889 ἡ
689 1854 887 1890 παρατίμησις.

101 1896 203 1930 Μωροὶ
216 1897 267 1924 καὶ
279 1897 407 1932 τυφλοί]
417 1898 446 1924 τί
459 1899 515 1933 γὰρ
527 1898 626 1933 μεῖζον
636 1919 643 1930 ,
656 1899 689 1926 τὸ
703 1899 808 1933 δῶρον,
822 1900 841 1933 ἢ
856 1901 889 1926 τὸ

99 1942 323 1977 θυσιαστήριον
338 1943 372 1969 τὸ
386 1942 506 1978 ἁγιάζον
525 1944 558 1970 τὸ
573 1944 688 1979 δῶρον;
714 1946 750 1971 Οὺ
766 1945 810 1971 τὸν
825 1945 889 1972 ναὸν

99 1987 194 2022 μόνον,
212 1988 279 2015 ἀλλὰ
301 1989 391 2015 καὶτὸ
412 1989 605 2025 θυσιαστήριον
628 1990 762 2025 πηγάζειν
775 1991 862 2024 λέγων
875 1992 889 2017 ὸ

96 2033 196 2068 Σωτὴρ
209 2034 257 2069 τῆς
271 2035 426 2070 ἁγιότητος,
443 2036 491 2062 καὶ
514 2035 579 2070 ἅγια
597 2036 648 2071 μὲν
672 2036 780 2063 ἅπαντα
793 2038 827 2063 τὰ
840 2036 887 2063 τοῦ

98 2079 187 2114 ἱεροῦ·
202 2082 301 2115 μετοχῇ
318 2080 347 2107 δὲ
371 2081 417 2107 καὶ
434 2081 575 2116 μεταδόσει
596 2083 630 2108 τὰ
653 2082 702 2117 μὲν
725 2083 781 2109 τῶν
803 2083 888 2116 ἁγίων

95 2124 148 2160 τὴν
162 2124 274 2160 πρώτην
290 2126 330 2157 εἰς
350 2126 433 2161 τιμὴν
448 2126 624 2162 ἐκληρώσατο
635 2128 723 2160 τάξιν,
739 2127 774 2154 τὰ
786 2128 814 2155 δὲ
829 2129 888 2154 δευ-

95 2169 218 2205 τερεύει.
238 2171 294 2197 Καὶ
311 2171 374 2202 τοὺς
395 2171 539 2204 Ἰουδαίους
555 2173 604 2207 οὐχ
619 2173 659 2199 ὅτι
683 2174 887 2209 πεπαρῳνὴκα-

944 1628 1076 1656 conviciis
1090 1633 1222 1655 temerare
1240 1627 1363 1657 horrent.
1379 1633 1410 1654 ac
1427 1634 1441 1652 a
1459 1625 1630 1660 providentia
1648 1626 1734 1651 bene-

944 1674 994 1701 fica
1003 1674 1036 1701 ad
1048 1681 1133 1700 vanos
1141 1672 1293 1708 tyrannidis
1300 1675 1448 1706 conceptus
1460 1670 1617 1709 propellunt
1626 1670 1637 1696 'l
1645 1669 1736 1704 Pergit

945 1719 1076 1746 Dominus
1085 1728 1092 1745 ε
1101 1718 1134 1746 Et
1142 1718 1321 1753 quijuraverit
1331 1726 1377 1751 per
1387 1717 1482 1748 altare,
1491 1716 1615 1743 nihilost:
1622 1715 1667 1750 qui
1676 1722 1735 1741 vero

940 1764 1072 1798 juratverit
1087 1771 1134 1797 per
1145 1762 1242 1788 donum
1258 1789 1262 1794 ,
1277 1761 1347 1796 quod
1362 1765 1400 1787 est
1412 1768 1489 1792 utpar
1502 1759 1596 1791 altari,
1612 1758 1685 1784 debet
1699 1757 1734 1783 ".

944 1807 1033 1835 Simili
1047 1807 1109 1834 huic
1123 1806 1275 1833 insolentiae
1286 1805 1384 1832 similis
1396 1804 1555 1839 impingitur
1568 1803 1732 1837 obiurgatio.

942 1853 1024 1880 Stulti
1036 1858 1060 1879 et
1073 1853 1133 1880 cceci
1143 1853 1152 1878 !
1163 1853 1227 1888 quid
1238 1853 1308 1879 enim
1322 1851 1410 1885 majus
1421 1855 1470 1880 est,
1488 1850 1586 1876 donum
1597 1856 1633 1874 an
1643 1847 1735 1873 altare

943 1899 1012 1934 quod
1026 1899 1174 1933 sanctiﬁcat
1187 1898 1284 1924 donum
1295 1897 1328 1923 “.
1340 1897 1379 1924 lbi
1392 1896 1521 1923 Servatur
1532 1902 1586 1921 non
1603 1893 1736 1927 templum

943 1945 1041 1975 solum,
1061 1945 1108 1971 sed
1124 1948 1151 1970 et
1166 1944 1252 1970 altare
1268 1943 1370 1970 fontem
1387 1950 1447 1969 esse
1464 1942 1502 1968 ait
1521 1939 1683 1968 sanctitatis.
1701 1938 1735 1965 Et

943 1995 1036 2018 sancta
1052 1990 1160 2024 quidem
1176 1995 1256 2016 erant
1278 1989 1369 2015 omnia
1387 1996 1446 2022 qum
1463 1987 1492 2014 in
1507 1986 1609 2021 templo
1630 1989 1710 2012 erant
1725 1995 1732 2011 :

942 2035 971 2062 in
997 2034 1223 2062 communicanda
1243 2041 1308 2061 vero
1328 2038 1355 2060 et
1377 2031 1564 2060 distribuenda
1588 2031 1734 2058 sanctitate

941 2081 993 2107 alia
1022 2080 1130 2115 quidem
1155 2080 1272 2115 primum
1299 2080 1387 2106 locum
1426 2078 1521 2105 sortita
1554 2082 1648 2108 erant,
1681 2076 1733 2103 alia

941 2126 1101 2154 secundum.
1117 2125 1149 2153 Et
1163 2126 1275 2153 Judreos.
1289 2125 1409 2160 quidem,
1431 2133 1486 2151 non
1504 2124 1575 2159 quod
1589 2128 1734 2151 contume-

941 2171 1024 2199 liosos
1032 2179 1061 2198 se
1069 2171 1096 2198 in
1105 2179 1136 2198 ea
1144 2172 1337 2206 praestiterant,
1349 2171 1396 2198 sed
1409 2171 1481 2205 quod
1490 2170 1616 2197 ordinem
1630 2169 1732 2195 immu—

97 2223 142 2241 σιν
154 2215 212 2250 (48)
228 2216 258 2242 ὲν
280 2217 382 2249 αὐτοῖς,
398 2217 454 2244 ἀλλ’
467 2218 507 2244 ὅτι
529 2218 578 2254 τὴν
597 2218 672 2251 τάξιν
685 2220 886 2254 τετολμήκασιν

947 2227 998 2245 .aro
1032 2219 1091 2245 ausi
1119 2222 1220 2250 erant,
1255 2218 1299 2244 lux
1324 2217 1439 2249 mundi,
1471 2214 1657 2243 substantialis
1684 2213 1732 2239 Dei

94 2261 234 2295 ἀμεῖψαι,
254 2262 285 2288 τὸ
307 2262 355 2288 τοῦ
377 2263 480 2299 κόσμου
507 2263 582 2298 φῶς,
604 2265 817 2299 ήὲνυπόστατος
841 2267 889 2293 τοῦ

94 2305 165 2332 Θεοῦ
182 2306 262 2340 σοφία
274 2327 282 2340 ,
297 2307 414 2341 τυφλοὺς
437 2309 483 2334 καὶ
500 2310 609 2344 μωροὺς
631 2310 818 2343 καταδικάζει.
833 2312 889 2338 Καὶ

93 2353 109 2378 6
127 2352 178 2386 μὲν
191 2353 238 2379 τὸν
248 2353 358 2389 Πατέρα
371 2353 461 2386 καλῶς
476 2354 563 2387 εἰδὼς,
581 2355 686 2388 Οὐδεὶς
698 2358 751 2391 γὰρ
762 2355 824 2384 οἶδε
836 2358 889 2384 τὸν

94 2397 231 2431 Πατέρα,
248 2400 275 2426 εὶ
291 2399 335 2433 μὴ
348 2401 365 2426 ό
387 2400 453 2432 Υἱὸς
467 2401 516 2427 καὶ
531 2397 555 2434 ᾧ
568 2400 623 2427 ἐὰν
648 2402 665 2427 ό
689 2402 755 2434 Υἱὸς
773 2402 888 2429 ἀποκα-

93 2444 182 2478 ,ιύψνῃ
199 2451 206 2458 ·
226 2442 304 2476 οὗτος
320 2447 370 2480 τὴν
389 2446 470 2481 χάριν
488 2446 554 2482 ἡμῖν
569 2446 608 2482 τῷ
628 2447 753 2482 πατρικῷ
769 2448 826 2483 ναῷ
841 2450 889 2476 καὶ

93 2488 136 2522 τῷ
148 2488 334 2525 θυσιαστηρίῳ
355 2491 555 2526 παραγυμνὼν.
570 2491 640 2518 αὐτὰ
659 2492 706 2518 καὶ
721 2486 890 2527 μεταδιδόναι

93 2534 151 2561 τῶν
174 2535 319 2570 ἀγιασμῶν
345 2536 507 2564 ἐκδιδάσκει.
532 2537 568 2571 ξὺ
582 2536 621 2568 δὲ,
645 2535 684 2564 (bl
707 2537 734 2564 τί
759 2545 788 2564 σε
803 2538 835 2564 ἄν
848 2547 890 2570 τις

96 2579 185 2607 εἰπὼν
202 2581 286 2613 ἀξίως
310 2583 476 2616 «pontiﬁci;
496 2583 527 2609 τὸ
547 2583 603 2619 γὰρ
621 2583 825 2619 ἀνυπέρϐλητον
842 2585 889 2620 τῆς

943 2264 1087 2299 sapientia,
1099 2272 1187 2292 caecos
1204 2268 1231 2291 et
1248 2264 1345 2291 stultos
1357 2263 1484 2298 appellat.
1507 2262 1542 2289 Et
1560 2260 1612 2295 qui‘
1623 2260 1732 2286 Patrem

942 2310 1011 2337 bene
1022 2313 1103 2336 norat
1120 2319 1126 2336 :
1144 2309 1226 2336 Nemo
1244 2310 1312 2336 enim
1327 2309 1436 2336 Patrem
1452 2308 1522 2334 novit
1536 2307 1586 2333 nisi
1599 2305 1692 2337 Filius,
1707 2309 1733 2332 el

942 2355 984 2381 cui
1003 2354 1089 2381 Filius
1113 2354 1318 2386 revelaverit";
1337 2354 1382 2381 hic
1405 2354 1518 2388 gratiam
1543 2350 1623 2378 nobis
1645 2349 1734 2376 Patris
1752 2351 1754 2354 ‘

941 2409 990 2437 per
1003 2401 1135 2436 templum
1149 2405 1176 2428 et
1189 2401 1275 2428 altare
1289 2400 1487 2435 explicaturos,
1500 2398 1591 2428 docet,
1604 2396 1648 2423 illa
1664 2394 1732 2422 alias

942 2456 1050 2484 quoque
1063 2457 1107 2477 res
1121 2449 1275 2477 sanctitatis
1290 2448 1436 2484 participes
1450 2446 1577 2474 reddere.
1597 2443 1638 2471 Tu
1653 2451 1732 2476 vero,

941 2499 970 2522 at
988 2503 1041 2530 quo
1056 2495 1168 2523 nomine
1184 2501 1210 2523 te
1229 2495 1311 2530 digne
1333 2494 1400 2521 satis
1416 2493 1560 2528 quisquam
1581 2490 1730 2525 exceperit,

941 2548 1003 2567 cum
1027 2541 1217 2576 insuperabilis
1242 2540 1355 2567 audacia
1383 2543 1409 2566 te
1431 2539 1512 2574 longe
1531 2538 1601 2564 ultra
1618 2537 1732 2564 stultum

942 2590 970 2613 et
984 2593 1087 2613 caecum
1109 2587 1223 2614 evehat!
1240 2585 1300 2612 Non
1323 2585 1427 2612 vereris
1449 2591 1495 2612 res
1511 2587 1619 2611 sanctas
1643 2582 1733 2617 primo

132 2649 156 2666 ⁸³
173 2649 270 2677 Matth.
291 2658 372 2683 xxtll,
394 2650 438 2678 16.
474 2651 497 2668 ³⁵
516 2651 584 2679 ibid.
604 2652 633 2679 7.
671 2652 693 2669 ³⁸
708 2652 774 2680 ibid.
793 2653 838 2685 18,
876 2654 894 2685 "_

949 2654 985 2681 id.
1003 2653 1046 2682 l9.
1088 2654 1109 2670 ιτ
1123 2637 1221 2682 naua.
1238 2654 1339 2688 1527.

647 2718 766 2747 νΑιυΑει
783 2718 975 2747 LECTIONES
987 2719 1032 2747 ET
1052 2719 1170 2748 NOTlE.

293 2785 338 2832 §ic
350 2787 455 2832 scripsi
462 2795 512 2822 pro
528 2784 577 2822 ὧν,
591 2788 663 2832 quod
678 2793 738 2832 erat
750 2789 777 2816 in
796 2797 849 2832 ms.

127 2820 185 2861 (η)
207 2820 270 2853 Ὃς.
296 2820 416 2858 Reposui
442 2820 494 2851 hoc
519 2820 573 2859 pro
591 2820 644 2858 ὡς,
660 2824 733 2859 quod
756 2824 886 2853 mendose

89 2860 151 2883 erat
165 2863 195 2882 ιιι
208 2864 259 2883 ins.

977 2789 1032 2825 (48)
1051 2790 1320 2826 Hmaptpniuamr.
1347 2791 1387 2818 Ita
1413 2791 1534 2818 scribere
1555 2789 1673 2826 debebat
1696 2788 1729 2815 li-

940 2826 1067 2869 brarius,
1084 2825 1137 2861 pro
1150 2833 1183 2854 eo
1209 2826 1283 2861 quod
1297 2826 1430 2854 mendose
1453 2825 1574 2854 exaravit
1596 2831 1727 2860 πεπαρῳα

940 2869 1048 2889 νυκασι.
