1940 3081
212 145 265 178 251

797 144 930 175 ΡΗΟΤΠ
950 144 1205 175 ΡΑΤΒΙΑΒΟΗᾸί
1225 145 1279 175 CP.

1792 146 1846 177 252

212 203 302 230 omnis
319 199 529 228 abominationis
545 198 650 227 auctori
670 204 798 235 acceptas
812 199 900 227 ferre?
913 201 1000 235 Atque

1051 199 1155 235 τόλμης
1169 199 1337 236 πορρωτέρω
1352 208 1381 226 σε
1400 208 1446 227 και
1463 200 1556 235 μωροῦ
1573 200 1620 227 καὶ
1637 199 1738 235 τυφλοῦ
1752 209 1845 237 παρα-

212 245 257 273 ille
271 245 382 280 quidem
395 248 470 270 tanto
484 243 588 271 honore
599 248 626 271 et
639 244 726 279 gloria
742 252 819 271 sacra
832 244 930 279 legalia
945 245 1000 272 cin-

1054 246 1169 281 πέμπει,
1177 247 1208 273 οὒ
1220 247 1342 281 φρίττεις
1350 246 1388 281 τῷ
1399 246 1547 282 ἀρχεκάκῳ
1556 246 1722 282 βδελύγματι
1731 247 1766 274 τὰ
1778 248 1844 282 ἅγια

211 290 260 326 git,
277 294 305 317 et
317 289 331 316 .1
337 289 436 321 υόιεοε,
449 295 482 315 eo
495 288 578 322 quod,
592 288 716 323 quamvis
732 296 764 315 ea
776 289 908 321 colerem,
921 289 1003 324 digno

212 341 304 362 tamen
323 335 397 362 cultu
418 336 731 368 non’prosequerentur,
750 335 834 361 tantis
851 334 1004 361 commina-

211 381 334 408 tionibus
348 384 376 406 et
388 387 475 414 paenae
489 379 623 407 obnoxios
634 379 709 410 facit,
722 380 758 406 ita
769 379 890 414 quidem,
904 385 934 406 ut
950 380 1002 407 illa}

177 427 181 455 ξ
211 433 268 452 non
286 430 340 452 tam
360 425 426 459 ipsis
445 433 525 459 quam
547 425 595 452 tibi
620 425 802 452 immittantur
827 433 834 451 :
861 429 888 452 tu
910 429 1000 452 autem

211 478 246 498 ne
263 471 302 498 sic
316 470 427 504 quidem
444 470 546 497 sentire
563 471 613 503 vis,
629 475 728 505 quanta
744 471 780 498 sit
794 474 839 497 tua
854 470 999 498 calumnia.

210 513 245 541 Et
267 514 457 542 substantialis
480 515 591 549 quidem
619 515 667 542 Dei
693 515 826 549 sapientia
854 515 956 543 Scribis
974 520 1002 543 et

210 559 356 587 Pharisaeis
373 560 414 586 Va:
429 560 564 587 oeclamat
575 581 582 591 .
600 560 672 595 quod
695 568 749 588 non
771 569 820 595 per
843 562 934 588 omnia
949 561 1000 596 legi

210 604 331 632 debitum
340 604 442 631 cultum
452 605 690 639 praestiterint,sed
700 605 726 631 in
737 605 1000 640 lcvioribusquidem

211 651 297 685 legem
309 650 492 682 observariut,
500 650 528 677 in
539 651 709 686 gravioribus
717 655 807 678 autem
819 652 998 686 neglexerint.

211 695 253 722 Tu
266 703 340 726 vero,
355 694 505 730 quicontra
521 703 617 723 omnes
631 700 659 723 et
670 696 742 731 leges
755 700 783 723 et
794 704 869 723 sacra
882 697 999 732 linguam

211 741 298 774 acuis,
329 741 384 768 imo
408 745 436 769 et
464 749 511 768 eos
534 741 580 776 qui
605 742 755 769 secundum
783 742 870 776 legem
900 742 999 770 versati

211 791 297 818 sunt,
321 786 348 813 in
381 791 531 814 extremam
564 786 731 822 impietatem
767 788 919 822 pertrahis,
944 796 1000 816 non

211 831 353 859 existimas
375 840 470 867 pinnas
491 833 656 868 multiplices
673 838 698 860 te
724 834 856 861 manere?
878 833 999 869 Namque

1053 292 1220 328 ἀναφέρειν;
1240 293 1287 320 καὶ
1306 293 1321 319 ό
1344 292 1393 328 μὲν
1412 293 1531 329 τοσαύτῃ
1548 295 1615 329 τιμῇ
1629 295 1675 320 καὶ
1689 293 1753 330 δόξῃ
1769 304 1846 331 περι-

1051 340 1166 374 τειχίζει
1187 339 1222 366 τὰ
1247 339 1346 374 νομικὰ
1368 339 1443 374 ἱερὰ,
1462 339 1510 365 καὶ
1530 340 1594 370 τοὺς
1623 340 1777 372 Ἰουδαίους,
1802 342 1844 368 ὅτι

1052 386 1185 420 τιμῶντες
1202 385 1240 420 μὴ
1260 385 1332 413 κατά
1347 385 1377 412 τὸ
1392 386 1532 421 προσῆκον
1548 386 1661 420 ὲτίμων,
1676 386 1844 421 τηλικαύτης

1051 432 1121 467 ἀρᾶς
1134 431 1181 458 καὶ
1193 431 1274 466 δίκης
1291 431 1400 466 ἐνόχους
1416 432 1498 463 ποιεί,
1518 432 1549 458 οὺ
1565 432 1624 458 κατ’
1640 432 1755 458 ἐκείνων
1772 432 1843 466 μᾶλι

1050 477 1128 513 λονῆ
1143 477 1215 504 κατὰ
1231 477 1277 504 σοῦ
1295 476 1397 508 ταύτας
1419 478 1519 511 ἀφιείς.
1538 478 1574 504 Σὺ
1599 477 1627 503 δὲ
1641 477 1687 504 τοῦ
1708 478 1841 512 μεγέθους

1051 522 1100 556 τῆς
1112 523 1161 557 σῆς
1170 521 1274 556 βλασφη
1280 521 1344 555 μίας
1352 521 1438 548 οὐδ’οὒ
1443 528 1498 553 τως
1504 521 1629 557 αἴσθησιν
1637 521 1726 556 βούλει
1735 522 1829 549 λαϐεῖν
1835 543 1842 551 .

1052 567 1107 594 Καὶ
1119 568 1134 602 ἡ
1149 567 1198 602 μὲν
1211 567 1415 598 αὺουπόστατος
1429 567 1476 593 τοῦ
1487 567 1555 594 Θεοῦ
1568 568 1648 602 σοφία
1667 569 1730 600 τοὺς
1751 569 1843 604 Γραμ-

1052 615 1146 647 ματείς
1160 613 1208 640 καὶ
1220 613 1385 648 Φαρισαίους
1397 613 1437 640 ἔτι
1450 613 1650 641 καθυποδάλλει
1662 614 1700 650 τῷ
1708 615 1787 648 οὐαὶ,
1799 616 1842 641 ὅτι

1051 658 1089 693 μὴ
1104 658 1148 685 διὰ
1165 659 1273 685 πάντων
1292 658 1331 693 τῷ
1343 659 1418 694 νόμῳ
1435 659 1467 685 τὸ
1479 659 1627 694 σεϐάσμιον
1652 659 1759 695 ἔνεμον,
1783 651 1842 687 ἀλλ’

1050 705 1078 731 ὲν
1094 705 1143 740 μὲν
1167 706 1222 736 τοῖς
1244 704 1414 740 μικροτέροις
1430 705 1662 739 ὲνομοφυλάκουν,
1687 706 1716 732 ὲν
1732 706 1760 732 δὲ
1784 708 1842 738 τοῖς

1051 750 1157 784 μείζοσι
1169 749 1356 785 παρηνόμουν.
1368 750 1404 776 Σὺ
1413 749 1441 776 δὲ
1453 750 1524 777 κατά
1535 751 1644 777 πάντων
1651 751 1702 785 τὴν
1716 751 1841 785 γλῶσσαν

1049 794 1150 827 ὀξύνων
1161 795 1209 822 καὶ
1217 795 1307 829 νόμων
1316 795 1363 822 καὶ
1376 795 1468 830 ίερῶν,
1478 795 1546 823 ἀλλὰ
1558 795 1606 822 καὶ
1617 796 1692 827 τοὺς,
1704 796 1762 822 ὅσοι
1774 797 1840 822 ποτὲ

1052 841 1122 868 κατὰ
1140 841 1186 867 τὸν
1202 841 1283 876 νόμον
1298 841 1486 867 ἐπολιτεύοντο
1509 842 1550 873 είς
1566 841 1684 877 ἐσχάτην
1709 842 1841 869 ἀσέϐειαν

213 877 361 905 Servator:
382 878 423 905 Vw
434 879 515 911 vobis,
531 879 579 911 ait,
599 887 613 905 ο
628 879 726 906 Scriba:
751 884 775 906 et
801 879 931 906 Pharismi
954 881 1000 915 hy-

1053 885 1149 917 ἕλκων,
1166 885 1216 912 οὐκ
1228 873 1279 912 οἴει
1299 886 1498 918 πολυπλασίους
1518 886 1568 918 τὰς
1586 873 1683 918 ποινάς
1708 887 1838 922 ὑφέξειν;

211 924 330 958 ροενίίω,
343 925 405 960 quia
418 925 555 952 decimatis
567 926 698 951 ment/iam
710 929 733 951 et
745 926 877 959 cyminum
889 929 912 951 et
927 926 1002 952 dete-

211 969 302 996 ruislis
313 970 437 1004 graviora
454 970 527 1005 legis,
543 970 675 1005 judicium
697 975 720 997 et
743 971 960 1004 misericordiam,
977 975 1001 998 et

211 1015 288 1049 [idem
304 1016 336 1042 ³⁵,
355 1016 389 1042 At
412 1017 562 1043 secundum
577 1021 762 1051 apostatarum
779 1025 920 1044 sermones
944 1025 1001 1044 non

211 1058 284 1090 ideo,
302 1059 374 1093 quod
390 1059 566 1094 neglexerant
590 1065 724 1094 praecepta
751 1060 830 1095 legis,
857 1061 904 1088 sed
928 1061 1001 1096 quod

211 1111 306 1130 eorum
325 1105 542 1132 observationem
564 1105 659 1132 sectati
685 1110 774 1138 erant,
788 1106 822 1132 ad
841 1114 936 1140 pcenas
952 1113 1001 1133 vo-

211 1148 267 1175 cari
278 1148 445 1177 debuissent.
458 1148 524 1182 Quae
532 1150 606 1177 enim
618 1150 689 1177 bono
705 1158 759 1177 non
772 1151 889 1185 placent,
906 1159 1002 1178 eorum

211 1197 242 1220 ut
262 1193 353 1228 praxis
368 1194 401 1222 ad
419 1201 535 1221 examen
554 1199 581 1222 et
603 1203 697 1230 pmnas
716 1200 793 1223 vocat
812 1196 1000 1231 facinerosos;

210 1238 248 1266 ita
272 1240 406 1267 aversatio
422 1245 498 1267 extra
511 1248 593 1268 omne
607 1241 712 1268 crimen
729 1242 856 1270 collocat.
868 1242 921 1270 Sed
935 1243 1001 1270 Ser-

211 1289 287 1311 vatur
298 1290 389 1312 noster
402 1289 430 1312 ut
444 1284 560 1317 Veteris,
571 1286 607 1313 ita
625 1290 652 1314 et
668 1286 736 1315 Novi
752 1287 920 1315 Testamenti
949 1288 1001 1316 do-

210 1331 302 1358 minus
319 1336 346 1358 et
370 1338 466 1359 auctor
488 1332 634 1366 exsistens,
661 1338 755 1360 contra
770 1339 908 1362 recentem
927 1335 1001 1362 illam

210 1377 375 1412 impietatem
389 1379 484 1414 magis,
498 1387 580 1413 quam
595 1385 689 1407 contra
701 1379 841 1407 Judaicam
861 1381 1001 1416 negligen-

211 1423 288 1454 tiam,
311 1424 474 1451 sententiam
500 1425 578 1452 dicit.
601 1425 663 1452 Hau:
680 1426 760 1457 enim,
780 1426 880 1460 inquit,
894 1426 1002 1454 decebat

210 1469 306 1503 facere,
324 1474 348 1495 et
365 1469 411 1496 illa
428 1478 480 1496 non
496 1471 615 1498 omittere
630 1472 663 1503 ”,
701 1471 788 1507 legem
812 1476 932 1499 veterem
949 1473 1001 1500 hoc

210 1515 291 1541 modo
313 1523 362 1550 per
377 1523 474 1542 novam
498 1517 616 1551 graviter
631 1521 660 1544 ct
681 1525 786 1544 summa
803 1526 864 1545 cum
883 1519 1001 1552 auctori-

211 1563 266 1586 tate
281 1560 434 1588 stabiliens.
452 1561 480 1587 Si
496 1561 578 1597 igitur
587 1562 621 1589 ab
635 1562 669 1590 iis
689 1562 760 1596 ideo,
775 1563 847 1598 quod
862 1563 1000 1591 dimidiam

210 1604 299 1639 legum
314 1609 420 1640 partem
443 1605 629 1641 neglexerant,
652 1611 754 1634 tantam
785 1615 893 1642 pinnam
909 1607 1001 1642 justus

208 1650 292 1685 judex
316 1650 408 1685 exigit,
441 1655 570 1686 quantam
594 1660 642 1679 vos
664 1652 729 1680 dare
753 1652 906 1684 debebitis,
947 1659 1000 1680 tam

210 1696 385 1731 impudenter
407 1705 461 1724 non
477 1706 510 1724 ex
529 1698 706 1733 negligentia,
729 1698 777 1726 sed
803 1706 836 1725 ex
852 1699 914 1726 odio
928 1699 1000 1734 inju-

212 1742 279 1769 riam
301 1747 403 1771 tantam
428 1743 456 1770 in
475 1751 572 1772 omnes
597 1744 671 1779 leges
693 1744 887 1772 elTundentes?
912 1745 946 1772 Et
977 1745 1001 1772 si

210 1787 282 1820 illos,
296 1789 342 1824 qui
357 1790 551 1824 prophetarum
565 1790 690 1825 sepulcra
709 1791 890 1824 aediﬁcabant,
918 1796 944 1818 et
956 1791 1001 1826 ju-

210 1839 315 1863 storum
337 1841 514 1863 monumenta
532 1836 677 1868 ornabant,
703 1836 866 1871 pietatisque
879 1836 1000 1871 speciem

209 1889 244 1909 ex
261 1885 338 1916 parte
352 1882 538 1913 assumebant,
555 1889 588 1909 ex
608 1881 806 1917 propheticidis
822 1882 922 1917 quippe
934 1882 1000 1914 orti,

209 1935 266 1955 non
284 1928 416 1962 judicavit
436 1936 452 1955 a
476 1927 554 1962 culpa
572 1928 718 1961 immunes,
738 1928 786 1956 sed
803 1928 865 1963 quia
881 1933 999 1955 mentem

211 1981 226 2000 a
250 1973 423 2008 sanguinaria
450 1977 557 2007 patrum
583 1973 692 2008 ingenio
713 1981 768 2000 non
792 1973 928 2001 diversam
945 1974 1000 2000 cir-

210 2017 407 2049 cumferebant,
422 2018 624 2046 inevitabilibus
642 2019 784 2054 suppliciis
799 2019 926 2054 subjecit,
941 2027 1001 2054 qua:

211 2064 321 2091 tandem
339 2071 418 2098 poena
440 2063 603 2096 invenietur,
625 2072 685 2098 qum
711 2072 767 2091 non
782 2065 861 2099 longe
878 2065 1001 2091 subsidat

211 2107 281 2135 infra
301 2109 389 2135 scelus
408 2113 539 2140 vestrum,
553 2109 600 2142 qui
619 2113 714 2136 contra
733 2109 881 2143 prophetas
903 2109 1000 2144 magis,

211 2162 291 2189 quam
313 2155 361 2186 illi,
380 2154 468 2181 caedes
487 2154 608 2189 spiratis,
633 2159 662 2181 et
686 2162 742 2182 non
759 2155 847 2181 solum
872 2155 906 2182 ad
927 2159 1000 2182 stru-

1014 1543 1034 1572 C

1053 929 1108 956 Καὶ
1118 929 1171 965 γὰρ
1185 931 1199 956 ό
1214 929 1319 965 Σωτὴρ,
1337 931 1409 957 Οὐαί
1430 930 1510 965 ὑμῖν,
1532 931 1670 967 ἐπιφέρει,
1696 933 1838 966 Γραμμα-

1052 975 1113 1008 τεῖς
1127 975 1178 1002 καί
1185 975 1340 1009 Φαρισαῖοι
1357 976 1526 1010 ὑποκριταί,
1544 976 1589 1003 ὅτι
1616 977 1839 1004 ἀποδεκατοῦτε

1052 1022 1086 1049 τὸ
1098 1021 1253 1055 ἡδύοσμον
1267 1021 1317 1048 καὶ
1328 1022 1362 1048 τὸ
1373 1021 1497 1055 ἄνηθον,
1512 1022 1561 1049 καὶ
1586 1022 1620 1048 τὸ
1634 1023 1772 1057 κύμινον,
1788 1024 1837 1050 καὶ

1052 1066 1186 1100 ἀφήκατε
1201 1066 1237 1093 τὰ
1247 1067 1401 1101 ,βαρύτερα
1412 1067 1465 1094 τοῦ
1479 1069 1586 1102 νόμου,
1599 1067 1658 1101 τὴν
1673 1069 1775 1103 κρίσιν
1790 1069 1838 1095 καί

1052 1110 1085 1138 τὸ
1097 1111 1193 1144 ἕλεος,
1210 1111 1261 1138 καὶ
1272 1111 1330 1145 τὴν
1347 1112 1461 1138 πίστιν.
1483 1112 1612 1146 Καίτοιγε
1631 1113 1704 1139 κατὰ
1719 1113 1763 1140 τὸν
1789 1113 1839 1147 τῆς

1051 1154 1219 1185 ἀποστασίας
1233 1155 1311 1189 λόγον
1327 1156 1378 1182 οὐκ
1388 1156 1431 1190 ἐφ’
1448 1153 1489 1188 οἷς
1502 1156 1663 1192 παρεὼρουν
1677 1158 1712 1184 τὰ
1723 1157 1770 1184 τοῦ
1788 1159 1833 1185 νό-

1053 1209 1116 1236 μου,
1131 1201 1188 1228 ἀλλ’
1202 1202 1230 1228 ὲν
1247 1198 1288 1233 οἷς
1302 1201 1433 1237 ἔστεργον
1445 1203 1494 1234 τὰς
1507 1203 1676 1239 εἰσπράξεις,
1697 1203 1750 1230 ἔδει
1775 1204 1839 1231 τού-

1051 1254 1114 1278 τους
1129 1246 1314 1274 ἀπαιτεῖσθαι.
1331 1247 1365 1274 ‘A
1379 1247 1434 1281 γὰρ
1449 1248 1500 1274 οὐκ
1511 1247 1569 1275 ἐστι
1583 1248 1623 1283 τῷ
1643 1249 1752 1284 ’Δγαθῷ
1772 1250 1837 1284 ἀρε-

1053 1292 1114 1325 στὰ,
1130 1292 1232 1319 τούτων
1242 1292 1337 1332 ὥσπερ
1354 1294 1370 1328 ὴ
1390 1293 1489 1329 πρᾶξις
1504 1295 1533 1321 ὲν
1550 1294 1676 1327 εὐθύναις
1689 1296 1754 1327 τοὺς
1778 1295 1837 1322 ἐλο-

1054 1337 1150 1372 μένους
1164 1338 1267 1372 ἀπάγει
1280 1337 1348 1373 (49),
1366 1337 1453 1371 οὕτως
1476 1340 1492 1374 ἡ
1510 1339 1583 1375 φυγὴ
1604 1340 1694 1374 πάσης
1708 1341 1838 1375 ἀνωτέρω

1051 1381 1158 1416 τίθησιν
1167 1382 1269 1413 αἰτίας.
1289 1381 1358 1409 Ἀλλ’
1374 1383 1388 1408 ὁ
1402 1383 1499 1418 Σωτὴρ
1516 1383 1605 1418 ἡμῶν,
1621 1383 1635 1410 ὁ
1649 1384 1701 1418 τῆς
1715 1385 1837 1416 Παλαιᾶς

1051 1426 1146 1462 ὥσπερ
1153 1427 1200 1454 καὶ
1207 1428 1256 1462 τῆς
1265 1428 1369 1463 Καινῆς
1385 1427 1479 1463 κύριος
1495 1429 1625 1464 ὑπάρχων
1639 1430 1684 1456 καὶ
1694 1429 1836 1464 δεσπάτης,

1051 1472 1123 1499 κατὰ
1138 1473 1187 1508 τῆς
1216 1474 1432 1509 νεωτεριζούσης
1463 1474 1591 1506 ἀσεϐείας
1623 1475 1722 1510 μᾶλλον
1747 1476 1764 1510 ἢ
1788 1476 1835 1510 τῆς

1057 1516 1203 1552 Ἰουδαϊκῆς
1222 1517 1368 1553 ὀλιγωρίας
1394 1517 1442 1553 τὴν
1471 1517 1561 1552 ψῆφον
1581 1518 1691 1553 ἐκφέρει
1704 1525 1710 1531 ·
1743 1517 1838 1545 Ταῦτα

1051 1562 1106 1597 γὰρ
1114 1561 1186 1593 ἔδει,
1198 1562 1275 1597 φησὶ,
1288 1562 1424 1596 ποιῆσαι,
1436 1562 1560 1590 κάκεῖνα
1566 1563 1609 1597 μὴ
1621 1562 1750 1597 ἀφιέναι,
1763 1563 1837 1598 νόμῳ

1051 1607 1098 1633 τὸν
1113 1607 1195 1642 νόμον
1209 1608 1253 1633 τὸν
1270 1606 1385 1633 παλαιὸν
1395 1606 1433 1642 τῷ
1444 1607 1496 1642 νέῳ
1510 1608 1612 1643 σφόδρα
1627 1608 1673 1634 καὶ
1690 1607 1760 1643 μετά
1772 1607 1836 1634 πολ-

1051 1652 1100 1687 λῆς
1130 1653 1350 1687 ἀσφαλισάμενος
1371 1653 1420 1688 τῆς
1443 1653 1612 1688 κυριότητος.
1642 1653 1673 1679 El
1699 1650 1745 1680 οὖν
1772 1653 1837 1688 παρ’

1051 1697 1173 1730 ἐκείνων,
1193 1698 1235 1724 ὃτι
1247 1698 1282 1724 τὰ
1299 1697 1384 1733 ἡμίση
1399 1698 1551 1733 παρεώρων
1561 1697 1617 1723 τῶν
1629 1697 1762 1732 νομίμων,
1790 1706 1838 1732 τη-

1051 1745 1183 1780 λικαύτην
1195 1746 1293 1780 δίκηνὸ
1310 1745 1413 1777 δίκαιος
1427 1746 1524 1780 κριτὴς
1539 1745 1684 1780 λαμϐάνει,
1712 1746 1776 1780 ὑμῖν
1796 1746 1837 1778 τίς

1051 1793 1084 1820 ἂν
1099 1792 1234 1829 ὲξαρκέσῃ
1249 1791 1340 1818 δοῦναι
1352 1791 1399 1818 καὶ
1416 1791 1501 1818 ταῦτα
1515 1791 1600 1823 οὕτως
1613 1791 1710 1826 ἀνέδην
1733 1792 1784 1818 οὐκ
1808 1792 1839 1824 ἐξ

1052 1837 1209 1872 ὀλιγωρίας,
1225 1837 1283 1863 ἀλλ’
1299 1837 1327 1870 ἐξ
1342 1836 1501 1872 ἀπεχθείας,
1518 1837 1653 1872 θεομάχον
1671 1837 1838 1873 τηλικαύτην

1052 1883 1132 1918 ὕϐριν
1143 1883 1214 1909 κατὰ
1229 1882 1338 1909 πάντων
1346 1883 1581 1918 ἀπορρίπτουσιν;
1599 1883 1652 1910 Καὶ
1667 1884 1691 1910 εί
1716 1884 1838 1915 ἐκείνους

1051 1928 1114 1959 τοὺς
1139 1927 1195 1954 τῶν
1217 1927 1365 1962 προφητῶν
1378 1927 1586 1962 οἰκοδομοῦντας
1605 1929 1717 1962 τάφους,
1741 1928 1788 1955 καὶ
1804 1928 1838 1954 τὰ

1051 1974 1105 2001 τῶν
1121 1974 1233 2000 δικαίων
1249 1975 1370 2008 μνημεῖα
1385 1974 1565 2009 κοσμοῦντας,
1584 1974 1631 2000 καὶ
1650 1974 1727 2010 μέρει
1740 1974 1793 2000 τινὶ
1808 1974 1837 2000 τὸ

1052 2020 1101 2055 τῆς
1116 2019 1260 2050 εὐλαϐείας
1278 2021 1370 2054 σχῆμα
1384 2019 1640 2054 περιϐαλλομένους,
1660 2019 1709 2054 τῆς
1732 2027 1839 2054 προφηο

1051 2065 1179 2092 τοκτόνου
1201 2065 1306 2100 σπορᾶς
1325 2065 1488 2097 ἀνευθύνους
1506 2066 1555 2091 οὐκ
1584 2066 1707 2100 ἀφίησιν,
1724 2066 1780 2092 ἀλλ’
1798 2066 1839 2092 ὅτι

1051 2112 1101 2143 τὰς
1116 2110 1228 2146 γνώμας
1261 2110 1329 2145 πρὸς
1350 2111 1399 2145 τὴν
1423 2111 1554 2146 πατρῷαν
1584 2111 1741 2146 μιαιφονίαν
1763 2112 1838 2138 οὐδὲν

1052 2156 1166 2192 ἐχούσας
1182 2155 1378 2190 εὐλαϐέστερον
1393 2155 1502 2192 ἔφερον,
1528 2157 1575 2183 καὶ
1603 2157 1749 2192 τιμωρίαις
1765 2157 1838 2183 ἀπα-

210 2204 315 2229 cturam
324 2200 509 2235 sepulcrorum
523 2206 873 2236 monumentorumquevos
886 2209 1000 2229 conver-

1055 2201 1200 2236 ρακλήτοις
1231 2199 1389 2233 ὑποϐάλλει,
1418 2200 1489 2234 ὑμᾶς
1507 2201 1577 2226 κατὰ
1607 2199 1662 2226 τῶν
1690 2199 1838 2234 προφητῶν

211 2247 278 2278 titis,
302 2247 349 2274 sed
366 2246 565 2281 implacabilem
583 2249 678 2273 contra
693 2253 741 2273 eos
751 2247 834 2273 etiam
851 2251 912 2281 post
928 2255 1001 2274 mor-

212 2297 265 2319 tem
287 2291 455 2318 inimicitiam
471 2295 499 2318 et
517 2291 644 2325 iujuriam
663 2298 803 2325 nunquam
818 2291 1001 2325 superandam

211 2337 365 2365 exercetis?
387 2336 464 2368 Quod
491 2336 513 2363 si
546 2343 610 2363 vero
634 2336 696 2362 mali
724 2336 851 2370 principii
880 2336 1002 2364 cultores

211 2383 329 2411 fuissent
349 2384 489 2418 propheta:
503 2383 599 2415 divini,
629 2390 683 2410 non
705 2382 794 2409 solum
819 2390 872 2410 non
887 2383 1002 2410 decebat

211 2429 394 2456 maledictioni
422 2429 556 2464 subjicere
587 2428 629 2456 vel
658 2428 795 2456 occisores
819 2436 926 2461 eorum,
957 2429 1000 2456 vel

211 2475 362 2501 occisorum
376 2480 511 2509 posteros,
534 2481 636 2508 eosque
655 2473 689 2500 ad
710 2481 819 2507 poenam
832 2481 938 2508 rapere,
951 2473 1000 2501 sed

211 2520 302 2554 potius
325 2521 432 2547 eximiis
458 2525 577 2548 mactare
604 2519 767 2547 honoribus.
797 2519 832 2546 At
860 2519 1001 2547 enimvero

212 2564 300 2596 bonus
317 2564 523 2607 hominumque.
538 2573 632 2592 amans
659 2565 788 2591 Servator
815 2567 919 2597 noster,
936 2571 1001 2591 suo-

213 2618 327 2645 rumque
340 2610 410 2637 uhor
422 2618 574 2644 servorum,
588 2618 642 2638 non
659 2611 747 2638 solum
761 2610 787 2637 in
803 2609 905 2644 primos
919 2610 1001 2637 caedis

253 2667 276 2684 ³⁸
289 2667 386 2695 Matth.
405 2675 483 2696 xxtlt.
500 2668 544 2695 25.
584 2669 606 2685 ³⁸
621 2667 686 2695 ibid.
707 2667 751 2694 2!.

1051 2246 1120 2272 πολὺ
1138 2245 1218 2271 πλέον
1233 2244 1346 2271 ἐκείνων
1376 2245 1597 2279 μιαιφονοῦντας,
1625 2245 1672 2270 καὶ
1697 2244 1726 2270 οὺ
1757 2244 1838 2278 μόνον

1051 2291 1119 2327 πρὸς
1146 2291 1290 2325 οἰκοδομὴν
1318 2291 1412 2325 τάφων
1433 2291 1480 2317 καὶ
1500 2290 1641 2326 μνημείων
1670 2290 1838 2325 ἐπιστροφήν

1050 2345 1111 2363 τινα
1137 2337 1308 2372 δεχομένους,
1326 2335 1391 2362 ¹ἀλλ’
1422 2336 1555 2364 ἄσπονδον
1585 2336 1635 2370 τὴν
1660 2335 1720 2362 κατ’
1747 2336 1838 2362 αὐτῶν

1050 2381 1148 2417 ἔχθραν
1173 2372 1316 2416 καίμετὰ
1331 2381 1456 2412 Θάνατον,
1488 2381 1535 2407 καὶ
1560 2379 1609 2415 τὴν
1632 2379 1838 2414 ἀνυπέρϐλητον

1050 2427 1231 2463 κρατύνοντες
1252 2427 1342 2462 ὓϐριν,
1365 2427 1407 2458 τίς
1420 2426 1452 2453 ἂν
1464 2426 1586 2462 τιμωρία
1599 2426 1648 2460 τὴν
1665 2425 1743 2458 δίκην
1756 2425 1835 2459 εὐρε-

1050 2471 1110 2508 θείη
1130 2472 1168 2508 μὴ
1188 2473 1255 2500 πολὺ
1271 2473 1376 2500 ἐλάττω
1401 2472 1448 2498 τοῦ
1475 2472 1650 2507 τολμήματος
1666 2470 1835 2498 ἀπαιτοῦσα·

1052 2519 1162 2554 Καίπερ
1177 2520 1201 2546 εί
1218 2521 1267 2554 τῆς
1279 2518 1469 2553 κακεργέτιδος
1483 2516 1552 2554 ἦσαν
1559 2518 1584 2544 ol
1596 2517 1719 2552 θεοφόροι
1731 2516 1836 2552 προφῆ-

1050 2574 1094 2592 ται
1112 2565 1290 2599 θεραπευταὶ,
1305 2564 1337 2590 οὐ
1351 2562 1432 2599 μόνον
1448 2564 1499 2590 οὐκ
1517 2564 1601 2599 ἐχρῆν
1617 2564 1696 2599 ἀραῖς
1716 2561 1836 2601 ὑποϐάλέ

1051 2608 1145 2635 λεσθαι
1161 2608 1223 2636 οὔτε
1239 2610 1302 2642 τοὺς
1316 2609 1461 2642 ἀνελόντας
1480 2609 1592 2641 αὐτοὺς,
1616 2608 1677 2636 οὒτε
1695 2608 1744 2643 μὲν
1773 2607 1837 2647 τοὺς

762 2737 881 2766 VARI/1'1
901 2736 1092 2765 LECTIONES
1111 2737 1155 2765 ET
1170 2736 1287 2765 NOT/E.

255 2807 310 2843 (ιθ)
334 2806 465 2846 ᾍπάγει.
482 2807 520 2834 Ita
531 2807 626 2846 scripsi
649 2814 698 2840 pro
713 2807 838 2846 _\')7::'XYE'.,
875 2806 946 2841 quod
966 2814 1000 2834 ms

1051 2807 1167 2835 neudosc
1186 2806 1356 2842 praeferebat.
1387 2805 1443 2834 Hoc
1473 2805 1544 2833 enim
1569 2804 1682 2833 verbum
1708 2812 1770 2832 cum
1794 2812 1838 2832 sc-

221 2842 321 2879 quente
337 2844 481 2878 ἑλομένους
495 2842 621 2877 coniungi
637 2842 742 2876 nequit.
